2185 3153
802 349 1113 440 gemmis

812 482 865 511 AD
888 480 1083 510 HOMILIAS

385 563 459 619 S.
498 559 897 619 JOANNIS
926 557 1559 616 CERYSOSTOMI

756 659 814 701 IN
847 659 1140 699 JOANNEM.

739 746 937 762 -ς

939 742 1125 764 οὒ,-

1131 749 1275 759 _———<

179 806 224 836 Ad
246 805 395 835 homilias
417 805 449 835 in
475 805 685 844 Evangelium
703 805 837 834 Joannis
854 803 982 834 tandem
997 803 1203 844 devenimus,
1217 804 1271 833 ubi
1286 812 1403 833 novum
1416 812 1554 844 prorsus
1569 806 1781 837 concionandl

138 846 248 881 ritum,
264 845 428 875 insolitam
437 842 704 883 deprehendimus
719 844 895 874 disserendi
915 844 1084 874 rationem.
1099 842 1221 883 Stylum
1232 843 1475 883 isaneeumdcm
1487 844 1660 880 cernimus,
1671 845 1784 876 dictio-

139 894 212 914 nem
228 894 362 922 prorsus
383 881 538 919 similem;
558 883 768 922 eumdemque
784 883 890 913 statim
907 883 1114 922 agnoscimus
1130 881 1252 912 dicendi
1269 881 1422 922 artiﬁcem
1442 882 1707 922 Chrysostomum
1724 895 1732 914 :
1750 886 1783 915 in

138 921 252 954 ordine
266 927 373 954 autem
390 923 612 963 etargumenti
630 923 755 953 ratione
771 931 887 962 magna
904 921 1278 963 seseioﬂ'ert‘diversitas».
1294 921 1328 951 In
1348 922 1468 952 caeteris
1486 921 1626 961 namque
1641 923 1673 953 in
1692 923 1783 954 Scri-

138 966 268 1001 pturam
284 971 409 993 sacram
423 961 668 993 Commentariis
681 984 689 998 ,
706 963 911 1000 maximeque
930 962 963 992 in
979 961 1127 992 Homiliis
1145 962 1177 990 in
1188 961 1383 1002 ltlattlneum,
1395 965 1566 1002 postquam
1581 963 1784 1002 singulorum

139 1011 293 1032 versuum
308 1003 434 1032 literam
450 1002 647 1041 explanavit,
668 1002 838 1032 occasione
854 1010 894 1031 ex
913 1002 995 1032 serie
1010 1004 1149 1040 sumpta,
1166 1001 1204 1031 ad
1219 1009 1344 1041 morum
1355 1001 1621 1041 informationem
1634 1001 1766 1041 speetan

139 1042 181 1071 tia
199 1042 298 1072 multa
314 1042 476 1071 interserit
489 1040 501 1077 ;’
512 1046 610 1079 atque
621 1042 653 1071 in
669 1041 732 1071 line
746 1041 910 1071 concionis
923 1041 1145 1081 longissimam
1158 1040 1312 1081 moralem
1324 1040 1580 1081 adhortationem
1589 1040 1708 1080 adjicit,
1718 1051 1784 1081 qua

139 1083 170 1110 et
187 1090 356 1120 procerum
370 1084 400 1110 et
417 1082 621 1119 popularium
638 1081 714 1111 vitia
731 1081 922 1116 insectatur,
939 1085 1036 1118 atque
1051 1080 1089 1111 ad
1110 1081 1257 1110 virtutem
1267 1080 1452 1120 adeundam
1469 1080 1616 1110 stimulos
1633 1080 1783 1112 addiLIn

139 1119 226 1150 hisce
241 1122 345 1150 autem
361 1121 392 1150 in
404 1121 562 1151 Joannem
576 1120 723 1150 Homiliis
733 1120 797 1150 alio
809 1120 1020 1150 concionaudi
1031 1128 1148 1157 genere
1160 1119 1311 1157 procedit.
1325 1119 1446 1159 Passim
1460 1128 1599 1157 namque
1613 1124 1785 1159 postquam

122 1165 124 1167 '
140 1159 285 1197 singulos
303 1169 414 1190 versus
428 1160 553 1196 attulit,
571 1160 708 1197 illosque
726 1159 865 1190 maxime
879 1168 961 1197 quos
977 1159 1150 1189 Catholicis
1167 1158 1307 1189 haeretici
1321 1158 1452 1197 quidam
1466 1159 1607 1197 objicere
1622 1158 1783 1194 solebant.

139 1200 303 1228 auditores
318 1207 394 1228 suos
410 1199 565 1230 adversus
582 1199 711 1228 illorum
727 1202 918 1238 argumenta
933 1202 964 1228 et
979 1199 1178 1236 sophismata
1194 1198 1298 1227 munit
1316 1198 1533 1236 roboratque;
1550 1201 1647 1237 atque
1661 1202 1696 1229 ut
1712 1202 1785 1229 sta—

138 1238 195 1267 tim
209 1238 470 1276 deprehenditur,
487 1238 525 1268 iis
539 1238 594 1277 qui
608 1240 719 1268 contra
733 1238 840 1268 hostes
856 1238 1039 1277 hujusmodi
1057 1246 1140 1276 saepe
1149 1246 1263 1277 manus
1273 1238 1497 1274 conserebant,
1508 1245 1599 1268 arma
1609 1238 1782 1269 ministrat.

140 1277 197 1308 Hic
212 1286 328 1315 scopus
343 1279 481 1308 oratoris
494 1276 689 1316 praecipuus,
702 1286 739 1307 eo
754 1286 869 1307 nervos
885 1276 995 1307 omnes
1010 1277 1183 1311 contendit,
1198 1279 1234 1306 ut
1248 1276 1465 1307 Christianum
1481 1276 1626 1314 militem,
1637 1278 1692 1316 qui
1705 1286 1782 1317 pas—

138 1317 200 1347 sim
215 1320 327 1347 contra
342 1317 508 1347 hiereticos
522 1317 716 1353 decertabat,
732 1317 770 1347 ad
784 1317 915 1346 illorum
930 1317 1118 1355 depellenda
1135 1316 1198 1346 tela
1213 1316 1370 1346 instituat.

178 1356 254 1386 Haec
269 1364 366 1394 porro
384 1365 448 1386 non
463 1357 495 1386 in
511 1357 661 1386 omnibus
678 1356 816 1386 homiliis
830 1359 1018 1391 occurrunt,
1038 1356 1092 1386 sed
1108 1356 1139 1385 in
1157 1356 1195 1385 iis
1212 1358 1336 1385 tantum
1352 1355 1406 1385 ubi
1425 1363 1464 1385 ea
1483 1355 1617 1385 Joannis
1635 1355 1707 1386 loca
1719 1364 1783 1386 ex-

137 1395 314 1434 plicantur,
331 1404 402 1433 qua)
420 1396 471 1425 vel
491 1396 531 1426 ad
551 1395 766 1433 mqualitatem
788 1395 1221 1434 consubstantialitatemque
1239 1395 1342 1434 Patris
1356 1397 1387 1434 et
1405 1394 1477 1423 Filii
1493 1394 1693 1434 probandam
1708 1398 1784 1434 apta
1800 1413 1805 1420 ι

137 1404 314 1434 plicantur,
331 1404 402 1433 qua)
420 1404 471 1425 vel
491 1404 531 1426 ao
551 1404 766 1433 sequantatem
788 1404 1221 1433 consuosranuantatemque
1239 1404 1341 1424 .l'all'ls
1356 1404 1387 1424 et
1406 1404 1693 1462 rnnpronanaam
1708 1404 1784 1464 asta

137 1437 227 1470 sunt,
244 1435 293 1465 vel
308 1443 380 1473 quae
393 1436 434 1465 ab
448 1434 604 1465 haereticis
621 1434 660 1464 ad
676 1434 763 1464 illam
778 1433 1031 1473 impugnandam
1047 1434 1301 1473 usurpabautur.
1320 1433 1376 1463 Ubi
1396 1441 1471 1463 vero
1507 1442 1524 1463 e
1541 1433 1708 1464 divinitate
1748 1443 1785 1465 e-

137 1483 203 1513 que
223 1475 559 1504 consubstantialitate
580 1474 652 1503 Filii
674 1482 738 1503 non
761 1472 885 1512 agitur,
906 1474 1030 1503 literam
1049 1473 1101 1513 ille
1118 1472 1228 1511 paucis
1237 1473 1433 1513 plerumque
1446 1473 1611 1512 explanat.
1626 1474 1783 1505 Moralem

138 1522 271 1551 quoque
281 1513 482 1552 disciplinam
503 1514 587 1543 inter
601 1513 859 1543 concionandum
872 1513 978 1543 rarius
991 1512 1135 1551 attingit,
1152 1512 1406 1552 concionemque
1428 1512 1617 1543 brevissima
1633 1513 1786 1545 adhortao

139 1552 226 1583 tione
246 1551 512 1587 moraliclaudit;
532 1553 575 1582 ita
587 1555 621 1582 ut
637 1553 685 1582 ha:
701 1552 733 1582 in
746 1552 903 1583 Joannem
916 1552 1102 1588 conciones,
1115 1551 1244 1582 dimidia
1259 1551 1325 1582 fere
1336 1551 1386 1581 sui
1403 1554 1492 1590 parte
1509 1552 1648 1584 minores
1662 1556 1696 1583 ut
1712 1553 1784 1592 plu-

139 1591 258 1622 rimum
271 1592 336 1622 sint
350 1592 498 1622 Homiliis
512 1593 543 1622 in
560 1592 756 1622 Matthaeum.

180 1631 261 1677 flinc
272 1631 430 1677 certejam
447 1631 554 1677 multas
564 1632 969 1677 exsurguntquzesliones}
982 1631 1119 1677 quinam
1129 1639 1243 1677 nempe
1254 1630 1480 1677 siut_hm£etici,
1494 1631 1550 1677 qui
1563 1631 1784 1671 Chrysostomi

139 1671 302 1701 auditores
320 1670 389 1700 telis
407 1680 448 1701 ex
463 1671 596 1701 Joannis
612 1670 788 1710 Evangelio
800 1671 977 1709 desumptis
992 1670 1187 1709 impetebant
1201 1681 1209 1705 ;
1224 1679 1282 1700 cur
1296 1670 1367 1700 illos
1378 1670 1708 1709 Chrysostomus’non
1725 1680 1783 1701 no-

141 1710 239 1749 minet
255 1720 262 1739 :
278 1719 319 1740 ex
333 1718 397 1747 qua
413 1709 534 1740 familia
547 1710 608 1740 orti
625 1710 657 1740 hi
674 1709 812 1740 haeretici
833 1713 961 1746 essent;
980 1710 1098 1749 quibus
1116 1710 1256 1740 maxime
1274 1711 1474 1749 argumentis
1491 1710 1687 1749 obiectiones
1701 1711 1785 1741 luci—

140 1748 289 1788 fugarum
307 1749 517 1780 conlutaudas
538 1758 609 1779 esse
628 1750 750 1780 doceat.
772 1749 846 1780 Haec
863 1758 961 1788 porro
980 1748 1090 1780 omnia
1114 1749 1296 1787 expendere
1314 1748 1379 1779 non
1398 1748 1539 1788 pigebit,
1555 1752 1726 1788 postquam
1745 1751 1784 1781 de

140 1797 276 1818 numero
289 1789 502 1819 Homiliarum
516 1789 549 1818 in
562 1789 733 1825 Joannem,
748 1789 785 1819 de
799 1790 879 1819 urbe
892 1789 925 1819 in
938 1797 1004 1828 qua
1015 1789 1082 1820 haec
1095 1788 1304 1819 concionatus
1319 1791 1378 1826 est,
1390 1788 1428 1819 de
1442 1789 1606 1819 concionis
1624 1789 1716 1826 hora,
1731 1789 1784 1820 de-

139 1836 203 1865 que
214 1828 286 1858 aliis
301 1828 466 1859 nonnullis
481 1828 627 1867 quaedam
645 1829 903 1867 praamiserimus.

138 1888 194 1925 ﬁl.
222 1888 250 1918 1.
272 1888 316 1918 De
335 1897 462 1919 numero
482 1889 693 1919 Homiliarum
716 1890 749 1920 in
767 1890 930 1930 Joannem.
949 1889 979 1918 2.
1003 1890 1075 1930 ρης
1088 1889 1121 1918 in
1145 1888 1217 1930 urbe
1239 1889 1328 1930 hasce
1349 1889 1493 1920 homilt’as
1515 1888 1657 1919 habuerit
1680 1889 1784 1930 Chry-

582 1933 744 1962 soslomus,
762 1929 981 1962 Antiochiwne,
998 1938 1038 1958 an
1053 1928 1336 1968 Constantinopoli.

181 1979 209 2007 1.
226 1978 373 2008 Homilize
385 1978 416 2008 in
429 1978 585 2009 Joannem
596 1978 680 2017 apud
697 1979 852 2009 Savilium
867 1979 1029 2018 octoginta
1043 1982 1114 2009 octo
1127 1978 1284 2014 feruntur.
1297 1979 1382 2018 apud
1395 1979 1565 2010 Morellum
1581 1985 1688 2011 aulem
1700 1984 1786 2010 octo-

139 2019 228 2056 ginta
253 2021 374 2058 septem
388 2020 510 2058 tantum
523 2040 531 2053 ,
547 2018 806 2058 quandoquidem
823 2019 974 2048 Morellus
992 2018 1127 2057 primam
1143 2019 1289 2057 prommii
1309 2022 1433 2049 tantum
1460 2019 1531 2050 loco
1555 2020 1663 2058 ponit,
1677 2029 1782 2058 nche

141 2059 230 2087 illam
246 2057 418 2087 Homiliam
431 2056 565 2095 primam
585 2057 730 2087 inscribit
744 2079 751 2093 ,
768 2059 844 2096 quia
860 2056 1006 2089 videlicet
1022 2059 1102 2088 nihil
1116 2056 1152 2088 de
1163 2058 1339 2097 Evangelia
1353 2059 1487 2090 Joannis
1504 2059 1537 2089 in
1551 2056 1611 2090 hac
1626 2056 1784 2089 concione

140 2096 459 2137 explicatur,estque
475 2098 598 2137 tantum
617 2097 710 2135 quasi
731 2097 918 2135 praeludium
932 2097 971 2128 ad
993 2098 1241 2137 explicationem
1257 2096 1399 2137 ejusdem
1414 2098 1594 2137 Evangelii.
1611 2099 1731 2128 Verum
1747 2103 1784 2129 ut

141 2139 177 2165 ut
189 2145 239 2166 res
254 2138 303 2166 est
315 2158 322 2169 .
340 2136 400 2165 hoc
413 2135 601 2174 pronamium
616 2144 678 2165 non
694 2137 800 2167 minus
816 2137 928 2167 concio
944 2140 974 2167 et
991 2135 1122 2167 homilia
1136 2140 1183 2166 est
1196 2159 1203 2170 ,
1221 2135 1318 2174 quam
1330 2139 1453 2167 creterra
1467 2135 1638 2175 sequentes
1653 2139 1782 2168 concio-

142 2184 209 2205 nes.
220 2175 360 2215 Namhic
373 2175 526 2215 populum
545 2176 732 2214 alloquitur,
747 2176 786 2206 ad
799 2177 947 2206 virtutem
960 2177 1119 2209 hortatur,
1134 2184 1152 2206 a
1165 2176 1247 2206 vitiis
1260 2179 1359 2211 arcet,
1374 2176 1549 2215 omniaque
1560 2177 1781 2208 concionantis

143 2215 251 2253 implet
266 2214 380 2244 ofﬁcia.
394 2214 608 2251 Quamobrem
621 2215 694 2251 jure
713 2215 799 2245 illam
811 2216 948 2246 Savilius
967 2216 1129 2254 inscripsit
1141 2216 1313 2245 Homiliam
1330 2216 1466 2253 primam
1485 2226 1492 2244 :
1515 2225 1610 2252 quem
1629 2217 1721 2254 sequi
1738 2217 1782 2246 vi-

141 2262 213 2284 sum
229 2257 287 2284 est.
304 2254 422 2283 Verum
437 2254 514 2292 quia
529 2254 652 2284 Morelli
669 2254 771 2284 Editio
782 2277 789 2290 ,
806 2264 878 2293 quae
891 2263 909 2284 a
924 2255 1031 2284 multis
1048 2256 1141 2284 annis
1160 2254 1304 2293 omnium
1320 2254 1467 2283 manibus
1486 2255 1611 2289 teritur,
1632 2257 1668 2284 ut
1680 2255 1782 2293 pluri-

141 2302 230 2324 mum
251 2301 269 2322 a
290 2292 498 2331 scriptoribus
516 2293 649 2323 affertur
667 2294 699 2323 in
722 2294 878 2328 medium,
896 2294 984 2331 iique
999 2293 1175 2323 secundum
1189 2292 1414 2323 Morellianam
1433 2293 1612 2324 Editionem
1629 2292 1780 2325 homilias

144 2335 333 2372 numerant;
350 2341 485 2371 eamque
497 2355 504 2369 ,
521 2333 660 2371 exempli
674 2341 784 2368 causa,
802 2333 987 2372 vigesimum
1002 2341 1120 2363 nonam
1140 2332 1331 2368 inscribunt,
1347 2341 1420 2371 quae
1434 2333 1611 2364 secundum
1625 2333 1780 2365 Savilium

140 2375 172 2401 ct
186 2371 364 2413 secundum
373 2380 481 2413 veram
497 2372 690 2413 numerandi
704 2371 861 2403 rationem
881 2372 1043 2413 trigesima
1062 2375 1126 2409 est,
1143 2373 1174 2402 in
1196 2380 1321 2403 summa
1344 2373 1460 2411 pagina
1476 2376 1649 2413 utrumque
1663 2382 1780 2404 nume-

141 2421 211 2441 rum
226 2412 272 2442 sic
286 2412 453 2442 attulimus
470 2421 476 2440 :
493 2412 635 2442 lIomilia
648 2412 806 2451 trigesima
820 2413 862 2443 al.
876 2412 1023 2451 vigesima
1035 2421 1128 2446 nona.
1147 2415 1177 2443 et
1191 2413 1234 2442 ita
1248 2421 1379 2451 quoque
1395 2412 1426 2442 in
1440 2413 1523 2443 aliis.

179 2452 270 2492 Hanc
285 2459 382 2492 porro
396 2451 584 2492 numerandi
600 2451 786 2492 varietatem
801 2460 865 2481 non
881 2461 951 2492 esse
965 2455 1125 2492 recentem
1142 2452 1254 2482 suadet
1268 2451 1438 2492 Facundus
1455 2452 1708 2489 Hermianensis,
1722 2456 1777 2492 qui

139 2490 222 2520 libro
239 2491 275 2525 3,
295 2499 321 2520 c.
341 2490 375 2525 3,
391 2500 420 2529 p.
437 2489 492 2519 11ῐι
504 2512 511 2526 ,
529 2490 763 2530 sexagesimam
779 2494 902 2521 sextam
922 2491 997 2521 dicit
1011 2500 1081 2521 eam
1095 2500 1166 2529 qua;
1185 2500 1257 2521 vere
1271 2491 1474 2530 sexagesima
1485 2492 1620 2530 septima
1638 2495 1697 2522 est.
1714 2489 1779 2523 Ve—

139 2539 210 2571 rum
226 2530 327 2571 altera
342 2530 437 2571 etiam
454 2530 642 2571 numerandi
658 2531 742 2571 ratio
757 2555 762 2566 ,
779 2539 851 2569 qua:
868 2539 942 2571 vera
953 2531 1067 2571 utique
1084 2534 1142 2566 est,
1161 2530 1246 2568 apud
1266 2530 1346 2560 alios
1372 2530 1403 2560 in
1426 2540 1486 2571 usu
1509 2531 1608 2562 fuisse
1623 2539 1781 2571 compro—

142 2570 246 2600 batur.
268 2569 468 2608 Ephriemius
483 2570 566 2599 enim
590 2570 809 2600 Antiochenus
844 2570 1037 2600 undecimam
1071 2572 1220 2600 numerat
1248 2578 1319 2599 eam
1343 2578 1415 2608 qua:
1436 2570 1501 2608 jam
1524 2569 1778 2602 undecima‘est.

139 2609 503 2677 zizinelquewnumerandi
525 2609 683 2639 rationem
710 2612 891 2648 sequuntur
911 2609 1041 2640 Codices
1067 2609 1167 2640 Graaci
1191 2609 1399 2649 manuscripti
1413 2631 1421 2646 ,
1443 2618 1525 2649 quos
1547 2610 1702 2641 hactenus
1725 2612 1778 2643 vi—

160 2658 213 2677 (‘I‘C
243 2657 305 2677 lCllI
324 2669 331 2676 .

160 2658 213 2678 ere
230 2648 331 2677 licuit.

179 2688 207 2716 2.
227 2687 336 2717 Altera
355 2688 667 2726 exsurgitquiestio,
692 2697 733 2718 an
753 2688 899 2719 videlicet
920 2688 1096 2719 Antiochia:
1112 2711 1119 2722 .
1144 2697 1185 2719 an
1209 2688 1487 2727 Constantinopoli
1509 2689 1606 2720 hasce
1626 2689 1775 2722 bomilias

140 2727 388 2769 Chryspstqmus
404 2727 563 2769 habuerit.
582 2726 654 2769 {lira
669 2728 790 2769 inrurbe
803 2731 848 2758 tot
858 2728 1028 2769 conciones
1043 2729 1159 2769 habita:
1172 2728 1247 2764 sint,
1259 2728 1291 2769 in
1305 2728 1382 2767 ipsis
1393 2726 1601 2760 concionibus
1614 2738 1776 2769 nusquam

140 2766 377 2809 deprehendere
390 2766 572 2809 potuimus.
587 2767 666 2809 Nam
683 2768 708 2797 si
725 2776 790 2806 qua
806 2771 913 2798 essent
931 2768 1013 2798 unde
1029 2768 1246 2806 conjecturam
1261 2766 1561 2809 dueerepo_s_s_emus
1573 2791 1581 2804 ,
1602 2777 1643 2799 ex
1660 2766 1777 2809 pérpe»

141 2807 203 2848 tnis
221 2815 334 2848 nempe
351 2806 587 2848 velitationibus
597 2806 752 2838 adversus
767 2816 820 2837 eos
836 2808 890 2848 qui
905 2816 1014 2846 parem
1030 2810 1170 2845 paternae
1181 2809 1370 2846 potestatem
1380 2807 1412 2836 in
1424 2806 1505 2848 Filio
1518 2806 1774 2848 esse’negabanl.

141 2844 197 2883 qui
213 2845 578 2885 consubstantialitatem
594 2848 823 2885 oppugnabant
834 2844 1008 2882 {adversus
1025 2844 1195 2877 Anommos
1212 2848 1338 2885 n‘empe,
1354 2854 1436 2884 quos
1452 2847 1573 2885 ubique
1586 2844 1775 2881 inséctatur.

143 2885 172 2912 id
194 2883 324 2922 perinde
341 2883 645 2925 Constantinopoli,
664 2883 761 2925 atque
785 2887 960 2916 Antiochia:
975 2887 1177 2915 observatur.
1198 2886 1233 2915 In
1256 2883 1502 2923 utraqueenim
1519 2883 1646 2918 civitate
1665 2895 1777 2922 contra

145 2926 313 2953 Anoineos
330 2924 516 2954 nominatim
533 2925 739 2955 com-innatus
755 2930 800 2956 est
825 2926 1072 2965 Chrysostomus
1090 2947 1097 2960 ,
1122 2925 1153 2954 in
1176 2928 1314 2963 utraque
1336 2932 1453 2963 magno
1474 2935 1610 2955 numero
1632 2930 1780 2962 Αυυωωδ

310 2971 442 3003 Ριτηοι..
463 2975 519 3003 (in.
547 2975 624 3005 ΗΧ.

1594 2977 1606 3004 1

2088 51 2175 354 fil
