2185 3153
6 0 791 89 ///
822 0 826 1 ε

107 233 138 260 ες
727 224 757 251 ιχ
777 224 932 252 ιυεικκειι
954 227 970 254 ιι

880 224 932 252 agn
954 227 1066 256 notua.
1088 229 1108 257 ι.
1709 226 1743 254 ⁵⁸

109 291 186 322 riunt,
202 294 296 316 omnes
309 290 461 318 accurrunt,
473 288 501 311 ut
513 282 570 318 ejus
582 289 694 317 pugnas,
709 286 805 313 artem,
818 280 898 307 robur

109 341 227 372 spectare
238 333 358 369 possint;
368 331 480 365 hincque
495 329 584 356 videas
598 328 800 356 inttumerorum
812 327 899 354 homi-

109 389 170 409 num
194 380 346 410 theatrum,
369 376 414 412 qui
437 376 462 403 in
484 382 514 402 ea
529 382 559 402 re
581 379 608 401 et
629 374 724 400 utentis
739 377 765 400 et
779 372 900 407 corporis

110 428 196 456 oculis
209 427 259 454 toti
274 424 444 455 incumbunt,
459 427 488 448 ιιι
501 421 565 448 ttiltil
579 420 611 447 ad
625 419 803 454 spectaculum
818 418 899 453 perti-

111 482 176 502 nens
191 481 222 501 se
243 471 378 507 praeterire
392 468 485 503 possit.
500 467 567 494 'l‘uut
581 467 603 493 si
616 466 676 500 quis
690 466 804 492 eximius
821 464 902 490 musi-

110 527 158 547 cus
166 517 356 546 adventaverit,
368 515 393 542 hi
404 521 498 542 omnes
506 513 628 540 similiter
637 511 768 538 tlteatrutn
781 510 887 544 llilplt'lll
893 530 900 541 ,

113 566 254 599 missisque
265 562 388 590 omnibus
407 568 466 596 qua:
481 567 535 595 pnt-
551 558 674 585 manibus
687 557 795 589 ltabent,
808 556 857 583 etsi
871 563 902 582 ea

110 619 182 646 saepe
201 608 351 638 necessaria
364 607 419 634 sint
432 611 458 634 et
475 605 594 640 urgentia
607 624 614 637 ,
636 609 784 631 conscenso
800 601 903 628 theatro

110 657 213 689 sedent,
225 655 395 689 studioseque
406 656 513 680 cantum
523 656 550 678 ct
559 651 800 677 instrumentorum
807 655 902 674 souutn

109 704 291 738 excipientes,
307 700 340 728 de
354 704 528 733 utrorumque
549 700 682 724 concentu
695 695 842 729 disputant.
866 694 902 720 Ita

109 750 218 785 quidem
232 747 322 774 militi.
335 746 385 780 Qui
400 749 488 772 autent
503 744 529 770 in
542 742 681 770 rhetoricis
691 741 768 776 periti
778 744 850 771 sunt,
866 739 905 766 id-

110 797 197 829 ipsum
218 801 281 828 erga
300 791 433 826 sophistas
449 789 486 826 (α)
504 792 641 823 prmstant.
656 786 722 814 Nam
743 785 813 821 apud
839 785 904 812 istos

109 847 218 876 quoque
232 840 335 865 theatra
350 840 412 864 sunt
422 840 449 862 et
461 834 607 866 auditores,
622 833 742 867 plausus,
757 831 903 865 strepitus,

109 893 138 915 et.
157 887 290 914 dictorum
305 890 420 911 examen
432 881 604 916 exquisitum.
620 879 696 913 Quod
712 878 734 906 si
745 877 882 904 rhetorum
896 897 903 909 ,

111 933 248 960 tibicinum
263 930 478 963 atltletarumque
494 933 541 953 seu
556 930 730 960 spectatores,
741 930 788 950 seu
802 922 906 949 audito-

111 986 157 1006 res
171 976 250 1004 simul
263 981 290 1003 et
304 978 477 1009 spectatores,
487 979 547 998 cum
557 975 629 998 tanta
639 970 730 997 sedent
740 968 903 995 attentione:

109 1026 240 1058 quantum
255 1020 345 1052 studii,
361 1022 489 1054 quantum
500 1016 643 1051 diligentia:
657 1022 705 1041 vos
717 1013 845 1041 adhibere
857 1021 906 1047 par

108 1074 156 1096 est
169 1089 177 1101 ,
193 1074 254 1095 cum
270 1066 324 1101 jam
338 1072 390 1092 tton
407 1065 504 1091 tibicen
516 1082 525 1095 ,
540 1070 593 1089 non
606 1060 724 1095 sophista
737 1079 745 1092 ,
760 1058 806 1086 sed
822 1058 861 1085 vir
873 1058 907 1085 de

109 1114 180 1141 ctclo
194 1112 293 1139 tonitru
305 1110 446 1137 clariorem
462 1108 587 1135 etnittens
606 1113 699 1132 vocem
713 1105 721 1120 ¹
732 1125 739 1137 ,
753 1104 786 1131 ad
802 1107 906 1137 specta-

107 1159 202 1186 eulum
215 1164 263 1184 vos
273 1155 384 1183 evocet?
399 1154 495 1181 Totum
510 1152 608 1187 quippe
621 1151 712 1178 orbem
728 1149 778 1176 hoc
792 1149 908 1176 clamore

107 1203 262 1238 occupavit,
273 1199 487 1236 comprehendit;
499 1198 627 1233 implevit,
643 1205 696 1223 non
711 1195 837 1223 clamoris
853 1201 908 1221 ma-

108 1249 262 1285 gnitudittc,
273 1248 320 1276 sed
335 1247 424 1281 lingua
433 1254 467 1273 ex
479 1245 576 1272 divina:
588 1244 681 1279 gratiae
690 1246 762 1269 ntotu
772 1243 906 1276 loquente.

108 1295 244 1330 Quodque
256 1294 354 1321 tnirutn
370 1296 411 1320 est
422 1311 430 1324 ,
450 1295 538 1318 tatttus
555 1290 600 1317 ille
621 1289 722 1316 clamor
733 1308 740 1320 ,
764 1295 816 1315 nou
831 1294 909 1321 asper

109 1347 166 1373 est,
182 1348 235 1369 non
250 1338 384 1372 insuavis,
400 1337 447 1365 sed
462 1336 535 1364 omni
551 1336 651 1363 tnusica
666 1335 804 1362 harmonia
815 1334 910 1369 jucun-

109 1388 175 1415 dior
202 1390 230 1414 et
251 1383 455 1413 desiderabilior
489 1381 669 1417 captandique
699 1380 828 1414 majorem
858 1379 910 1406 vim

112 1433 219 1461 habens
229 1442 236 1459 :
248 1436 377 1467 prtetcrea
391 1429 574 1456 sanctissimus
589 1431 630 1454 est
641 1447 648 1459 ,
661 1430 688 1453 ct
700 1425 842 1452 admodum
860 1429 912 1451 tre-

112 1480 233 1508 tuendus
245 1499 252 1511 ,
265 1483 305 1505 tot
318 1476 424 1504 arcanis
439 1475 533 1510 plenus
544 1495 551 1506 ,
569 1479 607 1501 tot
622 1474 690 1500 bona
704 1471 846 1499 conferens
860 1492 867 1503 ,
884 1475 912 1497 ttt

111 1527 161 1560 qui
176 1524 319 1559 diligenter
333 1522 406 1549 illum
419 1521 557 1555 excipiunt
569 1524 649 1553 atque
661 1522 822 1546 conservant
835 1539 842 1550 ,
859 1524 911 1543 non

111 1572 169 1606 jam
186 1570 307 1597 homines
320 1569 381 1601 sint,
394 1575 447 1595 non
456 1567 510 1602 jam
525 1568 550 1593 in
566 1572 636 1593 terra
650 1569 791 1597 maneant;
807 1563 854 1591 sed
868 1571 914 1590 su-

113 1625 164 1651 pra
179 1615 316 1644 saecularia
328 1613 420 1641 omnia
433 1618 459 1639 et
473 1620 533 1639 cum
545 1611 647 1645 angelis
659 1615 758 1638 sortem
774 1609 912 1641 habentes,

112 1668 218 1689 terrain
235 1660 308 1695 quasi
324 1659 419 1687 ca-luut
436 1658 564 1685 incolant.
579 1656 684 1684 Etenim
705 1656 749 1682 illc
762 1655 869 1682 tonitrui
884 1656 914 1680 li-

110 1708 170 1736 lius
181 1706 279 1744 (Marc.
294 1706 320 1732 5.
337 1705 394 1741 17),
404 1703 510 1730 Christo
521 1703 649 1735 dilectus,
662 1703 785 1729 columna
795 1701 914 1727 omnium

110 1763 178 1790 qua:
194 1755 219 1781 itt
235 1753 300 1780 orbe
315 1756 377 1779 sunt
392 1749 582 1779 Ecclesiarum,
596 1748 641 1782 qui
655 1748 711 1774 carli
723 1747 811 1773 claves
822 1746 912 1778 habet,

111 1802 160 1837 qui
173 1800 209 1828 de
223 1799 306 1827 calice
320 1797 417 1825 Christi
434 1796 515 1828 bibit,
531 1800 558 1822 et
573 1794 631 1828 ejus
649 1794 779 1828 baptismo
795 1792 914 1826 baptiza-

111 1853 160 1874 tus
175 1851 236 1879 est,
253 1845 298 1879 qui
313 1850 373 1871 eum
388 1849 481 1878 magna
497 1840 591 1869 liducia
608 1847 687 1875 supra
705 1844 797 1874 pectus
811 1837 915 1866 Domini

111 1892 255 1923 recubuit,
270 1890 314 1917 hic
330 1890 384 1924 jam
397 1897 445 1916 tios
456 1887 589 1920 convenit;
602 1895 653 1914 non
669 1886 784 1913 fabulam
797 1890 915 1917 acturus,

112 1946 173 1965 non
190 1941 351 1972 personatus
365 1934 468 1962 accedit
483 1934 582 1970 (neque
597 1933 668 1960 enim
685 1933 745 1958 talia
761 1932 917 1966 loquuturus

110 1984 184 2019 est),
203 1991 258 2010 non
277 1982 304 2009 in
317 1986 470 2016 suggestum
487 1980 616 2011 ascendit,
630 1988 681 2006 ttou
696 1978 860 2006 orclteslt‘attt
873 1986 917 2012 pc-

109 2031 148 2057 de
164 2028 295 2064 percutit,
307 2035 360 2054 non
372 2034 452 2054 aurea
467 2026 573 2053 indutus
588 2030 628 2052 est
641 2031 725 2057 veste;
740 2025 787 2052 sed
801 2024 917 2059 ingredi-

111 2082 159 2102 tur
168 2082 236 2103 cum
248 2073 391 2108 singularis
400 2072 605 2107 puleltritudinis
615 2072 723 2098 amictu.
731 2071 837 2098 Christo
847 2071 917 2097 euiut

110 2120 233 2148 indutus
249 2117 413 2153 couspicitur
424 2115 500 2153 (Gal.
522 2116 549 2144 3.
562 2115 620 2151 9.7),
636 2116 717 2150 pedes
731 2117 857 2150 specioso:
865 2115 920 2142 cal—

110 2173 217 2194 ceatos
232 2166 334 2193 habens
348 2164 374 2192 in
386 2163 582 2199 pra'paralionc
597 2162 728 2197 evangelii
744 2162 816 2197 pacis
831 2161 919 2197 (Rom.

109 2213 161 2241 10.
179 2212 231 2247 l5)
247 2220 256 2244 ;
271 2218 339 2238 zona
353 2217 406 2237 non
421 2213 514 2244 pectus
525 2229 533 2241 ,
549 2208 596 2236 sed
622 2207 726 2235 lumbos
742 2207 901 2242 praecinctura
911 2227 918 2239 ,

110 2265 172 2284 non
188 2264 226 2285 ex
237 2262 372 2292 purpurea
388 2254 457 2289 pelle
469 2274 477 2286 ,
495 2261 583 2289 neque
596 2260 711 2287 superne
726 2260 792 2279 auro
806 2258 899 2279 ornata
912 2272 919 2283 ,

110 2302 165 2330 sed
184 2302 248 2336 ipsa
265 2300 380 2327 veritate
393 2303 518 2328 contexta
533 2304 559 2327 et
573 2297 742 2326 concinnata.
758 2296 832 2324 Talis
852 2303 923 2323 nunc

110 2349 199 2376 nobis
222 2348 337 2376 offertur
348 2347 407 2375 sine
420 2346 492 2374 larva
507 2355 514 2373 :
531 2345 601 2372 nulla
616 2344 688 2372 enitn
704 2343 773 2378 apud
789 2343 874 2379 ipsum
887 2342 922 2369 si—

110 2396 251 2428 mulatio,
267 2394 337 2421 nulla
353 2393 425 2421 lictio
436 2393 477 2420 vel
492 2392 589 2424 fabula;
605 2391 652 2418 sed
668 2390 739 2417 nudo
751 2390 839 2424 capite
850 2410 858 2423 ,
875 2397 925 2416 nu-

108 2445 180 2470 dant
198 2440 315 2469 nuntiat
334 2439 484 2467 veritatem.
500 2438 592 2473 Neque
607 2434 668 2464 cum
688 2436 775 2470 reipsa
788 2435 857 2462 alius
870 2435 922 2466 sit,

109 2490 167 2516 alia
185 2496 224 2516 ex
245 2484 349 2517 habitu,
363 2485 459 2518 oculis,
476 2491 541 2511 voce
554 2482 722 2511 auditoribus
734 2481 866 2513 suadebit;
877 2489 925 2508 m-c

109 2531 317 2562 instrumentis
329 2531 363 2558 ad
386 2530 445 2557 haec
457 2529 603 2556 nuntianda
618 2536 686 2563 opus
701 2527 798 2559 habet,
814 2534 866 2553 ttun
885 2526 925 2553 ci-

110 2582 196 2608 thara
212 2601 223 2613 ,
242 2585 301 2606 non
315 2578 372 2612 lyra
385 2597 394 2610 ,
410 2584 462 2604 non
476 2576 530 2603 alio
553 2577 646 2610 quovis
660 2573 843 2609 hujuscemodi
856 2581 863 2606 ;
879 2573 925 2599 sed

111 2627 212 2655 omnia
238 2632 292 2660 per
315 2623 433 2658 linguam
452 2625 596 2656 operatur.
612 2626 638 2648 et
651 2621 746 2655 quavis
768 2620 869 2647 cithara
886 2619 926 2644 vel

110 2673 225 2702 musica
256 2669 411 2698 suaviorem
435 2668 620 2702 utilioremque
641 2674 733 2694 vocem
757 2665 865 2693 emittit.
881 2664 929 2691 Est

111 2743 182 2761 ιιι
195 2733 385 2761 Commentarti
398 2734 503 2763 partem,
513 2732 582 2755 inter
591 2727 861 2763 homilias,_et_quidert_t
869 2728 927 2763 jure

111 2759 224 2796 Ertio.
234 2759 416 2796 recensentes,
429 2762 494 2786 tituli
506 2763 584 2796 instar
593 2761 700 2796 habent:
712 2760 774 2790 ὀμιλ.
785 2759 827 2789 α’;
839 2759 926 2783 Morel.

113 2791 188 2828 vero,
202 2791 233 2822 iis
244 2792 490 2828 superscr-inuentam
503 2792 577 2828 etrert.
590 2798 595 2814 :
606 2791 740 2828 προοίμιον.

145 2824 187 2862 (αἱ
199 2826 340 2862 Sophista
350 2824 633 2862 dicebantur-rhetores,
646 2827 737 2862 artium
750 2824 860 2862 l'l'tjagis‘lt‘l
870 2830 928 2862 ,ιω-

113 2854 235 2894 piatas,
378 2854 597 2894 illla‘autetnaipsa'
606 2860 652 2894 vos
663 2854 793 2894 aliquando
803 2855 829 2879 in
839 2855 927 2894 malam

112 2885 220 2924 ᾖξῖνῖέω
227 2885 375 2924 incipitur,
383 2892 428 2917 pro
436 2886 467 2910 tis
474 2885 516 2916 qui
525 2885 647 2909 simulatis
655 2885 791 2909 ratiociniis
800 2892 808 2908 \
814 2886 927 2909 eritatetn

111 2922 312 2953 detorquens,
342 2952 345 2953 ν
457 2946 463 2953 ,
497 2945 502 2950 ,
622 2945 627 2950 _

145 2946 251 2981 illius
268 2949 359 2977 habet.
370 2954 429 2974 voce
441 2946 571 2972 clariorem
580 2946 688 2973 amittens
699 2952 788 2972 vocem.

955 283 991 310 illi
1004 285 1183 318 prosceuinm,
1199 286 1292 312 Ctttltlllt
1307 290 1408 319 totum;
1423 285 1566 319 theatrum,
1582 283 1672 316 orbis;
1684 291 1746 318 spe-

952 333 1070 357 ctatores
1082 335 1108 356 et
1123 330 1259 358 auditores
1271 351 1279 363 ,
1294 339 1388 358 Otuucs
1397 331 1494 366 angeli,
1507 336 1534 358 et
1545 337 1577 358 ex
1592 329 1744 357 hominibus

952 378 1082 409 quotquot
1101 375 1188 410 angeli
1201 381 1280 408 suttt,
1294 380 1340 403 aut
1358 376 1413 403 ﬁeri
1434 376 1552 410 cupiunt.
1569 375 1600 402 lli
1630 381 1744 406 namque

954 420 1002 447 soli
1019 426 1129 455 possunt
1153 421 1221 448 hanc
1235 421 1402 449 harmoniam
1418 427 1542 449 accurate
1555 421 1663 448 auribus
1682 427 1745 454 pcr—

953 466 1054 498 eipere,
1069 471 1095 493 et
1107 467 1233 500 operibus
1246 467 1384 500 exhibere,
1399 473 1479 502 atque
1494 466 1640 498 auditores,
1654 466 1747 501 quales

953 516 1078 546 oportet,
1093 520 1153 540 esse
1169 513 1188 539 ‘.
1205 514 1255 540 Alii
1278 521 1341 540 vero
1355 521 1466 545 omnes,
1488 520 1537 540 ceu
1548 513 1675 544 infantes,
1687 511 1746 548 {au-

955 556 1031 583 dittnt
1042 557 1160 592 quidem,
1173 566 1221 586 nec
1238 563 1325 586 tamen
1338 558 1427 586 audita
1442 558 1603 593 intelligunt,
1614 556 1675 594 sed]
1691 558 1749 592 pla-

955 603 1041 630 centis
1056 604 1257 638 puerilihusque
1272 605 1340 632 ludis
1352 606 1446 632 intenti
1458 609 1521 631 sunt
1535 613 1541 630 :
1554 605 1589 631 ita
1606 605 1631 631 hi
1642 611 1750 638 quoque

956 648 1031 678 risui.
1046 647 1150 675 deliciis
1161 670 1167 679 ,
1183 650 1278 684 opibus
1289 670 1296 681 ,
1312 650 1439 684 potentia:
1453 649 1546 681 dediti,
1559 650 1697 684 vcntriquc
1712 649 1751 676 vi-

955 698 1059 725 ventes,
1072 693 1140 721 dicta
1153 694 1260 728 quidem
1275 695 1407 722 interdum
1422 694 1542 727 audiunt;
1552 694 1599 722 sed
1613 694 1678 722 nihil
1692 702 1749 721 tua-

955 745 1036 772 gnuut
1050 740 1090 765 vel
1106 739 1220 766 sublime
1233 740 1360 774 operibus
1378 740 1506 767 exhibent
1516 761 1523 770 ,
1538 740 1608 775 quod
1622 747 1652 768 se
1666 739 1751 767 semel

957 784 1072 811 lateritio
1084 786 1159 820 operi
1181 786 1277 813 etluto
1293 786 1454 814 dediderint.
1469 787 1537 814 Huic
1559 786 1681 821 apostolo
1702 786 1751 814 ad-

958 836 1028 857 stant
1041 839 1164 865 superna:
1179 833 1301 866 virtutes,
1317 834 1387 860 illius
1402 833 1497 860 anima:
1513 833 1749 868 pulchritudinem,

958 877 1124 911 prudentiam
1140 878 1298 913 virtutisque
1311 880 1427 914 speciem
1441 880 1570 906 mirantes
1582 899 1590 911 ,
1611 887 1658 914 per
1672 887 1751 914 quam

958 924 1045 958 ipsum
1060 924 1195 952 Christum
1210 926 1335 958 attraxit,
1356 931 1383 953 et
1395 926 1562 960 spiritualetn
1576 927 1679 960 aecepit
1694 933 1754 960 gra-

959 970 1032 996 tiam.
1051 969 1155 997 Etenim
1172 979 1220 998 ceu
1238 971 1321 1006 lyram
1335 972 1477 1006 quamdam
1492 972 1641 1006 speciosam
1656 972 1754 1006 lapillis

958 1014 1101 1050 aureisque
1126 1016 1221 1043 ﬁdibus
1236 1022 1356 1044 ornatam
1370 1038 1377 1050 ,
1394 1017 1432 1044 sic
1454 1018 1571 1044 animam
1591 1025 1755 1052 componens

959 1067 1034 1086 suam
1047 1080 1055 1092 ,
1077 1060 1102 1087 id
1117 1060 1205 1088 ellecit
1221 1065 1249 1088 ut
1269 1069 1394 1096 maguum
1416 1067 1444 1089 et
1462 1062 1598 1089 excelsum
1620 1062 1754 1097 quidpiam

961 1105 1061 1140 Spiritu
1075 1111 1193 1134 sonaret.

996 1152 1023 1178 ‘2.
1037 1152 1145 1179 Joannis
1161 1153 1311 1180 sublimitas.
1328 1153 1460 1186 Quomodo
1481 1154 1636 1189 evangelium
1653 1154 1708 1188 ejus
1725 1154 1757 1180 sit

961 1200 1126 1227 audiendum.
1140 1215 1176 1220 —
1191 1201 1282 1236 Itaque
1298 1210 1349 1228 non
1372 1206 1401 1228 ut
1416 1202 1570 1235 piseatoris,
1590 1208 1639 1228 nec
1661 1205 1689 1227 ut
1709 1201 1756 1227 lllii

962 1245 1095 1278 Zebedtci,
1108 1247 1153 1274 sed
1166 1253 1193 1274 ιιι
1202 1248 1259 1282 ejus
1268 1249 1311 1282 qui
1324 1248 1452 1282 profunda
1467 1248 1513 1275 Dei
1527 1248 1611 1281 novit,
1624 1247 1754 1281 Spiritum

962 1292 1022 1319 dico
1034 1293 1103 1319 hanc
1118 1293 1204 1328 lyram
1215 1294 1375 1327 pulsantem,
1392 1294 1430 1320 sic
1441 1294 1589 1320 audiamus.
1602 1293 1671 1320 Nihil
1686 1293 1758 1319 enim

964 1337 1109 1364 ltutnanuut
1124 1339 1207 1370 dicet,
1223 1339 1269 1365 sed
1283 1339 1410 1373 quidquid
1427 1339 1550 1374 loquetur
1563 1347 1595 1365 cx
1609 1338 1757 1373 spirituali-

965 1383 1013 1409 bus
1026 1383 1130 1417 ahyssis
1144 1383 1267 1410 ltaustum
1283 1389 1334 1416 est,
1351 1392 1383 1410 ex
1398 1384 1502 1411 arcanis
1513 1384 1575 1415 illis,
1590 1391 1649 1418 qua:
1663 1392 1696 1411 ne
1710 1392 1758 1411 au-

964 1428 1015 1463 geli
1027 1429 1146 1462 quidem,
1161 1434 1302 1463 antequam
1316 1429 1359 1456 illa
1376 1429 1481 1462 tierent,
1496 1434 1634 1456 noverant.
1650 1430 1716 1457 Nam
1731 1435 1759 1457 et

967 1475 1016 1510 ipsi
1033 1475 1171 1501 nobiscum
1185 1483 1231 1510 per
1244 1476 1355 1502 Joannis
1370 1483 1478 1509 vocent,
1489 1480 1516 1503 et
1532 1484 1578 1511 per
1590 1484 1639 1503 nos
1656 1476 1758 1504 didice-

966 1526 1028 1548 runt
1041 1528 1072 1548 ea
1085 1530 1145 1556 qua:
1160 1530 1208 1549 ttos
1223 1523 1356 1548 novimus.
1374 1523 1406 1548 Et
1420 1522 1470 1549 hoc
1480 1530 1586 1557 quoque
1601 1523 1760 1557 signiﬁcavit

966 1567 1035 1593 alius
1046 1567 1183 1601 apostolus
1199 1567 1240 1593 his
1260 1567 1366 1593 verbis:
1381 1566 1414 1594 Ut
1432 1568 1569 1593 innotescat
1584 1575 1650 1593 nunc
1665 1568 1760 1602 primi-

967 1612 1067 1645 patibtts
1083 1617 1105 1637 et
1121 1612 1285 1646 potestatibus
1310 1621 1354 1647 per
1375 1612 1516 1639 Ecclesium
1536 1612 1698 1647 multiformis
1721 1621 1761 1640 ut-

968 1657 1062 1692 pientia
1074 1656 1121 1684 Dei
1140 1658 1246 1693 (Epttes.
1263 1658 1288 1684 3.
1304 1658 1359 1692 i0).
1374 1658 1402 1685 Si
1416 1666 1480 1692 ergo
1493 1658 1655 1692 principatus
1668 1679 1674 1688 .
1687 1662 1762 1693 pote-

967 1709 1059 1735 states,
1071 1704 1216 1731 Cherubiut
1231 1710 1256 1731 et
1272 1705 1410 1738 Serapltitu
1428 1706 1484 1731 hate
1499 1712 1545 1738 per
1559 1704 1704 1731 Ecclesium
1718 1705 1761 1731 di-

968 1748 1088 1776 dicerunt
1101 1770 1107 1781 ,
1125 1750 1211 1784 palam
1226 1755 1267 1776 est
1287 1750 1346 1776 illos
1360 1758 1453 1785 magna
1469 1758 1528 1776 cum
1543 1750 1689 1776 attentione
1707 1750 1763 1776 ha-c

968 1795 1120 1825 edidicisse.
1135 1795 1213 1825 Certe
1239 1805 1290 1825 non
1309 1805 1391 1833 parvo
1414 1797 1475 1824 hinc
1488 1797 1591 1826 honore
1613 1797 1761 1832 alliciutnr,

969 1844 1039 1878 quod
1062 1844 1148 1879 angeli
1165 1852 1194 1871 ea
1209 1845 1347 1872 nobiscum
1372 1845 1491 1877 audiant,
1507 1854 1567 1880 qua:
1581 1845 1734 1880 ignorabant
1755 1855 1761 1872 :

969 1890 1039 1925 quod
1054 1894 1141 1917 autent
1155 1890 1234 1917 etiam
1251 1898 1298 1924 per
1310 1899 1368 1922 nos,
1387 1890 1503 1917 ttouduttt
1519 1891 1604 1917 dicattt
1618 1891 1762 1925 quoumdo.

970 1935 1081 1962 Multum
1103 1943 1168 1970 ergo
1187 1936 1362 1963 adhibeamus
1376 1943 1436 1963 cum
1457 1936 1586 1963 modestia
1608 1937 1764 1967 silentium.

971 1990 1023 2009 non
1037 1982 1116 2009 hodie
1130 1987 1241 2014 tantunt,
1257 1988 1301 2010 attt
1316 1991 1349 2010 eo
1360 1983 1498 2011 dumtaxat
1512 1991 1565 2019 quo
1580 1984 1701 2011 audimus
1711 1985 1764 2016 die,

972 2029 1017 2055 sed
1033 2037 1079 2063 per
1096 2033 1177 2055 totant
1195 2030 1284 2061 vitam;
1301 2030 1360 2064 quia
1376 2030 1450 2056 illum
1465 2030 1537 2056 outtti
1553 2035 1673 2064 tempore
1687 2029 1765 2056 audi-

972 2083 1002 2103 re
1018 2076 1181 2102 fructuosum
1196 2080 1245 2103 est.
1262 2076 1326 2103 Nam
1342 2076 1364 2103 si
1377 2083 1409 2102 ea
1424 2084 1482 2110 qua:
1495 2076 1520 2102 in
1533 2077 1603 2109 regia
1617 2079 1745 2110 geruntur
1758 2096 1765 2106 ,

972 2122 1043 2149 scire
1054 2126 1188 2156 optamus;
1204 2129 1300 2155 nempe
1315 2120 1378 2154 quid
1392 2120 1539 2155 Imperator
1552 2120 1641 2153 faciat,
1655 2119 1718 2154 quid
1731 2119 1768 2147 de

972 2166 1087 2194 subditis
1099 2166 1238 2198 consulat,
1254 2165 1357 2192 etiautsi
1373 2172 1444 2199 stupe
1463 2164 1489 2191 id
1510 2165 1575 2191 nihil
1587 2165 1620 2191 ad
1641 2172 1690 2192 nos
1703 2166 1766 2192 atti-

974 2217 1036 2239 neat
1051 2220 1059 2239 :
1075 2212 1160 2238 multo
1173 2211 1257 2245 magis
1275 2217 1335 2244 qute
1351 2210 1420 2236 Deus
1434 2209 1502 2235 dixit
1514 2209 1607 2236 audire
1621 2210 1767 2243 optandum

974 2263 1016 2285 est
1030 2266 1037 2284 :
1053 2264 1113 2284 cum
1134 2256 1250 2283 maxime
1274 2255 1318 2282 illa
1338 2254 1427 2281 omnia
1441 2254 1475 2281 ad
1495 2261 1545 2281 nos
1559 2258 1690 2289 spectent.
1706 2254 1769 2282 Ha-c

976 2311 1057 2339 porro
1069 2307 1163 2330 cuneta
1178 2306 1303 2329 accurate
1316 2301 1361 2329 ille
1375 2300 1452 2328 nobis
1466 2301 1618 2334 euarrabit,
1640 2300 1711 2336 quod
1727 2309 1769 2329 re-

975 2349 1015 2384 gis
1028 2349 1130 2376 amicus
1150 2348 1195 2379 sit,
1210 2348 1264 2374 imo
1276 2346 1347 2382 quod
1363 2353 1453 2381 regem
1468 2346 1494 2374 itt
1510 2353 1540 2373 se
1553 2346 1706 2381 loquentem
1721 2346 1770 2372 Ita-

976 2397 1038 2424 beat
1052 2395 1195 2429 omniaque
1205 2394 1239 2421 ab
1249 2393 1294 2420 illo
1304 2393 1404 2424 audiat,
1420 2400 1479 2428 quze
1489 2393 1533 2420 ille
1541 2401 1555 2419 a
1565 2393 1643 2420 l'atre
1653 2393 1748 2427 accipit
1761 2402 1768 2420 :

978 2450 1038 2469 nant
1059 2441 1096 2468 ait
1107 2461 1115 2473 ,
1144 2439 1194 2467 Vos
1207 2439 1261 2466 dixi
1274 2439 1368 2466 amicos
1379 2459 1388 2471 ,
1411 2439 1471 2473 quia
1490 2439 1575 2465 omnia
1587 2447 1644 2474 qua
1658 2438 1743 2464 audivi
1755 2447 1771 2464 α

979 2487 1057 2514 Patre
1071 2494 1136 2519 meo,
1153 2490 1212 2513 nota
1226 2485 1350 2521 fecivobir
1366 2483 1455 2520 (Joon.
1470 2485 1514 2512 15.
1527 2485 1581 2520 i5).
1593 2484 1772 2518 Quemadmo-

978 2533 1041 2560 duttt
1056 2532 1136 2567 igitur
1147 2551 1154 2563 ,
1175 2531 1198 2558 si
1212 2537 1292 2565 quem
1304 2538 1320 2557 e
1333 2537 1439 2557 suntttto
1452 2530 1518 2557 ctelo
1533 2537 1645 2565 prouutn
1661 2535 1772 2564 repente

979 2578 1141 2609 videremus,
1154 2576 1198 2610 qui
1211 2576 1378 2610 prontitterct
1388 2583 1418 2602 se
1433 2575 1510 2602 nobis
1522 2574 1637 2602 ca-lestia
1649 2579 1773 2601 accurate

979 2623 1121 2654 dicturum,
1135 2628 1231 2649 omnes
1244 2628 1446 2648 accurreremus
1459 2629 1466 2646 :
1483 2620 1518 2647 ita
1532 2627 1602 2647 nunc
1612 2627 1718 2654 quoque
1731 2621 1772 2646 at-

980 2667 1042 2695 t’ecti
1058 2668 1152 2695 simus.
1167 2667 1205 2695 Ex
1220 2666 1287 2694 czelo
1301 2674 1417 2701 namque
1431 2667 1472 2693 vir
1484 2666 1529 2693 ille
1542 2673 1591 2692 nos
1606 2665 1749 2700 alloquitur
1765 2674 1771 2693 :

981 2721 1035 2741 non
1047 2713 1118 2741 enim
1131 2718 1173 2740 est
1183 2721 1215 2740 ex
1231 2712 1282 2740 hoc
1294 2712 1405 2745 mundo,
1418 2716 1446 2739 ut
1458 2711 1538 2739 ctiatn
1552 2711 1617 2738 dicit
1631 2711 1686 2746 ipse
1695 2711 1774 2738 Chri-

981 2764 1039 2788 stus
1053 2768 1070 2787 εκ
1082 2760 1132 2786 Vos
1145 2759 1177 2786 de
1188 2759 1236 2786 hoc
1250 2759 1344 2786 mundo
1364 2767 1414 2785 mm
1427 2758 1485 2785 estis
1500 2756 1590 2793 (locu.
1605 2757 1650 2786 15,
1664 2756 1710 2792 19)
1723 2765 1732 2790 ;
1746 2762 1774 2785 et

983 2806 1150 2834 l’aracletum
1164 2807 1191 2832 in
1214 2812 1244 2833 se
1266 2806 1418 2839 loquentem
1434 2803 1532 2838 habet,
1548 2803 1646 2839 ubique
1658 2810 1775 2838 pncsen-

1016 2884 1024 2899 ¹
1043 2887 1107 2912 Haec,
1125 2886 1196 2913 atque
1207 2881 1330 2913 auditores
1339 2899 1345 2911 ,
1359 2880 1441 2910 quales
1452 2884 1560 2913 oportet,
1572 2885 1638 2913 esse,
1650 2878 1741 2913 desunt
1753 2881 1776 2905 iu

983 2914 1064 2943 savil.,
1076 2909 1106 2937 et.
1118 2914 1141 2937 iu
1154 2909 1299 2943 quibusdam
1394 2915 1452 2943 Qua
1467 2909 1542 2942 'paulo
1553 2909 1664 2935 inferius
1684 2910 1777 2935 uuclnu

983 2942 1136 2973 clauduntur,
1149 2943 1319 2967 desiderantur
1331 2943 1355 2967 in
1365 2946 1417 2966 at».
1429 2942 1549 2974 plurimis.

1993 425 1996 440 ι

2009 785 2029 830 ii
2088 822 2093 838 ,
2165 803 2184 827 .ι

2011 837 2142 893 ’πθ
2178 872 2184 896 ,ι

2023 948 2035 973 4
2092 965 2125 974 ι,
2173 949 2181 970 ἰ

2006 953 2181 1028 lida,

1981 1027 2145 1124 σι”ἱ

2066 1099 2119 1169 4
2180 1124 2181 1132 ι

2072 1179 2166 1269 ,ςξ

2115 1271 2168 1298 ‘l

2108 1314 2136 1346 ρι
