4370 6306
690 324 760 378 97
1403 303 1457 359 S.
1497 296 1775 357 JOANNIS
1811 290 2284 350 CIIRYSOSTOMI
2327 287 2643 346 ARCHIEP.
2685 283 3221 344 CONSTANTIXOP.
3903 286 3968 340 es

691 444 819 495 n-m,
847 427 934 498 qui
968 427 1038 480 ita
1067 422 1212 478 novit
1237 435 1298 475 ea
1325 431 1444 488 qua:
1466 416 1560 472 Dei
1583 424 1728 478 sunt,
1753 423 1810 467 ut
1832 411 2009 466 anima
2039 405 2274 463 hominis

691 536 778 574 ros
808 495 932 572 suns
955 516 1120 578 novit;
1147 511 1403 582 Spiritum
1434 521 1628 577 nempe
1655 504 1952 560 sanctitatis
1974 543 1990 566 ,
2018 495 2275 598 Spiritum

689 619 925 670 rectum,
956 607 1046 676 qui
1074 604 1253 673 dirigit
1279 610 1333 656 ct
1355 600 1504 655 ducit
1533 599 1584 652 in
1625 597 1817 652 caelum
1839 635 1853 658 ,
1881 595 1970 664 qui
2002 589 2170 646 novos
2190 589 2282 642 dat

691 701 896 764 oculos,
925 699 1015 769 qui
1046 697 1098 751 id
1127 694 1292 752 efficit
1311 702 1371 747 ut
1399 691 1573 747 futura
1597 700 1863 758 tamquam
1893 684 2172 755 praesentia
2201 681 2281 738 vi-

687 794 912 848 deamus
937 832 952 857 ,
985 799 1040 844 et
1067 789 1119 842 in
1148 800 1311 842 carne
1339 783 1571 839 cmlestia
1613 783 1938 836 intueamur.
1975 777 2076 832 Per
2115 785 2278 830 totam

687 899 819 956 ergo
843 883 1006 936 vitam
1037 893 1136 935 nos
1161 879 1210 934 ei
1233 877 1419 932 sedato
1439 885 1494 932 et
1515 873 1804 944 tranquillo
1827 873 2006 926 animo
2030 869 2278 924 exhibea-

692 973 1294 1041 musz'nemoignavus,
1327 983 1483 1023 nemo
1503 965 1915 1028 somniculosos,
1951 962 2032 1016 vel
2064 960 2286 1016 maculis

695 1078 977 1136 respersus
1004 1061 1092 1116 hic
1109 1069 1320 1115 maneat
1340 1057 1462 1113 :sed
1481 1057 1532 1111 in
1549 1057 1740 1110 caelum
1759 1069 1857 1110 nos
1873 1052 2279 1117 transferamus,

697 1159 786 1212 ubi
803 1155 1130 1226 evangelista
1145 1152 1378 1222 loquitur
1400 1151 1464 1205 iis
1484 1150 1574 1220 qui
1593 1149 1712 1203 istic
1727 1153 2134 1202 convcrsantur.
2149 1144 2203 1199 Si
2233 1144 2284 1197 iu

701 1257 844 1300 terra
877 1258 1208 1307 maneamus,
1245 1241 1371 1296 hinc
1398 1240 1528 1294 nihil
1557 1239 1687 1293 lucri
1710 1237 1989 1292 referimus
2021 1255 2033 1289 :
2067 1235 2287 1290 Joannis

699 1337 898 1406 quippe
926 1333 1205 1404 disciplina
1224 1331 1356 1387 nihil
1373 1331 1564 1385 attinet
1583 1329 1646 1382 ad
1663 1342 1780 1394 eos,
1805 1326 1895 1396 qui
1921 1343 1950 1380 a
1977 1325 2080 1378 vita
2110 1325 2288 1395 porcis

701 1427 858 1496 digna
878 1441 983 1480 non
1005 1424 1300 1488 absistunt,
1333 1419 1782 1493 quemadmodum
1811 1417 1941 1473 nihil
1965 1417 2190 1471 attinent
2220 1413 2288 1468 ad

703 1533 826 1570 cum
856 1530 944 1571 res
963 1515 1234 1569 humanae.
1263 1513 1484 1567 Tonitru
1504 1511 1743 1582 quidem,
1775 1508 2106 1564 inconditum
2128 1505 2287 1561 cmit-

705 1617 824 1662 tens
854 1620 1046 1661 sonum
1068 1647 1085 1673 ,
1129 1605 1340 1660 animos
1383 1612 1596 1658 nostros
1635 1599 2040 1672 perterrefacit;
2070 1597 2291 1654 Joannis

703 1707 883 1752 autem
914 1713 1018 1751 vox
1048 1697 1314 1752 netninem
1337 1694 1572 1750 fidelium
1603 1693 1802 1760 turbat,
1837 1692 1944 1746 imo
1974 1705 2038 1746 ex
2064 1688 2293 1744 tumultu

705 1799 760 1845 et
791 1789 1190 1862 perturbatione
1216 1789 1437 1854 eximit,
1465 1786 1700 1856 solisque
1728 1785 2059 1841 datmonibus
2104 1781 2294 1837 terrori

709 1890 813 1945 est,
841 1889 896 1936 et
920 1881 1223 1937 daemonum
1244 1879 1434 1936 servis.
1455 1877 1525 1934 Ut
1550 1877 1823 1932 videamus
1850 1889 1979 1946 ergo
2008 1888 2117 1946 quo
2142 1882 2296 1944 pacto

715 1972 835 2028 illos
862 1980 1081 2038 terreat,
1107 1982 1166 2028 et
1187 1972 1366 2026 animo
1395 1970 1650 2026 sileamus
1677 1977 1732 2024 et
1760 1983 1872 2028 ore.
1904 1966 2086 2023 animo
2116 1975 2297 2022 tamen

710 2063 960 2118 maxime.
993 2063 1250 2131 Quasnam
1280 2062 1479 2116 utilitas
1498 2102 1513 2126 ,
1543 2075 1664 2115 cum
1697 2068 1908 2114 tacente
1936 2072 2060 2124 ore,
2087 2057 2300 2112 animus

715 2153 1103 2208 tumultuatur?
1133 2153 1341 2207 Anima:
1385 2152 1620 2222 quietem
1648 2163 1835 2219 quaero
1857 2189 1874 2213 ,
1901 2148 2027 2218 quia
2067 2148 2299 2202 animam

712 2243 1016 2299 atniientem
1045 2253 1262 2311 exopto.
1292 2240 1444 2295 Nulla
1485 2253 1616 2308 ergo
1655 2254 1752 2294 nos
1779 2247 2114 2294 commoveat
2140 2251 2302 2307 pecu-

717 2335 820 2388 nia:
843 2333 1127 2403 cupiditas,
1161 2333 1340 2387 nullus
1359 2331 1544 2401 gloriae
1573 2343 1744 2392 arnor,
1774 2344 1880 2383 non
1902 2329 1994 2382 ira:
2025 2328 2263 2399 tyrannis
2283 2369 2300 2394 ,

716 2441 821 2479 non
846 2425 1073 2480 aliorum
1095 2424 1383 2480 aﬂectuum
1406 2421 1682 2476 tumultus.
1705 2419 1819 2475 Non
1839 2427 2016 2490 potest
2037 2419 2179 2474 enim
2195 2433 2305 2474 non

647 2533 656 2542 ·
717 2528 972 2590 purgatus
995 2517 1208 2573 auditus
1235 2517 1504 2572 dictorum
1543 2513 1948 2578 sublimitatem,
1981 2523 2160 2582 utpar
2181 2520 2262 2567 est
2285 2551 2302 2578 ,

720 2613 804 2665 vel
853 2627 1080 2682 capere,
1130 2611 1218 2667 vel
1265 2623 1517 2665 arcanam
1569 2616 1626 2663 et
1671 2605 2004 2662 tremendam
2048 2603 2304 2660 horumce

720 2705 1096 2773 mysteriorum
1119 2703 1402 2767 rationem,
1432 2709 1762 2770 eazterasque
1791 2701 2016 2754 virtutes
2041 2714 2228 2752 omnes
2250 2697 2304 2751 in

723 2795 808 2848 his
835 2793 1069 2848 oraculis
1110 2800 1391 2846 contentas
1428 2799 1678 2845 accurate
1705 2802 2049 2858 cognoscere.
2076 2785 2132 2842 Si
2162 2787 2306 2841 enim

723 2883 851 2940 tibia
881 2893 931 2939 et
963 2883 1166 2939 cithara
1207 2881 1392 2937 ludere
1421 2894 1578 2936 nemo
1617 2879 1899 2942 didicerit,
1944 2877 2046 2932 nisi
2084 2877 2146 2932 iis
2191 2877 2305 2931 ani-

724 2993 867 3031 mmn
893 2974 1219 3039 adhibuerit,
1240 2973 1508 3043 quomodo
1533 2974 1786 3042 mysticae
1805 2983 1965 3024 voces
1981 2967 2099 3038 quis
2116 2966 2310 3024 sedens

723 3067 922 3129 audiat,
953 3067 996 3120 si
1025 3065 1234 3119 animus
1263 3065 1313 3118 in
1339 3063 1564 3133 segnitie
1589 3061 1786 3132 degat?

794 3158 846 3212 5.
897 3156 1021 3212 ideo
1058 3155 1301 3211 Christus
1345 3155 1428 3208 his
1463 3167 1560 3208 nos
1601 3153 1778 3207 verbis
1814 3151 2100 3206 admonet:
2136 3148 2312 3203 Nolite

722 3251 844 3303 dare
871 3258 1048 3302 sancta
1074 3247 1313 3311 canibus,
1345 3261 1504 3312 neque
1543 3243 1824 3314 projiciatis
1858 3242 2167 3311 margaritas
2195 3250 2313 3296 ante

724 3356 902 3409 porcos
937 3342 953 3407 (
980 3338 1167 3393 Matth.
1203 3339 1258 3393 7.
1291 3338 1324 3392 6
1345 3338 1384 3407 ).
1418 3336 1726 3406 Margaritas
1750 3335 1865 3390 haec
1889 3335 2050 3390 verba
2081 3336 2308 3403 vocavit,

724 3433 848 3487 licet
875 3432 990 3486 haec
1018 3429 1320 3500 margaritis
1347 3428 1502 3498 longe
1540 3427 1855 3498 pretiosiora
1883 3426 2026 3492 sint,
2065 3426 2184 3496 quia
2214 3427 2314 3480 hac

725 3525 945 3579 materia
992 3522 1137 3578 nulla
1185 3519 1541 3591 praestantior.
1593 3519 1717 3574 Ideo
1765 3519 1954 3574 horum
2003 3532 2310 3573 sermonum

724 3615 1034 3669 suavitatem
1053 3614 1194 3668 melli
1219 3627 1531 3682 comparare
1545 3611 1702 3674 solet,
1728 3625 1832 3664 non
1849 3609 1990 3680 quod
2017 3609 2122 3663 mel
2145 3609 2313 3678 ipsam

726 3721 937 3774 :rquare
989 3705 1178 3773 tmssit,
1199 3705 1294 3759 sed
1347 3703 1487 3773 quod
1538 3703 1668 3758 nihil
1715 3703 1872 3758 melle
1919 3701 2127 3756 dulcius
2171 3701 2313 3771 apud

727 3810 826 3849 nos
863 3796 952 3850 sit.
991 3795 1122 3848 Nam
1162 3793 1306 3864 quod
1334 3803 1391 3848 et
1411 3808 1740 3863 gemmarum
1769 3793 2017 3861 pretium.
2055 3801 2111 3845 et
2139 3792 2315 3846 mellis

726 3887 1038 3941 suavitatem
1069 3886 1227 3955 longo
1257 3884 1537 3939 intervallo
1563 3894 1834 3954 superent,
1855 3883 1976 3936 audi
2001 3884 2312 3954 prophetam

729 3979 844 4034 haec
865 3988 1192 4033 asserentem
1216 3977 1298 4032 his
1323 3977 1502 4030 verbis
1525 3993 1538 4030 :
1571 3975 1938 4030 Desiderabilia
1959 3993 2111 4046 super
2135 3994 2314 4030 aurum

725 4081 772 4123 et
812 4071 1033 4140 lapidem
1071 4071 1344 4139 pretiosum
1373 4067 1617 4133 multaut,
1664 4076 1711 4122 et
1749 4067 1979 4122 dulciora
2021 4085 2174 4137 super
2218 4070 2316 4122 ruet

723 4173 771 4216 et
815 4163 1031 4233 [aaum(
1065 4161 1210 4217 Psat.
1257 4162 1344 4218 i8.
1383 4161 1470 4216 ii.
1516 4160 1659 4228 i2);
1707 4160 1800 4215 sed
1841 4161 1975 4216 bene
2012 4160 2316 4215 valentibus

726 4263 962 4320 tantum;
994 4254 1115 4310 ideo
1135 4253 1400 4318 subdidit,
1431 4251 1634 4308 Etenim
1657 4269 1828 4307 servus
1853 4261 1970 4306 tuus
1991 4252 2210 4306 custodit
2233 4268 2314 4306 ea.

726 4347 793 4401 Et
822 4347 947 4402 alibi
972 4362 1184 4418 quoque
1203 4389 1219 4414 ,
1247 4361 1370 4402 cum
1401 4345 1577 4401 dulcia
1614 4345 1874 4411 dixisset,
1904 4343 2142 4411 addidit,
2175 4341 2318 4398 Fauo

724 4439 863 4493 cibus
889 4440 1033 4493 meis.
1068 4439 1231 4503 Quam
1252 4439 1446 4502 dulcia,
1480 4436 1672 4506 inquit,
1701 4436 1932 4506 faucibus
1961 4438 2082 4489 uicis
2116 4437 2317 4505 eloquia

722 4538 813 4580 tua
831 4543 850 4590 ,'
874 4537 927 4582 et
975 4527 1346 4581 excellentiam
1376 4525 1603 4580 eﬂ'eretts
1633 4525 1813 4587 addit,
1843 4525 2013 4594 Super
2039 4526 2136 4577 mel
2161 4536 2206 4578 et
2231 4527 2315 4592 [a-

725 4636 843 4672 vum
865 4621 941 4674 ori
972 4637 1078 4673 meo
1107 4618 1280 4686 (Psat.
1303 4621 1324 4673 i
1345 4619 1424 4672 I8.
1447 4618 1592 4686 i05),
1617 4619 1738 4687 quia
1767 4633 1894 4672 sana
1926 4626 2102 4672 mente
2125 4618 2316 4685 prardi-

728 4721 812 4766 tus
845 4721 979 4766 erat.
1008 4710 1086 4766 Ne
1113 4711 1288 4780 itaque
1321 4710 1509 4764 morbo
1546 4710 1718 4765 affecti
1746 4709 1862 4764 haec
1901 4709 2176 4776 adeamus,
2221 4709 2316 4764 scd

727 4813 844 4872 post
897 4813 1246 4872 expurgantur
1285 4802 1552 4867 animum,
1607 4799 1749 4856 hunc
1791 4800 1967 4856 cibum
2018 4817 2314 4857 sumamus.

729 4893 852 4949 ideo
895 4909 1128 4963 namque
1169 4903 1245 4946 tot
1289 4893 1468 4948 verbis
1497 4893 1785 4962 przcmiSsis
1822 4892 2057 4947 nondum
2104 4893 2170 4947 ad
2202 4893 2317 4948 hrce

724 4988 1050 5042 devenerant
1069 5025 1086 5052 ,
1111 4995 1167 5039 ut
1208 4985 1399 5056 singuli
1430 4987 1574 5040 otuui
1601 4985 1824 5055 depulso
1854 4987 2071 5052 morbo,
2099 5002 2161 5042 ac
2190 4987 2233 5041 si
2262 4986 2314 5041 in

727 5078 916 5133 ciuium
944 5079 1202 5133 intrarent
1224 5117 1240 5143 ,
1273 5079 1352 5133 sic
1379 5078 1477 5143 ira,
1497 5077 1662 5147 euris,
1685 5079 2129 5135 sollicitudinibus
2149 5090 2314 5136 caste-

729 5169 909 5239 risque
960 5169 1122 5224 animi
1173 5169 1450 5226 ati'ectibus
1517 5170 1666 5226 vacui
1720 5170 2142 5240 ingrederentur.
2196 5171 2314 5228 Non

732 5274 1014 5327 possumus
1033 5261 1176 5318 enim
1203 5260 1328 5316 hine
1348 5260 1475 5331 quid
1503 5273 1749 5332 mgnum
1787 5262 1980 5317 lucrari
2001 5306 2014 5325 ,
2046 5263 2148 5318 nisi
2161 5265 2316 5334 prius

729 5353 959 5408 animam
989 5356 1057 5410 ita
1089 5354 1510 5426 purgaverimus.
1539 5353 1648 5410 Nec
1673 5354 1945 5425 mihiquis
1964 5356 2126 5422 dicat,
2151 5356 2314 5412 breve

731 5455 942 5516 tempus
987 5448 1126 5503 inter
1171 5448 1307 5504 hanc
1361 5457 1417 5504 et
1454 5456 1767 5520 sequentem
1811 5449 2123 5503 concionem
2169 5463 2310 5504 esse.

735 5534 880 5590 Licet
903 5539 1045 5592 enim
1088 5553 1194 5593 non
1241 5539 1415 5594 solum
1455 5539 1661 5594 dierum
1707 5537 1940 5608 quinque
1983 5539 2176 5607 spatio,
2219 5538 2313 5592 sed

730 5629 891 5684 etiam
937 5645 1043 5686 uno
1091 5631 1347 5700 temporis
1391 5640 1663 5687 momento
1703 5631 1868 5684 vitam
1901 5640 2063 5684 totam
2108 5639 2314 5686 mutare

729 5722 886 5789 Quid,
926 5740 1123 5794 'lurso,
1159 5725 1364 5778 latrone
1392 5735 1441 5778 ct
1476 5723 1738 5779 homicida
1767 5721 2086 5777 scelestius?
2129 5737 2306 5777 annon

2384 413 2684 459 extremum
2712 402 2813 455 hoc
2840 397 3196 470 improbitatis
3213 410 3382 467 genus
3411 397 3532 452 est?
3561 399 3808 452 Attamen
3838 399 3973 452 latro

2384 497 2475 548 ille
2499 495 2566 549 ad
2593 508 2860 549 summum
2887 493 3097 546 virtutis
3122 489 3327 560 apicem
3349 491 3530 545 statim
3555 492 3818 560 pervenit,
3846 503 3897 545 et
3923 493 3968 546 iu

2387 584 2687 654 paradisum
2727 583 2894 647 abiit,
2941 597 3040 636 nec
3081 580 3326 651 plurimis
3352 580 3560 644 diebus,
3609 596 3710 635 nec
3754 579 3974 636 dimidio

2385 676 2472 730 die
2499 690 2633 745 opus
2659 673 2876 740 habuit,
2903 672 2998 728 sed
3029 671 3177 727 brevi
3225 679 3432 726 tantum
3459 680 3752 726 momento.
3796 671 3973 740 Itaque

2389 768 2512 823 licet
2536 775 2755 836 repente.
2785 765 3000 831 mutari,
3029 773 3083 820 et
3111 779 3334 819 aureum
3364 779 3428 818 ex
3475 763 3622 818 luteo
3654 763 3814 819 efﬁci.
3844 763 3972 819 Cum

2388 860 2530 913 enim
2559 872 2730 926 neque
2759 865 2949 921 virtus,
2998 870 3170 924 neque
3218 855 3404 910 vitium
3442 870 3506 910 ex
3555 864 3742 910 natura
3791 855 3970 919 insint,

2392 951 2561 1006 facilis
2595 958 2681 1004 est
2710 951 2963 1015 mutatio,
2994 949 3138 1003 omni
3170 949 3490 1004 necessitate
3517 948 3704 1003 libera.
3730 948 3791 1003 Si
3813 949 3977 1002 votue-

2390 1045 2502 1096 ritis
2544 1053 2591 1096 et
2637 1044 2896 1097 audieritis
2945 1059 3057 1106 ine,
3093 1042 3261 1112 inquit
3281 1083 3296 1106 ,
3345 1042 3476 1096 bona
3516 1050 3663 1096 terra:
3713 1042 3976 1096 comedetis

2395 1133 2572 1205 (Isai.
2605 1135 2653 1188 i.
2691 1133 2814 1204 i9).
2854 1133 3036 1188 Viden'
3064 1133 3178 1188 sola
3224 1147 3360 1200 opus
3405 1147 3527 1187 esse
3555 1134 3859 1189 voluntate:
3894 1148 3980 1186 vo-

2397 1226 2598 1282 luntate
2619 1268 2632 1290 .
2675 1227 2888 1296 inquam
2915 1266 2929 1288 ,
2976 1241 3081 1281 non
3121 1225 3327 1295 vulgari
3358 1225 3446 1280 illa
3477 1240 3596 1294 qua:
3628 1224 3978 1295 plurimorum

2395 1329 2509 1382 est,
2538 1319 2633 1375 sed
2663 1318 2922 1390 diligenti.
2953 1319 3077 1374 Scio
3097 1319 3293 1388 quippe
3329 1332 3516 1372 ornues
3543 1317 3594 1371 in
3633 1318 3822 1372 caelum
3852 1331 3980 1371 avo-

2397 1411 2509 1466 lare
2561 1410 2741 1475 velle;
2798 1409 2892 1465 sed
2942 1409 3188 1463 voluntas
3241 1408 3496 1478 eperibus
3536 1407 3838 1463 exhibenda
3881 1416 3980 1462 est.

2397 1501 2669 1572 Siquidem
2693 1509 2960 1556 mercator
2981 1500 3093 1556 vult
3135 1499 3428 1563 ditescere,
3456 1514 3629 1570 neque
3655 1499 3903 1555 voluntas
3932 1501 3980 1554 iu

2397 1593 2719 1662 cogitatione
2746 1601 2950 1647 tantum
2973 1590 3251 1656 consistit;
3277 1590 3378 1646 sed
3398 1591 3573 1645 navim
3600 1599 3770 1660 parat,
3801 1599 3983 1645 nautas

2399 1687 2562 1758 cogit,
2608 1687 3020 1757 gubernatorem
3068 1687 3331 1752 accersit,
3378 1687 3692 1756 ueterisque
3739 1687 3984 1742 omnibus

2403 1778 2578 1834 navim
2610 1777 2858 1843 instruit,
2884 1789 3073 1834 aurum
3113 1787 3402 1844 mutuatur,
3445 1778 3663 1848 pelagus
3690 1779 3905 1849 trajicit,
3935 1777 3981 1832 iu

2403 1868 2735 1940 peregrinam
2757 1877 2952 1924 terram
2980 1869 3356 1939 proficiscitur,
3381 1869 3616 1939 pericula
3637 1870 3804 1924 multa
3826 1869 3981 1933 subit,

2402 1961 2613 2032 aliaque
2655 1960 2878 2030 plurima
2907 1960 3125 2032 patitur,
3157 1975 3280 2030 qua:
3319 1969 3515 2015 norunt
3560 1961 3592 2014 ii
3619 1961 3710 2030 qui
3743 1961 3985 2030 navigare

2403 2054 2596 2110 solent.
2638 2053 2710 2108 Ita
2739 2069 2838 2109 nos
2874 2062 3086 2125 oportet
3110 2052 3436 2108 voluntatem
3462 2052 3734 2108 exhibere.
3767 2052 3985 2122 Naviga-

2406 2160 2525 2203 mus
2553 2158 2608 2202 et
2632 2161 2731 2203 nos
2755 2161 2986 2218 quoque,
3017 2160 3126 2201 non
3151 2145 3218 2201 ab
3241 2145 3346 2200 alia
3374 2145 3426 2199 in
3453 2145 3610 2198 aliam
3639 2152 3863 2212 terram,
3893 2142 3982 2198 sed

2406 2259 2437 2297 a
2484 2252 2624 2299 terra
2675 2243 2728 2297 in
2774 2241 2983 2296 escium.
3029 2239 3136 2295 Nos
3182 2254 3311 2310 ergo
3354 2247 3536 2294 mente
3579 2252 3899 2308 apparanus
3925 2233 3987 2290 ad

2407 2335 2866 2406 gubernationem,
2895 2348 3014 2404 qua:
3056 2349 3153 2388 nos
3191 2344 3422 2402 superne
3464 2331 3654 2394 ducat,
3696 2344 3762 2390 ac
3811 2338 3989 2386 nautas

2409 2428 2786 2496 obsequentes,
2807 2426 3120 2495 firmamque
3142 2425 3316 2478 navim
3339 2423 3494 2478 nobis
3511 2433 3907 2492 comparemus,
3927 2434 3988 2474 ne

2409 2519 2713 2574 calamitate
2740 2516 2968 2588 quadam
3015 2516 3260 2571 saeculari
3309 2517 3390 2570 vel
3437 2514 3690 2570 mwstitia
3719 2513 3992 2582 demerga-

2411 2627 2550 2678 mur,
2574 2625 2711 2666 neve
2735 2610 3052 2681 arrogantia:
3081 2609 3270 2678 spiritu
3306 2603 3614 2675 etferamur,
3643 2605 3737 2662 sed
3774 2607 3917 2662 leves
3941 2612 3992 2660 et

2412 2702 2643 2771 expediti
2673 2701 2861 2756 simus.
2886 2700 2942 2756 Si
2969 2700 3038 2754 ita
3059 2699 3233 2754 navim
3255 2740 3269 2765 ,
3295 2698 3707 2768 gubernatorem
3730 2705 3788 2752 et
3812 2705 3992 2752 nautas

2413 2805 2682 2864 paremus,
2710 2791 2946 2848 secundo
2972 2799 3132 2846 vento
3154 2789 3537 2860 narigabimus,
3557 2788 3859 2858 Filiumque
3886 2786 3989 2849 Dei,

2413 2899 2596 2942 verum
2627 2884 3072 2956 gubernatorem,
3111 2881 3177 2936 ad
3225 2896 3323 2936 nos
3369 2879 3719 2946 attrahemus,
3752 2880 3847 2951 qui
3894 2893 3989 2934 non

2417 2978 2558 3032 siuet
2584 2978 2837 3047 scapham
2869 2985 3103 3030 nostram
3135 2973 3373 3043 demergi
3403 2992 3416 3027 :
3446 2973 3540 3028 sed
3585 2973 3708 3028 licet
3735 2969 3990 3028 innumeri

2416 3069 2620 3139 Spirent
2646 3068 2824 3132 venti,
2852 3076 3042 3120 ventes
3077 3066 3164 3119 ille
3192 3065 3487 3134 increpabit
3515 3073 3570 3118 et
3608 3079 3775 3128 mare,
3809 3073 3865 3118 et
3891 3063 3993 3116 vice

2416 3163 2666 3233 procella:
2695 3160 3130 3230 tranquillitatem
3159 3159 3354 3213 etticiet
3379 3172 3645 3227 magnam.

2489 3257 2540 3310 4.
2584 3253 2866 3322 Descriptio
2902 3254 3286 3320 dispositionum
3319 3265 3433 3323 quae
3466 3250 3533 3303 ad
3562 3247 3873 3319 evangelista:
3910 3264 3991 3301 au-

2417 3348 2657 3402 diendum
2677 3348 3014 3414 requiruntur.
3045 3343 3378 3398 Tlteatrorum
3406 3341 3693 3410 spectacula
3737 3340 3993 3411 fugienda.

2422 3439 2595 3493 Paetis
2611 3455 2723 3491 cum
2743 3436 2850 3490 Deo
2865 3448 2911 3490 et
2945 3434 3171 3490 Ecciesia
3184 3434 3319 3487 initis
3338 3432 3594 3487 standum.
3614 3431 3843 3485 Attentas
3860 3444 3995 3484 aures

2420 3531 2762 3600 pra'beudum.
2789 3557 2861 3569 ——
2879 3527 2968 3582 Sic
2995 3525 3287 3595 comparati
3313 3524 3378 3578 ad
3420 3532 3728 3593 sequentem
3767 3521 3998 3577 acet-dite

2419 3620 2732 3674 concionem
2755 3658 2770 3683 ,
2801 3618 2844 3672 si
2872 3628 3045 3671 tamen
3074 3616 3297 3684 cupiatis
3326 3615 3455 3670 utile
3481 3613 3752 3683 quidpiam
3782 3614 3996 3674 audire.

2420 3721 2475 3767 et
2517 3713 2568 3766 in
2615 3719 2794 3765 mente
2838 3723 3116 3776 reponere.
3167 3706 3334 3760 Nemo
3381 3706 3458 3759 siti
3492 3705 3597 3770 via,
3650 3719 3807 3759 nemo
3837 3714 3996 3774 petra,

2421 3819 2580 3858 nemo
2607 3803 2771 3871 spinis
2818 3800 3072 3869 repletus.
3124 3798 3402 3852 Faciamus
3433 3811 3531 3852 nos
3559 3797 3704 3866 ipsos
3741 3798 3994 3850 novales:

2423 3895 2602 3959 sicque
2637 3894 2821 3948 libcut.
2845 3893 3021 3944 animo
3046 3891 3249 3946 semina
3285 3889 3572 3957 jaciemus,
3603 3888 3647 3943 si
3679 3902 3871 3957 nempe
3901 3897 4000 3941 ter-

2424 4005 2536 4043 ram
2565 4001 2749 4057 puram
2778 3985 3086 4048 videamus;
3129 3984 3211 4037 sin
3237 3991 3422 4037 contra
3453 3991 3722 4052 petrosam
3749 3991 3803 4036 ct
3845 3996 3998 4051 aspc-

2423 4094 2537 4134 ram
2559 4121 2573 4145 ,
2603 4077 2862 4149 ignoscite
2905 4077 2950 4130 si
2979 4076 3211 4130 nolimus
3252 4073 3448 4129 frustra
3488 4073 3773 4130 laborare:
3806 4087 3930 4128 nam
3959 4071 4000 4125 si

2431 4170 2713 4226 asemndo
2735 4170 3077 4234 desistentes,
3123 4167 3448 4237 coeperimus
3502 4165 3683 4236 spinas
3739 4163 3998 4226 evellere,

2426 4273 2550 4318 tunc
2611 4270 2864 4316 extremae
2893 4259 3179 4315 dementim
3221 4268 3364 4315 esset
3409 4259 3461 4314 in
3511 4268 3706 4312 terram
3755 4257 4000 4312 incultam

2423 4355 2627 4411 semina
2655 4354 2854 4424 jacere.
2888 4352 3056 4422 llujus
3082 4351 3357 4407 concionis
3382 4350 3704 4416 auditorem,
3749 4364 3854 4404 non
3883 4349 4002 4402 licet

2424 4462 2624 4501 mensae
2675 4445 3062 4499 dmmoniorum
3107 4458 3228 4498 esse
3276 4443 3606 4513 participem.
3661 4439 3814 4509 Quod
3861 4439 4001 4494 enim

2424 4536 2751 4590 Consortium
2773 4533 3031 4603 justitiam
3064 4533 3202 4587 inter
3224 4543 3274 4588 ct
3299 4533 3674 4603 iniquitatem?
3697 4531 3817 4587 Stas
3841 4529 4005 4586 Joan-

2427 4625 2508 4680 nis
2527 4625 2756 4688 auditor,
2785 4638 2849 4677 ac
2873 4625 3132 4693 perillqu
3153 4640 3216 4680 ea
3237 4640 3356 4695 qua:
3376 4625 3605 4694 Spiritus
3627 4633 3750 4679 sunt
3775 4621 4000 4679 ediscis:

2425 4727 2480 4772 et
2525 4724 2705 4787 postea
2745 4714 2987 4770 abscedls
3038 4717 3346 4771 meretrices
3396 4716 3706 4780 auditurus,
3756 4713 4002 4770 obscmiia

2426 4809 2704 4879 loquentes
2723 4850 2738 4875 ,
2770 4807 3104 4863 ohscaeniora
3131 4817 3578 4878 repraesentantes
3608 4807 3629 4878 (
3644 4825 3674 4861 a
3693 4807 3735 4877 ),
3779 4817 3834 4862 et
3880 4804 4004 4860 eti‘e-

2425 4903 2655 4955 minatos
2680 4900 2766 4969 qui
2813 4914 2871 4954 se
2902 4909 3087 4953 mutuo
3119 4899 3286 4968 alapis
3317 4897 3572 4954 caedunt?
3601 4897 3880 4965 Quomodo
3909 4911 3999 4965 po-

2427 4995 2552 5049 teris
2578 4993 2744 5064 probe
2768 4992 2907 5046 ablui
2931 5002 2984 5047 et
3007 4993 3238 5061 purgari,
3270 4993 3320 5046 in
3353 5000 3498 5046 tanto
3521 5006 3678 5048 emno
3705 4986 4004 5048 volutatus?

2423 5087 2563 5155 Quid
2587 5101 2723 5155 epos
2761 5094 2844 5139 est
2869 5084 3272 5139 obscaenitatem
3307 5083 3456 5138 illam
3496 5089 3675 5139 totam
3707 5081 4002 5140 minutatim

2427 5177 2743 5233 recensere?
2768 5174 2957 5230 Omnia
2979 5176 3082 5231 illic
3111 5177 3270 5239 risus,
3291 5177 3470 5231 omnia
3497 5177 3859 5247 opprobrium,
3879 5187 4006 5228 cou-

2427 5270 2680 5334 tutiieiim,
2706 5267 2927 5321 dicteria
2953 5267 3163 5322 :omnia
3185 5266 3486 5334 dissolutio,
3515 5267 3693 5322 omnia
3721 5263 4002 5337 pernicies.

2425 5361 2563 5414 Ecce
2615 5357 2848 5428 praedico
2903 5367 2956 5411 ct
3007 5358 3266 5412 annuntio
3307 5357 3558 5412 omnibus
3604 5360 3792 5412 vobis:
3845 5365 4003 5408 nemo

2422 5467 2634 5516 eorum,
2680 5450 2768 5520 qui
2802 5449 2900 5504 hac
2926 5465 3106 5504 mensa
3139 5447 3408 5516 fruuntur,
3441 5449 3672 5504 animam
3712 5457 3860 5504 suam
3887 5445 4002 5501 esi-

2475 5605 2548 5675 (ιι)
2585 5603 2878 5675 nisti-tonum
2899 5616 3038 5675 more
3073 5607 3119 5675 tu
3138 5603 3339 5673 theatro
3359 5611 3802 5675 representantes,
3823 5602 4000 5675 iniqua:

2422 5661 2578 5726 turpia
2617 5661 2920 5713 theatralium
2951 5664 3262 5713 meretricum
3287 5661 3562 5725 speci-acula
3603 5677 3736 5726 sarpe
3761 5661 3999 5713 invehitur

2424 5728 2804 5790 Clirysostomus.
