2185 3153
131 358 143 364 η
155 339 236 370 uasis
250 338 302 367 iis
322 337 486 374 spectaculis
498 341 662 373 corrumpat.
682 336 730 365 Ilia
750 339 850 374 quippe
862 338 953 367 omnia

155 384 228 412 dicta
242 388 270 412 et
291 383 499 420 lacta,'potnpa
521 384 639 411 sataniea
665 387 736 410 sunt.
758 383 838 411 Scitis
861 389 952 411 autem

102 454 105 460 .
157 434 289 467 «utquot
301 428 397 458 initiati
407 429 490 463 estis,
505 436 566 465 qua:
576 433 653 464 pacta
668 428 806 456 nobiscum
820 428 950 461 iuieritis;

156 477 213 504 imo
230 483 293 511 qua:
311 482 373 503 eum
390 474 512 506 Christo,
532 474 639 510 quando
650 474 696 502 ille
710 474 770 509 ipse
790 478 832 502 est
843 474 888 509 qui
903 481 952 502 vos

155 523 264 551 initiat:
285 521 348 558 quid
368 521 407 550 illi
427 521 566 555 dixeritis;
579 529 640 557 qum
661 521 696 548 de
717 520 836 548 satanica
855 527 950 556 pompa

155 576 219 596 cum
241 568 289 595 ilio
308 568 388 596 verba
402 566 566 599 habueritis;
581 565 718 601 quomodo
742 571 771 593 et
795 569 897 593 satana:
922 570 951 592 et

155 613 260 649 angelis
271 613 330 648 ejus
342 612 421 640 simul
434 611 686 640 abrenuntiaveritis
695 631 704 644 ,
717 611 950 646 promiseritisque

155 666 203 686 vos
225 658 259 687 ad
282 658 328 686 illa
349 666 402 686 non
421 657 574 686 deﬂexum
595 658 678 686 esse?
701 657 860 685 Timendum
884 663 949 692 ergo

153 705 297 732 admodum
322 711 358 733 ne
371 705 432 740 quis
454 704 497 732 his
510 704 616 732 violatis
639 703 872 740 promissionibus.
887 710 949 731 sese

153 748 197 776 his
211 749 350 785 indignum
364 749 499 785 mysteriis
518 748 647 776 eil‘eeerit.
665 749 761 776 Annon
785 747 861 775 vides
882 755 948 783 quo-

153 794 235 822 modo
258 795 285 822 in
300 795 381 830 regiis
400 794 514 827 adibus,
529 801 581 821 non
596 794 615 821 ii
629 794 674 829 qui
691 793 718 820 in
731 793 822 828 aliquo
833 792 948 820 oii‘eude-

151 843 217 867 runt
226 860 235 873 ,
247 839 295 867 sed
308 841 353 875 qui
368 840 394 867 in
409 838 513 867 honore
525 838 670 871 habentur,
681 837 789 866 consilii
803 838 948 873 participes

151 885 335 918 advorsatur,
358 890 388 913 et
415 885 485 913 inter
508 885 609 912 amicos
632 885 704 919 regis
730 883 947 911 constituantur?

151 930 268 966 Legatus
290 931 368 959 nobis
380 930 416 959 de
433 931 500 959 calo
524 931 613 962 venit,
627 929 661 957 ab
682 930 741 965 ipso
759 929 815 957 Deo
837 929 943 961 missus,

149 977 186 1004 de
205 977 365 1005 necessariis
377 984 428 1005 nos
445 976 526 1004 rebus
538 974 735 1011 aiioquuturus.
758 975 794 1002 At
816 981 864 1002 vos
877 974 944 1001 nihil

148 1027 278 1051 curantes
289 1022 384 1051 audire
403 1022 466 1058 quid
477 1022 552 1055 velit,
568 1021 665 1057 quidve
687 1021 821 1056 loquatur,
842 1020 943 1048 sedetis

731 280 764 308 ΙΝ
781 280 937 310 JOANNEM
957 279 1072 309 IlOHIL.
1094 280 1124 309 ΙΙ.
1146 282 1183 310 al.
1200 283 1220 310 l.
1769 291 1806 319 εί)

1004 337 1102 366 mimos
1114 339 1265 367 audientes.
1279 339 1313 368 Et
1326 345 1392 376 quot
1403 346 1565 379 «plantisque
1577 344 1732 375 fulminibus
1743 347 1803 376 hate

1004 384 1084 420 digna
1104 391 1157 412 non
1179 385 1297 413 fuerint?
1321 385 1356 414 Ut
1378 387 1450 415 enim
1476 396 1528 416 non
1553 389 1616 418 licet
1641 392 1802 427 participare

1004 436 1104 457 mensa
1116 429 1309 458 dasnoniorum
1319 451 1327 464 ,
1343 432 1383 459 sic
1395 439 1445 460 nec
1460 433 1506 461 illa
1526 434 1691 464 dmoniaca
1704 437 1800 466 audire

1003 474 1044 502 fas
1054 479 1106 508 est,
1122 483 1209 511 neque
1219 476 1326 504 sordida
1341 483 1415 505 veste
1425 478 1459 506 ad
1472 479 1572 508 lautam
1591 482 1663 510 illam
1677 489 1799 512 mensam

1003 524 1043 548 tot
1066 521 1144 549 bonis
1165 521 1292 550 refertam
1314 523 1462 557 accedere,
1485 533 1566 560 quam
1589 528 1727 562 apparavit
1741 529 1800 564 ipse

1003 567 1084 595 Deus.
1106 567 1193 596 Tanta
1207 569 1279 597 enim
1298 569 1356 604 ejus
1377 570 1419 598 vis
1439 575 1497 604 est,
1521 576 1551 599 ut
1569 578 1679 608 repente
1701 581 1751 602 nos
1765 575 1799 602 ad

1002 613 1099 641 cteium
1120 614 1206 649 ipsum
1219 615 1325 650 rapiat:
1338 616 1362 644 si
1378 620 1466 644 tamen
1480 617 1552 653 vigili
1565 623 1656 646 mente
1672 620 1797 648 attenda-

1001 667 1071 688 mus.
1093 660 1185 696 Neque
1195 662 1268 689 enim
1283 662 1329 697 qui
1339 661 1440 690 divinis
1453 664 1624 692 sermonibus
1641 663 1797 701 frequenter

1000 707 1136 735 institutus
1148 711 1204 742 est,
1214 708 1241 735 in
1254 707 1305 735 hoc
1315 708 1361 736 vili
1372 712 1442 736 statu
1453 713 1543 738 manet
1556 718 1564 738 :
1577 710 1625 738 sed
1640 712 1793 739 necessario

999 753 1087 780 statim
1098 753 1198 787 evolat,
1211 758 1239 781 et
1252 753 1394 782 sublimem
1405 754 1479 783 illum
1491 756 1557 791 petit
1567 756 1666 790 locum,
1679 757 1795 786 immen-

999 797 1089 833 sisque
1112 799 1212 833 potitur
1234 799 1386 828 thesauris:
1409 807 1478 836 quos
1503 801 1604 829 utinam
1629 809 1678 830 nos
1698 811 1795 832 omnes

997 851 1203 878 consequamur,
1229 846 1314 880 gratia
1342 850 1369 873 et
1393 845 1557 882 benignitate
1583 848 1687 877 Domini
1709 850 1792 877 nostri

997 888 1059 917 .lesu
1081 889 1198 924 Christi,
1215 897 1263 926 per
1281 898 1360 925 quem
1384 896 1409 919 et
1431 899 1492 920 eum
1516 900 1570 928 quo
1593 893 1665 921 Patri
1690 894 1791 930 gloria,

997 941 1102 970 unaque
1116 939 1208 962 sancto
1221 935 1342 970 Spiritui,
1356 944 1428 964 nunc
1441 942 1468 965 et
1479 945 1597 972 semper,
1609 944 1636 966 et
1651 939 1676 966 in
1692 939 1789 967 saeui:

995 980 1164 1008 steculorum.
1177 982 1273 1008 Amen.

856 1124 1031 1156 HOMILIA
1053 1124 1093 1156 ll.

254 1213 320 1242 ευ.
331 1214 357 1241 1.
373 1221 399 1241 v.
415 1213 441 1240 1.
456 1211 488 1239 In
505 1211 630 1247 principio
644 1214 698 1237 erat
710 1208 831 1236 Verbum.

174 1261 210 1289 ,1.
223 1259 252 1288 Si
273 1259 389 1287 Joannes
404 1266 453 1286 nos
465 1258 649 1293 alloquuturus
663 1259 751 1288 esset,
773 1258 801 1281 et
814 1261 861 1282 sua
875 1261 938 1281 nar-

145 1309 266 1339 raturus,
277 1311 294 1333 e
306 1311 338 1332 re
351 1303 431 1336 foret,
441 1303 500 1339 ejus
510 1309 595 1339 genus
604 1322 612 1334 ,
629 1301 741 1337 patriam
756 1303 784 1327 et
797 1300 938 1328 educatio-

144 1359 209 1379 nem
223 1356 374 1379 recensere.
390 1349 456 1384 Quia
476 1355 539 1377 vero
561 1355 614 1376 non
637 1348 709 1383 ipse,
735 1345 783 1374 sed
797 1352 844 1380 per
864 1345 938 1372 illum

145 1396 217 1424 Deus
230 1395 375 1423 humanam
389 1394 532 1430 alloquitur
546 1398 679 1426 naturam,
695 1391 858 1427 superﬂuum
871 1390 937 1418 mihi

144 1442 251 1470 videtur
266 1441 324 1468 huic
340 1440 506 1476 disquirere;
524 1440 577 1467 imo
596 1446 660 1467 vero
674 1438 699 1466 id
712 1446 764 1465 non
779 1444 938 1472 supervaca-

143 1495 227 1516 neum
240 1487 329 1520 fuerit,
345 1486 393 1515 sed
408 1485 483 1514 valde
494 1486 685 1513 necessarium.
700 1482 766 1511 Cum
787 1484 857 1510 enim
871 1482 939 1509 didi-

145 1533 217 1561 reris
231 1532 309 1568 quis,
330 1531 419 1565 unde,
433 1539 448 1559 a
468 1531 564 1567 quibus
578 1536 653 1557 ortus
663 1551 670 1562 ,
687 1529 774 1565 qualis
787 1528 828 1556 vir
842 1528 919 1556 fuerit
929 1548 936 1560 ,

145 1578 297 1613 deindeqne
318 1577 432 1606 audieris
451 1577 510 1612 ejus
522 1583 614 1604 vocem
628 1575 875 1611 philosophiamque
894 1578 937 1601 too

145 1628 200 1651 uim
210 1644 218 1657 ,
231 1628 296 1651 tunc
310 1622 392 1658 probe
405 1623 474 1651 scies
487 1622 546 1650 hsce
565 1621 644 1649 verba
658 1628 710 1648 nou
729 1621 786 1655 ejus
805 1626 875 1652 esse,
890 1619 937 1646 sed

143 1669 242 1698 divinis
267 1669 389 1702 virtutis,
412 1669 469 1703 ejus
490 1669 605 1695 animum
628 1668 768 1694 moventis.
795 1665 852 1700 Qua
873 1672 937 1701 ergo

143 1715 193 1742 fuit
202 1714 287 1750 patria
295 1715 307 1740 2
316 1713 391 1741 Nulla
400 1713 504 1748 quidem
515 1714 597 1748 patria
610 1712 648 1746 (a)
656 1721 665 1745 ;
674 1710 721 1739 sed
727 1719 759 1739 ex
766 1712 827 1739 vico
838 1711 938 1749 prodiit

142 1764 174 1788 et
186 1761 294 1796 regione
315 1759 418 1794 objecta
429 1780 436 1791 ,
452 1766 512 1793 quae
533 1758 598 1785 nihil
613 1757 725 1793 alicujus
739 1757 816 1792 pretii
842 1756 933 1784 ferret.

142 1806 281 1836 Galilaeam
297 1806 369 1834 enim
382 1810 555 1834 contemnunt
568 1804 662 1832 scriba:
676 1811 736 1831 cum
751 1804 824 1831 aiunt
836 1813 842 1829 :
853 1803 937 1830 Inm-

140 1860 206 1888 roga
232 1857 256 1880 et
279 1851 346 1885 uide,
370 1851 439 1887 quod
461 1858 492 1877 ea:
516 1851 622 1878 Grtliiwa
643 1858 693 1877 non
714 1850 793 1884 surgit
815 1849 936 1884 prop/tem

143 1897 246 1932 (Joan.
262 1897 341 1925 7.52
353 1896 374 1933 ).
399 1896 479 1924 Nihili
506 1896 568 1923 facit
592 1904 650 1924 eam
672 1896 716 1923 ille
743 1903 848 1930 quoque
875 1901 936 1922 vere

143 1943 264 1972 Israelita
286 1943 379 1971 dicens
393 1952 400 1970 :
417 1942 458 1970 Ea;
474 1942 585 1969 Nazaret
599 1946 678 1976 potest
693 1940 789 1976 aliquid
803 1941 861 1967 boni
884 1948 937 1967 esse

142 1991 241 2025 (.loon.
258 1991 285 2018 Ι.
300 1990 334 2018 46
345 1990 373 2025 )‘.’
386 1989 478 2025 Neque
492 1990 571 2024 igitur
583 1997 615 2016 ex
633 1988 726 2023 insigni
741 1988 864 2023 quopiam
877 1987 935 2020 ejus

141 2036 260 2072 regionis
274 2035 334 2063 loco
345 2039 412 2062 erat.
426 2034 479 2063 Sed
495 2041 582 2069 neque
601 2041 697 2061 nomen
711 2033 768 2068 ejus
783 2033 817 2060 ibi
832 2037 933 2065 notum,

140 2087 219 2118 patre
240 2082 372 2117 piscatore
395 2088 510 2116 paupere
526 2090 533 2107 :
549 2079 612 2115 quin
633 2080 667 2107 ita
683 2087 798 2114 paupere
820 2083 847 2106 ut
867 2079 935 2106 ﬁlios

141 2129 235 2157 eadem
250 2129 276 2156 iu
293 2128 350 2156 arte
362 2133 509 2156 exerceret.
523 2127 601 2155 Scitis
620 2135 700 2163 porro
714 2135 818 2159 omnes,
834 2128 934 2155 nullum

142 2174 272 2202 artiﬁcem
280 2181 379 2208 cupere
391 2173 474 2200 tilium
488 2180 544 2200 sum
555 2174 619 2200 artis
632 2173 757 2200 heredem
772 2173 933 2209 relinquere,

141 2220 194 2247 nisi
208 2226 312 2247 summa
327 2224 482 2254 paupertate
494 2224 614 2246 eoactum
626 2227 633 2251 ;
649 2219 764 2246 maxime
778 2227 840 2246 vero
856 2219 876 2246 si
890 2227 935 2246 ars

140 2264 177 2292 sit
195 2264 267 2292 vilis.
292 2263 472 2292 Piscatoribus
502 2272 565 2292 vero
594 2264 657 2291 nihil
684 2265 842 2300 pauperius,
868 2265 933 2292 nihil

141 2309 287 2344 abjeetius;
302 2310 357 2337 imo
367 2309 432 2337 nihil
446 2309 579 2338 indoctius
593 2319 598 2337 :
611 2315 727 2337 attamen
743 2310 811 2337 inter
821 2318 878 2343 eos,
890 2312 933 2338 alii

141 2354 268 2391 majores,
283 2355 329 2382 alii
344 2355 462 2383 minores
475 2360 547 2383 sttnt.
564 2356 707 2390 Apostolus
719 2363 783 2382 vero
798 2356 868 2383 inter
883 2357 933 2383 mi-

139 2408 220 2429 nores
231 2400 550 2435 computabaturmeque
563 2401 633 2428 enim
649 2401 675 2428 in
691 2402 756 2428 muri
771 2402 932 2437 piscnbalur,

140 2447 189 2475 sed
204 2448 231 2475 in
245 2447 352 2476 modico
372 2452 467 2483 stagno
485 2456 492 2474 :
505 2447 594 2482 ibique
609 2453 758 2476 versantem
774 2456 834 2476 cum
859 2454 933 2484 patre

138 2497 168 2520 et
181 2492 282 2520 Iacobo
304 2492 402 2526 fratre,
421 2493 577 2528 quibuseutn
599 2494 665 2521 retia
688 2493 823 2521 reﬁciebat
838 2494 848 2530 (
863 2496 931 2530 quod

138 2543 198 2566 erat
212 2543 340 2566 extrema:
362 2538 525 2574 paupertatis
548 2538 704 2574 indicium),
719 2539 841 2567 Christus
854 2548 932 2568 voca-

136 2583 188 2611 vit.
213 2583 282 2612 lliuc
302 2584 458 2620 intelligitur
481 2592 561 2619 quam
583 2593 680 2620 expers
706 2585 785 2613 fuerit
813 2591 932 2615 externa:

137 2628 298 2664 disciplina.
326 2629 448 2665 Alioquin
472 2638 537 2658 vero
556 2630 641 2658 Lucas
668 2631 825 2660 testiﬁcatur
846 2633 931 2667 ipsum

137 2681 192 2701 non
219 2674 300 2702 modo
327 2675 435 2703 idiotam
453 2696 461 2708 ,
488 2676 534 2703 sed
566 2677 646 2704 etiam
673 2678 825 2706 illiteratum
851 2679 932 2708 fuisse

140 2719 217 2753 (Act.
232 2720 261 2748 4.
277 2720 312 2748 l5
323 2720 353 2756 );
376 2726 403 2748 et
420 2721 481 2756 jure
500 2722 617 2757 quidem.
634 2722 697 2749 Nam
716 2724 759 2759 qui
781 2725 815 2751 ita
832 2733 932 2760 pauper

137 2769 212 2798 erat,
234 2769 266 2793 ut
285 2774 373 2802 neque
397 2766 483 2795 totum
506 2767 608 2800 adiret,
631 2776 718 2803 neque
736 2777 796 2796 cum
813 2770 931 2800 honestis

137 2810 240 2839 rivibm
250 2817 416 2846 versaretur,
430 2813 478 2840 ted
494 2821 554 2841 cum
568 2814 632 2842 solis
644 2815 755 2849 piscium
767 2817 931 2850 cauponibus

170 2878 207 2915 (α)
218 2881 293 2915 Juxta
300 2879 404 2915 Boisium
411 2883 443 2915 _et
452 2881 534 2911 savil.,
542 2886 595 2913 post
603 2888 685 2907 vocem
695 2885 781 2915 patria,
795 2885 932 2911 subinteili-

136 2909 246 2962 gelidum
258 2913 298 2935 est
308 2928 316 2940 ,
327 2909 417 2941 insigni
430 2918 439 2936 :
456 2909 531 2937 nemo
542 2909 612 2937 enim
634 2909 834 2946 sinc'patria'ost.
848 2909 931 2941 Melius

153 2942 293 2962 metellus
304 2941 482 2962 illmurnrnlur
499 2943 518 2962 εἰ
532 2945 582 2962 ι’Μί
596 2945 674 2962 nnIi-r'n
685 2947 874 2962 autumnum“...

153 2942 293 2975 ngtextus
304 2941 491 2975 instauraretur,
499 2943 519 2967 si
532 2945 582 2968 voci
595 2945 674 2975 pan-iri
685 2941 874 2972 substitueretur
884 2955 930 2972 vox

254 2974 315 2997 tunc
327 2974 392 2998 enim
401 2973 538 3005 legeretur,
550 2981 581 3000 ea:
593 2973 658 3001 utilia
670 2976 765 3007 quidem
778 2978 878 3009 rit-itala,
887 2981 930 3004 sed

136 3006 169 3025 rx
184 3006 242 3026 meo.

298 3048 433 3079 Parnm.
457 3050 515 3080 Gn.
543 3052 609 3081 LIX

993 1212 1020 1235 et
1032 1209 1143 1244 coquis,
1158 1217 1210 1245 qua
1226 1210 1252 1238 in
1268 1217 1297 1238 re
1310 1210 1373 1238 l'eris
1386 1215 1413 1239 et
1428 1210 1511 1239 brutis
1523 1213 1642 1248 prteierri
1655 1215 1789 1249 potuerit!

992 1255 1125 1290 quomodo
1140 1264 1192 1284 non
1208 1257 1318 1291 piscium
1334 1257 1417 1284 instar
1429 1262 1518 1285 mtttus
1530 1259 1628 1286 fiterit?
1640 1259 1689 1288 llic
1696 1265 1786 1288 tamen

992 1300 1118 1336 piscator,
1130 1302 1174 1336 qui
1190 1302 1260 1329 circa
1274 1308 1377 1338 stagna,
1391 1303 1457 1331 retia
1472 1308 1499 1332 et
1512 1304 1599 1339 pisces
1612 1307 1768 1336 versabatur
1778 1330 1786 1342 ,

991 1353 1023 1373 ex
1037 1347 1178 1374 Ilethsaida
1199 1347 1326 1381 Galilrea‘,
1345 1354 1420 1383 patre
1440 1349 1572 1385 piscatore
1589 1359 1722 1387 paupere,
1736 1361 1787 1381 ex-

992 1395 1076 1418 trema
1097 1391 1185 1427 inopia
1209 1393 1364 1426 laborante,
1390 1395 1529 1429 qni-rudis
1550 1401 1609 1423 erat
1633 1402 1662 1424 et
1682 1405 1787 1427 summe

993 1436 1139 1471 imperitus,
1156 1438 1201 1473 qui
1213 1439 1303 1466 literas
1316 1447 1365 1467 nec
1378 1445 1450 1472 ante.
1466 1448 1516 1468 nec
1527 1447 1666 1478 postquam
1677 1443 1786 1473 Christo

993 1480 1078 1514 hmsit,
1102 1482 1221 1516 edidicit,
1240 1483 1377 1511 videamus
1398 1485 1461 1519 quid
1482 1486 1617 1522 loquatur,
1639 1493 1666 1516 et
1690 1490 1786 1525 quibus

990 1527 1025 1555 de
1039 1527 1119 1555 rebus
1133 1528 1272 1556 edisseral.
1286 1528 1352 1556 Nunt
1367 1529 1402 1558 de
1416 1531 1497 1566 agris,
1515 1532 1549 1560 de
1569 1533 1737 1569 ﬂuminibus,
1752 1536 1787 1564 de

991 1573 1102 1607 piscium
1115 1574 1296 1601 commercio?
1311 1575 1371 1601 talia
1386 1575 1457 1603 enim
1471 1577 1590 1605 fortassis
1604 1585 1636 1606 es
1653 1580 1786 1615 piscatore

989 1617 1082 1645 audire
1110 1618 1169 1653 quis
1196 1624 1342 1654 exspectet.
1368 1620 1467 1648 Verum
1497 1630 1531 1650 ne
1555 1624 1695 1658 timeatis;
1716 1626 1781 1654 nihil

989 1663 1088 1698 quippe
1102 1663 1254 1698 lmjnsmodi
1265 1664 1421 1699 audiemus;
1438 1667 1485 1695 sed
1495 1668 1613 1697 caelestia
1628 1675 1740 1705 tantum,
1758 1677 1786 1700 et

989 1716 1048 1743 qua:
1074 1716 1152 1737 nemo
1180 1710 1307 1739 hactenus
1331 1712 1450 1741 edidicit.
1474 1714 1540 1741 Tam
1565 1716 1688 1744 sublimia
1712 1719 1783 1746 enim

989 1753 1122 1788 dogmata,
1138 1759 1190 1782 tam
1206 1757 1362 1790 prteclarum
1378 1758 1438 1786 vita:
1451 1759 1609 1793 institutum,
1632 1766 1784 1798 tantamque

989 1798 1183 1834 philosophiam
1209 1801 1285 1829 nobis
1306 1802 1409 1834 an'eret,
1435 1810 1560 1839 quantum
1585 1814 1633 1841 par
1654 1812 1781 1841 esteum,

988 1845 1032 1878 qui
1045 1852 1077 1872 ex
1091 1845 1223 1874 thesauris
1235 1846 1350 1881 Spiritus
1364 1848 1467 1881 hausit;
1482 1850 1520 1885 (11)
1535 1851 1687 1886 [tamquam
1703 1855 1784 1881 modo

988 1896 1020 1915 ex
1036 1891 1104 1916 casio
1117 1890 1302 1925 descenderit;
1319 1892 1373 1919 imo
1392 1902 1478 1928 neque
1501 1903 1596 1923 omnes
1609 1898 1653 1932 qui
1674 1899 1700 1925 in
1718 1900 1783 1926 caelo

987 1939 1064 1961 erant
1077 1934 1135 1962 htcc
1147 1936 1256 1963 scivissc
1270 1938 1416 1966 verisimile
1430 1944 1471 1966 est
1481 1959 1488 1972 ,
1503 1941 1594 1975 utjam
1609 1942 1692 1979 dixi.]
1708 1944 1783 1971 Πωρ-

987 1980 1062 2011 eine,
1077 1987 1185 2015 qureso,
1202 1982 1342 2015 piscatoris
1364 1986 1463 2011 erant?
1477 1993 1509 2013 an
1526 1986 1663 2016 rhetoris?
1684 1998 1718 2017 an
1734 1997 1780 2018 so-

988 2025 1084 2059 phistae.
1108 2026 1147 2053 vel
1172 2027 1344 2062 philosophi?
1370 2038 1404 2056 an
1429 2031 1575 2067 eujuspiam
1602 2039 1715 2063 externa
1738 2036 1781 2063 illa

988 2071 1081 2098 imbuti
1101 2073 1252 2106 sapientia?
1273 2074 1453 2110 Nequaquam.
1468 2076 1558 2112 Neque
1570 2079 1642 2107 enim
1659 2081 1782 2108 humana:

987 2118 1083 2143 mentis
1097 2125 1206 2151 prorsus
1217 2124 1256 2145 est
1272 2119 1305 2147 de
1321 2120 1463 2148 immortali
1486 2123 1528 2149 illa
1547 2128 1573 2150 et
1596 2124 1672 2151 beata
1689 2131 1780 2153 natura

987 2162 1022 2189 ita
1047 2163 1245 2197 philosophari.
1273 2173 1359 2199 neque
1381 2166 1415 2193 de
1440 2169 1616 2200 potestatibus
1640 2178 1700 2204 qua:
1723 2176 1783 2204 post

987 2208 1057 2235 illam
1075 2213 1154 2240 sunt,
1170 2209 1210 2235 vel
1227 2209 1259 2235 de
1277 2210 1477 2239 immortalitate
1496 2218 1522 2239 et
1543 2214 1594 2239 vita
1610 2220 1721 2248 :eterna,
1739 2218 1779 2244 vel

986 2254 1020 2280 de
1043 2255 1198 2289 corporibus
1225 2256 1399 2289 mortalibus,
1426 2265 1486 2292 qtnc
1508 2259 1665 2287 immortalia
1686 2267 1778 2296 postea

987 2299 1075 2327 futura
1100 2305 1176 2331 sunt,
1202 2301 1235 2328 de
1257 2301 1400 2336 supplicio,
1421 2303 1454 2330 de
1481 2303 1569 2331 i‘uturo
1595 2306 1729 2338 tribunali,
1746 2307 1781 2334 de

986 2345 1132 2372 rationibus
1158 2346 1294 2381 exigendis
1318 2354 1440 2382 operum,
1469 2349 1622 2385 verborum,
1641 2352 1782 2387 cogitatio-

987 2398 1066 2423 num;
1082 2393 1150 2419 scire
1165 2393 1227 2426 quid
1249 2393 1283 2419 sit
1306 2393 1395 2426 homo,
1412 2395 1475 2429 quid
1492 2396 1622 2429 mundus;
1638 2398 1700 2433 quid
1718 2406 1780 2425 vero

986 2436 1066 2463 homo
1080 2437 1132 2468 sit,
1148 2437 1210 2472 quid
1235 2438 1298 2465 illud
1313 2439 1384 2474 qttod
1399 2440 1503 2468 videtur
1516 2450 1575 2469 esse
1586 2464 1592 2475 ,
1614 2451 1675 2470 ettm
1689 2448 1777 2472 tamen

985 2490 1038 2509 nou
1051 2483 1102 2515 sit;
1115 2483 1177 2518 quid
1193 2484 1319 2519 nequitia,
1334 2486 1397 2520 quid
1414 2487 1509 2514 virtus.

1019 2529 1046 2555 2.
1065 2528 1216 2564 Philosophi
1228 2531 1324 2557 attenti
1336 2539 1392 2558 cum
1403 2532 1504 2560 Joanne
1521 2536 1661 2569 comparati
1670 2557 1676 2566 .
1691 2545 1776 2571 quau-

985 2575 1032 2600 tuli
1046 2575 1095 2601 sint
1110 2575 1332 2609 pretii.-—Horttm
1346 2578 1468 2612 quoidam
1485 2579 1560 2607 Plato
1573 2586 1597 2607 et
1614 2581 1776 2616 Pythagoras

985 2621 1070 2647 rimati
1094 2626 1155 2648 sunt
1171 2623 1278 2662 :caeteri
1293 2631 1407 2658 namque
1427 2625 1577 2659 philosophi
1600 2635 1651 2653 non
1673 2636 1776 2655 utente-

985 2666 1076 2698 randi;
1094 2668 1127 2694 ita
1153 2676 1248 2704 nempe
1270 2669 1371 2696 ridiculi
1399 2678 1491 2699 omnes
1512 2671 1628 2700 fuerunt.
1644 2674 1692 2705 Qui
1714 2682 1777 2701 \‘ero

983 2713 1051 2748 apud
1067 2714 1127 2740 illos
1140 2714 1287 2742 admirandi
1309 2720 1335 2743 et
1357 2717 1503 2752 disciplina:
1525 2719 1659 2754 principes
1676 2720 1776 2749 haben—

985 2764 1036 2790 tur,
1052 2759 1079 2787 hi
1094 2761 1208 2788 maxime
1222 2766 1285 2789 sunt
1300 2771 1306 2789 :
1320 2764 1363 2797 qui
1380 2764 1415 2791 de
1429 2764 1563 2798 republica
1580 2771 1606 2793 et
1621 2766 1655 2793 de
1674 2767 1775 2801 legibus

983 2805 1102 2834 cumdam
1118 2807 1266 2841 scripsere,
1281 2813 1307 2836 et
1324 2813 1411 2836 tamen
1434 2810 1459 2836 in
1483 2811 1608 2838 onmibus
1623 2813 1681 2847 plus
1695 2822 1773 2848 quam

1014 2891 1051 2925 (ῃ)
1067 2895 1122 2921 Qua:
1134 2894 1229 2925 u_ncinis
1241 2894 1395 2924 clauduntur,
1408 2895 1511 2922 deerant
1524 2898 1546 2922 in
1566 2898 1636 2923 Savil.
1651 2902 1676 2923 et
1689 2903 1771 2925 Moror.

982 2922 1027 2956 sed
1038 2929 1070 2956 cui
1082 2929 1130 2956 uno
1141 2923 1228 2948 Codice
1237 2925 1363 2956 desumpta
1372 2922 1437 2955 sunt,
1453 2931 1478 2951 et
1492 2928 1554 2952 lecta
1568 2922 1773 2956 furor-antarium

983 2953 1046 2990 eiset)
1059 2953 1166 2978 Areliuo.
1179 2953 1338 2990 Qutxihautetit
1349 2957 1407 2984 dicit.
1418 2953 1609 2989 Chrysnstonnis.
1620 2966 1648 2983 ea
1659 2953 1713 2990 qud:

983 2986 1019 3020 rat
1031 2987 1134 3018 Joannes
1145 2986 1296 3020 evangelista
1307 3006 1313 3015 ,
1325 2994 1379 3020 rnon
1396 2986 1509 3013 omnibus
1530 2991 1626 3020 angelis
1642 2986 1697 3014 mila
1716 2999 1774 3016 ante

983 3013 1066 3042 luisse,
1078 3014 1128 3042 jam
1136 3013 1233 3041 dixerat
1241 3013 1312 3047 supra
1324 3019 1346 3042 in
1360 3021 1483 3044 Prommio.

1581 3061 1601 3088 2

1983 1417 2001 1450 ε
2032 1397 2068 1454 ί.
2176 1429 2181 1435 -

1978 1471 2132 1518 vir:

2173 1553 2184 1615 l

1978 1618 1979 1653 ἶ
2173 1620 2182 1645 σ

1986 1700 1987 1705 η
2079 1654 2185 1713 mi

1977 1715 1979 1738 ἐ
2179 1732 2185 1767 ὲ

2147 1905 2162 1960 ξ.
