4370 6306
621 296 684 354 3f
885 290 890 295 ’
1309 290 1364 346 S.
1405 285 1680 344 JOANNIS
1715 285 2184 343 CHRYSOSTOMI
2225 285 2540 342 ARCRIEP.
2582 284 3117 340 CONSTANTINOP.
3822 291 3895 348 δε

627 405 776 476 pueri
814 403 1019 460 ridiculi
1067 401 1230 456 habiti
1273 410 1441 455 sunt:
1471 400 1612 470 quod
1665 400 1916 454 mulieres
1961 397 2209 453 omnibus

623 509 938 552 communes
967 493 1224 556 fecerint,
1256 490 1415 544 vitam
1446 492 1616 560 ipsam
1669 504 1884 558 pessum
1925 488 2207 553 dederint,

625 597 680 642 et
707 585 966 642 honorem
989 583 1240 640 connubii
1269 581 1608 650 deturparint
1634 622 1648 645 ,
1679 582 1886 649 aliaque
1912 579 2209 649 hujusmodi

623 677 846 732 ridicule
874 676 1191 739 statuerint;
1225 683 1276 729 et
1318 673 1370 728 in
1416 673 1499 726 his
1538 681 1706 727 totum
1734 673 1854 726 vitae
1884 682 2094 740 tempus
2121 670 2206 724 in-

621 764 970 834 sumpserim.
999 763 1074 818 De
1103 764 1279 818 anima
1319 777 1448 816 vero
1487 763 1784 816 doctrinam
1829 760 2067 815 omnium
2095 769 2210 814 tur-

620 854 895 924 pissimam
922 863 1247 919 statuerunt,
1273 853 1401 908 dum
1424 854 1630 908 animas
1657 853 1954 916 hominum,
1972 866 2206 917 muscas,

619 945 825 1000 culices
847 986 861 1007 ,
895 944 1111 999 frutices
1141 943 1277 1008 fieri,
1306 943 1574 1013 Deumque
1613 943 1784 1013 ipsum
1822 945 2052 997 animam
2090 956 2210 997 esse

620 1035 902 1099 dicerent;
931 1043 984 1089 et
1012 1035 1112 1089 alia
1139 1034 1381 1104 quaadam
1412 1034 1714 1104 turpissima
1745 1041 2067 1088 assererent.
2097 1031 2209 1088 Nec

622 1139 684 1180 ea
715 1127 887 1179 solum
914 1124 982 1179 de
1001 1139 1158 1178 causa
1190 1123 1434 1193 culpandi
1461 1142 1474 1179 :
1500 1123 1594 1178 sed
1615 1133 1668 1178 et
1692 1138 1915 1193 magnus
1956 1133 2039 1178 est
2083 1123 2209 1193 ipsis

620 1217 907 1271 verborum
953 1215 1210 1286 Euripus.
1235 1215 1694 1281 Quemadmodum
1722 1216 1867 1270 enim
1909 1216 1961 1269 in
2013 1215 2210 1283 Euripo

625 1304 730 1361 huc
759 1306 884 1361 illuc
903 1305 1108 1374 jactati,
1134 1306 1211 1360 sic
1237 1321 1524 1376 nttmquam
1547 1307 1599 1360 in
1630 1305 1820 1360 iisdem
1843 1305 2205 1374 perstiterunt,

623 1405 808 1467 utpote
834 1396 922 1466 qui
946 1412 1009 1450 ex
1039 1397 1236 1451 incerta
1259 1406 1313 1451 et
1335 1395 1473 1450 ﬂuxa
1499 1404 1678 1452 mente
1705 1398 2068 1466 loquerentur.
2105 1396 2208 1450 Ve-

621 1500 740 1538 rum
772 1499 876 1538 non
906 1486 972 1539 ita
1000 1485 1231 1554 piscator
1262 1486 1365 1552 hic,
1389 1486 1478 1556 qui
1506 1487 1682 1540 omnia
1709 1497 1854 1542 certa
1879 1488 2203 1555 pronuntiat,

621 1585 676 1628 et
703 1577 852 1645 quasi
884 1577 934 1630 in
977 1586 1122 1645 petra
1151 1587 1318 1636 stans,
1352 1593 1638 1646 numquam
1667 1579 1872 1632 titubat.
1901 1577 2031 1631 Cum
2063 1579 2205 1632 enim

622 1667 675 1721 in
705 1667 814 1736 ipsa
843 1668 1000 1736 adyta
1030 1668 1206 1721 induci
1229 1668 1476 1736 dignatus
1500 1668 1590 1730 sit,
1613 1677 1667 1722 et
1697 1669 1867 1738 ipsum
1892 1669 2084 1724 habeat
2107 1673 2209 1724 Do-

621 1757 824 1809 minum
853 1758 906 1809 in
948 1771 1005 1810 se
1034 1757 1358 1825 loquentem,
1391 1759 1518 1811 nihil
1549 1757 1834 1814 humanum
1866 1775 2051 1828 passus
2089 1771 2205 1826 est;

621 1855 676 1899 at
719 1848 794 1900 illi
841 1847 980 1900 haud
1007 1862 1163 1902 secus
1201 1864 1358 1916 quam
1391 1849 1425 1902 ii
1454 1850 1540 1917 qui
1574 1867 1639 1902 ne
1673 1865 1767 1918 per
1791 1852 2056 1904 somnium
2085 1853 2207 1921 qni-

621 1935 744 1990 dem
791 1937 842 1990 in
885 1938 1084 2006 regiam
1113 1937 1332 1991 admissi
1373 1948 1530 2001 sum,
1557 1939 1648 1992 sed
1680 1940 1730 1992 in
1777 1939 1893 1994 foro
1921 1957 2042 1995 cum
2087 1943 2213 1998 aliis

622 2028 926 2096 permixtim
987 2029 1290 2085 hominibus
1345 2029 1821 2095 versantur,dum
1867 2046 1935 2084 ex
1993 2033 2206 2101 propria

615 2130 796 2175 mente
839 2120 908 2175 de
948 2121 1301 2177 iuvisibilibus
1329 2123 1724 2190 coniectarent,
1760 2125 1812 2178 in
1843 2140 2082 2181 summos
2111 2143 2203 2181 er-

612 2225 770 2265 rores
795 2211 1117 2278 inciderunt,
1145 2213 1212 2268 de
1242 2214 1595 2270 ineli‘abilibus
1617 2217 1884 2272 disserere
1907 2221 2139 2288 aggressi
2163 2221 2203 2285 ί,

621 2309 680 2356 et
705 2303 856 2370 quasi
873 2303 1004 2356 ecreci
1028 2303 1111 2357 vel
1135 2303 1272 2358 ebrii
1299 2305 1352 2357 in
1375 2307 1489 2373 ipso
1516 2321 1697 2360 errore
1725 2318 1913 2361 contra
1940 2323 1998 2363 se
2022 2319 2207 2364 mutuo

613 2389 992 2460 impegerunt:
1025 2406 1126 2447 nec
1151 2401 1337 2447 mutuo
1363 2403 1564 2448 tantum
1591 2396 1679 2448 alii
1707 2406 1890 2451 contra
1915 2398 2048 2453 alios
2071 2439 2087 2464 ,
2109 2398 2205 2454 sed

615 2481 778 2538 ctiam
807 2496 987 2541 secum
1019 2481 1086 2540 de
1115 2483 1300 2544 iisdem
1331 2485 1492 2544 rebus
1517 2500 1730 2556 semper
1757 2499 2010 2557 pugnant.
2043 2491 2204 2560 Atqui

618 2575 707 2630 hic
736 2576 1017 2632 illiteratus
1040 2620 1056 2645 ,
1090 2581 1237 2634 rudis
1261 2620 1274 2644 ,
1305 2594 1371 2635 ex
1407 2580 1718 2643 Betbsaida,
1746 2578 1988 2633 Zebedzei
2022 2581 2161 2635 filius
2187 2599 2200 2648 ;

616 2665 719 2718 etsi
747 2665 918 2722 Graaci
949 2669 1228 2723 nominum
1257 2670 1599 2739 asperitatem
1633 2671 1918 2726 admodum
1951 2673 2198 2739 rideant,

617 2755 785 2810 nihilo
811 2765 986 2811 tamen
1014 2759 1244 2824 minore,
1274 2761 1382 2814 imo
1405 2763 1607 2831 majore
1633 2763 1820 2818 fiducia
1838 2765 1948 2834 jam
1971 2766 2158 2834 loquar
2186 2781 2199 2818 :

617 2855 820 2915 quanto
841 2850 984 2903 enim
1014 2849 1182 2919 magis
1205 2849 1430 2903 barbara
1455 2851 1584 2920 ipsis
1607 2852 1815 2906 videtur
1842 2854 1986 2908 natio
2015 2854 2126 2918 illa,
2152 2864 2206 2910 et

617 2950 648 2990 a
678 2934 866 2992 (Σινωοο
896 2937 1139 2993 instituto
1177 2939 1353 2994 aliena
1378 2981 1393 3006 ,
1422 2949 1571 2997 tanto
1618 2942 1978 3012 splendidiora
2023 2925 2205 3001 nostra

619 3028 961 3084 videbuntur.
991 3029 1124 3086 Cum
1171 3031 1314 3086 enim
1358 3032 1614 3089 barbarus
1660 3043 1716 3089 et
1757 3035 2002 3092 indoctus
2029 3053 2091 3093 ea
2120 3039 2204 3094 lo-

616 3129 830 3188 quatur,
871 3135 989 3190 qua:
1017 3123 1194 3176 nullus
1218 3122 1494 3177 hominum
1536 3140 1789 3194 umquam
1820 3137 2078 3194 noverat;
2107 3144 2207 3184 nec

619 3212 866 3282 loquatur
896 3213 1076 3278 modo,
1105 3215 1198 3269 sed
1229 3215 1389 3270 etiam
1431 3217 1654 3272 suadeat
1704 3220 1864 3288 (quod
1893 3222 1936 3275 si
1966 3221 2092 3276 illud
2119 3237 2207 3277 so-

618 3303 725 3355 lum
748 3313 910 3369 esset,
944 3319 1193 3373 magnum
1223 3306 1365 3364 foret
1392 3305 1740 3375 miraculum;
1765 3325 1904 3365 nunc
1927 3327 2052 3368 vero
2079 3329 2207 3382 prae-

619 3403 701 3448 ter
731 3393 849 3458 hoc,
882 3395 1042 3450 etiam
1070 3397 1212 3452 aliud
1239 3398 1412 3468 majus
1441 3400 1815 3469 suppeditetur
1833 3416 2204 3475 argumentum

618 3485 757 3555 quod
804 3503 863 3542 ea
907 3505 1026 3558 qum
1053 3488 1305 3544 dicuntur
1333 3490 1590 3547 divinitus
1617 3493 1870 3565 inspirata
1912 3499 2049 3566 sint,
2081 3500 2204 3569 quia

619 3594 813 3649 nempe
839 3581 1170 3637 auditoribus
1203 3584 1454 3639 omnibus
1492 3601 1708 3657 semper
1726 3589 2022 3646 doctrinam
2052 3608 2203 3648 suam

620 3673 1056 3743 persuaserint);
1087 3677 1206 3742 quis
1233 3676 1614 3735 immanentem
1648 3681 1698 3735 in
1728 3696 1794 3736 eo
1821 3684 2068 3741 virtutem
2099 3703 2204 3742 non

621 3761 940 3816 mirabitur?
984 3763 1115 3817 Illud
1160 3767 1337 3829 enim,
1369 3777 1428 3821 ut
1451 3767 1561 3836 jam
1606 3770 1751 3837 dixi,
1780 3774 2016 3830 maxime
2054 3777 2207 3847 signo

620 3862 724 3916 est,
749 3852 921 3922 ipsum
950 3868 1054 3908 non
1076 3869 1140 3908 ex
1167 3855 1346 3924 seipso
1373 3855 1670 3913 doctrinam
1695 3869 1751 3914 et
1772 3861 1917 3931 leges
1942 3865 2203 3934 proferre.

623 3943 719 3998 llic
747 3943 926 4014 itaque
969 3943 1225 4000 barbarus
1254 3947 1533 4014 evangelio
1568 3962 1667 4002 suo
1713 3951 2018 4008 universum
2055 3970 2206 4010 com-

608 4031 901 4100 prehendit
948 4042 1174 4099 orbem,
1221 4049 1452 4104 corpore
1503 4045 1681 4092 autem
1753 4040 1984 4095 mediam
2038 4045 2208 4099 tenuit

618 4126 801 4178 nsiam
822 4165 838 4185 .
867 4125 954 4180 ubi
981 4127 1107 4180 olim
1138 4127 1650 4198 philosophabantur
1678 4147 1866 4188 omnes
1894 4133 2095 4191 Grmcte
2123 4137 2208 4191 di-

606 4215 860 4284 sciplinze
889 4214 1168 4283 homines;
1200 4218 1428 4289 hincque
1460 4221 1794 4279 daemonibus
1830 4235 1912 4280 est
1957 4227 2210 4282 formida-

621 4304 745 4358 bilis
770 4307 816 4370 ³,
839 4306 980 4374 quod
1015 4308 1065 4360 in
1096 4307 1328 4366 hostium
1358 4312 1536 4367 medio
1564 4313 1778 4385 fulgeat,
1811 4317 2022 4372 illorum
2071 4320 2207 4374 cali-

619 4396 794 4462 ginem
820 4399 1138 4470 exstinguat.
1159 4401 1570 4474 daemonumque
1591 4420 1768 4462 arcem
1789 4408 1966 4464 diruat
1994 4428 2008 4466 :
2031 4412 2206 4467 anima

617 4497 800 4540 autem
829 4488 880 4539 in
909 4503 1029 4541 eum
1061 4493 1283 4544 secessit
1309 4493 1503 4559 locum,
1535 4497 1622 4563 qui
1651 4499 1773 4550 talia
1801 4503 2040 4568 aperanti
2063 4518 2210 4557 com-

621 4583 850 4640 peteret.
875 4575 950 4628 Ac
993 4575 1299 4631 Graecorum
1344 4581 1557 4648 quidem
1604 4585 1884 4652 Opiniones
1935 4591 2209 4645 exstinctae

621 4664 919 4732 doletmque
959 4676 1082 4720 sunt
1109 4683 1122 4729 ;
1157 4667 1316 4737 hujus
1345 4685 1469 4723 vero
1499 4687 1586 4726 res
1611 4675 1850 4742 quotidie
1879 4678 2208 4747 splendidio-

623 4771 709 4810 res
736 4756 985 4810 evaduut.
1017 4757 1093 4811 Ex
1139 4773 1248 4827 quo
1276 4761 1420 4815 enim
1458 4762 1544 4818 hic
1587 4773 1641 4818 et
1689 4766 1877 4836 reliqui
1917 4769 2211 4839 piscatores

623 4846 876 4911 fuerunt,
936 4846 1250 4918 Pythagoras
1301 4850 1643 4924 Platonisque
1709 4856 2042 4928 disciplime,
2092 4879 2210 4932 qua:

609 4936 772 5005 prius
793 4937 1037 4993 obtinere
1061 4939 1397 5008 videbantur,
1439 4944 1652 5000 silentio
1680 4947 1858 5004 missae
1882 4961 2027 5017 sunt,
2054 4969 2119 5008 ac
2144 4970 2210 5010 ne

622 5029 839 5083 nomine
869 5031 1084 5099 quidem
1114 5031 1234 5087 illos
1256 5043 1451 5088 norunt
1482 5036 1740 5107 plerique.
1765 5042 1923 5110 Atqui
1953 5043 2101 5098 Plato
2131 5054 2210 5116 ty-

621 5135 825 5174 rannos
853 5120 984 5176 adiit
1012 5124 1234 5190 accitus,
1265 5133 1324 5178 tit
1350 5126 1517 5194 aiunt,
1543 5130 1746 5186 amicos
1779 5133 1960 5192 habuit
1991 5138 2205 5205 multos,

619 5220 776 5281 atque
804 5212 855 5266 in
877 5213 1109 5270 Siciliam
1135 5217 1400 5288 navigavit
1425 5235 1440 5274 :
1462 5219 1792 5294 Pythagoras
1815 5243 1940 5282 vero
1963 5246 2206 5300 magnam

684 5406 699 5436 ⁸
969 5407 1282 5482 ἰιξςπᾳὺξιίὸιςες
1304 5413 1800 5482 disserereoggressi,
1827 5424 1989 5482 posuit
2015 5425 2060 5472 in
2086 5431 2204 5474 Mar-

618 5467 736 5546 gine
757 5466 1119 5546 savilipsZJiL-ct
1141 5473 1188 5520 lu
1209 5472 1520 5546 aliquot
1546 5466 2060 5546 habeanturfquorum'
2080 5466 2206 5537 unus

617 5527 740 5587 ιιηεει
766 5527 1096 5592 inuisibilibus,
1125 5545 1229 5594 pro,
1254 5527 1591 5598 ἕήεπαὸίιὶὺηδ.

621 5611 1082 5726 ’,ἇςιιξῦέεξηωυε
1106 5615 1400 5668 ααηποηὶὸω
1422 5628 1492 5671 est
1513 5622 1852 5688 formidabilis,
1890 5628 1939 5676 in
1955 5629 2120 5691 Savil.,
2153 5639 2205 5680 et

2318 396 2797 464 adiensGrarciam,
2811 400 3104 470 praestigias
3123 399 3326 455 induxit
3343 399 3647 459 innumeras
3663 406 3756 474 (a);
3777 423 3901 462 nam

2318 487 2460 556 quod
2505 501 2627 541 cum
2673 485 2844 542 bobus
2893 489 3320 561 loqueretur(id
3369 493 3512 545 enim
3543 493 3610 548 de
3651 494 3742 550 illo
3773 511 3899 551 nar-

2319 580 2542 647 ratur),
2593 594 2699 633 non
2755 580 2856 634 nisi
2915 581 3118 650 magica
3182 592 3300 638 arte
3359 586 3600 653 praestari
3669 599 3896 656 poterat.

2319 667 2560 737 llincque
2581 670 2812 725 maxime
2843 671 3016 740 palam
3042 683 3145 738 est,
3177 673 3319 743 quod
3347 674 3395 728 is
3423 677 3509 745 qui
3541 678 3696 733 bruta
3722 681 3798 735 sic
3818 683 3900 735 al-

2315 758 2655 828 loquebatur,
2684 761 2816 814 nihil
2843 762 3085 817 utilitatis
3110 762 3414 819 bominibus
3443 777 3720 834 praestaret
3744 810 3758 835 ,
3793 769 3902 824 imo

2317 850 2446 918 ipsis
2490 852 2713 905 multum
2756 862 2992 909 noceret.
3031 855 3192 909 Certe
3217 857 3391 925 aptior
3413 857 3481 912 ad
3509 859 3900 931 philosophiam

2313 950 2430 994 erat
2460 942 2731 996 hominum
2779 955 2965 998 natura
3000 962 3012 999 :
3042 956 3276 1002 attamen
3322 948 3410 1003 ille
3453 964 3574 1004 cum
3609 952 3801 1020 aquilis
3844 962 3900 1008 et

2315 1032 2506 1097 bobus,
2537 1043 2592 1086 ut
2620 1034 2803 1099 aiunt,
2838 1051 2934 1105 per
2965 1038 3260 1108 prmstigias
3292 1040 3627 1111 loquebatur.
3651 1043 3767 1099 Non
3808 1045 3901 1101 ille

2315 1127 2536 1178 rationis
2581 1137 2855 1192 expertem
2902 1139 3146 1184 naturam
3194 1133 3512 1188 rationalem
3564 1136 3793 1203 effecit;
3846 1139 3896 1194 id

2315 1215 2455 1283 quod
2499 1215 2662 1270 homo
2698 1231 2802 1271 non
2836 1228 3009 1288 potest
3039 1239 3054 1274 :
3090 1221 3182 1275 sed
3227 1224 3509 1294 praestigiis
3535 1227 3726 1282 stultos
3755 1230 3896 1284 deci-

2315 1305 2511 1372 piebat.
2543 1305 2658 1360 Non
2707 1309 2822 1362 utili
2865 1310 3108 1366 doctrina
3145 1312 3387 1368 homines
3423 1316 3769 1384 instituebat;
3803 1320 3897 1376 sed

2313 1397 2538 1452 docebat
2582 1399 2721 1454 idem
2773 1415 2893 1457 esse
2941 1401 3088 1458 fabas
3127 1404 3288 1460 edere
3317 1415 3373 1460 et
3397 1420 3673 1475 parentum
3726 1414 3895 1481 capita

2312 1485 2610 1554 devorare;
2638 1491 3076 1563 auditoribusque
3117 1497 3472 1564 persuadebat
3494 1542 3508 1563 ,
3537 1501 3776 1557 doctoris
3815 1505 3895 1559 sui

2313 1577 2543 1631 animam
2571 1619 2587 1643 ,
2618 1580 2776 1634 modo
2819 1581 3061 1638 fruticem
3088 1626 3104 1650 ,
3133 1587 3293 1641 modo
3336 1589 3565 1657 puellam
3584 1632 3600 1655 ,
3635 1594 3794 1647 modo
3820 1595 3898 1664 pi-

2312 1681 2457 1721 scem
2489 1668 2649 1724 cflici.
2682 1673 2872 1727 Annon
2897 1674 3019 1743 jure
3061 1676 3144 1730 illa
3171 1679 3431 1734 exstincta
3459 1683 3670 1750 penitus
3695 1686 3898 1742 deleta-

2312 1775 2417 1828 que
2445 1764 2608 1815 sunt?
2633 1765 2788 1819 Certe
2810 1765 2931 1834 jure
2960 1782 3022 1821 ac
3051 1770 3276 1835 merito,
3308 1781 3366 1827 ut
3407 1775 3542 1829 ratio
3572 1779 3893 1846 postulabat.

2312 1851 2382 1904 Αι
2405 1866 2508 1906 non
2537 1853 2614 1906 sic
2636 1854 2718 1908 illa
2747 1872 2864 1923 quae
2885 1857 2948 1910 ad
2977 1858 3161 1912 rudem
3193 1860 3339 1914 illum
3363 1872 3417 1918 et
3443 1865 3748 1922 illiteratum
3780 1885 3897 1939 per-

2314 1941 2517 1998 tinent:
2552 1960 2734 1999 verum
2779 1946 2899 2017 Syri
2927 1989 2940 2011 ,
2966 1947 3199 2020 Egyptii
3221 1993 3235 2017 ,
3268 1953 3410 2020 Indi,
3445 1956 3651 2026 Persae,
3686 1961 3896 2018 Ethio-

2313 2047 2428 2101 pes,
2459 2035 2858 2107 innumcrthue
2883 2041 3000 2095 alia:
3021 2051 3228 2110 gentes,
3255 2044 3502 2115 dogmata
3531 2050 3598 2103 ab
3619 2050 3712 2105 illo
3743 2054 3896 2108 inda»

2313 2135 2398 2177 cta
2447 2127 2499 2180 in
2552 2127 2783 2197 linguam
2836 2146 2986 2186 suam
3037 2135 3464 2206 transferentes,
3517 2141 3727 2198 barbari
3774 2146 3895 2203 licet

2311 2227 2512 2283 essent,
2544 2221 2908 2291 phil05ophari
2937 2224 3256 2282 didicerunt.

2381 2308 2435 2362 5.
2476 2308 2590 2362 Non
2621 2327 2750 2382 ergo
2778 2313 2974 2368 frustra
3003 2315 3244 2371 dicebam
3265 2360 3282 2386 ,
3315 2328 3480 2377 totum
3521 2324 3707 2382 orbem
3739 2328 3892 2384 thea-

2313 2407 2448 2452 trum
2495 2401 2594 2470 ipsi
2637 2401 2818 2459 fuisse.
2846 2405 3029 2476 Neque
3067 2409 3210 2464 enim
3249 2413 3430 2468 missis
3468 2421 3890 2488 congeneribus,

2311 2506 2499 2545 vanam
2526 2493 2696 2550 brutis
2736 2496 3072 2553 instituendis
3098 2515 3316 2570 cperam
3348 2506 3608 2574 ponebat;
3638 2511 3778 2580 quod
3806 2527 3895 2567 su-

2314 2598 2704 2651 pervacaueum
2757 2586 2988 2642 studium
3031 2597 3087 2643 et
3122 2591 3308 2662 ingens
3335 2594 3638 2665 insipientia
3667 2601 3889 2666 fuisset;

2309 2673 2402 2729 sed
2451 2684 2507 2730 et
2551 2676 2710 2746 hujus
2752 2687 2806 2731 et
2846 2680 3075 2735 aliorum
3122 2697 3316 2753 expers
3343 2687 3612 2756 vitiorum,
3647 2691 3698 2746 id
3730 2710 3891 2750 unum

2309 2768 2550 2832 curabat,
2569 2777 2627 2821 ut
2654 2777 2796 2822 totus
2823 2771 2971 2825 orbis
3001 2773 3125 2828 utile
3150 2775 3418 2845 quidpiam
3439 2779 3722 2852 edisceret,
3751 2788 3891 2855 quod

2311 2866 2492 2925 posset
2517 2857 2660 2911 illum
2687 2874 2715 2910 a
2741 2868 2879 2914 terra
2907 2862 2957 2915 in
2981 2863 3172 2918 cazlum
3200 2867 3511 2925 transferre.
3535 2871 3765 2946 Ideoque
3787 2896 3892 2934 non

2311 2949 2538 3017 caligine
2565 2957 2618 3002 et
2644 2951 2878 3006 tenebris
2905 2953 3202 3012 doctrinam
3241 2974 3391 3014 suam
3423 2963 3678 3034 involvit,
3706 2981 3762 3023 ut
3795 2973 3889 3037 illi,

2309 3038 2400 3106 qui
2456 3053 2631 3107 pravae
2674 3040 2931 3097 doctrinze
2983 3061 3094 3099 sua:
3145 3049 3523 3108 obscuritatem
3578 3072 3676 3112 ceu
3718 3063 3891 3116 velum

2309 3129 2595 3199 quodpiam
2621 3131 3016 3201 obtendebant;
3045 3139 3140 3193 sed
3174 3140 3331 3211 hujus
3360 3143 3607 3214 dogmata
3643 3161 3766 3206 sunt
3805 3170 3894 3210 ra-

2309 3219 2413 3276 diis
2451 3223 2715 3279 solaribus
2769 3226 2993 3282 clariora
3035 3247 3048 3283 :
3095 3231 3215 3286 ideo
3261 3238 3510 3292 onmibus
3560 3258 3653 3310 per
3709 3247 3892 3302 orbem

2309 3311 2615 3370 hominibus
2647 3319 2901 3388 patefacta
2931 3331 3073 3381 sunt.
3110 3324 3224 3380 Non
3267 3329 3409 3384 enim
3447 3333 3683 3404 quinque
3727 3353 3896 3394 annos

2309 3418 2430 3458 rum
2453 3405 2724 3462 silentium
2741 3411 3117 3469 accedentibus
3138 3415 3450 3487 imperabat,
3475 3435 3530 3476 ut
3550 3424 3669 3491 ille;
3700 3443 3800 3484 nec
3820 3433 3897 3488 sic

2309 3494 2532 3552 docebat
2557 3541 2570 3563 ,
2596 3511 2653 3553 ut
2683 3501 3075 3561 insensibilibus
3104 3507 3366 3578 lapidibus
3397 3515 3688 3583 assideret;
3723 3537 3896 3594 neque

2311 3592 2549 3644 numeris
2576 3594 2752 3647 omnia
2774 3595 2982 3650 definiri
3010 3598 3377 3658 fabulabatur:
3401 3608 3494 3662 sed
3522 3611 3726 3674 abiecta
3748 3592 3894 3671 omni

2311 3678 2616 3749 hujusmodi
2650 3683 2851 3754 ingrata
2878 3686 3120 3744 doctrina
3146 3702 3201 3746 et
3229 3697 3463 3760 pernicie
3491 3705 3748 3772 satanica,
3781 3718 3897 3763 tan-

2312 3777 2418 3824 tam
2443 3773 2616 3827 verbis
2642 3774 2924 3830 admiscuit
2945 3777 3267 3847 facilitatem,
3295 3795 3349 3839 ut
3372 3804 3476 3842 non
3505 3792 3664 3848 modo
3690 3797 3818 3852 viris
3843 3810 3904 3855 et

2311 3861 2637 3929 sapientibus
2659 3903 2675 3928 ,
2705 3864 2797 3918 sed
2823 3867 2982 3922 etiam
3013 3871 3338 3929 mulierculis
3372 3885 3424 3930 et
3471 3880 3896 3944 adolesrentibus

2311 3951 2448 4004 dicta
2477 3953 2652 4006 omnia
2681 3958 2958 4025 perspicua
2987 3971 3185 4016 essent.
3217 3964 3305 4018 illa
3335 3969 3478 4023 enim
3509 3986 3632 4026 vera
3669 3987 3722 4029 ct
3750 3979 3896 4033 utilia

2313 4041 2594 4110 audituris,
2615 4060 2736 4099 esse
2748 4049 3082 4104 confirmavit
3107 4061 3295 4122 totum,
3324 4059 3466 4127 quod
3489 4073 3670 4132 postea
3698 4083 3898 4138 sequu-

2314 4141 2423 4188 tum
2454 4146 2556 4202 est,
2581 4145 2788 4207 tempus
2817 4157 2828 4194 :
2859 4157 2979 4195 nam
3010 4153 3178 4199 totum
3208 4147 3275 4202 ad
3307 4165 3366 4204 se
3396 4159 3654 4220 pertraxit
3683 4160 3892 4228 orbent,

2313 4231 2368 4279 et
2392 4224 2460 4277 ab
2488 4227 2632 4280 omni
2671 4228 2839 4283 aliena
2875 4235 3126 4302 lragtrdia
3156 4238 3317 4293 vitam
3347 4255 3584 4300 nostram
3613 4224 3894 4318 liberavit,

2314 4329 2594 4389 pestquam
2619 4321 2732 4375 Itzec
2752 4325 2927 4378 audita
2959 4325 3126 4382 fuere.
3143 4330 3479 4403 Quapropter
3502 4350 3761 4409 quotquot
3782 4342 3899 4400 haec

2311 4408 2558 4464 audimus
2595 4412 2825 4467 animam
2852 4414 3127 4474 effundere
3155 4432 3400 4490 optamus
3437 4429 3611 4496 potius
3630 4408 3661 4493 ,ί
3677 4447 3833 4500 quam
3865 4451 3894 4489 a

2313 4499 2648 4568 dogmatibus
2678 4505 2745 4557 ab
2787 4507 2877 4561 illo
2925 4511 3132 4565 traditis
3157 4515 3494 4573 absistamus.
3527 4521 3661 4576 Hinc
3688 4540 3819 4596 ergo
3847 4539 3900 4583 et

2314 4594 2458 4646 omni
2486 4609 2551 4647 ex
2575 4606 2726 4664 parte
2754 4598 2937 4668 liquet,
2969 4603 3102 4658 nihil
3129 4602 3416 4665 humanum
3445 4613 3514 4666 ab
3535 4615 3672 4684 ipso,
3704 4594 3799 4672 sed
3829 4620 3902 4674 di-

2316 4686 2434 4739 vina
2464 4697 2516 4742 et
2547 4691 2775 4745 cselestia
2803 4708 2923 4750 esse
2949 4696 3192 4767 dogmata
3219 4744 3233 4768 ,
3259 4719 3375 4774 quae
3401 4721 3428 4760 a
3455 4707 3632 4765 divina
3670 4711 3758 4766 illa
3786 4713 3900 4766 ani-

2316 4790 2399 4830 ma
2429 4778 2494 4830 ad
2522 4794 2617 4835 nos
2645 4795 3017 4850 pervenerunt.
3062 4790 3242 4861 Neque
3269 4797 3412 4852 enint
3439 4800 3722 4856 verborum
3757 4813 3898 4860 stre-

2317 4869 2504 4937 pitutn,
2537 4889 2640 4926 non
2667 4873 2917 4931 dictionis
2960 4877 3161 4947 fucum,
3195 4901 3366 4956 neque
3409 4892 3684 4947 nominum
3707 4896 3899 4950 verbo-

2317 4977 2541 5032 rumque
2583 4977 2827 5021 ornatum
2873 4980 2927 5024 et
2970 4977 3412 5044 compositionem
3454 4985 3778 5052 superfluam
3814 4989 3894 5041 vel

2317 5051 2556 5109 inutilem
2588 5057 2885 5114 videbimus
2913 5061 3050 5131 (haec
3078 5067 3275 5136 quippe
3298 5072 3480 5138 procul
3507 5051 3627 5128 sunt
3654 5077 3721 5129 ab
3750 5079 3896 5133 omni

2314 5143 2706 5219 philosophia);
2737 5150 2830 5203 sed
2861 5153 2966 5206 vim
2997 5155 3245 5211 invictam
3279 5169 3331 5213 et
3355 5161 3610 5227 divinam,
3645 5175 3699 5220 et
3726 5179 3900 5221 recto-

2315 5248 2432 5288 rum
2477 5235 2781 5305 dogmatum
2831 5242 3141 5300 immensam
3193 5251 3484 5320 virtutem,
3533 5257 3896 5315 innumerabi-

2377 5348 2467 5424 fa)__
2494 5355 2563 5424 ρετ
2587 5350 2791 5402 Platonis
2809 5356 2855 5403 in
2881 5357 3082 5424 siciliam
3125 5362 3328 5424 appulsu
3368 5367 3508 5414 multi
3548 5377 3887 5420 narraverunt.

2314 5404 2395 5494 ἒς
2419 5404 2718 5494 ιῬγιξιεὶεοιδὲῖ
2750 5428 2868 5487 cum
3095 5404 3343 5494 etlagjitiiis

2313 5481 2395 5553 me
2419 5467 2844 5553 iegertfmemini;
2871 5480 2960 5550 nisi
2983 5467 3898 5553 hirteerfei-at’ur'ad'id

2314 5538 2813 5614 “Ilae'rt‘imuin
2828 5540 3073 5614 “incipio
3094 5546 3209 5614 vim:
3234 5538 3763 5614 Pythagoraiammam
3781 5538 3896 5614 eius

2316 5592 2364 5638 in
2387 5604 2509 5671 quas
2532 5592 2685 5671 vellet
2707 5592 2909 5648 arbores
2929 5592 3008 5650 vei
3029 5592 3893 5671 animantescomrijgrasse'géte;

2454 5654 2518 5704 de
2560 5655 2818 5720 Pythagora
2842 5671 3116 5727 sequuntur
3132 5701 3147 5727 ,
3177 5654 3284 5715 vide
3307 5654 3892 5734 apud—ﬂiog'eu'einwlauer":
