4370 6306
489 304 567 362 55
1625 294 1694 351 IN
1727 295 2043 353 JOANNEM
2086 295 2215 354 H0!

2035 297 2043 353 Ι
2086 295 2314 354 HOIIL.
2357 298 2422 354 ll.
2462 302 2533 357 al.
2573 302 2611 355 l.
2993 333 2997 337 .
3693 312 3761 370 ε,

493 417 729 488 liumque
756 415 1022 471 bonorum
1065 410 1419 483 largitionem.
1449 408 1583 465 Nam
1611 409 1664 464 in
1693 407 2071 480 praedicatione

494 512 665 565 nimia
687 508 973 563 verborum
994 503 1275 562 curiositas
1309 499 1583 573 superﬂua
1610 510 1775 568 esset,
1806 509 1863 557 et
1885 502 2074 571 sophi-

492 602 588 657 stis
603 601 760 671 digna
780 614 798 664 ;
816 599 924 652 imo
945 613 1050 653 non
1064 594 1336 667 sophistis,
1353 594 1449 650 sed
1469 594 1646 664 pueris
1664 594 2035 664 insipientibus
2055 611 2071 661 ;

490 694 564 749 ita
594 700 653 747 ut
673 691 815 761 apud
835 704 930 746 eos
956 690 1068 758 ipse
1091 686 1439 758 philosophus
1462 686 1738 741 induceret
1762 694 2073 755 magistrum

489 799 649 839 suum
675 797 834 853 quem
862 794 972 836 ante
1004 781 1133 836 artis
1156 778 1408 850 pudebat,
1440 778 1636 848 quique
1659 776 1869 831 dicebat
1891 774 2072 846 judici-

489 875 596 931 bus
624 875 768 942 ipsos
788 871 1064 926 audituros
1088 871 1156 923 ab
1179 885 1239 925 se
1262 884 1383 925 esse
1412 868 1571 923 verba
1602 867 1719 921 sine
1746 866 1988 927 artilicio,
2021 873 2076 920 et

492 974 548 1019 ut
592 978 748 1019 casus
777 962 1016 1026 ferebat,
1048 959 1289 1030 prolata;
1323 975 1428 1013 non
1456 957 1735 1028 exquisitis
1767 966 1952 1010 ornata
1986 955 2075 1011 di-

489 1056 611 1119 ctis,
636 1069 743 1109 non
786 1052 962 1108 verbis
986 1060 1041 1107 et
1070 1050 1375 1105 nominibus
1407 1049 1622 1105 selectis
1667 1047 1860 1103 fucata.
1892 1046 2076 1116 Neque

489 1148 633 1201 enim
663 1161 758 1214 par
781 1153 862 1198 est
886 1184 900 1207 ,
930 1141 1223 1213 inquiebat,
1253 1155 1287 1196 ο
1316 1141 1438 1207 viri,
1469 1140 1626 1209 hujus
1664 1140 1837 1194 aetatis
1862 1139 2069 1203 virum,

489 1236 846 1294 adolescentis
871 1234 1111 1306 proferre
1131 1232 1294 1288 verba
1319 1248 1499 1287 coram
1526 1232 1675 1287 vobis
1691 1231 1976 1300 judicibus.
1996 1230 2075 1286 Ac

490 1330 611 1384 vide
636 1342 796 1398 quam
831 1328 901 1379 sit
942 1324 1069 1379 illttd
1101 1324 1402 1379 ridiculum.
1425 1325 1595 1390 Quam
1626 1324 1768 1378 enim
1796 1337 1912 1376 rem
1939 1332 2076 1375 tam-

489 1438 649 1493 quam
683 1434 913 1494 turpem,
936 1422 1266 1493 philosophia
1300 1421 1591 1490 indignam,
1624 1419 2076 1474 adolescentium-

487 1531 594 1585 que
620 1530 775 1584 opus,
803 1516 1113 1585 magistrum
1140 1528 1296 1568 suum
1319 1512 1502 1581 fugere
1520 1510 1673 1576 dixit,
1701 1510 1822 1565 huic
1845 1510 2075 1564 maxime

490 1607 605 1676 ipse
625 1621 841 1676 operam
862 1606 1028 1660 dedit.
1056 1605 1128 1658 Ita
1153 1604 1346 1673 ubique
1367 1602 1640 1656 ambitioni
1661 1601 1943 1656 studebant
1965 1599 2070 1664 illi;

487 1698 568 1767 (α)
602 1696 863 1769 [nihilque
907 1704 1101 1766 praeter
1138 1694 1241 1748 hoc
1271 1693 1324 1746 in
1357 1693 1580 1747 Platone
1607 1691 1958 1746 admiratione
1999 1689 2075 1744 dio

485 1804 650 1859 gnum
670 1786 928 1860 videtur.)
946 1789 1021 1842 Ac
1042 1786 1489 1857 quemadmodum
1507 1785 1551 1839 si
1567 1785 1809 1854 sepulcra
1834 1784 2073 1840 exterius

491 1879 742 1934 dealbata
773 1880 1066 1950 aperueris,
1097 1878 1267 1944 sanie,
1294 1877 1504 1942 faetore,
1533 1875 1907 1947 corruptisque
1931 1876 2070 1929 ossi-

487 1970 591 2026 bus
618 1971 771 2041 plena
796 1969 997 2024 videbis
1022 1985 1037 2022 :
1070 1969 1141 2023 ita
1185 1968 1229 2022 si
1277 1966 1582 2037 philosophi
1611 1967 1857 2037 dogmata
1883 1966 2069 2020 dictio-

487 2065 574 2118 nis
623 2073 812 2117 ornatu
859 2062 1167 2127 nudaveris,
1217 2061 1381 2115 multa
1424 2059 1629 2115 videbis
1677 2060 2073 2114 abominatione

488 2155 679 2224 plena;
714 2153 945 2207 maxime
969 2153 1012 2207 si
1039 2152 1107 2207 de
1134 2152 1309 2207 anima
1342 2150 1768 2222 philosophetur,
1797 2166 1955 2221 quam
1986 2152 2070 2205 ni-

487 2248 596 2302 mio
619 2248 821 2303 honore
860 2246 926 2301 ad
952 2246 1340 2316 blasphemiam
1387 2260 1556 2315 usque
1593 2243 1777 2298 afﬁcit.
1809 2244 1903 2299 llic
1927 2246 2069 2299 enim

485 2339 782 2394 diabolicus
805 2340 1025 2409 laqueus
1054 2346 1157 2405 est,
1189 2351 1495 2391 mensuram
1525 2350 1783 2405 nusquam
1813 2349 2029 2390 servare
2050 2376 2065 2401 ,

486 2432 581 2487 sed
605 2432 657 2486 in
689 2440 974 2501 utrumque
1005 2439 1367 2484 extremorum
1398 2428 1488 2482 illo
1514 2437 1699 2496 captos
1732 2441 1826 2496 per
1854 2441 2070 2496 pravam

487 2524 784 2579 doctrinam
813 2521 1099 2577 deducere.
1130 2519 1284 2575 Nunc
1323 2520 1466 2575 enim
1516 2519 1659 2573 illam
1706 2534 1770 2572 ex
1816 2517 1907 2571 Dei
1946 2517 2072 2571 sub-

486 2617 681 2675 stantia
710 2630 833 2671 esse
858 2614 1020 2681 dicit;
1050 2628 1191 2668 nunc
1221 2613 1363 2667 illam
1393 2620 1586 2682 praeter
1611 2610 1830 2665 modum
1877 2620 1934 2665 et
1974 2611 2072 2662 im-

488 2713 577 2784 pie
617 2711 811 2766 elatam
838 2750 853 2775 ,
884 2722 980 2778 per
1022 2706 1243 2762 alteram
1282 2704 1612 2777 hyperbolen
1643 2703 1914 2772 deturpat,
1943 2701 2070 2756 dum

488 2804 635 2859 illam
665 2801 721 2854 in
749 2813 961 2870 porcos,
983 2798 1183 2864 asinos,
1217 2797 1375 2867 inque
1401 2795 1585 2850 viliora
1614 2792 1899 2847 animantia
1928 2790 2075 2846 indu-

487 2897 583 2951 cit.
615 2892 722 2949 Sed
751 2891 867 2946 btcc
901 2891 1032 2945 satis
1073 2902 1266 2955 sunto;
1293 2889 1400 2942 imo
1429 2886 1566 2941 ultra
1612 2884 1829 2940 modum
1874 2883 1944 2939 de
1988 2881 2071 2937 his

488 2990 862 3046 disseruimus.
891 2989 945 3045 Si
967 2988 1093 3059 quid
1123 2987 1264 3043 enim
1295 2986 1425 3041 utile
1444 2985 1512 3040 ab
1540 2983 1644 3038 illis
1676 2981 1839 3038 edisci
1867 2986 2069 3049 posset,

489 3082 730 3153 pluribus
773 3081 839 3137 iis
884 3081 1131 3136 insistere
1175 3077 1537 3148 oportuisset;
1584 3074 1666 3130 sin
1710 3087 1838 3128 vero
1865 3079 2070 3126 tantum

488 3183 745 3246 quantum
780 3173 848 3227 ad
874 3187 1062 3229 eorum
1108 3168 1481 3225 declarandam
1528 3165 1915 3235 turpitudinem
1943 3163 2073 3216 satis

488 3274 657 3334 esset,
685 3264 973 3321 dicendum
1002 3263 1258 3333 oportuit,
1291 3260 1406 3314 hac
1436 3259 1552 3328 plus
1573 3271 1732 3327 quam
1768 3255 1898 3309 satis
1925 3261 2069 3308 sunt.

486 3358 665 3426 Quare
694 3356 873 3412 missis
901 3356 1110 3410 illorum
1139 3352 1332 3407 fabulis
1359 3392 1374 3416 ,
1404 3350 1513 3419 jam
1544 3355 1723 3402 nostra
1749 3347 2072 3415 attingamus

488 3452 770 3520 dogmata,
798 3464 917 3518 qua:
957 3446 1109 3501 nobis
1149 3459 1242 3513 per
1282 3442 1502 3511 hujusce
1534 3438 1813 3508 piscatoris
1837 3436 2072 3505 linguam

487 3544 557 3600 de
580 3543 713 3599 cado
740 3541 969 3597 demissa
999 3545 1157 3602 sunt,
1190 3549 1416 3606 qumque
1466 3532 1600 3586 nihil
1647 3528 1843 3584 habent
1882 3528 2071 3580 imma-

489 3653 635 3692 num.
673 3636 784 3705 Age
813 3648 941 3704 ergo
965 3673 979 3697 ,
1008 3631 1122 3684 haec
1154 3629 1290 3684 dicta
1319 3627 1370 3681 in
1404 3623 1635 3683 medium
1666 3620 1953 3676 achramns
1972 3659 1986 3683 ,
2018 3624 2073 3670 et

486 3739 547 3784 ut
569 3727 723 3784 initio
752 3724 948 3782 hortati
977 3738 1180 3787 sumus,
1208 3719 1365 3775 dictis
1395 3731 1515 3772 esse
1541 3711 1942 3773 attendendum,
1971 3709 2072 3760 huc

487 3835 636 3875 nunc
665 3819 855 3872 iterum
879 3828 1180 3869 monemus.
1204 3809 1340 3877 Quid
1368 3823 1494 3879 ergo
1515 3805 1662 3860 initio
1689 3803 1817 3857 dicit
1845 3812 2073 3869 evange-

488 3913 655 3968 lista?
698 3912 750 3965 Ι.
797 3908 865 3962 In
913 3906 1162 3977 principio
1191 3912 1297 3958 erat
1335 3900 1569 3969 Verbum,
1618 3908 1664 3952 et
1705 3894 1919 3951 Verbum
1966 3900 2073 3946 erat

485 4005 628 4075 apud
654 4001 838 4058 Deum.
864 4001 1112 4057 Vidistin‘
1142 3998 1386 4053 fiduciam
1413 4004 1468 4050 et
1510 3994 1614 4048 vim
1643 3991 1926 4046 verborum
1958 4004 2071 4042 ma-

489 4096 733 4155 ximam?
772 4093 1041 4166 quomodo
1082 4080 1214 4146 nihil
1255 4088 1503 4145 dubitans
1527 4128 1541 4150 ,
1575 4084 1703 4139 nihil
1747 4082 2064 4150 conjiciens,

486 4192 582 4247 sed
613 4189 791 4244 omnia
819 4186 1133 4241 affirmantis
1176 4196 1325 4237 more
1356 4176 1641 4249 loquatur?
1668 4175 1779 4230 lloc
1811 4182 1893 4227 est
1926 4174 2067 4227 enim

488 4283 757 4347 doctoris,
791 4296 902 4335 non
927 4277 1179 4333 vacillare
1208 4277 1260 4328 in
1291 4274 1355 4328 iis
1385 4289 1501 4341 qua:
1541 4270 1756 4338 profert.
1791 4267 1920 4320 Nam
1948 4266 1991 4319 si
2025 4264 2069 4317 is

488 4377 580 4449 qui
609 4375 742 4429 alios
772 4372 1037 4436 instituit,
1065 4370 1232 4424 altero
1256 4380 1391 4436 opus
1423 4363 1614 4417 habeat
1634 4402 1648 4427 ,
1681 4360 1768 4429 qui
1799 4359 1936 4412 dicta
1973 4370 2069 4410 sua

487 4446 808 4523 conﬁrmare
838 4463 1003 4533 possit
1027 4502 1042 4525 ,
1071 4476 1177 4514 non
1223 4458 1499 4513 doctorum
1521 4494 1535 4519 ,
1565 4451 1660 4506 sed
1689 4446 2067 4516 discipulorum

485 4560 727 4616 ordinem
747 4557 868 4628 jure
889 4554 1143 4610 obtineat.
1163 4552 1220 4608 Si
1245 4550 1365 4621 quis
1387 4563 1514 4603 vero
1543 4544 1755 4607 dixerit,
1772 4542 1880 4597 Cur
1901 4540 2067 4609 prima

482 4652 681 4706 omissa
710 4663 890 4712 causa,
923 4646 1099 4701 statim
1139 4643 1294 4697 nobis
1320 4641 1387 4695 de
1419 4638 1649 4694 secunda
1676 4630 1931 4689 disserit?
1961 4630 2070 4700 pri-

485 4757 629 4799 mum
658 4752 714 4797 et
738 4739 1034 4795 secundum
1063 4737 1147 4791 hic
1171 4735 1353 4791 dicere
1379 4731 1744 4788 recusabimus
1777 4745 1789 4781 :
1818 4725 2066 4781 divinitas

480 4839 623 4893 enim
653 4844 708 4890 et
735 4840 1041 4888 numero-et
1066 4840 1364 4898 temporum
1405 4822 1782 4895 consequentia
1825 4818 2068 4889 superior

476 4939 580 4984 est.
614 4928 849 4997 Ideoque
890 4924 972 4979 his
1010 4921 1330 4992 repudiatis,
1379 4918 1586 4974 Patrem
1632 4913 1949 4970 confitemur
1994 4923 2065 4964 ex

477 5021 627 5075 nullo
659 5033 803 5081 esse,
835 5016 1133 5085 Filinmque
1159 5029 1225 5067 ex
1256 5013 1413 5067 Patre
1441 5018 1643 5064 natum.

548 5112 601 5166 4.
645 5109 750 5165 Cur
777 5108 1027 5173 Joannes,
1066 5106 1240 5160 relicto
1295 5101 1486 5166 Patre,
1537 5100 1600 5153 de
1642 5096 1780 5151 Filio
1829 5095 2062 5148 disserat.

478 5200 852 5256 Describuntur
895 5197 1147 5269 sapientia
1210 5203 1257 5248 et
1307 5192 1590 5248 sublimitas
1634 5186 1965 5257 evangelista.
1996 5210 2067 5223 —-

476 5294 665 5359 Recte,
701 5291 913 5363 inquies
945 5308 958 5342 :
991 5304 1172 5344 verum
1203 5303 1299 5342 cur
1341 5287 1532 5341 relicto
1581 5284 1758 5346 Patre,
1808 5280 1877 5335 de
1930 5278 2065 5333 Filio

474 5384 731 5440 disserit?
767 5383 905 5452 Quia
935 5381 1026 5435 ille
1057 5380 1301 5450 cognitus
1326 5376 1574 5430 omnibus
1601 5381 1737 5436 erat,
1780 5371 1825 5426 si
1862 5385 1965 5423 non
2008 5377 2066 5423 ut

477 5475 653 5541 Pater,
684 5474 878 5529 saltem
909 5481 969 5526 ut
991 5470 1129 5525 Dens
1163 5487 1175 5519 :
1209 5465 1523 5536 Unigenitus
1543 5480 1669 5519 vero
1700 5461 2058 5533 ignorabatur.

476 5564 710 5634 ideoque
739 5565 861 5636 jure
889 5577 921 5616 a
955 5559 1214 5631 principio
1243 5558 1420 5612 statim
1449 5556 1564 5626 ejus
1595 5553 1834 5609 notitiam
1882 5550 2063 5606 indcrc

534 5721 615 5786 (α)
643 5732 763 5781 quae
790 5717 985 5770 uncinis
1002 5715 1301 5775 clauduntur,
1328 5711 1464 5763 Savil.
1493 5713 1542 5762 in
1576 5711 1795 5772 margine
1816 5702 1997 5770 posuit.

2184 408 2399 466 festinat
2439 413 2503 467 iis
2544 413 2633 484 qui
2673 414 2845 483 ipsum
2892 429 3000 469 non
3049 424 3325 471 noverant.
3356 417 3605 491 Alioquin
3635 435 3765 479 vero

2180 501 2394 559 Patrem
2424 503 2477 557 in
2499 502 2603 559 hoc
2627 518 2879 561 sermone
2904 519 3011 560 non
3042 506 3225 562 tacuit.
3255 510 3330 563 Ac
3356 508 3477 565 vide
3497 510 3625 566 mihi
3652 514 3763 582 spi-

2179 592 2423 648 ritualem
2451 592 2809 664 prudentiam.
2841 594 2997 651 Novit
3027 596 3270 653 homines
3285 597 3397 668 jam
3421 600 3547 655 olim
3567 610 3764 658 etanta

2178 686 2357 739 omnia
2393 685 2558 740 Deum
2596 701 2705 756 pra:
2733 686 2983 742 omnibus
3009 688 3192 744 colere
3229 698 3285 744 et
3327 704 3588 747 asserere.
3636 692 3764 749 Ideo

2180 773 2306 829 inde
2335 775 2654 842 principium
2694 776 2839 843 fecit,
2876 785 2932 832 et
2962 792 3276 848 progressus
3318 778 3488 836 Deum
3513 798 3635 838 esse
3676 784 3764 839 di-

2178 866 2271 920 cit.
2302 863 2419 920 Non
2449 866 2587 921 sicut
2631 866 2783 923 Plato
2825 867 3051 923 alterum
3094 880 3351 936 mentem,
3396 872 3621 927 alterum
3648 874 3768 929 ani—

2178 970 2319 1010 mam
2343 971 2462 1011 esse
2486 956 2618 1012 dicit
2645 975 2658 1012 :
2700 957 2814 1013 brec
2850 959 2994 1013 enim
3026 960 3213 1028 procul
3255 969 3383 1014 sunt
3411 976 3441 1014 a
3474 962 3650 1017 divina
3675 964 3767 1019 illa

2176 1056 2231 1102 et
2252 1048 2538 1103 immortali
2571 1058 2776 1103 natura.
2804 1048 2986 1119 Neque
3012 1051 3159 1104 enim
3180 1064 3466 1106 commune
3490 1053 3764 1122 quidpiam

2179 1136 2456 1194 nobiscum
2501 1138 2680 1204 habet,
2731 1139 2826 1194 sed
2880 1140 3036 1211 longe
3077 1149 3160 1194 est
3203 1156 3233 1195 a
3279 1142 3766 1199 communicatione

2177 1241 2299 1281 cum
2349 1230 2654 1294 creaturis;
2703 1230 2994 1285 secundum
3039 1231 3392 1286 substantiam
3436 1232 3597 1298 dico,
3655 1249 3765 1289 non

2178 1320 2475 1374 secundum
2522 1320 2782 1375 habitum.
2827 1321 2951 1375 Ideo
2978 1323 3213 1379 Verbum
3258 1323 3408 1378 illum
3452 1324 3760 1394 appellavit.

2175 1409 2309 1464 Cum
2341 1412 2485 1466 enim
2515 1411 2769 1467 docturus
2797 1420 2943 1467 esset
2980 1413 3080 1467 hoc
3109 1413 3340 1468 Verbum
3368 1428 3487 1469 esse
3518 1417 3763 1485 unigeni-

2180 1513 2291 1558 tum
2338 1504 2531 1559 Filium
2582 1504 2702 1569 Dei,
2758 1519 2825 1560 ne
2863 1504 2984 1574 quis
3022 1503 3423 1574 generationem
3455 1507 3764 1575 passibilem

2176 1596 2560 1665 suspicaretur,
2609 1596 2883 1665 pra-missa
2934 1593 3093 1650 Verbi
3136 1597 3498 1666 appellatione
3544 1612 3762 1653 omnem

2182 1686 2317 1740 tollit
2363 1686 2559 1741 malam
2602 1686 2982 1754 suspicionem,
3029 1685 3155 1740 dum
3202 1696 3258 1742 et
3306 1686 3499 1742 Filium
3537 1703 3605 1743 ex
3648 1689 3765 1759 ipso

2174 1790 2315 1842 esse,
2346 1782 2404 1832 et
2441 1775 2844 1845 impassibiliter
2878 1774 3072 1831 Filium
3101 1792 3222 1832 esse
3264 1776 3523 1833 declarat.
3574 1779 3762 1836 Viden‘

2175 1869 2463 1939 quomodo,
2487 1878 2546 1924 ut
2568 1869 2678 1939 jam
2707 1869 2835 1935 dixi,
2867 1883 2988 1924 cum
3016 1868 3085 1924 de
3118 1869 3254 1924 Filio
3279 1869 3608 1941 loqueretur,
3656 1872 3763 1926 Pa-

2176 1970 2311 2016 trem
2341 1976 2445 2015 non
2473 1961 2679 2015 tacuit?
2699 1959 2851 2029 Quod
2876 1961 2919 2015 si
2949 1960 3063 2014 lucc
3084 1976 3188 2014 non
3211 1961 3339 2015 satis
3368 1962 3475 2015 sint
3503 1962 3569 2016 ad
3598 1970 3764 2017 totam

2174 2067 2288 2107 rem
2314 2049 2712 2117 declarandam,
2746 2066 2815 2107 ne
2844 2051 3075 2106 mireris.
3110 2050 3186 2105 De
3217 2051 3329 2105 Deo
3356 2065 3585 2122 namque
3609 2052 3764 2109 nobis

2175 2153 2260 2199 est
2288 2159 2487 2211 sermo,
2522 2160 2679 2215 quem
2709 2159 2807 2216 pro
2833 2144 3091 2215 dignitate
3130 2159 3304 2213 neque
3347 2143 3547 2211 dicere,
3590 2159 3766 2214 neque

2173 2237 2411 2307 cogitare
2447 2251 2748 2307 possumus.
2780 2236 2904 2293 Ideo
2931 2237 3017 2291 hic
3054 2237 3367 2293 subSIantiaa
3393 2253 3588 2293 nomen
3629 2253 3763 2292 nus-

2174 2344 2332 2398 quam
2360 2331 2509 2399 ponit
2533 2345 2552 2383 :
2578 2330 2700 2399 quia
2744 2344 2903 2384 neruo
2947 2337 3121 2398 potest
3148 2327 3329 2383 dicere
3354 2328 3480 2399 quid
3514 2330 3652 2384 Deus
3690 2329 3773 2384 sit

2173 2420 2466 2476 secundum
2511 2421 2862 2476 substantiam
2913 2436 2927 2472 :
2982 2419 3181 2490 ubique
3221 2428 3399 2474 autem
3428 2420 3576 2473 illum
3603 2417 3761 2474 nobis

2174 2524 2240 2564 ex
2284 2511 2535 2577 operibus
2581 2510 2933 2565 demonstrat.
2978 2508 3252 2577 Siquidem
3280 2508 3382 2561 hoc
3411 2507 3645 2561 Verbum
3675 2508 3758 2561 vi-

2175 2600 2303 2654 dere
2332 2608 2412 2653 est
2449 2608 2629 2667 postea
2660 2599 2831 2652 lucem
2860 2599 3083 2662 dictum,
3134 2604 3191 2651 et
3218 2598 3391 2651 lucem
3432 2608 3618 2650 rursus
3662 2609 3762 2666 ap-

2175 2692 2361 2763 pellari
2398 2691 2560 2745 vitam
2594 2691 2633 2744 ⁸.
2666 2690 2848 2760 Neque
2886 2689 2984 2744 hac
3022 2688 3192 2743 solum
3221 2687 3289 2743 de
3323 2702 3482 2743 causa
3509 2688 3588 2744 sic
3615 2688 3761 2743 illum

2176 2783 2387 2837 vocavit
2418 2800 2431 2835 :
2464 2780 2556 2836 sed
2582 2781 2695 2836 haec
2723 2781 2892 2850 prima
2920 2794 3079 2834 causa
3107 2788 3189 2833 cst
3218 2778 3473 2845 secunda,
3498 2778 3620 2850 quia
3644 2794 3764 2848 qua:

2176 2873 2348 2929 Patris
2386 2879 2542 2928 erant
2584 2872 2736 2926 nobis
2757 2879 2873 2925 erat
2903 2870 3277 2933 nuntiaturus;
3326 2884 3447 2923 nam
3487 2870 3561 2923 ait
3593 2886 3606 2922 :
3639 2868 3764 2923 0m-

2174 2968 2262 3021 m’a
2307 2981 2420 3035 quae
2465 2965 2636 3019 audivi
2674 2981 2705 3017 a
2732 2962 2914 3027 Patre,
2960 2962 3257 3017 annuntiavt’
3293 2961 3429 3016 vobis
3466 2961 3641 3033 (Joan.
3675 2962 3763 3019 15.

2176 3059 2289 3127 i5).
2336 3056 2505 3112 Vocat
2552 3067 2728 3111 autem
2772 3054 2919 3109 illum
2957 3063 3012 3108 et
3063 3052 3223 3106 vitam
3265 3060 3321 3107 et
3363 3052 3536 3107 lucem
3581 3070 3595 3106 :
3636 3066 3758 3106 nam

2174 3148 2495 3218 cognitionis
2521 3147 2693 3202 lucem
2736 3144 2888 3199 nobis
2925 3143 3092 3208 dedit,
3125 3151 3178 3197 et
3203 3157 3267 3197 ex
3297 3142 3416 3196 luce
3455 3143 3641 3196 vitam.
3706 3140 3761 3195 In

2175 3254 2382 3294 summa
2415 3254 2520 3293 non
2554 3254 2715 3291 unum
2746 3251 2962 3299 nomen,
3012 3251 3118 3289 non
3162 3235 3290 3300 duo,
3346 3248 3450 3288 non
3494 3234 3614 3300 tria,
3656 3248 3763 3287 non

2176 3333 2323 3404 plura
2346 3331 2476 3385 satis
2504 3340 2625 3385 sunt
2651 3329 2719 3383 ad
2748 3344 2810 3384 ea
2838 3344 2955 3398 quae
2981 3328 3146 3382 Deum
3174 3335 3419 3395 Spectaut
3444 3325 3718 3381 educenda
3749 3343 3763 3379 :

2175 3424 2270 3479 sed
2299 3422 2590 3493 optandum
2616 3427 2720 3486 est,
2763 3429 2822 3473 ut
2849 3420 3011 3472 etiam
3058 3432 3155 3486 per
3198 3417 3366 3470 multa
3413 3416 3496 3470 vel
3535 3416 3765 3470 obscuro

2176 3517 2442 3586 possimus
2467 3529 2528 3569 ea
2558 3527 2678 3582 qua:
2704 3511 2771 3565 ad
2798 3510 2966 3565 Deum
3006 3518 3251 3578 spectant
3292 3507 3600 3575 complecti.
3648 3506 3767 3562 Non

2176 3617 2353 3663 autem
2384 3604 2699 3675 simpliciter
2728 3600 2962 3656 Verbum
2994 3598 3294 3669 appellavit,
3353 3596 3447 3652 sed
3480 3611 3601 3650 cum
3632 3598 3764 3650 arti-

2175 3699 2278 3755 culi
2307 3696 2606 3767 adjectione
2631 3708 2659 3747 a
2687 3690 2912 3761 reliquis
2943 3690 3115 3759 ipsum
3142 3688 3412 3743 distinxit.
3443 3686 3630 3742 Viden’
3677 3702 3765 3741 me

2177 3807 2281 3845 non
2311 3790 2502 3845 frustra
2530 3786 2732 3843 dixisse
2758 3784 2901 3839 hunc
2927 3782 3309 3854 evangelistam
3341 3780 3496 3835 nobis
3526 3779 3595 3834 de
3627 3779 3762 3833 calo

2177 3882 2359 3953 loqui?
2388 3879 2768 3936 Animadverte
2797 3876 2964 3941 enim,
3013 3889 3121 3945 quo
3157 3873 3500 3928 sublimitatis
3526 3871 3705 3925 statim
3733 3884 3764 3923 a

2176 3973 2434 4043 principio
2486 3970 2790 4026 auditorum
2839 3977 3073 4022 mentem
3118 3973 3172 4019 et
3219 3965 3453 4019 animam
3498 3963 3758 4020 erexerit.

2177 4064 2461 4134 Postquam
2490 4061 2631 4115 enim
2664 4060 2807 4114 illam
2837 4072 2996 4125 supra
3028 4055 3207 4108 omnia
3235 4069 3355 4121 quae
3398 4053 3500 4107 sub
3543 4068 3760 4106 sensum

2174 4156 2391 4218 cadunt,
2439 4167 2601 4220 supra
2654 4160 2876 4211 terram,
2929 4161 3096 4210 mare,
3127 4145 3315 4198 etclam
3344 4144 3550 4207 evexit,
3600 4144 3762 4198 etiam

2173 4259 2332 4314 supra
2360 4240 2674 4303 Cherubim,
2727 4236 3034 4304 Seraphim,
3089 4232 3361 4297 'l'hronos,
3405 4233 3760 4303 Principatns,

2175 4337 2495 4396 l‘otestates,
2542 4344 2701 4398 supra
2757 4342 2971 4382 omnem
3022 4324 3253 4393 denique
3292 4332 3588 4377 creaturam
3621 4323 3762 4377 ince~

2173 4427 2303 4482 dere
2367 4424 2554 4480 suasit.
2608 4421 2745 4488 Quid
2776 4419 2975 4490 igitur?
3014 4434 3079 4472 an
3113 4426 3390 4487 postquam
3423 4429 3525 4471 nos
3548 4416 3611 4469 ad
3643 4425 3764 4470 tan-

2175 4530 2280 4574 tam
2329 4517 2713 4574 sublimitatem
2762 4512 3012 4579 deduxit,
3058 4510 3129 4565 ibi
3175 4523 3273 4564 nos
3311 4509 3504 4565 sistere
3544 4508 3761 4578 potuit?

2172 4611 2515 4681 Nequaquam
2539 4624 2555 4673 ;
2597 4607 2691 4662 sed
2719 4604 2942 4677 perinde
2967 4618 3029 4659 ac
3049 4602 3096 4657 si
3116 4603 3235 4672 quis
3260 4609 3489 4656 stantem
3520 4600 3587 4653 ad
3616 4598 3761 4654 littus

2175 4705 2353 4765 maris,
2402 4718 2467 4757 ac
2501 4700 2876 4770 respicientem
2920 4697 3105 4762 urbes,
3153 4708 3298 4761 oras,
3348 4702 3567 4762 portus;
3614 4699 3761 4761 posto

2171 4812 2331 4867 quam
2359 4797 2410 4851 iu
2438 4794 2671 4849 medium
2699 4792 2919 4862 pelagus
2941 4786 3242 4849 adduxerit,
3276 4800 3306 4839 a
3338 4785 3604 4855 prioribus
3635 4783 3758 4852 qui-

2172 4890 2293 4945 dem
2341 4886 2560 4949 atnovit,
2612 4893 2668 4938 at
2710 4880 2945 4951 aspectui
2977 4879 3095 4948 ejus
3128 4877 3383 4931 terminos
3413 4890 3518 4929 non
3548 4878 3757 4941 posuit,

2171 4980 2263 5034 sed
2288 4978 2606 5031 immensum
2635 4973 2734 5040 ipsi
2766 4969 3128 5042 spectaculum
3152 4966 3301 5021 dedit
3348 4982 3361 5018 :
3407 4964 3486 5017 sic
3514 4971 3571 5016 et
3597 4977 3761 5016 evan-

2172 5069 2358 5140 gelista
2407 5074 2685 5135 postquam
2736 5077 2834 5115 nos
2882 5073 3042 5128 supra
3070 5071 3284 5111 omnem
3335 5063 3638 5107 creaturam
3670 5052 3754 5103 in-

2171 5161 2340 5223 duxit,
2374 5166 2428 5214 et
2467 5156 2531 5210 ad
2575 5155 2848 5224 superiora
2875 5149 3136 5206 creaturis
3168 5145 3363 5201 sarcula
3389 5143 3551 5206 misit,
3588 5142 3757 5198 subli-

2174 5268 2313 5307 mem
2342 5252 2556 5307 ocuium
2588 5245 2783 5301 mentis
2808 5243 3079 5312 relinquit,
3132 5239 3221 5308 qui
3263 5236 3470 5290 nullum
3503 5235 3661 5289 linem
3700 5235 3752 5288 in

2172 5342 2418 5412 supernis
2457 5340 2719 5407 attingere
2762 5334 2954 5405 possit,
2988 5346 3053 5387 co
3082 5327 3225 5400 quod
3260 5325 3440 5381 nullus
3485 5324 3572 5378 sit.
3618 5324 3753 5378 Nam

2173 5437 2260 5490 uhi
2309 5435 2374 5489 ad
2417 5431 2734 5502 principium
2783 5423 3025 5482 ascendit
3075 5421 3233 5483 ratio,
3283 5418 3476 5487 qtnerit
3516 5416 3641 5486 quid
3690 5414 3759 5469 sit

2174 5527 2298 5583 illud
2351 5525 2664 5596 principium
2712 5540 2724 5573 :
2775 5516 2971 5574 deinde
3014 5513 3103 5568 ubi
3134 5510 3284 5577 illud,
3335 5510 3481 5573 Erat,
3534 5508 3752 5576 reperit,

2238 5643 2253 5671 ί
2291 5636 2454 5687 Morel.
2498 5636 2627 5683 hunc
2668 5632 2823 5697 locum
2858 5631 2929 5681 sic
2961 5628 3248 5697 habet..._._.._.
3292 5630 3337 5672 ct
3380 5622 3533 5672 lucem
3578 5631 3750 5668 rursus

2173 5698 2411 5765 appellari
2434 5698 2603 5756 vitam,
2641 5701 2685 5744 et
2707 5694 2851 5745 vitam
2881 5693 3040 5744 rocart'
3075 5693 3340 5739 veritatem.
