4370 6306
572 223 644 284 35
1310 209 1365 266 S.
1404 204 1682 264 JOANNIS
1719 194 2194 259 CllilYSOSTOiii
2234 192 2298 249 Al

2127 194 2194 251 ili
2234 191 2546 250 ARCHIEP.
2595 190 3129 250 CONSTANTi-NOP.
3772 182 3851 256 36

574 346 789 404 seraper
814 329 1035 385 ulterius
1065 333 1243 380 mente
1267 320 1582 394 procedens,
1630 318 1719 372 ubi
1763 313 2145 385 cogitationem

577 426 734 482 sistat
765 437 870 477 non
913 419 1071 474 habet
1113 435 1128 470 :
1178 414 1272 470 sed
1324 413 1527 468 intente
1562 407 1876 477 respiciens,
1900 419 2021 458 eum
2048 411 2156 456 ter-

502 548 504 550 τ
577 516 780 572 minum
821 526 925 567 non
977 509 1232 578 reperiat,
1276 503 1531 560 defessus
1566 514 1778 555 rursum
1806 496 1873 551 ad
1902 493 2154 550 inferiora

578 603 873 662 descendit.
922 598 1055 657 lllud
1080 598 1249 664 enim,
1300 593 1367 648 In
1407 592 1657 662 principio
1683 599 1809 655 erat,
1855 586 1986 642 nihil
2016 582 2157 639 aliud

578 697 864 768 significat,
890 707 1051 763 quam
1093 687 1235 759 quod
1271 700 1486 755 semper
1513 683 1691 748 fuerit,
1731 689 1786 735 et
1810 688 2043 735 aeternus
2068 676 2156 730 sit.

579 787 771 844 Viden‘
826 799 1008 840 veram
1068 779 1490 850 philosophiam.
1546 786 1602 831 et
1652 773 1831 829 divina
1870 771 2157 839 dogmata,

581 893 690 935 non
719 876 900 948 qualia
926 872 1262 938 Graecorum,
1314 869 1403 939 qui
1445 876 1684 937 tempora
1727 865 2078 925 constituunt,
2109 869 2164 915 et

581 967 716 1024 deos
744 967 880 1021 alios
906 966 1173 1027 seniores,
1216 962 1351 1016 alios
1387 958 1629 1029 juniores
1670 954 1893 1011 dicunt?
1925 955 1996 1008 At
2034 951 2162 1007 nihil

583 1058 725 1130 apud
769 1072 870 1112 nos
911 1055 1105 1111 simile.
1154 1052 1213 1108 Si
1260 1051 1401 1106 enim
1445 1051 1582 1104 lleus
1610 1057 1717 1114 est,
1759 1056 1818 1101 ιιι
1845 1060 2033 1101 revera
2059 1053 2159 1108 est,

585 1150 719 1207 nihil
745 1157 829 1205 est
853 1157 979 1202 ante
1010 1145 1199 1209 illum;
1246 1143 1290 1198 si
1321 1140 1541 1196 (Ireator
1582 1138 1841 1199 omnium,
1896 1136 2009 1205 ipse
2053 1133 2164 1203 pri-

587 1258 709 1298 mus
734 1247 821 1296 est
846 1257 863 1306 ;
912 1238 959 1293 si
993 1236 1246 1291 Dominus
1268 1242 1320 1288 et
1346 1232 1652 1286 dominator
1678 1227 1939 1287 omnium,
1986 1223 2166 1281 omnia

587 1340 710 1402 post
748 1331 920 1401 ipsum
961 1336 1104 1392 sunt,
1148 1334 1204 1380 et
1249 1321 1461 1393 opificia
1492 1328 1546 1374 et
1585 1317 1803 1373 siccula'.
1827 1314 2082 1371 Volebam
2115 1314 2166 1368 in

590 1423 692 1478 alia
721 1419 1013 1478 certamina
1041 1415 1389 1479 descendere,
1420 1411 1514 1467 sed
1537 1409 1764 1465 fortasse
1791 1407 1990 1462 fatiscit
2017 1403 2171 1459 vobis

597 1515 832 1571 animus.
862 1511 1041 1579 Quare
1070 1517 1191 1579 post
1230 1504 1474 1575 quatdam
1519 1501 1746 1564 monita,
1777 1514 1898 1569 quae
1928 1497 2078 1553 vobis
2102 1493 2171 1549 ad

591 1606 861 1662 dictorum
890 1611 946 1657 et
970 1598 1320 1655 dicendorum
1346 1604 1562 1665 captum
1600 1600 1759 1646 erunt
1786 1586 1959 1654 utilia,
2012 1587 2170 1642 finem

571 1692 804 1751 dicendi
832 1691 1043 1747 faciam.
1074 1690 1328 1756 Quaenam
1358 1685 1516 1754 igitur
1544 1697 1604 1736 ea
1631 1678 1803 1735 sunt?
1827 1677 1952 1734 Scio
1978 1678 2174 1732 multos

592 1785 857 1841 dictorum
886 1777 1271 1851 longitudinem
1304 1774 1563 1829 fastidire.
1612 1771 1724 1826 lloc
1762 1785 1890 1824 vero
1923 1777 2051 1823 tunc
2094 1766 2171 1831 fit,

591 1891 715 1932 cum
760 1876 935 1931 anima
987 1872 1172 1927 multis
1225 1866 1571 1925 saecularibus
1633 1865 1777 1920 curis
1844 1861 2176 1932 sarcinisque

594 1965 856 2021 obruitur.
885 1964 1033 2018 Sicut
1081 1962 1225 2017 enim
1272 1960 1436 2021 visus,
1486 1956 1611 2012 dum
1653 1969 1817 2026 purus
1859 1952 2176 2022 lucidusqne

596 2067 702 2124 est,
756 2065 912 2109 acme
952 2052 1117 2115 videt,
1168 2066 1340 2122 neque
1384 2049 1587 2104 laborat
1614 2061 1734 2102 cum
1760 2045 1844 2101 vel
1868 2044 2176 2100 tenuissima

596 2160 820 2215 corpora
866 2143 1119 2213 perspicit
1168 2160 1182 2196 :
1229 2141 1444 2211 quando
1483 2149 1662 2193 autem
1704 2137 1771 2191 de
1799 2135 1976 2204 capite
2009 2134 2182 2189 malus

601 2237 794 2289 luunor
824 2233 1016 2300 aliquis
1044 2231 1247 2295 definit,
1279 2230 1361 2284 vel
1397 2228 1561 2283 densa
1601 2227 1841 2297 qnmdam
1873 2227 2086 2293 nebula,
2115 2241 2179 2280 ex

600 2323 800 2378 infimis
824 2323 1060 2391 partibus
1082 2320 1401 2382 ascendens,
1425 2328 1550 2373 ante
1577 2316 1830 2388 pupillam
1857 2317 2082 2383 sistitur,
2116 2332 2184 2371 ne

598 2415 864 2471 crassiora
909 2413 1127 2484 quidem
1168 2415 1313 2468 clare
1356 2411 1661 2482 perspicere
1689 2419 1863 2480 potest
1895 2426 1909 2462 :
1936 2410 2016 2464 sic
2050 2419 2105 2464 et
2130 2409 2180 2464 in

599 2509 778 2563 anima
809 2506 1088 2577 contingit.
1135 2505 1266 2561 Cum
1312 2504 1455 2559 enim
1485 2513 1801 2574 expurgatu,
1842 2503 1990 2557 nullo
2016 2500 2182 2556 animi

604 2597 794 2652 morbo
839 2597 1102 2662 turbatur,
1148 2604 1303 2650 acute
1334 2594 1572 2650 intuetur
1594 2609 1656 2649 ca
1684 2609 1801 2663 qua:
1827 2592 2010 2648 videre
2049 2606 2185 2661 opus

604 2695 728 2751 est;
768 2701 890 2740 cum
921 2701 1082 2756 porro
1123 2686 1304 2740 amitis
1347 2684 1541 2741 foedata
1591 2685 1887 2750 affectibus,
1934 2685 2183 2739 virtutem

607 2777 884 2847 pristinam
928 2777 1189 2840 amiserit,
1239 2792 1343 2830 non
1374 2775 1530 2830 facile
1557 2785 1728 2845 potest
1756 2775 2003 2830 sublimia
2029 2777 2190 2831 attin-

606 2883 735 2939 gere
781 2886 797 2929 :
842 2867 938 2924 sed
984 2868 1162 2923 statim
1200 2867 1394 2922 fatiscit
1432 2875 1487 2922 et
1518 2865 1740 2928 decidit.
1769 2876 1822 2921 et
1848 2866 1915 2920 ad
1942 2881 2186 2921 somnum

610 2960 987 3031 ignaviamque
1029 2958 1285 3023 declinat,
1327 2966 1485 3027 atque
1510 2972 1595 3020 ea,
1627 2972 1746 3026 qnze
1774 2955 1841 3011 ad
1863 2958 2110 3012 virtutem
2137 2967 2191 3011 et

613 3054 776 3108 vitam
825 3051 1048 3121 probam
1097 3050 1398 3121 pertinent,
1450 3049 1840 3119 praetermittit,
1888 3064 2060 3118 neque
2102 3049 2191 3104 illa

612 3143 896 3214 diligenter
922 3141 1054 3199 adit.

682 3237 738 3293 5.
770 3232 1033 3300 Quomodo
1063 3241 1110 3286 et
1128 3246 1284 3300 quare
1302 3230 1503 3284 animus
1533 3229 1670 3284 omni
1694 3229 1969 3299 cupiditate
1995 3240 2193 3284 terrena

610 3342 801 3382 uacuus
830 3324 941 3390 ﬁeri
970 3322 1145 3379 debeat
1173 3322 1243 3377 ad
1268 3322 1605 3393 evangelicum
1631 3322 1913 3377 doctrinam
1944 3331 2077 3376 recte
2112 3324 2193 3377 ia-

611 3420 957 3491 tefligendam.
1006 3416 1155 3471 Liber
1194 3414 1413 3470 Joannis
1454 3424 1645 3486 quanta
1681 3432 1797 3469 cum
1824 3417 2099 3469 attentione
2122 3415 2195 3470 le-

611 3510 824 3581 gendus.
870 3508 1086 3564 Herulis
1115 3508 1400 3563 exhortatio
1429 3507 1498 3560 ad
1527 3517 1659 3562 recte
1690 3507 2023 3563 audiendum.
2080 3506 2193 3563 Ne-

614 3602 776 3673 quitia
802 3616 866 3655 ea:
893 3600 1102 3657 arbitrio
1129 3607 1174 3653 et
1199 3598 1472 3653 voluntate.
1500 3628 1570 3639 --
1597 3599 1753 3665 Quod
1781 3614 1849 3653 ne
1876 3598 2029 3653 vobis
2054 3597 2198 3653 acci-

614 3693 709 3748 dat
737 3693 934 3762 (neque
960 3691 1102 3744 enim
1125 3690 1239 3743 haec
1262 3689 1473 3745 dicendi
1502 3688 1661 3745 finem
1693 3689 1929 3758 faciam),
1956 3700 2193 3743 vestrum

615 3784 867 3839 rohorate
891 3784 1151 3846 animum,
1199 3790 1256 3835 ut
1293 3795 1359 3836 ne
1387 3782 1572 3837 eadem
1601 3782 1849 3846 audiatis,
1874 3796 1994 3851 quae
2022 3780 2194 3835 fideli-

616 3877 717 3931 bus
744 3874 989 3932 Hebraeis
1013 3888 1044 3927 a
1073 3873 1237 3927 Paulo
1259 3872 1398 3929 dicta
1427 3881 1570 3927 sunt.
1616 3871 1749 3926 Nam
1797 3874 1901 3925 illis
1940 3872 2194 3941 grandem

618 3967 747 4023 dicit
773 3982 898 4023 esse
921 3980 1225 4022 sermonem
1274 3974 1330 4021 ct
1374 3966 1721 4034 interpretato
1748 3963 2057 4020 difficilem:
2091 3980 2195 4018 non

617 4060 759 4128 quod
788 4069 977 4115 natura
1004 4072 1099 4112 sua
1131 4058 1249 4111 talis
1275 4067 1439 4123 esset,
1467 4056 1564 4112 sed
1590 4057 1733 4126 quia,
1775 4057 1974 4127 inquit,
2028 4055 2198 4110 Imbe-

616 4151 757 4206 cilles
781 4151 902 4219 tacti
928 4148 1048 4211 estis
1074 4148 1143 4202 ad
1169 4148 1476 4202 audiendum
1505 4146 1689 4217 (Hebr.
1721 4150 1774 4204 5.
1807 4149 1918 4220 il).
1951 4148 2083 4202 Nam
2107 4148 2196 4217 qui

619 4242 921 4299 imbecillus
944 4250 1029 4297 est
1055 4250 1110 4295 et
1139 4239 1403 4307 infirmus,
1438 4239 1662 4310 perinde
1688 4240 1832 4296 brevi
1862 4249 2021 4311 atque
2045 4241 2198 4311 longa

618 4334 861 4388 oratione
899 4333 1165 4396 turbatur,
1206 4339 1261 4384 et
1306 4346 1426 4399 qua:
1465 4331 1610 4384 clara
1657 4331 2009 4399 expeditaque
2049 4341 2195 4397 sunt,

619 4435 779 4493 captu
803 4422 1037 4477 difficilia
1065 4420 1371 4475 arbitratur.
1387 4420 1586 4476 Verum
1615 4422 1794 4476 nullus
1816 4422 1902 4475 hic
1928 4423 2047 4477 talis
2060 4433 2197 4490 esto,

618 4514 716 4570 sed
736 4513 881 4567 omni
920 4511 1142 4581 depulsa
1182 4512 1364 4565 szrcnli
1392 4525 1542 4576 cura,
1570 4513 1796 4582 quisque
1834 4513 1967 4567 hanc.
1994 4513 2201 4569 doctri-

621 4618 746 4663 nam
787 4600 988 4656 audiat.
1036 4601 1172 4656 Cum
1200 4600 1342 4656 enim
1373 4601 1588 4657 auditor
1626 4605 1969 4673 pecuniarmn
1998 4605 2204 4675 cupidi-

620 4704 731 4749 tate
757 4700 989 4758 teuetur,
1034 4706 1138 4747 non
1166 4700 1342 4762 potest
1368 4702 1516 4747 certe
1545 4692 1735 4762 cupide
1763 4693 1988 4760 audire;
2030 4710 2203 4764 neque

618 4786 762 4842 enim
785 4792 960 4855 potest
978 4784 1156 4839 anima
1184 4800 1283 4837 una
1313 4784 1493 4838 multis
1521 4785 1767 4840 sufficere
1791 4786 2199 4854 cupiditatibus;

622 4876 718 4933 sed
746 4876 847 4931 alia
892 4876 1048 4930 aliam
1077 4875 1424 4944 cupiditatem
1458 4876 1626 4942 pellit,
1674 4886 1729 4932 et
1767 4877 1987 4932 discissa
2023 4879 2200 4934 anima

621 4968 885 5023 infirmior
932 4967 1129 5031 evadit,
1175 4965 1303 5020 dum
1348 4967 1514 5021 altera
1559 4968 1855 5037 praevalens
1899 4971 2197 5040 cupiditas,

624 5066 792 5113 totum
822 5058 887 5112 ad
914 5074 973 5113 se
1013 5057 1196 5112 trahit.
1227 5057 1379 5124 Quod
1408 5058 1567 5115 etiam
1597 5060 1649 5115 in
1680 5061 1864 5118 liberis
1888 5065 2201 5135 contingere

619 5150 777 5204 συιοι.
801 5148 932 5203 Nam
958 5165 1080 5203 cum
1112 5164 1274 5203 ututm
1307 5158 1509 5203 tantum
1537 5151 1656 5221 quis
1680 5151 1860 5220 habet,
1890 5170 2011 5209 eunt
2038 5171 2199 5225 supra

623 5240 840 5298 modum
882 5251 1066 5305 autat;
1110 5256 1228 5296 cum
1272 5242 1488 5305 multos.
1520 5243 1722 5299 divisus
1749 5260 1901 5301 amor
1930 5249 2107 5303 minor
2131 5249 2198 5303 ad

617 5332 859 5401 singulos
883 5333 1130 5388 efficitur.
1155 5334 1306 5402 Quod
1330 5334 1374 5390 si
1407 5334 1494 5390 ubi
1528 5336 1612 5391 illa
1644 5336 1725 5391 vis
1749 5345 1807 5391 et
1835 5352 1932 5392 ceu
1959 5338 2199 5401 tvrannis

618 5436 724 5491 est,
754 5435 917 5495 atque
941 5426 1180 5496 ejusdem
1208 5427 1421 5498 generis
1451 5438 1575 5483 sunt
1604 5429 1637 5485 ii
1663 5429 1755 5499 qui
1781 5429 2093 5500 diliguntur,
2129 5431 2199 5485 ita

620 5515 883 5588 contingit
905 5534 918 5569 :
938 5518 1062 5588 quiti
1095 5517 1388 5574 dixerimus
1413 5519 1481 5575 do
1504 5535 1690 5575 amore
1718 5520 1809 5592 qui
1832 5534 1895 5575 ex
1928 5522 2202 5577 Vnittntale

622 5612 676 5665 ct
704 5604 893 5667 afl‘cctu
924 5608 1116 5681 prodit,
1165 5611 1397 5667 maxime
1429 5626 1555 5667 vero
1579 5628 1701 5677 cum
1726 5626 1941 5670 amores
1969 5612 2045 5668 illi
2078 5627 2200 5669 sese

2265 319 2448 362 mutuo
2478 306 2833 378 impugnant?
2875 306 3185 362 Coutrarius
3214 304 3356 358 enim
3386 310 3470 358 est
3500 300 3849 372 pecuniarum

2260 414 2413 455 amor
2440 398 2697 455 doctrinae
2727 398 2885 467 hujus
2910 397 3100 451 amori.
3128 395 3185 450 in
3215 396 3403 449 caelum
3433 394 3698 447 intramus
3717 408 3843 447 cum

2263 492 2366 547 huc
2396 491 2744 561 ingredimur.
2768 489 2885 545 Non
2916 490 2983 543 de
3015 489 3154 552 loco,
3182 487 3278 543 sed
3302 486 3369 542 de
3396 485 3585 541 ati‘ectu
3613 485 3804 555 loquor
3832 503 3847 540 :

2264 595 2439 655 potest
2457 585 2599 641 enim
2626 585 2716 654 qui
2748 584 2800 637 in
2828 593 2969 638 terra
3000 581 3166 651 degit,
3197 581 3251 633 in
3282 579 3415 634 caelo
3440 588 3611 644 stare,
3656 586 3711 632 et
3737 591 3853 631 ca:-

2265 677 2433 731 lestia
2455 677 2712 745 cogitare,
2762 675 2871 729 imo
2908 673 3113 728 audire.
3145 671 3315 727 Nemo
3358 672 3518 739 igitur
3558 671 3610 723 in
3656 668 3851 724 caelum

2268 779 2477 823 terrena
2519 766 2735 822 inducat
2767 784 2781 818 :
2813 780 2971 821 nemo
2999 765 3127 820 dum
3157 765 3245 819 hic
3270 772 3536 829 versatur,
3564 762 3633 817 de
3663 777 3724 818 re
3748 760 3853 817 do-

2267 860 2484 914 mestica
2506 858 2768 913 sollicitus
2794 858 2882 912 sit.
2910 855 3195 927 Oporteret
3223 856 3366 911 enim
3393 863 3539 909 lucra
3571 853 3695 908 hinc
3720 852 3857 907 hau-

2268 964 2349 1006 sta
2372 950 2591 1007 domum
2614 959 2669 1005 et
2693 951 2747 1006 in
2772 949 2945 1006 forum
2974 949 3195 1016 deferri,
3225 964 3330 1003 non
3355 957 3534 1002 autem
3570 946 3855 1001 ecclesiam

2268 1041 2582 1097 domesticis
2608 1050 2663 1097 et
2689 1040 2991 1096 forensibus
3016 1040 3245 1096 sarcinis
3275 1039 3506 1109 gravari.
3551 1036 3674 1091 Ideo
3701 1051 3859 1089 nam-

2270 1149 2375 1205 que
2416 1132 2483 1188 ad
2520 1132 2780 1188 doctrinae
2809 1132 3059 1187 thronum
3088 1132 3105 1162 ί
3135 1130 3484 1200 ingredimur,
3518 1138 3578 1183 ut
3602 1127 3727 1181 hinc
3757 1140 3857 1180 ex-

2272 1235 2452 1281 ternas
2495 1224 2614 1278 illas
2659 1224 2848 1279 sordes
2887 1222 3243 1291 deponamus.
3283 1218 3436 1290 Quod
3476 1223 3520 1276 si
3566 1220 3861 1275 debeamus

2273 1317 2377 1373 hoc
2406 1316 2677 1372 tantillum
2711 1316 2806 1370 otii
2832 1316 3070 1372 externis
3105 1314 3209 1369 illis
3234 1314 3390 1369 dictis
3411 1323 3467 1368 et
3498 1313 3664 1383 gestis
3708 1313 3860 1368 Iabe-

2271 1406 2492 1473 faetare,
2518 1407 2708 1462 melius
2737 1416 2882 1462 esset
2909 1405 2978 1460 ab
3005 1406 3246 1475 ingressu
3274 1419 3494 1473 prorsus
3513 1403 3858 1458 abstinuisse.

2271 1498 2441 1553 Nemo
2466 1498 2624 1568 igitur
2651 1497 2703 1551 in
2730 1496 2958 1552 ecclesia
2987 1510 3074 1550 res
3100 1494 3425 1550 domesticas
3443 1494 3624 1548 animo
3652 1503 3860 1558 verset;

2279 1587 2373 1644 sed
2410 1586 2557 1641 domi
2581 1601 2671 1642 res
2698 1588 2941 1641 ecclesiae
2960 1585 3177 1655 cogitet.
3226 1585 3351 1640 llaec
3379 1586 3589 1640 cit-teris
3612 1584 3865 1639 omnibus

2278 1677 2434 1733 nobis
2471 1678 2580 1732 sint
2608 1678 2939 1746 pretiosiora.
2972 1676 3098 1732 llaec
3122 1678 3265 1731 enim
3294 1676 3358 1731 ad
3389 1676 3647 1744 animum,
3677 1676 3764 1732 illa
3793 1677 3864 1730 ad

2278 1786 2474 1841 Corpus
2509 1771 2816 1839 pertinent;
2865 1769 2974 1824 imo
3014 1784 3133 1839 qua:
3163 1768 3248 1823 hic
3279 1768 3530 1823 dicuntur
3558 1777 3612 1824 et
3650 1767 3865 1838 corpori

2278 1873 2335 1919 et
2377 1864 2571 1918 animae
2615 1871 2946 1931 competunt.
2989 1860 3113 1916 Ideo
3138 1861 3252 1917 huic
3279 1862 3428 1931 quasi
3455 1861 3720 1931 prmcipua
3754 1870 3866 1915 tra-

2279 1964 2515 2016 ctentur,
2541 1954 2643 2008 alia
2669 1954 2846 2007 omnia
2878 1954 3259 2023 perfunctorie.
3313 1953 3437 2008 llaec
3479 1953 3676 2023 quippe
3702 1964 3757 2008 et
3784 1951 3869 2007 fu-

2285 2058 2417 2102 tura:
2445 2056 2500 2100 et
2521 2046 2803 2115 praesentis
2842 2046 2962 2099 vita:
3004 2054 3167 2100 sunt:
3215 2044 3301 2099 illa
3328 2044 3395 2099 ad
3425 2054 3668 2099 neutram
3697 2045 3865 2114 perti-

2286 2148 2435 2203 nent,
2483 2138 2585 2193 uisi
2629 2137 2922 2192 secundum
2964 2137 3135 2208 legem
3160 2136 3336 2192 dehis
3369 2139 3595 2208 positam
3630 2146 3864 2192 tracten-

2289 2238 2394 2285 tur.
2444 2229 2559 2284 Non
2596 2229 2739 2284 enim
2768 2229 2938 2283 solum
2962 2229 3050 2298 qui
3080 2238 3204 2299 post
3231 2228 3344 2281 haec
3376 2228 3535 2282 futuri
3567 2229 3761 2292 simus,
3818 2237 3871 2283 et

2289 2320 2557 2391 quomodo
2606 2320 2714 2374 illic
2756 2320 3015 2385 vivemus,
3067 2318 3155 2374 hic
3195 2319 3522 2382 ediscimus;
3569 2320 3663 2375 sed
3709 2319 3870 2373 etiam

2288 2426 2391 2479 qua
2437 2413 2646 2466 ratione
2689 2409 2779 2466 hic
2818 2411 2971 2465 nobis
3009 2410 3079 2464 sit
3121 2410 3425 2465 vivendum.
3461 2410 3590 2464 Nam
3634 2411 3872 2466 medica-

2287 2513 2592 2559 mentorum
2642 2502 2853 2557 ofﬁcina
2904 2502 3195 2570 spiritualis
3239 2500 3434 2555 domus
3474 2500 3592 2556 hmo
3635 2511 3754 2567 est;
3811 2509 3873 2556 nt

2286 2613 2407 2667 qua:
2434 2595 2651 2650 vulnera
2680 2594 2808 2648 foris
2836 2594 3149 2663 accipimus,
3183 2593 3269 2648 hic
3292 2609 3577 2658 curemus;
3628 2609 3735 2648 non
3781 2609 3876 2647 au—

2292 2698 2397 2741 tem
2428 2698 2479 2740 ut
2511 2685 2601 2741 hic
2625 2686 2741 2740 aliis
2766 2686 3005 2755 acceptis
3027 2685 3337 2740 vulneribus
3366 2684 3697 2740 recedamus.
3745 2685 3874 2739 Nam

2290 2776 2336 2832 si
2359 2776 2577 2847 Spiritui
2608 2787 2793 2831 sancto
2824 2790 2921 2831 nos
2949 2776 3237 2846 alloqueuti
3290 2792 3394 2831 nou
3438 2777 3675 2831 animum
3718 2777 3875 2832 adhi-

2291 2868 2536 2934 beamus,
2561 2884 2665 2924 non
2693 2868 2853 2923 modo
2881 2871 3054 2939 priora
3079 2877 3293 2937 peccata
3317 2886 3421 2923 non
3450 2870 3746 2935 ablnemus,
3774 2870 3867 2925 sed

2293 2961 2452 3016 etiam
2495 2961 2595 3015 alia
2638 2960 3004 3016 admittemus.
3056 2961 3187 3015 fluic
3240 2961 3398 3031 igitur
3425 2962 3559 3016 libro
3589 2963 3743 3016 nobis
3785 2978 3879 3032 per

2294 3053 2677 3108 revelationem
2712 3052 2908 3107 tradito
2950 3067 3136 3122 magna
3171 3068 3290 3107 cum
3332 3054 3605 3120 diligentia
3632 3056 3877 3109 attendao

2295 3158 2435 3198 mus.
2484 3142 2601 3198 Non
2649 3145 2793 3199 enim
2838 3145 3006 3199 multo
3053 3155 3234 3213 postea
3284 3145 3460 3199 studio
3503 3145 3798 3215 egebimus,
3833 3147 3881 3202 si

2296 3233 2552 3305 principia
2580 3247 2632 3289 et
2660 3244 2972 3305 argumenta
3000 3234 3347 3291 didicerimus
3380 3254 3392 3289 :
3430 3237 3524 3290 st-d
3552 3237 3595 3291 si
3619 3237 3880 3291 tantillum

2296 3326 2450 3382 initio
2477 3326 2676 3380 laboris
2704 3329 3120 3394 susceperimus,
3165 3327 3300 3381 alios
3346 3325 3540 3382 deinde
3582 3327 3881 3382 secundum

2299 3418 2518 3472 Paulum
2570 3432 2791 3472 monere
2834 3420 3148 3487 poterimus.
3199 3418 3296 3472 llic
3339 3434 3569 3488 namque
3610 3419 3884 3489 apostolus

2296 3509 2583 3563 admodum
2605 3507 2849 3562 sublimis
2877 3518 2981 3573 est,
3001 3507 3287 3577 multisque
3308 3510 3498 3578 plenus
3524 3510 3880 3580 dogmatibus,

2301 3602 2353 3655 in
2384 3600 2576 3671 quibus
2616 3601 2784 3668 magis
2812 3608 3072 3665 versatur,
3106 3615 3264 3669 quam
3302 3601 3356 3655 in
3382 3601 3520 3655 aliis.
3552 3602 3647 3664 Ne,
3677 3618 3879 3672 qua-so,

2302 3689 2660 3760 perfunctorie
2686 3690 2986 3745 audiamus.
3027 3690 3151 3745 ideo
3177 3693 3323 3746 enim
3355 3708 3454 3748 nos
3486 3694 3740 3762 paulatim
3772 3694 3885 3749 huic

2299 3781 2646 3850 explicamus,
2698 3791 2750 3834 ut
2800 3781 2952 3836 vobis
2998 3790 3154 3852 captu
3201 3781 3376 3837 facilia
3404 3785 3578 3838 omnia
3608 3786 3734 3848 sint,
3784 3799 3884 3841 nec

2300 3887 2365 3927 es
2395 3872 2653 3927 memoria
2683 3871 2925 3926 effluant.
2957 3873 3266 3929 Timeamus
3294 3891 3441 3946 ergo,
3472 3892 3540 3932 ne
3563 3893 3630 3933 ex
3664 3888 3883 3933 senten-

2304 3963 2373 4017 tia
2407 3963 2494 4017 illa
2517 3963 2764 4031 culpandi
2797 3964 2984 4027 simus,
3015 3981 3117 4034 qua
3151 3965 3280 4020 dicit
3312 3985 3325 4021 :
3361 3967 3421 4022 Si
3451 3985 3552 4023 non
3578 3970 3818 4024 venissem
3838 3977 3887 4024 et

2302 4054 2539 4119 loquutus
2561 4056 2766 4124 fuissem
2794 4056 2887 4119 eis,
2906 4066 3160 4125 peccatum
3186 4073 3286 4111 nou
3318 4058 3558 4112 haberent
3580 4059 3761 4124 (Joau.
3795 4061 3882 4117 15.

2301 4143 2417 4215 2‘2).
2446 4145 2582 4213 Quid
2615 4147 2734 4214 plus
2761 4145 3096 4212 hair-bimus,
3143 4165 3302 4216 quam
3345 4150 3377 4203 ii
3422 4151 3512 4219 qui
3546 4151 3675 4206 nihil
3705 4152 3887 4207 audie-

2304 4245 2447 4301 runt,
2474 4238 2688 4307 quando
2730 4250 2851 4309 post
2897 4240 3211 4294 concionem
3263 4241 3392 4295 nihil
3434 4244 3650 4297 domum
3679 4246 3884 4301 refere—

2304 4346 2454 4396 mus,
2484 4330 2578 4385 sed
2608 4331 2767 4387 verba
2795 4343 2993 4387 tantmn
3027 4334 3200 4387 mirati
3242 4333 3499 4389 fuerimus
3518 4340 3543 4390 γ
3574 4337 3703 4393 Date
3731 4338 3886 4393 nobis

2305 4422 2486 4490 igitur,
2535 4431 2592 4473 ut
2642 4422 2693 4475 in
2739 4421 2933 4475 bonam
2965 4435 3160 4477 terram
3190 4440 3371 4480 semen
3397 4425 3662 4493 jaciamns
3695 4446 3709 4483 :
3741 4435 3885 4493 date,

2306 4520 2364 4563 ιιι
2389 4525 2487 4564 nos
2516 4512 2683 4580 magis
2709 4512 3008 4568 attraltatis.
3062 4515 3126 4568 Et
3175 4515 3219 4569 si
3262 4517 3381 4585 quis
3425 4518 3608 4583 Spinas
3654 4518 3889 4585 habeat,

2307 4599 2482 4674 ignem
2526 4602 2756 4674 Spiritus
2786 4605 2986 4676 injiciat
3022 4626 3034 4660 :
3070 4609 3112 4661 si
3154 4608 3274 4677 quis
3321 4624 3416 4664 cor
3454 4610 3649 4666 durum
3675 4622 3728 4667 et
3753 4628 3891 4667 con-

2306 4704 2510 4762 tumax,
2556 4697 2747 4751 eodem
2800 4698 2920 4768 igne
2949 4700 3108 4755 molle
3132 4700 3260 4754 illud
3292 4710 3345 4756 et
3376 4703 3653 4759 tractabile
3678 4704 3889 4760 reddat.

2306 4788 2361 4843 Si
2401 4789 2524 4860 quis
2568 4803 2664 4859 per
2689 4790 2828 4845 viam
2865 4806 2896 4845 a
2942 4791 3095 4845 turba
3143 4793 3524 4862 cogitationum
3572 4796 3887 4860 iuvadatur,

2306 4880 2560 4936 interiora
2593 4890 2756 4950 petat,
2808 4896 2908 4936 nec
2946 4881 3186 4937 attemlat
3229 4884 3294 4937 iis
3326 4900 3445 4951 qua:
3481 4885 3546 4938 ad
3578 4885 3888 4955 rapiendum

2309 4974 2511 5029 intrare
2555 4975 2786 5038 vellent;
2836 4986 2892 5029 ιιι
2937 4987 3215 5031 comantes
3236 4987 3446 5045 segetes
3472 4987 3680 5035 vestras
3706 4980 3887 5035 videa-

2307 5082 2447 5122 mus.
2476 5065 2607 5121 Nam
2634 5067 2677 5120 si
2706 5082 2824 5121 eam
2852 5067 2922 5122 de
2962 5070 3116 5124 nobis
3145 5085 3330 5123 curam
3359 5069 3732 5137 exhibeamus,
3762 5083 3816 5127 et
3839 5075 3886 5130 si

2305 5173 2502 5228 magno
2529 5157 2708 5213 studio
2734 5159 2993 5228 spirituali
3018 5161 3264 5217 concioni
3294 5161 3633 5219 attendamus
3664 5182 3679 5220 :
3710 5164 3753 5218 si
3784 5179 3889 5219 non

2306 5248 2615 5310 confestim,
2662 5248 2853 5303 saltem
2894 5250 3148 5320 paulatim
3189 5266 3219 5305 a
3265 5252 3607 5307 saecularibus
3644 5255 3893 5309 munibus

2307 5340 2470 5395 rebus
2512 5354 2609 5393 nos
2648 5339 3019 5409 expediemus.
3068 5340 3191 5395 Ideo
3239 5343 3475 5398 animum
3519 5343 3888 5407 adhibeamus,

2310 5446 2379 5486 ne
2425 5429 2493 5486 de
2534 5430 2690 5485 nobis
2736 5428 2948 5485 dicatur
2999 5448 3014 5485 :
3059 5431 3264 5502 Aspidis
3308 5435 3480 5489 surda:
3517 5451 3667 5489 aures
3716 5451 3890 5490 eorum

2311 5558 2629 5673 ώιξωῗὲἶηὶιίιιε
2671 5558 2838 5612 mallet
2870 5558 3047 5627 legere
3068 5600 3081 5625 ,
3120 5569 3324 5628 tempus.
3359 5568 3466 5615 uss.
3504 5577 3674 5619 omnes
3701 5564 3887 5615 habent
