4370 6306
351 470 420 525 '57

355 601 523 666 tl’ml.
553 600 643 654 57.
678 598 760 669 5).
791 597 903 665 Qua
929 596 981 648 in
1014 610 1092 657 rc,
1117 607 1319 660 quteso,
1353 607 1383 644 a
1415 589 1526 645 fera
1551 589 1728 642 differt
1755 588 1936 657 hujus.

355 692 496 749 modi
522 690 780 744 auditor?
825 684 1104 753 Quomodo
1137 700 1242 737 non
1271 682 1339 736 sit
1371 679 1725 735 irrationabili
1753 679 1943 747 quovis

355 780 800 844 irrationabilior,
840 778 931 846 qui
966 777 1073 830 Dco
1099 775 1348 842 loquente
1371 787 1477 826 nou
1514 768 1782 823 attendit?
1812 769 1942 822 Nam

355 876 400 929 si
427 875 641 943 placere
673 871 805 931 Deo,
841 867 967 922 illud
1002 875 1085 920 est
1117 865 1279 917 homo
1302 877 1424 916 esse
1453 878 1468 915 :
1495 861 1584 929 qui
1615 868 1671 913 ut
1696 858 1799 911 hoc
1824 857 1936 910 adi-

356 967 615 1036 piscatur,
645 961 830 1016 audire
869 975 976 1012 non
1004 957 1137 1022 vult,
1182 954 1312 1008 nihil
1336 952 1475 1005 aliud
1500 965 1660 1020 quam
1689 950 1798 1004 fera
1825 962 1945 1001 esse

355 1057 586 1110 dicatur.
614 1053 798 1121 Cogita
845 1065 974 1118 ergo
1009 1057 1267 1116 quantum
1300 1044 1367 1096 sit
1396 1042 1615 1103 malum,
1643 1054 1764 1093 cum
1791 1036 1942 1092 Chri-

358 1156 476 1200 stus
520 1159 616 1198 nos
653 1143 785 1196 velit
813 1156 879 1195 ex
907 1138 1214 1192 hominibus
1241 1133 1448 1204 angelis
1476 1132 1712 1200 mquales
1743 1129 1944 1189 facere,

355 1236 400 1288 si
427 1249 525 1288 nos
563 1249 629 1287 ex
674 1231 979 1285 hominibus
1021 1230 1072 1281 in
1123 1225 1264 1280 feras
1317 1229 1749 1277 trausmutemus.
1811 1217 1943 1272 Nam

354 1325 529 1380 ventri
561 1321 786 1386 servire,
821 1319 1158 1388 pecuniarum
1194 1314 1482 1384 cupiditate
1530 1310 1719 1374 teneri,
1765 1306 1943 1372 irasci,

352 1415 618 1477 mordere,
651 1414 950 1474 calcitrare,
979 1426 1082 1463 non
1114 1407 1410 1469 hominum,
1439 1402 1529 1456 sed
1569 1401 1802 1455 ferarum
1839 1408 1942 1453 est.

354 1508 514 1577 Atqui
548 1507 674 1562 ferte
706 1505 934 1575 singulae
962 1517 1116 1556 suum
1144 1499 1342 1553 habent
1365 1497 1633 1558 atii-ctum,
1680 1492 1836 1560 idque
1860 1506 1946 1544 se-

352 1600 587 1652 cundum
611 1608 853 1651 naturam
888 1613 902 1649 :
935 1604 989 1648 at
1021 1593 1180 1647 homo
1201 1592 1291 1660 qui
1325 1588 1640 1658 principium
1667 1582 1948 1650 cogitatio-

355 1704 507 1753 num,
535 1697 588 1742 et
617 1690 783 1741 vitam
813 1683 1103 1740 secundum
1148 1681 1318 1736 Deum
1367 1673 1745 1731 instituendam
1795 1670 1944 1740 abje-

353 1785 447 1841 cit,
495 1780 743 1834 munibus
784 1792 906 1832 sese
945 1774 1109 1828 animi
1147 1770 1350 1826 morbis
1392 1765 1622 1830 addicit;
1661 1778 1759 1816 nec
1786 1761 1945 1814 modo

1525 476 1586 531 IN
1625 474 1937 530 JUANNEM
1977 472 2204 530 HOMIL.
2249 475 2338 532 Ill.
2378 478 2450 532 al.
2491 476 2553 534 ΙΙ.
3566 487 3638 543 38

2042 585 2154 639 fera
2204 585 2454 652 efficitur,
2501 587 2593 644 sed
2641 598 2697 644 et
2723 590 3050 648 multiforme
3089 603 3409 659 uionstrum,
3461 613 3636 667 neque

2048 674 2337 730 secundum
2367 686 2607 732 naturam
2638 683 2848 736 veniam
2875 692 3128 738 meretur.
3177 685 3418 754 Nequitia
3441 689 3635 758 quippe

2047 767 2222 822 cuiuis
2249 782 2314 822 ex
2345 769 2567 823 arbitrio
2594 780 2648 826 et
2677 774 2952 829 voluntate
2977 786 3078 830 est.
3124 777 3228 833 Sed
3269 780 3408 834 absrt
3447 791 3501 834 ut
3531 781 3636 836 hoc

2052 873 2284 927 unquam
2328 859 2395 914 de
2460 861 2700 916 Ecclesia
2743 863 2940 918 Christi
2983 869 3318 938 suspicemur
3351 889 3362 924 :
3391 872 3458 926 de
3485 873 3635 929 vobis

2047 947 2188 1000 enim
2221 947 2466 1014 meliora,
2511 966 2736 1020 qumque
2761 953 2827 1006 ad
2855 956 3080 1009 salutem
3109 957 3326 1024 ducant,
3353 963 3634 1016 sentimus.

2052 1036 2250 1092 Verum
2279 1050 2479 1106 quanto
2508 1043 2677 1112 magis
2706 1043 2806 1097 hoc
2846 1046 2912 1098 ita
2941 1061 3060 1100 esse
3089 1048 3440 1113 confidemus,
3491 1062 3637 1106 tanto

2049 1130 2306 1198 majorem
2331 1133 2594 1187 cautelam
2629 1135 2679 1188 in
2712 1137 3058 1192 eouciouibus
3087 1139 3346 1196 adhibere
3377 1159 3481 1196 non
3513 1158 3634 1198 ces-

2049 1221 2329 1288 Sabimus;
2374 1234 2432 1278 ut
2475 1235 2752 1294 postquam
2801 1227 2865 1280 ad
2918 1228 3088 1298 ipsum
3127 1230 3380 1285 virtutum
3423 1234 3634 1287 culmen

2048 1315 2484 1382 pervenerimus,
2533 1316 2688 1370 nobis
2731 1320 2990 1387 promissa
3025 1319 3163 1374 bona
3190 1336 3583 1392 cenaequamur
3613 1340 3627 1377 :

2048 1419 2166 1474 qua:
2206 1406 2406 1460 utinam
2455 1407 2836 1477 adipiscamur,
2879 1412 3047 1481 gratia
3085 1422 3137 1468 et
3177 1413 3500 1484 benignitate
3530 1418 3634 1469 Do-

2049 1497 2178 1549 mini
2211 1497 2378 1551 nostri
2409 1497 2533 1554 .Icsu
2574 1500 2792 1565 Christi,
2850 1518 2948 1571 per
2976 1520 3134 1574 quem
3167 1514 3222 1559 et
3249 1521 3370 1562 cum
3402 1522 3509 1576 quo
3539 1507 3638 1560 Pa-

2051 1591 2114 1640 tri
2161 1588 2349 1656 gloria,
2399 1590 2666 1660 simulque
2691 1591 2909 1662 Spiritui
2937 1605 3122 1648 sancto
3154 1595 3204 1649 iu
3231 1597 3422 1651 saecula
3467 1613 3637 1653 surcu-

2049 1679 2242 1732 lorum.
2282 1681 2474 1735 Amen.

1718 1963 2062 2030 HOMILIA
2106 1965 2215 2026 ΙΙΙ.

471 2167 473 2169 ,
780 2111 848 2164 In
877 2109 1123 2180 principio
1153 2116 1259 2160 erat
1291 2103 1524 2158 Verbum.

432 2208 483 2260 l.
537 2205 1004 2273 Supervacaneum
1047 2201 1158 2268 jam
1207 2207 1350 2253 esset
1399 2210 1494 2249 vos
1541 2192 1608 2247 de
1656 2189 1949 2243 attentione

357 2294 608 2349 coneioni
657 2290 958 2346 adhibenda
1004 2303 1260 2350 monere;
1313 2296 1417 2340 tam
1467 2285 1574 2337 cito
1621 2295 1811 2348 nempe
1855 2279 1949 2331 ad-

360 2385 669 2441 monitionis
700 2383 927 2438 fructum
955 2397 1011 2436 re
1040 2391 1094 2436 et
1131 2394 1293 2450 opere
1321 2375 1656 2432 exhibuistis.
1703 2372 1944 2425 Concur-

361 2493 452 2533 sus
479 2478 646 2537 enim,
669 2475 896 2544 diligens
927 2472 1170 2534 attentio,
1199 2481 1540 2540 prmpropera
1567 2480 1685 2519 cum
1717 2463 1946 2530 impulsu

364 2570 630 2625 festinatio
676 2569 742 2622 ad
789 2567 1098 2623 interiorem
1143 2561 1508 2633 occupandum
1561 2560 1759 2622 locum,
1807 2553 1948 2608 unde

365 2660 578 2714 facilius
605 2675 788 2714 vocem
820 2667 1054 2713 nostram
1085 2656 1269 2709 audire
1298 2653 1514 2723 possitis
1541 2669 1554 2714 ;
1603 2660 1951 2719 perseveran-

365 2749 458 2812 tia,
518 2764 622 2818 qua
668 2750 748 2804 vel
792 2750 844 2803 in
869 2748 1107 2819 angustia
1138 2745 1295 2816 positi
1328 2743 1580 2798 recedere
1624 2756 1730 2794 non
1762 2740 1947 2804 vultis,

364 2825 536 2895 donec
581 2840 856 2910 spirituale
901 2840 1164 2895 theatrum
1211 2836 1439 2892 solutum
1482 2833 1681 2896 fuerit;
1730 2831 1969 2901 plausus,

366 2932 640 3000 strepitus,
697 2940 998 3000 eteteraque
1039 2930 1254 2996 similia,
1288 2939 1342 2983 et
1378 2927 1640 2982 fervorem
1684 2924 1846 2978 animi
1895 2931 1949 2976 et

367 3019 622 3074 intentam
654 3021 899 3075 cuncioni
927 3034 1158 3076 mentem
1189 3021 1442 3074 indicant.
1494 3017 1833 3085 Quapropter
1857 3029 1946 3068 su-

368 3112 631 3178 perfluum
661 3121 802 3167 esset
834 3115 931 3166 hac
959 3111 1026 3166 de
1053 3128 1109 3165 re
1136 3125 1357 3165 monere
1385 3126 1400 3173 ;
1453 3109 1546 3163 sed
1591 3106 1716 3160 illud
1768 3107 1947 3161 dicere

365 3211 417 3256 et
458 3218 677 3257 mouere
715 3219 894 3273 opera:
940 3202 1168 3272 pretium
1199 3201 1375 3266 fuerit,
1408 3208 1466 3253 ut
1489 3199 1588 3252 hoc
1620 3197 1799 3251 animo
1825 3211 1946 3250 esse

366 3295 722 3362 perseveretis
755 3313 768 3348 :
798 3309 897 3348 nec
928 3294 1086 3348 modo
1112 3293 1198 3347 hic
1228 3292 1366 3347 idem
1412 3291 1645 3346 studium
1689 3289 1944 3343 exhibea-

365 3387 453 3447 tis,
482 3385 577 3439 sed
606 3385 768 3439 etiam
795 3385 940 3439 domi
971 3387 1052 3438 vir
1083 3399 1308 3438 uxorem
1331 3425 1346 3450 ,
1396 3393 1547 3452 pater
1572 3381 1736 3435 filium
1767 3380 1834 3434 de
1863 3379 1946 3434 his

361 3477 739 3546 alloquamur;
773 3493 866 3531 sua
898 3477 951 3530 hi
979 3477 1179 3541 dicant,
1220 3486 1274 3529 et
1308 3473 1453 3544 paria
1480 3474 1547 3526 ab
1578 3472 1682 3526 illis
1710 3471 1942 3540 exigant,

361 3583 657 3637 omnesque
706 3569 807 3621 hoc
855 3577 1095 3620 mutuum
1125 3567 1312 3634 pignus
1341 3565 1391 3618 in
1431 3563 1664 3617 medium
1696 3561 1939 3616 afferant.

361 3658 439 3713 Ne
478 3660 597 3728 quis
647 3659 776 3713 mihi
827 3659 1047 3720 dixerit,
1098 3673 1294 3728 pueros
1338 3657 1388 3710 in
1432 3655 1532 3708 hoc
1561 3653 1807 3722 occupari
1839 3667 1942 3705 nou

359 3761 610 3818 oportere
643 3768 656 3803 :
689 3764 823 3817 Opus
867 3757 1011 3804 esset
1059 3749 1199 3802 enim
1249 3764 1353 3800 non
1404 3745 1564 3800 modo
1611 3745 1691 3797 his
1743 3744 1947 3796 incum-

361 3840 511 3903 bere,
535 3841 628 3896 sed
663 3842 801 3894 hanc
832 3842 997 3894 solam
1031 3840 1231 3894 habere
1261 3855 1464 3893 curam.
1518 3841 1764 3891 Attamen
1798 3837 1943 3889 intir—

360 3930 560 3984 mitatis
595 3941 787 3984 vestrae
817 3946 974 3984 causa
1008 3931 1058 3984 id
1093 3948 1196 4003 non
1233 3931 1372 3996 dico,
1420 3945 1590 3995 neque
1636 3944 1829 3998 pueros
1876 3929 1944 3981 ab

358 4031 584 4074 externo
630 4022 722 4074 illo
759 4021 936 4074 studio
983 4037 1187 4085 avoco;
1239 4030 1291 4074 ut
1332 4037 1501 4090 neque
1528 4037 1622 4073 vos
1649 4036 1676 4072 a
1701 4019 1943 4073 civilibus

360 4112 613 4180 negotiis.
659 4112 849 4166 Verum
893 4128 955 4166 ex
999 4121 1200 4180 septem
1247 4113 1328 4165 his
1365 4112 1548 4165 diebus
1579 4125 1761 4174 unum,
1789 4123 1936 4178 rogo,

359 4205 628 4257 communi
660 4205 885 4257 Domino
911 4215 1096 4259 nostro
1130 4205 1479 4258 consecretis.
1527 4205 1716 4256 Annon
1748 4202 1930 4255 absur-

362 4296 484 4348 dum
517 4297 694 4362 fuerit,
721 4297 764 4350 si
791 4311 913 4350 cum
941 4311 1123 4350 servos
1150 4306 1358 4349 nostros
1385 4295 1636 4363 obsequia
1667 4309 1758 4347 sua
1789 4293 1941 4346 nobis

363 4404 572 4457 semper
596 4400 847 4456 praestare
872 4389 1171 4456 jubeamus,
1202 4404 1298 4440 nos
1329 4404 1394 4440 ne
1423 4387 1696 4440 minimum
1723 4385 1938 4455 quidem

363 4480 450 4531 otii
481 4479 648 4532 nostri
691 4480 798 4533 Deo
824 4481 1135 4533 addicamus
1165 4497 1177 4541 ;
1209 4479 1506 4548 przesertim
1534 4493 1653 4528 cum
1683 4476 1796 4528 ha:c
1823 4491 1940 4529 scr~

364 4570 500 4623 vitus
529 4571 636 4623 Deo
682 4569 811 4623 nihil
853 4571 1098 4624 conferat
1130 4570 1292 4640 (Deus
1322 4567 1464 4621 enim
1507 4567 1647 4619 nulla
1677 4580 1734 4618 re
1759 4565 1896 4632 eget.)
1923 4604 1937 4628 ,

363 4661 452 4712 sed
481 4660 546 4711 ad
578 4668 812 4714 nostram
845 4660 1108 4713 redundet
1139 4656 1463 4712 utilitatem?
1504 4656 1699 4710 Verum
1727 4671 1845 4708 cum
1874 4653 1937 4706 ad

363 4747 562 4802 theatra
595 4749 731 4803 filios
748 4749 1029 4814 adducitis,
1060 4749 1571 4818 nequedisciplinas,
1597 4761 1768 4815 neque
1795 4745 1937 4798 aliud

360 4839 625 4908 quidpiam
656 4840 975 4903 obteuditis;
1001 4841 1045 4893 si
1076 4857 1203 4893 vero
1244 4839 1512 4907 quidpiam
1541 4839 1832 4908 spiritualis
1861 4839 1941 4890 lu-

358 4932 431 4984 cri
459 4931 528 4984 sit
550 4932 932 5001 colligendum,
964 4933 1292 4985 vacationem
1334 4931 1458 4985 illud
1491 4946 1610 4986 esse
1649 4931 1844 4985 dicitis.
1873 4931 1938 4984 Et

357 5023 625 5090 quomodo
665 5025 796 5076 iram
836 5023 931 5077 Dei
979 5040 1083 5076 non
1129 5024 1506 5093 provocabitis,
1562 5023 1686 5076 dum
1728 5024 1938 5076 caeteris

357 5113 606 5166 nirinihus
634 5129 733 5167 suo
761 5123 1000 5182 tempore
1031 5130 1248 5182 operam
1275 5114 1482 5178 dantes,
1505 5113 1698 5166 divinis
1719 5128 1933 5182 operam

357 5201 504 5267 dare,
537 5203 819 5258 molestum
847 5213 901 5257 et
935 5205 1295 5272 importunum
1325 5205 1445 5258 tiliis
1474 5204 1829 5258 existimatis?

421 5293 453 5346 J
461 5311 640 5349 avertes
653 5296 904 5365 quomodo
921 5295 1227 5350 instituendi.
1252 5295 1506 5350 Doctrina!
1521 5294 1738 5349 Joannis
1753 5306 1940 5363 quanta

351 5387 443 5439 eis.
473 5386 620 5442 Mens
645 5405 760 5458 quia
786 5389 955 5442 divina
979 5389 1251 5442 meditatur
1270 5389 1470 5442 diabolo
1489 5387 1822 5459 formidabilis
1843 5399 1936 5441 est.

348 5477 875 5546 ~Neita,neita,
917 5479 1106 5535 fratres
1148 5479 1292 5546 mei,
1340 5483 1524 5550 agra‘is.
1577 5481 1779 5537 Etenim
1827 5483 1938 5534 haec

352 5571 581 5626 maxime
606 5583 736 5626 a-tas
768 5573 865 5626 ista
904 5582 1026 5643 eget
1068 5573 1385 5640 disciplina:
1418 5581 1600 5627 tenera
1648 5575 1787 5626 enim
1817 5590 1935 5627 cum

349 5664 440 5728 sit,
472 5665 581 5718 cito
609 5663 696 5717 illa
724 5679 844 5732 qua:
873 5664 1155 5727 dicuntur,
1199 5663 1440 5726 imbibit,
1485 5663 1832 5733 doctrinaque
1867 5664 1938 5719 ibi

347 5767 447 5808 ceu
478 5753 712 5823 sigillum
741 5755 793 5808 in
821 5769 941 5810 cera
975 5755 1309 5821 imprimitur.
1349 5754 1594 5822 Alioquin
1623 5765 1798 5810 autem
1839 5755 1938 5809 hac

351 5845 608 5916 primm-tl
635 5854 793 5900 atate
813 5845 896 5901 vel
917 5845 982 5899 ad
1014 5846 1194 5906 vitium
1226 5845 1309 5899 vel
1339 5843 1404 5899 ad
1431 5845 1676 5900 virtutem
1698 5846 1937 5901 declina-

2057 2101 2159 2146 tur.
2192 2093 2246 2148 Si
2298 2096 2415 2165 quis
2465 2097 2623 2168 igitur
2663 2115 2692 2154 a
2741 2103 3001 2174 principio
3039 2115 3090 2160 et
3120 2108 3268 2176 quasi
3300 2122 3328 2160 a
3375 2109 3641 2164 vestibulo

2055 2183 2171 2236 illos
2197 2199 2226 2237 a
2255 2187 2396 2241 vitiis
2425 2188 2727 2253 abduxerit,
2752 2202 2807 2246 et
2830 2194 2895 2248 ad
2919 2195 3174 2263 Optimam
3204 2198 3339 2252 viam
3361 2199 3634 2264 direxerit,

2053 2290 2150 2331 ceu
2200 2279 2250 2332 in
2291 2283 2576 2350 quemdam
2625 2281 2862 2339 habitum
2894 2296 2947 2340 et
2976 2299 3175 2342 rectam
3228 2290 3348 2344 vita
3378 2294 3638 2347 rationem

2051 2385 2145 2425 eos
2185 2374 2508 2429 constituet:
2560 2391 2730 2445 neque
2769 2387 2960 2447 sponte
3004 2393 3098 2434 sua
3130 2379 3286 2436 facile
3330 2381 3396 2436 ad
3440 2383 3638 2438 malum

2051 2462 2830 2530 declinabunt,consuetudine
2876 2468 2996 2524 illos
3021 2469 3088 2524 ad
3135 2469 3272 2526 bona
3320 2487 3480 2541 opera
3525 2482 3638 2528 tra-

2053 2553 2232 2611 hente.
2291 2557 2364 2611 Ita
2417 2559 2568 2613 nobis
2627 2560 2711 2615 vel
2766 2561 2895 2632 ipsis
2956 2563 3173 2618 senibus
3225 2566 3638 2622 venerabiliores

2051 2657 2241 2713 erunt,
2271 2659 2324 2704 et
2354 2649 2571 2705 urbanis
2592 2653 2816 2721 negotiis
2846 2653 3095 2724 gerendis
3125 2657 3392 2724 aptiores,
3425 2656 3552 2710 dum
3585 2659 3636 2712 in

2047 2739 2328 2807 juventute
2371 2742 2592 2796 senilem
2642 2753 2850 2797 aetatem
2897 2746 3218 2813 expriment.
3267 2747 3450 2818 Neque
3495 2750 3637 2804 enim

2054 2831 2169 2886 ﬁeri
2198 2841 2403 2902 potest,
2440 2845 2493 2887 ut
2517 2834 2626 2902 jam
2669 2835 2814 2901 dixi,
2847 2847 2904 2890 ut
2927 2838 3016 2906 qui
3051 2837 3352 2908 bujusmodi
3379 2841 3639 2897 concione

2051 2921 2332 2987 fruuntur,
2363 2933 2417 2977 ct
2458 2934 2659 2979 tantum
2689 2928 2988 2996 apostolum
3018 2927 3387 3000 frequentant,
3419 2949 3524 2986 non
3555 2935 3637 2987 iu-

2049 3027 2182 3082 geus
2211 3013 2493 3084 quodpiam
2519 3017 2712 3070 bonum
2757 3034 2939 3072 secum
2982 3019 3241 3084 referant;
3270 3024 3382 3077 sive
3424 3023 3638 3078 tandem

2050 3107 2150 3168 vir,
2183 3107 2296 3161 sive
2321 3107 2529 3172 mulier,
2559 3110 2672 3162 sive
2707 3109 2918 3178 juvenis
2949 3111 3018 3164 sit
3045 3111 3088 3165 is
3127 3112 3215 3181 qui
3251 3113 3407 3180 hujus
3435 3130 3638 3169 mensa:

2051 3197 2315 3266 particeps
2345 3197 2592 3252 eflicitur.
2627 3198 2758 3253 Nam
2790 3203 2833 3253 si
2869 3199 3008 3254 feras
3036 3202 3201 3256 verbo
3227 3187 3456 3258 domitas
3493 3205 3638 3259 cicu-

2051 3305 2230 3344 ramus
2249 3331 2263 3354 ,
2293 3299 2489 3359 quanto
2515 3291 2681 3360 magis
2705 3291 2947 3346 homines
2973 3293 3072 3347 hac
3101 3294 3362 3364 spirituali
3390 3295 3634 3352 doctrina

2050 3382 2113 3435 ad
2145 3382 2346 3451 frugem
2371 3383 2698 3438 deducemus
2718 3427 2732 3450 ,
2760 3401 2882 3440 cum
2923 3387 3059 3440 inter
3087 3388 3402 3443 medicinam
3433 3400 3487 3446 et
3512 3407 3636 3446 eum

2049 3473 2136 3540 qui
2167 3483 2381 3527 curatur
2413 3483 2615 3528 tantum
2643 3474 2710 3529 sit
2737 3475 3062 3531 discrimen?
3099 3479 3280 3548 Neque
3317 3481 3458 3534 enim
3492 3491 3635 3536 tanta

2051 3563 2202 3617 nobis
2249 3564 2387 3618 inest
2438 3564 2651 3624 feritas.
2701 3578 2893 3636 quanta
2943 3568 3130 3623 belluis
3167 3589 3180 3624 :
3223 3586 3344 3625 nam
3403 3572 3518 3627 hare
3567 3589 3633 3627 ex

2050 3661 2252 3716 natura,
2287 3654 2374 3706 illa
2397 3669 2460 3706 ex
2489 3655 2712 3708 arbitrio
2741 3657 3117 3724 proficiscitur:
3149 3675 3321 3728 neque
3347 3662 3631 3716 verborum

2049 3745 2236 3798 eadem
2281 3745 2361 3798 vis
2403 3754 2501 3799 est.
2547 3746 2637 3800 Illa
2671 3749 2811 3801 enim
2859 3764 2921 3802 ex
2957 3749 3182 3804 humana
3217 3762 3394 3807 mente
3426 3755 3632 3822 prodit,

2051 3835 2164 3888 haec
2195 3851 2257 3889 ex
2290 3835 2518 3904 Spiritus
2545 3837 2740 3892 virtute
2768 3849 2818 3891 et
2843 3840 3030 3908 gratia.
3063 3839 3116 3896 Si
3148 3843 3266 3911 quis
3298 3844 3453 3912 igitur
3481 3845 3548 3899 de
3575 3860 3634 3900 se

2022 3925 2316 4005 _deSperet,
2352 3937 2658 3982 mansuetas
2686 3928 2800 3982 illas
2831 3931 2969 3984 feras
2996 3933 3226 4001 cogitet,
3269 3943 3322 3988 et
3360 3941 3630 4004 nunquam

2048 4019 2100 4072 in
2133 4019 2558 4088 desperationem
2604 4020 2836 4076 incidet:
2879 4036 3021 4091 sa'pe
3047 4022 3184 4078 hanc
3214 4025 3632 4080 medicamento-

2047 4126 2165 4165 rum
2207 4111 2474 4165 officinam
2520 4111 2708 4177 adeat,
2755 4111 2964 4166 divinas
3012 4113 3151 4182 leges
3203 4116 3348 4167 omni
3395 4125 3635 4184 tempore

2046 4204 2254 4269 audiat,
2288 4214 2340 4257 et
2377 4203 2590 4256 donnnn
2641 4219 2920 4267 reversus,
2963 4219 3081 4272 qua:
3109 4205 3342 4266 audivit,
3375 4208 3424 4259 iu
3456 4219 3634 4261 mente

2047 4295 2313 4349 describat
2338 4313 2349 4344 :
2383 4294 2564 4363 sicque
2591 4295 2640 4346 in
2669 4295 2803 4346 bona
2834 4310 2927 4362 spe
2947 4305 2999 4347 et
3026 4296 3312 4350 securitate
3341 4300 3634 4354 constitue-

2049 4397 2152 4451 tur,
2184 4396 2235 4441 et
2263 4386 2590 4455 eXperientia
2625 4385 2914 4454 profectum
2942 4388 3155 4441 sentiet.
3187 4386 3318 4442 Cum
3347 4391 3488 4444 enim
3517 4391 3634 4444 dia-

2047 4482 2198 4534 bolus
2232 4479 2398 4548 legem
2444 4478 2535 4531 Dei
2585 4478 2635 4531 in
2664 4478 2837 4530 anima
2867 4478 3188 4546 descriptam
3223 4480 3439 4544 videbit,
3468 4492 3522 4535 et
3549 4491 3632 4535 ta—

2049 4570 2200 4624 bulas
2227 4583 2345 4622 esse
2371 4583 2466 4621 cor
2491 4567 2662 4631 illius,
2695 4583 2799 4621 non
2827 4568 3042 4623 accedet
3081 4569 3321 4623 ulterius.
3356 4571 3454 4626 Ubi
3486 4573 3628 4626 enim

2048 4661 2216 4715 litera:
2260 4659 2439 4729 regim,
2489 4675 2592 4712 non
2643 4660 2694 4712 in
2745 4676 2885 4713 a‘reo
2932 4660 3087 4729 cippo
3133 4661 3380 4729 sculpta),
3430 4663 3521 4717 sed
3581 4663 3634 4719 in

2047 4753 2296 4820 religioso
2348 4750 2525 4804 animo
2568 4766 2596 4803 a
2642 4749 2841 4820 Spiritu
2893 4761 3077 4804 sancto
3121 4751 3413 4806 eil'ormatae
3466 4753 3632 4810 multa

2048 4841 2248 4911 fulgent
2272 4842 2472 4911 gratia,
2507 4858 2602 4895 nec
2643 4852 2825 4895 eontra
2873 4844 3137 4911 respicere
3180 4844 3268 4898 ille
3297 4847 3508 4912 poterit,
3540 4847 3632 4901 sed

2045 4934 2228 5003 procul
2259 4934 2410 4986 nobis
2454 4944 2597 5001 terga
2627 4943 2813 4986 vertet.
2858 4933 2993 4986 Nihil
3023 4936 3162 4988 enim
3191 4936 3258 4988 ita
3302 4935 3634 4994 formidabile

2043 5035 2125 5078 est
2151 5035 2202 5078 et
2234 5025 2303 5077 illi
2335 5035 2388 5078 et
2416 5026 2825 5093 Cogitationibus
2852 5028 2918 5080 ab
2960 5029 3049 5079 illo
3081 5029 3363 5089 immissis,
3398 5039 3450 5081 ut
3480 5046 3632 5084 mens

2043 5133 2161 5184 quia
2205 5115 2381 5169 divina
2435 5117 2747 5178 meditatur,
2794 5128 2847 5170 et
2877 5117 2998 5170 huic
3025 5133 3237 5183 semper
3267 5118 3432 5171 lueret
3479 5119 3630 5174 ionti.

2045 5207 2191 5259 lianc
2219 5207 2361 5259 nulla
2390 5223 2565 5260 rerum
2615 5208 2953 5276 przrsentium
3004 5208 3263 5270 turbabit,
3296 5213 3634 5276 quantumvis

2051 5298 2271 5350 molesta
2320 5297 2418 5361 sit,
2473 5298 2612 5349 nulla
2658 5297 2857 5350 inilahit
2897 5307 2950 5350 et
2993 5298 3246 5360 extollet,
3295 5303 3634 5366 quantumvis

2052 5403 2304 5456 prospera
2336 5387 2492 5441 fuerit
2518 5405 2529 5439 :
2570 5387 2659 5438 sed
2691 5388 2741 5439 in
2775 5396 2915 5439 tanta
2951 5388 3177 5455 procella
3205 5399 3258 5442 et
3283 5399 3630 5459 tempestate,

2052 5480 2434 5548 tranquillitate
2474 5494 2660 5546 magna
2695 5478 2917 5530 fruetur.

2117 5573 2173 5627 2.
2211 5571 2327 5626 Non
2356 5571 2616 5622 turbantur
2635 5570 2731 5621 nisi
2750 5585 2812 5621 ea:
2829 5569 2984 5621 animi
3003 5571 3158 5622 nostri
3173 5572 3483 5640 inﬁrmitate.
3512 5574 3630 5628 Ilie-

2048 5667 2312 5720 reticorum
2337 5665 2399 5716 de
2436 5660 2594 5714 Verbo
2622 5661 2880 5714 sententia.
2898 5690 2968 5700 —
2986 5661 3165 5732 Neque
3191 5664 3332 5717 enim
3359 5682 3421 5718 ex
3454 5681 3628 5721 rerum

2049 5767 2236 5810 natura
2285 5753 2580 5812 turbamur,
2619 5750 2712 5804 sed
2761 5765 2824 5805 ex
2875 5753 3034 5806 animi
3087 5755 3250 5806 nostri
3302 5754 3627 5810 inlirmitate.

2052 5848 2179 5903 Nam
2228 5849 2269 5902 si
2302 5862 2363 5901 cx
2412 5844 2568 5898 rebus
2596 5859 2714 5913 qua:
2760 5843 3006 5898 accidunt
3036 5845 3399 5910 turbaremur,
3444 5861 3633 5903 omnes
