4370 6306
579 343 646 398 59
1327 331 1382 386 S.
1423 327 1699 386 JOANNIS
1735 325 2210 384 CIIRYSOSTOMI
2251 330 2566 389 ARClllEP.
2609 335 3141 399 CONSTANTINOP.
3781 363 3853 418 ιο

578 455 819 511 homines
867 449 1065 506 turbari
1111 459 1330 502 necesse
1373 453 1534 500 esset.
1585 443 1784 498 Omnes
1832 440 1976 495 enim
2021 437 2159 493 idem

575 550 884 619 navigamus
922 543 1156 614 pelagus,
1189 555 1362 609 neque
1404 538 1517 592 fieri
1550 545 1766 607 potest,
1801 543 1857 588 ut
1881 541 2027 588 extra
2057 531 2160 584 llu-

576 651 694 696 ctus
722 647 771 694 et
804 644 1148 706 tempestates
1174 646 1469 686 versemur.
1511 628 1662 695 Quod
1692 627 1736 681 si
1765 626 1979 696 quidam
2009 633 2158 680 extra

576 737 944 801 tempestatem
972 736 1024 783 et
1055 725 1395 780 furibundum
1427 739 1572 776 mare
1597 721 1830 790 degant,
1874 717 2045 788 palam
2073 727 2154 771 est

569 830 936 892 tempestatem
969 833 1075 872 non
1105 832 1134 870 a
1174 815 1402 885 negotiis
1430 813 1578 876 oriri,
1610 811 1704 866 sed
1729 825 1761 864 a
1798 819 1936 864 statu
1962 808 2155 862 mentis

567 924 785 969 nostrae.
829 909 886 966 Si
935 907 1072 962 hanc
1120 906 1278 974 igitur
1319 904 1390 958 ita
1434 913 1825 970 comparemus,
1875 908 1930 952 ut
1974 899 2151 952 omnia

564 1006 721 1060 facile
753 1004 907 1068 ferat,
953 999 1082 1055 nulli
1114 997 1326 1063 fluctus,
1368 995 1508 1048 nulla
1539 1001 1846 1061 tempestas,
1878 988 1971 1044 sed
2003 999 2150 1043 tran-

565 1096 800 1168 quillitas
848 1091 1002 1146 nobis
1055 1104 1266 1155 semper
1311 1086 1503 1140 aderit.
1557 1084 1756 1138 Verum
1812 1081 1992 1135 nescio
2043 1095 2150 1150 quo

567 1197 747 1259 pacto,
771 1200 891 1240 cum
914 1182 1043 1237 nihil
1073 1181 1261 1235 horum
1287 1177 1468 1233 dicere
1497 1177 1546 1229 in
1572 1172 1843 1245 proposito
1871 1171 2144 1236 haberem,

563 1282 615 1334 in
637 1288 832 1333 tantam
852 1272 1267 1331 admonitionem
1290 1269 1624 1324 devenerim.
1643 1264 1919 1336 Ignoscite,
1942 1278 2142 1334 quaeso,

562 1369 967 1441 longitudinem.
1014 1365 1219 1420 Etenim
1248 1377 1460 1424 vereor,
1510 1367 1565 1414 et
1592 1357 1876 1412 admodum
1907 1369 2135 1421 vereor,

561 1473 620 1518 ut
663 1464 764 1518 hoc
791 1460 1022 1516 studium
1067 1471 1243 1512 meum
1293 1454 1498 1509 felicem
1542 1451 1739 1506 exitum
1770 1449 1988 1513 habeat;
2018 1463 2140 1502 nam

557 1556 602 1609 si
633 1555 760 1610 fisus
790 1566 986 1618 essent,
1017 1550 1320 1619 neutiquam
1345 1561 1439 1599 vos
1461 1544 1542 1598 his
1563 1542 1629 1597 de
1660 1540 1817 1596 rebus
1838 1540 2141 1608 ailoqnutus

557 1662 756 1701 essent.
787 1643 929 1700 Satis
955 1651 1100 1697 certe
1129 1650 1252 1694 sunt
1277 1654 1395 1708 qua:
1423 1636 1673 1699 diximus,
1705 1641 1760 1685 ιιι
1787 1631 1962 1686 omnia
1991 1630 2140 1683 vobis

558 1739 731 1794 facilia
757 1736 1066 1792 reddantur.
1095 1733 1330 1802 Tempus
1359 1738 1535 1783 autem
1563 1735 1644 1780 est
1673 1735 1726 1778 ut
1757 1723 1822 1777 ad
1863 1739 1972 1776 rem
2016 1737 2138 1789 pro-

558 1831 781 1900 positam
830 1827 1142 1890 veniamus,
1191 1838 1258 1877 ne
1308 1835 1404 1874 vos
1446 1817 1639 1873 defessi
1685 1816 1798 1869 lucc
1845 1813 2134 1868 certamina

552 1919 776 1974 adeatis.
806 1915 1106 1971 Certamina
1137 1913 1334 1984 quippe
1379 1909 1532 1964 nobis
1565 1916 1800 1976 prostant
1825 1914 2009 1960 contra
2041 1919 2132 1957 ve-

553 2012 724 2066 ritatis
769 2009 970 2074 hostes,
1022 2016 1204 2061 contra
1254 2018 1348 2059 eos
1397 2002 1485 2071 qui
1536 1999 1664 2054 nihil
1711 2013 1816 2052 non
1845 2004 2042 2067 agunt,
2078 2005 2135 2050 ut

550 2105 670 2160 Filii
715 2104 806 2158 Dei
853 2101 1099 2172 gloriam,
1151 2098 1260 2153 imo
1310 2097 1482 2166 potius
1525 2109 1672 2147 suam
1718 2091 1988 2160 dejiciant.
2043 2089 2130 2143 Illa

547 2200 743 2268 quippe
787 2210 1000 2265 semper
1044 2202 1224 2248 manet
1269 2199 1325 2244 ut
1368 2198 1483 2252 est,
1516 2186 1644 2240 nihil
1679 2200 1772 2253 per
1818 2183 2128 2237 maledicam

548 2289 780 2359 linguam
820 2285 1140 2339 imminuta:
1185 2281 1256 2335 illi
1301 2294 1447 2342 vero,
1496 2276 1622 2330 dum
1661 2289 1816 2337 eum,
1870 2288 2027 2342 quem
2070 2287 2130 2327 se

546 2378 770 2433 adorare
813 2375 1032 2440 dicunt,
1084 2380 1422 2442 prosternere
1450 2366 1699 2428 student,
1743 2363 1943 2417 vultum
1972 2377 2124 2416 suum

544 2470 758 2526 infamia
786 2467 1013 2537 replent,
1037 2473 1092 2520 et
1114 2465 1345 2518 animam
1372 2457 1633 2528 supplicio
1663 2454 1935 2510 addicunt.
1970 2455 2128 2520 Qua:-

542 2579 664 2618 nam
694 2577 820 2631 ergo
840 2559 1022 2614 dicunt
1044 2557 1140 2622 illi,
1169 2555 1295 2610 dum
1321 2567 1418 2608 nos
1441 2553 1554 2606 haec
1584 2548 1943 2619 proferimus?
1967 2545 2117 2610 Illud,

540 2652 609 2708 In
635 2652 878 2724 principio
903 2660 1010 2704 erat
1030 2647 1230 2702 verbum
1249 2686 1265 2711 ,
1299 2661 1403 2698 non
1433 2642 1781 2698 aeternitatem
1807 2639 2122 2709 simpliciter

541 2743 812 2798 indicare:
845 2755 964 2793 nam
997 2738 1097 2792 hoc
1124 2737 1190 2791 de
1231 2735 1364 2788 carlo
1391 2734 1550 2786 etiam
1573 2741 1627 2786 et
1655 2731 1722 2786 de
1749 2741 1888 2785 terra
1920 2730 2118 2783 dictum

540 2837 655 2890 fuit.
688 2835 733 2888 υ
757 2831 1134 2902 impudentiam
1162 2838 1212 2882 et
1241 2826 1563 2895 impietatem
1586 2823 1882 2891 ingentem!
1915 2821 1987 2873 De
2008 2819 2119 2872 Deo

538 2937 590 2980 te
616 2926 874 2994 alloquor,
904 2933 958 2977 et
987 2931 1039 2975 tu
1069 2919 1197 2973 mihi
1231 2928 1425 2970 terram
1449 2925 1501 2970 et
1532 2913 1773 2967 homines
1802 2921 1939 2966 terra
1970 2919 2118 2964 ortos

533 3017 695 3071 all'crs
726 3017 776 3070 in
807 3011 1078 3069 medium?
1109 3011 1250 3080 Ergo
1275 3011 1396 3077 quia
1427 3007 1668 3060 Christus
1707 3003 1873 3058 Filius
1913 3003 2002 3056 Dei
2032 3001 2116 3056 di-

536 3107 672 3162 citur
716 3113 771 3158 et
809 3104 970 3168 Deus,
1022 3109 1076 3156 et
1105 3099 1264 3153 homo
1312 3097 1558 3152 similiter
1593 3095 1732 3148 filius
1764 3093 1852 3146 Dei
1884 3100 1937 3146 et
1981 3092 2114 3145 deus

533 3196 851 3265 prrdicatttr
879 3193 896 3262 (
928 3207 1050 3246 nam
1091 3189 1200 3260 Ego
1229 3188 1363 3251 dixi,
1410 3186 1611 3255 inquit,
1641 3184 1712 3236 dii
1752 3183 1889 3246 estis,
1932 3194 1980 3236 et
2017 3181 2114 3249 ﬁlii

537 3287 735 3343 Επειεὶ
756 3301 926 3339 onmes
947 3281 968 3355 [
989 3282 1130 3335 Psal.
1155 3281 1216 3336 8|
1232 3319 1244 3330 .
1275 3275 1406 3351 6]),
1437 3291 1558 3330 cum
1583 3274 1866 3344 Unigeuito
1894 3283 2115 3326 conten-

531 3378 624 3432 des
647 3379 716 3432 de
745 3376 1030 3435 filiatione,
1077 3381 1132 3426 et
1172 3370 1319 3424 dices
1365 3369 1534 3437 ipsum
1565 3365 1689 3419 nihil
1721 3363 1836 3434 plus
1884 3363 2109 3428 habere,

533 3485 688 3540 quam
719 3478 773 3523 tu
814 3465 1048 3522 habeas?
1075 3463 1439 3532 Nequaquam,
1468 3461 1561 3514 ait.
1597 3461 1753 3529 Atqui
1786 3457 1908 3511 illud
1938 3457 2108 3524 ipsmn

529 3563 673 3632 agis,
701 3563 799 3615 etsi
844 3574 948 3614 non
977 3557 1141 3612 dicas.
1177 3553 1491 3622 Quomodo?
1530 3552 1663 3619 Quia
1710 3551 1876 3611 dicis,
1924 3559 1975 3602 te
2016 3564 2110 3618 per

529 3656 754 3725 gratiam
780 3651 1115 3719 adeptionem
1147 3647 1449 3717 percepisse
1467 3687 1480 3709 ,
1518 3645 1794 3713 ipsumque
1821 3641 2066 3696 similiter
2090 3657 2104 3694 :

529 3761 649 3800 cum
675 3753 854 3798 autem
890 3743 1021 3797 dicis
1049 3744 1100 3811 ip
1119 3757 1219 3794 um
1249 3755 1352 3793 non
1387 3747 1568 3792 natura
1615 3738 1777 3790 lilimn
1802 3751 1920 3791 esse
1939 3777 1954 3801 ,
1979 3736 2105 3789 nihil

527 3836 669 3889 aliud
696 3835 904 3903 probas,
935 3849 1090 3904 quam
1119 3849 1216 3904 per
1239 3832 1460 3899 gratiam
1491 3831 1652 3882 filium
1682 3844 1825 3883 esse.
1845 3829 2104 3882 Carterum

527 3929 800 3982 videmnus
856 3942 952 3989 ea,
1005 3941 1121 3993 quae
1174 3924 1326 3976 nobis
1377 3921 1605 3975 afferunt
1650 3920 1984 3974 testimonia:
2039 3918 2106 3972 In

527 4019 774 4089 principio
809 4017 924 4089 fecit
951 4013 1088 4068 Dens
1113 4015 1290 4067 m'lum
1317 4021 1364 4066 el
1387 4022 1589 4064 terram.
1624 4010 1780 4064 Terra
1806 4021 1972 4062 autem
1999 4019 2105 4062 erat

525 4110 784 4164 invisibilis
814 4118 859 4162 et
883 4107 1214 4175 incomposita
1235 4103 1387 4176 (Gen.
1419 4103 1472 4157 1.
1493 4104 1542 4156 l.
1561 4101 1651 4172 ἓ).
1689 4103 1772 4167 Et,
1807 4099 1932 4154 Erat
1955 4101 2104 4155 homo

523 4216 586 4253 ea:
625 4197 938 4252 Armatltaitn
968 4196 1133 4264 Sipha
1162 4197 1179 4262 (
1206 4195 1256 4248 l.
1290 4193 1415 4264 Reg.
1447 4193 1499 4247 1.
1528 4193 1548 4246 l
1573 4192 1613 4262 ).
1646 4192 1768 4246 llmc
1800 4192 1925 4258 ipsis
1953 4191 2101 4244 firma

521 4290 786 4345 videntur.
821 4288 885 4341 Et
909 4303 1030 4341 vere
1057 4285 1206 4339 firma
1236 4293 1391 4348 sunt,
1419 4281 1512 4337 sed
1539 4283 1603 4334 ad
1632 4280 2101 4338 demonstrandam

519 4381 776 4436 doctrina:
797 4389 993 4434 nostra:
1023 4379 1334 4431 veritatem:
1364 4390 1484 4429 nam
1515 4375 1579 4427 ad
1618 4375 1830 4430 illorum
1862 4374 2101 4442 blasphe—

521 4475 679 4528 miam
705 4469 1152 4539 comprobandam
1173 4468 1409 4521 omnium
1435 4465 1758 4520 debilissima
1789 4475 1933 4518 sunt.
1964 4464 2097 4530 Quid

518 4565 683 4624 enim,
711 4576 914 4631 qua-so,
947 4573 1229 4614 commune
1259 4557 1420 4610 habet
1450 4555 1576 4608 illttd
1598 4595 1613 4619 ,
1639 4555 1810 4620 Fecit,
1842 4570 1962 4608 cum
1987 4555 2096 4617 illo,

523 4655 690 4709 Erat?
718 4652 844 4724 quid
875 4652 1018 4706 Deus
1057 4663 1177 4704 cum
1209 4647 1457 4702 homine?
1499 4646 1608 4701 Cur
1637 4663 1698 4700 ea
1746 4648 1939 4701 misces
1980 4662 2099 4714 qua:

518 4745 730 4802 misceri
773 4758 880 4799 non
931 4741 1190 4813 possunt?
1218 4756 1314 4794 cur
1355 4738 1638 4795 confundis
1680 4754 1740 4793 ea
1783 4754 1903 4807 qua:
1929 4737 2096 4791 divisa

516 4847 674 4903 sunt,
723 4846 779 4894 et
825 4851 944 4908 qua:
988 4849 1236 4898 sursum,
1286 4832 1533 4887 deorsum
1573 4831 1768 4900 potus?
1815 4830 1910 4885 llic
1955 4832 2104 4896 enim

517 4929 676 4994 illud,
703 4927 848 4991 Erat,
878 4943 982 4982 non
1010 4928 1360 4981 :etcrnitatem
1386 4923 1651 4987 ostendit,
1679 4924 1722 4977 si
1765 4923 1937 4977 solum
1976 4938 2098 4992 spe-

515 5031 717 5086 ctetur;
743 5021 837 5076 sed
863 5020 908 5072 si
935 5017 1160 5072 addatur
1184 5031 1306 5070 eum
1337 5014 1461 5078 illis,
1492 5013 1557 5067 In
1585 5015 1832 5084 principio
1860 5022 1986 5079 erat,
2020 5025 2093 5077 et,

529 5109 735 5163 Verbum
775 5120 902 5165 erat.
935 5106 1392 5176 Quemadntodnm
1432 5120 1560 5174 ergo
1591 5105 1712 5159 illttd
1733 5143 1749 5168 ,
1779 5105 1909 5160 Esse
1928 5144 1944 5169 ,
1975 5119 2097 5159 cum

514 5201 582 5255 de
614 5201 824 5254 homine
853 5200 1066 5263 dicitur,
1096 5212 1335 5269 praesens
1377 5206 1576 5249 tantum
1621 5195 1817 5249 indicat
1845 5205 2092 5266 tempus;

514 5308 634 5345 cum
663 5303 840 5345 autem
867 5293 934 5344 de
966 5292 1104 5356 Deo,
1145 5289 1497 5344 :cternitatem
1526 5288 1891 5342 demonstrat:
1936 5290 2014 5343 sic
2041 5297 2098 5344 et

515 5384 679 5448 illud,
719 5381 878 5445 Erat,
921 5381 990 5437 de
1029 5393 1209 5437 nostra
1257 5381 1456 5436 dictum
1503 5389 1717 5443 natura,
1771 5384 2094 5448 praeteritum

515 5486 722 5547 tempus
755 5475 1046 5542 significat,
1086 5474 1366 5543 ipsumque
1397 5474 1630 5536 finitum;
1663 5488 1782 5526 cum
1823 5482 1998 5526 autem
2029 5471 2096 5526 de

515 5569 657 5630 Deo,
685 5565 1033 5622 mternitatem
1065 5564 1279 5618 indicat.
1308 5563 1445 5620 Satis
1475 5579 1605 5633 ergo
1634 5573 1746 5618 erat
1777 5563 1824 5617 ei
1847 5604 1862 5626 ,
1890 5562 1978 5632 qui
2002 5577 2097 5616 au-

512 5659 650 5713 diret
677 5657 930 5717 Terram,
973 5664 1027 5709 et
1073 5652 1389 5718 “optinent,
1442 5653 1573 5706 nihil
1617 5653 1844 5722 amplius
1886 5651 1952 5705 de
1993 5651 2096 5705 illis

511 5748 768 5818 cogitare,
813 5761 969 5816 qualn
1013 5753 1215 5800 natura:
1240 5753 1432 5798 creatzn
1463 5743 1760 5798 conveniat.
1793 5741 1922 5796 Nam
1952 5742 2092 5812 quod

2276 441 2468 499 factum
2501 456 2582 502 est
2602 488 2619 514 ,
2648 450 2903 522 quidquid
2935 455 3147 512 tandem
3169 457 3272 522 sit,
3297 457 3348 512 in
3378 466 3617 531 tempore
3637 462 3718 520 vel
3752 480 3858 522 saa-

2266 536 2387 590 cnlo
2414 535 2607 594 factum
2629 553 2749 598 est:
2779 553 2834 599 at
2873 545 3039 601 Filius
3081 549 3210 615 Dei,
3241 565 3346 605 non
3378 555 3702 622 temporibus
3730 566 3855 612 tan.

2265 634 2378 681 tum
2399 669 2414 692 ,
2441 631 2535 686 sed
2562 633 2772 690 smculis
2798 637 3043 692 onmihus
3069 640 3312 708 superior
3340 649 3455 696 est:
3485 659 3605 698 nam
3638 646 3848 702 illorum

2263 726 2317 772 et
2341 730 2549 774 creator
2577 731 2631 777 et
2658 725 2834 792 opifex
2870 736 2952 780 est
2975 745 2989 783 :
3011 727 3208 783 dicitur
3228 731 3393 796 enim,
3431 730 3532 786 Per
3557 751 3702 804 quem
3732 737 3850 805 fecit

2261 818 2308 861 et
2334 811 2520 862 uacula
2570 811 2766 882 (Hebr.
2800 816 2979 884 1.2).
3008 817 3109 885 Qui
3151 829 3326 874 autem
3353 821 3530 890 opifex
3578 835 3681 889 est,
3721 837 3846 882 ante

2260 897 2468 966 opificia
2499 899 2638 955 haud
2667 903 2828 959 dubie
2859 906 2972 960 fuit.
2997 906 3258 974 Quoniam
3289 925 3415 965 vero
3435 913 3649 982 quidam
3673 917 3741 970 ita
3765 917 3845 972 in-

2256 989 2454 1042 sensati
2479 999 2620 1056 sunt,
2657 1003 2714 1046 ut
2739 1005 2919 1063 postea
2949 999 3120 1066 majus
3147 999 3416 1070 quidpiam
3446 1002 3514 1056 de
3543 1019 3636 1058 sua
3665 1006 3840 1074 digni-

2257 1087 2362 1132 tate
2387 1081 2740 1149 suspicentur,
2776 1086 2866 1140 illo
2891 1089 3076 1152 verbo,
3106 1089 3271 1157 Fecit,
3293 1101 3347 1147 et
3376 1093 3494 1156 illo,
3525 1093 3691 1150 Homo
3709 1109 3835 1164 erat,

2252 1171 2512 1229 auditoris
2550 1187 2782 1232 mentem
2817 1191 3180 1250 praeoccupat,
3210 1193 3265 1239 et
3309 1201 3518 1242 omnem
3557 1189 3836 1259 impuden-

2251 1265 2376 1318 tiam
2405 1268 2687 1324 exscindit.
2719 1270 2851 1324 Nam
2882 1287 3001 1343 qua:
3028 1275 3163 1329 facta
3206 1285 3332 1330 sunt
3371 1280 3579 1345 omnia,
3608 1282 3794 1336 caelum
3815 1323 3832 1348 ,

2250 1363 2413 1425 terra,
2448 1371 2684 1431 tempore
2715 1363 2848 1419 facta
2878 1375 3024 1434 sunt,
3055 1371 3346 1438 temporale
3382 1373 3696 1443 principium
3728 1375 3827 1429 ha-

2248 1446 2401 1515 hent,
2435 1465 2726 1523 eorumque
2763 1455 2897 1510 nihil
2939 1457 3054 1512 sine
3092 1460 3354 1529 principio
3389 1472 3508 1529 est,
3544 1464 3664 1533 quia
3691 1463 3830 1519 facta

2245 1551 2390 1594 sunt.
2421 1541 2600 1613 Itaque
2624 1559 2743 1600 cum
2784 1547 2936 1602 audis
2963 1549 3135 1618 ipsum
3161 1551 3352 1607 fecisse
3391 1565 3618 1618 terram,
3653 1564 3706 1610 et
3729 1556 3830 1610 ho-

2245 1632 2442 1686 minem
2470 1650 2622 1700 esse,
2657 1637 2925 1704 superflue
2967 1643 3182 1712 nugaris
3204 1683 3218 1707 ,
3253 1653 3307 1698 et
3336 1644 3539 1699 inutilia
3571 1646 3754 1702 ell‘utis
3785 1658 3826 1702 ι.

2246 1723 2356 1792 Ego
2385 1725 2526 1778 enim
2557 1727 2710 1780 aliam
2739 1727 3066 1799 hyperbolen
3089 1732 3284 1788 afferre
3313 1750 3548 1802 possum.
3568 1736 3826 1805 Qumnam

2242 1814 2328 1867 illa
2356 1816 2481 1869 est?
2508 1817 2564 1871 Si
2588 1817 2654 1872 de
2686 1829 2826 1873 terra
2854 1820 3056 1876 dictum
3086 1832 3262 1890 esset,
3293 1824 3348 1878 lu
3382 1825 3643 1896 principio
3685 1839 3824 1883 terra

2239 1914 2390 1970 erat;
2417 1919 2470 1961 et
2497 1907 2564 1962 de
2595 1908 2809 1965 homine
2829 1953 2844 1975 ,
2880 1911 2933 1966 ln
2980 1913 3240 1982 principio
3265 1925 3381 1968 erat
3425 1919 3606 1983 homo,
3653 1935 3824 1987 neque

2238 1995 2308 2048 ita
2346 1997 2470 2066 quid
2499 1999 2668 2068 majus
2708 2000 2776 2056 de
2821 2003 2923 2058 illis
2967 2003 3344 2074 suspicandum
3386 2003 3519 2071 fore,
3547 2024 3705 2076 quam
3735 2010 3820 2064 illa

2239 2101 2358 2156 qua:
2381 2103 2521 2142 nunc
2559 2093 2951 2161 cognoscimus.
2983 2092 3112 2146 Nam
3139 2096 3412 2163 praunissa
3444 2108 3598 2150 terra:
3636 2107 3689 2152 et
3721 2102 3818 2154 ho-

2236 2180 2394 2233 minis
2434 2181 2824 2249 appellatione,
2871 2184 3125 2254 quidquid
3175 2185 3244 2240 de
3292 2186 3396 2240 illis
3439 2187 3663 2249 die-itur,
3713 2205 3816 2242 non

2234 2278 2408 2336 potest
2455 2271 2663 2327 animus
2711 2273 2882 2342 majus
2927 2275 3194 2344 quidpiam
3243 2275 3311 2332 de
3350 2277 3457 2331 illis
3511 2279 3816 2347 itnaginari,

2232 2377 2388 2429 quam
2420 2378 2481 2418 ea
2522 2381 2638 2432 qua:
2688 2366 2924 2420 scimus:
2959 2376 3016 2420 ut
3056 2377 3237 2421 contra
3260 2409 3275 2432 ,
3309 2368 3561 2432 Verbum,
3609 2371 3814 2424 etiamsi

2231 2458 2390 2508 tenue
2418 2454 2687 2524 quidpiam
2719 2456 2785 2510 de
2826 2457 2916 2510 illo
2944 2457 3138 2511 dictmn
3171 2457 3357 2521 fuerit,
3409 2477 3511 2514 non
3561 2461 3816 2528 permittit

2229 2552 2406 2597 tamen
2457 2544 2652 2615 aliquid
2704 2547 2968 2614 abjectum
3017 2558 3070 2602 et
3119 2549 3221 2603 vile
3269 2549 3335 2603 de
3389 2565 3447 2605 se
3493 2552 3809 2607 existimari.

2229 2635 2514 2690 Enimvero
2557 2638 2625 2693 de
2671 2647 2810 2693 terra
2855 2641 2931 2694 sic
2973 2649 3154 2708 postea
3198 2641 3427 2696 dicitur:
3461 2642 3614 2696 Terra
3643 2655 3808 2697 autent

2226 2735 2329 2779 erat
2357 2727 2618 2780 invisibilis
2657 2739 2701 2781 et
2727 2730 3058 2800 incomposita
3088 2731 3105 2799 (
3129 2729 3256 2784 Gen.
3285 2733 3331 2785 l.
3358 2731 3392 2785 2
3415 2733 3454 2802 ).
3486 2732 3616 2787 Cum
3643 2734 3810 2788 dixis-

2225 2828 2306 2871 set
2335 2819 2474 2871 enim
2508 2820 2676 2886 ipsum
2701 2821 2889 2874 fecisse
2921 2833 3139 2886 terram,
3186 2832 3239 2876 et
3271 2823 3366 2888 ipsi
3401 2825 3668 2892 proprium
3699 2833 3806 2878 ter-

2223 2908 2424 2962 minum
2449 2908 2729 2977 posuisset,
2755 2926 2942 2965 secure
2963 2911 3074 2981 jam
3097 2929 3214 2981 qua:
3239 2923 3531 2981 sequuntur
3552 2925 3762 2968 enarrat
3786 2931 3801 2978 ;

2220 3017 2416 3070 gnarus
2445 3004 2710 3057 neminem
2744 3005 2810 3058 ita
2841 3006 3059 3060 stultum
3085 3022 3222 3072 esse,
3259 3017 3312 3061 ut
3345 3009 3483 3062 illam
3511 3009 3626 3062 sine
3655 3010 3801 3076 prin-

2219 3095 2360 3164 cipio
2403 3105 2457 3150 et
2504 3111 2609 3149 non
2655 3097 2842 3150 factam
2884 3113 3002 3154 esse
3037 3100 3352 3168 suspicetur.
3385 3100 3566 3154 Terra:
3605 3100 3802 3169 quippe

2219 3202 2435 3249 nomen,
2479 3196 2532 3240 et
2563 3187 2713 3252 illud,
2764 3187 2935 3250 Fecit,
2966 3190 3095 3243 satis
3133 3198 3258 3244 sunt
3303 3199 3359 3243 ut
3402 3189 3481 3243 vel
3511 3189 3796 3243 admodum

2217 3278 2379 3333 stulto
2405 3279 2694 3342 suadeant,
2725 3279 2890 3346 ipsam
2917 3296 3014 3334 nec
3039 3291 3290 3336 :eternam
3309 3324 3322 3343 ,
3349 3297 3446 3342 nec
3467 3297 3572 3336 non
3605 3281 3795 3336 factam

2215 3383 2363 3434 esse,
2395 3368 2488 3422 sed
2515 3384 2581 3423 ex
2607 3384 2790 3423 eorum
2822 3385 3042 3423 numero
3087 3387 3204 3440 qua:
3232 3372 3283 3425 in
3316 3381 3556 3440 tempore
3583 3371 3794 3426 condita

2215 3469 2358 3514 Sllfll.

2286 3551 2338 3604 5.
2364 3549 2628 3603 Prtetcrea
2658 3558 2834 3603 autent
2867 3548 2990 3603 illud
3015 3591 3029 3614 ,
3066 3548 3226 3612 Erat,
3260 3549 3326 3604 de
3356 3559 3492 3605 terra
3515 3561 3569 3606 et
3593 3551 3660 3606 de
3692 3551 3793 3607 ho-

2214 3643 2356 3695 mine
2391 3644 2410 3672 ³
2449 3641 2679 3704 dictum,
2711 3659 2813 3695 non
2842 3641 3154 3710 simpliciter
3179 3643 3542 3697 exsistentiam
3585 3645 3790 3714 signifi-

2211 3740 2294 3785 cat
2314 3747 2327 3795 ;
2351 3732 2444 3785 sed
2473 3732 2539 3786 de
2571 3733 2784 3787 homine
2806 3732 3026 3798 dictum,
3059 3732 3258 3787 indicat
3280 3734 3449 3801 ipsum
3474 3750 3539 3788 ex
3564 3737 3649 3788 tali
3671 3751 3792 3790 esse

2214 3823 2371 3886 loco;
2421 3823 2490 3876 de
2522 3833 2658 3876 terra
2697 3834 2894 3886 autem,
2926 3823 3068 3877 illam
3103 3823 3189 3877 tali
3231 3840 3350 3879 esse
3390 3824 3567 3879 modo.
3612 3825 3790 3895 Neque

2211 3916 2351 3968 enim
2381 3914 2693 3983 simpliciter
2729 3915 2894 3978 dixit,
2923 3915 3086 3969 Terra
3113 3925 3260 3980 erat,
3288 3927 3338 3970 et
3373 3927 3555 3984 postea
3592 3919 3786 3983 tacuit;

2210 4005 2303 4060 sed
2347 4005 2519 4074 qualis
2567 4013 2684 4071 post
2728 4006 3052 4060 creationem
3102 4013 3244 4060 esset
3285 4006 3524 4071 addidit,
3575 4022 3784 4078 nempe,

2209 4094 2483 4149 Invisibilis
2507 4105 2612 4147 erat
2639 4105 2684 4148 et
2722 4095 3092 4164 incomposita,
3126 4095 3299 4148 adhuc
3338 4095 3493 4164 aquis
3527 4105 3709 4164 operta
3734 4107 3789 4152 et

2208 4187 2461 4240 admixta.
2495 4186 2560 4240 Et
2599 4186 2664 4238 de
2704 4186 2901 4240 Eleana
2947 4202 3050 4240 non
3097 4186 3230 4240 dixit
3267 4186 3438 4240 solum
3474 4188 3614 4257 quod
3647 4197 3789 4242 esset

2208 4277 2390 4342 homo,
2419 4276 2512 4331 scd
2541 4276 2736 4346 adjecit
2761 4277 2900 4331 unde
2929 4287 3103 4343 esset,
3144 4275 3218 4330 De
3249 4277 3566 4331 Armalhaim
3598 4278 3782 4348 Siplta.

2209 4371 2282 4424 De
2310 4369 2484 4424 Verbo
2509 4378 2684 4422 autem
2722 4385 2826 4422 non
2854 4369 2950 4422 sic.
2990 4368 3053 4421 Et
3090 4383 3174 4421 me
3206 4367 3368 4436 pudet
3397 4367 3632 4437 profecto
3673 4368 3788 4422 hmo

2205 4461 2360 4514 simul
2391 4459 2658 4526 indagare.
2691 4459 2744 4514 Si
2774 4459 2912 4513 enim
2940 4457 3381 4526 reprehendimus
3407 4473 3498 4510 eos
3531 4457 3617 4527 qni
3644 4458 3785 4512 circa

2205 4553 2449 4606 homines
2478 4551 2578 4603 hoc
2605 4559 2785 4618 agunt,
2814 4550 3026 4619 quando
3053 4552 3276 4603 multmn
3301 4559 3382 4604 est
3408 4551 3545 4604 inter
3572 4566 3665 4605 eos
3697 4553 3783 4619 qui

2203 4654 2576 4714 comparantur
2601 4642 2808 4695 virtutis
2836 4641 3146 4706 discrimen,
3182 4641 3305 4695 licet
3331 4641 3407 4696 illi
3447 4657 3513 4694 ex
3551 4658 3651 4695 una
3696 4659 3785 4697 ea—

2203 4736 2434 4806 demque
2461 4733 2753 4789 substantia
2780 4734 2887 4788 sint
2911 4751 2925 4786 :
2949 4733 3162 4802 quando
3187 4742 3242 4787 et
3277 4733 3418 4787 circa
3449 4740 3689 4786 naturam
3733 4742 3787 4786 et

2201 4831 2341 4884 circa
2371 4829 2470 4882 alia
2505 4826 2765 4880 infinitum
2815 4833 2898 4881 est
2947 4825 3318 4886 interstitium,
3365 4824 3635 4894 quomodo
3679 4839 3782 4876 non

2200 4931 2458 4976 extrema:
2494 4917 2778 4972 dementiae
2826 4915 2984 4970 fuerit
3031 4914 3126 4969 has
3173 4915 3492 4984 quaestiones
3529 4915 3784 4967 movete?

2201 5013 2304 5067 Sed
2336 5010 2486 5065 nobis
2529 5009 2618 5063 ille
2665 5008 2923 5077 prapitius
2961 5007 3056 5072 sit,
3104 5020 3260 5072 quem
3293 5005 3390 5075 ipsi
3439 5003 3783 5070 blasphcmits

2201 5104 2478 5172 impetuut.
2533 5097 2843 5166 llnjusmodi
2894 5112 3119 5166 namque
3160 5096 3418 5150 dictorum
3449 5093 3781 5148 adhibendo-

2199 5214 2314 5251 rum
2349 5193 2718 5249 necessitatem
2763 5206 2867 5244 non
2901 5207 2999 5244 nos
3031 5190 3337 5243 indusimus
3359 5228 3374 5254 ,
3403 5188 3496 5242 sed
3523 5185 3598 5240 illi
3626 5184 3782 5241 nobis

2197 5287 2455 5345 obtulere,
2485 5284 2572 5354 qui
2599 5283 2821 5336 salutem
2852 5281 3162 5351 impugnant
3181 5294 3356 5331 suam.

2267 5379 2554 5434 Aaternitas
2587 5374 2711 5428 Filii
2744 5374 3005 5443 probatur.
3025 5404 3091 5412 —
3115 5371 3250 5438 Quid
3283 5385 3410 5439 ergo
3439 5369 3593 5422 dico?
3620 5367 3775 5425 Illud.

2197 5470 2326 5526 Erat
2348 5512 2362 5531 ,
2392 5471 2459 5524 de
2489 5467 2667 5521 Verbo
2709 5465 2908 5519 dictum
2931 5505 2945 5526 ,
2979 5464 3277 5534 significare
3321 5460 3488 5528 ipsum
3520 5467 3778 5510 mternum

2263 5626 2278 5656 ί
2317 5619 2479 5672 Morel.
2506 5619 2686 5675 habet,
2711 5615 2808 5666 noli
2832 5613 3071 5677 superﬂue
3093 5611 3292 5674 nugari,
3319 5613 3362 5656 te
3404 5601 3650 5655 inutilibus
3683 5601 3773 5650 ἱρη-

2197 5685 2387 5749 plictuts
2398 5679 2704 5749 ranunculis.
2815 5737 2826 5749 .
3053 5735 3064 5749 ι
3081 5747 3090 5749 _
3116 5732 3136 5749 L
3150 5747 3163 5749 Δ

2263 5732 2408 5795 ίηᾹίὶι
2437 5743 2629 5803 legunt,
2657 5738 2718 5790 de
2736 5737 2873 5797 (mlo,
2901 5749 3004 5799 pro,
3032 5735 3092 5784 dc
3111 5732 3315 5781 homine.
