4370 6306
109 3 2343 106 -ᾸᾺἎ

377 415 441 473 ιι
1479 407 1547 464 IN
1580 407 1895 466 JOANNEM
1933 410 2161 468 IlOMlL.
2206 412 2291 468 Ill.
2333 412 2403 469 al.
2443 411 2510 468 ll.
2694 431 2701 437 ·
3580 419 3651 472 «ιέ

376 541 499 584 esse
517 542 537 582 :
564 540 687 581 nam
714 525 811 593 ait,
835 522 901 580 ιη
932 520 1180 593 principio
1210 528 1316 574 erat
1350 517 1600 586 Verbum;
1625 534 1961 591 consequens

378 629 556 675 autem
585 628 704 674 erat
728 659 745 683 ,
776 626 837 672 ut
858 615 996 686 apud
1022 613 1255 682 aliquem
1278 620 1442 668 esset.
1473 608 1603 665 Cum
1631 612 1773 668 enim
1800 612 1968 667 maxi-

384 726 469 765 me
496 710 628 766 illud
655 710 747 765 Dei
770 709 838 763 sit
862 706 1155 778 proprium,
1178 713 1235 757 ut
1257 703 1326 759 sit
1346 712 1579 758 aeternus
1598 712 1649 758 et
1678 703 1794 757 sine
1816 702 1967 772 prin-

368 802 539 871 cipio,
564 801 664 856 hoc
681 800 851 870 printo
869 798 1060 869 posuit.
1082 794 1304 860 Deinde,
1331 809 1400 850 ne
1425 794 1546 865 quis
1569 794 1790 848 audiens
1816 792 1963 860 illud,

384 892 454 947 In
498 893 747 964 principio
778 900 922 956 erat,
969 887 1129 944 etiam
1177 886 1470 956 ingenitum
1513 885 1757 951 diceret,
1788 887 1966 939 statitn

383 984 487 1053 ipsi
515 983 748 1039 occurrit
772 1022 790 1048 ,
818 989 1105 1049 antequam
1135 976 1342 1031 diceret
1363 974 1488 1044 quid
1516 983 1629 1028 erat
1651 1015 1666 1039 ,
1695 974 1925 1029 dicendo
1945 1014 1961 1038 ,

388 1074 518 1131 Erat
556 1073 696 1145 apud
729 1071 909 1126 Deum.
943 1070 1009 1125 Et
1037 1084 1105 1124 ne
1129 1067 1251 1138 quis
1280 1067 1452 1136 ipsum
1480 1063 1716 1119 Verbum
1746 1063 1964 1134 prolati.

386 1167 516 1220 tium
554 1175 644 1218 aut
683 1164 951 1217 internum
991 1174 1110 1213 esse
1149 1166 1358 1229 putaret
1400 1152 1533 1228 (α),
1564 1169 1661 1226 per
1685 1155 1965 1209 articulum

382 1254 715 1325 premissum
748 1253 852 1324 (ὁ)
874 1292 888 1315 .
915 1260 970 1306 et
999 1266 1096 1321 per
1120 1247 1409 1303 secundam
1438 1245 1763 1300 additionem
1784 1286 1800 1313 ,
1828 1244 1968 1300 hanc

385 1359 599 1401 amovet
642 1345 1022 1410 suspicionem.
1062 1341 1180 1395 Non
1212 1341 1353 1394 enim
1385 1338 1553 1403 dixit,
1586 1337 1643 1392 In
1676 1338 1782 1392 Deo
1806 1345 1918 1391 erat
1946 1378 1962 1402 ,

389 1439 487 1494 sed
510 1480 525 1504 ,
557 1439 709 1509 Apud
748 1435 947 1500 Deum,
978 1433 1094 1502 ejus
1121 1431 1274 1487 nobis
1321 1429 1612 1485 secundum
1657 1428 1963 1501 hypostasin

385 1529 743 1584 aeternitatem
772 1527 1072 1581 declarans.
1105 1521 1303 1577 Deinde
1326 1520 1453 1576 illud
1480 1520 1675 1575 clarius
1702 1520 1966 1590 significa-

381 1620 460 1673 vit
499 1618 788 1688 adjiciens,
820 1616 1055 1670 Verbum
1102 1613 1244 1668 istud
1287 1611 1455 1667 fuisse
1487 1613 1673 1667 Deum.
1708 1610 1810 1666 Sed
1830 1651 1846 1678 ,
1878 1612 1963 1665 in-

380 1709 552 1778 quies,
578 1707 795 1763 factum.
821 1705 956 1775 Quid
980 1720 1110 1775 ergo
1134 1703 1303 1758 obluit
1327 1703 1453 1772 quin
1480 1702 1714 1768 diceret,
1740 1702 1794 1756 In
1820 1703 1966 1772 prin-

378 1799 520 1869 cipio
549 1798 677 1854 fecit
718 1798 859 1853 Deus
894 1796 1163 1851 Verbum?
1204 1794 1337 1849 Nam
1364 1810 1481 1849 cum
1512 1793 1578 1847 de
1609 1803 1747 1848 terra
1774 1794 1963 1864 loque-

380 1900 529 1945 retur
556 1888 793 1962 Moyses,
823 1904 926 1942 non
950 1886 1101 1950 dixit,
1130 1885 1186 1940 lu
1224 1884 1480 1955 principio
1501 1893 1614 1939 erat
1636 1892 1773 1938 terra
1793 1925 1808 1950 ,
1837 1884 1928 1938 sed
1947 1927 1959 1950 ,

379 1981 526 2039 Fecit
553 1980 716 2051 (Gen.
746 1982 797 2036 1.
837 1980 859 2035 Ι
884 1980 902 2049 )
929 1994 1044 2033 eam
1070 2018 1085 2043 ,
1114 1986 1169 2032 et
1196 1987 1318 2030 tunc
1347 1975 1460 2030 luit.
1484 1975 1619 2043 Quid
1647 1976 1805 2045 igitur
1834 1991 1959 2045 pro-

382 2073 554 2128 hibuit
582 2072 868 2142 quominus
894 2069 1128 2125 Joannes
1156 2068 1226 2121 ita
1255 2067 1488 2131 diceret,
1520 2066 1575 2120 ln
1605 2067 1864 2136 principio
1890 2066 1964 2120 l'e-

380 2165 457 2220 cit
484 2164 625 2220 Deus
651 2161 927 2218 Verbum?
952 2160 1009 2215 Si
1031 2159 1170 2215 enim
1194 2158 1264 2212 ita
1287 2158 1420 2212 dixit
1443 2156 1654 2224 Moyses
1681 2158 1873 2211 timens
1899 2173 1965 2212 ne

377 2257 498 2327 quis
524 2265 719 2311 terram
743 2268 849 2308 non
879 2251 1068 2306 laetam
1097 2250 1336 2314 diceret;
1366 2248 1532 2302 multo
1554 2247 1721 2316 magis
1741 2247 1809 2302 de
1827 2246 1965 2302 Filio

378 2359 619 2405 metuere
648 2345 928 2416 Oportebat
953 2344 1210 2400 Joannem
1228 2384 1243 2410 ,
1274 2342 1318 2397 si
1345 2352 1557 2397 creatus
1586 2342 1789 2396 fuisset.
1817 2341 1965 2396 Mun-

384 2439 489 2493 dus
515 2439 657 2494 enim
680 2452 801 2492 cum
826 2436 893 2488 sit
924 2434 1165 2499 visibilis,
1194 2432 1296 2487 hoc
1323 2433 1438 2501 ipso
1462 2431 1806 2486 Conditorem
1832 2448 1966 2500 prm-

376 2529 521 2584 dicat
550 2528 571 2601 (
587 2543 710 2583 nam
746 2526 872 2582 Gali
887 2567 903 2592 ,
942 2525 1134 2595 inquit,
1160 2523 1628 2595 enarrantgloriam
1645 2522 1741 2577 Dei
1777 2521 1960 2597 [Ρεαι.

385 2619 472 2675 18.
501 2617 567 2692 l]
597 2639 608 2671 :
633 2617 799 2673 Filius
825 2624 1002 2671 autem
1035 2613 1315 2669 invisibilis
1337 2624 1419 2669 est
1438 2657 1453 2683 ,
1484 2624 1537 2669 et
1561 2624 1856 2670 creaturam
1879 2613 1966 2668 in~

382 2710 534 2765 linito
558 2709 734 2764 medio
755 2708 989 2764 excedit.
1013 2706 1275 2777 Si-itaque
1299 2707 1387 2761 ubi
1409 2721 1584 2775 neque
1610 2707 1774 2761 verbo
1794 2722 1966 2777 neque

381 2801 627 2855 doctrina
654 2814 789 2869 opus
830 2808 946 2853 erat
965 2839 980 2864 ,
1015 2808 1072 2852 ut
1097 2797 1434 2852 disceremus
1462 2795 1715 2850 mundum
1744 2810 1863 2851 esse
1892 2795 1967 2850 l'a-

380 2901 548 2960 ctum,
571 2899 749 2945 tamen
769 2890 914 2943 clare
934 2888 1059 2942 illud
1083 2897 1136 2942 et
1156 2898 1281 2942 ante
1301 2886 1479 2942 omnia
1505 2887 1649 2956 ponit
1674 2876 1963 2957 propheta;

383 2981 553 3037 tnulto
598 2979 768 3050 magis
808 2978 859 3033 id
887 2979 953 3033 de
982 2977 1118 3032 Filio
1147 2977 1407 3033 Joannem
1438 2975 1618 3031 dicere
1643 2976 1920 3046 oportebat
1946 3017 1962 3041 ,

383 3074 427 3128 si
451 3084 666 3129 creatus
693 3070 899 3125 luisset.
928 3069 1097 3123 Etiam
1120 3110 1135 3133 ,
1168 3068 1354 3122 dices:
1385 3065 1491 3121 Sed
1522 3066 1714 3121 Petrus
1745 3064 1795 3120 id
1821 3064 1966 3120 clare

385 3166 518 3221 dixit
542 3176 598 3221 et
627 3165 932 3237 perspicue.
966 3164 1190 3220 Ubinam
1222 3171 1277 3217 et
1315 3162 1567 3233 quando?
1593 3160 1726 3216 Cum
1753 3159 1966 3217 Juda-os

386 3258 668 3326 alloquens
695 3255 897 3310 diceret
922 3270 936 3307 :
970 3253 1149 3325 Ipsum
1178 3252 1453 3307 Dominum
1479 3261 1526 3305 et
1551 3251 1804 3305 Christum
1830 3250 1967 3304 Deus

382 3347 516 3418 fecit.
544 3346 655 3401 Cur
695 3360 823 3415 ergo
850 3343 900 3399 id
930 3342 1070 3415 quod
1098 3345 1339 3412 sequitur
1366 3357 1469 3395 non
1512 3340 1751 3409 adjecisti
1772 3382 1787 3406 ,
1816 3338 1966 3393 Hunc

381 3433 558 3490 Jesum
583 3452 730 3508 quem
754 3432 1198 3503 vos'cruriﬁxt’stis
1225 3431 1369 3502 (Act.
1397 3431 1452 3487 2.
1485 3431 1624 3503 56)?
1650 3433 1730 3486 An
1757 3432 1966 3502 ignoras

387 3543 451 3583 ex
477 3526 637 3582 dictis
660 3526 765 3581 alia
794 3525 861 3581 ad
889 3524 1238 3579 immortalem
1272 3534 1536 3588 naturam,
1564 3523 1662 3577 alia
1692 3522 1759 3577 ad
1790 3524 1965 3577 incar-

385 3620 655 3675 nationem
689 3616 1000 3688 pertinere?
1028 3616 1084 3671 Si
1114 3624 1290 3670 autcm
1329 3629 1435 3669 non
1470 3615 1538 3668 ita
1568 3629 1627 3669 se
1656 3629 1743 3669 res
1774 3614 1963 3680 habet,

381 3710 479 3767 sed
518 3711 701 3766 omnia
726 3709 794 3764 de
822 3708 1019 3762 deitate
1058 3707 1288 3777 accipias
1308 3747 1324 3773 ,
1359 3707 1521 3760 Deum
1552 3706 1850 3777 passibilem
1883 3705 1965 3759 iu-

384 3801 588 3857 duces:
622 3801 668 3855 si
695 3814 827 3855 vero
856 3814 966 3854 non
1001 3798 1284 3868 passibilis,
1318 3812 1424 3851 non
1457 3796 1625 3851 lactus
1655 3796 1834 3865 utique
1863 3807 1963 3849 cst.

384 3893 516 3949 Nam
549 3893 595 3948 si
621 3909 685 3948 ex
717 3892 896 3947 divina
927 3901 980 3945 et
1011 3888 1258 3945 ineffabili
1291 3899 1477 3944 natura
1506 3888 1717 3960 sanguis
1744 3888 1965 3942 efﬂuxe-

382 3986 489 4051 rit,
517 3995 571 4041 et
608 3985 654 4040 si
692 3984 810 4039 vice
848 3983 1023 4038 carnis
1074 3982 1185 4052 ipsa
1215 3982 1267 4036 in
1298 3996 1456 4036 cruce
1484 3982 1647 4035 ciavis
1714 3978 1966 4033 transﬁxa

383 4078 697 4135 etdissecta
744 4076 852 4142 sit,
901 4076 1106 4130 ratione
1153 4074 1331 4128 nixum
1364 4086 1447 4129 est
1492 4072 1761 4142 sophisma
1795 4082 1964 4125 tuum.

383 4169 536 4240 Quod
560 4170 605 4224 si
633 4184 703 4223 ne
732 4166 977 4223 diabolus
1000 4166 1212 4236 quidem
1245 4167 1313 4218 ita
1361 4163 1809 4232 blasphemaverit
1828 4204 1843 4226 ,
1871 4177 1967 4216 cur

385 4261 759 4334 inexpiabilem
783 4260 1134 4331 ignorantiam
1160 4257 1400 4320 simulas,
1424 4256 1567 4327 quali
1596 4271 1662 4309 nc
1696 4256 1968 4308 dmmoncs

390 4352 606 4423 quidem
655 4366 887 4422 unquam
924 4348 1004 4403 usi
1045 4346 1206 4402 sunt?
1237 4347 1500 4401 Prmlerea
1529 4345 1642 4400 hate
1666 4386 1681 4413 ,
1715 4345 1969 4399 Dominus

388 4451 440 4497 et
465 4441 733 4507 Christus,
762 4456 867 4495 non
900 4433 1488 4501 suutsubstanttae,sed
1514 4434 1811 4503 dignitatis;
1839 4433 1973 4487 alte-

386 4548 505 4589 rum
533 4532 677 4590 enim
704 4541 789 4589 est
812 4530 1091 4601 potentias,
1127 4529 1354 4582 alterum
1414 4525 1697 4579 unctionis.
1729 4525 1864 4591 Quid
1894 4540 1974 4578 er~

385 4639 456 4695 go
478 4624 680 4681 dixeris
711 4622 779 4678 de
808 4622 947 4679 Filio
977 4620 1110 4675 Dei?
1139 4618 1272 4674 Nam
1319 4617 1364 4672 si
1409 4625 1620 4671 creatus
1645 4616 1745 4680 sit,
1775 4627 1833 4671 ut
1875 4630 1971 4670 vos

387 4714 603 4780 dicitis,
631 4714 835 4769 nullum
885 4712 986 4766 hoc
1019 4709 1243 4764 haberet
1276 4707 1473 4762 locum.
1504 4706 1619 4760 Non
1652 4707 1793 4761 cnim
1825 4707 1970 4776 prius

389 4803 563 4859 factus
591 4813 674 4860 est
696 4843 713 4868 ,
744 4812 799 4858 et
825 4811 949 4856 tunc
977 4800 1121 4854 Deus
1156 4800 1329 4869 ipsum
1357 4796 1652 4862 ordinavit;
1678 4813 1848 4866 neque
1873 4799 1969 4852 ah-

382 4895 583 4966 jectum
613 4894 776 4949 habet
822 4892 1137 4963 principium
1158 4931 1173 4955 ,
1216 4888 1310 4945 sed
1338 4903 1405 4942 ex
1445 4896 1630 4942 natura
1658 4898 1818 4957 atque
1843 4890 1969 4942 sub-

385 4988 600 5042 stantia.
625 4985 988 5056 lnterrogatus
1014 4982 1155 5035 enim
1178 4995 1304 5035 num
1326 4995 1419 5033 rex
1441 4988 1584 5034 esset
1607 5020 1620 5042 ,
1650 4977 1764 5049 Ego
1793 4979 1846 5032 in
1877 4979 1971 5032 Itoc

387 5087 537 5132 natus
558 5092 669 5130 sum
694 5074 885 5147 (Joan.
912 5073 998 5129 18.
1028 5073 1096 5127 57
1115 5069 1136 5144 )
1156 5112 1173 5138 ,
1202 5070 1391 5140 inquit.
1418 5069 1606 5124 Petrus
1626 5080 1803 5123 autem
1825 5070 1971 5138 quasi

448 5188 524 5298 (‘a)
548 5193 796 5238 meritum
819 5184 1239 5256 VWW.Mﬁ.m
1249 5188 1622 5245 Ammemorat
1643 5180 1862 5230 Irenaeus
1877 5180 1911 5253 l.
1924 5182 1973 5242 2,

483 5250 550 5298 3:
592 5247 797 5298 Verbum
818 5246 1114 5298 prolatatum
1135 5281 1149 5298 .
1174 5256 1402 5298 κοοφοοιιιὸν.
1427 5241 1643 5298 appellat
1673 5241 1973 5298 Theophilus

387 5263 431 5301 e.
455 5241 550 5310 li;
592 5247 797 5299 ret-bunt
818 5244 1114 5310 protatitium
1135 5281 1149 5306 ,
1174 5270 1201 5293 κ
1308 5241 1402 5303 uti,
1427 5241 1643 5303 appellat
1673 5241 1978 5305 Theophilus

389 5311 751 5371 Antioebeuus,
772 5323 820 5371 ρ.
864 5309 952 5358 1οι
978 5322 1004 5371 ;
1028 5310 1088 5371 et
1123 5269 1331 5355 subme
1354 5305 1431 5371 hie
1465 5316 1613 5371 voces
1642 5304 1706 5352 ab
1722 5303 1980 5371 haereticis

389 5374 600 5422 maxime
622 5365 1206 5433 frequentatae,'ideoque
1238 5365 1520 5433 proscrith
1554 5371 1684 5433 sunt.
1722 5369 1874 5433 Erant
1888 5365 1970 5425 qui

390 5434 614 5483 dicerent
635 5424 827 5482 Pati-em
844 5424 968 5480 ante"
991 5424 1154 5478 mundi
1180 5424 1483 5476 creationem
1504 5424 1738 5473 habuisse
1761 5424 1977 5473 Verbum

394 5503 611 5552 nam,
624 5492 869 5544 internum
887 5504 906 5540 :
933 5499 985 5541 et
1007 5489 1204 5553 quando
1226 5487 1456 5537 mundum
1478 5487 1659 5553 creavit
1678 5485 1979 5553 ,_protulis:.e

392 5545 613 5605 Verbum
637 5569 781 5606 suum
804 5589 820 5614 ,
846 5561 899 5604 et
919 5545 1223 5618 tuué_fuisse
1257 5559 1483 5618 εροῇριιδν,
1523 5545 1837 5618 prolatitium.
1865 5559 1979 5618 Αέτατ

568 5632 605 5667 ιν
625 5628 686 5666 »ἀ
709 5607 909 5665 unum
927 5653 939 5672 ,
960 5611 1160 5663 verbum
1181 5607 1476 5672 prolatitimn
1494 5607 1543 5672 et
1559 5607 1815 5672 internum,
1842 5614 1981 5672 prout

397 5643 1476 5733 minssgmmtttimmt
1484 5643 1815 5733 Aiib'ib'f'tiii'éii‘
1831 5643 1984 5717 ὁῐῆὂί

518 5750 579 5788 us
608 5737 793 5787 debeat
814 5731 1028 5796 maxime
1049 5733 1294 5796 principes
1315 5731 1514 5792 alloqui.

478 5799 533 5872 ὑ)
562 5798 795 5872 [Ἧιιῑάεςω
814 5795 944 5872 illud
962 5790 1065 5872 ,_tn'_
1084 5790 1322 5856 principio
1340 5790 1446 5843 erat
1474 5790 1698 5852 rerbtmt,
1725 5790 1894 5843 Graece
1916 5792 1985 5841 sic

394 5862 700 5926 capt-illum,
720 5862 768 5910 ὲν
800 5871 891 5919 ἀπῇ
911 5863 953 5916 ἦν
976 5868 996 5905 ὁ
1020 5870 1145 5916 Αὸτθς,

2071 522 2138 577 de
2164 522 2394 593 quodam
2437 522 2527 594 qui
2566 521 2839 579 ordinatus
2868 524 2938 580 sit
2965 524 3197 597 loquitur
3262 542 3385 583 nam
3415 527 3480 584 de
3504 544 3652 587 utco-

2071 612 2248 666 nomia
2271 651 2286 676 ,
2315 612 2429 667 sive
2453 613 2522 667 de
2552 612 2879 669 humanitate
2910 616 3007 686 ipsi
3036 630 3214 673 sermo
3242 628 3342 674 est.

2140 703 2195 757 4.
2222 701 2327 758 Cur
2375 702 2557 757 Petrus
2604 703 2816 759 Jutla’os
2863 706 3123 778 alloquens
3165 707 3227 764 de
3266 709 3466 764 Christo
3496 721 3549 765 ut
3587 712 3653 766 de

2069 794 2290 865 simplici
2317 795 2520 849 Itontine
2549 796 2708 849 multa
2738 798 2801 850 sit
2829 797 3045 853 locutus.
3078 797 3306 854 Christus
3330 802 3382 853 in
3411 794 3652 872 quantum

2075 881 2121 940 F
2123 885 2241 939 ilius
2269 882 2366 938 Dei
2399 894 2504 951 est,
2537 901 2638 939 non
2674 896 2870 941 creatus
2897 897 2989 941 est.
3012 888 3295 959 —Ecquid
3328 891 3539 946 miraris
3559 934 3575 960 ,
3606 894 3651 948 si

2072 976 2264 1032 Petrus
2290 976 2340 1032 id
2368 977 2543 1031 dicat?
2566 976 2698 1032 Nam
2727 977 2920 1032 Paulus
2949 979 3303 1035 Athenienses
3330 982 3607 1053 alloquens
3634 1027 3650 1044 .

2070 1070 2244 1127 virum
2273 1070 2448 1139 ipsum
2480 1079 2680 1125 tantum
2725 1071 2955 1140 appellat
2983 1070 3168 1126 dicens
3194 1090 3208 1128 :
3242 1072 3307 1126 In
3347 1074 3451 1127 t-iro
3476 1076 3528 1129 in
3553 1092 3653 1139 quo

2068 1162 2246 1215 statuit
2283 1161 2436 1231 ﬁdem
2461 1160 2688 1228 praebens
2717 1158 2980 1227 omnibus,
3019 1165 3266 1216 suscitans
3302 1180 3417 1217 eum
3444 1183 3477 1218 α
3516 1182 3647 1220 mor-

2071 1253 2170 1306 tuis
2199 1251 2346 1323 (Act.
2389 1252 2568 1328 17,.51
2595 1251 2614 1322 )
2643 1269 2656 1305 :
2686 1251 2925 1325 nihilque
2949 1253 3016 1307 de
3047 1252 3214 1307 forma
3261 1254 3351 1310 Dei
3381 1256 3612 1326 loquitur
3633 1298 3649 1324 ,

2071 1356 2245 1411 neque
2276 1340 2387 1396 Deo
2416 1341 2675 1409 aequalem
2706 1340 2834 1396 dicit
2854 1383 2869 1408 ,
2900 1358 3071 1412 neque
3116 1343 3259 1413 quod
3296 1346 3364 1399 sit
3401 1347 3653 1415 Splendor

2068 1431 2253 1502 glorise
2273 1431 2422 1500 ejus;
2452 1431 2610 1503 idque
2635 1432 2852 1509 merito.
2878 1431 3122 1487 Nondum
3142 1436 3282 1488 enim
3306 1446 3510 1506 tempus
3538 1435 3653 1491 lucc

2069 1521 2281 1577 dicendi
2311 1531 2557 1585 venerat;
2587 1521 2680 1577 sed
2710 1522 2841 1577 satis
2868 1522 3043 1578 adhuc
3078 1534 3226 1591 erat,
3256 1537 3312 1580 ut
3353 1527 3522 1596 ipsum
3551 1528 3651 1583 ho-

2071 1613 2270 1666 minem
2315 1628 2435 1667 esse
2461 1622 2515 1667 et
2539 1614 2905 1669 resurrexisse
2945 1616 3306 1671 admitterent.
3335 1618 3425 1673 Sic
3450 1631 3503 1674 et
3538 1620 3654 1690 ipse

2071 1704 2320 1758 Christus
2348 1704 2503 1769 fecit;
2529 1721 2557 1758 a
2585 1719 2693 1773 quo
2720 1705 2939 1759 edoctus
2962 1705 3156 1759 Paulus
3180 1748 3193 1769 ,
3226 1709 3296 1761 ita
3325 1724 3408 1763 res
3438 1710 3651 1779 dis'ien-

2067 1797 2240 1851 sabat.
2271 1796 2385 1851 Non
2413 1797 2553 1851 enim
2586 1798 2764 1850 statim
2798 1797 2952 1851 nobis
2980 1797 3231 1852 deitatem
3262 1814 3410 1854 suam
3442 1803 3650 1857 revela-

2067 1886 2177 1953 vit,
2224 1886 2317 1942 sed
2350 1889 2494 1956 prius
2519 1886 2777 1957 propheta
2808 1896 2863 1942 et
2907 1887 3152 1943 Christus
3186 1890 3201 1920 ⁸
3233 1889 3454 1960 simplex
3491 1892 3652 1948 homo

2069 1978 2385 2047 putabatur;
2411 1978 2607 2035 deinde
2636 1988 2690 2032 et
2716 1978 2894 2033 verbis
2920 1987 2974 2032 et
2997 1979 3249 2047 operibus
3280 1980 3329 2035 id
3360 1983 3499 2051 quod
3526 2000 3651 2039 vere

2066 2078 2183 2123 erat
2206 2070 2457 2124 ostendit.
2490 2069 2614 2124 Ideo
2643 2069 2833 2123 Petrus
2864 2069 2914 2122 in
2939 2070 3199 2138 principio
3229 2070 3331 2125 hoc
3355 2074 3519 2128 utitur
3537 2090 3651 2128 mo-

2066 2159 2167 2214 do:
2193 2176 2313 2214 nam
2334 2162 2469 2215 hanc
2490 2163 2721 2232 priorem
2741 2162 2762 2192 ’
2785 2160 2849 2214 ad
2872 2159 3091 2216 Judzeos
3111 2163 3423 2218 concionem
3448 2166 3646 2221 habuit.

2069 2254 2203 2323 Quia
2242 2256 2384 2310 enim
2412 2255 2479 2309 de
2505 2254 2784 2308 divinitate
2825 2252 2943 2320 ejus
2972 2252 3106 2307 nihil
3133 2253 3388 2310 hactenus
3411 2257 3650 2313 ediscere

2072 2356 2376 2416 potuerant,
2404 2347 2525 2401 ideo
2549 2346 2616 2401 de
2636 2344 2831 2400 Christi
2856 2343 3084 2397 humana
3112 2354 3297 2399 natura
3321 2347 3480 2402 verba
3505 2347 3648 2413 facit,

2069 2445 2127 2492 ut
2153 2436 2235 2491 his
2258 2437 2580 2491 exercitatus
2608 2434 2851 2497 auditus,
2878 2432 2944 2486 ad
2972 2433 3227 2503 reliquam
3255 2436 3651 2506 percipiendam

2066 2527 2364 2608 doctrinam
2388 2534 2682 2597 aptaretur.
2707 2522 2860 2592 Quod
2884 2523 2927 2577 si
2948 2524 3068 2592 quis
3089 2525 3317 2579 voluerit
3338 2534 3501 2580 lotam
3522 2540 3649 2581 con-

2065 2623 2273 2677 cionem
2295 2621 2451 2677 altius
2470 2629 2745 2689 repetere,
2775 2620 2826 2673 id
2856 2619 2997 2689 quod
3017 2618 3137 2673 dico
3164 2621 3507 2690 conspicuum
3529 2634 3653 2676 esse

2069 2714 2323 2769 inveniet.
2352 2712 2484 2767 Nam
2511 2722 2566 2769 et
2585 2713 2756 2766 virum
2788 2712 2935 2765 illunt
2961 2720 3149 2776 vorat,
3181 2711 3355 2781 deque
3380 2711 3647 2780 passione,

2069 2805 2494 2867 resurrectione,
2521 2812 2577 2858 et
2604 2804 2949 2873 generatione
2977 2802 3269 2858 secundum
3291 2818 3504 2857 carnem
3529 2804 3647 2873 plu-

2072 2893 2222 2949 ribus
2262 2894 2392 2963 agit.
2423 2892 2618 2947 Paulus
2651 2907 2778 2946 vero
2805 2907 2926 2948 cum
2958 2893 3118 2954 dicit,
3153 2892 3254 2960 Qui
3297 2895 3461 2962 factus
3488 2902 3560 2947 est
3588 2910 3652 2948 ea:

2067 2983 2258 3039 semine
2292 2981 2461 3036 David
2509 2982 2782 3036 secundum
2825 2997 3028 3035 carnem
3072 2979 3260 3054 (Rom.
3294 2983 3345 3037 l.
3383 2982 3486 3050 5),
3519 2981 3649 3036 nihil

2067 3073 2211 3128 aliud
2243 3087 2342 3127 nos
2368 3073 2525 3127 docet
2548 3112 2563 3135 ,
2592 3087 2751 3142 quam
2773 3072 2912 3142 quod
2936 3071 3063 3126 illud
3084 3113 3100 3138 ,
3133 3070 3310 3136 Fecit,
3342 3071 3410 3128 de
3437 3087 3653 3127 meoun-

2067 3164 2172 3218 mia
2195 3162 2394 3217 dictum
2418 3162 2516 3225 sit;
2546 3160 2596 3215 id
2625 3160 2762 3231 quod
2788 3162 2948 3215 etiam
2969 3176 3067 3215 nos
3087 3162 3424 3216 conﬁtemur.
3446 3161 3642 3216 Verum

2069 3253 2209 3311 illius
2238 3254 2453 3309 tonitrui
2484 3252 2551 3308 de
2597 3252 2847 3307 incmbili
2888 3264 2941 3307 et
2964 3261 3090 3307 ante
3115 3253 3308 3307 saecula
3335 3255 3648 3309 exsistcnlia

2070 3362 2209 3401 nunc
2232 3362 2329 3401 nos
2358 3345 2666 3411 aIIOquitur.
2702 3344 2827 3399 Ideo
2855 3344 2947 3399 illo
2971 3385 2985 3409 ,
3018 3343 3201 3412 Fecit,
3233 3345 3420 3401 relicto
3442 3386 3458 3411 ,
3489 3344 3647 3411 Erat,

2069 3437 2221 3493 dixit.
2247 3436 2541 3509 Oportebat
2561 3437 2703 3490 enim
2721 3476 2736 3500 ,
2764 3437 2808 3490 si
2831 3446 3068 3490 creatum
3096 3435 3312 3502 fuisset,
3341 3436 3389 3489 id
3414 3436 3647 3490 maxime

2069 3531 2312 3588 delinire.
2344 3530 2400 3586 Si
2440 3528 2583 3585 enim
2615 3528 2809 3583 Paulus
2841 3528 3013 3582 timuit
3046 3544 3111 3582 ne
3140 3530 3260 3597 quis
3285 3543 3350 3582 ex
3384 3528 3643 3595 insipien-

2072 3625 2211 3679 tibus
2232 3622 2589 3693 su5picarelur
2614 3620 2801 3675 Filium
2828 3619 2983 3674 Patre
3004 3619 3260 3688 majorem
3287 3618 3424 3683 l'ore,
3456 3628 3510 3672 et
3544 3618 3648 3674 Ge-

2072 3716 2301 3769 nitorem
2332 3712 2434 3768 sibi
2477 3711 2774 3780 subjectum
2825 3709 3129 3764 habitnrum
3167 3723 3333 3764 esse:
3380 3725 3502 3764 nam
3534 3710 3654 3763 ideo

2071 3805 2362 3861 Corinthiis
2390 3803 2630 3859 scribens
2657 3801 2906 3856 dicebat:
2936 3799 3060 3855 Cum
3090 3811 3257 3855 autent
3286 3801 3440 3865 dicit,
3474 3800 3650 3872 Subje-

2071 3907 2151 3950 cta
2176 3904 2326 3961 sunt,
2361 3894 2469 3948 sine
2494 3891 2644 3947 dubio
2679 3900 2861 3961 prazter
2892 3907 3002 3944 eum
3036 3891 3121 3960 qui
3163 3892 3372 3960 subjecit
3406 3892 3451 3943 ei
3480 3891 3652 3944 omnia

2071 3989 2162 4060 (l.
2188 3986 2307 4043 Cor.
2334 3987 2419 4041 l5.
2446 3984 2537 4041 26.
2564 3983 2632 4038 ‘27
2651 3985 2669 4054 )
2691 4000 2704 4047 ;
2728 3984 2872 4054 alqui
2896 3984 3015 4052 quis
3044 3983 3404 4052 suspicaretur
3434 3982 3645 4036 Patrem

2071 4097 2190 4136 cum
2229 4079 2477 4134 omnibus
2506 4078 2801 4147 subjectum
2834 4075 2943 4129 fore
2974 4074 3151 4129 Filio?
3181 4084 3232 4129 et
3270 4085 3447 4128 tamen
3477 4074 3519 4128 si
3552 4074 3646 4126 has

2071 4169 2329 4224 absurdus
2355 4168 2688 4235 suspiciones
2725 4165 2901 4218 timuit
2928 4174 2982 4218 et
3007 4165 3133 4217 dicit
3158 4206 3171 4225 ,
3208 4163 3407 4218 Prester
3428 4181 3540 4216 eum
3567 4166 3652 4229 qui

2072 4261 2279 4331 subjecit
2301 4260 2346 4312 ei
2370 4258 2576 4320 omnia;
2606 4256 2770 4309 multo
2794 4255 2959 4323 magis
2984 4254 3263 4316 Joannem,
3290 4254 3333 4306 si
3361 4253 3528 4307 Filius
3557 4254 3647 4307 Dei

2073 4362 2280 4407 creatus
2308 4350 2495 4403 fuisset
2519 4387 2533 4412 ,
2567 4347 2753 4399 timere
2800 4346 3096 4413 oportebat,
3128 4360 3193 4398 nc
3218 4343 3334 4414 quis
3361 4345 3529 4413 ipsum
3562 4344 3643 4398 in-

2075 4452 2308 4497 ereatum
2338 4449 2567 4510 putaret,
2598 4437 2834 4507 illudque
2855 4452 2966 4506 pra:
2993 4436 3241 4489 omnibus
3270 4436 3482 4491 docere.
3516 4434 3653 4490 Cum

2075 4542 2251 4587 autem
2285 4530 2496 4602 genitus
2525 4529 2613 4593 sit,
2639 4527 2759 4596 jure
2786 4541 2956 4594 neque
2980 4527 3112 4594 ipse,
3142 4540 3315 4595 neque
3343 4524 3479 4579 alius
3510 4526 3657 4594 quis-

2077 4623 2237 4693 piam,
2257 4620 2341 4675 vel
2363 4618 2634 4689 apostolus
2655 4618 2734 4672 vel
2760 4615 3018 4686 propheta
3040 4623 3275 4669 creatum
3296 4615 3467 4682 ipsum
3494 4614 3655 4669 fuisse

2076 4712 2224 4767 dicit.
2254 4709 2367 4764 lmo
2410 4724 2580 4777 neque
2610 4709 2721 4777 ipse
2750 4706 3065 4775 Unigenitus
3092 4703 3142 4759 id
3176 4705 3603 4773 pra-terntisissel
3635 4745 3653 4770 ,

2078 4803 2120 4856 si
2148 4810 2362 4855 creatus
2384 4814 2508 4854 vere
2531 4797 2736 4851 fuisset.
2761 4797 2860 4862 Qui
2879 4797 3019 4850 enim
3050 4804 3154 4849 tam
3182 4795 3399 4850 humilia
3422 4810 3542 4850 sese
3562 4796 3664 4849 de-

2079 4891 2342 4946 mittendo
2372 4890 2636 4958 loquitur,
2677 4887 2844 4941 multo
2884 4886 3061 4940 minus
3101 4884 3152 4939 id
3212 4886 3481 4939 tacuisset.
3519 4885 3648 4939 Nam

2084 4981 2437 5036 verisimilius
2469 4989 2597 5048 puto
2629 4981 2799 5047 ipsum
2843 4992 2998 5045 quam
3049 4976 3267 5030 haberet
3297 4977 3656 5045 praestantiam

2081 5075 2256 5144 potius
2288 5071 2514 5126 tacuisse
2538 5112 2553 5136 ,
2596 5086 2751 5140 quam
2782 5069 2826 5122 si
2865 5083 2969 5121 non
3003 5068 3223 5122 haberet
3267 5067 3317 5120 id
3347 5067 3647 5135 prmtermi-

2080 5167 2216 5221 sisse
2236 5206 2251 5226 ,
2279 5179 2378 5219 nec
2401 5161 2731 5232 signiﬁcasse
2757 5158 2807 5213 id
2829 5173 2888 5213 se
2918 5175 3022 5212 non
3051 5157 3266 5211 habere.
3294 5156 3403 5211 Illic
3428 5171 3657 5211 consen-

2083 5267 2234 5313 tanea
2261 5255 2469 5310 tacendi
2491 5268 2649 5309 causa
2673 5259 2810 5315 erat,
2842 5250 2981 5321 quod
3011 5249 3169 5304 vellet
3191 5249 3385 5304 docere
3418 5248 3665 5303 homines

2082 5349 2434 5407 humilitatem
2462 5388 2476 5410 ,
2523 5345 2746 5414 ideoque
2774 5340 3132 5413 praestantiam
3164 5354 3314 5395 suam
3348 5341 3658 5409 obtegeret;

2083 5437 2170 5493 hic
2206 5447 2385 5491 autem
2428 5451 2494 5490 ne
2534 5435 2808 5489 minimam
2841 5429 3424 5501 quidem-probabilem
3457 5432 3661 5485 tacendi

2085 5544 2299 5585 causam
2350 5528 2530 5583 dicere
2575 5528 2765 5595 possis.
2796 5524 2904 5578 Cur
2943 5521 3086 5576 enim
3116 5523 3160 5577 si
3189 5532 3398 5579 creatus
3427 5533 3575 5589 erat,
3606 5537 3664 5577 se

2153 5728 2169 5759 ι
2205 5732 2345 5775 .tuxta
2363 5720 2502 5772 savii.
2530 5728 2583 5769 et
2606 5718 2719 5768 Cod.
2755 5718 2867 5780 706,
2896 5720 3149 5782 legeretur
3174 5726 3332 5781 recte,
3356 5717 3522 5779 bonus,
3549 5731 3664 5782 pro,

2091 5788 2335 5906 “Filii,
2361 5842 2592 5906 Priorem,
2619 5842 2759 5893 deest
2785 5844 2832 5891 in
2864 5839 3147 5904 quibusdam
3187 5848 3296 5889 Μεθ’

4095 143 4102 178 :
4221 103 4310 178 ii

4015 279 4018 282 .
4097 231 4146 288 ’ζ
4217 253 4220 258 ·
4299 229 4310 270 ἴ

4013 557 4016 560 -
4215 491 4316 596 φτξ

3999 1232 4055 1276 ξ

4032 1278 4187 1335 s5;
4237 1275 4367 1334 ς

4008 1338 4105 1399 illm
4350 1338 4370 1375 λ

4036 1399 4266 1431 ζὲθιέῗ
4362 1404 4367 1407 λ

3984 1434 4101 1673 Γῆ

4236 1548 4370 1715 ἀεὶ

3978 1836 3997 1875 Γ
4096 1826 4101 1877 ἶ

4242 1894 4353 1929 κγ
