4370 6306
537 302 603 355 43
1295 291 1352 348 S.
1391 290 1668 346 .IOANNIS
1704 282 2180 345 CI-IRYSOSTOMI
2216 283 2532 341 ARCIIIEP.
2573 284 3102 343 CONSTANTINOI'.
3749 293 3820 348 ιι

543 415 740 468 factum
772 427 892 467 esse
936 410 1222 477 tacuisset,
1273 410 1362 480 qui
1411 409 1579 464 multa
1625 407 1726 462 sibi
1775 405 2120 476 congruentia

543 505 978 573 praetermittebat
1002 504 1024 554 ?
1052 504 1232 573 Itaque
1254 503 1298 557 is
1314 502 1402 572 qui
1428 502 1496 556 ad
1525 499 1824 556 docendum
1849 497 2120 553 humilita-

547 605 652 651 tem
675 597 901 664 ahjecta,
925 595 1025 649 sibi
1049 611 1158 650 non
1189 594 1573 665 competentia,
1598 608 1739 661 Stepe
1765 592 1918 656 dixit,
1951 589 2120 645 multo

546 690 732 758 magis,
759 689 801 742 si
825 697 1035 743 creatus
1059 686 1271 750 fuisset,
1297 687 1347 740 id
1373 702 1477 740 non
1506 685 1963 754 praetermissurus
1983 690 2118 736 erat.

541 779 727 834 Noum:
756 780 902 834 vides
936 780 1143 846 ipsum,
1189 793 1256 831 ne
1281 779 1400 846 quis
1431 776 1723 846 ingenitum
1752 775 2122 844 suspicaretur

539 870 666 922 nihil
700 885 804 922 non
839 877 1083 937 agentem
1114 877 1168 920 et
1200 866 1486 930 dicentem,
1523 865 1630 919 imo
1659 864 1871 932 indigna
1899 865 2122 932 loquen-

543 971 649 1014 tem
679 975 773 1014 sua
817 959 1071 1028 dignitate
1099 967 1153 1011 et
1200 958 1491 1012 substantia
1523 959 1538 988 ⁸
1561 997 1576 1024 ,
1605 967 1762 1026 atque
1807 957 1858 1010 in
1887 953 2118 1024 prophe-

539 1060 605 1105 ιω
631 1050 986 1104 humilitatem
1016 1064 1134 1103 sese
1160 1049 1574 1104 demittentem?
1609 1049 1736 1103 Illud
1764 1049 1940 1113 enim,
1974 1048 2119 1102 Sicut

537 1141 714 1204 audio,
740 1140 953 1210 judico:
980 1148 1035 1194 et
1074 1140 1198 1193 illud
1219 1183 1233 1202 ,
1267 1139 1371 1193 Ille
1399 1141 1521 1193 mihi
1549 1140 1676 1193 dixit
1717 1139 1841 1210 quid
1881 1140 2045 1193 dicam
2074 1148 2120 1192 et

535 1231 658 1300 quid
682 1233 858 1299 loquar
879 1227 1068 1298 (Joan.
1098 1231 1151 1284 5.
1182 1230 1268 1285 50.
1321 1239 1364 1283 et
1394 1228 1478 1283 12.
1509 1229 1578 1284 l9
1600 1229 1641 1300 ),
1674 1238 1728 1284 et
1755 1229 1966 1295 similia,
1999 1245 2120 1298 pro-

539 1321 818 1391 phelartttlt
849 1331 1053 1374 tantum
1084 1321 1240 1374 verba
1266 1330 1410 1373 sunt.
1437 1321 1491 1374 Si
1516 1335 1644 1390 ergo
1669 1329 1724 1374 ut
1748 1320 1882 1375 hanc
1909 1321 2121 1375 tolleret

539 1413 935 1482 suspicionem,
978 1423 1083 1465 tam
1115 1410 1334 1466 humilia
1365 1412 1601 1480 proferre
1635 1413 1794 1466 verba
1829 1427 1933 1466 non
1963 1411 2115 1467 dedi-

537 1513 727 1569 gnatus
751 1512 831 1556 est
867 1522 879 1556 :
926 1503 1090 1556 multo
1135 1504 1301 1572 magis
1321 1545 1336 1570 ,
1381 1505 1423 1556 si
1455 1514 1666 1557 creatus
1695 1514 1874 1567 esset,
1904 1519 1971 1558 ne
2000 1503 2119 1573 quis

539 1588 830 1641 inereatum
863 1587 1010 1640 illum
1032 1588 1419 1656 suspicaretur,
1445 1589 1612 1641 multa
1637 1588 1830 1641 similia
1861 1587 2116 1652 dixisset;

537 1677 684 1731 verbi
715 1693 872 1732 eausa
898 1717 911 1740 ,
940 1675 1115 1731 Nolite
1147 1687 1331 1745 putare
1360 1693 1444 1730 me
1465 1677 1703 1746 genitum
1729 1691 1850 1731 esse
1871 1693 1899 1728 a
1925 1677 2115 1741 Patre;

540 1783 663 1822 nam
696 1767 864 1820 factus
884 1809 899 1825 .
934 1784 1038 1820 nou
1088 1769 1298 1836 genitus
1344 1781 1459 1820 sum
1483 1809 1497 1833 ,
1527 1782 1700 1836 neque
1742 1782 1809 1821 ex
1838 1767 2024 1821 eadem
2054 1782 2118 1820 ex

537 1875 639 1930 qua
665 1860 752 1913 ille
770 1859 1085 1912 substantia.
1111 1857 1262 1912 Nunc
1282 1871 1459 1913 autem
1485 1860 1710 1913 omnino
1734 1869 1923 1913 contra
1952 1859 2075 1913 facit
2100 1875 2115 1926 ;

538 1967 659 2006 nam
699 1967 762 2006 ea
805 1951 1069 2020 loquitur,
1098 1967 1217 2020 qua:
1245 1951 1327 2005 vel
1359 1952 1554 2005 invitos
1578 1962 1772 2022 cogant
1802 1952 1868 2006 ad
1897 1963 2120 2006 eontra-

538 2043 668 2096 riam
712 2042 1135 2111 amplectendam
1174 2043 1533 2104 sententiam;
1577 2052 1635 2096 ut
1665 2059 1889 2112 nempe:
1927 2043 2036 2114 Ego
2066 2045 2119 2098 in

546 2133 720 2200 I’atre,
762 2146 807 2187 et
834 2133 991 2188 Pater
1013 2135 1064 2188 in
1095 2151 1172 2188 me
1193 2134 1380 2202 (Joan.
1411 2135 1498 2189 M.
1529 2135 1662 2204 l0);
1692 2144 1773 2198 et,
1807 2135 1972 2190 Tanto
1999 2146 2120 2190 tem-

539 2243 658 2296 pore
685 2226 934 2279 vobiscum
959 2243 1090 2291 sum,
1111 2235 1154 2278 et
1176 2241 1278 2279 non
1305 2226 1574 2294 cognovisti
1593 2243 1688 2292 me,
1711 2225 1993 2296 Philippe?
2023 2226 2119 2292 Qui

537 2319 668 2370 videt
707 2333 812 2381 me,
845 2317 973 2370 videt
999 2327 1042 2371 et
1075 2315 1279 2370 Patrem
1305 2315 1477 2387 (Ibid.
1502 2315 1601 2387 9);
1626 2327 1679 2372 et
1703 2357 1718 2383 ,
1756 2317 1821 2372 Ut
1839 2335 2008 2373 omnes
2037 2319 2122 2374 ho-

539 2416 716 2460 norent
743 2405 951 2469 Filium,
976 2407 1101 2460 sicut
1142 2408 1389 2461 honorant
1420 2407 1624 2462 Patrem
1654 2407 1765 2479 (Id.
1791 2411 1842 2465 5.
1865 2410 1978 2483 25).
2004 2413 2122 2466 Sic-

537 2509 592 2551 ut
621 2498 779 2552 Pater
803 2501 1013 2554 suscitat
1043 2512 1301 2569 mortuos,
1350 2511 1396 2557 et
1432 2503 1651 2568 vivificat
1675 2519 1693 2557 :
1720 2503 1793 2558 sic
1837 2514 1885 2558 et
1912 2504 2079 2560 Filius
2102 2547 2116 2572 ,

535 2608 658 2660 quos
701 2594 841 2656 vult,
883 2593 1099 2660 viviﬁcat
1148 2593 1322 2663 (Ibid.
1377 2594 1500 2667 21).
1561 2594 1720 2650 Pater
1773 2615 1914 2651 meus
1963 2615 2120 2668 usque

536 2683 685 2734 modo
727 2695 1000 2750 operatur,
1047 2695 1090 2738 et
1120 2701 1210 2754 ego
1253 2702 1434 2754 aperor
1477 2685 1649 2756 (Ibid.
1685 2688 1825 2757 I7).
1850 2689 1996 2744 Sicut
2023 2707 2118 2744 no-

537 2774 602 2824 vit
626 2788 704 2824 me
735 2770 909 2840 Pater,
942 2783 988 2825 et
1010 2790 1101 2843 ego
1131 2790 1280 2827 nosco
1303 2773 1532 2829 Patrem.
1562 2777 1674 2845 Ego
1699 2788 1746 2830 et
1774 2777 1931 2832 Pater
1962 2797 2119 2834 unum

537 2865 751 2934 sumus(
777 2863 858 2917 Id.
886 2865 972 2932 l0,
996 2867 1079 2920 15.
1098 2875 1143 2920 et
1308 2867 1369 2920 Et
1398 2867 1591 2938 ubique
1605 2869 1750 2924 Sicut
1770 2879 1820 2924 et.
1845 2869 1930 2924 Ita
1948 2873 2116 2941 ponit,

539 2958 772 3026 dicitque
801 2973 857 3012 se
889 2970 941 3012 et
971 2957 1190 3013 Patrem
1241 2975 1402 3014 unum
1446 2975 1565 3016 esse
1586 3002 1601 3033 ,
1636 2962 1944 3034 nullamque
1995 2979 2117 3019 esse

537 3050 888 3105 differentiam
929 3051 1184 3107 declarat.
1217 3052 1602 3108 Auctoritatem
1642 3071 1770 3109 vero
1797 3066 1852 3110 et
1882 3072 1976 3127 per
2003 3057 2118 3113 lucc

541 3149 596 3196 et
626 3156 720 3210 per
759 3141 859 3194 alia
916 3142 1064 3210 plura
1109 3141 1478 3207 demonstrat;
1505 3152 1560 3198 ut
1590 3160 1711 3198 cum
1751 3145 1912 3214 dicit,
1943 3146 2114 3216 Tace,

541 3233 857 3297 obmutesce;
896 3231 1054 3299 Volo,
1086 3233 1368 3300 mundare;
1401 3232 1513 3289 Tibi
1539 3237 1690 3290 dico:
1720 3237 1887 3293 Surda
1910 3250 1954 3294 et
1985 3251 2120 3296 mute

537 3323 756 3388 damon,
787 3325 869 3379 exi
891 3325 952 3378 ab
977 3341 1034 3380 eo
1076 3323 1277 3397 (Marc.
1320 3328 1375 3382 4.
1427 3327 1516 3384 59.
1551 3327 1736 3383 Matth.
1767 3331 1819 3385 8.
1849 3332 1904 3388 5.
1951 3331 2116 3389 Marc.

539 3417 592 3471 9.
620 3415 722 3486 24)
752 3435 764 3471 :
809 3417 1076 3487 illudque,
1110 3420 1335 3473 Audistis
1359 3421 1478 3489 quia
1519 3421 1709 3475 dictant
1750 3434 1822 3479 est
1861 3426 2081 3496 antiquis
2102 3469 2115 3489 ,

541 3511 661 3566 Non
682 3512 876 3566 occides
900 3526 918 3566 .°
943 3530 1033 3584 ego
1054 3523 1220 3566 autem
1243 3513 1356 3568 dico
1386 3517 1521 3570 vobis
1539 3556 1553 3581 ,
1583 3516 1683 3583 Qui
1711 3518 1945 3573 irascitur
1966 3521 2120 3592 fratri

539 3619 630 3656 suo
668 3603 888 3670 frustra,
920 3620 1036 3659 reus
1067 3604 1162 3657 erit
1189 3603 1412 3674 (Matth.
1444 3605 1499 3660 5.
1539 3606 1629 3660 2|.
1661 3606 1783 3677 22).
1811 3609 2120 3681 Similiaque

539 3694 759 3758 statuit,
789 3703 844 3747 et
868 3694 1119 3748 miracula
1152 3696 1297 3762 edit,
1319 3712 1438 3765 quae
1461 3698 1666 3767 possint
1686 3699 1800 3767 ejus
1825 3704 2115 3769 potentiam

536 3785 906 3840 demonstrare
935 3802 949 3838 :
996 3786 1102 3852 imp
1134 3786 1219 3840 vel
1258 3788 1476 3842 minima
1503 3789 1717 3858 quidem
1751 3793 1961 3847 illorum
1994 3810 2116 3864 pars

537 3892 632 3933 eos
653 3917 667 3942 ,
691 3877 779 3946 qui
807 3892 912 3930 non
935 3878 1078 3931 omni
1105 3892 1322 3948 prorsus
1345 3893 1506 3934 sensu
1532 3890 1750 3948 carent,
1779 3884 2044 3942 adducere
2063 3896 2120 3945 et

539 3967 859 4037 persuadere
889 3968 1078 4037 possit.

609 4058 662 4113 5.
693 4057 872 4112 Inanis
898 4057 1077 4130 gloriae
1101 4060 1361 4115 damnum.
1392 4091 1467 4103 —
1503 4061 1700 4119 Verum
1736 4080 1798 4121 ea
1837 4075 1920 4122 est
1945 4068 2120 4124 inanis

534 4151 717 4221 gloria:
742 4152 762 4182 ⁸
790 4151 904 4216 vis,
951 4159 1009 4206 ut
1049 4152 1132 4207 vel
1177 4152 1230 4206 in
1274 4153 1437 4209 rebus
1479 4155 1924 4214 manifestissimis
1953 4163 2121 4230 possit

536 4259 721 4298 eorum
765 4244 854 4314 qui
897 4245 988 4298 illa
1027 4245 1167 4314 capti
1197 4254 1321 4300 sunt
1363 4258 1597 4304 mentem
1627 4265 1920 4320 excmcare,
1961 4265 2119 4325 atque

537 4335 642 4390 illis
667 4336 926 4400 suadere,
970 4343 1027 4390 ut
1055 4337 1214 4391 etiam
1258 4340 1514 4394 adversus
1555 4355 1617 4394 ea
1643 4357 1760 4411 qua:
1791 4344 1840 4397 in
1871 4343 2120 4401 confesso

535 4437 657 4481 sunt
687 4428 1047 4492 contendant;
1079 4431 1336 4499 aliosque,
1390 4433 1582 4501 quibus
1627 4446 1751 4489 nota
1795 4441 1991 4493 veritas
2013 4451 2115 4505 est,

536 4516 602 4570 ad
651 4516 1011 4569 simulandum
1059 4527 1112 4570 et
1164 4529 1346 4572 contra
1392 4522 1666 4576 nitendum
1710 4525 1936 4580 incitet:
1978 4530 2118 4596 quod

536 4608 696 4662 etiam
727 4605 926 4660 Iudaeis
955 4607 1165 4663 accidit.
1208 4609 1323 4663 Non
1352 4612 1495 4664 enim
1524 4627 1619 4680 per
1657 4613 2005 4683 ignorantiam
2035 4619 2122 4673 Fi-

537 4699 666 4751 lium
699 4697 790 4752 Dei
820 4697 1105 4767 negabant,
1128 4699 1222 4754 sed
1261 4711 1318 4755 ut
1347 4703 1485 4771 apud
1514 4705 1700 4774 vulgus
1731 4708 1986 4764 honorem
2021 4712 2119 4767 sibi

537 4793 901 4846 conciliarent.
935 4789 1066 4844 Nam
1095 4791 1371 4846 Credebant
1413 4795 1463 4848 in
1506 4813 1617 4849 eum
1647 4797 1824 4868 (Jour.
1873 4802 1959 4857 12.
2001 4803 2116 4873 42),

538 4886 726 4956 inquit,
759 4883 851 4940 sed
881 4884 1137 4940 timebant
1174 4901 1239 4940 ne
1264 4894 1410 4942 extra
1445 4903 1764 4960 synagogam
1799 4894 1986 4950 tierent
2009 4937 2024 4960 ,
2065 4898 2116 4953 in

535 4977 868 5046 aliorumque
920 4977 1142 5047 gratiam
1187 4977 1410 5031 salutem
1450 4994 1598 5033 suam
1646 4982 1958 5050 prodebant.
2001 4987 2116 5042 Non

538 5080 707 5138 potest
731 5073 895 5136 enim,
927 5086 1031 5124 non
1057 5077 1234 5138 potest
1261 5070 1443 5140 utique
1475 5071 1519 5124 is
1545 5073 1632 5140 qui
1661 5085 1977 5142 pra-sentem
1998 5079 2115 5149 glo-

536 5164 670 5218 riam
701 5163 774 5218 ita
799 5171 998 5233 mptat,
1039 5162 1180 5217 illam
1229 5177 1347 5232 qua:
1388 5177 1419 5216 a
1468 5162 1577 5218 Deo
1604 5174 1684 5220 est
1711 5168 1945 5238 assequi.
1972 5170 2116 5239 Qua-

537 5265 755 5325 propter
796 5255 1086 5324 increpavit
1114 5270 1206 5309 eos
1253 5253 1334 5308 his
1367 5255 1541 5310 verbis
1572 5274 1584 5309 :
1619 5257 1883 5324 Quomodo
1911 5265 2118 5330 p'itestis

535 5346 757 5409 credere,
801 5345 887 5412 qui
930 5345 1144 5413 gloriam
1188 5345 1249 5399 ab
1297 5347 1579 5400 hominibus
1609 5350 1870 5420 accipitis,
1902 5363 1948 5406 et,“
1978 5353 2118 5407 illam

536 5453 648 5506 qua!
676 5455 706 5491 a
739 5435 845 5490 Deo
871 5446 942 5488 est
971 5451 1071 5488 non
1107 5437 1330 5503 quaeritis
1355 5435 1535 5506 (Joan.
1563 5439 1621 5505 5,
1650 5439 1781 5513 ιω
1815 5442 1887 5496 Eu
1925 5446 2116 5515 quippe

601 5597 617 5659 ι
653 5590 1090 5659 Quidam._indiqna
1116 5589 1381 5659 loquentem
1413 5593 1814 5659 snaLsubstantia.
1977 5652 1986 5659 _

567 5658 620 5767 ὦ
650 5655 844 5728 Quidam
868 5652 1065 5709 habent,
1088 5652 1374 5710 ιωιιιὶιίωιὲδ,
1397 5665 1446 5706 et
1469 5654 1568 5715 alii,
1593 5657 1826 5716 avaritiw,
1847 5652 2118 5720 pt‘o,utanis

614 5731 719 5770 ne.

535 5730 719 5782 granis.

2230 400 2486 472 profunda
2539 401 2780 471 quaedam
2829 402 3060 459 ebrietas
3102 411 3185 458 est
3213 423 3225 456 :
3254 403 3480 474 ideoque
3520 405 3564 460 is
3605 408 3691 474 qui
3726 408 3819 463 illo

2228 493 2388 547 animi
2421 495 2608 548 morbo
2633 503 2819 565 captus
2841 504 2944 561 est,
2973 494 3190 550 difficile
3218 496 3498 567 resipiscit.
3526 497 3651 552 lla-c
3671 499 3818 555 labes

2228 584 2556 652 captivorum
2585 585 2817 639 animam
2849 601 2878 640 a
2899 585 3032 640 eielo
3071 586 3409 650 abscindens,
3437 597 3593 644 terra:
3625 589 3815 658 afﬁgit,

2229 690 2328 730 nec
2357 676 2482 729 sinit
2509 691 2686 731 veram
2718 677 2908 730 intueri
2941 677 3142 742 lucem,
3189 678 3285 732 sed
3328 679 3380 733 in
3423 696 3578 734 emno
3602 696 3818 752 semper

2230 766 2454 821 volutari
2483 777 2654 831 curat,
2686 767 2934 823 dominos
2963 769 3093 839 ipsis
3133 786 3326 840 parans
3358 773 3426 826 ita
3457 783 3723 842 potentes,
3757 783 3815 830 ut

2228 857 2346 914 sine
2378 859 2528 928 jussu
2557 860 2737 928 aliquo
2780 861 2910 930 ipsis
2939 861 3220 931 imperent.
3264 862 3394 916 Nam
3435 864 3478 917 is
3507 865 3595 932 qui
3629 864 3814 934 hujus-

2228 951 2371 1006 modi
2411 952 2599 1006 morbo
2631 953 2854 1018 laborat,
2897 955 3060 1008 etiam
3091 954 3300 1008 nemine
3325 955 3548 1025 jubente
3568 999 3580 1021 ,
3625 966 3817 1025 sponte

2229 1040 2317 1096 illa
2365 1043 2544 1096 omnia
2585 1043 2765 1107 efficit,
2823 1059 2941 1114 qua:
2989 1054 3138 1114 putat
3180 1045 3409 1100 dominis
3453 1045 3558 1102 illis
3601 1048 3815 1117 placere

2229 1147 2404 1202 posse.
2437 1133 2653 1188 Illorum
2698 1135 2893 1212 quippe
2920 1137 3086 1205 gratia
3120 1136 3353 1206 pulchris
3392 1137 3626 1192 induitur
3651 1147 3817 1193 vesti-

2226 1222 2346 1280 bus.
2375 1222 2562 1278 faeiem
2595 1235 2766 1289 ornat,
2814 1240 2919 1279 non
2966 1227 3102 1293 sibi,
3151 1227 3243 1281 sed
3288 1227 3443 1293 aliis;
3494 1228 3816 1285 famulorum

2230 1313 2434 1367 turbam
2465 1314 2517 1368 in
2545 1313 2661 1368 foro
2687 1315 3064 1382 circumducit,
3100 1325 3154 1370 ut
3185 1318 3304 1372 aliis
3333 1319 3400 1371 sit
3427 1317 3764 1374 admirationi
3796 1338 3813 1374 :

2227 1405 2480 1475 quidquid
2513 1406 2744 1477 denique
2772 1407 2913 1475 facit,
2941 1423 2991 1462 ut
3025 1410 3141 1464 aliis
3169 1411 3390 1480 placeat,
3419 1412 3652 1468 exhibet.
3673 1413 3813 1469 Num

2227 1495 2330 1550 hoc
2353 1497 2514 1550 animi
2543 1497 2731 1552 morbo
2762 1499 3048 1568 quidquam
3081 1499 3319 1556 deterius
3362 1517 3483 1558 esse
3513 1505 3718 1572 possit?
3745 1505 3817 1561 Ut

2226 1588 2346 1642 aliis
2372 1589 2441 1642 sit
2468 1590 2826 1654 admirationi,
2860 1606 3000 1662 saepe
3045 1609 3105 1647 se
3136 1595 3461 1664 praecipitem
3507 1596 3618 1650 dat.
3670 1597 3815 1653 Satis

2227 1691 2374 1737 certe
2410 1693 2592 1736 essent
2627 1699 2688 1736 ea
2732 1700 2851 1752 qua:
2901 1699 2930 1737 a
2977 1685 3192 1739 Christo
3235 1687 3372 1742 dicta
3403 1697 3527 1742 sunt
3555 1689 3619 1743 ad
3655 1690 3816 1758 hujus

2227 1773 2395 1827 morbi
2425 1773 2756 1843 tyrannidem
2778 1775 3252 1830 demonstrandam
3273 1795 3286 1830 ε
3305 1793 3490 1832 verum
3509 1777 3631 1833 hinc
3651 1781 3812 1835 etiam

2227 1865 2313 1920 illa
2342 1875 2713 1936 cognoscatur.
2767 1867 2897 1922 Nam
2941 1869 2984 1922 si
3015 1871 3315 1939 quempiam
3362 1885 3428 1925 ex
3480 1871 3582 1926 illis
3607 1872 3813 1928 civibus

2226 1956 2314 2024 qui
2363 1966 2605 2023 sumptus
2651 1957 2977 2027 profundunt
3027 1958 3287 2013 maximos
3333 1961 3630 2029 interroges
3658 2003 3674 2029 ,
3715 1977 3812 2017 cur

2227 2054 2428 2100 tantum
2455 2047 2569 2100 auri
2599 2051 2926 2117 tmpendaut,
2969 2049 3095 2118 quid
3141 2049 3241 2102 sibi
3286 2049 3468 2105 volunt
3506 2051 3810 2121 hujusmodi

2226 2145 2488 2204 sumptus,
2523 2138 2653 2193 nihil
2693 2139 2837 2193 aliud
2881 2139 3308 2206 respondebunt,
3340 2156 3497 2211 quam
3527 2152 3587 2196 ut
3615 2144 3812 2212 pepulo

2229 2229 2492 2298 placeant.
2537 2230 2594 2285 Si
2644 2245 2856 2285 rursum
2911 2230 3237 2296 seiseiteris,
3278 2232 3402 2302 quid
3434 2234 3504 2286 sit
3541 2234 3808 2302 p0pulus:

2227 2320 2529 2390 Quidpiam,
2551 2323 2806 2393 inquiunt,
2830 2323 3054 2377 tumultu
3083 2323 3294 2392 plenum
3317 2333 3369 2378 et
3391 2327 3806 2395 perturbatione,

2227 2426 2291 2466 ex
2321 2411 2620 2481 insipientia
2653 2414 2965 2484 plerumque
2985 2423 3256 2482 constans,
3280 2416 3419 2486 quod
3445 2426 3644 2473 temere
3665 2433 3810 2489 saipe

2229 2505 2369 2560 ultro
2408 2507 2649 2577 citroque
2680 2506 2866 2570 fertur,
2899 2508 3067 2561 instar
3095 2510 3420 2562 marinorum
3453 2508 3730 2574 fluctuum,
3755 2520 3811 2566 et

2225 2609 2403 2652 secum
2447 2607 2712 2667 pugnante
2757 2599 3020 2652 sententia
3062 2599 3373 2669 plerumque
3395 2600 3672 2667 jactatum.
3705 2601 3808 2670 Qui

2227 2689 2384 2742 talem
2417 2689 2576 2745 habet
2604 2689 2900 2753 dominum,
2930 2705 3035 2760 quo
3067 2705 3169 2744 non
3215 2691 3572 2748 miserabilior
3609 2691 3809 2748 fuerit?

2226 2776 2333 2832 Sed
2385 2778 2525 2848 quod
2573 2779 2857 2834 szreulares
2901 2779 3144 2834 homines
3191 2780 3274 2834 his
3326 2781 3550 2848 inhient,
3589 2799 3693 2838 non
3735 2784 3808 2839 ita

2225 2884 2387 2938 grave
2419 2879 2520 2934 est,
2555 2871 2655 2925 etsi
2698 2886 2859 2940 grave
2896 2886 3080 2926 revera
3112 2873 3182 2926 sit
3211 2890 3224 2926 :
3253 2873 3394 2942 quod
3427 2885 3603 2930 autem
3632 2877 3718 2946 qui
3749 2891 3809 2932 se

2227 2961 2424 3015 mundo
2452 2964 2790 3017 renuntiasse
2821 2963 3022 3029 dicunt,
3057 2963 3160 3018 hoc
3195 2965 3380 3020 morbo
3409 2966 3671 3035 laborent,
3702 2969 3810 3024 imo

2227 3050 2449 3119 majore,
2475 3051 2526 3105 id
2550 3063 2697 3106 certe
2724 3053 3116 3120 gravissimum.
3151 3053 3261 3107 Illis
3289 3055 3430 3109 enim
3462 3058 3808 3126 pecuniarum

2227 3149 2429 3196 tantum
2453 3143 2536 3197 est
2556 3143 2761 3210 jactura
2799 3162 2812 3198 :
2845 3143 2928 3200 his
2950 3159 3075 3200 vero
3102 3145 3292 3200 anima:
3329 3148 3644 3216 periculum.
3674 3150 3808 3206 Nam

2226 3247 2348 3287 cum
2390 3233 2571 3303 gloria:
2609 3249 2766 3288 causa
2816 3250 2845 3288 a
2893 3245 3036 3290 recta
3065 3235 3167 3291 fide
3195 3235 3516 3303 desciscunt,
3546 3248 3680 3295 etut
3709 3241 3810 3297 sibi

2225 3323 2448 3392 gloriam
2481 3323 2708 3394 pariant,
2755 3323 2921 3378 Deum
2951 3323 3216 3380 dedecore
3243 3325 3501 3394 afficiunt,
3531 3341 3806 3398 quantum,

2227 3428 2408 3483 quwso
2428 3453 2444 3481 ,
2477 3415 2706 3484 torporis
2729 3454 2745 3479 ,
2790 3423 3046 3486 quantum
3089 3415 3310 3472 insanize
3351 3433 3438 3474 res
3477 3417 3592 3475 haec
3620 3435 3728 3491 prie
3752 3435 3810 3475 se

2229 3504 2332 3559 fert
2351 3505 2374 3557 ?

2300 3597 2476 3652 Gloria
2496 3597 2776 3668 popularis,
2806 3614 2907 3652 non
2933 3607 3003 3652 est
3029 3615 3138 3653 vere
3162 3599 3623 3670 gloria.—C:ntera
3649 3617 3810 3674 porro

2231 3691 2374 3756 vitia,
2407 3691 2531 3745 licet
2573 3690 2796 3744 multum
2826 3690 3006 3744 damni
3054 3689 3313 3756 inferant,
3362 3693 3592 3761 aliquam
3623 3696 3808 3750 saltem

2228 3781 2458 3836 afferunt
2500 3782 2847 3851 voluptatem,
2892 3782 2992 3836 etsi
3040 3791 3434 3852 temporaneam
3469 3794 3524 3840 et
3565 3786 3805 3840 brevem.

2229 3876 2360 3931 Nam
2388 3892 2599 3941 avarus,
2629 3875 2897 3941 ebriosus,
2928 3875 3318 3945 mulierumque
3351 3892 3554 3943 amans,
3580 3879 3808 3949 aliquant

2229 3967 2424 4021 damno
2446 3966 2755 4030 admixtam,
2785 3968 2883 4022 etsi
2929 3968 3143 4022 brevem
3164 4009 3179 4034 ,
3218 3969 3540 4037 voluptatem
3568 3969 3765 4025 habent
3793 3988 3807 4025 :

2228 4057 2318 4126 qui
2345 4067 2523 4111 autem
2549 4055 2650 4110 hoc
2679 4056 2868 4110 morbo
2887 4057 3026 4126 capti
3055 4066 3198 4121 sunt,
3227 4057 3471 4112 acerbam
3512 4071 3726 4129 semper
3756 4067 3813 4114 et

2229 4148 2500 4218 voluptate
2522 4162 2738 4202 vacuam
2769 4156 2933 4217 agunt
2959 4149 3141 4204 vitam.
3172 4149 3355 4219 Neque
3394 4151 3535 4204 enim
3576 4150 3626 4206 id
3667 4151 3809 4221 quod

2230 4241 2461 4295 maxime
2481 4247 2662 4294 amant
2677 4249 3058 4309 assequuntur;
3087 4241 3308 4311 gloriam
3335 4257 3527 4312 nempe
3547 4252 3602 4297 et
3627 4259 3810 4299 auram

2230 4332 2574 4402 popularem;
2607 4331 2699 4387 sed
2730 4331 2975 4386 videntur
3004 4332 3216 4402 quidem
3258 4334 3344 4388 illa
3373 4334 3498 4399 frui,
3531 4350 3702 4405 neque
3731 4345 3812 4390 ta-

2228 4440 2350 4480 men
2378 4426 2642 4492 fruuntur,
2681 4426 2820 4494 quod
2854 4426 2980 4480 illud
3019 4427 3236 4481 minime
3261 4427 3328 4481 sit
3347 4427 3512 4497 gloria
3541 4446 3554 4482 :
3585 4429 3812 4498 ideoque

2228 4518 2412 4572 vitium
2445 4517 2594 4581 illud,
2621 4532 2727 4570 non
2751 4517 2942 4586 gloria,
2973 4516 3068 4571 sed
3095 4533 3180 4572 res
3204 4518 3371 4587 gloria
3400 4533 3565 4573 vacua
3593 4519 3807 4585 dicitur;

2229 4623 2527 4678 vanamque
2551 4607 2772 4678 gloriam
2808 4618 3015 4664 veteres
3061 4625 3250 4665 omnes
3289 4611 3340 4664 id
3378 4609 3500 4678 jure
3532 4622 3808 4666 vocarunt.

2231 4697 2406 4753 Vacua
2436 4713 2661 4768 namque
2690 4706 2792 4766 est,
2820 4699 2950 4754 nihil
2976 4701 3116 4754 intus
3137 4699 3339 4755 habens
3362 4701 3700 4770 splendidum
3732 4701 3810 4755 vel

2229 4789 2537 4861 gloriosum.
2556 4787 2660 4844 Sed
2684 4789 3126 4860 quemadmodum
3151 4791 3312 4845 larva:
3332 4791 3578 4846 videntur
3599 4790 3812 4859 quidem

2229 4882 2438 4937 decorae
2458 4892 2515 4938 et
2542 4883 2817 4946 amabiles,
2840 4881 2934 4936 sed
2965 4897 3143 4936 vacua:
3173 4883 3312 4937 intus
3341 4888 3468 4936 sunt
3497 4900 3508 4934 :
3539 4882 3662 4938 ideo
3689 4883 3812 4937 licet

2231 4973 2574 5028 formosiores
2618 4973 2724 5026 sint
2768 4974 2979 5027 cmteris
3015 4973 3350 5042 corporibus,
3391 4975 3661 5027 nemiuem
3689 4987 3811 5026 um-

2229 5081 2387 5136 quam
2414 5067 2480 5120 ad
2509 5067 2589 5121 sui
2611 5081 2845 5120 amorem
2877 5067 3206 5130 allexerunt;
3237 5067 3313 5120 sic
3344 5067 3430 5120 illa
3456 5065 3592 5134 apud
3624 5063 3808 5136 vulgus

2229 5157 2432 5225 gloria;
2467 5157 2576 5213 imo
2602 5157 2757 5228 longe
2783 5158 3156 5222 miserabilius,
3188 5157 3326 5210 hunc
3356 5157 3596 5210 morbum
3623 5164 3810 5209 curam

2229 5248 2498 5306 difficilem
2524 5259 2577 5304 et
2623 5250 2954 5320 tyrannicum
2986 5249 3140 5302 nobis
3167 5247 3431 5302 clformat.
3452 5245 3810 5314 Conspectum

2231 5345 2427 5416 quippe
2448 5345 2621 5397 solum
2655 5340 2989 5408 splendidum
3020 5338 3204 5402 habet;
3236 5337 3488 5391 interiora
3523 5350 3673 5400 vero,
3705 5349 3809 5388 non

2228 5452 2392 5490 vacua
2423 5433 2600 5495 modo,
2634 5430 2728 5484 sed
2754 5431 2912 5483 etiam
2943 5428 3205 5483 dedecore
3231 5435 3284 5480 et
3309 5425 3508 5480 crudeli
3533 5423 3812 5493 tyrannide

2229 5529 2382 5597 plena
2413 5531 2552 5576 sunt.
2586 5519 2738 5575 Unde
2766 5533 2894 5588 ergo
2921 5522 3172 5583 nascitur,
3205 5516 3433 5586 inquies,
3465 5514 3682 5583 morbus
3704 5522 3810 5567 tam

2227 5618 2490 5675 absurdus
2511 5656 2526 5682 ,
2571 5613 2817 5684 nullaque
2859 5611 3094 5665 afficiens
3138 5607 3452 5679 voluptate?
3485 5603 3673 5660 Unde?
3694 5602 3811 5657 Non

2232 5708 2445 5766 aliunde
2469 5721 2625 5776 quam
2651 5720 2680 5758 a
2703 5703 2789 5758 vili
2812 5711 2866 5757 et
2888 5700 3096 5770 abiecto
3119 5698 3318 5753 animo.
3337 5695 3452 5751 Non
3475 5702 3650 5763 potest
3667 5693 3812 5746 enim
