4370 6306
454 225 523 281 45
1232 217 1291 274 S.
1328 217 1614 277 JOANNIS
1652 220 2140 280 CIIIWSOSTOMI
2179 224 2499 285 ARCHIEP.
2541 225 3096 284 CONST.\.\TL\'0P.

447 338 545 402 ξαν
592 335 864 408 θηρεύειν,
899 326 973 389 ὧν
1006 334 1105 388 οὐκ
1144 333 1209 388 ἂν
1253 334 1394 389 ἕλοιο
1439 335 1693 403 γενέσθαι
1740 340 2120 410 παραπλήσιός

449 441 578 478 ποτε
599 441 613 488 ;

520 520 594 579 ς’.
631 514 694 567 Εἰ
736 512 791 567 δὲ
822 512 1017 582 λέγοις,
1064 512 1146 564 ὅτι
1181 509 1366 564 πολλοὶ
1401 511 1495 564 καὶ
1549 513 1942 584 συνεστηκότες
1975 512 2123 576 τινές

450 604 576 665 εἰσι,
610 601 698 655 διὰ
735 601 891 654 τοῦτο
927 599 1161 671 μάλιστα
1202 599 1382 653 αὐτῶν
1430 602 1793 671 καταφρονεῖν
1840 602 2027 672 ἐχρῆν.
2059 600 2123 653 Εἰ

449 689 558 760 γὰρ
584 688 702 742 καθ’
723 689 946 751 ἑαυτοὺς
973 687 1127 750 ὄντες
1158 688 1298 740 εἰσὶν
1328 687 1816 759 εὐκαταφρόνητοι,
1843 689 1969 742 ὅταν
2004 687 2123 762 [25]

450 775 632 829 πολλοὶ
672 776 956 844 γένωνται,
1008 773 1271 844 μειζόνως
1313 773 1471 826 τοῦτο
1512 774 1873 846 συμϐήσεται.
1909 776 1972 829 Ἡ
2017 775 2127 846 γὰρ

448 862 557 915 τῶν
585 861 704 915 καθ’
730 862 960 914 ἕκαστον
986 861 1165 925 ἄνοια,
1200 860 1566 929 συλλεγέντων
1593 861 1752 933 ὁμοῦ.
1787 859 1989 932 μείζων
2024 862 2128 915 ὑπὲ

449 948 541 1002 τοῦ
575 947 809 1018 πλήθους
840 947 1136 1018 αὐξηθεῖσα
1176 949 1405 1018 γίνεται.
1431 949 1522 1001 Διὸ
1553 949 1648 1001 καὶ
1690 947 1812 1002 καθ’
1839 950 1934 1002 ἕνα
1956 961 1982 989 ι
2027 949 2128 1020 μὲν

451 1035 631 1090 αὐτῶν
673 1037 722 1087 εἰ
758 1035 932 1099 λάϐοι,
976 1035 1104 1088 ποτὲ
1143 1035 1208 1089 άν
1241 1053 1325 1099 τις
1363 1037 1457 1089 καὶ
1488 1034 1860 1106 διορθώσειεν·
1898 1035 2035 1106 όμοῦ
2071 1035 2128 1089 δὲ

452 1124 630 1186 δντας,
664 1124 762 1177 οὐκ
798 1123 864 1176 ἂν
899 1123 1148 1195 δυνηθείη
1181 1124 1401 1195 ῥᾳδίως,
1444 1124 1530 1177 διὰ
1561 1124 1621 1177 το
1661 1123 1758 1194 τὴν
1792 1123 1976 1178 ἄνοιαν
2006 1126 2129 1177 ἐπι-

452 1210 743 1273 τείνεσθαι,
776 1212 870 1263 καὶ
895 1211 1050 1280 δίκην
1082 1211 1416 1283 θρεμμάτων
1448 1211 1697 1279 ἄγεσθαι,
1727 1211 1822 1266 καὶ
1854 1211 2129 1281 πανταχοῦ

454 1300 576 1363 ταῖς
611 1298 738 1369 παρ’
779 1298 1025 1369 ἀλλήλων
1068 1298 1298 1353 ἐπεσθαι
1341 1297 1541 1363 δόξαις.
1593 1297 1809 1369 Ταύτης
1843 1294 1957 1361 οῦν,
2010 1298 2131 1351 εἰπέ

461 1403 585 1458 μοι,
629 1390 728 1458 τῆς
749 1388 897 1459 παρά
935 1387 1045 1441 τῶν
1077 1387 1285 1441 πολλῶν
1342 1387 1757 1458 ἀντιποιήσεσθε
1793 1388 1984 1457 δόξηςς
2017 1388 2130 1459 Μὴ,

457 1475 652 1544 δέομαι
694 1476 787 1529 καὶ
825 1475 1109 1530 ἀντιϐολῶ.
1142 1474 1310 1530 Τοῦτο
1344 1476 1454 1548 γάρ
1497 1478 1674 1530 πάντα
1703 1475 1816 1530 ἀνω
1845 1477 1939 1529 καὶ
1982 1477 2134 1530 κάτω

459 1561 754 1633 πεποίηκε·
780 1563 938 1616 τοῦτο
969 1563 1282 1628 πλεονεξίαν
1324 1563 1500 1625 ἐτεκε,
1534 1563 1852 1632 βασκανίαν,
1897 1579 2134 1634 κατηγο-

461 1650 605 1722 ρίαν,
645 1650 972 1714 ἐπιϐουλάς·
1017 1649 1176 1705 τοῦτο
1220 1651 1347 1714 τοὺς
1390 1651 1543 1705 οὐδὲν
1588 1651 1952 1722 ἠδικημένους
1996 1649 2138 1704 κατά

460 1740 570 1792 τῶν
600 1739 750 1793 οὐδὲν
790 1740 1126 1811 ἠδικηκότων
1174 1740 1383 1804 ὁπλίζει
1425 1740 1521 1793 καὶ
1563 1738 1830 1811 ἐκθηριοί.
1872 1741 1983 1794 Καὶ
2012 1738 2137 1793 οῦτε

463 1825 646 1895 φιλίαν
677 1822 819 1879 οἶδεν
861 1830 888 1880 ὁ
921 1826 1096 1897 τούτῳ
1124 1825 1202 1897 τῷ
1228 1827 1496 1896 νοσήματι
1527 1825 1862 1897 περιπεσὼν,
1907 1826 1967 1878 ού
2011 1842 2138 1878 συν-

461 1913 653 1984 ηθείας
696 1913 996 1984 μέμνηται,
1049 1914 1150 1966 οὐκ
1189 1913 1455 1967 αἰδεῖσθαι
1508 1914 1698 1968 οὐδένα
1736 1913 1874 1976 ὅλως
1915 1913 2140 1968 ἐπίστα-

462 2017 586 2054 ται·
618 2001 752 2054 ἀλλὰ
794 2002 969 2054 πάντα
997 2001 1107 2054 ἀπ’)
1149 2002 1249 2072 τῆς
1281 2002 1461 2073 ψυχῆς
1499 2001 1663 2074 ῥίψας
1701 2002 1767 2056 τὰ
1811 2002 1971 2067 καλὰ,
2006 2002 2140 2073 πρὸς

463 2089 673 2153 πάντας
706 2090 1177 2160 ὲκπεπολέμωται,
1221 2089 1472 2155 ἀστατος,
1516 2090 1781 2161 ἀστοργος
1808 2089 1904 2143 ῶν.
1936 2090 2046 2143 Καὶ
2081 2090 2141 2143 τὸ

463 2177 565 2246 μὲν
600 2176 698 2245 τῆς
728 2176 897 2247 ὀργῆς
939 2175 1109 2239 πάθος
1131 2216 1145 2235 ,
1181 2178 1231 2229 εἰ
1277 2178 1370 2229 καὶ
1408 2176 1541 2230 αὐτὸ
1570 2177 1892 2242 τυραννικόν
1927 2176 1980 2229 τί
2024 2177 2141 2230 ἐστι

465 2264 561 2316 καὶ
592 2263 882 2335 ἀφόρητον,
911 2263 1024 2316 ἀλλ’
1046 2265 1148 2317 οὐκ
1173 2264 1261 2318 ἀεὶ
1295 2264 1583 2335 διενοχλεῖν
1615 2263 1826 2330 εἴωθεν,
1870 2263 1984 2317 ἀλλ’
2014 2265 2143 2317 ὃταν

466 2348 567 2421 ἔχῃ
623 2350 750 2413 τοὺς
794 2349 1194 2421 παροξύνοντας
1247 2351 1436 2422 μόνον·
1480 2351 1541 2404 τὺ
1584 2350 1642 2405 δέ
1690 2351 1792 2419 τῆς
1843 2350 2143 2415 κενοδοξίας

466 2437 772 2503 διαπαντὸς,
804 2438 899 2493 καὶ
931 2440 1031 2493 οὐκ
1076 2439 1191 2493 ἐστι
1227 2439 1438 2512 καιρὸς,
1484 2439 1562 2504 ὡς
1592 2441 1788 2504 εἰπεῖν,
1821 2441 1882 2493 ἐν
1910 2431 1956 2507 ᾧ
1986 2438 2143 2509 λῆξαι

465 2525 768 2597 δυνήσεται,
804 2527 879 2597 μὴ
909 2526 1173 2598 λογισμοῦ
1200 2526 1501 2592 κωλύοντος
1528 2527 1698 2599 αὐτὴν
1732 2529 1827 2583 καὶ
1857 2526 2146 2580 καταστέλ-

306 2610 669 2677 -κλοντοςκ
697 2613 813 2667 ἀλλ’
837 2616 925 2668 ἀεὶ
961 2614 1244 2686 πάρεστιν,
1272 2615 1333 2670 οὐ
1371 2615 1533 2687 μόνον
1561 2614 1932 2670 ἀναπείθουσα
1962 2616 2145 2687 ἀμαρο

467 2701 670 2765 τάνειν,
716 2700 851 2755 ἀλλά
897 2701 1000 2754 κᾶν
1029 2701 1282 2773 τύχωμέν
1311 2720 1363 2756 τι
1406 2700 1825 2773 κατορθοῦντες,
1860 2703 1955 2757 καὶ
1987 2701 2146 2755 τοῦτο

469 2787 872 2860 ἁφαρπάζουσα
916 2787 1026 2842 τῶν
1063 2789 1283 2861 χειρῶν,
1327 2788 1444 2843 ἐστι
1481 2789 1539 2842 δὲ
1585 2790 1674 2843 ὅτε
1715 2789 1837 2843 οὐδὲ
1874 2790 2146 2857 ἀφιεῖσαι

469 2876 570 2947 τὴν
599 2876 773 2946 ἀρχὴν
808 2875 1170 2948 κατορθῶσαι.
1200 2877 1263 2930 ΕΞ
1306 2877 1363 2930 δὲ
1393 2876 1491 2948 τὴν
1531 2876 1843 2943 πλεονεξίαν
1869 2879 1897 2931 6
1935 2877 2146 2941 Παῦλος

471 2961 912 3035 εἰδωλολατρείαν
938 2963 1118 3017 καλεῖ·
1149 2964 1247 3034 τὴν
1275 2952 1491 3036 ταύτης
1514 2964 1727 3036 μητέρα
1750 2964 1843 3018 καὶ
1873 2962 2029 3036 ῥίζαν
2056 2966 2150 3019 καὶ

474 3053 678 3124 πηγὴν,
709 3052 807 3123 τὴν
834 3051 1139 3119 κενοδοξίαν
1168 3052 1332 3121 λέγω,
1364 3053 1416 3105 τί
1454 3054 1661 3108 δίκαιον
1692 3052 1984 3124 όνομάσαι;
2015 3052 2150 3106 Οὐδὲ

474 3139 584 3210 γὰρ
611 3139 980 3210 προσηγορίαν
1006 3140 1104 3210 τῆς
1136 3138 1339 3201 κακίας
1366 3138 1523 3205 ἀξίαν
1555 3137 1703 3192 ἔστιν
1732 3138 1933 3210 εὑρεῖν.

3841 228 3918 283 45

2226 340 2289 394 τὸ
2315 341 2394 413 τῷ
2426 343 2546 414 Θεῷ
2578 343 2769 398 δοκοῦν
2804 342 3021 398 ἅπαντα
3051 345 3144 398 καὶ
3177 344 3354 414 λέγειν
3388 345 3482 400 καὶ
3528 346 3722 398 ποιεῖν.
3754 342 3919 397 Οῦτω

2228 428 2338 500 γὰρ
2382 428 2725 501 δυνησόμεθα
2755 432 2850 484 καὶ
2885 429 3074 502 μισθὸν
3108 431 3294 485 λαϐεῖν
3342 432 3495 503 παρά
3540 430 3634 485 τοῦ
3665 431 3733 484 τὰ
3776 430 3918 502 ὴμέ-

2226 532 2360 587 τερα
2377 515 2611 586 ὁρῶντος
2632 517 2894 590 ἀκριϐῶς,
2915 519 3041 572 ὅταν
3062 519 3207 589 αὐτῷ
3233 520 3379 590 μόνῳ
3398 519 3698 592 ἀρκώμεθα
3722 518 3915 590 θεατῇ.

2230 603 2295 655 Τί
2330 604 2438 673 γάρ
2469 605 2602 675 ἡμῖν
2641 606 2733 658 καὶ
2763 605 2966 677 ἐτέρων
3001 606 3297 677 ὀφθαλμῶν
3323 606 3424 672 δεῖ,
3450 606 3545 660 τοῦ
3577 608 3741 677 τιμᾷν
3778 606 3920 677 μέλ-

2230 689 2410 754 λοντος
2428 690 2455 729 ά
2486 693 2632 762 ἡμᾶς
2657 692 2891 763 ὁρῶντος
2922 693 3008 747 ἀεὶ
3030 693 3100 747 τά
3124 694 3387 765 γινόμενα
3415 695 3546 765 παρ’
3571 695 3758 765 ήμῶνς
3791 692 3922 757 Πῶς

2231 777 2287 831 δὲ
2326 778 2428 832 οὐκ
2459 778 2684 845 ἄτοπον,
2714 779 2806 833 τὸν
2838 780 2939 851 μὲν
2972 781 3190 851 οἰκέτην
3220 782 3398 836 πάντα
3429 782 3638 852 ὅσαπερ
3663 781 3728 834 ἂν
3762 784 3918 851 ποιῇ,

2232 865 2311 926 εἰς
2359 864 2654 936 ἀρέσκειαν
2701 866 2794 919 τοῦ
2843 867 3104 921 δεσπότου
3155 870 3350 936 ποιεῖν,
3398 869 3493 923 καὶ
3545 869 3712 938 μηδὲν
3747 868 3918 922 πλέον

2233 949 2511 1020 ἐπιζητεῖν
2537 953 2636 1022 τῆς
2675 951 2907 1026 θεωρίας
2935 954 3034 1025 τῆς
3065 953 3275 1019 τούτου,
3307 955 3442 1027 μηδὲ
3474 952 3691 1025 ἐτέρους
3713 953 3920 1024 ὀφθαλ-

2239 1037 2371 1107 μοὺς
2404 1038 2726 1107 ἐφέλκεσθαι
2755 1040 2892 1111 πρὸς
2918 1043 3015 1112 τὴν
3048 1043 3268 1112 πρᾶξιν,
3300 1043 3406 1096 κᾶν
3439 1042 3663 1113 μεγάλοι
3691 1041 3742 1094 οἱ
3782 1040 3924 1094 θεω-

2237 1122 2457 1194 ροῦντες
2485 1119 2640 1194 ὦσιν,
2669 1127 2783 1181 ἀλλ’
2825 1127 2882 1181 ἓν
2927 1129 3088 1200 μόνον
3130 1133 3353 1183 σκοπεῖν
3399 1130 3547 1193 ὅπως
3585 1129 3614 1181 ὁ
3652 1129 3926 1200 δεσπότης

2237 1211 2538 1283 θεάσηται⁶
2579 1215 2727 1285 ἡμᾶς
2769 1215 2825 1268 δὲ
2874 1215 3114 1269 τοιοῦτον
3158 1216 3381 1288 ἔχοντας
3427 1216 3654 1288 Κύριον,
3699 1217 3926 1287 ἐτέρους

2238 1300 2516 1370 ἐπιζητεῖν
2563 1300 2760 1366 θεατὰς
2805 1304 2932 1367 τοὺς
2976 1303 3257 1375 ὠφελῆσαι
3294 1305 3391 1376 μὲν
3428 1304 3601 1368 οὐδὲν,
3637 1303 3835 1374 βλάψαι
3862 1303 3925 1357 δὲ

2237 1386 2304 1439 ὲκ
2351 1387 2451 1457 τῆς
2497 1386 2731 1461 θεωρίας
2777 1388 3137 1460 δυναμένους,
3183 1391 3279 1445 καὶ
3332 1391 3567 1445 κενῶσαι
3606 1391 3783 1445 πάντα
3828 1392 3927 1444 τὸν

2240 1473 2402 1527 πόνον
2429 1476 2594 1546 ἡμῖνς
2630 1477 2742 1549 Μὴ,
2776 1477 3079 1548 παρακαλῶ
3101 1494 3115 1509 ⁸
3148 1478 3264 1532 ἀλλ’
3289 1478 3413 1532 ὃθεν
3442 1477 3640 1549 ἔχομεν
3676 1479 3801 1542 τοὺς
3834 1496 3926 1549 μι-

2245 1562 2406 1626 σθοὺς
2443 1562 2648 1626 λαϐεῖν,
2673 1563 2787 1635 [⁸26]
2820 1564 3007 1618 τοῦτον
3039 1564 3294 1636 καλῶμεν
3320 1566 3615 1636 ἐπαινέτην
3637 1564 3745 1618 τῶν
3776 1581 3929 1633 γινο-

2241 1649 2440 1718 μένων,
2487 1650 2675 1704 τοῦτον
2728 1651 2945 1723 θεατήν.
2992 1652 3175 1721 Μηδὲν
3222 1654 3356 1723 ἡμῖν
3402 1654 3498 1708 καὶ
3552 1652 3927 1724 ἀνθρωπίνοις

2239 1736 2534 1807 ὀφθαλμοῖς
2575 1737 2734 1793 ἔστω.
2765 1740 2828 1793 Εἰ
2876 1739 2986 1810 γὰρ
3031 1741 3310 1811 ἐθέλοιμεν
3358 1741 3453 1794 καὶ
3497 1739 3702 1812 ταύτης
3733 1741 3929 1793 ἐπιτυ-

2240 1826 2356 1895 χείν
2405 1826 2506 1896 τῆς
2533 1823 2719 1895 δόξης,
2763 1826 2886 1880 τότε
2932 1827 3101 1898 αὐτῆς
3145 1827 3560 1899 ἐπιτευξόμεθα,
3608 1829 3739 1883 ὅταν
3767 1840 3790 1868 ε
3826 1828 3928 1899 τὴν

2243 1910 2391 1982 παρά
2416 1911 2510 1964 τοῦ
2542 1910 2677 1965 Θεοῦ
2715 1912 2968 1984 ζητῶμεν
3012 1915 3202 1986 μόνην.
3236 1915 3384 1981 Τοὺς
3425 1913 3537 1984 γὰρ
3566 1914 3930 1980 δοξάζω-τάς

2236 2015 2313 2069 με
2345 1997 2605 2066 δοξάσω,
2638 2000 2790 2069 φησί.
2826 2001 2935 2054 Καὶ
2962 1999 3151 2072 ὥσπερ
3194 2003 3496 2073 χρημάτων
3530 2003 3651 2056 τότε
3689 2002 3928 2074 μάλιστα

2242 2085 2605 2157 εὐποροῦμεν,
2648 2088 2777 2140 ὃταν
2807 2087 3236 2160 καταφρονῶμεν
3280 2087 3480 2155 αὐτῶν,
3513 2089 3612 2142 καὶ
3645 2089 3737 2142 τὸν
3776 2089 3930 2158 πσρά

2243 2171 2337 2226 τοῦ
2375 2172 2509 2225 Θεοῦ
2554 2173 2809 2245 ζητῶμεν
2854 2173 3082 2228 πλοῦτον
3115 2175 3276 2246 μόνον
3318 2175 3580 2247 (Ζητεῗτε
3607 2175 3737 2248 γὰρ,
3767 2176 3926 2247 φησὶ,

2244 2260 2360 2330 τὴν
2394 2263 2725 2326 ,ϐασιλείαν
2753 2263 2860 2318 τοῦ
2892 2264 3060 2330 Θεοῦ,
3095 2264 3192 2318 καὶ
3232 2264 3420 2319 ταῦτα
3453 2264 3651 2319 πάντα
3677 2280 3932 2333 προστε-

2246 2349 2493 2415 θήσεται
2524 2349 2717 2421 ὑμῖν)·
2747 2349 2890 2404 οὕτω
2918 2351 3014 2404 καὶ
3048 2352 3141 2405 ἐπὶ
3167 2352 3267 2423 τῆς
3296 2352 3483 2424 δόξης,
3512 2353 3640 2406 ὅταν
3665 2353 3797 2423 ἡμῖν
3827 2352 3934 2406 λοιο

2245 2436 2346 2491 πὸν
2386 2437 2669 2501 ἀκίνδυνος
2697 2439 2732 2509 ή
2759 2437 2906 2502 δόσις
2995 2438 3015 2478 τ
3061 2439 3155 2492 καὶ
3186 2440 3222 2510 ἡ
3266 2438 3374 2492 τῶν
3421 2439 3719 2511 χρημάτων
3760 2438 3857 2493 καὶ
3898 2440 3932 2510 ἠ

2244 2525 2344 2597 τῆς
2377 2524 2564 2597 δόξης,
2599 2527 2723 2581 τότε
2771 2527 2942 2599 αὐτὴν
2986 2526 3460 2596 ἐπιδαψιλεύσεται
3489 2529 3518 2580 6
3561 2526 3715 2590 Θεός.
3752 2524 3934 2579 ’Δκίν-

2243 2602 2397 2677 δυνος
2434 2614 2493 2668 δὲ
2523 2615 2645 2669 τότε
2677 2615 2845 2682 ἐστὶν,
2872 2617 3000 2669 ὅταν
3029 2614 3184 2687 ἡμῶν
3231 2615 3305 2686 μὴ
3339 2617 3549 2686 κρατῇ,
3595 2614 3731 2686 μηδὲ
3771 2630 3933 2681 περι-

2247 2699 2496 2767 γίνηται,
2539 2699 2673 2771 μηδὲ
2702 2700 2778 2762 ὡς
2821 2700 3026 2765 δούλοις
3078 2700 3217 2772 αὐτὴ
3260 2701 3555 2773 ἐπιτάττῃ,
3591 2698 3706 2752 ἀλλ’
3730 2699 3808 2761 ὼς
3842 2698 3932 2752 δε-

2250 2786 2476 2851 σπόταις
2506 2789 2601 2841 καὶ¹
2633 2788 2707 2853 ὡς
2736 2789 3041 2861 ἐλευθέροις
3080 2789 3470 2861 παραγίνηται.
3502 2788 3600 2841 Διά
3631 2787 3740 2858 γὰρ
3775 2785 3934 2839 τοῦτο

2251 2872 2371 2925 οὐδὲ
2425 2872 2671 2943 βούλεται
2718 2876 2901 2929 αὐτῶν
2947 2877 3092 2948 ἡμᾶς
3143 2878 3296 2949 ἐρᾷν,
3342 2875 3428 2929 ἵνα
3470 2875 3544 2946 μὴ
3599 2872 3935 2945 κρατῶμεθα

2252 2960 2382 3031 παρ’
2428 2961 2625 3014 αὐτῶν.
2676 2961 2795 3015 Κᾶν
2833 2962 2989 3016 τοῦτο
3039 2961 3494 3033 κατορθώσωμεν,
3550 2961 3766 3015 δίδωσιν
3802 2961 3934 3030 ἡμῖν

2252 3046 2391 3100 αύτά
2432 3047 2570 3118 μετά
2612 3048 2812 3119 πολλῆς
2850 3049 2948 3120 τῆς
2979 3050 3277 3119 δαψιλείας.
3308 3050 3372 3102 Τί
3403 3050 3511 3119 γὰρ
3550 3047 3765 3101 Παύλου
3798 3046 3937 3116 λαμ-

2253 3133 2541 3205 πρότερον,
2573 3135 2695 3189 εἰπέ
2732 3152 2844 3208 μοι,
2873 3135 2967 3190 τοῦ
3000 3136 3283 3206 λέγοντος·
3327 3139 3408 3190 Οὐ
3452 3134 3740 3204 ζητοῦμεν
3775 3133 3937 3201 παρὰ

560 3206 948 3297 ιΑνᾷνήῴὼμν
976 3206 1174 3289 τοίων,
1204 3226 1498 3297 ἀγαπητοὶ,
1527 3224 1622 3281 καὶ
1661 3225 1721 3280 τδ
1752 3206 1988 3298 “gynpr
2018 3226 2153 3280 ἀπο.
2224 3219 2579 3291 κάνθρώπων
2621 3206 2829 3291 δόξαν,
2856 3224 2996 3278 οὔτε
3027 3225 3129 3294 ἀφ’
3160 3221 3349 3294 ὑμῶν,
3387 3224 3525 3279 οὔτε
3554 3222 3655 3279 ἀπ’
3693 3206 3951 3287 (illum.

477 3312 765 3384 δυσώμεθα
797 3312 956 3365 τοῦτο
1003 3312 1240 3383 ἱμάτιον,
1285 3314 1379 3366 καὶ
1415 3313 1798 3385 διαρῤήξωμεν
1836 3314 1926 3367 καὶ
1954 3306 2306 3367 ἀποτέκτί
2337 3307 2392 3361 δὲ
2424 3306 2799 3381 εὐπορώτερον
2843 3311 2934 3363 τοῦ
2976 3311 3140 3382 μηδὲν
3188 3310 3421 3382 ἔχοντος,
3449 3311 3543 3364 καὶ
3583 3308 3764 3363 πάντα
3806 3325 3938 3364 κατ’

482 3419 674 3474 μωμεν
698 3409 745 3468 “,
768 3401 863 3455 καὶ
902 3400 1188 3471 γενώμεθά
1220 3417 1349 3454 ποτε
1390 3401 1663 3471 ἐλεύθεροι
1703 3402 1801 3472 τὴν
1839 3400 2153 3472 ἐλευθερίαν

477 3491 578 3560 τὴν
596 3489 792 3561 ἀληθῆ,
814 3491 908 3544 καὶ
927 3489 1181 3560 λάϐωμεν
1200 3488 1451 3560 αἴσθησιν
1471 3489 1571 3560 τῆς
1592 3488 1867 3558 εὐγενείας
1886 3489 1987 3559 τῆς
2004 3491 2155 3561 παρά

479 3576 574 3629 τοῦ
619 3576 754 3630 Θεοῦ
795 3577 1085 3648 δεδομένης
1132 3578 1264 3648 ἡμῖν
1287 3593 1303 3609 ο
1353 3578 1857 3648 καταφρονήσωμεν
1901 3575 2003 3647 τῆς
2044 3579 2156 3632 τῶν

482 3663 691 3719 πολλῶν
735 3664 913 3736 δόξης.
941 3665 1108 3719 Οὐδὲν
1139 3665 1249 3736 γὰρ
1276 3664 1419 3718 οὕτω
1451 3664 1857 3732 καταγέλαστον
1898 3665 1996 3718 καὶ
2037 3666 2153 3721 άτι-

486 3768 607 3823 μον,
633 3751 708 3816 ὡς
737 3751 898 3805 τοῦτο
933 3752 996 3804 τὸ
1034 3751 1206 3816 πάθος
1227 3768 1240 3783 ·
1271 3752 1424 3806 οὐδὲν
1469 3751 1642 3815 οὓτως
1686 3751 1947 3823 αἰσχύνης
1988 3752 2158 3823 γέμον

482 3840 578 3894 καὶ
607 3838 807 3909 πολλῆς
841 3838 1075 3903 ἀδοξίας.
1109 3839 1221 3893 Καὶ
1266 3837 1425 3895 τοῦτο
1456 3838 1785 3910 πολλαχόθεν
1818 3839 1916 3895 ῖδοι
1948 3857 2033 3902 τις
2069 3839 2157 3902 ἀν,

482 3929 566 3987 ὅτι
596 3928 657 3985 τὺ
688 3929 787 4001 μέν
812 3927 969 4002 δόξης
999 3929 1152 4002 ἐρᾷν,
1183 3929 1388 3996 ἀδοξία,
1415 3929 1542 3996 δόξα
1566 3930 1623 3983 δὲ
1656 3929 1844 3992 ὅντως,
1870 3928 1929 3981 τὺ
1959 3928 2161 4000 ταύτης

485 4022 780 4093 ὑπερορᾷν,
812 4020 906 4075 καὶ
937 4020 1140 4093 μηδένα
1164 4020 1333 4091 αὐτῆς
1361 4017 1628 4073 ποιεῖσθαι
1657 4017 1834 4086 λόγον,
1862 4016 2000 4071 ἀλλά
2024 4017 2161 4088 πρὸς

549 4124 711 4233 ἓξὲξ.
750 4126 824 4174 διὸ
862 4125 945 4173 καὶ
972 4125 1070 4175 ενα.
1120 4124 1220 4174 Sed
1262 4125 1443 4174 melius
1483 4122 1602 4174 Mor.
1639 4130 1691 4173 el
1714 4135 1829 4173 mss.
1872 4134 2047 4172 omnes
2074 4123 2157 4171 καὶ

485 4203 586 4236 καψ
609 4203 689 4234 ενα
697 4221 707 4231 .

550 4247 577 4286 ιο
600 4247 697 4311 Αἰξί
719 4247 907 4311 ἀφεῖσα.

548 4312 573 4340 ο
598 4308 717 4358 Mor.
743 4308 1095 4373 ἆποτὲμνωμεν.

2256 3393 2500 3465 έχοντοςς
2532 3396 2703 3450 Ὅταν
2729 3397 2860 3468 γάρ,
2888 3398 3026 3467 ὅπερ
3071 3398 3226 3468 ἔφην,
3259 3399 3333 3469 μὴ
3362 3396 3691 3469 κρατιῦμεθα
3721 3397 3816 3450 ὑπ’
3840 3396 3938 3451 αύ-

2254 3482 2385 3547 τῶν,
2413 3484 2535 3537 τότε
2577 3485 2756 3537 αὐτῶν
2794 3487 3161 3556 κρατήσομεν,
3200 3485 3320 3538 τότε
3363 3484 3506 3538 αὐτὰ
3535 3482 3840 3555 ληψόμεθα.
3873 3483 3937 3536 Εἰ

2256 3573 2434 3627 τοίνυν
2463 3573 2841 3646 ἐπιθυμοῦμεν
2881 3576 3158 3645 ἐπιτυχεῖν
3198 3573 3376 3642 δόξης,
3421 3574 3712 3643 φεύγωμεν
3738 3572 3933 3638 δόξαν·

2257 3661 2398 3715 οὓτω
2430 3663 2537 3733 γάρ
2563 3662 2905 3733 δυνησόμεθα
2933 3662 3026 3715 τοῦ
3057 3660 3192 3715 θεοῦ
3222 3663 3349 3724 τοὺς
3390 3660 3589 3730 νόμους
3616 3659 3934 3721 ἀνύσαντες,

2258 3752 2442 3819 τυχεῖν
2481 3752 2578 3803 καὶ
2617 3751 2725 3804 τῶν
2758 3749 2992 3805 ἐνταῦθα
3040 3749 3136 3802 καὶ
3176 3748 3285 3802 τῶν
3329 3747 3752 3818 ἐπηγγελμένων
3797 3746 3939 3812 ἀγα-

2258 3834 2393 3899 θῶν,
2433 3838 2615 3910 χάριτι
2640 3842 2665 3879 ε
2694 3838 2790 3893 τοῦ
2814 3837 3073 3910 Χριστοῦ,
3118 3836 3236 3907 μεθ’
3279 3830 3338 3890 οῦ
3379 3834 3458 3905 τῷ
3497 3834 3673 3906 Πατρλ⁸
3712 3837 3746 3903 ἡ
3777 3832 3936 3897 δόξα,

2263 3925 2379 3994 ἃμα
2425 3924 2502 3996 τῷ
2530 3926 2668 3997 ἁγίῳ
2710 3925 2989 3997 Πνεύματι
3009 3964 3025 3989 ,
3058 3925 3140 3988 εἰς
3168 3924 3293 3987 τοὺς
3324 3922 3528 3985 αἰῶνας
3562 3920 3671 3975 τῶν
3703 3920 3935 3974 αἰώνων.

2276 4014 2333 4068 ’Δ
2342 4015 2463 4085 μήν.

2324 4117 2352 4157 (ι
2375 4117 2469 4167 Alii
2492 4118 2576 4167 τοῦ
2594 4124 2733 4184 τιμᾷν
2764 4119 2989 4173 θέλοντος.

2332 4192 2355 4219 θ
2379 4180 2475 4227 Alii
2493 4180 2590 4227 ὅτε.

2493 4196 2590 4229 οτε.

2335 4239 2355 4309 ί
2382 4238 2450 4309 ζμ
2471 4242 2681 4309 dqestjg
2700 4239 2989 4309 qujbuqdam
3022 4252 3136 4309 mss.
3244 4303 3258 4309 _
3311 4303 3335 4309 _
3389 4300 3401 4309 _
3570 4297 3593 4308 _
3699 4296 3712 4309 ,

2330 4304 2355 4342 ὅ
2382 4299 2500 4351 Hor.
2523 4299 2731 4364 ἀγαθῶν,
2749 4302 2815 4349 ὦν
2833 4302 3016 4363 γένοιτο
3038 4301 3214 4357 πάντας
3234 4303 3361 4363 ἡμᾶς
3380 4299 3637 4362 ἐπιτυχεῖν,
3653 4299 3828 4360 χάριτι,
3843 4299 3937 4344 elc.

3543 4422 3801 4438 ﬂ

2034 4505 2278 4558 υΜῐΛΙΑ
2316 4508 2387 4556 Δ’.

500 4628 598 4680 Ἐν
632 4624 787 4695 ἀρχῇ
839 4621 919 4696 ἦν
954 4625 988 4679 ό
1021 4625 1212 4694 Λόγος
1228 4622 1401 4748 ,Θκὲτί
1442 4625 1479 4676 ὁ
1506 4622 1702 4691 Λόγος
1747 4615 1829 4690 ἦν
1865 4618 2013 4689 πρὸς
2057 4619 2169 4674 τὸν

1293 4711 1323 4746 ε
1380 4711 1417 4746 ι.

1293 4711 1417 4746 εον.

559 4791 632 4840 α’.
671 4785 798 4845 Τοῖς
827 4781 953 4855 ἄρτι
997 4781 1105 4837 τῶν
1139 4781 1344 4835 παίδων
1376 4780 1755 4850 εἰσαγομένοις
1792 4779 1929 4851 πρὸς
1957 4778 2027 4833 τὰ
2062 4795 2166 4848 μα-

492 4872 713 4943 θήματα
751 4870 875 4925 οῦτε
917 4870 1087 4927 πολλὰ
1117 4869 1318 4939 ἐφεξῆς
1342 4880 1369 4909 ι
1405 4868 1745 4921 ἐπιτιθέασιν
1772 4867 1823 4920 οἰ
1860 4865 2168 4920 διδάσκαλοι

492 4960 563 5013 τὰ
597 4961 813 5031 φορτία,
839 4958 963 5013 οὔτε
994 4955 1228 5022 εἰσάπαξ
1268 4953 1424 5010 τοῦτο
1463 4953 1727 5017 ποιοῦσιν,
1754 4952 1889 5006 ἀλλὰ
1916 4953 2008 5007 καὶ
2038 4952 2168 5025 βρα-

493 5050 616 5120 χέα,
644 5048 738 5102 καὶ
765 5048 831 5102 τὰ
858 5046 998 5101 αὐτά
1022 5045 1282 5107 πολλάκις
1307 5042 1591 5113 ἐνηχοῦσιν
1614 5042 1816 5104 αὐτοῖς,
1835 5039 1975 5095 ὥστε
1992 5039 2170 5095 αὐτῶν

497 5136 695 5209 ῥᾳδίως
736 5135 1015 5207 ἐντεθῆναι
1057 5137 1123 5205 τῇ
1152 5131 1363 5202 διανοίᾳ
1388 5130 1456 5182 τά
1487 5129 1779 5198 λεγόμενα,
1811 5127 1948 5182 ἀλλά
1997 5128 2071 5199 μὴ
2107 5127 2172 5181 ἐκ

494 5226 795 5298 προοιμίων
818 5224 1251 5296 δυσχεράναντας
1273 5221 1470 5283 αὐτοὺς
1498 5219 1635 5289 πρὸς
1662 5216 1723 5271 τὸ
1753 5216 1954 5288 πλῆθος
1985 5217 2081 5271 καὶ
2112 5216 2173 5269 τὸ

492 5315 592 5385 τῆς
619 5315 840 5385 μνήμης
880 5311 1264 5373 δυσκάθεκτον,
1293 5305 1687 5378 ὁκνηροτέρους
1740 5303 1997 5374 γενέσθαι
2047 5305 2175 5375 περὶ

493 5402 595 5470 τὴν
626 5400 891 5470 συλλογὴν
927 5398 1036 5452 τῶν
1088 5398 1370 5456 δοθέντων,
1411 5394 1620 5466 νάρκης
1657 5392 1804 5456 τινὸς
1844 5392 2030 5454 αὐτοῖς
2068 5390 2180 5442 ἀιτέ

493 5490 594 5561 τῆς
635 5488 920 5552 δυσκολίας
960 5487 1335 5557 ἐγγινομένης.
1365 5483 1536 5539 Τοῦτο
1560 5482 1625 5553 δὴ
1670 5481 1766 5535 καὶ
1794 5479 1957 5543 αὐτὸς
2004 5492 2174 5561 κατα⁴

498 5560 761 5632 σκευάσαι
800 5574 1143 5647 βουλόμενος,
1173 5574 1267 5626 καὶ
1303 5573 1394 5625 τον
1424 5571 1584 5624 πόνον
1623 5570 1753 5640 ὑμῖν
1787 5567 2010 5637 ποιῆσαι
2045 5560 2173 5619 κοῦ-

497 5682 617 5737 φον,
650 5663 793 5719 κατά
836 5662 1032 5733 μικρὸν
1065 5658 1471 5729 ἀπολαμϐάνων
1519 5658 1587 5711 τά
1631 5658 1689 5710 ἐν
1721 5659 1788 5727 τῇ
1842 5653 1964 5724 θείᾳ
2003 5651 2177 5723 ταύτῃ

500 5752 766 5826 τραπέζῃ,
801 5750 879 5813 εἰς
904 5750 1001 5813 τὰς
1029 5747 1298 5818 ὑμετέρας
1325 5742 1499 5807 οὕτως
1526 5744 1706 5814 ἐνίημι
1735 5740 1933 5813 ψυχάς.
1965 5737 2055 5793 Διὸ
2083 5738 2177 5792 καὶ

566 5873 587 5902 ⁸
623 5870 814 5938 Ἔφεξῆς
832 5871 975 5921 deest
996 5869 1043 5916 in
1064 5863 1351 5931 quibusdam
1379 5873 1495 5908 mss.

2265 4620 2373 4673 τῶν
2403 4618 2582 4673 αὐτῶν
2629 4617 2836 4689 ἅψομαι
2869 4616 3031 4672 πάλιν
3068 4616 3349 4688 ῥημάτων,
3393 4616 3491 4688 οὐχ
3520 4616 3660 4671 ὥστε
3693 4616 3762 4670 τὰ
3807 4615 3945 4671 αύτά

2267 4706 2428 4761 πάλιν
2475 4707 2681 4771 εἰπεῖν,
2724 4705 2842 4760 ἀλλ’
2873 4705 3015 4759 ὥστε
3065 4704 3133 4757 τὰ
3176 4704 3432 4757 λείποντα
3484 4702 3801 4775 προσθεῖναι
3845 4703 3943 4772 μό·

2266 4813 2375 4850 νον.
2398 4794 2534 4866 Φέρε
2557 4789 2671 4856 οῦν,
2717 4792 2809 4846 τὸν
2843 4791 3001 4861 λόγον
3029 4791 3122 4844 ἐπὶ
3152 4791 3220 4844 τὰ
3247 4791 3511 4861 προοίμια
3541 4789 3701 4845 πάλιν
3727 4790 3947 4859 ἀγάγω-

2271 4900 2391 4955 μεν.
2448 4884 2544 4935 Ἐν
2572 4879 2729 4950 ἀρχῇ
2749 4879 2828 4948 ἦν
2848 4883 2881 4933 ό
2901 4879 3113 4948 Λόγος,
3146 4878 3245 4930 καὶ
3284 4880 3317 4932 ό
3347 4878 3535 4946 Λόγος
3562 4874 3641 4948 ἦν
3671 4877 3820 4946 πρὸς
3839 4875 3947 4930 τὸν

2271 4973 2436 5027 Θεόν.
2463 4970 2619 5032 Τίνος
2648 4970 2855 5029 ἐνεκεν,
2890 4966 3000 5021 τῶν
3045 4964 3221 5021 ἀλλων
3266 4963 3522 5018 ἁπάντων
3546 4962 3946 5031 εύαγγελιστῶν

2269 5059 2377 5114 ἀπὸ
2395 5058 2493 5129 τῆς
2509 5056 2821 5124 οἰκονομίας
2838 5052 3161 5125 ἀρξαμένων
3182 5053 3202 5123 (
3216 5052 3308 5106 καὶ
3323 5050 3432 5122 γὰρ
3447 5053 3475 5104 6
3495 5049 3769 5112 Ματθαῖός
3789 5066 3943 5119 φησι,

2272 5146 2488 5212 Βίϐλος
2513 5144 2802 5214 γενέσεως
2859 5141 3063 5208 Ἰησοῦ
3097 5137 3358 5208 Χριστοῦ
3398 5137 3531 5192 υιοῦ
3573 5135 3691 5209 [27]
3731 5134 3910 5190 Δαυτδ
3931 5151 3944 5166 ·

2273 5234 2366 5289 καί
2396 5234 2425 5286 6
2457 5232 2669 5294 Λουκᾶς
2688 5230 2756 5284 τά
2782 5227 2924 5283 κατὰ
2950 5229 3047 5298 τὴν
3076 5225 3296 5298 Μαρίαν
3322 5227 3455 5297 ἡμῖν
3488 5226 3547 5276 ἐν
3576 5224 3720 5294 ἀρχῇ
3746 5222 3949 5292 διηγεῖ-

2270 5339 2361 5376 ται
2386 5336 2402 5350 '
2431 5320 2526 5375 καὶ
2580 5321 2610 5373 6
2656 5318 2875 5388 Μάρκος
2904 5316 2961 5370 δὲ
3002 5315 3205 5385 ὁμοίως
3234 5315 3345 5377 τοῖς
3389 5313 3573 5375 αὐτοῖς
3623 5308 3950 5382 ἐνδιατρίϐει

2269 5410 2471 5477 λόγοις,
2497 5407 2596 5478 τὴν
2621 5405 2764 5460 κατά
2792 5405 2883 5458 τὸν
2911 5402 3221 5474 Βαπτιστὴν
3243 5401 3482 5472 ἱστορίαν
3511 5398 3763 5452 ἐντεῦθεν
3790 5396 3951 5466 ὑφαί-

2273 5494 2439 5563 νων),
2472 5496 2503 5548 6
2537 5494 2789 5562 Ἰωάννης
2811 5491 2970 5546 τοῦτο
3008 5490 3106 5562 μὲν
3144 5490 3203 5543 ἐν
3228 5488 3420 5560 βραχεῖ
3464 5486 3560 5541 καὶ
3597 5485 3736 5556 μετά
3776 5483 3949 5537 ταῦτα

2274 5581 2492 5652 ᾐνίξατο
2516 5578 2704 5641 εἰπὼν,
2736 5579 2844 5632 Καὶ
2869 5581 2903 5632 ό
2926 5579 3115 5647 Λόγος
3134 5575 3290 5645 σὰρξ
3313 5574 3551 5645 ἐγένετο
3572 5588 3589 5604 ·
3627 5571 3695 5625 τὰ
3732 5571 3790 5624 δὲ
3814 5569 3951 5624 ἀλλα

2277 5668 2457 5722 πάντα
2506 5664 2903 5738 παραδραμὼν,
2957 5664 3055 5735 τὴν
3111 5661 3392 5732 σύλληψιν,
3460 5659 3552 5712 τὸν
3602 5656 3781 5719 τόκον,
3849 5655 3947 5726 τὴν

2276 5753 2609 5826 ἀνατροφὴν,
2636 5753 2732 5824 τὴν
2754 5750 3000 5820 αὔξησιν,
3042 5748 3242 5811 εὐθέως
3283 5747 3412 5816 περὶ
3434 5746 3532 5816 τῆς
3557 5741 3724 5796 ἀϊδίου
3749 5741 3946 5826 γεννή-

2282 5824 2569 5911 σεως-ημῖν
2596 5841 2893 5911 διηγεῖται;
2923 5836 2987 5888 Τί
3015 5834 3133 5888 ποτ’
3161 5826 3253 5885 οῦν
3280 5833 3394 5884 ἐστι
3427 5832 3485 5885 τὸ
3518 5828 3686 5884 αἴτιον
3711 5824 3947 5895 τούτων,
