4370 6306
291 408 356 463 ιδ
1035 454 1038 456 .
1361 404 1424 463 ΙΝ
1462 405 1770 464 JOANNEM
1810 400 2017 460 ιιοιιιι

1827 400 2035 459 illm“.
2085 405 2170 461 ιν.
2214 411 2286 464 al.
2329 404 2414 466 ΙΙΙ.
3487 417 3553 474 ιθ

294 523 337 575 is
360 522 446 589 qui
478 519 665 590 gloriae
695 535 876 576 amore
903 530 1088 591 captus
1113 527 1196 576 est
1215 562 1229 587 ,
1258 535 1506 592 magnum
1532 527 1622 574 aut
1648 530 1871 588 genero-

292 629 408 667 smn
434 613 706 682 quidpiam
737 613 890 669 facile
914 614 1184 683 cogitare;
1212 612 1306 667 sed
1329 626 1547 666 necesse
1574 618 1736 665 estut
1759 617 1871 663 tur-

295 705 392 774 pis,
425 703 565 767 vilis,
596 704 852 773 inglorius
880 715 932 757 et
961 704 1185 773 exiguus
1212 703 1301 756 sit.
1329 700 1432 768 Qui
1469 702 1610 754 enim
1638 713 1735 769 pro
1768 698 1872 751 vir-

294 803 405 848 tute
443 794 595 857 nihil,
634 794 728 848 sed
754 805 812 848 ut
854 793 1156 848 hominibtts
1199 793 1393 846 nullius
1432 791 1586 860 pretii
1635 790 1868 858 placeat,

294 885 472 937 omnia
500 882 645 947 facit,
676 885 872 953 quique
911 885 1119 938 illorum
1159 883 1479 938 sententiam
1506 895 1785 935 erroneam
1818 887 1872 932 et

293 976 536 1030 fallacem
567 976 736 1029 ubivis
765 977 1024 1045 sequitur,
1052 975 1323 1045 quomodo
1344 975 1508 1045 gloria
1539 973 1728 1043 dignus
1753 986 1872 1026 esse

293 1067 501 1135 possit?
528 1066 904 1122 Animadverte
930 1076 1127 1122 autem.
1154 1065 1210 1123 Si
1242 1068 1359 1138 quis
1381 1068 1525 1120 illum
1549 1067 1870 1134 interroget:

296 1157 437 1222 Quid
471 1167 523 1211 tn
552 1157 738 1227 vulgus
767 1172 888 1212 esse
911 1158 1228 1212 arbitraris?
1267 1159 1506 1227 ignavam
1539 1155 1676 1209 haud
1715 1154 1874 1210 dubie

295 1257 352 1304 et
380 1249 615 1304 desidem
643 1249 1031 1331 multitudinem
1053 1266 1172 1305 esse
1198 1251 1357 1304 dicet.
1391 1248 1527 1315 Quid
1555 1247 1716 1301 vero?
1747 1261 1872 1299 num

298 1340 408 1392 illis
447 1339 633 1393 similis
663 1353 780 1394 esse
810 1341 1111 1408 optaveris?
1158 1340 1212 1394 Si
1240 1339 1357 1407 quis
1385 1348 1558 1392 autem
1599 1336 1744 1390 illum
1773 1335 1872 1389 de-

296 1446 406 1484 nuo
447 1430 524 1483 sic
571 1439 928 1498 percontetur,
961 1445 1067 1484 non
1099 1440 1226 1498 puto
1253 1430 1423 1498 ipsum
1465 1443 1524 1480 se
1563 1427 1719 1480 talem
1756 1439 1875 1479 esse

295 1529 622 1586 optaturnm.
651 1518 928 1585 Quomodo
965 1519 1124 1588 igitur
1157 1534 1261 1572 non
1291 1519 1572 1571 admodum
1596 1516 1872 1570 ridiculum

297 1611 477 1676 fuerit,
510 1611 719 1664 illorum
739 1625 921 1664 auram
952 1610 1220 1680 aucupari,
1263 1609 1453 1679 quibus
1482 1624 1767 1677 numquam
1799 1607 1872 1661 si-

297 1701 439 1754 milis
476 1715 595 1754 esse
624 1699 790 1754 velis?

369 1792 403 1845 6
454 1792 548 1845 Sin
569 1793 765 1846 dixeris
787 1791 979 1845 nmltos
1000 1806 1118 1846 esse
1143 1800 1196 1845 et
1226 1792 1277 1844 in
1304 1805 1464 1843 unum
1489 1798 1723 1851 coactos,
1756 1788 1874 1840 ideo

299 1884 529 1935 maxime
557 1882 954 1935 contemnendi.
994 1881 1124 1934 Nam
1166 1881 1208 1933 si
1239 1880 1427 1949 singuli
1458 1888 1762 1945 contemptu
1787 1877 1871 1930 di-

299 1973 410 2042 gni,
467 1972 677 2039 plurimi
718 1972 887 2025 coacti
930 1972 1082 2040 longe
1121 1971 1288 2039 magis
1323 1967 1649 2037 despiciendi
1695 1975 1869 2021 erunt.

300 2062 578 2115 Multorum
606 2062 747 2114 enim
773 2061 1092 2131 insipientia,
1123 2061 1343 2113 collecta
1373 2058 1728 2119 tnu'titudine,
1755 2073 1869 2108 ma-

297 2154 381 2220 gis
410 2161 643 2220 augetur.
671 2150 1009 2220 Quapropter
1037 2151 1080 2203 si
1111 2150 1348 2218 singulos
1375 2149 1597 2202 seorsim
1626 2147 1742 2214 quis
1771 2145 1870 2198 du-

298 2243 434 2296 xerit
465 2244 505 2305 ',
528 2241 815 2296 emendare
861 2243 1084 2311 poterit;
1129 2241 1284 2294 simul
1325 2249 1538 2293 coactos
1564 2254 1666 2290 non
1699 2236 1868 2302 facile,

295 2348 363 2386 eo
389 2331 530 2400 quod
559 2331 858 2400 insipientia
903 2332 972 2385 sit
998 2332 1168 2399 major
1192 2374 1208 2394 ,
1235 2340 1288 2383 ct
1321 2330 1394 2384 illi
1426 2330 1590 2382 instar
1621 2341 1869 2395 pecorum

296 2433 540 2490 agantur,
561 2433 901 2492 mutuatnqne
923 2433 1211 2493 sequantur
1231 2422 1570 2477 sententiam.
1595 2420 1868 2484 'l'alemne,

293 2525 498 2579 qua'so,
549 2514 900 2567 multitudinis
929 2529 1110 2566 auram
1158 2511 1522 2566 sectahimini?
1567 2510 1662 2574 Ne,
1690 2525 1872 2580 qttaeso

291 2611 348 2652 et
374 2602 619 2655 obsecro.
651 2602 703 2654 Id
734 2603 876 2656 enim
904 2604 1080 2656 omnia
1121 2618 1210 2656 sus
1236 2603 1406 2670 deque
1432 2601 1627 2654 vertit:
1662 2600 1712 2654 id
1743 2617 1867 2653 ava-

292 2694 469 2745 ritiam
499 2695 722 2762 peperit,
755 2695 1026 2756 invidiam,
1063 2694 1478 2756 criminationes,
1512 2693 1730 2747 insidias
1761 2709 1774 2744 :
1804 2692 1869 2744 il-

294 2781 386 2834 lud
443 2797 536 2836 eos
584 2784 671 2847 qui
731 2784 926 2837 nullam
982 2783 1120 2851 passi
1171 2792 1296 2836 sunt
1345 2782 1590 2850 injuriam
1623 2821 1635 2841 ,
1689 2791 1868 2833 contra

289 2885 389 2925 eos
437 2873 528 2940 qui
578 2873 778 2926 nullam
831 2874 1119 2926 intulerunt
1155 2914 1168 2934 ,
1206 2881 1377 2925 armat
1426 2881 1481 2926 et
1526 2871 1728 2924 efferat.
1771 2871 1868 2936 Qui

294 2964 396 3017 lzoc
421 2964 624 3018 laborat
651 2965 855 3030 morbo,
889 2981 990 3018 non
1014 2951 1294 3018 amicitiam
1322 2965 1483 3028 novit,
1514 2978 1618 3016 non
1647 2977 1871 3017 consue-

293 3055 553 3121 tnd'nem,
584 3057 848 3109 neminem
877 3072 1094 3125 prorsus
1120 3068 1422 3122 reveretur;
1453 3057 1543 3110 sed
1573 3057 1729 3109 bonis
1753 3071 1869 3110 om-

291 3145 449 3199 nibus
476 3161 542 3199 ex
569 3147 746 3200 animo
773 3147 1015 3215 rejectis,
1057 3164 1176 3202 cum
1217 3148 1460 3201 omnibus
1495 3148 1688 3201 bellum
1711 3147 1866 3218 gerit,

293 3239 604 3291 inconstans
652 3247 706 3291 et
758 3239 1095 3292 inhumanus.
1139 3237 1234 3292 lrze
1277 3247 1422 3293 certe
1466 3239 1714 3303 morbus,
1769 3239 1868 3293 etsi

291 3328 604 3397 tyrannicus
630 3327 698 3382 sit
726 3337 780 3382 et
823 3329 1186 3390 intolerabilis,
1227 3343 1331 3383 non
1363 3343 1576 3398 semper
1604 3330 1869 3399 exagitare

289 3418 446 3474 solet.
480 3417 574 3472 sed
602 3433 720 3471 cum
748 3419 814 3470 ab
838 3419 1100 3487 aliquibus
1136 3419 1369 3472 irritatur
1399 3437 1412 3472 :
1438 3429 1491 3472 at
1517 3435 1665 3471 vana:
1691 3420 1870 3484 gloriae

289 3522 444 3564 antur
471 3521 688 3576 semper
717 3507 882 3577 viget,
909 3508 1113 3562 nullum
1141 3518 1368 3578 tempus,
1401 3517 1457 3561 ut
1485 3509 1552 3561 ita
1574 3508 1766 3572 dicam,
1791 3518 1873 3562 est

289 3618 398 3671 quo
417 3602 665 3657 desinere
685 3601 875 3672 possit,
898 3600 998 3656 nisi
1030 3600 1166 3655 ratio
1187 3599 1329 3654 illam
1359 3601 1606 3655 cohibeat
1631 3610 1684 3655 et
1721 3616 1870 3655 com-

293 3697 509 3764 primat,
538 3694 632 3750 sed
657 3710 871 3764 semper
897 3695 1081 3758 adest,
1112 3707 1219 3750 non
1260 3692 1420 3749 modo
1453 3691 1518 3748 ad
1552 3693 1873 3762 peccandum

291 3789 551 3854 incitans,
579 3787 672 3841 sed
700 3788 858 3841 etiam
883 3788 925 3840 si
949 3787 1070 3856 quid
1098 3797 1244 3841 recte
1271 3787 1553 3856 egerimus,
1577 3801 1607 3839 e
1629 3784 1874 3840 manibus

296 3877 612 3944 pneripiens
643 3893 657 3926 :
688 3875 972 3944 aliquando
1013 3891 1140 3929 vero
1171 3890 1272 3930 nOu
1313 3876 1437 3929 sinit
1465 3884 1608 3929 recte
1641 3876 1870 3943 operari.

291 3965 444 4031 Quod
473 3966 517 4019 si
547 3966 741 4018 Paulus
771 3964 978 4034 (Ephes.
1003 3965 1056 4020 5.
1085 3965 1142 4030 5)
1165 3965 1436 4018 avaritiam
1476 3963 1736 4018 idolorum
1757 3979 1872 4017 ser-

293 4057 517 4108 vitutem
544 4065 726 4116 vocet;
778 4054 894 4122 ejus
940 4063 1202 4119 matrem,
1248 4054 1482 4108 radicem
1527 4063 1580 4108 et
1637 4056 1870 4116 fontem,

293 4163 484 4200 vanam
533 4147 755 4216 gloriam
812 4146 1055 4212 scilicet,
1101 4161 1207 4214 quo
1252 4147 1465 4201 nomine
1518 4146 1876 4200 vocabimus?

294 4238 476 4306 Neque
497 4238 638 4290 enim
662 4235 789 4290 illud
820 4244 978 4289 tantm
1003 4237 1248 4304 nequitiae
1269 4235 1486 4305 dignum
1523 4236 1873 4288 inveniemus.

372 4327 586 4379 Muralis
631 4327 914 4380 exhortatio
964 4325 1032 4378 ad
1076 4341 1259 4378 vanam
1305 4327 1521 4394 gloriam
1559 4327 1873 4396 fugiendam.

301 4417 462 4470 Deum
505 4433 661 4469 unum
698 4427 1024 4484 spectatorem
1051 4415 1462 4484 laudatoremque
1489 4431 1708 4483 (μείω-ενι
1727 4432 1878 4483 opor-

300 4518 385 4560 tet.
407 4536 478 4546 -
500 4506 894 4574 Resipiscamus
931 4506 1108 4576 igitur,
1152 4505 1331 4559 dilecti
1357 4545 1372 4568 ,
1403 4514 1456 4558 et
1483 4505 1582 4557 hoc
1611 4506 1876 4573 pernicio-

299 4613 418 4652 sum
460 4613 719 4654 exuamns
763 4597 1136 4653 vestimentum
1170 4614 1182 4650 :
1227 4596 1397 4662 ipsum
1433 4594 1792 4649 discindamns
1827 4605 1881 4646 et

297 4691 650 4753 dissecemus,
684 4703 914 4757 veraque
953 4688 1197 4742 libertate
1228 4685 1440 4740 tandem
1487 4686 1638 4740 liberi
1675 4683 1878 4739 efficia-

350 4825 379 4894 ,ί
416 4823 588 4894 Savil.,
603 4821 760 4884 legit,
789 4827 1089 4884 quapropter
1124 4820 1166 4870 si
1190 4833 1336 4869 unum
1370 4820 1476 4882 quis
1521 4816 1832 4878 assumpserit
1861 4829 1877 4873 ;

295 4895 460 4932 IIIIDIIS
490 4893 648 4933 recte.

306 4991 674 5002 h—————.-

675 4993 1004 5000 m

407 5138 472 5192 In
494 5138 744 5208 principio
761 5147 869 5189 erat
894 5133 1128 5198 Verbum,
1166 5146 1211 5188 et
1249 5134 1460 5188 Verbum
1497 5145 1602 5187 erat
1630 5137 1766 5203 apud

995 5226 1177 5279 Deum.

366 5409 414 5461 l.
452 5403 699 5464 Νευροάο
727 5419 879 5470 quam
915 5404 968 5456 in
992 5401 1348 5455 commentario
1375 5417 1620 5461 usurpare
1641 5403 1876 5462 destinat,

304 5501 543 5566 aposita,
572 5495 959 5566 Chrysostomus
984 5495 1202 5564 explicat
1229 5509 1320 5547 cur
1358 5491 1676 5563 evangelista:
1703 5494 1794 5544 alii
1816 5497 1877 5545 ab

306 5589 642 5644 nuntiatione
660 5586 764 5638 orsi
789 5587 889 5639 sint
912 5626 926 5648 ,
958 5583 1183 5637 Joannes
1204 5599 1340 5648 vero,
1363 5599 1538 5645 secus;
1563 5582 1742 5635 deinde
1759 5585 1880 5650 quid

303 5681 363 5732 sit
395 5680 612 5734 Verbum
635 5679 862 5745 exponit.
889 5707 960 5717 —
986 5676 1220 5730 Traditis
1247 5675 1313 5729 ad
1352 5674 1659 5743 disciplinas
1679 5675 1876 5741 pueris,

305 5788 403 5826 non
441 5770 623 5840 gravia
667 5769 903 5838 magistri
946 5767 1121 5820 statim
1172 5767 1445 5834 imponunt
1473 5779 1667 5830 onera,
1707 5780 1875 5834 neque

657 5891 925 5947 PATnOL.
973 5888 1087 5943 Gn.
1144 5888 1300 5945 ΗΧ.

1980 531 2116 582 mur,
2149 526 2308 586 atque
2338 519 2392 574 in
2434 533 2649 575 sensum
2679 519 2833 576 nobis
2858 535 2888 575 a
2920 519 3032 577 Deo
3055 536 3326 579 concessae
3357 526 3521 581 nobili
3542 557 3555 567 ο

1977 607 2100 662 tatis
2128 609 2403 664 veniamus
2431 627 2446 664 :
2475 612 2831 667 multitudinis
2855 628 3038 668 auram
3064 615 3439 684 despiciamus.
3462 617 3526 671 Ni

1977 698 2050 752 hil
2078 698 2219 753 enim
2240 702 2408 771 magis
2444 700 2546 757 hoc
2582 705 2770 758 morbo
2801 706 3082 761 ridiculum
3115 717 3170 762 et
3197 707 3507 764 indecorum
3537 726 3552 762 :

1977 787 2111 843 nihil
2158 798 2301 843 tanta
2344 791 2670 858 turpitudine
2716 802 2771 847 et
2808 794 3021 849 infamia
3067 796 3301 862 plenum.
3339 796 3558 866 Hocque

1977 879 2156 932 multis
2181 893 2247 933 ex
2276 879 2568 934 rationibus
2596 882 2778 938 videre
2800 891 2883 937 est
2906 902 2918 937 :
2947 885 3085 953 quod
3117 902 3310 956 nempe
3334 887 3554 955 gloriam

1975 973 2386 1043 concupiscere,
2431 975 2750 1044 ignominia;
2791 976 2930 1029 illam
2971 985 3148 1031 autem
3191 978 3466 1047 despicere
3502 989 3559 1034 et

1978 1061 2111 1116 nihil
2133 1074 2398 1134 reputare,
2430 1082 2556 1122 vere
2584 1066 2752 1136 gloria
2780 1066 2880 1128 sit;
2909 1065 3001 1120 sed
3024 1066 3201 1122 omnia
3233 1069 3300 1122 ad
3333 1070 3423 1124 Dei
3447 1071 3559 1140 pla-

1977 1151 2141 1206 citum
2167 1163 2222 1208 et
2240 1155 2462 1211 dicenda
2495 1166 2551 1212 et
2579 1156 2782 1226 agenda
2810 1163 2952 1209 sunt.
2983 1156 3072 1212 Sic
3095 1158 3238 1212 enim
3265 1162 3558 1228 poterimus

1980 1244 2282 1300 mercedem
2311 1247 2554 1316 accipere
2582 1247 2650 1302 ab
2686 1261 2752 1301 eo
2778 1246 2864 1316 qui
2897 1256 3075 1300 nostra
3111 1257 3358 1302 accurate
3387 1250 3557 1318 respi-

1978 1334 2070 1398 cit,
2092 1336 2304 1404 quando
2330 1338 2422 1391 illo
2449 1339 2563 1392 solo
2589 1337 2827 1391 contenti
2853 1337 3054 1390 erimus
3080 1347 3399 1405 spectatore.
3421 1338 3557 1404 Quid

1979 1427 2122 1480 enim
2155 1427 2308 1482 nobis
2337 1429 2454 1482 aliis
2489 1428 2658 1481 oculis
2685 1442 2837 1497 opus,
2868 1442 2989 1482 cum
3022 1428 3066 1481 is
3093 1429 3181 1497 qui
3211 1428 3365 1483 nobis
3391 1429 3559 1483 hono-

1981 1531 2092 1570 rem
2117 1525 2172 1571 et
2199 1519 2472 1585 praemium
2505 1518 2788 1587 largiturus
2825 1526 2929 1583 est,
2957 1527 3104 1587 gesta
3138 1528 3316 1572 nostra
3346 1533 3559 1588 semper

1982 1605 2192 1661 videat?
2215 1607 2493 1674 Quomodo
2523 1623 2628 1662 non
2657 1608 2948 1663 absurdum
2985 1608 3074 1674 sit,
3107 1622 3315 1663 servum
3342 1609 3556 1679 quidem

1979 1697 2045 1751 ad
2084 1698 2198 1752 heri
2246 1698 2328 1753 sui
2371 1698 2619 1767 placitum
2669 1699 2846 1752 omnia
2886 1697 3098 1764 facere,
3145 1700 3379 1770 nihilque
3416 1701 3558 1754 aliud

1979 1803 2240 1856 quaerere,
2265 1804 2422 1857 quam
2467 1798 2524 1842 ut
2557 1790 2624 1842 ab
2669 1789 2783 1858 ipso
2822 1788 3082 1854 videatur,
3132 1804 3304 1858 neque
3333 1790 3466 1844 alios
3492 1793 3558 1843 ad

1978 1889 2127 1946 gesta
2155 1894 2248 1932 sua
2288 1879 2474 1934 oculos
2507 1881 2823 1948 exquirere,
2857 1879 3197 1946 quantumvis
3240 1879 3414 1947 magni
3452 1879 3561 1932 sint

1978 1971 2064 2023 alii
2087 1979 2432 2038 spectatores,
2466 1970 2559 2023 sed
2591 1983 2752 2023 unum
2781 1981 3000 2037 scopum
3033 1969 3232 2022 habere
3259 1977 3315 2021 ut
3335 1968 3402 2021 ab
3429 1969 3560 2023 hero

1979 2076 2077 2114 suo
2106 2061 2382 2125 videatur;
2432 2075 2530 2116 nos
2569 2069 2746 2115 autem
2775 2059 2931 2114 talem
2964 2059 3221 2114 habentes
3255 2060 3556 2123 Dominum,

1979 2151 2111 2205 alios
2133 2167 2374 2220 qua-rere
2420 2160 2769 2220 spectatores,
2807 2151 2897 2219 qui
2943 2165 3040 2204 nos
3080 2149 3208 2203 nihil
3231 2150 3436 2218 juvare,
3463 2151 3558 2206 sed

1977 2241 2284 2310 aspicienda
2305 2257 2496 2296 nocere
2513 2250 2754 2312 possunt,
2771 2248 3043 2308 totumque
3065 2239 3298 2294 laborent
3318 2253 3557 2296 nostrum

1981 2334 2150 2388 fructu
2177 2347 2397 2387 vacuum
2434 2332 2701 2386 reddere?
2730 2331 2826 2394 Ne,
2854 2345 3056 2399 quaeso,
3089 2329 3138 2383 id
3167 2344 3384 2399 agamus
3417 2348 3432 2384 :
3463 2331 3557 2385 sed

1976 2441 2007 2481 a
2052 2442 2157 2498 quo
2201 2426 2504 2481 mercedem
2550 2424 2816 2493 accepturi
2858 2438 3076 2487 sumus,
3124 2439 3246 2478 eum
3287 2432 3556 2492 gestorum

1979 2519 2305 2574 laudatorem
2350 2517 2672 2571 advocemus
2715 2526 2769 2569 et
2812 2524 3188 2584 spectatorem.
3236 2515 3373 2568 Nihil
3404 2515 3558 2569 nobis

1977 2625 2258 2664 commune
2288 2624 2406 2664 cum
2440 2608 2684 2662 humanis
2710 2607 2879 2661 oculis
2904 2606 2990 2658 sit.
3016 2606 3071 2659 Si
3100 2606 3240 2658 enim
3277 2604 3410 2659 hanc
3437 2607 3558 2674 glo-

1980 2701 2109 2754 riam
2137 2701 2345 2770 assequi
2374 2699 2714 2762 voluerimus,
2745 2712 2862 2750 eam
2885 2696 3123 2764 profecto
3143 2710 3552 2764 consequemur.

1977 2810 2095 2846 cum
2127 2794 2293 2847 solam
2326 2792 2414 2844 Dei
2447 2803 2749 2860 qurercmus
2775 2789 3018 2857 gloriam.
3044 2786 3179 2840 Nam
3209 2788 3554 2857 gloriﬁcantes

1977 2900 2054 2936 me
2080 2883 2369 2952 glori/icabo
2399 2883 2445 2949 (Ι
2509 2882 2641 2948 Reg.
2665 2879 2718 2932 ἓ.
2752 2880 2863 2948 50),
2892 2879 3076 2947 inquit.
3107 2878 3184 2932 Ac
3212 2878 3555 2947 quemadmo-

1975 2975 2100 3030 dum
2129 2984 2253 3028 tunc
2300 2975 2527 3028 maxime
2565 2973 2764 3027 divitiis
2787 2972 3074 3037 aflluimus,
3104 2986 3226 3026 cum
3265 2971 3380 3025 illas
3406 2987 3557 3041 sper-

1979 3066 2172 3125 nimus,
2204 3073 2259 3118 et
2285 3079 2312 3116 a
2353 3064 2462 3118 Deo
2493 3073 2694 3117 tantum
2721 3061 2934 3117 divitias
2961 3061 3254 3130 quaerimus
3285 3059 3432 3131 (nam
3455 3062 3550 3128 ait,

1978 3159 2198 3224 Quwrite
2217 3175 2422 3229 regnum
2468 3157 2576 3219 Dei,
2605 3168 2650 3210 et
2695 3157 2801 3210 bare
2843 3156 3014 3210 omnia
3066 3155 3371 3223 adjiciantur
3415 3155 3553 3207 vobis

1975 3249 2185 3320 [Matt/1.
2219 3249 2268 3302 6.
2302 3248 2451 3320 55]);
2485 3250 2562 3301 sic
2588 3259 2642 3302 et
2675 3248 2741 3302 de
2769 3247 2934 3316 gloria
2964 3246 3271 3300 dicendum.
3295 3245 3426 3300 Cum
3449 3245 3555 3299 lar-

1975 3340 2100 3408 gitio
2131 3340 2239 3393 sive
2259 3341 2620 3409 pecuniarum,
2639 3339 2750 3393 sive
2775 3339 2958 3408 gloriae
2976 3337 3210 3407 periculo
3233 3347 3401 3400 vacat,
3431 3346 3555 3392 tunc

1977 3430 2116 3482 illaut
2163 3430 2302 3483 Dens
2349 3429 2678 3483 abundanter
2722 3428 2975 3496 impertit.
3020 3428 3175 3482 Tunc
3221 3437 3398 3481 autem
3443 3428 3556 3481 lucc

1977 3521 2090 3573 sine
2116 3520 2353 3588 periculo
2380 3529 2524 3584 sunt,
2555 3535 2674 3573 cum
2707 3519 2861 3573 nobis
2892 3535 2996 3573 non
3023 3519 3307 3588 imperant,
3335 3533 3436 3573 nec
3455 3518 3552 3572 do-

1978 3610 2277 3671 tninantur;
2305 3625 2401 3663 nec
2433 3609 2584 3662 nobis
2613 3620 2878 3677 tamquam
2916 3611 3084 3662 servis
3111 3617 3346 3674 utuntur,
3377 3608 3471 3661 sed
3499 3620 3556 3660 ut

1981 3698 2123 3754 heris
2146 3709 2201 3753 et
2229 3699 2412 3752 liberis
2433 3697 2644 3751 adsunt.
2671 3697 2792 3750 Ideo
2821 3713 2923 3750 non
2954 3697 3068 3749 vult
3093 3711 3191 3750 nos
3213 3697 3330 3750 illas
3352 3712 3553 3758 amare,

1977 3805 2044 3844 ne
2074 3789 2140 3845 iis
2169 3786 2532 3859 subjiciamur.
2565 3787 2716 3854 Quod
2757 3788 2800 3840 si
2849 3799 3222 3856 assequamur,
3256 3784 3374 3842 illas
3403 3785 3555 3840 nobis

1978 3901 2098 3939 cum
2125 3883 2441 3936 abundantia
2467 3883 2629 3935 nmlta
2659 3882 2895 3951 largitur.
2930 3880 3064 3947 Quid
3091 3881 3234 3934 enim
3263 3879 3428 3933 Paulo
3455 3880 3555 3932 cla-

1981 3978 2110 4039 rius,
2139 3989 2339 4044 quaeso,
2371 3974 2459 4042 qui
2485 3974 2556 4026 ait
2581 3990 2594 4026 :
2621 3971 2739 4025 Non
2769 3973 3036 4041 quan-imus
3056 3970 3116 4022 ab
3139 3969 3422 4023 hominibus
3442 3969 3555 4038 glo-

1980 4068 2126 4131 riam,
2173 4081 2330 4134 neque
2367 4081 2398 4116 a
2444 4063 2598 4126 vobis,
2643 4078 2797 4132 neque
2835 4062 2896 4114 ab
2921 4061 3035 4114 aliis
3066 4061 3144 4126 (1.
3175 4059 3353 4112 Thess.
3384 4057 3440 4110 9..
3468 4060 3555 4121 ti)?

1976 4157 2114 4225 Quid
2135 4156 2446 4224 locupletius
2477 4155 2566 4207 illo
2595 4155 2681 4222 qui
2715 4153 2843 4205 nihil
2893 4151 3070 4212 habet,
3099 4159 3153 4202 et
3177 4150 3353 4202 omnia
3386 4150 3552 4216 possi-

1981 4247 2110 4298 det?
2136 4247 2264 4298 Cum
2296 4245 2461 4308 ιξιιίιιι,
2514 4254 2569 4295 ιιι
2608 4243 2737 4306 dixi,
2779 4257 2882 4293 non
2926 4239 3268 4308 subjicietnur
3292 4242 3391 4298 eis,
3435 4248 3557 4288 ttmc

1982 4340 2097 4391 illas
2126 4336 2443 4396 tenebimus,
2491 4345 2612 4386 tunc
2651 4332 2994 4399 accipiemus.
3044 4330 3099 4382 Si
3131 4329 3307 4396 itaque
3336 4328 3558 4395 gloriam

1981 4429 2190 4498 assequi
2216 4427 2510 4496 cupiamus,
2541 4424 2765 4494 gloriam
2807 4421 3099 4492 fugiamus;
3131 4419 3208 4473 sic
3239 4419 3377 4472 enim
3409 4429 3559 4484 pote-

1982 4523 2167 4581 rimus,
2203 4517 2426 4573 servatis
2469 4517 2562 4569 Dei
2595 4513 2890 4583 pra'ceptis,
2917 4522 2970 4564 et
2998 4509 3276 4579 praesentia
3305 4519 3358 4562 et
3387 4508 3559 4560 futura

1982 4613 2235 4681 consequi
2278 4611 2438 4671 bona,
2482 4624 2576 4677 per
2633 4606 2855 4674 gratiam
2891 4603 3123 4663 Christi,
3165 4603 3379 4670 quicum
3419 4600 3560 4652 Patri

1982 4704 2169 4775 gloria,
2199 4715 2407 4770 unaque
2433 4698 2649 4764 Spiritui
2681 4707 2886 4760 sancto,
2919 4695 2970 4748 in
2999 4692 3192 4747 smcula
3218 4689 3560 4746 szuculorum.

1983 4799 2175 4850 Amen.

2551 4955 3256 4978 __..__._._.—__—_-————-———c
3271 4955 3531 4965 ——-«-°-—-

1005 4993 1358 5000 __.__—__—_.__..-—_
1367 4993 1510 4998 ρ...-
1519 4993 1706 4998 -..σ-νρ-
1719 4993 1753 4997 .-
1771 4992 1840 4997 -.ρ-
1855 4989 1999 4996 --ο--η
2013 4990 2028 4993 ›-

1672 4989 2039 5096 asiam"
2060 4989 2166 5094 tv.

1985 5129 2263 5187 confertim
2290 5125 2390 5178 hoc
2433 5122 2665 5186 faciunt,
2693 5119 2784 5173 sed
2813 5117 3064 5188 paulatim
3090 5157 3105 5182 ,
3136 5126 3190 5169 et
3226 5116 3409 5169 eadem
3439 5118 3565 5184 ipsis

1985 5236 2124 5291 sa'pe
2155 5225 2418 5286 repetunt,
2447 5223 2503 5267 ιιι
2521 5228 2582 5266 ea
2617 5212 2821 5265 facilius
2847 5211 2897 5263 in
2922 5217 3098 5264 mente
3126 5209 3429 5275 imprimant
3449 5249 3464 5271 ,
3498 5225 3566 5260 ne

1985 5328 2010 5362 a
2045 5309 2304 5380 principio
2330 5306 2568 5360 deterriti
2606 5301 2942 5356 multitudine
2971 5315 3156 5353 eorum
3185 5313 3302 5367 quze
3333 5313 3418 5351 vnt
3442 5314 3561 5352 me-

1987 5401 2151 5453 moria
2189 5398 2420 5452 retinere
2446 5395 2659 5457 valeat,
2702 5392 2974 5461 segniores
2999 5387 3224 5442 evadant
3249 5387 3314 5440 ad
3343 5402 3406 5440 ea
3445 5402 3565 5456 quae

1988 5491 2085 5544 sibi
2117 5489 2302 5543 tradita
2329 5495 2454 5540 sunt
2483 5483 2776 5552 colligenda
2805 5524 2818 5546 ,
2851 5479 3052 5533 desidia
3088 5478 3296 5532 tandem
3325 5494 3389 5532 ex
3419 5478 3564 5531 difli-

1987 5582 2271 5634 cultatihus
2300 5587 2468 5647 parta.
2502 5576 2650 5628 Hunc
2676 5589 2774 5641 ego
2801 5585 3001 5625 morem
3035 5585 3249 5637 sequar,
3286 5570 3564 5637 levemque

1987 5673 2134 5727 vobis
2175 5672 2410 5726 laborem
2460 5666 2678 5721 reddam
2724 5684 2734 5717 :
2777 5679 2838 5717 ac
2879 5664 3126 5733 paulatim
3173 5672 3227 5718 et
3269 5676 3362 5729 per
3388 5670 3564 5730 partes

1985 5764 2212 5833 acceptis
2243 5763 2305 5816 iis
2327 5802 2340 5826 ,
2374 5773 2492 5827 qnze
2521 5761 2569 5808 in
2599 5756 2696 5807 hac
2741 5769 2889 5807 sacra
2935 5769 3116 5809 mensa
3159 5757 3523 5820 proponuntur
3547 5790 3562 5814 ,

3177 5863 3211 5917 3
