4370 6306
656 203 721 261 1’;
1356 210 1421 263 Β.
1460 207 1738 264 JOANNIS
1775 205 2247 265 (IIIIiYSOSTOMI
2284 208 2599 267 ARCHIEP.
2639 215 3167 279 CONSTANTINOP.
3866 241 3937 296 ιε

654 327 730 380 sic
756 339 815 379 ea
844 323 895 377 in
926 324 1130 378 animos
1160 330 1365 378 vestros
1391 322 1693 376 immittunt.
1735 321 1964 391 ideoque
1992 322 2103 391 ipsa
2134 321 2236 375 ite-

658 430 774 469 rum
806 414 965 469 verba
995 427 1320 483 proponam,
1350 426 1455 466 non
1502 423 1557 466 ut
1586 412 1727 467 idem
1762 422 1997 481 repetam
2018 453 2032 477 ,
2059 411 2151 466 sed
2183 420 2241 466 ut

654 504 846 559 addam
860 504 1075 557 omissa.
1093 504 1202 572 Age
1219 516 1345 573 ergo
1362 503 1522 557 verba
1540 519 1727 558 rursus
1746 503 1813 556 ab
1836 503 1987 557 initio
2008 502 2239 557 adduca-

662 610 780 650 mus
808 611 821 647 :
855 592 1192 662 Inprincipio
1227 603 1334 648 erat
1377 593 1606 658 Verbum,
1635 604 1680 651 et
1721 593 1937 647 Verbum
1965 602 2071 648 erat
2098 594 2238 663 apud

653 694 833 748 Deum.
884 694 993 749 Cur
1043 710 1165 749 cum
1212 694 1302 748 alii
1357 694 1697 764 evangelista
1747 691 1815 745 ab
1875 688 2237 743 incarnatione

648 786 844 840 Christi
867 790 974 840 orsi
1015 795 1139 841 sunt
1168 784 1189 854 (
1216 801 1337 839 nam
1382 785 1657 839 Matthmns
1700 784 1779 838 sic
1805 783 2049 838 orditur:
2087 780 2236 834 Liber

648 878 987 946 generationis
1012 874 1139 931 Iesu
1171 874 1392 940 Christi,
1420 877 1516 944 ﬁh‘t‘
1543 875 1709 928 David
1726 892 1746 940 ;
1776 875 1945 928 Lucas
1982 873 2136 927 nobis
2169 887 2231 926 ea

647 980 766 1036 qua:
787 967 1005 1022 Mariam
1032 975 1273 1036 spectant
1293 967 1345 1020 in
1366 966 1621 1037 principio
1634 976 1866 1021 enarrat.
1886 966 2092 1020 Marcus
2108 978 2234 1019 vero

648 1058 842 1111 similia
867 1056 979 1112 fere
1002 1057 1218 1126 profert,
1237 1072 1302 1112 ex
1332 1057 1578 1125 Baptistte
1604 1057 1822 1112 historia
1845 1054 2043 1125 orsus),
2066 1054 2232 1110 Joan-

651 1164 747 1202 nes
771 1149 821 1201 id
847 1149 1027 1218 paucis
1045 1158 1097 1203 et
1125 1156 1244 1219 poet
1264 1149 1345 1202 illa
1377 1150 1549 1217 priora
1568 1149 1919 1203 subindicavit
1937 1148 2018 1204 bis
2033 1149 2227 1211 verbis,

648 1237 718 1292 Et
751 1238 961 1293 Verbum
986 1256 1104 1294 caro
1132 1245 1418 1312 factumest
1446 1242 1465 1312 (
1493 1240 1650 1297 Joan.
1685 1243 1732 1295 i.
1759 1242 1825 1296 14
1854 1242 1895 1312 ),
1918 1242 2230 1311 ueterisque

651 1331 897 1384 omnibus
923 1332 1314 1401 prietermissis,
1345 1333 1725 1401 conceptione,
1756 1341 1930 1401 partu,
1959 1331 2225 1386 educatio-

649 1435 736 1486 ne,
770 1421 1119 1489 incremento,
1150 1432 1405 1478 a'ternam
1436 1423 1613 1478 statim
1640 1424 2040 1493 generationem
2071 1423 2226 1478 nobis

644 1520 859 1566 enarrat
875 1516 899 1565 ἰν
919 1512 1172 1581 Quaenam
1193 1514 1383 1569 horum
1407 1529 1566 1569 causa
1592 1516 1680 1579 sit,
1706 1515 1816 1584 jam
1846 1515 1998 1570 vobis
2023 1514 2219 1569 dicam.

644 1600 777 1655 Cum
814 1603 1001 1656 caeteri
1042 1605 1380 1673 evangelista:
1409 1605 1477 1660 de
1494 1603 1565 1658 iis
1593 1619 1712 1674 qum
1742 1620 1955 1659 carnem
1983 1613 2225 1673 spectant

646 1702 702 1746 ut
749 1694 1032 1762 plurimum
1082 1695 1240 1748 verba
1288 1694 1577 1759 fecissent,
1627 1693 1915 1748 timendum
1963 1702 2112 1756 erat,
2156 1707 2226 1747 nc

643 1781 874 1851 quipiam
902 1781 1049 1835 humi
1076 1790 1324 1850 repentes
1348 1782 1400 1836 in
1430 1781 1576 1837 hisce
1598 1781 1932 1851 dogmatibus
1958 1783 2219 1836 consiste-

643 1877 792 1935 rent;
839 1870 980 1939 qnod
1022 1880 1077 1925 et
1129 1871 1291 1925 Paulo
1334 1871 1699 1926 Samosatensi
1731 1872 1971 1940 contigit.
2016 1871 2092 1925 Ex
2126 1869 2224 1925 hac

646 1959 807 2030 igitur
821 1960 1024 2028 abjecta
1049 1962 1298 2030 Opinione
1320 1961 1579 2017 reducens
1601 1974 1695 2017 eos
1714 1962 1803 2032 qui
1828 1961 2025 2030 lapsuri
2047 1969 2219 2026 erant,

641 2061 696 2106 et
724 2052 789 2106 ad
821 2053 978 2108 cados
1008 2054 1248 2122 erigens,
1295 2054 1414 2123 jure
1440 2068 1503 2109 ex
1535 2067 1762 2123 superna
1791 2061 2095 2122 aeternaque
2123 2067 2221 2106 ex-

639 2145 877 2199 sistentia
920 2145 1164 2199 narrandi
1198 2145 1512 2214 principium
1540 2143 1704 2200 ducit.
1748 2142 1882 2197 Nam
1924 2157 2045 2198 cum
2085 2143 2217 2196 Mat-

641 2233 809 2288 tltteus
855 2234 922 2287 ab
975 2233 1184 2289 Herode
1231 2249 1391 2304 rege,
1439 2234 1608 2288 Lucas
1653 2249 1682 2288 a
1733 2234 1948 2289 Tiberio
1973 2232 2217 2298 Caesare,

641 2324 849 2378 Marcus
870 2339 900 2378 a
928 2322 1244 2392 baptismate
1263 2322 1483 2378 Joannis
1509 2324 1868 2377 narrationem
1888 2322 2175 2390 erupissent
2204 2338 2218 2372 :

639 2415 754 2470 istis
797 2415 1044 2471 omnibus
1088 2414 1179 2470 ilie
1229 2414 1472 2477 omissis,
1501 2416 1677 2468 statim
1723 2429 1883 2483 supra
1930 2422 2139 2482 tempus
2168 2421 2222 2467 et

636 2507 889 2562 szeculum
918 2522 1075 2562 omne
1105 2506 1447 2573 conscendit,
1483 2507 1709 2576 illucque
1733 2508 2032 2562 auditorum
2062 2522 2217 2561 men-

641 2609 746 2654 tem
774 2600 921 2669 quasi
945 2601 1228 2669 jaeuiatur,
1255 2616 1375 2655 cum
1396 2600 1488 2665 ait,
1520 2599 1587 2654 In
1609 2602 1856 2671 principio
1879 2610 2029 2655 erat:
2046 2616 2218 2672 neque

637 2690 962 2745 consistendi
994 2691 1166 2745 locum
1197 2692 1486 2762 relinquit,
1517 2708 1688 2761 neque
1720 2694 2001 2749 terminum
2036 2694 2211 2763 ponit,

637 2789 697 2835 ut
723 2780 796 2835 illi
819 2823 833 2846 ,
865 2781 1128 2837 [lerodem
1182 2798 1374 2852 nempe
1399 2825 1412 2848 ,
1440 2784 1711 2839 Tiberium
1737 2794 1792 2841 et
1815 2786 2095 2841 Joannem.
2134 2786 2215 2840 Ad

636 2869 752 2924 haec
771 2910 787 2936 ,
818 2870 958 2939 quod
989 2885 1329 2941 summopere
1357 2872 1652 2927 mirandum
1672 2914 1687 2939 ,
1720 2889 1891 2943 neque
1922 2875 2009 2929 hic
2045 2874 2213 2930 subli-

633 2962 858 3018 miorem
906 2977 1185 3032 aggressus
1232 2978 1565 3031 sermonem,
1598 2966 1948 3021 oeconomiam
1989 2966 2101 3021 sive
2126 2966 2211 3022 in—

636 3053 998 3108 carnationem
1047 3055 1313 3123 neglexit;
1342 3039 1534 3124 neque,
1562 3056 1650 3125 qui
1678 3069 1796 3109 eam
1825 3066 2175 3112 narraverunt
2195 3097 2210 3123 ,

636 3143 781 3198 illius
809 3152 934 3197 ante
957 3143 1147 3198 sarcula
1172 3145 1535 3199 exsistentiam
1573 3154 1885 3211 tacuerunt;
1917 3146 2074 3218 idque
2091 3148 2213 3217 jure

635 3233 844 3288 merito.
868 3231 1016 3289 Unus
1035 3233 1230 3303 quippe
1250 3234 1477 3304 Spiritus
1498 3245 1611 3290 erat
1629 3236 1716 3305 qui
1738 3251 1923 3291 omnes
1944 3238 2207 3303 movebat;

635 3325 858 3395 ideoque
887 3340 1134 3394 magnum
1167 3325 1217 3379 itt
1252 3328 1552 3382 narratione
1592 3343 1912 3383 consensum
1956 3329 2210 3385 exhibue-

633 3425 775 3469 rnnt.
809 3415 887 3470 Tn
916 3430 1065 3479 vero,
1095 3417 1307 3482 dilecte,
1332 3432 1450 3470 cum
1488 3417 1712 3473 Verbum
1754 3419 1925 3486 audis,
1955 3436 2023 3474 ne
2068 3418 2208 3474 feras

628 3502 722 3561 eos
750 3508 837 3576 qui
865 3508 1046 3561 dicunt
1093 3508 1260 3577 ipsum
1308 3508 1575 3577 opiﬁcium
1606 3524 1755 3576 esse;
1789 3525 1960 3580 neque
1986 3525 2078 3565 eos
2116 3511 2205 3580 qui

633 3606 819 3664 putant
847 3597 1017 3666 ipsum
1050 3598 1361 3666 simpliciter
1390 3599 1609 3653 verbum
1655 3613 1793 3655 esse.
1823 3599 1983 3654 Multa
2015 3616 2205 3668 nempe

627 3697 752 3741 sunt
805 3688 897 3743 Dei
938 3689 1131 3755 verba,
1170 3705 1287 3757 qua:
1318 3699 1370 3743 et
1395 3690 1568 3759 angeli
1614 3690 1841 3754 faciunt;
1873 3691 1967 3747 sed
2003 3692 2201 3745 nullum

628 3778 880 3833 hormnce
913 3780 1196 3833 verbormn
1231 3780 1365 3833 Deus
1395 3791 1508 3845 est;
1538 3794 1719 3834 verum
1767 3781 1853 3833 illa
1877 3782 2052 3836 omnia
2081 3792 2205 3837 sunt

628 3866 919 3937 prophetia:
947 3877 1000 3922 et
1034 3878 1293 3938 prmcepta
1327 3870 1343 3939 (
1368 3868 1445 3923 sic
1472 3869 1614 3923 enim
1645 3870 1780 3924 solet
1806 3870 2078 3940 Scriptura
2109 3888 2202 3926 vo-

621 3974 745 4015 eare
772 3960 913 4030 leges
942 3960 1064 4025 Dei,
1098 3969 1357 4029 praecepta
1397 3969 1451 4014 ct
1498 3960 1804 4030 prophetias
1838 3978 1852 4017 :
1883 3962 2108 4031 ideoque
2134 3963 2201 4018 de

619 4051 819 4121 angelis
847 4050 1061 4119 adjicit,
1101 4050 1335 4105 Potentes
1357 4052 1538 4105 virtute
1561 4052 1800 4121 facientes
1829 4053 2029 4106 verbum
2056 4051 2199 4106 illius

620 4141 640 4215 [
672 4141 816 4196 Psal.
857 4143 976 4198 102.
1004 4142 1096 4215 20]
1133 4161 1145 4196 :
1182 4144 1280 4198 hoc
1308 4155 1485 4199 autem
1530 4144 1762 4200 Verbum
1796 4146 2087 4200 substantia
2115 4156 2198 4200 est

618 4234 667 4285 in
701 4230 1005 4303 bypostasi,
1039 4249 1156 4302 quae
1204 4248 1232 4287 a
1280 4234 1434 4289 Patre
1477 4235 1593 4289 sine
1638 4235 1886 4303 passione
1935 4235 2192 4305 procedit.

616 4324 748 4379 illud
787 4325 928 4380 cnim
955 4367 970 4389 ,
1004 4334 1060 4379 ut
1089 4324 1233 4391 dixi,
1266 4342 1359 4391 per
1395 4327 1550 4381 Verbi
1591 4326 1998 4397 appellationem
2030 4326 2195 4397 signi-

615 4416 808 4471 ﬁcavit.
831 4417 1287 4482 Quemadmodum
1326 4418 1483 4487 igitur
1521 4418 1646 4471 illud
1672 4460 1685 4484 ,
1719 4418 1782 4472 In
1814 4420 2063 4489 principio
2087 4430 2194 4473 erat

622 4504 837 4559 Verbum
857 4548 870 4569 ,
903 4508 1255 4561 aateruitatem
1284 4507 1505 4561 denotat
1532 4524 1546 4559 :
1584 4509 1650 4561 ita
1677 4519 1728 4562 et
1761 4509 1909 4573 illud,
1942 4508 2058 4564 Hoc
2084 4521 2191 4564 erat

608 4598 661 4650 in
693 4596 942 4667 principio
971 4598 1109 4666 apud
1134 4596 1297 4651 Deum
1318 4637 1332 4661 ,
1371 4599 1787 4653 comternitatcm
1814 4601 1967 4655 nobis
1988 4603 2190 4670 signiﬁ-

608 4694 715 4740 cat.
749 4685 960 4741 Etenim
1010 4703 1076 4741 ne
1116 4686 1372 4753 audiens,
1408 4686 1470 4742 In
1511 4690 1763 4759 principio
1790 4701 1897 4744 erat
1934 4691 2183 4760 Verbum,

609 4785 868 4831 aeternum
896 4776 1112 4846 quidem
1142 4778 1475 4833 existimares
1494 4821 1509 4845 ,
1539 4779 1631 4834 sed
1664 4780 1872 4836 Patrem
1903 4783 2080 4853 aliquo
2110 4786 2189 4837 vi.

607 4878 675 4923 ta:
706 4868 992 4924 interstitio
1037 4870 1303 4926 seniorem
1330 4913 1344 4932 ,
1394 4880 1448 4926 et
1488 4872 1707 4942 majoris
1746 4875 1842 4928 atri
1894 4876 2182 4945 crederes,

606 4977 740 5018 neve
771 4962 1086 5032 principium
1127 4960 1409 5032 Unigenito
1454 4963 1646 5031 dares,
1694 4965 1908 5035 adjecit,
1957 4967 2085 5022 Erat
2130 4972 2181 5023 in

602 5054 849 5125 principio
876 5055 1016 5125 apud
1059 5053 1218 5108 Deum
1260 5072 1278 5109 :
1322 5056 1392 5110 ita
1424 5064 1656 5111 teternus
1687 5068 1743 5111 ut
1786 5059 1979 5120 Pater;
2023 5079 2177 5116 num-

599 5158 756 5212 quam
808 5146 948 5199 enim
997 5143 1172 5200 Verbo
1215 5160 1415 5200 vacuus
1464 5145 1598 5211 fuit;
1655 5149 1747 5203 sed
1800 5165 2013 5218 semper
2039 5152 2177 5209 Dens

596 5233 737 5302 apud
780 5233 944 5289 Deum
978 5234 1071 5289 fuit
1103 5236 1155 5290 in
1184 5236 1395 5305 propria
1424 5236 1524 5291 sibi
1577 5237 1865 5308 hypostasi.
1899 5240 2175 5307 Quomodo

593 5337 745 5395 ergo,
772 5323 978 5393 inquies
996 5364 1011 5391 ,
1039 5325 1250 5394 adjecit,
1280 5323 1346 5381 In
1372 5326 1559 5380 mundo
1584 5336 1690 5381 erat
1717 5326 1890 5397 (Joau.
1917 5329 1967 5383 Ι.
1999 5330 2110 5402 10),
2128 5334 2170 5386 si

593 5425 705 5469 erat
731 5414 868 5483 apud
901 5416 1105 5470 Deum?
1128 5416 1258 5483 Quia
1285 5426 1338 5473 et
1362 5418 1498 5488 apud
1525 5418 1690 5473 Deum
1713 5418 1850 5473 Deus
1875 5430 2007 5484 erat,
2040 5431 2093 5477 et
2119 5424 2168 5476 itt

594 5503 791 5560 mundo
833 5513 990 5561 erat:
1034 5507 1177 5561 nuilo
1227 5507 1421 5578 quippe
1477 5508 1740 5563 clauditur
1786 5510 2014 5565 termino
2056 5515 2168 5568 sive

593 5595 769 5656 Pater.
803 5600 913 5651 sive
942 5597 1126 5653 Filius.
1176 5598 1305 5654 Nam
1340 5600 1384 5654 si
1430 5599 1798 5670 Magnitudinis
1831 5602 1940 5669 eius
1966 5617 2064 5656 non
2092 5613 2165 5658 est

2347 321 2500 415 linis,
2533 322 2600 415 Et
2645 328 2910 395 sapientia:
2950 334 3061 402 ejus
3084 351 3183 390 non
3229 345 3303 393 est
3328 354 3565 398 numerus
3591 344 3767 415 (Psal.
3802 349 3931 406 Mi.

2344 413 2398 470 δ.
2417 424 2463 466 et
2484 414 2696 488 146.5),
2717 418 2882 489 liquet
2899 438 3071 493 neque
3086 427 3398 485 substantiae
3416 432 3560 488 illius
3578 413 3697 491 esse
3721 439 3931 496 initiutn

2344 505 2655 572 temporale.
2682 509 2923 576 Audisti,
2966 512 3034 568 In
3075 517 3324 589 principio
3349 524 3467 592 fecit
3495 524 3632 581 Deus
3662 530 3843 586 etclam
3882 545 3932 587 et

2343 602 2529 695 terram
2551 596 2576 648 ?
2602 596 2739 663 Quid
2770 603 2971 672 cogitas
3000 605 3067 660 de
3133 608 3232 664 hoc
3277 616 3579 684 principio?
3607 618 3763 678 Certe
3784 630 3928 695 quod

2344 684 2456 773 haec
2483 696 2610 742 ante
2634 692 2812 748 omnia
2839 696 3067 751 visibilia
3119 700 3254 756 facta
3305 706 3433 762 sint.
3483 709 3572 765 Sic
3611 723 3665 767 et
3692 684 3817 768 cuni
3857 718 3929 773 de

2342 772 2624 845 Unigenito
2662 781 2814 837 audis
2839 824 2851 847 ,
2881 782 2946 838 In
2972 788 3222 858 principio
3250 804 3386 861 erat,
3417 807 3542 853 ante
3573 800 3925 872 intelligibilia

2339 869 2516 966 otnttia
2546 881 2600 924 et
2627 883 2754 928 ante
2799 879 2993 932 sarcula
3028 881 3200 950 ipsum
3234 900 3356 941 esse
3398 889 3662 962 intelligas
3687 869 3921 966 oportet.

2536 962 2581 1016 si
2627 965 2746 1033 quis
2774 967 2967 1023 dixerit
3006 988 3019 1024 :
3054 972 3118 1026 Et
3146 978 3416 1044 quomodo
3462 958 3593 1037 ﬁeri
3621 958 3833 1054 potest,
3864 1001 3924 1044 ut

2340 1048 2510 1149 Pilius
2553 1069 2677 1109 eum
2715 1058 2817 1124 sit,
2870 1076 2973 1117 non
3023 1064 3093 1119 sit
3133 1065 3316 1135 junior
3357 1070 3548 1128 Patre?
3590 1048 3711 1132 nam
3737 1048 3828 1149 qui
3853 1098 3921 1138 ex

2334 1139 2512 1211 aliquo
2553 1153 2669 1208 est,
2715 1152 3019 1206 necessario
3060 1159 3328 1222 posterior
3352 1159 3447 1215 est'
3482 1164 3572 1217 illo
3596 1181 3626 1220 a
3655 1139 3916 1237 quo-est:

2335 1234 2807 1330 respondebimus,
2840 1240 2954 1297 hinc
2981 1258 3046 1297 ex
3077 1245 3323 1303 immanis
3353 1234 3765 1321 cegitationibus
3793 1277 3918 1330 pro-

2334 1318 2516 1421 ﬁcisci,
2539 1335 2593 1379 et
2621 1342 2743 1382 eum
2772 1331 2863 1399 qui
2888 1331 3003 1388 haec
3028 1338 3237 1405 quaerit,
3255 1318 3563 1399 absurdiora
3593 1348 3752 1403 etiam
3776 1318 3919 1422 qua:-

2331 1419 2555 1467 stturum
2585 1429 2736 1482 esse;
2761 1434 2860 1476 nec
2897 1436 3019 1478 esse
3061 1424 3150 1481 illa
3187 1431 3271 1483 vel
3310 1432 3526 1486 auribus
3550 1419 3910 1508 percipienda.

2335 1505 2407 1560 De
2456 1508 2563 1563 Deo
2590 1511 2787 1582 quippe
2827 1515 2980 1572 nobis
3023 1528 3104 1574 est
3149 1533 3361 1586 sermo,
3406 1541 3509 1580 non
3535 1528 3602 1582 de
3636 1505 3911 1588 hominum

2332 1605 2555 1664 natura,
2608 1601 2910 1672 hujusmodi
2963 1611 3363 1669 ratiociniorum
3413 1624 3813 1689 consequentia:
3856 1637 3915 1682 et

2331 1690 2633 1745 necessitati
2663 1694 2920 1764 subjecta.
2948 1697 3325 1758 Verumtamen
3353 1706 3420 1760 ad
3452 1708 3773 1769 inﬁrmiores
3817 1732 3913 1773 ro-

2329 1775 2594 1836 borandus
2622 1786 3081 1849 reSpondehitnus.

2399 1870 2453 1924 2.
2487 1871 2582 1928 Dic
2607 1889 2734 1946 ergo
2763 1876 2927 1933 mihi:
2958 1880 3156 1939 Radius
3196 1887 3327 1942 Solis
3361 1904 3427 1944 ex
3477 1903 3736 1952 naturane
3778 1901 3910 1956 solis

2327 1961 2537 2028 exsilit,
2567 1979 2634 2019 an
2661 1966 2917 2025 aliunde?
2943 1971 3254 2031 Necessario
3291 1978 3582 2049 fatendum,
3615 1986 3713 2041 nisi
3739 1992 3910 2046 sensi-

2326 2050 2424 2106 bus
2455 2054 2605 2109 vacui
2647 2057 2836 2125 simus,
2863 2075 2929 2115 ex
2960 2063 3076 2131 ejus
3114 2075 3301 2121 natura
3344 2072 3575 2139 prodire.
3609 2076 3673 2131 Et
3726 2088 3907 2137 tamen

2326 2141 2449 2197 licet
2468 2159 2530 2199 ex
2555 2147 2669 2202 sole
2691 2148 2870 2204 radius
2893 2155 3131 2220 prodeat,
3159 2172 3447 2229 numquam
3471 2162 3709 2222 dicemus
3731 2168 3904 2239 ipsum

2325 2246 2444 2287 esse
2471 2235 2630 2289 solari
2664 2250 2850 2293 natura
2883 2245 3233 2309 posteriorem
3260 2266 3274 2301 :
3303 2252 3731 2323 quandoquidem
3750 2235 3905 2314 itum-

2324 2338 2485 2392 quam
2514 2327 2595 2380 sol
2622 2329 2737 2383 sine
2766 2332 2916 2387 radio
2943 2336 3094 2391 visus
3119 2346 3221 2392 est.
3249 2339 3401 2407 Quod
3430 2344 3474 2397 si
3519 2345 3570 2399 in
3610 2346 3694 2402 his
3720 2350 3905 2405 visibi-

2325 2415 2461 2471 libus
2488 2426 2542 2472 et
2582 2422 2920 2479 sensibilibus
2947 2427 3215 2497 quidpiam
3243 2432 3313 2485 sit
3347 2434 3486 2503 quod
3518 2437 3585 2490 sit
3612 2452 3675 2491 ex
3703 2440 3900 2510 aliquo.

2322 2520 2494 2576 neque
2524 2511 2785 2577 posterius
2824 2514 2893 2567 sit
2924 2515 3051 2582 illo;
3085 2533 3183 2572 cur
3210 2520 3259 2574 id
3293 2538 3395 2575 non
3423 2525 3599 2579 credis
3623 2527 3690 2582 de
3717 2529 3903 2585 invisi-

2319 2596 2410 2652 bili
2433 2609 2490 2655 et
2509 2601 2759 2658 ineffabili
2784 2609 3008 2662 natura?
3029 2610 3189 2667 Certe
3212 2612 3314 2668 hoc
3335 2614 3504 2684 ipsum
3536 2619 3606 2672 ita
3635 2633 3693 2675 se
3721 2621 3897 2686 habet,

2318 2699 2378 2743 ut
2428 2690 2569 2745 illam
2612 2694 2962 2751 substantiam
2993 2699 3165 2755 decet.
3223 2703 3447 2775 Ideoque
3478 2707 3668 2764 Paulus
3695 2711 3717 2778 (
3738 2711 3897 2769 Hebr.

2321 2779 2374 2833 i.
2402 2780 2472 2851 ὅ)
2502 2797 2568 2837 eo
2594 2783 2766 2852 ipsum
2792 2791 3002 2843 vocavit
3028 2793 3257 2858 nomine,
3279 2796 3435 2850 simul
3463 2798 3737 2858 declarans
3752 2815 3810 2859 ct
3833 2821 3896 2861 ex

2319 2868 2435 2938 ipso
2458 2878 2512 2926 et
2537 2882 2861 2930 comteruum
2901 2878 2996 2947 ipsi
3041 2895 3180 2936 esse.
3213 2883 3346 2949 Quid
3393 2886 3584 2956 igitur?
3608 2891 3694 2946 dic
3738 2895 3864 2949 mihi
3877 2937 3891 2959 ,

2315 2975 2491 3017 annon
2514 2967 2705 3020 s'rcula
2728 2969 2901 3023 omnia
2926 2979 2980 3024 et
3005 2974 3231 3041 spatium
3261 2991 3419 3030 omne
3447 2994 3541 3048 per
3562 2980 3733 3050 ipsum
3758 2985 3889 3040 facta

2316 3054 2487 3108 sunt?
2517 3054 2628 3110 Hoc
2651 3059 2971 3115 conﬁteatur
3009 3077 3230 3119 necesse
3257 3075 3339 3120 est
3367 3066 3411 3120 is
3437 3110 3450 3134 ,
3482 3070 3572 3138 qui
3601 3085 3782 3129 mente
3808 3091 3891 3130 ca-

2314 3152 2437 3213 ptus
2463 3161 2565 3200 non
2595 3149 2682 3201 sit.
2717 3150 2855 3220 Ergo
2884 3153 3013 3207 nihil
3044 3156 3280 3210 medium
3322 3167 3406 3212 est
3450 3160 3589 3216 inter
3617 3163 3810 3220 Filium
3841 3177 3893 3222 et

2315 3235 2545 3291 Patrem.
2580 3237 2636 3293 Si
2664 3240 2794 3295 nihil
2812 3283 2825 3304 ,
2857 3257 2984 3313 ergo
3034 3260 3137 3299 non
3165 3249 3446 3315 posterior,
3474 3252 3568 3306 sed
3596 3266 3892 3313 coarternus

2311 3335 2412 3380 est.
2436 3326 2566 3381 Nam
2597 3340 2713 3384 ante
2739 3341 2793 3385 et
2823 3342 2934 3400 post
2958 3344 3193 3404 tempora
3222 3338 3544 3408 signiﬁcant.
3577 3343 3669 3398 lite
3698 3347 3892 3416 quippe

2313 3433 2469 3474 voces
2497 3435 2602 3474 non
2636 3432 2856 3490 possunt
2884 3425 3000 3480 sine
3038 3428 3235 3484 smeulo
3263 3431 3343 3485 vel
3374 3439 3614 3502 tempore
3643 3435 3888 3507 cogitari.

2312 3509 2452 3564 Deus
2479 3525 2610 3565 vero
2637 3514 2883 3581 superior
2911 3526 2993 3570 est
3022 3520 3351 3586 temporibus
3381 3530 3438 3576 et
3462 3526 3698 3580 saeculis.
3737 3528 3889 3595 Quod

2307 3604 2353 3656 si
2391 3605 2608 3660 omnino
2648 3607 2848 3663 dixeris
2893 3610 3028 3664 Filio
3076 3614 3392 3684 principium
3441 3632 3600 3685 esse,
3647 3636 3779 3678 cave
3822 3638 3888 3679 ne

2308 3691 2517 3748 Patrem
2547 3711 2754 3765 quoque
2800 3698 2899 3752 sub
2924 3700 3186 3770 principio
3223 3704 3410 3760 eadem
3454 3708 3660 3764 ratione
3684 3713 3887 3766 consti-

2308 3792 2459 3839 tuere
2486 3789 2727 3855 cogaris;
2768 3790 3068 3859 antiquiore
3095 3793 3331 3861 quidem,
3360 3797 3456 3853 sed
3488 3807 3663 3855 tamen
3691 3804 3886 3871 princi-

2308 3872 2412 3941 pio.
2443 3873 2535 3928 Dic
2562 3877 2704 3930 enim
2744 3878 2873 3932 milti
2912 3896 2925 3932 :
2963 3882 3155 3937 Annon
3185 3888 3466 3942 terminum
3502 3898 3662 3960 atque
3686 3894 3882 3962 princi-

2306 3963 2448 4032 pium
2478 3964 2617 4020 Filio
2645 3966 2953 4025 adscribens
2973 4012 2987 4035 ,
3026 3981 3185 4043 atque
3215 3976 3282 4030 ab
3321 3977 3412 4033 illo
3440 3982 3702 4052 principio
3726 3985 3880 4042 altius

2304 4054 2586 4122 prodiens,
2650 4056 2858 4113 Patrem
2906 4063 3050 4129 prius
3112 4066 3373 4123 exsistere
3413 4069 3589 4125 dicis?
3644 4074 3696 4127 Id
3737 4086 3880 4132 certe

2301 4143 2657 4200 manifestum.
2691 4148 2783 4204 Dic
2829 4165 2956 4221 ergo
2995 4154 3123 4208 mibi
3152 4167 3350 4225 quanto
3380 4161 3550 4229 spatio
3588 4168 3876 4232 prasexistit

2299 4234 2498 4291 Pater?
2523 4237 2647 4293 Sive
2675 4241 2817 4294 enim
2848 4256 3087 4310 parvum,
3116 4246 3230 4302 sive
3261 4263 3510 4319 magnum
3531 4251 3732 4309 dixeris
3755 4272 3876 4325 spa-

2300 4328 2432 4380 tium
2451 4368 2466 4393 ,
2500 4328 2599 4383 sub
2624 4330 2887 4400 principio
2926 4332 3139 4389 Patrem
3168 4338 3407 4405 posuisti.
3435 4338 3566 4395 Nam
3597 4354 3872 4414 postquam

2297 4434 2602 4474 mensuram
2627 4422 2781 4489 spatii
2814 4422 2954 4478 illius
2979 4424 3222 4490 duxeris,
3254 4430 3333 4482 sic
3365 4430 3512 4486 dices
3539 4435 3620 4488 vel
3651 4450 3869 4503 parvum

2293 4511 2378 4563 vel
2409 4526 2657 4580 magnum
2700 4528 2861 4568 esse:
2891 4530 3142 4572 mensura
3182 4535 3312 4574 vero
3349 4520 3470 4576 duci
3520 4539 3626 4579 non
3658 4536 3868 4594 potest,

2294 4601 2394 4655 nisi
2423 4603 2671 4672 utrinque
2702 4603 3017 4674 principium
3057 4608 3147 4661 sit.
3183 4608 3366 4680 itaque
3397 4612 3571 4678 Patri,
3614 4626 3869 4684 quantum

2295 4692 2344 4745 in
2379 4702 2429 4749 te
2457 4693 2580 4758 fuit,
2611 4696 2926 4766 principimn
2954 4699 3149 4755 dedisti
3178 4716 3192 4754 :
3226 4703 3409 4774 sicque
3452 4709 3747 4763 secundum
3780 4726 3869 4763 vos

2299 4800 2365 4840 ne
2409 4786 2566 4842 Pater
2606 4789 2818 4858 quidem
2869 4791 2984 4845 sine
3015 4793 3274 4863 principio
3315 4797 3437 4851 erit.
3470 4798 3657 4853 Viden‘
3684 4817 3865 4855 verum

2287 4891 2406 4931 esse
2433 4876 2484 4932 id
2511 4879 2651 4948 quod
2686 4895 2717 4934 a
2756 4880 3041 4938 Servatore
3071 4882 3267 4938 dictum
3305 4896 3406 4951 est,
3431 4897 3482 4941 et
3512 4888 3712 4943 dictum
3741 4892 3863 4945 illud

2287 4969 2496 5025 virtutis
2544 4971 2661 5040 ejus
2712 4973 2909 5042 ubique
2951 4982 3322 5043 argumentum
3373 4980 3534 5033 esse?
3582 4980 3860 5047 Quodnam

2286 5065 2408 5118 illud
2439 5067 2556 5120 est?
2589 5065 2690 5132 Qui
2729 5083 2829 5120 non
2858 5068 3071 5121 honorat
3124 5068 3346 5137 Filium,
3384 5087 3483 5125 non
3512 5074 3726 5127 honorat
3753 5073 3858 5127 Pa-

2282 5165 2405 5208 trem
2432 5154 2612 5225 (Joan.
2643 5157 2696 5211 5.
2732 5157 2847 5226 25).
2874 5157 3013 5212 Novi
3046 5158 3226 5213 multis
3255 5160 3369 5215 hare
3398 5161 3855 5230 incomprehensi-

2281 5244 2404 5298 bilia
2432 5260 2552 5301 esse
2582 5266 2596 5302 ε
2630 5246 2852 5316 ideoque
2873 5248 3147 5303 ratiocinia
3166 5247 3466 5318 hujusmodi
3485 5267 3700 5309 movere
3715 5269 3855 5323 stt-pe

2277 5344 2589 5390 cunctamur
2612 5376 2626 5398 ,
2658 5337 2800 5405 quod
2827 5338 3015 5408 vulgus
3056 5338 3142 5392 illa
3170 5341 3381 5409 assequi
3410 5352 3668 5411 nequeat;
3695 5346 3778 5398 vel
3807 5345 3850 5397 si

2275 5431 2610 5492 assequatur,
2641 5424 2729 5478 illa
2768 5440 2872 5481 non
2899 5427 3049 5481 ﬁrma
3076 5435 3131 5482 et
3156 5437 3299 5481 certa
3327 5439 3595 5484 maneant.
3628 5432 3852 5485 Βατίοεὶ-

2274 5516 2359 5567 nia
2387 5514 2580 5584 quippe
2601 5514 2861 5570 hominum
2892 5518 3072 5572 timida
3092 5527 3209 5573 sunt
3229 5560 3242 5582 ,
3273 5529 3320 5573 et
3349 5521 3558 5590 fallaces
3586 5524 3848 5590 cogitatio-

2276 5621 2360 5657 nes
2388 5620 2560 5658 eorum
2588 5603 2757 5675 (Sap.
2783 5606 2835 5662 9.
2868 5608 2933 5663 ii
2954 5608 2994 5677 ).
3027 5608 3278 5663 Libenter
3304 5621 3479 5665 autem
3509 5613 3838 5669 adversarios
