4370 6306
59 83 2041 180 -ᾉ-Ἁμί,

166 473 236 526 Π
1378 472 1445 526 IN
1482 469 1797 527 JOANNEM
1838 472 1843 524 l

1947 459 2074 526 λιιι..
2112 471 2198 530 ιν.
2240 475 2311 528 al.
2344 460 2430 529 m.
3562 477 3630 531 43

171 590 274 662 ἤδη
306 577 440 660 πρὸς
470 586 617 658 ὑμᾶς
639 586 767 657 ἐρῶ.
791 584 909 638 Τῶν
933 585 1132 638 λοιπῶν
1161 586 1558 655 εὐαγγελιστῶν
1595 587 1655 640 τὸ
1690 586 1851 640 πλέον

170 678 233 732 ἐν
255 679 368 739 τοῖς
398 674 536 729 κατὰ
561 675 741 745 σάρκα
770 671 1159 743 διατριψάντων
1184 672 1380 740 λόγοις,
1416 673 1532 736 δέος
1559 669 1626 742 ἦν
1654 672 1748 725 τοῦ
1775 675 1850 744 μή

169 780 327 827 τινας
357 763 443 815 διά
468 760 626 814 τοῦτο
655 762 1010 831 χαμαιπετεῖς
1035 756 1196 823 ὄντας
1241 760 1451 823 τούτοις
1492 761 1846 830 ἐναπομεῖναι

1950 587 2306 658 ἀνθρωπίνων
2343 590 2364 628 ΐ
2388 590 2522 642 ἐστί·
2544 590 2637 643 καὶ
2657 590 2686 642 6
2710 588 2867 643 τοῦτο
2891 590 3089 661 ζητῶν,
3118 591 3211 643 καὶ
3234 590 3393 660 ἕτερα
3426 592 3630 645 τούτων

1950 673 2275 747 ἀτοπώτερα
2299 675 2552 746 ζητήσει·
2585 678 2679 730 καὶ
2705 675 2824 729 ούδέ
2849 678 2915 747 τῇ
2950 677 3087 747 ἀκοῇ
3114 675 3182 729 τά
3209 676 3429 728 τοιαῦτα
3461 694 3630 748 παραυ

1954 759 2202 833 δέχεσθαι
2230 761 2356 814 ἔδει.
2387 761 2521 830 Περί
2543 761 2676 814 Θεοῦ
2706 761 2814 831 γὰρ
2842 762 2935 814 νῦν
2964 763 3093 831 ἡμῖν
3125 764 3153 814 6
3181 762 3335 829 λόγος
3369 763 3538 824 ἐστὶν,
3566 765 3627 815 οὐ

177 851 363 921 μόνοις
382 850 499 910 τοῖς
518 847 812 918 δόγμασιν·
846 845 874 898 6
908 847 1001 898 καὶ¹
1031 845 1243 908 Παῦλος
1284 845 1485 899 έπαθεν
1531 848 1558 897 6
1595 847 1848 914 Σαμοσα-
1890 850 2082 920 ⁶..περὶ
2119 849 2220 918 τῆς
2241 849 2349 901 τῶν
2395 847 2699 917 ἀνθρώπων
2734 848 2967 917 φύσεως,
3015 849 3379 919 ὑποκειμένης
3417 851 3482 919 τῇ
3521 849 3629 901 τῶν

174 938 318 1000 τεύς.
361 935 456 988 Ἐκ
480 934 682 1004 ταύτης
706 934 884 987 τοίνυν
909 934 1126 1001 ἀνάγων
1158 949 1177 970 ·
1211 935 1309 1004 τῆς
1335 932 1703 1003 χαμαιζηλίας
1723 932 1849 995 τοὺς

177 1024 468 1095 μέλλοντας
502 1020 876 1092 ἐμπεσεῖσθαι,
925 1021 1018 1073 καὶ
1059 1022 1138 1084 εἰς
1179 1020 1270 1073 τὸν
1307 1020 1535 1090 οὐρανὸν
1584 1019 1846 1079 ἀνέλκων,

172 1110 401 1174 εἰκότως
425 1108 627 1164 ἀνωθεν
659 1107 752 1160 καὶ
782 1108 845 1160 ἐκ
860 1108 957 1177 τῆς
979 1106 1266 1185 ὑπάρξεως
1295 1105 1397 1176 τῆς
1420 1105 1590 1159 ἀϊδίου
1617 1108 1848 1158 ποιεῖται

171 1199 273 1268 τῆς
301 1198 604 1267 διηγήσεως
635 1193 972 1269 τὴνάρχήν.
1008 1194 1116 1246 Τοῦ
1153 1194 1254 1264 μὲν
1291 1193 1402 1265 γὰρ
1434 1188 1711 1246 Ματθαίου
1741 1192 1873 1259 ἀπὸ,

186 1283 428 1355 Ἡρώδου
459 1282 553 1335 τοῦ
585 1280 867 1352 βασιλέως,
890 1278 985 1332 τοῦ
1019 1281 1203 1333 Λουκᾶ
1246 1279 1303 1333 δὲ
1332 1279 1440 1333 ἀπὸ
1482 1279 1730 1351 Τιϐερίου
1752 1281 1846 1332 τοῦ

173 1369 476 1437 Καίσαρος,
501 1363 595 1417 τοῦ
626 1364 681 1416 δὲ
715 1362 941 1434 Μάρκου
975 1363 1083 1416 ἀπὸ
1115 1362 1207 1416 τοῦ
1249 1360 1623 1432 βαπτίσματος
1667 1362 1846 1415 Ἰωάν-

126 1474 267 1535 (mu
291 1454 429 1525 1:96;
459 1452 558 1522 τὴν
588 1451 838 1520 διήγησιν
871 1449 1243 1513 εἰσϐαλόντων,
1276 1450 1451 1502 πάντα
1491 1447 1663 1535 ταῦτα
1690 1448 1848 1516 ἀφεὶς

174 1536 331 1603 οὗτος
367 1541 417 1602 δ,
446 1537 702 1606 ἀνωτέρω
730 1535 926 1598 παντὸς
972 1536 1146 1588 ἄνεισι
1189 1535 1382 1604 χρόνου
1411 1551 1471 1587 τε
1506 1534 1601 1587 καλ⁵
1629 1534 1843 1597 αἰῶνος,

176 1630 291 1681 ἐκεῖ
310 1626 411 1697 τὴν
439 1625 675 1678 διάνοιαν
699 1622 807 1674 τῶν
837 1621 1121 1691 ἀκροατῶν
1146 1619 1442 1684 ἀκοντίζων
1470 1620 1607 1690 πρὸς
1638 1620 1722 1687 τὸ,
1746 1621 1848 1673 Ἐν

173 1715 333 1786 ἀρχῇ
357 1712 457 1785 ἦν,
483 1713 577 1766 καὶ
601 1712 700 1765 οὑκ
728 1711 909 1780 ἀφιεὶς
940 1709 1130 1779 στῆναί
1164 1727 1291 1773 που,
1332 1709 1455 1762 οὐδὲ
1497 1709 1622 1779 690v
1652 1708 1842 1771 τιθεὶς,

174 1806 427 1875 καθάπερ
466 1803 681 1865 ἐκεῖνοι,
711 1801 804 1852 τὸν
848 1798 1093 1868 Ἡρώδην
1118 1798 1213 1851 καὶ
1242 1798 1334 1850 τὸν
1360 1796 1610 1869 Τιϐέριον
1640 1795 1846 1849 καὶτὸν

185 1894 457 1961 Ἰωάννην.
494 1892 561 1941 ⁸³0
595 1888 650 1941 δὲ
692 1886 839 1953 ἀξιον
887 1886 1023 1955 μετά
1048 1884 1255 1938 τούτων
1288 1898 1310 1924 θ
1339 1885 1638 1954 θαυμάσαι,
1670 1885 1846 1936 ἐκεῖνο

176 1979 411 2050 μάλιστα
428 1978 600 2028 εἰπεῖν
619 1974 872 2038 ἐστιν,ὄτι
908 1972 1030 2025 οὕτε
1059 1966 1215 2036 οὗτος
1243 1971 1379 2042 πρὸς
1402 1973 1493 2025 τὸν
1518 1971 1844 2041 ὑψηλότερον

174 2067 365 2120 ἑαυτὸν
416 2065 575 2131 λόγον
625 2062 808 2130 ἀφιεὶς
850 2062 949 2128 τῆς
996 2061 1306 2130 οἰκονομίας
1354 2060 1661 2132 ἠμέλησεν·
1720 2059 1844 2113 οὒτε

172 2156 373 2207 ἐκεῖνοι
419 2152 517 2222 τὴν
580 2150 706 2220 περί
743 2148 947 2219 ταύτης
997 2147 1387 2211 ἐσπουδακότες
1419 2148 1687 2217 διήγησιν,
1745 2146 1844 2216 τὴν

170 2240 498 2314 προαιῶνιον
531 2239 791 2307 ἐσίγησαν
839 2234 1101 2305 ὕπαρξινο
1144 2236 1239 2289 καὶ
1286 2236 1428 2307 μάλα
1459 2236 1703 2299 εἰκότως.
1747 2236 1843 2287 Ἓν

168 2328 278 2399 γὰρ
306 2323 375 2398 ῆν
415 2326 478 2379 τὸ
504 2323 729 2394 Πνεῦμα
768 2322 826 2375 τὸ
867 2322 1049 2375 κινοῦν
1078 2322 1177 2385 τὰς
1223 2323 1481 2395 ἁπάντων
1518 2322 1695 2393 ψυχάς
1716 2338 1729 2350 ·
1763 2321 1842 2375 διὸ

168 2416 263 2469 καὶ
292 2410 495 2484 πολλὴν
544 2411 671 2481 περὶ
697 2409 793 2479 τὴν
823 2408 1161 2476 ἀπαγγελίαν
1193 2407 1534 2473 ἐπεδείξαντο
1573 2408 1670 2478 τὴν
1713 2407 1841 2477 ὀμό-

166 2518 336 2554 νοιαν.
362 2499 436 2552 Σὺ
456 2498 536 2559 δὲ,
556 2495 826 2566 ἀγαπητέ,
852 2494 1022 2562 Λόγον
1043 2495 1302 2558 ἀκούσας,
1331 2495 1596 2565 μηδέποτε
1628 2493 1839 2563 ἀνάσχῃ

166 2584 275 2636 τῶν
309 2580 577 2650 λεγόντων
610 2579 770 2648 ἔργον
803 2578 964 2631 αὑτὸν
985 2573 1145 2639 εἶναι,
1191 2576 1325 2629 ἀλλά
1352 2576 1483 2647 μηδὲ
1522 2576 1629 2629 τῶν
1653 2574 1841 2638 ἁπλῶς

166 2671 325 2738 λόγον
354 2668 520 2722 αὐτὸν
562 2662 699 2719 εἶναι
736 2664 1082 2735 νομιζόντων.
1136 2663 1327 2716 Πολλοὶ
1368 2663 1467 2731 μὲν
1508 2663 1615 2735 γάρ
1647 2664 1697 2715 οί
1746 2661 1838 2714 τοῦ

167 2758 300 2811 Θεοῦ
323 2755 497 2823 λόγοι,
524 2752 615 2816 οὓς
635 2752 723 2805 καὶ
743 2751 959 2820 ἄγγελοι
990 2750 1253 2814 ποιοῦσιν,
1276 2751 1390 2803 ἀλλ’
1420 2750 1591 2813 οὐδεὶς
1618 2750 1841 2801 ἐκείνων

166 2843 275 2896 τῶν
299 2843 475 2910 λόγων
496 2832 644 2902 Θεὸς,
666 2839 781 2893 ἀλλ’
804 2840 997 2891 ἐκεῖνοι
1020 2837 1119 2908 μὲν
1142 2838 1378 2899 ᾶπαντες
1395 2839 1720 2907 προφητεῖαι
1748 2837 1840 2888 καὶ

168 2929 570 3001 προστάγματα
600 2920 626 2964 ά
677 2923 858 2992 (οὕτω
886 2925 995 2993 γὰρ
1022 2923 1142 2986 ἔθος
1174 2926 1237 2994 τῇ
1279 2923 1470 2994 Γραφῇ
1504 2922 1687 2975 καλεῖν
1715 2923 1840 2982 τοὺς

168 3017 368 3086 νόμους
399 3014 492 3066 τοῦ
515 3012 670 3076 Θεοῦ,
710 3012 807 3065 καὶ
834 3012 902 3064 τά
937 3012 1306 3081 ἐπιτάγματα,
1345 3012 1439 3062 καὶ
1486 3009 1583 3072 τὰς
1622 3027 1836 3080 προφη-

167 3106 315 3166 τείας
337 3119 354 3135 ο
381 3103 462 3154 διὸ
484 3103 577 3154 καί
598 3101 793 3168 ἐπάγει
817 3099 989 3166 λέγων
1008 3099 1132 3170 περί
1157 3099 1265 3151 τῶν
1290 3099 1556 3168 ἀγγέλων,
1589 3092 1836 3152 Δυνατοί

170 3192 357 3259 ἰσχύϊ,
382 3187 697 3251 ποιοῦντες
726 3184 833 3238 τὸν
846 3187 1034 3253 λόγον
1056 3185 1276 3255 αὐτοῦ)
1298 3203 1311 3215 ·
1346 3179 1499 3247 οὗτος
1522 3184 1578 3237 δὲ
1612 3187 1640 3236 6
1670 3185 1840 3252 Λόγος

167 3278 324 3331 ούσία
348 3277 433 3338 τίς
464 3276 612 3326 ἐστιν
638 3273 1021 3336 ἐνυπόστατος,
1051 3272 1110 3338 ἐξ
1137 3271 1302 3326 αὐτοῦ
1332 3271 1667 3341 προελθοῦσα
1692 3272 1838 3323 ἀπα-

167 3366 275 3429 θῶς
304 3364 400 3417 τοῦ
432 3362 665 3433 Πατῴς.
692 3359 863 3413 Τοῦτο
904 3359 1033 3429 γάρ,
1069 3360 1142 3422 ὡς
1188 3358 1357 3429 ἔφθην
1382 3358 1569 3419 εἰπὼν,
1618 3357 1707 3410 διὰ
1741 3359 1839 3426 τῆς

168 3452 257 3505 τοῦ
292 3451 472 3517 Λόγου
500 3446 869 3517 προσηγορίας
892 3445 1178 3514 ἐδήλωσεν.
1218 3446 1427 3515 Ὥσπερ
1468 3441 1560 3498 οὖν
1600 3445 1681 3508 τὸ,
1739 3446 1841 3498 Ἑν

165 3539 323 3609 ἀρχῇ
353 3535 437 3609 ἦν
471 3540 504 3590 ό
526 3538 735 3604 Λόγος,
765 3533 827 3585 τὸ
846 3534 1015 3586 ἀΐδιον
1041 3534 1219 3601 δηλοῖ·
1252 3533 1392 3586 οῦτω
1431 3532 1510 3596 τὸ,
1546 3529 1735 3596 Οὗτος
1760 3527 1841 3600 ἦν

165 3631 233 3681 έν
260 3625 425 3697 ἀΡΖῖῙ
449 3624 600 3692 πρὸς
623 3623 730 3676 τὸν
766 3621 933 3683 Θεὸν,
976 3621 1038 3674 τὸ
1085 3621 1353 3673 συναῖδιον
1385 3623 1515 3691 ἡμῖν
1556 3621 1836 3689 ἐνέφηνεν.

170 3717 283 3769 Ἵνα
313 3716 423 3784 γὰρ
460 3712 556 3783 μὴ,
588 3710 827 3772 ἀκούσας
851 3710 934 3761 6::
971 3710 1071 3762 Ἐν
1090 3707 1246 3777 ἀρχῇ
1276 3705 1354 3777 ἦν
1378 3711 1409 3760 ό
1434 3711 1643 3776 Λόγος,
1670 3707 1839 3760 ἀΐδιον

171 3804 267 3872 μὲν
283 3801 535 3871 νομίσῃς,
562 3796 938 3867 πρεσϐυτέραν
957 3795 1014 3847 δὲ
1033 3793 1360 3863 διαστήματί
1384 3810 1487 3846 τινι
1510 3793 1603 3845 τοῦ
1629 3793 1839 3862 Πατρὸς

166 3892 263 3959 τὴν
292 3887 440 3957 ζωὴν
473 3883 821 3953 ὑποπτεύσῃς
850 3883 944 3934 καὶ
978 3881 1133 3935 αἰῶνι
1167 3881 1391 3943 πλείονι,
1421 3882 1515 3932 καὶ
1552 3878 1629 3949 τῷ
1668 3882 1840 3932 Μονο-

167 3980 311 4044 γένῖἶ
332 3975 441 4045 δῷς
468 3972 658 4043 ἀρχὴν,
691 3972 940 4039 ἐπήγαγε
975 3969 1055 4034 τὸ,
1091 3970 1173 4020 6::
1218 3969 1312 4019 Ἐν
1344 3966 1501 4035 ἀρχῇ
1546 3968 1695 4033 πρὸς
1734 3967 1842 4020 τὸν

171 4068 317 4119 Θεὸν
343 4063 447 4135 ἦν,
485 4060 655 4124 οὕτως
682 4060 867 4123 ἀίδιος,
895 4059 970 4122 ὡς
997 4069 1020 4097 ο
1050 4058 1210 4120 αὐτὸς
1241 4061 1269 4111 6
1294 4058 1483 4127 Πατήρ
1502 4075 1515 4088 -
1551 4058 1610 4109 οὐ
1635 4058 1742 4127 γὰρ
1772 4053 1840 4127 ἦν

168 4156 370 4224 ἔρημος
404 4150 656 4204 οὐδέποτε
685 4147 779 4199 τοῦ
806 4146 1002 4214 Λόγου,
1036 4145 1149 4198 ἀλλ’
1176 4146 1262 4198 ἀεὶ
1288 4146 1419 4207 Θεὸς
1444 4145 1579 4214 πρὸς
1599 4144 1729 4196 Θεὸν
1749 4140 1838 4214 ἦν,

169 4245 225 4293 ὲν
257 4238 560 4293 ὑποστάσει
608 4236 790 4305 μέντοι
821 4234 944 4303 ἰδίᾳ.
975 4232 1096 4295 Πῶς
1135 4228 1247 4296 οῦν,
1298 4232 1480 4301 φησὶν,
1527 4229 1693 4291 εἶπεν,
1735 4232 1837 4283 ὅτι·

181 4332 281 4382 Ἐν
297 4326 378 4393 τῷ
404 4330 610 4392 κόσμῳ
641 4320 740 4392 ἦν,
775 4322 827 4374 εἰ
856 4339 917 4389 γε
965 4321 1099 4391 πρὸς
1131 4321 1223 4373 τὸν
1266 4321 1395 4374 Θεὸν
1440 4316 1537 4391 ἦν;
1591 4322 1710 4372 Ὅτι
1747 4321 1840 4373 καὶ

174 4416 289 4488 [28]
322 4415 463 4485 πρὸς
491 4412 583 4465 τὸν
605 4411 739 4464 Θεὸν
766 4406 833 4481 ἦν
860 4414 929 4471 θ’,
952 4410 1046 4462 καὶ
1072 4411 1129 4461 ἐν
1160 4407 1235 4479 τῷ
1267 4409 1453 4478 κόσμῳ
1480 4404 1566 4478 ἦν.
1593 4407 1840 4477 Ούδαμοῦ

172 4506 279 4573 γὰρ
309 4499 657 4569 περατοῦται,
676 4498 799 4551 οὗτε
825 4499 853 4550 6
881 4496 1086 4566 Πατὴρ,
1111 4494 1233 4549 οὔτε
1268 4500 1295 4548 ὁ
1326 4497 1469 4557 Υἱός.
1507 4498 1574 4549 El
1604 4496 1709 4567 γὰρ
1734 4513 1764 4547 τ
1773 4494 1842 4561 ῆς

168 4589 601 4659 μεγαλωσύνης
622 4586 807 4640 αὑτοῦ
839 4589 951 4639 οὑκ
989 4584 1119 4638 ἐστι
1171 4585 1375 4650 πέρας,
1412 4585 1520 4636 Καὶ
1553 4582 1664 4649 τῆς
1694 4599 1841 4635 συν-

170 4674 556 4744 ἐσεωςαὺτοῦ
575 4676 685 4727 οὐκ
708 4673 878 4726 ἐστιν
898 4672 1140 4740 ἀριθμός
1162 4690 1175 4701 -
1202 4671 1323 4723 οὐδὲ
1346 4674 1441 4740 τῆς
1464 4670 1649 4731 οὐσίας
1684 4668 1841 4739 εὔδη-

170 4770 257 4821 λον
294 4768 376 4820 δτι
416 4764 559 4834 ἀρχή
619 4779 701 4825 τις
760 4763 1002 4831 χρονική.
1054 4761 1349 4821 Ἤκουσας,
1394 4761 1473 4810 ὅτι
1544 4758 1638 4809 Ἐν
1685 4757 1843 4826 ἀρχῇ

172 4857 459 4921 ἐποίησεν
486 4855 520 4905 ό
552 4849 689 4914 Θεὸς
720 4850 827 4900 τὸν
853 4847 1113 4913 οὐρανὸν
1139 4846 1234 4899 καί
1270 4845 1384 4912 τὴν
1404 4845 1559 4913 γῆν;
1596 4845 1660 4896 Τί
1704 4848 1843 4906 νοεῖς

176 4940 277 4992 ἀπὸ
320 4939 421 5005 τῆς
474 4935 644 5004 ἀρχῆς
689 4932 925 5001 ταύτης;
968 4930 1201 5000 Εὔδηλον
1241 4932 1321 4982 6::
1363 4930 1424 4982 :6
1477 4930 1581 5000 πρὸ
1626 4931 1842 4982 πάντων

180 5026 423 5092 γενέσθαι
458 5022 601 5076 αὑτά
630 5019 739 5072 τῶν
765 5018 993 5089 ὁρατῶν.
1027 5018 1183 5071 Οῦτω
1213 5019 1304 5070 καὶ
1333 5018 1459 5087 περὶ
1483 5017 1573 5070 τοῦ
1602 5019 1842 5084 Μονογε-

181 5114 295 5177 νοῦς
318 5110 555 5170 ἀκούων,
587 5109 667 5160 6::
702 5108 806 5158 Ἐν
840 5103 1001 5174 ἀρχῇ
1028 5102 1124 5173 ἦν,
1166 5105 1270 5173 πρὸ
1302 5105 1516 5156 πάντων
1549 5103 1708 5156 αὑτὸν
1735 5106 1843 5155 νόει

182 5201 278 5253 τῶν
300 5199 508 5269 νοητῶν
537 5197 632 5248 καὶ
668 5195 774 5266 πρὸ
811 5193 921 5245 τῶν
956 5191 1187 5244 αἰώνων.
1224 5193 1283 5244 Εἰ
1306 5192 1363 5244 δὲ
1394 5191 1540 5259 λέγοι
1573 5208 1656 5254 τις
1686 5206 1700 5218 ·
1735 5191 1846 5242 Καὶ

187 5286 289 5344 πῶς
318 5288 484 5341 ἐστιν,
532 5278 662 5331 Υἱὸν
693 5277 820 5328 ὄντα
862 5275 937 5345 μὴ
981 5273 1244 5344 νεώτερον
1275 5272 1412 5325 εἶναι
1453 5272 1547 5324 τοῦ
1592 5273 1843 5343 Πατρός;

186 5372 237 5422 :6
264 5372 366 5439 γάρ
390 5369 455 5422 εκ
476 5383 626 5427 τινος
651 5364 733 5427 ὃν,
779 5363 991 5431 ἀνάγκη
1035 5363 1183 5414 πᾶσα
1228 5360 1453 5431 ὕστερον
1493 5355 1629 5412 εἶναι
1663 5360 1757 5412 τοῦ
1789 5360 1847 5424 ἐξ

187 5453 239 5509 οὗ
267 5462 426 5521 ἐστιν,
460 5454 731 5523 ἐροῦμεν,
784 5452 866 5503 6::
919 5449 1152 5519 μάλιστα
1213 5449 1310 5518 μὲν
1348 5446 1521 5499 ταῦτα
1576 5446 1848 5516 λογισμῶν

241 5655 268 5681 ⁸⁸
289 5652 380 5700 Alii
414 5652 469 5699 ἐκ
489 5649 666 5704 ταύτης
684 5646 766 5695 οὖν
783 5646 984 5705 ἀνάγων.

244 5712 789 5773 »Αιιὶάφεὶςαύεόςοη
984 5767 995 5773 _
1103 5766 1113 5773 ,
1300 5772 1303 5773 ν
1360 5767 1369 5773 ,
1649 5764 1702 5773 ..

246 5778 265 5804 ο
288 5777 392 5823 53v.
415 5765 538 5835 μξετά
553 5768 719 5835 τοῦτο,
745 5767 865 5817 Mor.
891 5767 1009 5829 μετὰ
1035 5766 1233 5826 τούτων,
1260 5772 1313 5814 et
1331 5767 1401 5815 sic
1420 5779 1533 5815 mss.
1562 5765 1723 5814 mulli.

245 5836 268 5873 ⁸
289 5832 489 5893 Quidém
515 5833 600 5880 καὶ
622 5832 894 5893 πράγματα.

247 5911 267 5935 ε
292 5890 400 5943 Πίπ.
431 5896 589 5942 οὕτως
612 5890 764 5945 ἀΐδιος
790 5890 945 5945 δηλῶν
968 5891 1044 5944 ὡς.
1073 5890 1184 5937 Sa".
1211 5890 1360 5943 οὕτως
1381 5890 1528 5945 ἀίδιος
1563 5893 1644 5943 ὡς.

250 5960 289 5993 ε’
314 5957 474 6015 Monlf.
508 5954 632 6015 πρὸς
649 5953 732 5998 τὸν
752 5950 950 6015 Θεὸςγῄν
975 5952 1029 6011 (1.
1065 5952 1181 6015 πρὸς
1204 5952 1435 6015 :61???»
1461 5953 1578 6015 Θεὸς
1602 5951 1699 6009 ἡν),
1720 5950 1849 6015 quod

200 6023 414 6074 expres“:
453 6012 731 6073 intétpros.
762 6012 857 6057 Nos
877 6012 968 6055 Su:
1017 6019 1063 6057 el
1096 6014 1216 6057 0mm
1263 6012 1354 6056 70?;
1391 6021 1433 6057 Pl
1463 6014 1552 6059 7:;6
1583 6014 1741 6058 srmli
1766 6025 1849 6055 su-

193 6092 298 6125 mus.
326 6081 454 6125 ιιυιτ.

1951 935 2228 1006 λογισμῶν
2259 933 2466 987 τούτων
2503 934 2794 1004 ἀκολουθίᾳ
2828 950 2883 985 τε
2917 935 3012 985 καὶ
3050 935 3285 1007 ἀνάγκη.
3330 936 3474 1006 Πλὴν
3513 935 3628 988 ἀλλ’

1953 1020 2093 1093 ὑπὲρ
2123 1022 2496 1094 πληροφορίας
2525 1021 2632 1073 τῶν
2661 1020 3068 1091 ἀσθενεστέρων
3088 1062 3101 1084 ,
3153 1022 3245 1074 καὶ
3291 1021 3427 1092 πρὸς
3456 1021 3629 1075 ταῦτα

1950 1107 2076 1178 ἐροῦ
2085 1124 2203 1179 μεν,

2023 1196 2089 1268 β’.
2123 1191 2257 1251 Εἰπέ
2281 1197 2389 1266 γάρ
2416 1202 2528 1265 μοι,
2564 1195 2638 1247 Τὸ
2660 1193 3000 1265 ἀπαύγασμα
3033 1193 3126 1246 τοῦ
3179 1193 3332 1264 ἡλίου
3367 1192 3427 1259 ἐξ
3458 1184 3630 1265 αὐτῆς

1950 1272 2159 1355 ἐκπηδᾷ
2174 1283 2274 1354 τῆς
2305 1282 2398 1337 τοῦ
2422 1282 2573 1351 ἡλίου
2592 1282 2826 1352 φύσεως,
2855 1281 2888 1352 ἢ
2916 1281 3135 1336 ἄλλοθέν
3161 1280 3357 1347 ποθεν;
3391 1282 3627 1353 ’Δνάγκη

1951 1372 2101 1424 πᾶσα
2124 1368 2456 1439 ὁμολογῆσαι
2492 1368 2583 1421 τὸν
2617 1368 2691 1438 μὴ
2720 1368 2813 1421 κα)⁸
2856 1368 2954 1431 τάς
2992 1358 3269 1438 αἰσθήσεις
3298 1370 3629 1439 πεπηρωμέ-

1949 1473 2059 1518 νον,
2093 1458 2176 1509 ὅτι
2210 1454 2269 1521 ἐξ
2300 1455 2492 1524 αὐτῆς.
2530 1454 2670 1507 Ἀλλ’
2692 1455 2840 1524 ὅμως
2868 1456 2961 1508 καὶ
2992 1454 3052 1520 ἐξ
3072 1455 3235 1508 αὑτοῦ
3262 1454 3321 1508 δν
3354 1454 3446 1509 τοῦ
3473 1455 3626 1526 ἡλίου

1948 1543 2008 1595 τὸ
2040 1542 2399 1611 ἀπαύγασμα,
2440 1541 2539 1593 οὐκ
2562 1540 2626 1593 ἄν
2658 1557 2789 1592 ποτε
2828 1540 3052 1609 ὕστερον
3078 1535 3220 1593 εἶναι
3259 1541 3498 1611 φαίημεν
3530 1541 3628 1610 τῆς

1949 1630 2179 1699 ἡλιακῆς
2197 1628 2430 1696 φύσεως,
2456 1628 2640 1707 ἐπειδῂ
2671 1628 2804 1697 μηδὲ
2832 1628 2999 1697 χωρὶς
3016 1628 3449 1698 ἀωυγάσματος
3474 1626 3629 1698 ῆλιος

1950 1716 2123 1785 ἐφάνη
2156 1717 2306 1770 ποτέ.
2340 1716 2402 1767 Εἰ
2431 1715 2487 1767 δὲ
2514 1716 2606 1768 ἐπὶ
2638 1716 2746 1767 τῶν
2778 1716 3045 1783 σωμάτων
3071 1714 3275 1767 τούτων
3290 1713 3397 1766 τῶν
3415 1714 3627 1786 ὁρατῶν

1947 1802 2042 1855 καὶ
2074 1800 2369 1871 αἰσθητῶν,
2415 1801 2511 1853 καὶ
2551 1802 2618 1853 ἐκ
2658 1800 2802 1862 τινὸς
2834 1799 2915 1861 ὃν,
2951 1799 3045 1851 καὶ
3080 1800 3177 1868 οὐχ
3212 1798 3438 1868 ὕστερον
3472 1799 3532 1865 ἐξ
3564 1794 3627 1854 οῦ

1948 1890 2094 1940 ἐστιν
2123 1886 2294 1958 ἐφάνη
2325 1904 2377 1939 τι
2404 1885 2483 1951 ὃν,
2508 1886 2560 1938 τί
2582 1887 2831 1948 ἀπιστεῖς
2851 1885 2942 1938 ἐπὶ
2968 1886 3066 1956 τῆς
3088 1886 3321 1955 ἀοράτου
3334 1886 3429 1939 καὶ
3453 1887 3626 1958 099'!)—

1945 1992 2038 2028 του
2069 1974 2315 2043 φύσεως;
2352 1974 2426 2027 Τὸ
2456 1973 2589 2027 αὐτὸ
2615 1973 2679 2041 δὴ
2708 1973 2866 2025 τοῦτό
2902 1973 3051 2026 ἐστιν
3085 1971 3277 2037 οὕτως,
3329 1974 3405 2037 ὡς
3440 1973 3628 2046 ἐκείνῃ

1945 2065 2010 2132 τῇ
2038 2061 2195 2133 οὐσίᾳ
2230 2060 2441 2129 πρέπον
2484 2056 2573 2130 ἦν.
2624 2060 2722 2111 Διά
2760 2060 2869 2130 γάρ
2905 2076 2988 2111 τοι
3031 2061 3186 2112 τοῦτο
3227 2060 3321 2112 καί⁵
3350 2062 3379 2112 6
3415 2059 3625 2122 Παῦλος

1946 2149 2107 2202 αὑτὸν
2137 2149 2308 2211 οὕτως
2333 2148 2581 2206 ἐκάλεσε,
2617 2147 2707 2201 καὶ
2738 2148 2799 2200 τὸ
2835 2147 2895 2211 ἐξ
2936 2147 3100 2200 αὑτοῦ
3138 2148 3231 2199 καὶ
3262 2147 3322 2199 :6
3359 2148 3625 2200 cuvathv

1946 2234 2247 2307 παριστῶν.
2279 2234 2343 2286 Τί
2370 2234 2426 2286 δέ
2451 2250 2464 2298 ;
2489 2233 2609 2286 εἰπέ
2634 2251 2743 2304 μοι,
2762 2236 2860 2303 οὐχ
2881 2237 2929 2287 οἰ
2957 2234 3153 2296 αἰῶνες
3180 2233 3246 2285 δι’
3276 2234 3442 2286 αὑτοῦ
3463 2236 3625 2303 γεγό-

1944 2339 2097 2376 νασιν
2128 2321 2366 2384 ἆπαντες
2390 2320 2482 2374 καὶ
2516 2320 2789 2391 διάστημα
2814 2323 2991 2384 ἀπαν;
3033 2321 3270 2391 Ἀνάγκη
3300 2323 3450 2375 πᾶσα
3494 2324 3624 2391 ὁμο·

1944 2409 2173 2478 λογῆσαι
2199 2409 2290 2461 τὸν
2328 2409 2402 2478 μὴ
2438 2408 2837 2477 παραπαίοντα.
2884 2407 3093 2460 Οὐκοῦν
3125 2408 3276 2460 οὐδὲν
3300 2407 3463 2478 μέσον
3493 2409 3622 2461 Υἰοῦ

1944 2496 2038 2548 καὶ
2078 2494 2307 2565 Πατρός.
2334 2495 2395 2547 Εἰ
2425 2494 2482 2547 δὲ
2525 2495 2696 2557 οὐδὲν,
2722 2495 2820 2564 ούχ
2863 2493 3109 2564 ὕστερος,
3148 2493 3287 2548 ἀλλά
3333 2495 3618 2559 ωναῖδιος.

1945 2584 2017 2635 1‘6
2049 2583 2157 2654 γὰρ
2190 2583 2322 2649 πρὸ,
2346 2582 2441 2635 καὶ
2468 2578 2528 2636 :6
2553 2580 2723 2651 μετὰ,
2757 2582 2963 2653 χρόνων
3009 2583 3146 2634 εἰσὶν
3171 2581 3369 2635 ἔννοιαι
3399 2583 3626 2652 δηλωτι-

1945 2670 2058 2722 καί.
2091 2669 2273 2739 Χωρίς
2302 2668 2411 2740 γὰρ
2442 2669 2634 2732 αἰῶνος
2676 2671 2709 2739 ἢ
2758 2669 2947 2738 χρόνον
2991 2669 3091 2720 οὐκ
3135 2668 3201 2720 ἂν
3246 2668 3498 2738 δυνηθείη
3540 2686 3624 2730 τις

1944 2755 2115 2808 ταῦτα
2136 2756 2326 2824 νοῆσαι
2356 2755 2422 2808 τὰ
2458 2756 2700 2824 ῥήματα.
2735 2753 2951 2823 Χρόνων
2980 2754 3034 2805 δὲ
3066 2752 3158 2805 καὶ
3191 2752 3402 2805 αἰώνων
3431 2754 3624 2807 ἀνώτε-

1948 2858 2037 2910 ρος
2065 2845 2093 2894 6
2118 2836 2267 2903 Θεός.
2290 2842 2351 2894 Εἰ
2375 2841 2431 2893 δὲ
2449 2841 2585 2903 ὅλως
2605 2840 2699 2893 τοῦ
2730 2840 2861 2892 Υίοῦ
2886 2842 2991 2910 φῂς
3021 2839 3193 2910 ἀρχὴν
3214 2840 3619 2911 κατειληφέναι,

1942 2930 2044 3000 ὅρα
2072 2929 2146 3000 μὴ
2173 2928 2266 2981 καὶ
2298 2917 2387 2981 τὸν
2415 2928 2632 2998 Πατέρα
2653 2927 2758 2980 ὑπὸ
2788 2928 2960 2998 ἀρχὴν
2995 2924 3347 2997 ἀναγκασθῇς
3395 2928 3623 2995 ἀγαγεῖν

1945 3018 2085 3095 κατὰ
2104 3016 2292 3069 τοῦτον
2313 3016 2405 3069 τὸν
2436 3015 2593 3083 λόγον
2639 3016 2730 3068 καὶ
2768 3015 2857 3068 τὸν
2900 3015 3179 3085 λογισμὸν,
3241 3015 3622 3087 πρεσϐυτέραν

1947 3106 2064 3175 μὲν,
2091 3103 2265 3174 ἀρχὴν
2294 3103 2349 3154 δὲ
2379 3104 2548 3172 ὅμως.
2599 3102 2732 3154 Εἰπὲ
2772 3102 2879 3172 γάρ
2911 3119 3023 3171 μοι,
3063 3102 3161 3171 οὐχ
3186 3101 3311 3171 ὅρον
3360 3101 3482 3155 τινὰ
3528 3106 3624 3155 καὶ

1941 3187 2115 3257 ἀρχὴν
2146 3184 2456 3255 προστιθεὶς
2486 3188 2511 3225 ⁸
2547 3184 2621 3255 τῷ
2651 3183 2785 3253 Υίῷ,
2807 3185 2901 3237 καί
2929 3182 3072 3237 οὕτω
3100 3184 3303 3254 προῖὼν
3329 3184 3424 3236 ἀπ’
3452 3185 3624 3255 αὐτῆς

1943 3270 2036 3322 ἐπὶ
2067 3270 2126 3321 τὸ
2156 3269 2288 3331 ἀνω,
2324 3268 2416 3321 τὸν
2446 3268 2664 3339 Πατέρα
2710 3269 2956 3338 προεῖναι
2996 3265 3175 3335 λέγεις
3204 3283 3217 3331 ;
3258 3265 3491 3337 Εὔδηλον
3516 3268 3620 3320 ὅτι.

1944 3352 2079 3406 Εἱπέ
2117 3348 2209 3405 οῦν
2245 3369 2356 3421 μοι,
2391 3351 2555 3403 πόσον
2592 3352 2620 3403 6
2658 3352 2843 3421 Πατὴρ
2876 3352 3255 3422 προῦπάρχει;
3294 3352 3393 3403 Ἂν
3420 3367 3479 3403 τε
3512 3352 3621 3419 γὰρ

1942 3435 2142 3502 ὀλίγον,
2170 3434 2235 3487 ἄν
2263 3451 2321 3487 τε
2356 3434 2489 3487 πολὺ
2513 3433 2786 3505 δὶάστημα
2814 3435 2996 3506 εἴπῃς,
3039 3435 3145 3487 ὑπὸ
3188 3434 3285 3504 τὴν
3326 3434 3501 3505 ἀρχὴν
3530 3433 3624 3484 τὸν

1944 3516 2163 3590 Πατέρα
2193 3521 2418 3590 ῆγαγες.
2444 3522 2738 3589 Μετρήσας
2779 3520 2886 3591 γὰρ
2931 3520 3152 3590 εὔδηλον
3195 3523 3277 3574 6::
3320 3519 3383 3572 :6
3434 3520 3618 3590 μέσον,

1942 3607 2115 3670 οὕτως
2138 3607 2316 3675 ὀλίγον
2351 3608 2547 3677 ἐρεῖςῆ
2581 3607 2713 3659 πολύ
2732 3625 2746 3637 ·
2788 3608 3057 3677 μετρῆσαι
3079 3607 3133 3659 δὲ
3160 3607 3260 3659 οῦκ
3286 3607 3352 3660 ἂν
3386 3606 3617 3675 γένοιτο,

1948 3694 2023 3766 μὴ
2053 3695 2398 3764 ἑκατέρωθεν
2423 3692 2589 3762 οὔσης
2625 3692 2736 3762 [‘29]
2766 3694 2960 3762 ἀρχῆς,
2997 3694 3160 3745 Ὥστε
3206 3693 3300 3745 καὶ
3343 3692 3420 3761 τῷ
3446 3694 3622 3763 Πατρὶ

1942 3784 2180 3844 δέδωκας
2211 3781 2406 3851 ἀρχὴν,
2431 3780 2491 3832 τό
2513 3797 2576 3847 γε
2610 3782 2690 3842 εἰς
2724 3780 2783 3832 σὲ
2807 3776 2944 3849 ἧκον
2969 3797 2981 3808 ο
3019 3781 3111 3832 καὶ
3134 3780 3235 3833 οὐκ
3269 3779 3421 3833 ἔσται
3437 3780 3622 3833 λοιπὸν

1944 3865 2065 3918 οῦδέ
2095 3867 2124 3916 6
2150 3863 2339 3932 Πατὴρ
2384 3862 2622 3932 ἄναρχος
2670 3861 2791 3915 καθ’
2831 3863 2993 3930 ὑμᾶς.
3040 3861 3201 3932 Ὁρᾷς
3240 3862 3323 3913 ὃτι
3360 3861 3422 3914 τὸ
3470 3863 3622 3932 παρά

1944 3952 2038 4004 τοῦ
2097 3950 2346 4019 Σωτῆρος
2404 3948 2590 4019 λεχθὲν
2638 3948 2834 4018 ἀληθές
2880 3953 3015 4007 ἐστι.
3071 3950 3164 4001 καὶ
3203 3948 3480 4018 πανταχοῦ
3522 3950 3620 4018 τὴν

1945 4034 2173 4103 δύναμιν
2198 4033 2527 4086 ἐνδείκνυται
2553 4034 2651 4101 τὴν
2676 4031 2841 4084 αὐτοῦ
2864 4033 2924 4084 τὸ
2948 4034 3013 4102 ῥῆ
3023 4051 3097 4102 μα
3122 4049 3135 4097 ;
3164 4034 3321 4085 Ποῖον
3345 4033 3409 4103 δὴ
3429 4032 3619 4094 τοῦτο;

1958 4119 2019 4170 '0
2043 4118 2126 4185 μὴ
2157 4114 2339 4183 τιμῶν
2371 4115 2478 4167 τὸν
2507 4115 2659 4175 Υίὸν,
2690 4116 2760 4166 οὐ
2795 4113 2930 4182 τιμᾷ
2951 4116 3057 4166 τὸν
3084 4115 3335 4180 Πατέρα.
3369 4115 3476 4166 Καὶ
3505 4110 3620 4166 οἴδα

1950 4205 2045 4273 μὲν
2077 4202 2290 4263 πολλοῖς
2321 4201 2702 4268 ἀκατάληπτον
2751 4198 2809 4251 ὃν
2854 4200 2916 4251 τὸ
2958 4199 3145 4267 λεχθέν
3171 4217 3183 4229 ·
3225 4199 3305 4251 διὸ
3352 4199 3619 4269 πολλαχοῦ

1947 4292 2039 4343 καὶ
2068 4290 2135 4342 τὰ
2161 4289 2268 4341 ἀπὸ
2289 4287 2397 4338 τῶν
2417 4286 2693 4353 λογισμῶν
2720 4284 3134 4353 ἀναϐαλλόμεθα
3158 4288 3354 4346 κινεῖν,
3385 4286 3466 4337 6::
3497 4286 3618 4337 οὔτε

1949 4369 2375 4443 παρακολουθεῖν
2399 4370 2580 4430 αὐτοῖς
2614 4370 2642 4419 6
2668 4367 2852 4428 λοιπὸς
2883 4367 3085 4419 δύναιτ’
3132 4366 3197 4419 ἂν
3232 4368 3428 4437 δῆμος⁸
3473 4367 3617 4429 οὔτε,

1948 4459 1994 4508 εἰ
2018 4451 2564 4521 παρακολουθήσειεν,
2597 4448 2707 4517 ἔχει
2734 4465 2785 4499 τι
2822 4447 3035 4517 βέϐαιον
3079 4450 3172 4500 καὶ
3212 4449 3470 4514 ἀσφαλές.
3512 4455 3623 4503 Λο-

1948 4542 2148 4610 γισμοί
2200 4540 2309 4608 γὰρ
2367 4536 2693 4604 ἀνθρώπων
2740 4535 2945 4596 δειλοὶ,
3005 4535 3099 4586 καί
3148 4536 3505 4602 ἐπισφαλεῖς
3539 4541 3622 4590 ἀι

1947 4630 2204 4680 ἐπίνοιαι
2233 4623 2448 4677 αὐτῶν.
2491 4622 2689 4681 Ἡδέως
2724 4621 2767 4674 δ’
2806 4621 2870 4674 ἂν
2912 4622 3132 4673 κάκεῖνο
3166 4621 3391 4692 ἐροίμην
3432 4623 3557 4685 τοὺς
3590 4625 3619 4664 Ιι

1948 4715 2321 4781 ἀιτιλέγοντας
2354 4715 2506 4782 ἡμῖν,
2541 4711 2593 4762 τί
2627 4710 2755 4762 ποτέ
2794 4712 2909 4761 ἐστι
2951 4709 3011 4761 :6
3062 4708 3212 4778 παρά
3253 4708 3328 4778 τῷ
3369 4712 3621 4783 προφήτῃ

1946 4804 2253 4873 λεγόμενον,
2290 4800 2371 4859 τὸ.
2429 4799 2810 4867 Ἐμπροσθέν
2850 4816 2970 4865 μου
3007 4799 3117 4850 οὐκ
3145 4783 3383 4867 ἐγένετο
3435 4798 3620 4865 ἄλλος

1951 4887 2133 4952 Θεὸς,
2190 4884 2284 4935 καὶ
2340 4882 2470 4951 μετ’
2522 4881 2625 4948 ἐμὲ
2671 4883 2779 4933 οὐκ
2823 4881 3033 4940 ἕστιν;
3089 4880 3149 4930 Εἰ
3195 4879 3302 4950 γὰρ
3356 4882 3620 4951 νεώτερος

1948 4969 2039 5021 τοῦ
2082 4967 2338 5037 Πατρὸςό
2368 4965 2514 5027 Υἱὸς,
2574 4962 2688 5024 πῶς
2740 4980 2889 5031 φησι,
2926 4964 3060 5014 Μετ’
3102 4962 3207 5029 ἐμὲ
3251 4964 3362 5015 οὐκ
3416 4963 3620 5023 Eatur;

1947 5049 2093 5121 τΛρα
2152 5047 2245 5102 οὖν
2298 5050 2618 5116 ἀναιρήσετε
2669 5046 2763 5096 καὶ
2808 5043 2971 5096 αὑτοῦ
3006 5043 3099 5095 τοῦ
3142 5044 3477 5110 Μονογενοῦς
3521 5046 3619 5112 τὴν

1949 5132 2175 5195 ούσίαν;
2220 5131 2457 5198 Ἀνάγκη
2498 5128 2669 5197 γάρῆ
2710 5126 2865 5178 τοῦτο
2910 5125 3133 5194 τολμᾷν,
3181 5125 3213 5189 ἢ
3258 5125 3386 5192 μίαν
3440 5142 3619 5192 παρα-

1950 5215 2203 5281 δέξασθαι
2259 5213 2356 5283 τὴν
2404 5213 2631 5278 θεότητα
2689 5213 2743 5261 ἐν
2786 5210 2889 5278 ἰδίᾳ
2939 5208 3232 5259 ὑποστάσει
3280 5207 3489 5277 [10:96;
3528 5209 3621 5259 καὶ

1954 5302 2103 5355 Υἱοῦ.
2152 5298 2262 5352 Ποῦ
2288 5299 2342 5350 δὲ
2368 5299 2502 5359 ὅλως
2533 5298 2611 5355 τὸ,
2651 5295 2851 5348 Πάντα
2877 5294 2951 5345 δι’
2984 5293 3167 5346 αὐτοῦ
3203 5291 3456 5362 ἐγένετο.
3493 5293 3620 5361 ἀλη-

1952 5390 2076 5452 θές;
2109 5389 2168 5440 Et
2193 5387 2299 5456 γάρ
2328 5388 2472 5437 ἐστιν
2500 5383 2631 5437 αἰὼν
2660 5382 2820 5435 αὐτοῦ
2870 5380 3236 5450 πρεσϐύτερος
3255 5420 3269 5442 ,
3313 5379 3427 5442 πῶς
3455 5380 3522 5434 ἂν
3562 5381 3623 5431 τὸ

1955 5476 2058 5546 πρὸ
2089 5473 2272 5533 αὐτοῦ,
2297 5472 2361 5524 δι’
2387 5470 2550 5523 αὑτοῦ
2592 5467 2950 5537 γεγενημένον
2982 5468 3100 5533 είης
3156 5466 3346 5534 Ὁρᾶτε
3377 5468 3454 5527 εἰς
3490 5467 3621 5533 ὅσην

1951 5563 2152 5632 τόλμαν
2201 5561 2396 5622 αὐτοὺς
2446 5557 2592 5620 ἅπαξ
2645 5553 3110 5625 παρακινηθείσης
3150 5553 3249 5621 τῆς
3296 5552 3548 5621 ἀληθείας
3595 5556 3624 5604 6

1953 5650 2106 5718 λόγος
2135 5647 2369 5715 ἐξήγαγε
2396 5664 2410 5709 ;
2438 5645 2584 5696 Διατί
2612 5642 2719 5710 γὰρ
2742 5643 2841 5693 οῦκ
2869 5635 3020 5691 εἶπεν
3058 5639 3086 5689 6
3108 5638 3516 5706 εῦαγγελιστὴς,
3540 5640 3619 5689 ὅτι

1953 5737 2012 5800 ἐξ
2053 5738 2151 5788 οὐκ
2190 5735 2357 5787 ὄντων
2406 5731 2637 5798 ἐγένετο.
2690 5727 2939 5797 καθάπερ
2962 5727 3088 5795 περί
3116 5725 3331 5778 πάντων
3357 5727 3385 5776 ό
3416 5725 3623 5785 Παῦλος

1952 5822 2331 5890 ἀποφαίνεται,
2358 5819 2530 5882 λέγων
2565 5815 2754 5877 οὕτως,
2775 5815 2825 5865 Ὀ
2857 5813 3123 5876 καλέσας
3166 5813 3234 5862 τὰ
3262 5812 3347 5876 μὴ
3378 5809 3522 5869 ὄντα
3546 5812 3624 5874 ὡς

2024 5943 2044 5979 τ
2071 5941 2273 5999 Quidam
2293 5938 2533 6007 λογισμῶν
2556 5936 2826 6007 ἀνθρώπων.

2024 6007 2046 6039 εξ
2075 5989 2275 6059 QuIdnm
2311 5989 2552 6059 190::65iq.
2584 5989 2809 6054 Iul-puum)
2836 5992 3199 6059 p:7%1_pnllnili_li
3226 5989 3625 6059 προϊέναι-λέγεις.

2028 6068 2048 6101 ιι
2075 6052 2155 6112 ἔμ’
2180 6064 2304 6107 δαιίε
2352 6052 2397 6104 ἰιι
2426 6057 2627 6104 maxima
2656 6052 2764 6117 pars
2786 6052 2899 6102 mis.
2948 6056 3115 6102 Morel.
3152 6052 3338 6111 ἐροίμην
3361 6052 3478 6108 πρὸς
3501 6055 3629 6111 τούς,
