  <div class='ocr_page' id='page_1' title='image "/cluster/home/n/w/nwhite01/storage/ocr_20150623/59/mdp.39015009383640/047.png"; bbox 0 0 4370 6306; ppageno 0'>
   <div class='ocr_carea' id='block_1_1' title="bbox 620 244 3880 312">
    <p class='ocr_par' dir='ltr' id='par_1_1' title="bbox 620 244 3880 312">
     <span class='ocr_line' id='line_1_1' title="bbox 620 244 3880 312; baseline -0.004 -1"><span class='ocrx_word' id='word_1_1' title='bbox 620 257 691 312; x_wconf 76' lang='grc'>49</span> <span class='ocrx_word' id='word_1_2' title='bbox 1305 250 1357 304; x_wconf 85' lang='lat' dir='ltr'><strong>S.</strong></span> <span class='ocrx_word' id='word_1_3' title='bbox 1401 246 1681 305; x_wconf 71' lang='lat' dir='ltr'>JOANNIS</span> <span class='ocrx_word' id='word_1_4' title='bbox 1717 244 2211 302; x_wconf 70' lang='lat' dir='ltr'>CIIBYSOSTOMI</span> <span class='ocrx_word' id='word_1_5' title='bbox 2248 244 2566 303; x_wconf 75' lang='lat' dir='ltr'>ARCIIIEP.</span> <span class='ocrx_word' id='word_1_6' title='bbox 2606 245 3139 304; x_wconf 79' lang='lat' dir='ltr'>CONSTANTINOP</span> <span class='ocrx_word' id='word_1_7' title='bbox 3806 244 3880 299; x_wconf 77' lang='lat'><strong>50</strong></span> 
     </span>
    </p>
   </div>
   <div class='ocr_carea' id='block_1_2' title="bbox 610 360 2187 433">
    <p class='ocr_par' dir='ltr' id='par_1_2' title="bbox 610 360 2187 433">
     <span class='ocr_line' id='line_1_2' title="bbox 610 360 2187 433; baseline -0.007 -10"><span class='ocrx_word' id='word_1_8' title='bbox 610 370 775 430; x_wconf 69' lang='grc' dir='ltr'>ὄντα.</span> <span class='ocrx_word' id='word_1_9' title='bbox 805 368 940 428; x_wconf 79' lang='grc' dir='ltr'>ἀλλ’,</span> <span class='ocrx_word' id='word_1_10' title='bbox 979 368 1072 420; x_wconf 83' lang='grc' dir='ltr'>Ἐν</span> <span class='ocrx_word' id='word_1_11' title='bbox 1101 365 1256 433; x_wconf 77' lang='grc' dir='ltr'>ἀρχῇ</span> <span class='ocrx_word' id='word_1_12' title='bbox 1297 360 1396 433; x_wconf 85' lang='grc' dir='ltr'>ἦν,</span> <span class='ocrx_word' id='word_1_13' title='bbox 1427 362 1558 433; x_wconf 79' lang='grc' dir='ltr'>φησί</span> <span class='ocrx_word' id='word_1_14' title='bbox 1585 379 1603 427; x_wconf 85' lang='grc'>;</span> <span class='ocrx_word' id='word_1_15' title='bbox 1630 362 1788 415; x_wconf 82' lang='grc' dir='ltr'>τοῦτο</span> <span class='ocrx_word' id='word_1_16' title='bbox 1819 362 1926 432; x_wconf 75' lang='grc' dir='ltr'>γὰρ</span> <span class='ocrx_word' id='word_1_17' title='bbox 1951 361 2187 415; x_wconf 81' lang='grc' dir='ltr'>ἐναντίον</span> 
     </span>
    </p>
   </div>
   <div class='ocr_carea' id='block_1_3' title="bbox 606 443 2186 522">
    <p class='ocr_par' dir='ltr' id='par_1_3' title="bbox 606 443 2186 522">
     <span class='ocr_line' id='line_1_3' title="bbox 606 443 2186 522; baseline -0.005 -18"><span class='ocrx_word' id='word_1_18' title='bbox 606 453 824 522; x_wconf 65' lang='grc' dir='ltr'>ἐκείνῳ⁸</span> <span class='ocrx_word' id='word_1_19' title='bbox 844 452 936 505; x_wconf 61' lang='lat' dir='ltr'>xal</span> <span class='ocrx_word' id='word_1_20' title='bbox 956 450 1096 520; x_wconf 87' lang='grc' dir='ltr'>μάλα</span> <span class='ocrx_word' id='word_1_21' title='bbox 1115 448 1357 509; x_wconf 83' lang='grc' dir='ltr'>εἰκότως.</span> <span class='ocrx_word' id='word_1_22' title='bbox 1375 446 1506 508; x_wconf 84' lang='grc' dir='ltr'>Θεδς</span> <span class='ocrx_word' id='word_1_23' title='bbox 1534 448 1641 517; x_wconf 85' lang='grc' dir='ltr'>γάρ</span> <span class='ocrx_word' id='word_1_24' title='bbox 1672 445 1795 497; x_wconf 71' lang='grc' dir='ltr'>οὔτε</span> <span class='ocrx_word' id='word_1_25' title='bbox 1816 445 2042 512; x_wconf 81' lang='grc' dir='ltr'>γίνεται,</span> <span class='ocrx_word' id='word_1_26' title='bbox 2064 443 2186 496; x_wconf 72' lang='grc' dir='ltr'>οὔτε</span> 
     </span>
    </p>
   </div>
   <div class='ocr_carea' id='block_1_4' title="bbox 612 527 2184 606">
    <p class='ocr_par' dir='ltr' id='par_1_4' title="bbox 612 527 2184 606">
     <span class='ocr_line' id='line_1_4' title="bbox 612 527 2184 606; baseline -0.005 -18"><span class='ocrx_word' id='word_1_27' title='bbox 612 537 723 606; x_wconf 82' lang='grc' dir='ltr'>ἔχει</span> <span class='ocrx_word' id='word_1_28' title='bbox 756 552 809 586; x_wconf 89' lang='grc' dir='ltr'>τι</span> <span class='ocrx_word' id='word_1_29' title='bbox 832 531 1194 603; x_wconf 80' lang='grc' dir='ltr'>πρεσϐύτερον</span> <span class='ocrx_word' id='word_1_30' title='bbox 1219 543 1267 570; x_wconf 82' lang='grc' dir='ltr'>ι·</span> <span class='ocrx_word' id='word_1_31' title='bbox 1292 529 1429 582; x_wconf 86' lang='grc' dir='ltr'>ἀλλὰ</span> <span class='ocrx_word' id='word_1_32' title='bbox 1450 528 1624 581; x_wconf 89' lang='grc' dir='ltr'>ταῦτα</span> <span class='ocrx_word' id='word_1_33' title='bbox 1651 527 1917 598; x_wconf 82' lang='grc' dir='ltr'>Ἑλλήνων</span> <span class='ocrx_word' id='word_1_34' title='bbox 1945 528 2184 597; x_wconf 77' lang='grc' dir='ltr'>ῥήματα.</span> 
     </span>
    </p>
   </div>
   <div class='ocr_carea' id='block_1_5' title="bbox 612 609 2193 685">
    <p class='ocr_par' dir='ltr' id='par_1_5' title="bbox 612 609 2193 685">
     <span class='ocr_line' id='line_1_5' title="bbox 612 609 2193 685; baseline -0.006 -15"><span class='ocrx_word' id='word_1_35' title='bbox 612 617 746 670; x_wconf 72' lang='grc' dir='ltr'><strong>Εἰπὲ</strong></span> <span class='ocrx_word' id='word_1_36' title='bbox 776 616 838 685; x_wconf 87' lang='grc' dir='ltr'>δή</span> <span class='ocrx_word' id='word_1_37' title='bbox 878 631 964 683; x_wconf 83' lang='grc' dir='ltr'>μοι</span> <span class='ocrx_word' id='word_1_38' title='bbox 1004 615 1252 667; x_wconf 84' lang='grc' dir='ltr'>κάκεῖνο·</span> <span class='ocrx_word' id='word_1_39' title='bbox 1302 612 1393 664; x_wconf 85' lang='grc' dir='ltr'>τὸν</span> <span class='ocrx_word' id='word_1_40' title='bbox 1433 612 1656 682; x_wconf 75' lang='grc' dir='ltr'>κτίστην</span> <span class='ocrx_word' id='word_1_41' title='bbox 1702 611 1811 663; x_wconf 90' lang='grc' dir='ltr'>τῶν</span> <span class='ocrx_word' id='word_1_42' title='bbox 1855 609 2033 680; x_wconf 76' lang='grc' dir='ltr'>ἔργων</span> <span class='ocrx_word' id='word_1_43' title='bbox 2074 609 2193 677; x_wconf 85' lang='grc' dir='ltr'>οὑχὶ</span> 
     </span>
    </p>
   </div>
   <div class='ocr_carea' id='block_1_6' title="bbox 608 688 2191 767">
    <p class='ocr_par' dir='ltr' id='par_1_6' title="bbox 608 688 2191 767">
     <span class='ocr_line' id='line_1_6' title="bbox 608 688 2191 767; baseline -0.006 -17"><span class='ocrx_word' id='word_1_44' title='bbox 608 696 952 767; x_wconf 84' lang='grc' dir='ltr'>ἀσυγκρίτως</span> <span class='ocrx_word' id='word_1_45' title='bbox 982 694 1268 765; x_wconf 78' lang='grc' dir='ltr'>ὑπερέχειν</span> <span class='ocrx_word' id='word_1_46' title='bbox 1298 692 1472 755; x_wconf 81' lang='grc' dir='ltr'>εἴποις</span> <span class='ocrx_word' id='word_1_47' title='bbox 1502 693 1600 756; x_wconf 85' lang='grc' dir='ltr'>ἄν;</span> <span class='ocrx_word' id='word_1_48' title='bbox 1643 694 1810 745; x_wconf 87' lang='grc' dir='ltr'>Ὅταν</span> <span class='ocrx_word' id='word_1_49' title='bbox 1836 688 1929 743; x_wconf 77' lang='grc' dir='ltr'>οὖν</span> <span class='ocrx_word' id='word_1_50' title='bbox 1957 691 2138 752; x_wconf 88' lang='grc' dir='ltr'>αὑτοῖς</span> <span class='ocrx_word' id='word_1_51' title='bbox 2165 690 2191 728; x_wconf 76' lang='grc' dir='ltr'>ι)</span> 
     </span>
    </p>
   </div>
   <div class='ocr_carea' id='block_1_7' title="bbox 610 774 2189 852">
    <p class='ocr_par' dir='ltr' id='par_1_7' title="bbox 610 774 2189 852">
     <span class='ocr_line' id='line_1_7' title="bbox 610 774 2189 852; baseline -0.006 -18"><span class='ocrx_word' id='word_1_52' title='bbox 610 782 792 850; x_wconf 81' lang='grc' dir='ltr'>ὅμοιον</span> <span class='ocrx_word' id='word_1_53' title='bbox 888 778 948 830; x_wconf 85' lang='lat'>16</span> <span class='ocrx_word' id='word_1_54' title='bbox 972 777 1031 841; x_wconf 80' lang='grc' dir='ltr'>ἐξ</span> <span class='ocrx_word' id='word_1_55' title='bbox 1051 778 1151 829; x_wconf 83' lang='grc' dir='ltr'>οὑκ</span> <span class='ocrx_word' id='word_1_56' title='bbox 1179 777 1366 842; x_wconf 68' lang='grc' dir='ltr'>ὄντων,</span> <span class='ocrx_word' id='word_1_57' title='bbox 1391 776 1494 830; x_wconf 85' lang='grc' dir='ltr'>ποῦ</span> <span class='ocrx_word' id='word_1_58' title='bbox 1521 778 1553 845; x_wconf 82' lang='grc' dir='ltr'>ἡ</span> <span class='ocrx_word' id='word_1_59' title='bbox 1578 776 1903 846; x_wconf 73' lang='grc' dir='ltr'>ἀσύγκριτος</span> <span class='ocrx_word' id='word_1_60' title='bbox 1931 774 2189 846; x_wconf 70' lang='grc' dir='ltr'>ὑπεροχῆς</span> 
     </span>
    </p>
   </div>
   <div class='ocr_carea' id='block_1_8' title="bbox 611 855 2194 926">
    <p class='ocr_par' dir='ltr' id='par_1_8' title="bbox 611 855 2194 926">
     <span class='ocr_line' id='line_1_8' title="bbox 611 855 2194 926; baseline -0.005 -11"><span class='ocrx_word' id='word_1_61' title='bbox 611 862 676 915; x_wconf 76' lang='grc' dir='ltr'>Τί</span> <span class='ocrx_word' id='word_1_62' title='bbox 705 862 762 914; x_wconf 90' lang='grc' dir='ltr'>δέ</span> <span class='ocrx_word' id='word_1_63' title='bbox 810 864 956 914; x_wconf 81' lang='grc' dir='ltr'>ἐστιν</span> <span class='ocrx_word' id='word_1_64' title='bbox 996 860 1132 921; x_wconf 85' lang='grc' dir='ltr'>ὃλως</span> <span class='ocrx_word' id='word_1_65' title='bbox 1168 859 1248 923; x_wconf 90' lang='lat'><strong>16,</strong></span> <span class='ocrx_word' id='word_1_66' title='bbox 1282 857 1427 926; x_wconf 79' lang='grc' dir='ltr'>Ἐγὼ</span> <span class='ocrx_word' id='word_1_67' title='bbox 1462 857 1689 925; x_wconf 81' lang='grc' dir='ltr'>πρῶτος</span> <span class='ocrx_word' id='word_1_68' title='bbox 1711 897 1726 920; x_wconf 92' lang='grc'>,</span> <span class='ocrx_word' id='word_1_69' title='bbox 1762 858 1859 909; x_wconf 75' lang='grc' dir='ltr'>καὶ</span> <span class='ocrx_word' id='word_1_70' title='bbox 1890 856 2005 925; x_wconf 75' lang='grc' dir='ltr'>ἐγὼ</span> <span class='ocrx_word' id='word_1_71' title='bbox 2045 855 2194 924; x_wconf 83' lang='grc' dir='ltr'>μετὰ</span> 
     </span>
    </p>
   </div>
   <div class='ocr_carea' id='block_1_9' title="bbox 611 939 2195 1010">
    <p class='ocr_par' dir='ltr' id='par_1_9' title="bbox 611 939 2195 1010">
     <span class='ocr_line' id='line_1_9' title="bbox 611 939 2195 1010; baseline -0.004 -13"><span class='ocrx_word' id='word_1_72' title='bbox 611 946 826 1008; x_wconf 81' lang='grc' dir='ltr'>ταῦτα,</span> <span class='ocrx_word' id='word_1_73' title='bbox 864 943 977 1007; x_wconf 75' lang='grc' dir='ltr'>καὶ,</span> <span class='ocrx_word' id='word_1_74' title='bbox 1004 941 1387 1010; x_wconf 76' lang='grc' dir='ltr'>Ἐμπροσθέν</span> <span class='ocrx_word' id='word_1_75' title='bbox 1426 958 1545 1008; x_wconf 83' lang='grc' dir='ltr'>μου</span> <span class='ocrx_word' id='word_1_76' title='bbox 1584 943 1695 993; x_wconf 80' lang='grc' dir='ltr'>οὐκ</span> <span class='ocrx_word' id='word_1_77' title='bbox 1738 939 1974 1007; x_wconf 78' lang='grc' dir='ltr'>ἐγένετο</span> <span class='ocrx_word' id='word_1_78' title='bbox 2009 939 2195 1002; x_wconf 75' lang='grc' dir='ltr'>ἀλλος</span> 
     </span>
    </p>
   </div>
   <div class='ocr_carea' id='block_1_10' title="bbox 615 1021 2196 1096">
    <p class='ocr_par' dir='ltr' id='par_1_10' title="bbox 615 1021 2196 1096">
     <span class='ocr_line' id='line_1_10' title="bbox 615 1021 2196 1096; baseline -0.007 -14"><span class='ocrx_word' id='word_1_79' title='bbox 615 1029 759 1093; x_wconf 80' lang='grc' dir='ltr'>Θεός</span> <span class='ocrx_word' id='word_1_80' title='bbox 785 1042 802 1088; x_wconf 89' lang='grc'><strong><em>;</em></strong></span> <span class='ocrx_word' id='word_1_81' title='bbox 831 1028 890 1078; x_wconf 85' lang='grc' dir='ltr'><strong>Εἰ</strong></span> <span class='ocrx_word' id='word_1_82' title='bbox 915 1026 1024 1094; x_wconf 86' lang='lat'>7&amp;9</span> <span class='ocrx_word' id='word_1_83' title='bbox 1043 1027 1071 1077; x_wconf 89' lang='lat'><em>6</em></span> <span class='ocrx_word' id='word_1_84' title='bbox 1100 1025 1226 1087; x_wconf 70' lang='grc' dir='ltr'>Υἱὸς</span> <span class='ocrx_word' id='word_1_85' title='bbox 1252 1024 1326 1096; x_wconf 82' lang='grc' dir='ltr'>μὴ</span> <span class='ocrx_word' id='word_1_86' title='bbox 1348 1023 1431 1092; x_wconf 78' lang='grc' dir='ltr'>εἴη</span> <span class='ocrx_word' id='word_1_87' title='bbox 1454 1023 1553 1093; x_wconf 79' lang='grc' dir='ltr'>τῆς</span> <span class='ocrx_word' id='word_1_88' title='bbox 1572 1022 1743 1092; x_wconf 77' lang='grc' dir='ltr'>αὐτῆς</span> <span class='ocrx_word' id='word_1_89' title='bbox 1780 1022 1987 1083; x_wconf 81' lang='grc' dir='ltr'>οὑσίας,</span> <span class='ocrx_word' id='word_1_90' title='bbox 2012 1021 2196 1090; x_wconf 74' lang='grc' dir='ltr'>ἕτερός</span> 
     </span>
    </p>
   </div>
   <div class='ocr_carea' id='block_1_11' title="bbox 614 1102 2195 1177">
    <p class='ocr_par' dir='ltr' id='par_1_11' title="bbox 614 1102 2195 1177">
     <span class='ocr_line' id='line_1_11' title="bbox 614 1102 2195 1177; baseline -0.004 -15"><span class='ocrx_word' id='word_1_91' title='bbox 614 1112 731 1162; x_wconf 77' lang='grc' dir='ltr'>ἐστι</span> <span class='ocrx_word' id='word_1_92' title='bbox 753 1108 905 1171; x_wconf 77' lang='grc' dir='ltr'>Θεόςο</span> <span class='ocrx_word' id='word_1_93' title='bbox 934 1108 1027 1161; x_wconf 77' lang='grc' dir='ltr'>καὶ</span> <span class='ocrx_word' id='word_1_94' title='bbox 1048 1108 1095 1159; x_wconf 85' lang='grc' dir='ltr'>εί</span> <span class='ocrx_word' id='word_1_95' title='bbox 1119 1105 1197 1177; x_wconf 83' lang='grc' dir='ltr'>μὴ</span> <span class='ocrx_word' id='word_1_96' title='bbox 1217 1106 1507 1169; x_wconf 73' lang='grc' dir='ltr'>συναϊδιος,</span> <span class='ocrx_word' id='word_1_97' title='bbox 1540 1106 1655 1157; x_wconf 76' lang='grc' dir='ltr'>ἐστι</span> <span class='ocrx_word' id='word_1_98' title='bbox 1688 1105 1803 1174; x_wconf 76' lang='grc' dir='ltr'>μετ’</span> <span class='ocrx_word' id='word_1_99' title='bbox 1831 1104 2012 1156; x_wconf 86' lang='grc' dir='ltr'>αὑτόν·</span> <span class='ocrx_word' id='word_1_100' title='bbox 2035 1102 2127 1155; x_wconf 77' lang='grc' dir='ltr'>καὶ</span> <span class='ocrx_word' id='word_1_101' title='bbox 2148 1103 2195 1155; x_wconf 91' lang='grc' dir='ltr'>εί</span> 
     </span>
    </p>
   </div>
   <div class='ocr_carea' id='block_1_12' title="bbox 617 1186 2195 1263">
    <p class='ocr_par' dir='ltr' id='par_1_12' title="bbox 617 1186 2195 1263">
     <span class='ocr_line' id='line_1_12' title="bbox 617 1186 2195 1263; baseline -0.005 -18"><span class='ocrx_word' id='word_1_102' title='bbox 617 1193 692 1263; x_wconf 78' lang='grc' dir='ltr'>μὴ</span> <span class='ocrx_word' id='word_1_103' title='bbox 719 1193 783 1245; x_wconf 76' lang='grc' dir='ltr'>ἐκ</span> <span class='ocrx_word' id='word_1_104' title='bbox 812 1192 909 1261; x_wconf 80' lang='grc' dir='ltr'>τῆς</span> <span class='ocrx_word' id='word_1_105' title='bbox 948 1189 1133 1252; x_wconf 81' lang='grc' dir='ltr'>οὑσίας</span> <span class='ocrx_word' id='word_1_106' title='bbox 1164 1187 1454 1259; x_wconf 83' lang='grc' dir='ltr'>προῆλθεν,</span> <span class='ocrx_word' id='word_1_107' title='bbox 1486 1187 1706 1259; x_wconf 74' lang='grc' dir='ltr'>εὔδηλον</span> <span class='ocrx_word' id='word_1_108' title='bbox 1746 1188 1826 1239; x_wconf 83' lang='grc' dir='ltr'>ὅτι</span> <span class='ocrx_word' id='word_1_109' title='bbox 1858 1186 2092 1254; x_wconf 82' lang='grc' dir='ltr'>ἐγένετο.</span> <span class='ocrx_word' id='word_1_110' title='bbox 2133 1186 2195 1238; x_wconf 73' lang='lat' dir='ltr'>Ei</span> 
     </span>
    </p>
   </div>
   <div class='ocr_carea' id='block_1_13' title="bbox 612 1266 2198 1342">
    <p class='ocr_par' dir='ltr' id='par_1_13' title="bbox 612 1266 2198 1342">
     <span class='ocr_line' id='line_1_13' title="bbox 612 1266 2198 1342; baseline -0.004 -16"><span class='ocrx_word' id='word_1_111' title='bbox 612 1275 670 1327; x_wconf 79' lang='grc' dir='ltr'>δὲ</span> <span class='ocrx_word' id='word_1_112' title='bbox 718 1274 958 1340; x_wconf 81' lang='grc' dir='ltr'>λέγοιεν,</span> <span class='ocrx_word' id='word_1_113' title='bbox 990 1271 1124 1342; x_wconf 84' lang='grc' dir='ltr'>πρὸς</span> <span class='ocrx_word' id='word_1_114' title='bbox 1166 1269 1571 1339; x_wconf 81' lang='grc' dir='ltr'>ἁντιδιαστολὴν</span> <span class='ocrx_word' id='word_1_115' title='bbox 1607 1269 1715 1321; x_wconf 90' lang='grc' dir='ltr'>τῶν</span> <span class='ocrx_word' id='word_1_116' title='bbox 1760 1268 1991 1321; x_wconf 75' lang='grc' dir='ltr'>εἰδώλων</span> <span class='ocrx_word' id='word_1_117' title='bbox 2023 1266 2198 1321; x_wconf 86' lang='grc' dir='ltr'>ταῦτα</span> 
     </span>
    </p>
   </div>
   <div class='ocr_carea' id='block_1_14' title="bbox 614 1349 2197 1428">
    <p class='ocr_par' dir='ltr' id='par_1_14' title="bbox 614 1349 2197 1428">
     <span class='ocr_line' id='line_1_14' title="bbox 614 1349 2197 1428; baseline -0.004 -19"><span class='ocrx_word' id='word_1_118' title='bbox 614 1356 882 1428; x_wconf 74' lang='grc' dir='ltr'>εἰρῆσθαι.</span> <span class='ocrx_word' id='word_1_119' title='bbox 912 1354 1028 1417; x_wconf 86' lang='grc' dir='ltr'>πῶς</span> <span class='ocrx_word' id='word_1_120' title='bbox 1048 1355 1107 1407; x_wconf 88' lang='grc' dir='ltr'>ού</span> <span class='ocrx_word' id='word_1_121' title='bbox 1139 1351 1478 1424; x_wconf 81' lang='grc' dir='ltr'>συγχωροῦσι</span> <span class='ocrx_word' id='word_1_122' title='bbox 1508 1352 1644 1423; x_wconf 78' lang='grc' dir='ltr'>πρὸς</span> <span class='ocrx_word' id='word_1_123' title='bbox 1668 1349 2067 1421; x_wconf 79' lang='grc' dir='ltr'>ἀντιδιαστολὴν</span> <span class='ocrx_word' id='word_1_124' title='bbox 2087 1349 2197 1402; x_wconf 90' lang='grc' dir='ltr'>τῶν</span> 
     </span>
    </p>
   </div>
   <div class='ocr_carea' id='block_1_15' title="bbox 614 1432 2196 1506">
    <p class='ocr_par' dir='ltr' id='par_1_15' title="bbox 614 1432 2196 1506">
     <span class='ocr_line' id='line_1_15' title="bbox 614 1432 2196 1506; baseline -0.004 -15"><span class='ocrx_word' id='word_1_125' title='bbox 614 1438 845 1491; x_wconf 82' lang='grc' dir='ltr'>είδὼλων</span> <span class='ocrx_word' id='word_1_126' title='bbox 867 1436 1043 1504; x_wconf 86' lang='grc' dir='ltr'>λέγειν</span> <span class='ocrx_word' id='word_1_127' title='bbox 1058 1436 1147 1488; x_wconf 88' lang='grc' dir='ltr'>τδν</span> <span class='ocrx_word' id='word_1_128' title='bbox 1170 1436 1331 1506; x_wconf 85' lang='grc' dir='ltr'>μόνον</span> <span class='ocrx_word' id='word_1_129' title='bbox 1346 1434 1595 1504; x_wconf 81' lang='grc' dir='ltr'>ἀληθινὸν</span> <span class='ocrx_word' id='word_1_130' title='bbox 1614 1433 1774 1495; x_wconf 87' lang='grc' dir='ltr'>Θεόν;</span> <span class='ocrx_word' id='word_1_131' title='bbox 1796 1435 1858 1486; x_wconf 69' lang='lat' dir='ltr'><strong>Et</strong></span> <span class='ocrx_word' id='word_1_132' title='bbox 1882 1433 1937 1486; x_wconf 79' lang='grc' dir='ltr'>δὲ</span> <span class='ocrx_word' id='word_1_133' title='bbox 1954 1432 2196 1503; x_wconf 76' lang='grc' dir='ltr'>καὶπρὸς</span> 
     </span>
    </p>
   </div>
   <div class='ocr_carea' id='block_1_16' title="bbox 615 1514 2196 1589">
    <p class='ocr_par' dir='ltr' id='par_1_16' title="bbox 615 1514 2196 1589">
     <span class='ocr_line' id='line_1_16' title="bbox 615 1514 2196 1589; baseline -0.005 -15"><span class='ocrx_word' id='word_1_134' title='bbox 615 1518 1019 1589; x_wconf 77' lang='grc' dir='ltr'>ἀντιδιαστολήν</span> <span class='ocrx_word' id='word_1_135' title='bbox 1040 1516 1146 1570; x_wconf 89' lang='grc' dir='ltr'>τῶν</span> <span class='ocrx_word' id='word_1_136' title='bbox 1180 1516 1412 1570; x_wconf 83' lang='grc' dir='ltr'>εἰδώλων</span> <span class='ocrx_word' id='word_1_137' title='bbox 1434 1515 1649 1587; x_wconf 75' lang='grc' dir='ltr'>εἴρηται</span> <span class='ocrx_word' id='word_1_138' title='bbox 1671 1515 1850 1576; x_wconf 82' lang='grc' dir='ltr'>τοῦτο,</span> <span class='ocrx_word' id='word_1_139' title='bbox 1880 1514 1994 1578; x_wconf 90' lang='grc' dir='ltr'>πῶς</span> <span class='ocrx_word' id='word_1_140' title='bbox 2024 1516 2196 1585; x_wconf 77' lang='grc' dir='ltr'>ἑρμη-</span> 
     </span>
    </p>
   </div>
   <div class='ocr_carea' id='block_1_17' title="bbox 614 1597 2198 1671">
    <p class='ocr_par' dir='ltr' id='par_1_17' title="bbox 614 1597 2198 1671">
     <span class='ocr_line' id='line_1_17' title="bbox 614 1597 2198 1671; baseline -0.003 -17"><span class='ocrx_word' id='word_1_141' title='bbox 614 1603 821 1665; x_wconf 88' lang='grc' dir='ltr'>νεύσεις</span> <span class='ocrx_word' id='word_1_142' title='bbox 844 1601 944 1671; x_wconf 80' lang='grc' dir='ltr'>τὴν</span> <span class='ocrx_word' id='word_1_143' title='bbox 972 1599 1129 1669; x_wconf 78' lang='grc' dir='ltr'>ῥῆσιν</span> <span class='ocrx_word' id='word_1_144' title='bbox 1150 1598 1403 1665; x_wconf 80' lang='grc' dir='ltr'>ἄπασαν;</span> <span class='ocrx_word' id='word_1_145' title='bbox 1431 1599 1567 1651; x_wconf 77' lang='grc' dir='ltr'>Μετ’</span> <span class='ocrx_word' id='word_1_146' title='bbox 1593 1597 1698 1666; x_wconf 80' lang='grc' dir='ltr'>ἐμὲ</span> <span class='ocrx_word' id='word_1_147' title='bbox 1718 1597 1849 1666; x_wconf 88' lang='grc' dir='ltr'>γὰρ,</span> <span class='ocrx_word' id='word_1_148' title='bbox 1884 1598 2068 1667; x_wconf 74' lang='grc' dir='ltr'>φησὶν,</span> <span class='ocrx_word' id='word_1_149' title='bbox 2086 1598 2198 1649; x_wconf 83' lang='grc' dir='ltr'>οὐκ</span> 
     </span>
    </p>
   </div>
   <div class='ocr_carea' id='block_1_18' title="bbox 613 1678 2197 1749">
    <p class='ocr_par' dir='ltr' id='par_1_18' title="bbox 613 1678 2197 1749">
     <span class='ocr_line' id='line_1_18' title="bbox 613 1678 2197 1749; baseline -0.006 -9"><span class='ocrx_word' id='word_1_150' title='bbox 613 1687 785 1740; x_wconf 76' lang='grc' dir='ltr'>ἔστιν</span> <span class='ocrx_word' id='word_1_151' title='bbox 800 1683 991 1747; x_wconf 68' lang='grc' dir='ltr'>ἄλλος</span> <span class='ocrx_word' id='word_1_152' title='bbox 1013 1683 1174 1745; x_wconf 87' lang='grc' dir='ltr'>Θεός.</span> <span class='ocrx_word' id='word_1_153' title='bbox 1203 1682 1317 1735; x_wconf 89' lang='grc' dir='ltr'>Οὑκ</span> <span class='ocrx_word' id='word_1_154' title='bbox 1348 1680 1623 1734; x_wconf 79' lang='grc' dir='ltr'>ἐκϐάλλων</span> <span class='ocrx_word' id='word_1_155' title='bbox 1650 1681 1742 1733; x_wconf 82' lang='grc' dir='ltr'>τὸν</span> <span class='ocrx_word' id='word_1_156' title='bbox 1765 1680 1893 1733; x_wconf 78' lang='grc' dir='ltr'>Υἱὸν</span> <span class='ocrx_word' id='word_1_157' title='bbox 1911 1678 2068 1732; x_wconf 87' lang='grc' dir='ltr'>τοῦτό</span> <span class='ocrx_word' id='word_1_158' title='bbox 2097 1695 2197 1749; x_wconf 82' lang='grc' dir='ltr'>φη-</span> 
     </span>
    </p>
   </div>
   <div class='ocr_carea' id='block_1_19' title="bbox 618 1761 2200 1832">
    <p class='ocr_par' dir='ltr' id='par_1_19' title="bbox 618 1761 2200 1832">
     <span class='ocr_line' id='line_1_19' title="bbox 618 1761 2200 1832; baseline -0.003 -14"><span class='ocrx_word' id='word_1_159' title='bbox 618 1783 721 1828; x_wconf 87' lang='grc' dir='ltr'>σιν,</span> <span class='ocrx_word' id='word_1_160' title='bbox 737 1764 852 1818; x_wconf 80' lang='grc' dir='ltr'>ἀλλ’</span> <span class='ocrx_word' id='word_1_161' title='bbox 876 1765 959 1816; x_wconf 82' lang='grc' dir='ltr'>ὅτι</span> <span class='ocrx_word' id='word_1_162' title='bbox 978 1763 1108 1825; x_wconf 77' lang='grc' dir='ltr'>Θεὸς</span> <span class='ocrx_word' id='word_1_163' title='bbox 1124 1763 1396 1825; x_wconf 84' lang='grc' dir='ltr'>είδωλικὸς</span> <span class='ocrx_word' id='word_1_164' title='bbox 1420 1762 1537 1832; x_wconf 89' lang='grc' dir='ltr'>μετ’</span> <span class='ocrx_word' id='word_1_165' title='bbox 1555 1763 1656 1832; x_wconf 77' lang='grc' dir='ltr'>ἐμὲ</span> <span class='ocrx_word' id='word_1_166' title='bbox 1677 1764 1777 1817; x_wconf 86' lang='grc' dir='ltr'>οὑκ</span> <span class='ocrx_word' id='word_1_167' title='bbox 1798 1762 1965 1815; x_wconf 73' lang='grc' dir='ltr'>ἔστιν’</span> <span class='ocrx_word' id='word_1_168' title='bbox 1992 1761 2091 1831; x_wconf 87' lang='grc' dir='ltr'>οὑχ</span> <span class='ocrx_word' id='word_1_169' title='bbox 2118 1762 2200 1813; x_wconf 84' lang='grc' dir='ltr'>ὅτι</span> 
     </span>
    </p>
   </div>
   <div class='ocr_carea' id='block_1_20' title="bbox 617 1840 2199 1915">
    <p class='ocr_par' dir='ltr' id='par_1_20' title="bbox 617 1840 2199 1915">
     <span class='ocr_line' id='line_1_20' title="bbox 617 1840 2199 1915; baseline -0.002 -16"><span class='ocrx_word' id='word_1_170' title='bbox 617 1847 745 1909; x_wconf 79' lang='grc' dir='ltr'>Υἱὸς</span> <span class='ocrx_word' id='word_1_171' title='bbox 768 1847 868 1899; x_wconf 89' lang='grc' dir='ltr'>οὑκ</span> <span class='ocrx_word' id='word_1_172' title='bbox 905 1844 1041 1898; x_wconf 78' lang='grc' dir='ltr'>ἐστι.</span> <span class='ocrx_word' id='word_1_173' title='bbox 1068 1845 1196 1907; x_wconf 73' lang='grc' dir='ltr'>Ναὶ,</span> <span class='ocrx_word' id='word_1_174' title='bbox 1227 1846 1360 1915; x_wconf 81' lang='grc' dir='ltr'>φησί</span> <span class='ocrx_word' id='word_1_175' title='bbox 1387 1856 1433 1897; x_wconf 69' lang='grc' dir='ltr'>ε.</span> <span class='ocrx_word' id='word_1_176' title='bbox 1473 1846 1539 1898; x_wconf 89' lang='grc' dir='ltr'>Τί</span> <span class='ocrx_word' id='word_1_177' title='bbox 1561 1840 1688 1910; x_wconf 82' lang='lat' dir='ltr'><strong>06v;</strong></span> <span class='ocrx_word' id='word_1_178' title='bbox 1724 1846 1819 1898; x_wconf 80' lang='grc' dir='ltr'>καὶ</span> <span class='ocrx_word' id='word_1_179' title='bbox 1834 1845 1914 1907; x_wconf 89' lang='lat'><strong>16,</strong></span> <span class='ocrx_word' id='word_1_180' title='bbox 1942 1846 2199 1912; x_wconf 84' lang='grc' dir='ltr'>Ἐμπρο-</span> 
     </span>
    </p>
   </div>
   <div class='ocr_carea' id='block_1_21' title="bbox 617 1925 2198 1998">
    <p class='ocr_par' dir='ltr' id='par_1_21' title="bbox 617 1925 2198 1998">
     <span class='ocr_line' id='line_1_21' title="bbox 617 1925 2198 1998; baseline 0.001 -19"><span class='ocrx_word' id='word_1_181' title='bbox 617 1929 896 1995; x_wconf 77' lang='grc' dir='ltr'>σθένμυυ</span> <span class='ocrx_word' id='word_1_182' title='bbox 925 1928 1035 1980; x_wconf 79' lang='grc' dir='ltr'>οὐκ</span> <span class='ocrx_word' id='word_1_183' title='bbox 1059 1927 1299 1995; x_wconf 74' lang='grc' dir='ltr'>ἐγένετο</span> <span class='ocrx_word' id='word_1_184' title='bbox 1336 1927 1527 1993; x_wconf 71' lang='grc' dir='ltr'>ἄλλος</span> <span class='ocrx_word' id='word_1_185' title='bbox 1556 1927 1718 1992; x_wconf 80' lang='grc' dir='ltr'>Θεὸς,</span> <span class='ocrx_word' id='word_1_186' title='bbox 1764 1926 1935 1989; x_wconf 74' lang='grc' dir='ltr'>οὕτως</span> <span class='ocrx_word' id='word_1_187' title='bbox 1966 1925 2198 1998; x_wconf 73' lang='grc' dir='ltr'>ἐκλήψῃ,</span> 
     </span>
    </p>
   </div>
   <div class='ocr_carea' id='block_1_22' title="bbox 616 2005 2199 2079">
    <p class='ocr_par' dir='ltr' id='par_1_22' title="bbox 616 2005 2199 2079">
     <span class='ocr_line' id='line_1_22' title="bbox 616 2005 2199 2079; baseline -0.001 -17"><span class='ocrx_word' id='word_1_188' title='bbox 616 2013 695 2064; x_wconf 75' lang='grc' dir='ltr'>ὅτι</span> <span class='ocrx_word' id='word_1_189' title='bbox 725 2010 998 2072; x_wconf 77' lang='grc' dir='ltr'>είδιυλικὸς</span> <span class='ocrx_word' id='word_1_190' title='bbox 1037 2009 1136 2079; x_wconf 84' lang='grc' dir='ltr'>μὲν</span> <span class='ocrx_word' id='word_1_191' title='bbox 1169 2010 1270 2063; x_wconf 89' lang='grc' dir='ltr'>οὑκ</span> <span class='ocrx_word' id='word_1_192' title='bbox 1301 2010 1537 2078; x_wconf 86' lang='grc' dir='ltr'>ἐγένετο,</span> <span class='ocrx_word' id='word_1_193' title='bbox 1580 2011 1797 2078; x_wconf 81' lang='grc' dir='ltr'>ἐγένετο</span> <span class='ocrx_word' id='word_1_194' title='bbox 1835 2009 1880 2062; x_wconf 78' lang='grc' dir='ltr'>δ’</span> <span class='ocrx_word' id='word_1_195' title='bbox 1921 2005 2014 2062; x_wconf 73' lang='grc' dir='ltr'>οὖν</span> <span class='ocrx_word' id='word_1_196' title='bbox 2050 2009 2199 2078; x_wconf 82' lang='grc' dir='ltr'>ὅμως</span> 
     </span>
    </p>
   </div>
   <div class='ocr_carea' id='block_1_23' title="bbox 616 2091 2199 2164">
    <p class='ocr_par' dir='ltr' id='par_1_23' title="bbox 616 2091 2199 2164">
     <span class='ocr_line' id='line_1_23' title="bbox 616 2091 2199 2164; baseline -0.003 -16"><span class='ocrx_word' id='word_1_197' title='bbox 616 2095 745 2158; x_wconf 72' lang='grc' dir='ltr'>Υίδς</span> <span class='ocrx_word' id='word_1_198' title='bbox 776 2092 1089 2164; x_wconf 76' lang='grc' dir='ltr'>ἔμπροσθεν</span> <span class='ocrx_word' id='word_1_199' title='bbox 1113 2093 1313 2157; x_wconf 77' lang='grc' dir='ltr'>αὐτοῦς</span> <span class='ocrx_word' id='word_1_200' title='bbox 1368 2094 1478 2146; x_wconf 78' lang='grc' dir='ltr'>Καὶ</span> <span class='ocrx_word' id='word_1_201' title='bbox 1509 2096 1660 2156; x_wconf 83' lang='grc' dir='ltr'>ποῖος</span> <span class='ocrx_word' id='word_1_202' title='bbox 1706 2093 1773 2146; x_wconf 87' lang='grc' dir='ltr'>ἄν</span> <span class='ocrx_word' id='word_1_203' title='bbox 1812 2092 1971 2145; x_wconf 82' lang='grc' dir='ltr'>τοῦτο</span> <span class='ocrx_word' id='word_1_204' title='bbox 1993 2091 2199 2161; x_wconf 88' lang='grc' dir='ltr'>δαίμων</span> 
     </span>
    </p>
   </div>
   <div class='ocr_carea' id='block_1_24' title="bbox 619 2171 2199 2244">
    <p class='ocr_par' dir='ltr' id='par_1_24' title="bbox 619 2171 2199 2244">
     <span class='ocr_line' id='line_1_24' title="bbox 619 2171 2199 2244; baseline -0.002 -15"><span class='ocrx_word' id='word_1_205' title='bbox 619 2177 761 2229; x_wconf 79' lang='grc' dir='ltr'>εἴποι</span> <span class='ocrx_word' id='word_1_206' title='bbox 782 2193 797 2241; x_wconf 89' lang='lat'>;</span> <span class='ocrx_word' id='word_1_207' title='bbox 828 2175 959 2229; x_wconf 74' lang='grc' dir='ltr'>Οὐδὲ</span> <span class='ocrx_word' id='word_1_208' title='bbox 977 2174 1086 2244; x_wconf 87' lang='lat'>7&amp;9</span> <span class='ocrx_word' id='word_1_209' title='bbox 1102 2175 1264 2228; x_wconf 80' lang='grc' dir='ltr'>αὑτὸν</span> <span class='ocrx_word' id='word_1_210' title='bbox 1280 2171 1434 2244; x_wconf 81' lang='grc' dir='ltr'>οἶμαι</span> <span class='ocrx_word' id='word_1_211' title='bbox 1459 2175 1552 2228; x_wconf 86' lang='grc' dir='ltr'>τὸν</span> <span class='ocrx_word' id='word_1_212' title='bbox 1576 2174 1818 2228; x_wconf 74' lang='grc' dir='ltr'>διάϐολον</span> <span class='ocrx_word' id='word_1_213' title='bbox 1839 2172 1996 2226; x_wconf 89' lang='grc' dir='ltr'>τοῦτο</span> <span class='ocrx_word' id='word_1_214' title='bbox 2031 2175 2199 2244; x_wconf 90' lang='grc' dir='ltr'>ἐρεῖν.</span> 
     </span>
    </p>
   </div>
   <div class='ocr_carea' id='block_1_25' title="bbox 624 2254 2198 2327">
    <p class='ocr_par' dir='ltr' id='par_1_25' title="bbox 624 2254 2198 2327">
     <span class='ocr_line' id='line_1_25' title="bbox 624 2254 2198 2327; baseline -0.002 -14"><span class='ocrx_word' id='word_1_215' title='bbox 624 2261 833 2323; x_wconf 73' lang='grc' dir='ltr'>’Ἄλλως</span> <span class='ocrx_word' id='word_1_216' title='bbox 866 2259 923 2311; x_wconf 80' lang='grc' dir='ltr'>δὲ</span> <span class='ocrx_word' id='word_1_217' title='bbox 958 2258 1010 2323; x_wconf 66' lang='grc' dir='ltr'>α,</span> <span class='ocrx_word' id='word_1_218' title='bbox 1049 2260 1097 2310; x_wconf 90' lang='grc' dir='ltr'>εἰ</span> <span class='ocrx_word' id='word_1_219' title='bbox 1129 2258 1228 2311; x_wconf 84' lang='grc' dir='ltr'>οὐκ</span> <span class='ocrx_word' id='word_1_220' title='bbox 1257 2257 1373 2310; x_wconf 74' lang='grc' dir='ltr'>ἔστι</span> <span class='ocrx_word' id='word_1_221' title='bbox 1412 2258 1682 2319; x_wconf 83' lang='grc' dir='ltr'>συναῖδιος</span> <span class='ocrx_word' id='word_1_222' title='bbox 1722 2256 1800 2327; x_wconf 80' lang='grc' dir='ltr'>τῷ</span> <span class='ocrx_word' id='word_1_223' title='bbox 1847 2256 2024 2325; x_wconf 76' lang='grc' dir='ltr'>Πατρὶ</span> <span class='ocrx_word' id='word_1_224' title='bbox 2060 2254 2198 2325; x_wconf 73' lang='lat'><strong>[50],</strong></span> 
     </span>
    </p>
   </div>
   <div class='ocr_carea' id='block_1_26' title="bbox 620 2337 2202 2410">
    <p class='ocr_par' dir='ltr' id='par_1_26' title="bbox 620 2337 2202 2410">
     <span class='ocr_line' id='line_1_26' title="bbox 620 2337 2202 2410; baseline -0.003 -16"><span class='ocrx_word' id='word_1_225' title='bbox 620 2341 737 2405; x_wconf 85' lang='grc' dir='ltr'>πῶς</span> <span class='ocrx_word' id='word_1_226' title='bbox 779 2340 1004 2410; x_wconf 87' lang='grc' dir='ltr'>ἄπειρον</span> <span class='ocrx_word' id='word_1_227' title='bbox 1039 2338 1206 2392; x_wconf 87' lang='grc' dir='ltr'>αὑτοῦ</span> <span class='ocrx_word' id='word_1_228' title='bbox 1238 2339 1336 2408; x_wconf 81' lang='grc' dir='ltr'>τὴν</span> <span class='ocrx_word' id='word_1_229' title='bbox 1370 2339 1515 2409; x_wconf 80' lang='grc' dir='ltr'>ζωὴν</span> <span class='ocrx_word' id='word_1_230' title='bbox 1557 2340 1737 2409; x_wconf 75' lang='grc' dir='ltr'>έρεῖςς</span> <span class='ocrx_word' id='word_1_231' title='bbox 1786 2339 1851 2391; x_wconf 76' lang='grc' dir='ltr'>Εἰ</span> <span class='ocrx_word' id='word_1_232' title='bbox 1875 2337 1984 2408; x_wconf 91' lang='lat'>7&amp;9</span> <span class='ocrx_word' id='word_1_233' title='bbox 2027 2337 2202 2407; x_wconf 76' lang='grc' dir='ltr'>ἀρχὴν</span> 
     </span>
    </p>
   </div>
   <div class='ocr_carea' id='block_1_27' title="bbox 619 2418 2202 2494">
    <p class='ocr_par' dir='ltr' id='par_1_27' title="bbox 619 2418 2202 2494">
     <span class='ocr_line' id='line_1_27' title="bbox 619 2418 2202 2494; baseline -0.003 -18"><span class='ocrx_word' id='word_1_234' title='bbox 619 2422 824 2477; x_wconf 72' lang='grc' dir='ltr'>ἄνωθεν</span> <span class='ocrx_word' id='word_1_235' title='bbox 853 2421 985 2492; x_wconf 81' lang='grc' dir='ltr'>ἔχει,</span> <span class='ocrx_word' id='word_1_236' title='bbox 1013 2419 1115 2473; x_wconf 78' lang='grc' dir='ltr'>κᾶν</span> <span class='ocrx_word' id='word_1_237' title='bbox 1147 2419 1501 2489; x_wconf 87' lang='grc' dir='ltr'>άτελεύτητος</span> <span class='ocrx_word' id='word_1_238' title='bbox 1547 2418 1604 2494; x_wconf 80' lang='grc' dir='ltr'>ᾖ,</span> <span class='ocrx_word' id='word_1_239' title='bbox 1646 2419 1870 2491; x_wconf 89' lang='grc' dir='ltr'>ἄπειρος</span> <span class='ocrx_word' id='word_1_240' title='bbox 1912 2420 2060 2489; x_wconf 83' lang='grc' dir='ltr'>ὅμως</span> <span class='ocrx_word' id='word_1_241' title='bbox 2102 2420 2202 2471; x_wconf 84' lang='grc' dir='ltr'>οὑκ</span> 
     </span>
    </p>
   </div>
   <div class='ocr_carea' id='block_1_28' title="bbox 619 2495 2197 2574">
    <p class='ocr_par' dir='ltr' id='par_1_28' title="bbox 619 2495 2197 2574">
     <span class='ocr_line' id='line_1_28' title="bbox 619 2495 2197 2574; baseline -0.003 -17"><span class='ocrx_word' id='word_1_242' title='bbox 619 2505 734 2557; x_wconf 78' lang='grc' dir='ltr'>ἔστι</span> <span class='ocrx_word' id='word_1_243' title='bbox 758 2521 771 2534; x_wconf 92' lang='grc'><strong>·</strong></span> <span class='ocrx_word' id='word_1_244' title='bbox 797 2503 858 2556; x_wconf 89' lang='lat'>16</span> <span class='ocrx_word' id='word_1_245' title='bbox 884 2502 995 2573; x_wconf 90' lang='lat'>7&amp;9</span> <span class='ocrx_word' id='word_1_246' title='bbox 1016 2502 1243 2574; x_wconf 83' lang='grc' dir='ltr'>ἄπειρον</span> <span class='ocrx_word' id='word_1_247' title='bbox 1279 2502 1619 2572; x_wconf 79' lang='grc' dir='ltr'>ἑκατέρωθεν</span> <span class='ocrx_word' id='word_1_248' title='bbox 1659 2501 1882 2571; x_wconf 87' lang='grc' dir='ltr'>ἄπειρον</span> <span class='ocrx_word' id='word_1_249' title='bbox 1908 2495 2045 2553; x_wconf 76' lang='grc' dir='ltr'>εἶναι</span> <span class='ocrx_word' id='word_1_250' title='bbox 2070 2502 2197 2570; x_wconf 86' lang='grc' dir='ltr'>χρή.</span> 
     </span>
    </p>
   </div>
   <div class='ocr_carea' id='block_1_29' title="bbox 623 2583 2203 2658">
    <p class='ocr_par' dir='ltr' id='par_1_29' title="bbox 623 2583 2203 2658">
     <span class='ocr_line' id='line_1_29' title="bbox 623 2583 2203 2658; baseline -0.003 -16"><span class='ocrx_word' id='word_1_251' title='bbox 623 2585 797 2658; x_wconf 86' lang='grc' dir='ltr'>Ὅπερ</span> <span class='ocrx_word' id='word_1_252' title='bbox 825 2583 918 2641; x_wconf 82' lang='grc' dir='ltr'>οὖν</span> <span class='ocrx_word' id='word_1_253' title='bbox 944 2587 1038 2639; x_wconf 51' lang='grc' dir='ltr'>καὶ¹</span> <span class='ocrx_word' id='word_1_254' title='bbox 1065 2586 1094 2638; x_wconf 97' lang='lat'><em>6</em></span> <span class='ocrx_word' id='word_1_255' title='bbox 1127 2584 1336 2649; x_wconf 77' lang='grc' dir='ltr'>Παῦλος</span> <span class='ocrx_word' id='word_1_256' title='bbox 1360 2584 1535 2656; x_wconf 86' lang='grc' dir='ltr'>δηλῶν</span> <span class='ocrx_word' id='word_1_257' title='bbox 1564 2585 1714 2649; x_wconf 82' lang='grc' dir='ltr'>ἔλεγε</span> <span class='ocrx_word' id='word_1_258' title='bbox 1736 2602 1751 2616; x_wconf 75' lang='grc' dir='ltr'><strong>ο</strong></span> <span class='ocrx_word' id='word_1_259' title='bbox 1795 2584 1960 2650; x_wconf 83' lang='grc' dir='ltr'>Μήτε</span> <span class='ocrx_word' id='word_1_260' title='bbox 2005 2584 2203 2652; x_wconf 79' lang='grc' dir='ltr'>ἀρχὴν</span> 
     </span>
    </p>
   </div>
   <div class='ocr_carea' id='block_1_30' title="bbox 621 2667 2203 2741">
    <p class='ocr_par' dir='ltr' id='par_1_30' title="bbox 621 2667 2203 2741">
     <span class='ocr_line' id='line_1_30' title="bbox 621 2667 2203 2741; baseline -0.004 -14"><span class='ocrx_word' id='word_1_261' title='bbox 621 2670 874 2741; x_wconf 75' lang='grc' dir='ltr'>ἡμερῶν,</span> <span class='ocrx_word' id='word_1_262' title='bbox 896 2669 1045 2737; x_wconf 71' lang='grc' dir='ltr'>μήτε</span> <span class='ocrx_word' id='word_1_263' title='bbox 1078 2667 1225 2735; x_wconf 81' lang='grc' dir='ltr'>ζωῆς</span> <span class='ocrx_word' id='word_1_264' title='bbox 1252 2667 1425 2734; x_wconf 71' lang='grc' dir='ltr'>τέλος</span> <span class='ocrx_word' id='word_1_265' title='bbox 1451 2668 1628 2737; x_wconf 72' lang='grc' dir='ltr'>ἔχων,</span> <span class='ocrx_word' id='word_1_266' title='bbox 1661 2669 1721 2722; x_wconf 84' lang='grc' dir='ltr'>τό</span> <span class='ocrx_word' id='word_1_267' title='bbox 1749 2686 1808 2721; x_wconf 89' lang='grc' dir='ltr'>τε</span> <span class='ocrx_word' id='word_1_268' title='bbox 1842 2669 2077 2740; x_wconf 81' lang='grc' dir='ltr'>ἄναρχον</span> <span class='ocrx_word' id='word_1_269' title='bbox 2108 2670 2203 2721; x_wconf 72' lang='grc' dir='ltr'>καὶ</span> 
     </span>
    </p>
   </div>
   <div class='ocr_carea' id='block_1_31' title="bbox 618 2749 2203 2822">
    <p class='ocr_par' dir='ltr' id='par_1_31' title="bbox 618 2749 2203 2822">
     <span class='ocr_line' id='line_1_31' title="bbox 618 2749 2203 2822; baseline -0.001 -17"><span class='ocrx_word' id='word_1_270' title='bbox 618 2751 973 2821; x_wconf 78' lang='grc' dir='ltr'>ἀτελεύτητον</span> <span class='ocrx_word' id='word_1_271' title='bbox 999 2749 1211 2812; x_wconf 78' lang='grc' dir='ltr'>δεικνὺς</span> <span class='ocrx_word' id='word_1_272' title='bbox 1234 2750 1427 2821; x_wconf 80' lang='grc' dir='ltr'>ταύτῃ.</span> <span class='ocrx_word' id='word_1_273' title='bbox 1467 2751 1677 2822; x_wconf 80' lang='grc' dir='ltr'>Ὥσπερ</span> <span class='ocrx_word' id='word_1_274' title='bbox 1707 2762 1731 2789; x_wconf 78' lang='grc' dir='ltr'><strong>ο</strong></span> <span class='ocrx_word' id='word_1_275' title='bbox 1769 2751 1876 2820; x_wconf 89' lang='lat'>7&amp;9</span> <span class='ocrx_word' id='word_1_276' title='bbox 1919 2750 2076 2803; x_wconf 89' lang='lat'><strong>10610</strong></span> <span class='ocrx_word' id='word_1_277' title='bbox 2103 2751 2203 2804; x_wconf 85' lang='grc' dir='ltr'>οὑκ</span> 
     </span>
    </p>
   </div>
   <div class='ocr_carea' id='block_1_32' title="bbox 620 2830 2200 2903">
    <p class='ocr_par' dir='ltr' id='par_1_32' title="bbox 620 2830 2200 2903">
     <span class='ocr_line' id='line_1_32' title="bbox 620 2830 2200 2903; baseline -0.002 -17"><span class='ocrx_word' id='word_1_278' title='bbox 620 2836 733 2903; x_wconf 79' lang='grc' dir='ltr'>ἔχει</span> <span class='ocrx_word' id='word_1_279' title='bbox 756 2832 948 2903; x_wconf 87' lang='grc' dir='ltr'>πέρας,</span> <span class='ocrx_word' id='word_1_280' title='bbox 969 2831 1141 2893; x_wconf 77' lang='grc' dir='ltr'>οὑτως</span> <span class='ocrx_word' id='word_1_281' title='bbox 1160 2830 1281 2883; x_wconf 81' lang='grc' dir='ltr'>οὑδὲ</span> <span class='ocrx_word' id='word_1_282' title='bbox 1302 2831 1497 2886; x_wconf 80' lang='grc' dir='ltr'>ἐκ.ῖνο·</span> <span class='ocrx_word' id='word_1_283' title='bbox 1520 2830 1641 2884; x_wconf 74' lang='grc' dir='ltr'>οὔτε</span> <span class='ocrx_word' id='word_1_284' title='bbox 1657 2832 1766 2903; x_wconf 90' lang='lat'>7&amp;9</span> <span class='ocrx_word' id='word_1_285' title='bbox 1782 2832 2014 2885; x_wconf 73' lang='grc' dir='ltr'>ἐνταῦθα</span> <span class='ocrx_word' id='word_1_286' title='bbox 2030 2831 2200 2894; x_wconf 81' lang='grc' dir='ltr'>τέλος,</span> 
     </span>
    </p>
   </div>
   <div class='ocr_carea' id='block_1_33' title="bbox 620 2915 1076 2986">
    <p class='ocr_par' dir='ltr' id='par_1_33' title="bbox 620 2915 1076 2986">
     <span class='ocr_line' id='line_1_33' title="bbox 620 2915 1076 2986; baseline -0.009 -16"><span class='ocrx_word' id='word_1_287' title='bbox 620 2918 743 2971; x_wconf 71' lang='grc' dir='ltr'>οὕτε</span> <span class='ocrx_word' id='word_1_288' title='bbox 774 2918 891 2970; x_wconf 86' lang='grc' dir='ltr'>ἐκεῖ</span> <span class='ocrx_word' id='word_1_289' title='bbox 910 2915 1076 2986; x_wconf 84' lang='grc' dir='ltr'>ἀρχή.</span> 
     </span>
    </p>
   </div>
   <div class='ocr_carea' id='block_1_34' title="bbox 692 2991 2205 3067">
    <p class='ocr_par' dir='ltr' id='par_1_34' title="bbox 692 2991 2205 3067">
     <span class='ocr_line' id='line_1_34' title="bbox 692 2991 2205 3067; baseline -0.002 -15"><span class='ocrx_word' id='word_1_290' title='bbox 692 3005 763 3066; x_wconf 90' lang='grc' dir='ltr'>γ’.</span> <span class='ocrx_word' id='word_1_291' title='bbox 783 2997 905 3060; x_wconf 85' lang='grc' dir='ltr'>Πῶς</span> <span class='ocrx_word' id='word_1_292' title='bbox 931 2996 987 3049; x_wconf 82' lang='grc' dir='ltr'>δὲ</span> <span class='ocrx_word' id='word_1_293' title='bbox 1004 2996 1097 3049; x_wconf 70' lang='grc' dir='ltr'>καὶ</span> <span class='ocrx_word' id='word_1_294' title='bbox 1121 2994 1235 3066; x_wconf 79' lang='grc' dir='ltr'>ζωὴ</span> <span class='ocrx_word' id='word_1_295' title='bbox 1258 2994 1355 3062; x_wconf 82' lang='grc' dir='ltr'>ὢν,</span> <span class='ocrx_word' id='word_1_296' title='bbox 1373 2991 1442 3067; x_wconf 78' lang='grc' dir='ltr'>ἦν</span> <span class='ocrx_word' id='word_1_297' title='bbox 1468 3014 1595 3049; x_wconf 88' lang='grc' dir='ltr'>ποτε</span> <span class='ocrx_word' id='word_1_298' title='bbox 1619 2997 1706 3049; x_wconf 82' lang='grc' dir='ltr'>ὅτε</span> <span class='ocrx_word' id='word_1_299' title='bbox 1724 2996 1822 3049; x_wconf 88' lang='grc' dir='ltr'>οὑκ</span> <span class='ocrx_word' id='word_1_300' title='bbox 1842 2992 1942 3067; x_wconf 79' lang='grc' dir='ltr'>ἧν;</span> <span class='ocrx_word' id='word_1_301' title='bbox 1969 2995 2079 3066; x_wconf 77' lang='grc' dir='ltr'>Τὴν</span> <span class='ocrx_word' id='word_1_302' title='bbox 2099 2996 2205 3067; x_wconf 88' lang='lat'>7&amp;9</span> 
     </span>
    </p>
   </div>
   <div class='ocr_carea' id='block_1_35' title="bbox 624 3075 2204 3151">
    <p class='ocr_par' dir='ltr' id='par_1_35' title="bbox 624 3075 2204 3151">
     <span class='ocr_line' id='line_1_35' title="bbox 624 3075 2204 3151; baseline -0.002 -17"><span class='ocrx_word' id='word_1_303' title='bbox 624 3081 768 3151; x_wconf 77' lang='grc' dir='ltr'>ζωὴν</span> <span class='ocrx_word' id='word_1_304' title='bbox 795 3079 879 3134; x_wconf 88' lang='grc' dir='ltr'>ἀεί</span> <span class='ocrx_word' id='word_1_305' title='bbox 903 3096 963 3131; x_wconf 92' lang='grc' dir='ltr'>τε</span> <span class='ocrx_word' id='word_1_306' title='bbox 981 3075 1142 3141; x_wconf 77' lang='grc' dir='ltr'>εἶναι,</span> <span class='ocrx_word' id='word_1_307' title='bbox 1173 3080 1269 3130; x_wconf 70' lang='grc' dir='ltr'>καὶ</span> <span class='ocrx_word' id='word_1_308' title='bbox 1289 3078 1538 3147; x_wconf 80' lang='grc' dir='ltr'>ἀνάρχως</span> <span class='ocrx_word' id='word_1_309' title='bbox 1566 3075 1703 3130; x_wconf 76' lang='grc' dir='ltr'>εἶναι</span> <span class='ocrx_word' id='word_1_310' title='bbox 1725 3080 1817 3130; x_wconf 73' lang='grc' dir='ltr'>καὶ</span> <span class='ocrx_word' id='word_1_311' title='bbox 1838 3079 2204 3148; x_wconf 82' lang='grc' dir='ltr'>άτελευτήτως</span> 
     </span>
    </p>
   </div>
   <div class='ocr_carea' id='block_1_36' title="bbox 623 3161 2205 3234">
    <p class='ocr_par' dir='ltr' id='par_1_36' title="bbox 623 3161 2205 3234">
     <span class='ocr_line' id='line_1_36' title="bbox 623 3161 2205 3234; baseline -0.002 -17"><span class='ocrx_word' id='word_1_312' title='bbox 623 3164 823 3226; x_wconf 87' lang='grc' dir='ltr'>πάντες</span> <span class='ocrx_word' id='word_1_313' title='bbox 845 3161 910 3215; x_wconf 82' lang='grc' dir='ltr'>ἄν</span> <span class='ocrx_word' id='word_1_314' title='bbox 941 3161 1353 3230; x_wconf 86' lang='grc' dir='ltr'>ὁμολογήσαιεν,</span> <span class='ocrx_word' id='word_1_315' title='bbox 1377 3163 1533 3232; x_wconf 78' lang='grc' dir='ltr'>εἴπερ</span> <span class='ocrx_word' id='word_1_316' title='bbox 1558 3162 1722 3224; x_wconf 78' lang='grc' dir='ltr'>ὅντως</span> <span class='ocrx_word' id='word_1_317' title='bbox 1745 3163 1828 3230; x_wconf 72' lang='grc' dir='ltr'>εἴη</span> <span class='ocrx_word' id='word_1_318' title='bbox 1858 3164 1991 3233; x_wconf 77' lang='grc' dir='ltr'>ζωή.</span> <span class='ocrx_word' id='word_1_319' title='bbox 2018 3162 2205 3234; x_wconf 86' lang='grc' dir='ltr'>ὥσπερ</span> 
     </span>
    </p>
   </div>
   <div class='ocr_carea' id='block_1_37' title="bbox 623 3244 2202 3317">
    <p class='ocr_par' dir='ltr' id='par_1_37' title="bbox 623 3244 2202 3317">
     <span class='ocr_line' id='line_1_37' title="bbox 623 3244 2202 3317; baseline -0.001 -16"><span class='ocrx_word' id='word_1_320' title='bbox 623 3244 716 3301; x_wconf 80' lang='grc' dir='ltr'>οὖν</span> <span class='ocrx_word' id='word_1_321' title='bbox 747 3246 843 3301; x_wconf 64' lang='grc' dir='ltr'>καὶ⁸</span> <span class='ocrx_word' id='word_1_322' title='bbox 874 3244 1042 3298; x_wconf 77' lang='grc' dir='ltr'>ἐστιν.</span> <span class='ocrx_word' id='word_1_323' title='bbox 1087 3244 1149 3297; x_wconf 73' lang='lat' dir='ltr'>El</span> <span class='ocrx_word' id='word_1_324' title='bbox 1174 3244 1230 3297; x_wconf 83' lang='grc' dir='ltr'>δὲ</span> <span class='ocrx_word' id='word_1_325' title='bbox 1258 3245 1406 3296; x_wconf 82' lang='grc' dir='ltr'>ἔστιν</span> <span class='ocrx_word' id='word_1_326' title='bbox 1437 3245 1524 3297; x_wconf 81' lang='grc' dir='ltr'>ὅτε</span> <span class='ocrx_word' id='word_1_327' title='bbox 1550 3246 1649 3297; x_wconf 81' lang='grc' dir='ltr'>οὑκ</span> <span class='ocrx_word' id='word_1_328' title='bbox 1683 3245 1814 3311; x_wconf 75' lang='grc' dir='ltr'>ἔστι,</span> <span class='ocrx_word' id='word_1_329' title='bbox 1859 3245 1974 3309; x_wconf 88' lang='grc' dir='ltr'>πῶς</span> <span class='ocrx_word' id='word_1_330' title='bbox 2014 3246 2079 3299; x_wconf 83' lang='grc' dir='ltr'>ἂν</span> <span class='ocrx_word' id='word_1_331' title='bbox 2118 3247 2202 3317; x_wconf 85' lang='grc' dir='ltr'>εῐη</span> 
     </span>
    </p>
   </div>
   <div class='ocr_carea' id='block_1_38' title="bbox 624 3323 2205 3400">
    <p class='ocr_par' dir='ltr' id='par_1_38' title="bbox 624 3323 2205 3400">
     <span class='ocr_line' id='line_1_38' title="bbox 624 3323 2205 3400; baseline 0.022 -38"><span class='ocrx_word' id='word_1_332' title='bbox 624 3329 739 3400; x_wconf 71' lang='grc' dir='ltr'>ζωὴ</span> <span class='ocrx_word' id='word_1_333' title='bbox 767 3328 874 3382; x_wconf 75' lang='grc' dir='ltr'>τῶν</span> <span class='ocrx_word' id='word_1_334' title='bbox 902 3327 1098 3389; x_wconf 63' lang='grc' dir='ltr'>ἄλλων,</span> <span class='ocrx_word' id='word_1_335' title='bbox 1135 3327 1273 3397; x_wconf 79' lang='grc' dir='ltr'>αὐτή</span> <span class='ocrx_word' id='word_1_336' title='bbox 1298 3343 1425 3378; x_wconf 85' lang='grc' dir='ltr'>ποτε</span> <span class='ocrx_word' id='word_1_337' title='bbox 1455 3327 1557 3379; x_wconf 87' lang='grc' dir='ltr'>οὑκ</span> <span class='ocrx_word' id='word_1_338' title='bbox 1584 3323 1720 3380; x_wconf 76' lang='grc' dir='ltr'>οὖσα</span> <span class='ocrx_word' id='word_1_339' title='bbox 1744 3345 1759 3393; x_wconf 89' lang='grc'>;</span> <span class='ocrx_word' id='word_1_340' title='bbox 1805 3328 1927 3391; x_wconf 83' lang='grc' dir='ltr'>Πῶς</span> <span class='ocrx_word' id='word_1_341' title='bbox 1956 3323 2069 3392; x_wconf 67' lang='grc' dir='ltr'>οὖν,</span> <span class='ocrx_word' id='word_1_342' title='bbox 2100 3345 2205 3398; x_wconf 84' lang='grc' dir='ltr'>φη·</span> 
     </span>
    </p>
   </div>
   <div class='ocr_carea' id='block_1_39' title="bbox 624 3408 2202 3483">
    <p class='ocr_par' dir='ltr' id='par_1_39' title="bbox 624 3408 2202 3483">
     <span class='ocr_line' id='line_1_39' title="bbox 624 3408 2202 3483; baseline 0.002 -20"><span class='ocrx_word' id='word_1_343' title='bbox 624 3415 729 3476; x_wconf 73' lang='grc' dir='ltr'>σὶν,</span> <span class='ocrx_word' id='word_1_344' title='bbox 757 3411 932 3483; x_wconf 81' lang='grc' dir='ltr'>ἀρχὴν</span> <span class='ocrx_word' id='word_1_345' title='bbox 960 3410 1157 3481; x_wconf 71' lang='grc' dir='ltr'>έθηκεν</span> <span class='ocrx_word' id='word_1_346' title='bbox 1183 3412 1212 3463; x_wconf 88' lang='lat'><strong>6</strong></span> <span class='ocrx_word' id='word_1_347' title='bbox 1258 3410 1513 3480; x_wconf 81' lang='grc' dir='ltr'>Ἰωάννης</span> <span class='ocrx_word' id='word_1_348' title='bbox 1541 3410 1733 3473; x_wconf 74' lang='grc' dir='ltr'>εἰπὼν,</span> <span class='ocrx_word' id='word_1_349' title='bbox 1777 3411 1875 3463; x_wconf 80' lang='grc' dir='ltr'>Ἐν</span> <span class='ocrx_word' id='word_1_350' title='bbox 1903 3410 2063 3480; x_wconf 77' lang='grc' dir='ltr'>ἀρχῇ</span> <span class='ocrx_word' id='word_1_351' title='bbox 2090 3408 2202 3481; x_wconf 82' lang='grc' dir='ltr'>ἦν;</span> 
     </span>
    </p>
   </div>
   <div class='ocr_carea' id='block_1_40' title="bbox 624 3489 2201 3566">
    <p class='ocr_par' dir='ltr' id='par_1_40' title="bbox 624 3489 2201 3566">
     <span class='ocr_line' id='line_1_40' title="bbox 624 3489 2201 3566; baseline -0.001 -17"><span class='ocrx_word' id='word_1_352' title='bbox 624 3495 737 3566; x_wconf 80' lang='grc' dir='ltr'>Τῷ,</span> <span class='ocrx_word' id='word_1_353' title='bbox 778 3496 880 3549; x_wconf 83' lang='grc' dir='ltr'>Ἐν</span> <span class='ocrx_word' id='word_1_354' title='bbox 915 3492 1096 3563; x_wconf 78' lang='grc' dir='ltr'>ἀρχῇ,</span> <span class='ocrx_word' id='word_1_355' title='bbox 1132 3492 1453 3563; x_wconf 83' lang='grc' dir='ltr'>προσέσχες,</span> <span class='ocrx_word' id='word_1_356' title='bbox 1489 3493 1581 3545; x_wconf 70' lang='grc' dir='ltr'>καὶ</span> <span class='ocrx_word' id='word_1_357' title='bbox 1613 3493 1709 3562; x_wconf 85' lang='grc' dir='ltr'>τῷ,</span> <span class='ocrx_word' id='word_1_358' title='bbox 1745 3489 1877 3555; x_wconf 79' lang='grc' dir='ltr'>Ἦν,</span> <span class='ocrx_word' id='word_1_359' title='bbox 1918 3494 2037 3547; x_wconf 89' lang='grc' dir='ltr'>εἰπέ</span> <span class='ocrx_word' id='word_1_360' title='bbox 2082 3511 2201 3565; x_wconf 71' lang='grc' dir='ltr'>μοι*</span> 
     </span>
    </p>
   </div>
   <div class='ocr_carea' id='block_1_41' title="bbox 628 3572 2205 3649">
    <p class='ocr_par' dir='ltr' id='par_1_41' title="bbox 628 3572 2205 3649">
     <span class='ocr_line' id='line_1_41' title="bbox 628 3572 2205 3649; baseline 0 -18"><span class='ocrx_word' id='word_1_361' title='bbox 628 3580 719 3631; x_wconf 71' lang='grc' dir='ltr'>καὶ</span> <span class='ocrx_word' id='word_1_362' title='bbox 746 3577 827 3638; x_wconf 86' lang='lat'><strong>16,</strong></span> <span class='ocrx_word' id='word_1_363' title='bbox 872 3577 936 3629; x_wconf 88' lang='lat'><strong>&#39;0</strong></span> <span class='ocrx_word' id='word_1_364' title='bbox 958 3577 1147 3645; x_wconf 73' lang='grc' dir='ltr'>Λόγος</span> <span class='ocrx_word' id='word_1_365' title='bbox 1174 3572 1272 3645; x_wconf 84' lang='grc' dir='ltr'>ἦν,</span> <span class='ocrx_word' id='word_1_366' title='bbox 1313 3577 1413 3628; x_wconf 87' lang='grc' dir='ltr'>οὑκ</span> <span class='ocrx_word' id='word_1_367' title='bbox 1440 3577 1671 3639; x_wconf 75' lang='grc' dir='ltr'>ἐννοεῖςς</span> <span class='ocrx_word' id='word_1_368' title='bbox 1715 3575 1777 3627; x_wconf 87' lang='grc' dir='ltr'>Τί</span> <span class='ocrx_word' id='word_1_369' title='bbox 1811 3577 1887 3638; x_wconf 86' lang='grc' dir='ltr'>δὲ,</span> <span class='ocrx_word' id='word_1_370' title='bbox 1919 3577 2046 3629; x_wconf 89' lang='grc' dir='ltr'>ὃταν</span> <span class='ocrx_word' id='word_1_371' title='bbox 2078 3579 2205 3649; x_wconf 75' lang='grc' dir='ltr'>περὶ</span> 
     </span>
    </p>
   </div>
   <div class='ocr_carea' id='block_1_42' title="bbox 625 3658 2200 3729">
    <p class='ocr_par' dir='ltr' id='par_1_42' title="bbox 625 3658 2200 3729">
     <span class='ocr_line' id='line_1_42' title="bbox 625 3658 2200 3729; baseline 0.001 -17"><span class='ocrx_word' id='word_1_372' title='bbox 625 3660 723 3713; x_wconf 84' lang='grc' dir='ltr'>τοῦ</span> <span class='ocrx_word' id='word_1_373' title='bbox 755 3659 970 3729; x_wconf 76' lang='grc' dir='ltr'>Πατρὸς</span> <span class='ocrx_word' id='word_1_374' title='bbox 1005 3661 1034 3711; x_wconf 91' lang='grc' dir='ltr'>ὁ</span> <span class='ocrx_word' id='word_1_375' title='bbox 1060 3659 1353 3728; x_wconf 81' lang='grc' dir='ltr'>Προφήτης</span> <span class='ocrx_word' id='word_1_376' title='bbox 1392 3658 1557 3729; x_wconf 78' lang='grc' dir='ltr'>λέγῃ’</span> <span class='ocrx_word' id='word_1_377' title='bbox 1621 3659 1762 3711; x_wconf 75' lang='grc' dir='ltr'>’Λπὸ</span> <span class='ocrx_word' id='word_1_378' title='bbox 1809 3658 1914 3711; x_wconf 89' lang='grc' dir='ltr'>τοῦ</span> <span class='ocrx_word' id='word_1_379' title='bbox 1957 3658 2200 3725; x_wconf 78' lang='grc' dir='ltr'>αἰῶνος,</span> 
     </span>
    </p>
   </div>
   <div class='ocr_carea' id='block_1_43' title="bbox 628 3736 2205 3810">
    <p class='ocr_par' dir='ltr' id='par_1_43' title="bbox 628 3736 2205 3810">
     <span class='ocr_line' id='line_1_43' title="bbox 628 3736 2205 3810; baseline -0.001 -15"><span class='ocrx_word' id='word_1_380' title='bbox 628 3741 724 3796; x_wconf 72' lang='grc' dir='ltr'>καὶ</span> <span class='ocrx_word' id='word_1_381' title='bbox 753 3741 863 3805; x_wconf 78' lang='grc' dir='ltr'>ἓως</span> <span class='ocrx_word' id='word_1_382' title='bbox 890 3739 994 3793; x_wconf 87' lang='grc' dir='ltr'>τοῦ</span> <span class='ocrx_word' id='word_1_383' title='bbox 1032 3738 1246 3803; x_wconf 68' lang='grc' dir='ltr'>αἰῶνος</span> <span class='ocrx_word' id='word_1_384' title='bbox 1274 3740 1357 3792; x_wconf 86' lang='grc' dir='ltr'>σὺ</span> <span class='ocrx_word' id='word_1_385' title='bbox 1394 3736 1479 3792; x_wconf 78' lang='grc' dir='ltr'>εἷ’</span> <span class='ocrx_word' id='word_1_386' title='bbox 1512 3736 1623 3810; x_wconf 82' lang='grc' dir='ltr'>ἆρα</span> <span class='ocrx_word' id='word_1_387' title='bbox 1665 3740 1823 3809; x_wconf 80' lang='lat'><strong>6900;</strong></span> <span class='ocrx_word' id='word_1_388' title='bbox 1855 3740 2001 3809; x_wconf 83' lang='grc' dir='ltr'>αὐτῷ</span> <span class='ocrx_word' id='word_1_389' title='bbox 2036 3742 2205 3804; x_wconf 76' lang='grc' dir='ltr'>τιθεὶς</span> 
     </span>
    </p>
   </div>
   <div class='ocr_carea' id='block_1_44' title="bbox 627 3820 2208 3892">
    <p class='ocr_par' dir='ltr' id='par_1_44' title="bbox 627 3820 2208 3892">
     <span class='ocr_line' id='line_1_44' title="bbox 627 3820 2208 3892; baseline 0 -16"><span class='ocrx_word' id='word_1_390' title='bbox 627 3824 769 3878; x_wconf 76' lang='grc' dir='ltr'>οὔτω</span> <span class='ocrx_word' id='word_1_391' title='bbox 804 3822 1004 3892; x_wconf 78' lang='grc' dir='ltr'>φησίν;</span> <span class='ocrx_word' id='word_1_392' title='bbox 1046 3820 1333 3889; x_wconf 86' lang='grc' dir='ltr'>υὺδαμῶς,</span> <span class='ocrx_word' id='word_1_393' title='bbox 1366 3820 1503 3873; x_wconf 76' lang='grc' dir='ltr'>ἀλλὰ</span> <span class='ocrx_word' id='word_1_394' title='bbox 1533 3821 1594 3873; x_wconf 90' lang='lat'>16</span> <span class='ocrx_word' id='word_1_395' title='bbox 1626 3820 1795 3873; x_wconf 73' lang='grc' dir='ltr'>ἀΐδιον</span> <span class='ocrx_word' id='word_1_396' title='bbox 1821 3820 2014 3890; x_wconf 84' lang='grc' dir='ltr'>δηλῶν.</span> <span class='ocrx_word' id='word_1_397' title='bbox 2050 3823 2208 3876; x_wconf 81' lang='grc' dir='ltr'>υῦτω</span> 
     </span>
    </p>
   </div>
   <div class='ocr_carea' id='block_1_45' title="bbox 626 3901 2205 3972">
    <p class='ocr_par' dir='ltr' id='par_1_45' title="bbox 626 3901 2205 3972">
     <span class='ocr_line' id='line_1_45' title="bbox 626 3901 2205 3972; baseline -0.001 -13"><span class='ocrx_word' id='word_1_398' title='bbox 626 3906 808 3959; x_wconf 82' lang='grc' dir='ltr'>τοίνυν</span> <span class='ocrx_word' id='word_1_399' title='bbox 835 3905 928 3957; x_wconf 73' lang='grc' dir='ltr'>καὶ</span> <span class='ocrx_word' id='word_1_400' title='bbox 960 3901 1196 3956; x_wconf 82' lang='grc' dir='ltr'>ἐνταῦθα</span> <span class='ocrx_word' id='word_1_401' title='bbox 1240 3903 1370 3955; x_wconf 90' lang='grc' dir='ltr'>νόει.</span> <span class='ocrx_word' id='word_1_402' title='bbox 1409 3902 1484 3956; x_wconf 89' lang='grc' dir='ltr'>Οὑ</span> <span class='ocrx_word' id='word_1_403' title='bbox 1514 3902 1623 3972; x_wconf 90' lang='lat'>7&amp;9</span> <span class='ocrx_word' id='word_1_404' title='bbox 1655 3903 1814 3972; x_wconf 77' lang='grc' dir='ltr'>ὅρους</span> <span class='ocrx_word' id='word_1_405' title='bbox 1839 3901 2027 3966; x_wconf 69' lang='grc' dir='ltr'>τιθεὶς,</span> <span class='ocrx_word' id='word_1_406' title='bbox 2050 3905 2205 3958; x_wconf 89' lang='grc' dir='ltr'>τοῦτο</span> 
     </span>
    </p>
   </div>
   <div class='ocr_carea' id='block_1_46' title="bbox 628 3979 2205 4057">
    <p class='ocr_par' dir='ltr' id='par_1_46' title="bbox 628 3979 2205 4057">
     <span class='ocr_line' id='line_1_46' title="bbox 628 3979 2205 4057; baseline 0.001 -19"><span class='ocrx_word' id='word_1_407' title='bbox 628 3992 868 4057; x_wconf 74' lang='grc' dir='ltr'>εἴρηκεν.</span> <span class='ocrx_word' id='word_1_408' title='bbox 893 3984 1025 4039; x_wconf 84' lang='grc' dir='ltr'>Οὑδὲ</span> <span class='ocrx_word' id='word_1_409' title='bbox 1054 3983 1162 4055; x_wconf 82' lang='lat'>7&amp;9</span> <span class='ocrx_word' id='word_1_410' title='bbox 1176 3979 1345 4048; x_wconf 76' lang='grc' dir='ltr'>εἶπεν,</span> <span class='ocrx_word' id='word_1_411' title='bbox 1376 3982 1549 4054; x_wconf 80' lang='grc' dir='ltr'>ἀρχὴν</span> <span class='ocrx_word' id='word_1_412' title='bbox 1564 3983 1741 4054; x_wconf 73' lang='grc' dir='ltr'>ἔσχεν,</span> <span class='ocrx_word' id='word_1_413' title='bbox 1774 3984 1906 4046; x_wconf 86' lang='grc' dir='ltr'>ἀλλ’,</span> <span class='ocrx_word' id='word_1_414' title='bbox 1925 3984 2026 4037; x_wconf 82' lang='grc' dir='ltr'>Ἔν</span> <span class='ocrx_word' id='word_1_415' title='bbox 2048 3985 2205 4053; x_wconf 71' lang='grc' dir='ltr'>ἀρχῇ</span> 
     </span>
    </p>
   </div>
   <div class='ocr_carea' id='block_1_47' title="bbox 627 4063 2204 4138">
    <p class='ocr_par' dir='ltr' id='par_1_47' title="bbox 627 4063 2204 4138">
     <span class='ocr_line' id='line_1_47' title="bbox 627 4063 2204 4138; baseline -0.003 -14"><span class='ocrx_word' id='word_1_416' title='bbox 627 4070 728 4137; x_wconf 79' lang='grc' dir='ltr'>ἦν,</span> <span class='ocrx_word' id='word_1_417' title='bbox 757 4068 843 4122; x_wconf 82' lang='grc' dir='ltr'>διὰ</span> <span class='ocrx_word' id='word_1_418' title='bbox 884 4067 1002 4129; x_wconf 83' lang='grc' dir='ltr'>τοῦ,</span> <span class='ocrx_word' id='word_1_419' title='bbox 1050 4063 1190 4131; x_wconf 84' lang='grc' dir='ltr'>Ἦν,</span> <span class='ocrx_word' id='word_1_420' title='bbox 1237 4066 1625 4136; x_wconf 81' lang='grc' dir='ltr'>παραπέμπων</span> <span class='ocrx_word' id='word_1_421' title='bbox 1671 4081 1730 4118; x_wconf 89' lang='grc' dir='ltr'>σε</span> <span class='ocrx_word' id='word_1_422' title='bbox 1769 4066 1859 4119; x_wconf 78' lang='grc' dir='ltr'>ἐπὶ</span> <span class='ocrx_word' id='word_1_423' title='bbox 1888 4066 1947 4119; x_wconf 83' lang='grc' dir='ltr'>τὸ</span> <span class='ocrx_word' id='word_1_424' title='bbox 1973 4066 2204 4138; x_wconf 77' lang='grc' dir='ltr'>ἄναρχον</span> 
     </span>
    </p>
   </div>
   <div class='ocr_carea' id='block_1_48' title="bbox 629 4148 2203 4220">
    <p class='ocr_par' dir='ltr' id='par_1_48' title="bbox 629 4148 2203 4220">
     <span class='ocr_line' id='line_1_48' title="bbox 629 4148 2203 4220; baseline -0.002 -14"><span class='ocrx_word' id='word_1_425' title='bbox 629 4155 827 4206; x_wconf 75' lang='grc' dir='ltr'>ἐννοεῖν</span> <span class='ocrx_word' id='word_1_426' title='bbox 852 4152 940 4204; x_wconf 85' lang='lat' dir='ltr'>16v</span> <span class='ocrx_word' id='word_1_427' title='bbox 969 4150 1114 4204; x_wconf 84' lang='grc' dir='ltr'>Υίόν.</span> <span class='ocrx_word' id='word_1_428' title='bbox 1176 4149 1313 4203; x_wconf 76' lang='grc' dir='ltr'>Ἀλλ’</span> <span class='ocrx_word' id='word_1_429' title='bbox 1350 4148 1479 4212; x_wconf 75' lang='grc' dir='ltr'>ἰδοὺ,</span> <span class='ocrx_word' id='word_1_430' title='bbox 1527 4150 1710 4219; x_wconf 81' lang='grc' dir='ltr'>φησὶν,</span> <span class='ocrx_word' id='word_1_431' title='bbox 1765 4151 1793 4202; x_wconf 90' lang='lat'><em>6</em></span> <span class='ocrx_word' id='word_1_432' title='bbox 1842 4150 2031 4220; x_wconf 77' lang='grc' dir='ltr'>Πατὴρ</span> <span class='ocrx_word' id='word_1_433' title='bbox 2067 4152 2203 4220; x_wconf 82' lang='grc' dir='ltr'>μετὰ</span> 
     </span>
    </p>
   </div>
   <div class='ocr_carea' id='block_1_49' title="bbox 627 4232 2202 4306">
    <p class='ocr_par' dir='ltr' id='par_1_49' title="bbox 627 4232 2202 4306">
     <span class='ocr_line' id='line_1_49' title="bbox 627 4232 2202 4306; baseline -0.002 -18"><span class='ocrx_word' id='word_1_434' title='bbox 627 4236 725 4305; x_wconf 81' lang='grc' dir='ltr'>τῆς</span> <span class='ocrx_word' id='word_1_435' title='bbox 761 4233 854 4288; x_wconf 88' lang='grc' dir='ltr'>τοῦ</span> <span class='ocrx_word' id='word_1_436' title='bbox 886 4233 1090 4306; x_wconf 81' lang='grc' dir='ltr'>ἄρθρου</span> <span class='ocrx_word' id='word_1_437' title='bbox 1125 4232 1440 4305; x_wconf 79' lang='grc' dir='ltr'>προσθήκης</span> <span class='ocrx_word' id='word_1_438' title='bbox 1464 4232 1700 4303; x_wconf 77' lang='grc' dir='ltr'>εἴρηται,</span> <span class='ocrx_word' id='word_1_439' title='bbox 1728 4234 1757 4286; x_wconf 89' lang='lat'><em>6</em></span> <span class='ocrx_word' id='word_1_440' title='bbox 1788 4233 1844 4286; x_wconf 85' lang='grc' dir='ltr'>δὲ</span> <span class='ocrx_word' id='word_1_441' title='bbox 1882 4234 2009 4294; x_wconf 77' lang='grc' dir='ltr'>Υἱὸς</span> <span class='ocrx_word' id='word_1_442' title='bbox 2035 4234 2202 4303; x_wconf 76' lang='grc' dir='ltr'>χωρὶς</span> 
     </span>
    </p>
   </div>
   <div class='ocr_carea' id='block_1_50' title="bbox 616 4313 2203 4390">
    <p class='ocr_par' dir='ltr' id='par_1_50' title="bbox 616 4313 2203 4390">
     <span class='ocr_line' id='line_1_50' title="bbox 616 4313 2203 4390; baseline -0.002 -19"><span class='ocrx_word' id='word_1_443' title='bbox 616 4317 930 4390; x_wconf 70' lang='grc' dir='ltr'>ταύτης.Ἰ’ί</span> <span class='ocrx_word' id='word_1_444' title='bbox 957 4313 1069 4379; x_wconf 79' lang='grc' dir='ltr'>οὖν,</span> <span class='ocrx_word' id='word_1_445' title='bbox 1093 4318 1218 4370; x_wconf 81' lang='grc' dir='ltr'>ὅταν</span> <span class='ocrx_word' id='word_1_446' title='bbox 1240 4317 1597 4380; x_wconf 78' lang='grc' dir='ltr'>δ’Δπόστολος</span> <span class='ocrx_word' id='word_1_447' title='bbox 1615 4317 1769 4387; x_wconf 79' lang='grc' dir='ltr'>λέγῃ,</span> <span class='ocrx_word' id='word_1_448' title='bbox 1806 4318 1914 4370; x_wconf 83' lang='grc' dir='ltr'>Τοῦ</span> <span class='ocrx_word' id='word_1_449' title='bbox 1936 4315 2203 4385; x_wconf 69' lang='grc' dir='ltr'>μεγάλου</span> 
     </span>
    </p>
   </div>
   <div class='ocr_carea' id='block_1_51' title="bbox 631 4397 2206 4464">
    <p class='ocr_par' dir='ltr' id='par_1_51' title="bbox 631 4397 2206 4464">
     <span class='ocr_line' id='line_1_51' title="bbox 631 4397 2206 4464; baseline -0.002 -11"><span class='ocrx_word' id='word_1_450' title='bbox 631 4400 779 4453; x_wconf 77' lang='grc' dir='ltr'>Θεοῦ</span> <span class='ocrx_word' id='word_1_451' title='bbox 830 4399 929 4451; x_wconf 77' lang='grc' dir='ltr'>καὶ</span> <span class='ocrx_word' id='word_1_452' title='bbox 973 4397 1247 4464; x_wconf 82' lang='grc' dir='ltr'>Σωτῆρος</span> <span class='ocrx_word' id='word_1_453' title='bbox 1296 4398 1463 4464; x_wconf 75' lang='grc' dir='ltr'>ἡμῶν</span> <span class='ocrx_word' id='word_1_454' title='bbox 1515 4399 1716 4464; x_wconf 78' lang='grc' dir='ltr'>Ἰησοῦ</span> <span class='ocrx_word' id='word_1_455' title='bbox 1765 4399 2053 4464; x_wconf 68' lang='grc' dir='ltr'>Χριστοῦ*</span> <span class='ocrx_word' id='word_1_456' title='bbox 2113 4401 2206 4451; x_wconf 74' lang='grc' dir='ltr'>καὶ</span> 
     </span>
    </p>
   </div>
   <div class='ocr_carea' id='block_1_52' title="bbox 630 4478 2206 4548">
    <p class='ocr_par' dir='ltr' id='par_1_52' title="bbox 630 4478 2206 4548">
     <span class='ocr_line' id='line_1_52' title="bbox 630 4478 2206 4548; baseline 0 -16"><span class='ocrx_word' id='word_1_457' title='bbox 630 4479 813 4542; x_wconf 85' lang='grc' dir='ltr'>πάλιν,</span> <span class='ocrx_word' id='word_1_458' title='bbox 862 4481 921 4530; x_wconf 90' lang='grc' dir='ltr'><strong>Ὀ</strong></span> <span class='ocrx_word' id='word_1_459' title='bbox 945 4478 1030 4530; x_wconf 85' lang='grc' dir='ltr'>ὢν</span> <span class='ocrx_word' id='word_1_460' title='bbox 1055 4479 1150 4530; x_wconf 77' lang='grc' dir='ltr'>ἐπὶ</span> <span class='ocrx_word' id='word_1_461' title='bbox 1187 4478 1429 4530; x_wconf 80' lang='grc' dir='ltr'>πάντων</span> <span class='ocrx_word' id='word_1_462' title='bbox 1465 4480 1640 4545; x_wconf 79' lang='grc' dir='ltr'>Θεός;</span> <span class='ocrx_word' id='word_1_463' title='bbox 1680 4480 1787 4531; x_wconf 73' lang='grc' dir='ltr'>ἰδοῦ</span> <span class='ocrx_word' id='word_1_464' title='bbox 1826 4482 1934 4548; x_wconf 89' lang='lat'>7&amp;9</span> <span class='ocrx_word' id='word_1_465' title='bbox 1972 4479 2206 4533; x_wconf 80' lang='grc' dir='ltr'>ἐνταῦθα</span> 
     </span>
    </p>
   </div>
   <div class='ocr_carea' id='block_1_53' title="bbox 629 4558 2206 4635">
    <p class='ocr_par' dir='ltr' id='par_1_53' title="bbox 629 4558 2206 4635">
     <span class='ocr_line' id='line_1_53' title="bbox 629 4558 2206 4635; baseline -0.002 -20"><span class='ocrx_word' id='word_1_466' title='bbox 629 4562 801 4635; x_wconf 78' lang='grc' dir='ltr'>χωρὶς</span> <span class='ocrx_word' id='word_1_467' title='bbox 836 4559 930 4611; x_wconf 88' lang='grc' dir='ltr'>τοῦ</span> <span class='ocrx_word' id='word_1_468' title='bbox 963 4558 1166 4629; x_wconf 79' lang='grc' dir='ltr'>ἄρθρου</span> <span class='ocrx_word' id='word_1_469' title='bbox 1219 4558 1312 4611; x_wconf 85' lang='grc' dir='ltr'>τοῦ</span> <span class='ocrx_word' id='word_1_470' title='bbox 1354 4558 1486 4611; x_wconf 81' lang='grc' dir='ltr'>Υίοῦ</span> <span class='ocrx_word' id='word_1_471' title='bbox 1521 4560 1910 4629; x_wconf 84' lang='grc' dir='ltr'>ἐμνημόνευσε.</span> <span class='ocrx_word' id='word_1_472' title='bbox 1959 4561 2106 4613; x_wconf 85' lang='grc' dir='ltr'>Ποιεῖ</span> <span class='ocrx_word' id='word_1_473' title='bbox 2148 4562 2206 4614; x_wconf 84' lang='grc' dir='ltr'>δὲ</span> 
     </span>
    </p>
   </div>
   <div class='ocr_carea' id='block_1_54' title="bbox 629 4640 2206 4710">
    <p class='ocr_par' dir='ltr' id='par_1_54' title="bbox 629 4640 2206 4710">
     <span class='ocr_line' id='line_1_54' title="bbox 629 4640 2206 4710; baseline -0.001 -14"><span class='ocrx_word' id='word_1_474' title='bbox 629 4643 789 4696; x_wconf 82' lang='grc' dir='ltr'>τοῦτο</span> <span class='ocrx_word' id='word_1_475' title='bbox 814 4642 908 4693; x_wconf 75' lang='grc' dir='ltr'>καὶ</span> <span class='ocrx_word' id='word_1_476' title='bbox 939 4642 1031 4693; x_wconf 74' lang='grc' dir='ltr'>ἐπὶ</span> <span class='ocrx_word' id='word_1_477' title='bbox 1069 4640 1161 4693; x_wconf 88' lang='grc' dir='ltr'>τοῦ</span> <span class='ocrx_word' id='word_1_478' title='bbox 1207 4641 1436 4710; x_wconf 82' lang='grc' dir='ltr'>Πατρός.</span> <span class='ocrx_word' id='word_1_479' title='bbox 1483 4642 1605 4704; x_wconf 89' lang='grc' dir='ltr'>Τοῖς</span> <span class='ocrx_word' id='word_1_480' title='bbox 1657 4641 1789 4709; x_wconf 88' lang='grc' dir='ltr'>γοῦν</span> <span class='ocrx_word' id='word_1_481' title='bbox 1826 4641 2206 4710; x_wconf 79' lang='grc' dir='ltr'>Φιλιππησίοις</span> 
     </span>
    </p>
   </div>
   <div class='ocr_carea' id='block_1_55' title="bbox 634 4720 2206 4793">
    <p class='ocr_par' dir='ltr' id='par_1_55' title="bbox 634 4720 2206 4793">
     <span class='ocr_line' id='line_1_55' title="bbox 634 4720 2206 4793; baseline -0.001 -14"><span class='ocrx_word' id='word_1_482' title='bbox 634 4722 982 4785; x_wconf 83' lang='grc' dir='ltr'>ἐπιστέλλων,</span> <span class='ocrx_word' id='word_1_483' title='bbox 1014 4720 1156 4775; x_wconf 78' lang='grc' dir='ltr'>οὑτω</span> <span class='ocrx_word' id='word_1_484' title='bbox 1184 4723 1345 4790; x_wconf 75' lang='grc' dir='ltr'>φησίν</span> <span class='ocrx_word' id='word_1_485' title='bbox 1364 4739 1377 4751; x_wconf 89' lang='grc'><strong>·</strong></span> <span class='ocrx_word' id='word_1_486' title='bbox 1414 4724 1612 4789; x_wconf 72' lang='grc' dir='ltr'>Ὃςοέν</span> <span class='ocrx_word' id='word_1_487' title='bbox 1633 4722 1836 4793; x_wconf 67' lang='grc' dir='ltr'>μορφῇ</span> <span class='ocrx_word' id='word_1_488' title='bbox 1858 4723 2005 4778; x_wconf 86' lang='grc' dir='ltr'>Θεοῦ</span> <span class='ocrx_word' id='word_1_489' title='bbox 2027 4724 2206 4793; x_wconf 82' lang='grc' dir='ltr'>ὑπάρ-</span> 
     </span>
    </p>
   </div>
   <div class='ocr_carea' id='block_1_56' title="bbox 633 4802 2201 4877">
    <p class='ocr_par' dir='ltr' id='par_1_56' title="bbox 633 4802 2201 4877">
     <span class='ocr_line' id='line_1_56' title="bbox 633 4802 2201 4877; baseline 0.001 -17"><span class='ocrx_word' id='word_1_490' title='bbox 633 4824 778 4877; x_wconf 81' lang='grc' dir='ltr'>χων.</span> <span class='ocrx_word' id='word_1_491' title='bbox 813 4807 924 4858; x_wconf 79' lang='grc' dir='ltr'>οὐκ</span> <span class='ocrx_word' id='word_1_492' title='bbox 950 4803 1264 4873; x_wconf 73' lang='grc' dir='ltr'>ἁρπαγμὸν</span> <span class='ocrx_word' id='word_1_493' title='bbox 1294 4803 1568 4873; x_wconf 73' lang='grc' dir='ltr'>ἡγήσατο</span> <span class='ocrx_word' id='word_1_494' title='bbox 1600 4806 1665 4858; x_wconf 88' lang='grc' dir='ltr'>τὸ</span> <span class='ocrx_word' id='word_1_495' title='bbox 1702 4802 1853 4862; x_wconf 77' lang='grc' dir='ltr'>εἶναι</span> <span class='ocrx_word' id='word_1_496' title='bbox 1899 4808 2005 4860; x_wconf 76' lang='grc' dir='ltr'>ἶσα</span> <span class='ocrx_word' id='word_1_497' title='bbox 2044 4807 2165 4873; x_wconf 85' lang='grc' dir='ltr'>Θεῴ</span> <span class='ocrx_word' id='word_1_498' title='bbox 2188 4826 2201 4837; x_wconf 90' lang='grc'>·</span> 
     </span>
    </p>
   </div>
   <div class='ocr_carea' id='block_1_57' title="bbox 632 4886 2205 4959">
    <p class='ocr_par' dir='ltr' id='par_1_57' title="bbox 632 4886 2205 4959">
     <span class='ocr_line' id='line_1_57' title="bbox 632 4886 2205 4959; baseline 0 -16"><span class='ocrx_word' id='word_1_499' title='bbox 632 4892 724 4944; x_wconf 67' lang='grc' dir='ltr'>καὶ⁵</span> <span class='ocrx_word' id='word_1_500' title='bbox 761 4886 1122 4958; x_wconf 79' lang='grc' dir='ltr'>Ῥωμαίοιςδὲ</span> <span class='ocrx_word' id='word_1_501' title='bbox 1152 4886 1333 4941; x_wconf 70' lang='grc' dir='ltr'>πάλιν*</span> <span class='ocrx_word' id='word_1_502' title='bbox 1365 4887 1544 4955; x_wconf 82' lang='grc' dir='ltr'>Χάρις</span> <span class='ocrx_word' id='word_1_503' title='bbox 1570 4887 1711 4957; x_wconf 82' lang='grc' dir='ltr'>ὑμῖν</span> <span class='ocrx_word' id='word_1_504' title='bbox 1730 4890 1826 4942; x_wconf 80' lang='grc' dir='ltr'>καὶ</span> <span class='ocrx_word' id='word_1_505' title='bbox 1855 4890 2061 4959; x_wconf 74' lang='grc' dir='ltr'>είρήνη</span> <span class='ocrx_word' id='word_1_506' title='bbox 2087 4891 2205 4946; x_wconf 82' lang='grc' dir='ltr'>ἀπὸ</span> 
     </span>
    </p>
   </div>
   <div class='ocr_carea' id='block_1_58' title="bbox 635 4968 2202 5040">
    <p class='ocr_par' dir='ltr' id='par_1_58' title="bbox 635 4968 2202 5040">
     <span class='ocr_line' id='line_1_58' title="bbox 635 4968 2202 5040; baseline -0.001 -13"><span class='ocrx_word' id='word_1_507' title='bbox 635 4972 782 5027; x_wconf 84' lang='grc' dir='ltr'>Θεοῦ</span> <span class='ocrx_word' id='word_1_508' title='bbox 819 4969 1049 5039; x_wconf 86' lang='grc' dir='ltr'>Πατρός</span> <span class='ocrx_word' id='word_1_509' title='bbox 1079 4968 1267 5038; x_wconf 76' lang='grc' dir='ltr'>ἡμῶν,</span> <span class='ocrx_word' id='word_1_510' title='bbox 1303 4970 1397 5024; x_wconf 78' lang='grc' dir='ltr'>καί</span> <span class='ocrx_word' id='word_1_511' title='bbox 1436 4972 1655 5038; x_wconf 82' lang='grc' dir='ltr'>Κυρίου</span> <span class='ocrx_word' id='word_1_512' title='bbox 1696 4973 1891 5039; x_wconf 80' lang='grc' dir='ltr'>Ἰησοῦ</span> <span class='ocrx_word' id='word_1_513' title='bbox 1928 4974 2202 5040; x_wconf 84' lang='grc' dir='ltr'>Χριστοῦ.</span> 
     </span>
    </p>
   </div>
   <div class='ocr_carea' id='block_1_59' title="bbox 635 5046 2202 5126">
    <p class='ocr_par' dir='ltr' id='par_1_59' title="bbox 635 5046 2202 5126">
     <span class='ocr_line' id='line_1_59' title="bbox 635 5046 2202 5126; baseline 0.002 -19"><span class='ocrx_word' id='word_1_514' title='bbox 635 5054 844 5115; x_wconf 73' lang='grc' dir='ltr'>’Ἄλλως</span> <span class='ocrx_word' id='word_1_515' title='bbox 870 5068 929 5104; x_wconf 89' lang='grc' dir='ltr'>τε</span> <span class='ocrx_word' id='word_1_516' title='bbox 947 5051 1038 5104; x_wconf 77' lang='grc' dir='ltr'>καὶ</span> <span class='ocrx_word' id='word_1_517' title='bbox 1063 5050 1314 5121; x_wconf 81' lang='grc' dir='ltr'>περιττὸν</span> <span class='ocrx_word' id='word_1_518' title='bbox 1341 5046 1408 5122; x_wconf 79' lang='grc' dir='ltr'>ἧν</span> <span class='ocrx_word' id='word_1_519' title='bbox 1427 5052 1655 5106; x_wconf 87' lang='grc' dir='ltr'>ἐνταῦθα</span> <span class='ocrx_word' id='word_1_520' title='bbox 1670 5055 1801 5107; x_wconf 83' lang='grc' dir='ltr'>αὑτὸ</span> <span class='ocrx_word' id='word_1_521' title='bbox 1822 5056 2202 5126; x_wconf 83' lang='grc' dir='ltr'>προστεθῆναι.</span> 
     </span>
    </p>
   </div>
   <div class='ocr_carea' id='block_1_60' title="bbox 631 5132 2205 5210">
    <p class='ocr_par' dir='ltr' id='par_1_60' title="bbox 631 5132 2205 5210">
     <span class='ocr_line' id='line_1_60' title="bbox 631 5132 2205 5210; baseline 0.002 -21"><span class='ocrx_word' id='word_1_522' title='bbox 631 5136 744 5189; x_wconf 84' lang='grc' dir='ltr'>ἄνω</span> <span class='ocrx_word' id='word_1_523' title='bbox 774 5132 1011 5202; x_wconf 86' lang='grc' dir='ltr'>συνεχῶς</span> <span class='ocrx_word' id='word_1_524' title='bbox 1043 5132 1337 5203; x_wconf 75' lang='grc' dir='ltr'>προστεθὲν</span> <span class='ocrx_word' id='word_1_525' title='bbox 1367 5134 1445 5203; x_wconf 84' lang='grc' dir='ltr'>τῷ</span> <span class='ocrx_word' id='word_1_526' title='bbox 1473 5134 1636 5206; x_wconf 85' lang='grc' dir='ltr'>λόγῳ.</span> <span class='ocrx_word' id='word_1_527' title='bbox 1686 5136 1896 5208; x_wconf 83' lang='grc' dir='ltr'>Ὥσπερ</span> <span class='ocrx_word' id='word_1_528' title='bbox 1938 5140 2047 5207; x_wconf 86' lang='lat'>7&amp;9</span> <span class='ocrx_word' id='word_1_529' title='bbox 2079 5140 2205 5210; x_wconf 75' lang='grc' dir='ltr'>περὶ</span> 
     </span>
    </p>
   </div>
   <div class='ocr_carea' id='block_1_61' title="bbox 629 5216 2205 5288">
    <p class='ocr_par' dir='ltr' id='par_1_61' title="bbox 629 5216 2205 5288">
     <span class='ocr_line' id='line_1_61' title="bbox 629 5216 2205 5288; baseline 0.004 -18"><span class='ocrx_word' id='word_1_530' title='bbox 629 5217 725 5270; x_wconf 82' lang='grc' dir='ltr'>τοῦ</span> <span class='ocrx_word' id='word_1_531' title='bbox 765 5216 977 5286; x_wconf 83' lang='grc' dir='ltr'>Πατρὸς</span> <span class='ocrx_word' id='word_1_532' title='bbox 1015 5216 1190 5283; x_wconf 81' lang='grc' dir='ltr'>λέγων</span> <span class='ocrx_word' id='word_1_533' title='bbox 1216 5217 1371 5285; x_wconf 74' lang='grc' dir='ltr'>φησὶ,</span> <span class='ocrx_word' id='word_1_534' title='bbox 1403 5218 1643 5288; x_wconf 82' lang='grc' dir='ltr'>Πνεῦμα</span> <span class='ocrx_word' id='word_1_535' title='bbox 1677 5220 1710 5273; x_wconf 87' lang='grc' dir='ltr'><em>ὀ</em></span> <span class='ocrx_word' id='word_1_536' title='bbox 1752 5223 1896 5284; x_wconf 82' lang='grc' dir='ltr'>Θεός</span> <span class='ocrx_word' id='word_1_537' title='bbox 1917 5238 1931 5251; x_wconf 90' lang='grc'><strong>·</strong></span> <span class='ocrx_word' id='word_1_538' title='bbox 1980 5221 2072 5277; x_wconf 83' lang='grc' dir='ltr'>καὶ</span> <span class='ocrx_word' id='word_1_539' title='bbox 2104 5225 2205 5276; x_wconf 74' lang='grc' dir='ltr'>οὐκ</span> 
     </span>
    </p>
   </div>
   <div class='ocr_carea' id='block_1_62' title="bbox 633 5298 2205 5373">
    <p class='ocr_par' dir='ltr' id='par_1_62' title="bbox 633 5298 2205 5373">
     <span class='ocr_line' id='line_1_62' title="bbox 633 5298 2205 5373; baseline 0.004 -22"><span class='ocrx_word' id='word_1_540' title='bbox 633 5299 818 5368; x_wconf 72' lang='grc' dir='ltr'>ἐπειδὴ</span> <span class='ocrx_word' id='word_1_541' title='bbox 858 5298 936 5369; x_wconf 82' lang='grc' dir='ltr'>τῷ</span> <span class='ocrx_word' id='word_1_542' title='bbox 966 5298 1257 5369; x_wconf 82' lang='grc' dir='ltr'>Ἡνεύματι</span> <span class='ocrx_word' id='word_1_543' title='bbox 1298 5299 1359 5352; x_wconf 91' lang='lat'>16</span> <span class='ocrx_word' id='word_1_544' title='bbox 1397 5300 1597 5371; x_wconf 82' lang='grc' dir='ltr'>ἄρθρον</span> <span class='ocrx_word' id='word_1_545' title='bbox 1635 5303 1696 5355; x_wconf 80' lang='grc' dir='ltr'>ού</span> <span class='ocrx_word' id='word_1_546' title='bbox 1726 5303 2067 5373; x_wconf 82' lang='grc' dir='ltr'>πρόσκειται,</span> <span class='ocrx_word' id='word_1_547' title='bbox 2105 5307 2205 5358; x_wconf 76' lang='grc' dir='ltr'>οὐκ</span> 
     </span>
    </p>
   </div>
   <div class='ocr_carea' id='block_1_63' title="bbox 689 5449 2201 5521">
    <p class='ocr_par' dir='ltr' id='par_1_63' title="bbox 689 5449 2201 5521">
     <span class='ocr_line' id='line_1_63' title="bbox 689 5449 2201 5521; baseline 0.004 -23"><span class='ocrx_word' id='word_1_548' title='bbox 689 5452 718 5521; x_wconf 73' lang='lat'>‘_</span> <span class='ocrx_word' id='word_1_549' title='bbox 749 5449 867 5499; x_wconf 76' lang='lat' dir='ltr'>Mor.</span> <span class='ocrx_word' id='word_1_550' title='bbox 886 5450 930 5497; x_wconf 84' lang='grc' dir='ltr'>τί</span> <span class='ocrx_word' id='word_1_551' title='bbox 954 5449 1125 5500; x_wconf 73' lang='grc' dir='ltr'>ἑαυτοῦ</span> <span class='ocrx_word' id='word_1_552' title='bbox 1139 5451 1479 5521; x_wconf 64' lang='grc' dir='ltr'>πρεσϐύτερονς</span> <span class='ocrx_word' id='word_1_553' title='bbox 1502 5452 1589 5502; x_wconf 75' lang='lat' dir='ltr'>sed</span> <span class='ocrx_word' id='word_1_554' title='bbox 1614 5451 1787 5501; x_wconf 70' lang='grc' dir='ltr'>ἑαυτοῦ</span> <span class='ocrx_word' id='word_1_555' title='bbox 1809 5454 1954 5505; x_wconf 73' lang='lat' dir='ltr'><strong>deest</strong></span> <span class='ocrx_word' id='word_1_556' title='bbox 1974 5456 2022 5504; x_wconf 85' lang='lat' dir='ltr'><strong>in</strong></span> <span class='ocrx_word' id='word_1_557' title='bbox 2047 5457 2201 5507; x_wconf 78' lang='lat' dir='ltr'><strong>Savil.</strong></span> 
     </span>
    </p>
   </div>
   <div class='ocr_carea' id='block_1_64' title="bbox 627 5512 1302 5574">
    <p class='ocr_par' dir='ltr' id='par_1_64' title="bbox 627 5512 1302 5574">
     <span class='ocr_line' id='line_1_64' title="bbox 627 5512 1302 5574; baseline 0.003 -15"><span class='ocrx_word' id='word_1_558' title='bbox 627 5520 675 5559; x_wconf 79' lang='grc' dir='ltr'>ει</span> <span class='ocrx_word' id='word_1_559' title='bbox 692 5514 748 5574; x_wconf 18' lang='lat' dir='ltr'>Ain</span> <span class='ocrx_word' id='word_1_560' title='bbox 772 5524 873 5574; x_wconf 56' lang='lat' dir='ltr'>ms;</span> <span class='ocrx_word' id='word_1_561' title='bbox 912 5524 1041 5574; x_wconf 80' lang='lat' dir='ltr'>pene</span> <span class='ocrx_word' id='word_1_562' title='bbox 1062 5512 1302 5574; x_wconf 53' lang='lat' dir='ltr'>omnibus.</span> 
     </span>
    </p>
   </div>
   <div class='ocr_carea' id='block_1_65' title="bbox 690 5572 1506 5631">
    <p class='ocr_par' dir='ltr' id='par_1_65' title="bbox 690 5572 1506 5631">
     <span class='ocr_line' id='line_1_65' title="bbox 690 5572 1506 5631; baseline 0.005 -11"><span class='ocrx_word' id='word_1_563' title='bbox 690 5572 717 5611; x_wconf 68' lang='grc' dir='ltr'>δ</span> <span class='ocrx_word' id='word_1_564' title='bbox 742 5573 823 5621; x_wconf 88' lang='lat' dir='ltr'>Sic</span> <span class='ocrx_word' id='word_1_565' title='bbox 847 5572 956 5622; x_wconf 63' lang='lat' dir='ltr'>Sail.</span> <span class='ocrx_word' id='word_1_566' title='bbox 984 5580 1035 5621; x_wconf 78' lang='lat' dir='ltr'>et</span> <span class='ocrx_word' id='word_1_567' title='bbox 1058 5587 1173 5621; x_wconf 85' lang='lat' dir='ltr'>mss.</span> <span class='ocrx_word' id='word_1_568' title='bbox 1190 5572 1309 5621; x_wconf 77' lang='lat' dir='ltr'><strong>Mor.</strong></span> <span class='ocrx_word' id='word_1_569' title='bbox 1332 5574 1506 5631; x_wconf 82' lang='grc' dir='ltr'>ἄλλοις.</span> 
     </span>
    </p>
   </div>
   <div class='ocr_carea' id='block_1_66' title="bbox 690 5633 2203 5698">
    <p class='ocr_par' dir='ltr' id='par_1_66' title="bbox 690 5633 2203 5698">
     <span class='ocr_line' id='line_1_66' title="bbox 690 5633 2203 5698; baseline 0.003 -17"><span class='ocrx_word' id='word_1_570' title='bbox 690 5633 712 5662; x_wconf 69' lang='grc'>⁸</span> <span class='ocrx_word' id='word_1_571' title='bbox 739 5633 868 5698; x_wconf 69' lang='grc' dir='ltr'>Μον.Δ</span> <span class='ocrx_word' id='word_1_572' title='bbox 894 5641 945 5683; x_wconf 79' lang='grc' dir='ltr'>οι</span> <span class='ocrx_word' id='word_1_573' title='bbox 972 5634 1083 5682; x_wconf 73' lang='lat' dir='ltr'>Sav.</span> <span class='ocrx_word' id='word_1_574' title='bbox 1110 5634 1196 5682; x_wconf 79' lang='grc' dir='ltr'>οὑκ</span> <span class='ocrx_word' id='word_1_575' title='bbox 1242 5633 1359 5681; x_wconf 77' lang='grc' dir='ltr'>ιστι.</span> <span class='ocrx_word' id='word_1_576' title='bbox 1383 5636 1471 5683; x_wconf 83' lang='grc' dir='ltr'>Ναί</span> <span class='ocrx_word' id='word_1_577' title='bbox 1511 5654 1643 5698; x_wconf 85' lang='grc' dir='ltr'>φησι.</span> <span class='ocrx_word' id='word_1_578' title='bbox 1688 5637 1787 5688; x_wconf 77' lang='lat' dir='ltr'><strong>Alii</strong></span> <span class='ocrx_word' id='word_1_579' title='bbox 1807 5639 1894 5687; x_wconf 82' lang='grc' dir='ltr'>οὐκ</span> <span class='ocrx_word' id='word_1_580' title='bbox 1933 5639 2077 5698; x_wconf 83' lang='grc' dir='ltr'>ἔστιν,</span> <span class='ocrx_word' id='word_1_581' title='bbox 2106 5640 2203 5687; x_wconf 74' lang='grc' dir='ltr'>ἔστι</span> 
     </span>
    </p>
   </div>
   <div class='ocr_carea' id='block_1_67' title="bbox 624 5694 1215 5810">
    <p class='ocr_par' dir='ltr' id='par_1_67' title="bbox 624 5694 1215 5810">
     <span class='ocr_line' id='line_1_67' title="bbox 624 5694 1215 5810; baseline -0.003 -6"><span class='ocrx_word' id='word_1_582' title='bbox 624 5694 1003 5810; x_wconf 53' lang='grc' dir='ltr'>τὰςίῗῖίῗίνδὶως</span> <span class='ocrx_word' id='word_1_583' title='bbox 1046 5756 1114 5804; x_wconf 72' lang='grc' dir='ltr'>δέ.</span> <span class='ocrx_word' id='word_1_584' title='bbox 1208 5740 1215 5747; x_wconf 61' lang='grc'><em>’</em></span> 
     </span>
    </p>
   </div>
   <div class='ocr_carea' id='block_1_68' title="bbox 680 5816 1573 5875">
    <p class='ocr_par' dir='ltr' id='par_1_68' title="bbox 680 5816 1573 5875">
     <span class='ocr_line' id='line_1_68' title="bbox 680 5816 1573 5875; baseline -0.004 -8"><span class='ocrx_word' id='word_1_585' title='bbox 680 5817 700 5838; x_wconf 79' lang='grc'><strong><em>⁸</em></strong></span> <span class='ocrx_word' id='word_1_586' title='bbox 723 5817 821 5867; x_wconf 62' lang='lat' dir='ltr'>Ali!</span> <span class='ocrx_word' id='word_1_587' title='bbox 846 5816 1151 5875; x_wconf 67' lang='grc' dir='ltr'>ἀτελεύτητον</span> <span class='ocrx_word' id='word_1_588' title='bbox 1172 5820 1250 5875; x_wconf 77' lang='grc' dir='ltr'>δη)</span> <span class='ocrx_word' id='word_1_589' title='bbox 1261 5821 1349 5866; x_wconf 82' lang='grc' dir='ltr'>ῶν.</span> <span class='ocrx_word' id='word_1_590' title='bbox 1368 5818 1573 5871; x_wconf 67' lang='lat'><strong>&quot;001119.</strong></span> 
     </span>
    </p>
   </div>
   <div class='ocr_carea' id='block_1_69' title="bbox 2292 356 3877 431">
    <p class='ocr_par' dir='ltr' id='par_1_69' title="bbox 2292 356 3877 431">
     <span class='ocr_line' id='line_1_69' title="bbox 2292 356 3877 431; baseline -0.003 -17"><span class='ocrx_word' id='word_1_591' title='bbox 2292 362 2591 431; x_wconf 78' lang='grc' dir='ltr'>ἀθετοῦμεν</span> <span class='ocrx_word' id='word_1_592' title='bbox 2639 362 2726 415; x_wconf 78' lang='grc' dir='ltr'>διὰ</span> <span class='ocrx_word' id='word_1_593' title='bbox 2766 361 2923 414; x_wconf 89' lang='grc' dir='ltr'>τοῦτο</span> <span class='ocrx_word' id='word_1_594' title='bbox 2966 361 3027 414; x_wconf 91' lang='lat'>16</span> <span class='ocrx_word' id='word_1_595' title='bbox 3060 359 3347 429; x_wconf 84' lang='grc' dir='ltr'>ἀσώματον</span> <span class='ocrx_word' id='word_1_596' title='bbox 3391 356 3687 411; x_wconf 70' lang='grc' dir='ltr'>τοῦΘεοῦ·</span> <span class='ocrx_word' id='word_1_597' title='bbox 3729 356 3877 410; x_wconf 70' lang='grc' dir='ltr'>οὕτω</span> 
     </span>
    </p>
   </div>
   <div class='ocr_carea' id='block_1_70' title="bbox 2292 439 3877 515">
    <p class='ocr_par' dir='ltr' id='par_1_70' title="bbox 2292 439 3877 515">
     <span class='ocr_line' id='line_1_70' title="bbox 2292 439 3877 515; baseline -0.004 -19"><span class='ocrx_word' id='word_1_598' title='bbox 2292 444 2386 496; x_wconf 77' lang='grc' dir='ltr'>καὶ</span> <span class='ocrx_word' id='word_1_599' title='bbox 2413 444 2664 508; x_wconf 83' lang='grc' dir='ltr'>ἐνταῦθα,</span> <span class='ocrx_word' id='word_1_600' title='bbox 2697 445 2800 497; x_wconf 80' lang='grc' dir='ltr'>κᾶν</span> <span class='ocrx_word' id='word_1_601' title='bbox 2831 445 2904 515; x_wconf 83' lang='grc' dir='ltr'>μὴ</span> <span class='ocrx_word' id='word_1_602' title='bbox 2939 443 3255 514; x_wconf 88' lang='grc' dir='ltr'>πρόσκειται</span> <span class='ocrx_word' id='word_1_603' title='bbox 3292 441 3372 511; x_wconf 86' lang='grc' dir='ltr'>τῷ</span> <span class='ocrx_word' id='word_1_604' title='bbox 3404 439 3517 511; x_wconf 81' lang='grc' dir='ltr'>Υίῷ</span> <span class='ocrx_word' id='word_1_605' title='bbox 3549 440 3611 492; x_wconf 87' lang='lat'>16</span> <span class='ocrx_word' id='word_1_606' title='bbox 3638 440 3838 511; x_wconf 81' lang='grc' dir='ltr'>ἄρθρον</span> <span class='ocrx_word' id='word_1_607' title='bbox 3861 478 3877 500; x_wconf 90' lang='grc'>,</span> 
     </span>
    </p>
   </div>
   <div class='ocr_carea' id='block_1_71' title="bbox 2293 522 3883 595">
    <p class='ocr_par' dir='ltr' id='par_1_71' title="bbox 2293 522 3883 595">
     <span class='ocr_line' id='line_1_71' title="bbox 2293 522 3883 595; baseline -0.001 -18"><span class='ocrx_word' id='word_1_608' title='bbox 2293 527 2354 577; x_wconf 74' lang='grc' dir='ltr'>οὐ</span> <span class='ocrx_word' id='word_1_609' title='bbox 2386 526 2473 579; x_wconf 76' lang='grc' dir='ltr'>διὰ</span> <span class='ocrx_word' id='word_1_610' title='bbox 2504 526 2662 579; x_wconf 87' lang='grc' dir='ltr'>τοῦτο</span> <span class='ocrx_word' id='word_1_611' title='bbox 2689 527 2866 595; x_wconf 80' lang='grc' dir='ltr'>ἥττων</span> <span class='ocrx_word' id='word_1_612' title='bbox 2891 527 3065 589; x_wconf 86' lang='grc' dir='ltr'>Θεὸςό</span> <span class='ocrx_word' id='word_1_613' title='bbox 3090 526 3236 588; x_wconf 76' lang='grc' dir='ltr'>Υἱός.</span> <span class='ocrx_word' id='word_1_614' title='bbox 3260 524 3325 578; x_wconf 85' lang='grc' dir='ltr'>Τί</span> <span class='ocrx_word' id='word_1_615' title='bbox 3347 524 3545 594; x_wconf 85' lang='grc' dir='ltr'>δήποτε</span> <span class='ocrx_word' id='word_1_616' title='bbox 3569 539 3584 580; x_wconf 87' lang='lat'><strong>:</strong></span> <span class='ocrx_word' id='word_1_617' title='bbox 3610 523 3742 575; x_wconf 78' lang='grc' dir='ltr'>Θεὸν</span> <span class='ocrx_word' id='word_1_618' title='bbox 3768 522 3883 591; x_wconf 76' lang='grc' dir='ltr'>γὰρ</span> 
     </span>
    </p>
   </div>
   <div class='ocr_carea' id='block_1_72' title="bbox 2294 606 3886 680">
    <p class='ocr_par' dir='ltr' id='par_1_72' title="bbox 2294 606 3886 680">
     <span class='ocr_line' id='line_1_72' title="bbox 2294 606 3886 680; baseline -0.002 -19"><span class='ocrx_word' id='word_1_619' title='bbox 2294 610 2386 661; x_wconf 74' lang='grc' dir='ltr'>καὶ</span> <span class='ocrx_word' id='word_1_620' title='bbox 2426 608 2557 660; x_wconf 82' lang='grc' dir='ltr'>Θεὸν</span> <span class='ocrx_word' id='word_1_621' title='bbox 2597 610 2789 674; x_wconf 89' lang='grc' dir='ltr'>εἰπὼν,</span> <span class='ocrx_word' id='word_1_622' title='bbox 2830 612 2931 663; x_wconf 83' lang='grc' dir='ltr'>οὑκ</span> <span class='ocrx_word' id='word_1_623' title='bbox 2982 610 3238 680; x_wconf 78' lang='grc' dir='ltr'>ἐμφαίνει</span> <span class='ocrx_word' id='word_1_624' title='bbox 3288 627 3341 661; x_wconf 89' lang='grc' dir='ltr'>τι</span> <span class='ocrx_word' id='word_1_625' title='bbox 3391 608 3557 678; x_wconf 85' lang='grc' dir='ltr'>μέσον</span> <span class='ocrx_word' id='word_1_626' title='bbox 3598 609 3733 678; x_wconf 84' lang='grc' dir='ltr'>ήμῖν</span> <span class='ocrx_word' id='word_1_627' title='bbox 3778 606 3886 676; x_wconf 87' lang='grc' dir='ltr'>τῆς</span> 
     </span>
    </p>
   </div>
   <div class='ocr_carea' id='block_1_73' title="bbox 2295 688 3881 762">
    <p class='ocr_par' dir='ltr' id='par_1_73' title="bbox 2295 688 3881 762">
     <span class='ocr_line' id='line_1_73' title="bbox 2295 688 3881 762; baseline 0.003 -20"><span class='ocrx_word' id='word_1_628' title='bbox 2295 690 2544 759; x_wconf 80' lang='grc' dir='ltr'>θεότητος</span> <span class='ocrx_word' id='word_1_629' title='bbox 2568 692 2791 762; x_wconf 84' lang='grc' dir='ltr'>ταύτης,</span> <span class='ocrx_word' id='word_1_630' title='bbox 2814 692 2946 745; x_wconf 73' lang='grc' dir='ltr'>ἀλλὰ</span> <span class='ocrx_word' id='word_1_631' title='bbox 2967 696 3060 746; x_wconf 71' lang='grc' dir='ltr'>καὶ</span> <span class='ocrx_word' id='word_1_632' title='bbox 3082 691 3407 745; x_wconf 81' lang='grc' dir='ltr'>τούναντίον.</span> <span class='ocrx_word' id='word_1_633' title='bbox 3440 688 3725 761; x_wconf 88' lang='grc' dir='ltr'>Προειπὼν</span> <span class='ocrx_word' id='word_1_634' title='bbox 3744 688 3881 759; x_wconf 77' lang='grc' dir='ltr'>γάρ.</span> 
     </span>
    </p>
   </div>
   <div class='ocr_carea' id='block_1_74' title="bbox 2295 771 3886 845">
    <p class='ocr_par' dir='ltr' id='par_1_74' title="bbox 2295 771 3886 845">
     <span class='ocr_line' id='line_1_74' title="bbox 2295 771 3886 845; baseline -0.003 -19"><span class='ocrx_word' id='word_1_635' title='bbox 2295 775 2399 826; x_wconf 75' lang='grc' dir='ltr'>Καὶ</span> <span class='ocrx_word' id='word_1_636' title='bbox 2431 775 2574 839; x_wconf 81' lang='grc' dir='ltr'>Θεὸς</span> <span class='ocrx_word' id='word_1_637' title='bbox 2603 774 2682 840; x_wconf 76' lang='grc' dir='ltr'>ἦν</span> <span class='ocrx_word' id='word_1_638' title='bbox 2721 780 2753 827; x_wconf 83' lang='grc' dir='ltr'>ό</span> <span class='ocrx_word' id='word_1_639' title='bbox 2793 778 3005 843; x_wconf 78' lang='grc' dir='ltr'>Λόγος,</span> <span class='ocrx_word' id='word_1_640' title='bbox 3044 776 3129 828; x_wconf 79' lang='grc' dir='ltr'>ἵνα</span> <span class='ocrx_word' id='word_1_641' title='bbox 3160 774 3233 845; x_wconf 84' lang='grc' dir='ltr'>μὴ</span> <span class='ocrx_word' id='word_1_642' title='bbox 3275 774 3469 844; x_wconf 80' lang='grc' dir='ltr'>νομίσῃ</span> <span class='ocrx_word' id='word_1_643' title='bbox 3501 790 3583 836; x_wconf 83' lang='grc' dir='ltr'>τις</span> <span class='ocrx_word' id='word_1_644' title='bbox 3624 771 3886 825; x_wconf 83' lang='grc' dir='ltr'>ἐλάττονα</span> 
     </span>
    </p>
   </div>
   <div class='ocr_carea' id='block_1_75' title="bbox 2300 852 3886 927">
    <p class='ocr_par' dir='ltr' id='par_1_75' title="bbox 2300 852 3886 927">
     <span class='ocr_line' id='line_1_75' title="bbox 2300 852 3886 927; baseline -0.001 -21"><span class='ocrx_word' id='word_1_645' title='bbox 2300 852 2566 925; x_wconf 76' lang='grc' dir='ltr'>εἶναιτὴν</span> <span class='ocrx_word' id='word_1_646' title='bbox 2607 857 2833 927; x_wconf 84' lang='grc' dir='ltr'>θεότητα</span> <span class='ocrx_word' id='word_1_647' title='bbox 2868 857 2965 911; x_wconf 88' lang='lat'>106</span> <span class='ocrx_word' id='word_1_648' title='bbox 3009 858 3161 921; x_wconf 84' lang='grc' dir='ltr'>Υἱοῦ,</span> <span class='ocrx_word' id='word_1_649' title='bbox 3212 856 3413 919; x_wconf 82' lang='grc' dir='ltr'>εὐθέως</span> <span class='ocrx_word' id='word_1_650' title='bbox 3464 855 3629 909; x_wconf 86' lang='grc' dir='ltr'>αὑτοῦ</span> <span class='ocrx_word' id='word_1_651' title='bbox 3672 853 3768 908; x_wconf 74' lang='grc' dir='ltr'>καὶ</span> <span class='ocrx_word' id='word_1_652' title='bbox 3812 853 3886 906; x_wconf 80' lang='grc' dir='ltr'>τά</span> 
     </span>
    </p>
   </div>
   <div class='ocr_carea' id='block_1_76' title="bbox 2297 937 3884 1011">
    <p class='ocr_par' dir='ltr' id='par_1_76' title="bbox 2297 937 3884 1011">
     <span class='ocr_line' id='line_1_76' title="bbox 2297 937 3884 1011; baseline -0.001 -22"><span class='ocrx_word' id='word_1_653' title='bbox 2297 938 2632 1008; x_wconf 83' lang='grc' dir='ltr'>γνωριστικά</span> <span class='ocrx_word' id='word_1_654' title='bbox 2656 940 2754 1009; x_wconf 84' lang='grc' dir='ltr'>τῆς</span> <span class='ocrx_word' id='word_1_655' title='bbox 2785 941 3010 1011; x_wconf 77' lang='grc' dir='ltr'>γνησίας</span> <span class='ocrx_word' id='word_1_656' title='bbox 3035 942 3217 1011; x_wconf 88' lang='grc' dir='ltr'>τίθησι</span> <span class='ocrx_word' id='word_1_657' title='bbox 3236 940 3507 1010; x_wconf 84' lang='grc' dir='ltr'>θεότητος,</span> <span class='ocrx_word' id='word_1_658' title='bbox 3536 937 3599 990; x_wconf 91' lang='lat'><strong>16</strong></span> <span class='ocrx_word' id='word_1_659' title='bbox 3631 955 3687 991; x_wconf 88' lang='grc' dir='ltr'>τε</span> <span class='ocrx_word' id='word_1_660' title='bbox 3712 937 3884 990; x_wconf 76' lang='grc' dir='ltr'>ἀΐδιον</span> 
     </span>
    </p>
   </div>
   <div class='ocr_carea' id='block_1_77' title="bbox 2297 1018 3887 1093">
    <p class='ocr_par' dir='ltr' id='par_1_77' title="bbox 2297 1018 3887 1093">
     <span class='ocr_line' id='line_1_77' title="bbox 2297 1018 3887 1093; baseline 0.011 -22"><span class='ocrx_word' id='word_1_661' title='bbox 2297 1020 2597 1075; x_wconf 79' lang='grc' dir='ltr'>ἀναλαϐών.</span> <span class='ocrx_word' id='word_1_662' title='bbox 2624 1018 2811 1088; x_wconf 87' lang='grc' dir='ltr'>Οὗτος</span> <span class='ocrx_word' id='word_1_663' title='bbox 2839 1023 2946 1093; x_wconf 88' lang='lat'>7&amp;9</span> <span class='ocrx_word' id='word_1_664' title='bbox 2976 1019 3075 1093; x_wconf 82' lang='grc' dir='ltr'>ἦν,</span> <span class='ocrx_word' id='word_1_665' title='bbox 3096 1024 3281 1093; x_wconf 79' lang='grc' dir='ltr'>φησὶν,</span> <span class='ocrx_word' id='word_1_666' title='bbox 3312 1023 3383 1074; x_wconf 81' lang='grc' dir='ltr'>ἐν</span> <span class='ocrx_word' id='word_1_667' title='bbox 3412 1019 3572 1090; x_wconf 70' lang='grc' dir='ltr'>ἀρχῇ</span> <span class='ocrx_word' id='word_1_668' title='bbox 3594 1019 3746 1086; x_wconf 75' lang='grc' dir='ltr'>πρὸς</span> <span class='ocrx_word' id='word_1_669' title='bbox 3774 1018 3887 1070; x_wconf 69' lang='grc' dir='ltr'>τὸν</span> 
     </span>
    </p>
   </div>
   <div class='ocr_carea' id='block_1_78' title="bbox 2301 1101 3884 1178">
    <p class='ocr_par' dir='ltr' id='par_1_78' title="bbox 2301 1101 3884 1178">
     <span class='ocr_line' id='line_1_78' title="bbox 2301 1101 3884 1178; baseline -0.001 -23"><span class='ocrx_word' id='word_1_670' title='bbox 2301 1104 2480 1156; x_wconf 72' lang='grc' dir='ltr'>Θεόνο</span> <span class='ocrx_word' id='word_1_671' title='bbox 2511 1105 2691 1158; x_wconf 76' lang='grc' dir='ltr'>καὶτὸ</span> <span class='ocrx_word' id='word_1_672' title='bbox 2720 1106 3105 1178; x_wconf 82' lang='grc' dir='ltr'>δημιουργικὸν</span> <span class='ocrx_word' id='word_1_673' title='bbox 3147 1103 3455 1177; x_wconf 87' lang='grc' dir='ltr'>προστιθείς</span> <span class='ocrx_word' id='word_1_674' title='bbox 3476 1119 3489 1132; x_wconf 89' lang='grc'><strong>·</strong></span> <span class='ocrx_word' id='word_1_675' title='bbox 3529 1102 3732 1155; x_wconf 81' lang='grc' dir='ltr'>Πάντα</span> <span class='ocrx_word' id='word_1_676' title='bbox 3773 1101 3884 1171; x_wconf 90' lang='lat'>7&amp;9</span> 
     </span>
    </p>
   </div>
   <div class='ocr_carea' id='block_1_79' title="bbox 2298 1182 3887 1256">
    <p class='ocr_par' dir='ltr' id='par_1_79' title="bbox 2298 1182 3887 1256">
     <span class='ocr_line' id='line_1_79' title="bbox 2298 1182 3887 1256; baseline -0.002 -19"><span class='ocrx_word' id='word_1_677' title='bbox 2298 1183 2371 1237; x_wconf 79' lang='grc' dir='ltr'>δι’</span> <span class='ocrx_word' id='word_1_678' title='bbox 2400 1187 2586 1240; x_wconf 87' lang='grc' dir='ltr'>αὐτοῦ</span> <span class='ocrx_word' id='word_1_679' title='bbox 2617 1186 2874 1255; x_wconf 80' lang='grc' dir='ltr'>ἐγένετο,</span> <span class='ocrx_word' id='word_1_680' title='bbox 2912 1189 3010 1241; x_wconf 81' lang='grc' dir='ltr'>καὶ</span> <span class='ocrx_word' id='word_1_681' title='bbox 3044 1187 3223 1256; x_wconf 77' lang='grc' dir='ltr'>χωρὶς</span> <span class='ocrx_word' id='word_1_682' title='bbox 3254 1186 3440 1240; x_wconf 85' lang='grc' dir='ltr'>αὐτοῦ</span> <span class='ocrx_word' id='word_1_683' title='bbox 3467 1184 3703 1253; x_wconf 79' lang='grc' dir='ltr'>ἐγένετο</span> <span class='ocrx_word' id='word_1_684' title='bbox 3740 1182 3887 1235; x_wconf 79' lang='grc' dir='ltr'>οὐδὲ</span> 
     </span>
    </p>
   </div>
   <div class='ocr_carea' id='block_1_80' title="bbox 2298 1264 3888 1341">
    <p class='ocr_par' dir='ltr' id='par_1_80' title="bbox 2298 1264 3888 1341">
     <span class='ocr_line' id='line_1_80' title="bbox 2298 1264 3888 1341; baseline -0.004 -19"><span class='ocrx_word' id='word_1_685' title='bbox 2298 1266 2387 1330; x_wconf 76' lang='grc' dir='ltr'>ἐν,</span> <span class='ocrx_word' id='word_1_686' title='bbox 2434 1267 2465 1320; x_wconf 81' lang='grc' dir='ltr'><strong>ὃ</strong></span> <span class='ocrx_word' id='word_1_687' title='bbox 2510 1268 2791 1338; x_wconf 59' lang='grc' dir='ltr'>γέγονεν’</span> <span class='ocrx_word' id='word_1_688' title='bbox 2831 1270 2858 1323; x_wconf 87' lang='lat'><em>6</em></span> <span class='ocrx_word' id='word_1_689' title='bbox 2895 1271 3127 1341; x_wconf 87' lang='grc' dir='ltr'>μάλιστα</span> <span class='ocrx_word' id='word_1_690' title='bbox 3158 1272 3251 1324; x_wconf 59' lang='grc' dir='ltr'>καὶ¹</span> <span class='ocrx_word' id='word_1_691' title='bbox 3287 1273 3316 1323; x_wconf 86' lang='grc' dir='ltr'>ὁ</span> <span class='ocrx_word' id='word_1_692' title='bbox 3356 1270 3546 1338; x_wconf 71' lang='grc' dir='ltr'>Πατὴρ</span> <span class='ocrx_word' id='word_1_693' title='bbox 3595 1264 3761 1319; x_wconf 81' lang='grc' dir='ltr'>αὑτοῦ</span> <span class='ocrx_word' id='word_1_694' title='bbox 3794 1264 3888 1317; x_wconf 77' lang='grc' dir='ltr'>διὰ</span> 
     </span>
    </p>
   </div>
   <div class='ocr_carea' id='block_1_81' title="bbox 2298 1348 3886 1422">
    <p class='ocr_par' dir='ltr' id='par_1_81' title="bbox 2298 1348 3886 1422">
     <span class='ocr_line' id='line_1_81' title="bbox 2298 1348 3886 1422; baseline 0.001 -22"><span class='ocrx_word' id='word_1_695' title='bbox 2298 1349 2407 1401; x_wconf 88' lang='grc' dir='ltr'>τῶν</span> <span class='ocrx_word' id='word_1_696' title='bbox 2431 1351 2724 1420; x_wconf 82' lang='grc' dir='ltr'>προφητῶν</span> <span class='ocrx_word' id='word_1_697' title='bbox 2756 1352 3067 1422; x_wconf 76' lang='grc' dir='ltr'>ἁπανταχοῦ</span> <span class='ocrx_word' id='word_1_698' title='bbox 3092 1352 3193 1422; x_wconf 82' lang='grc' dir='ltr'>τῆς</span> <span class='ocrx_word' id='word_1_699' title='bbox 3224 1353 3410 1411; x_wconf 85' lang='grc' dir='ltr'>οὑσίας</span> <span class='ocrx_word' id='word_1_700' title='bbox 3430 1352 3529 1421; x_wconf 83' lang='grc' dir='ltr'>τῆς</span> <span class='ocrx_word' id='word_1_701' title='bbox 3544 1348 3709 1402; x_wconf 84' lang='grc' dir='ltr'>αὑτοῦ</span> <span class='ocrx_word' id='word_1_702' title='bbox 3741 1365 3886 1415; x_wconf 74' lang='grc' dir='ltr'>γνω·</span> 
     </span>
    </p>
   </div>
   <div class='ocr_carea' id='block_1_82' title="bbox 2304 1430 3886 1505">
    <p class='ocr_par' dir='ltr' id='par_1_82' title="bbox 2304 1430 3886 1505">
     <span class='ocr_line' id='line_1_82' title="bbox 2304 1430 3886 1505; baseline 0.001 -24"><span class='ocrx_word' id='word_1_703' title='bbox 2304 1434 2543 1501; x_wconf 79' lang='grc' dir='ltr'>ριστικὸν</span> <span class='ocrx_word' id='word_1_704' title='bbox 2584 1430 2722 1487; x_wconf 76' lang='grc' dir='ltr'>εἷναί</span> <span class='ocrx_word' id='word_1_705' title='bbox 2749 1451 2898 1504; x_wconf 81' lang='grc' dir='ltr'>φησι.</span> <span class='ocrx_word' id='word_1_706' title='bbox 2943 1437 3054 1489; x_wconf 73' lang='grc' dir='ltr'>Καὶ</span> <span class='ocrx_word' id='word_1_707' title='bbox 3083 1434 3321 1505; x_wconf 87' lang='grc' dir='ltr'>συνεχῶς</span> <span class='ocrx_word' id='word_1_708' title='bbox 3347 1433 3504 1487; x_wconf 89' lang='grc' dir='ltr'>τοῦτο</span> <span class='ocrx_word' id='word_1_709' title='bbox 3532 1434 3631 1502; x_wconf 83' lang='grc' dir='ltr'>τῆς</span> <span class='ocrx_word' id='word_1_710' title='bbox 3666 1430 3886 1484; x_wconf 87' lang='grc' dir='ltr'>ἀποδεί-</span> 
     </span>
    </p>
   </div>
   <div class='ocr_carea' id='block_1_83' title="bbox 2302 1511 3884 1588">
    <p class='ocr_par' dir='ltr' id='par_1_83' title="bbox 2302 1511 3884 1588">
     <span class='ocr_line' id='line_1_83' title="bbox 2302 1511 3884 1588; baseline 0.001 -23"><span class='ocrx_word' id='word_1_711' title='bbox 2302 1512 2437 1577; x_wconf 80' lang='grc' dir='ltr'>ξεως</span> <span class='ocrx_word' id='word_1_712' title='bbox 2470 1514 2530 1566; x_wconf 86' lang='grc' dir='ltr'>τὸ</span> <span class='ocrx_word' id='word_1_713' title='bbox 2554 1511 2694 1579; x_wconf 80' lang='grc' dir='ltr'>εἶδος</span> <span class='ocrx_word' id='word_1_714' title='bbox 2733 1516 2852 1588; x_wconf 77' lang='grc'>[51]</span> <span class='ocrx_word' id='word_1_715' title='bbox 2877 1518 3329 1588; x_wconf 81' lang='grc' dir='ltr'>περιστρέφουσιν</span> <span class='ocrx_word' id='word_1_716' title='bbox 3366 1518 3414 1570; x_wconf 82' lang='grc' dir='ltr'>οἱ</span> <span class='ocrx_word' id='word_1_717' title='bbox 3446 1515 3718 1587; x_wconf 79' lang='grc' dir='ltr'>προφῆται</span> <span class='ocrx_word' id='word_1_718' title='bbox 3737 1530 3751 1542; x_wconf 74' lang='grc'><strong>⁸</strong></span> <span class='ocrx_word' id='word_1_719' title='bbox 3787 1514 3884 1567; x_wconf 76' lang='grc' dir='ltr'>καὶ</span> 
     </span>
    </p>
   </div>
   <div class='ocr_carea' id='block_1_84' title="bbox 2301 1596 3883 1670">
    <p class='ocr_par' dir='ltr' id='par_1_84' title="bbox 2301 1596 3883 1670">
     <span class='ocr_line' id='line_1_84' title="bbox 2301 1596 3883 1670; baseline 0 -23"><span class='ocrx_word' id='word_1_720' title='bbox 2301 1596 2399 1663; x_wconf 82' lang='grc' dir='ltr'>οὑχ</span> <span class='ocrx_word' id='word_1_721' title='bbox 2441 1596 2648 1659; x_wconf 82' lang='grc' dir='ltr'>ἁπλῶς,</span> <span class='ocrx_word' id='word_1_722' title='bbox 2677 1598 2814 1651; x_wconf 87' lang='grc' dir='ltr'>ἀλλά</span> <span class='ocrx_word' id='word_1_723' title='bbox 2844 1600 2937 1653; x_wconf 78' lang='grc' dir='ltr'>καὶ</span> <span class='ocrx_word' id='word_1_724' title='bbox 2980 1601 3117 1670; x_wconf 80' lang='grc' dir='ltr'>πρὸς</span> <span class='ocrx_word' id='word_1_725' title='bbox 3145 1600 3245 1669; x_wconf 85' lang='grc' dir='ltr'>τὴν</span> <span class='ocrx_word' id='word_1_726' title='bbox 3274 1598 3381 1651; x_wconf 87' lang='grc' dir='ltr'>τῶν</span> <span class='ocrx_word' id='word_1_727' title='bbox 3406 1596 3640 1651; x_wconf 76' lang='grc' dir='ltr'>εἰδώλων</span> <span class='ocrx_word' id='word_1_728' title='bbox 3678 1597 3883 1663; x_wconf 89' lang='grc' dir='ltr'>ἀγωνι-</span> 
     </span>
    </p>
   </div>
   <div class='ocr_carea' id='block_1_85' title="bbox 2303 1674 3883 1753">
    <p class='ocr_par' dir='ltr' id='par_1_85' title="bbox 2303 1674 3883 1753">
     <span class='ocr_line' id='line_1_85' title="bbox 2303 1674 3883 1753; baseline 0.001 -25"><span class='ocrx_word' id='word_1_729' title='bbox 2303 1674 2516 1746; x_wconf 79' lang='grc' dir='ltr'>ζόμενοι</span> <span class='ocrx_word' id='word_1_730' title='bbox 2540 1679 2723 1742; x_wconf 75' lang='grc' dir='ltr'>δόξαν.</span> <span class='ocrx_word' id='word_1_731' title='bbox 2759 1681 2890 1734; x_wconf 81' lang='grc' dir='ltr'>Θεοί</span> <span class='ocrx_word' id='word_1_732' title='bbox 2912 1682 3041 1753; x_wconf 77' lang='grc' dir='ltr'>γὰρ,</span> <span class='ocrx_word' id='word_1_733' title='bbox 3074 1683 3258 1753; x_wconf 69' lang='grc' dir='ltr'>φησιν,</span> <span class='ocrx_word' id='word_1_734' title='bbox 3279 1681 3337 1735; x_wconf 84' lang='grc' dir='ltr'>οἳ</span> <span class='ocrx_word' id='word_1_735' title='bbox 3357 1680 3466 1734; x_wconf 82' lang='grc' dir='ltr'>τόν</span> <span class='ocrx_word' id='word_1_736' title='bbox 3492 1679 3753 1747; x_wconf 78' lang='grc' dir='ltr'>οὐρανὸν</span> <span class='ocrx_word' id='word_1_737' title='bbox 3780 1676 3883 1730; x_wconf 68' lang='grc' dir='ltr'>καὶ</span> 
     </span>
    </p>
   </div>
   <div class='ocr_carea' id='block_1_86' title="bbox 2301 1759 3880 1833">
    <p class='ocr_par' dir='ltr' id='par_1_86' title="bbox 2301 1759 3880 1833">
     <span class='ocr_line' id='line_1_86' title="bbox 2301 1759 3880 1833; baseline -0.005 -15"><span class='ocrx_word' id='word_1_738' title='bbox 2301 1759 2416 1826; x_wconf 80' lang='grc' dir='ltr'>τὴν</span> <span class='ocrx_word' id='word_1_739' title='bbox 2435 1760 2552 1830; x_wconf 71' lang='grc' dir='ltr'>γῆν</span> <span class='ocrx_word' id='word_1_740' title='bbox 2581 1766 2692 1817; x_wconf 83' lang='grc' dir='ltr'>οὐκ</span> <span class='ocrx_word' id='word_1_741' title='bbox 2730 1765 3048 1833; x_wconf 82' lang='grc' dir='ltr'>ἐποίησαν,</span> <span class='ocrx_word' id='word_1_742' title='bbox 3071 1765 3516 1820; x_wconf 73' lang='grc' dir='ltr'>ἀπολέσθωσαν</span> <span class='ocrx_word' id='word_1_743' title='bbox 3536 1780 3548 1792; x_wconf 91' lang='grc'><strong>·</strong></span> <span class='ocrx_word' id='word_1_744' title='bbox 3579 1760 3675 1816; x_wconf 78' lang='grc' dir='ltr'>καὶ</span> <span class='ocrx_word' id='word_1_745' title='bbox 3695 1759 3880 1813; x_wconf 87' lang='grc' dir='ltr'>πάλιν·</span> 
     </span>
    </p>
   </div>
   <div class='ocr_carea' id='block_1_87' title="bbox 2314 1844 3887 1917">
    <p class='ocr_par' dir='ltr' id='par_1_87' title="bbox 2314 1844 3887 1917">
     <span class='ocr_line' id='line_1_87' title="bbox 2314 1844 3887 1917; baseline -0.002 -18"><span class='ocrx_word' id='word_1_746' title='bbox 2501 1846 2577 1914; x_wconf 76' lang='grc' dir='ltr'>τῇ</span> <span class='ocrx_word' id='word_1_747' title='bbox 2624 1849 2777 1915; x_wconf 80' lang='grc' dir='ltr'>χειρί</span> <span class='ocrx_word' id='word_1_748' title='bbox 2812 1865 2932 1917; x_wconf 83' lang='grc' dir='ltr'>μου</span> <span class='ocrx_word' id='word_1_749' title='bbox 2972 1848 3239 1912; x_wconf 78' lang='grc' dir='ltr'>ἐξέτεινα</span> <span class='ocrx_word' id='word_1_750' title='bbox 3285 1848 3394 1901; x_wconf 82' lang='grc' dir='ltr'>τὸν</span> <span class='ocrx_word' id='word_1_751' title='bbox 3448 1848 3709 1915; x_wconf 81' lang='grc' dir='ltr'>οὐρανόν</span> <span class='ocrx_word' id='word_1_752' title='bbox 3732 1860 3745 1872; x_wconf 92' lang='grc'><strong>·</strong></span> <span class='ocrx_word' id='word_1_753' title='bbox 3787 1844 3887 1897; x_wconf 76' lang='grc' dir='ltr'>καὶ</span> 
     </span>
    </p>
   </div>
   <div class='ocr_carea' id='block_1_88' title="bbox 2300 1923 3889 2001">
    <p class='ocr_par' dir='ltr' id='par_1_88' title="bbox 2300 1923 3889 2001">
     <span class='ocr_line' id='line_1_88' title="bbox 2300 1923 3889 2001; baseline 0.001 -25"><span class='ocrx_word' id='word_1_754' title='bbox 2300 1923 2513 1991; x_wconf 80' lang='grc' dir='ltr'>δεικνὺς</span> <span class='ocrx_word' id='word_1_755' title='bbox 2554 1929 2805 2001; x_wconf 87' lang='grc' dir='ltr'>θεότητος</span> <span class='ocrx_word' id='word_1_756' title='bbox 2857 1926 2997 1984; x_wconf 77' lang='grc' dir='ltr'>εἶναι</span> <span class='ocrx_word' id='word_1_757' title='bbox 3049 1930 3365 2000; x_wconf 82' lang='grc' dir='ltr'>δηλωτικὸν,</span> <span class='ocrx_word' id='word_1_758' title='bbox 3418 1926 3692 1997; x_wconf 81' lang='grc' dir='ltr'>πανταχοῦ</span> <span class='ocrx_word' id='word_1_759' title='bbox 3752 1926 3889 1980; x_wconf 78' lang='grc' dir='ltr'>αὑτὸ</span> 
     </span>
    </p>
   </div>
   <div class='ocr_carea' id='block_1_89' title="bbox 2300 2009 3884 2083">
    <p class='ocr_par' dir='ltr' id='par_1_89' title="bbox 2300 2009 3884 2083">
     <span class='ocr_line' id='line_1_89' title="bbox 2300 2009 3884 2083; baseline 0.001 -22"><span class='ocrx_word' id='word_1_760' title='bbox 2300 2009 2535 2079; x_wconf 81' lang='grc' dir='ltr'>τίθησιν.</span> <span class='ocrx_word' id='word_1_761' title='bbox 2577 2011 2751 2074; x_wconf 77' lang='grc' dir='ltr'>Αὐτὸς</span> <span class='ocrx_word' id='word_1_762' title='bbox 2786 2012 2842 2065; x_wconf 85' lang='grc' dir='ltr'>δέ</span> <span class='ocrx_word' id='word_1_763' title='bbox 2875 2015 2903 2066; x_wconf 90' lang='lat'><em>6</em></span> <span class='ocrx_word' id='word_1_764' title='bbox 2942 2013 3333 2083; x_wconf 82' lang='grc' dir='ltr'>εὐαγγελιστὴς</span> <span class='ocrx_word' id='word_1_765' title='bbox 3366 2011 3485 2064; x_wconf 83' lang='grc' dir='ltr'>οὑδὲ</span> <span class='ocrx_word' id='word_1_766' title='bbox 3527 2009 3735 2073; x_wconf 81' lang='grc' dir='ltr'>τούτοις</span> <span class='ocrx_word' id='word_1_767' title='bbox 3778 2011 3884 2078; x_wconf 74' lang='grc' dir='ltr'>ἡρ-</span> 
     </span>
    </p>
   </div>
   <div class='ocr_carea' id='block_1_90' title="bbox 2302 2091 3883 2166">
    <p class='ocr_par' dir='ltr' id='par_1_90' title="bbox 2302 2091 3883 2166">
     <span class='ocr_line' id='line_1_90' title="bbox 2302 2091 3883 2166; baseline -0.001 -21"><span class='ocrx_word' id='word_1_768' title='bbox 2302 2094 2472 2162; x_wconf 88' lang='grc' dir='ltr'>κέσθη</span> <span class='ocrx_word' id='word_1_769' title='bbox 2519 2097 2630 2158; x_wconf 83' lang='grc' dir='ltr'>τοῖς</span> <span class='ocrx_word' id='word_1_770' title='bbox 2665 2097 2924 2166; x_wconf 78' lang='grc' dir='ltr'>ῥήμασιν,</span> <span class='ocrx_word' id='word_1_771' title='bbox 2956 2097 3094 2149; x_wconf 82' lang='grc' dir='ltr'>ἀλλὰ</span> <span class='ocrx_word' id='word_1_772' title='bbox 3130 2097 3225 2149; x_wconf 73' lang='grc' dir='ltr'>καὶ</span> <span class='ocrx_word' id='word_1_773' title='bbox 3262 2095 3405 2166; x_wconf 79' lang='grc' dir='ltr'>ζωὴν</span> <span class='ocrx_word' id='word_1_774' title='bbox 3446 2093 3610 2147; x_wconf 77' lang='grc' dir='ltr'>αὑτὸν</span> <span class='ocrx_word' id='word_1_775' title='bbox 3654 2091 3883 2145; x_wconf 79' lang='grc' dir='ltr'>ἐκάλεσε</span> 
     </span>
    </p>
   </div>
   <div class='ocr_carea' id='block_1_91' title="bbox 2303 2171 3885 2250">
    <p class='ocr_par' dir='ltr' id='par_1_91' title="bbox 2303 2171 3885 2250">
     <span class='ocr_line' id='line_1_91' title="bbox 2303 2171 3885 2250; baseline -0.001 -22"><span class='ocrx_word' id='word_1_776' title='bbox 2303 2176 2397 2229; x_wconf 82' lang='grc' dir='ltr'>καὶ</span> <span class='ocrx_word' id='word_1_777' title='bbox 2431 2176 2566 2246; x_wconf 85' lang='grc' dir='ltr'>φῶς.</span> <span class='ocrx_word' id='word_1_778' title='bbox 2600 2177 2662 2229; x_wconf 79' lang='grc' dir='ltr'>Εἰ</span> <span class='ocrx_word' id='word_1_779' title='bbox 2693 2179 2870 2230; x_wconf 79' lang='grc' dir='ltr'>τοίνυν</span> <span class='ocrx_word' id='word_1_780' title='bbox 2887 2180 2973 2231; x_wconf 61' lang='grc' dir='ltr'>ἀεὶ⁹</span> <span class='ocrx_word' id='word_1_781' title='bbox 3002 2178 3139 2249; x_wconf 81' lang='grc' dir='ltr'>μετὰ</span> <span class='ocrx_word' id='word_1_782' title='bbox 3156 2179 3251 2231; x_wconf 89' lang='grc' dir='ltr'>τοῦ</span> <span class='ocrx_word' id='word_1_783' title='bbox 3274 2178 3486 2250; x_wconf 74' lang='grc' dir='ltr'>Πατρδς</span> <span class='ocrx_word' id='word_1_784' title='bbox 3506 2171 3593 2246; x_wconf 74' lang='grc' dir='ltr'>ἦν,</span> <span class='ocrx_word' id='word_1_785' title='bbox 3626 2176 3675 2227; x_wconf 85' lang='grc' dir='ltr'>εί</span> <span class='ocrx_word' id='word_1_786' title='bbox 3702 2175 3885 2228; x_wconf 65' lang='grc' dir='ltr'>πάντα</span> 
     </span>
    </p>
   </div>
   <div class='ocr_carea' id='block_1_92' title="bbox 2303 2258 3887 2331">
    <p class='ocr_par' dir='ltr' id='par_1_92' title="bbox 2303 2258 3887 2331">
     <span class='ocr_line' id='line_1_92' title="bbox 2303 2258 3887 2331; baseline 0.001 -22"><span class='ocrx_word' id='word_1_787' title='bbox 2303 2258 2463 2317; x_wconf 75' lang='grc' dir='ltr'>αὑτὸς</span> <span class='ocrx_word' id='word_1_788' title='bbox 2491 2259 2911 2331; x_wconf 72' lang='grc' dir='ltr'>ἐδημιούργησε,</span> <span class='ocrx_word' id='word_1_789' title='bbox 2954 2264 3001 2314; x_wconf 85' lang='grc' dir='ltr'>εἰ</span> <span class='ocrx_word' id='word_1_790' title='bbox 3048 2263 3226 2315; x_wconf 84' lang='grc' dir='ltr'>πάντα</span> <span class='ocrx_word' id='word_1_791' title='bbox 3261 2260 3421 2323; x_wconf 76' lang='grc' dir='ltr'>αὐτὸς</span> <span class='ocrx_word' id='word_1_792' title='bbox 3468 2259 3757 2329; x_wconf 87' lang='grc' dir='ltr'>παρήγαγε</span> <span class='ocrx_word' id='word_1_793' title='bbox 3789 2258 3887 2311; x_wconf 72' lang='grc' dir='ltr'>καὶ</span> 
     </span>
    </p>
   </div>
   <div class='ocr_carea' id='block_1_93' title="bbox 2305 2341 3885 2414">
    <p class='ocr_par' dir='ltr' id='par_1_93' title="bbox 2305 2341 3885 2414">
     <span class='ocr_line' id='line_1_93' title="bbox 2305 2341 3885 2414; baseline -0.001 -22"><span class='ocrx_word' id='word_1_794' title='bbox 2305 2345 2598 2411; x_wconf 84' lang='grc' dir='ltr'>συγκροτεῖ</span> <span class='ocrx_word' id='word_1_795' title='bbox 2646 2342 2663 2380; x_wconf 73' lang='grc' dir='ltr'><em>τ</em></span> <span class='ocrx_word' id='word_1_796' title='bbox 2711 2342 2901 2414; x_wconf 87' lang='grc' dir='ltr'>(τοῦτο</span> <span class='ocrx_word' id='word_1_797' title='bbox 2938 2346 3048 2414; x_wconf 83' lang='grc' dir='ltr'>γάρ</span> <span class='ocrx_word' id='word_1_798' title='bbox 3075 2343 3164 2396; x_wconf 77' lang='grc' dir='ltr'>διὰ</span> <span class='ocrx_word' id='word_1_799' title='bbox 3206 2344 3306 2413; x_wconf 81' lang='grc' dir='ltr'>τῆς</span> <span class='ocrx_word' id='word_1_800' title='bbox 3334 2341 3478 2413; x_wconf 79' lang='grc' dir='ltr'>ζωῆς</span> <span class='ocrx_word' id='word_1_801' title='bbox 3508 2341 3784 2412; x_wconf 70' lang='grc' dir='ltr'>ᾐνίξατο),</span> <span class='ocrx_word' id='word_1_802' title='bbox 3836 2343 3885 2392; x_wconf 89' lang='grc' dir='ltr'>εἰ</span> 
     </span>
    </p>
   </div>
   <div class='ocr_carea' id='block_1_94' title="bbox 2305 2423 3888 2497">
    <p class='ocr_par' dir='ltr' id='par_1_94' title="bbox 2305 2423 3888 2497">
     <span class='ocr_line' id='line_1_94' title="bbox 2305 2423 3888 2497; baseline 0.001 -22"><span class='ocrx_word' id='word_1_803' title='bbox 2305 2423 2484 2477; x_wconf 87' lang='grc' dir='ltr'>πάντα</span> <span class='ocrx_word' id='word_1_804' title='bbox 2523 2424 2748 2493; x_wconf 75' lang='grc' dir='ltr'>φωτίζει</span> <span class='ocrx_word' id='word_1_805' title='bbox 2772 2443 2786 2456; x_wconf 75' lang='grc' dir='ltr'><strong>ο</strong></span> <span class='ocrx_word' id='word_1_806' title='bbox 2830 2427 2913 2491; x_wconf 87' lang='grc' dir='ltr'>τίς</span> <span class='ocrx_word' id='word_1_807' title='bbox 2946 2426 3120 2490; x_wconf 79' lang='grc' dir='ltr'>οὑτως</span> <span class='ocrx_word' id='word_1_808' title='bbox 3161 2427 3407 2497; x_wconf 85' lang='grc' dir='ltr'>ἀνόητος,</span> <span class='ocrx_word' id='word_1_809' title='bbox 3439 2426 3515 2490; x_wconf 85' lang='grc' dir='ltr'>ὡς</span> <span class='ocrx_word' id='word_1_810' title='bbox 3554 2426 3749 2488; x_wconf 75' lang='grc' dir='ltr'>εἰπεῖν,</span> <span class='ocrx_word' id='word_1_811' title='bbox 3792 2424 3888 2477; x_wconf 82' lang='lat' dir='ltr'>16v</span> 
     </span>
    </p>
   </div>
   <div class='ocr_carea' id='block_1_95' title="bbox 2305 2507 3888 2580">
    <p class='ocr_par' dir='ltr' id='par_1_95' title="bbox 2305 2507 3888 2580">
     <span class='ocr_line' id='line_1_95' title="bbox 2305 2507 3888 2580; baseline -0.001 -21"><span class='ocrx_word' id='word_1_812' title='bbox 2305 2507 2691 2580; x_wconf 71' lang='grc' dir='ltr'>εὐαγγελιστὴν</span> <span class='ocrx_word' id='word_1_813' title='bbox 2743 2510 2831 2563; x_wconf 85' lang='grc' dir='ltr'>διὰ</span> <span class='ocrx_word' id='word_1_814' title='bbox 2878 2510 3082 2564; x_wconf 87' lang='grc' dir='ltr'>τούτων</span> <span class='ocrx_word' id='word_1_815' title='bbox 3143 2509 3534 2563; x_wconf 76' lang='grc' dir='ltr'>ἐσπουδακέναι</span> <span class='ocrx_word' id='word_1_816' title='bbox 3590 2507 3888 2561; x_wconf 80' lang='grc' dir='ltr'>ἐλάττωσιν</span> 
     </span>
    </p>
   </div>
   <div class='ocr_carea' id='block_1_96' title="bbox 2304 2585 3885 2663">
    <p class='ocr_par' dir='ltr' id='par_1_96' title="bbox 2304 2585 3885 2663">
     <span class='ocr_line' id='line_1_96' title="bbox 2304 2585 3885 2663; baseline 0.001 -23"><span class='ocrx_word' id='word_1_817' title='bbox 2304 2588 2555 2659; x_wconf 86' lang='grc' dir='ltr'>θεότητος</span> <span class='ocrx_word' id='word_1_818' title='bbox 2588 2594 3001 2663; x_wconf 76' lang='grc' dir='ltr'>εἰσηγήσασθαι,</span> <span class='ocrx_word' id='word_1_819' title='bbox 3046 2593 3112 2647; x_wconf 84' lang='grc' dir='ltr'>δι’</span> <span class='ocrx_word' id='word_1_820' title='bbox 3154 2585 3232 2646; x_wconf 80' lang='grc' dir='ltr'>ὧν</span> <span class='ocrx_word' id='word_1_821' title='bbox 3270 2593 3500 2663; x_wconf 82' lang='grc' dir='ltr'>μάλιστα</span> <span class='ocrx_word' id='word_1_822' title='bbox 3535 2590 3754 2660; x_wconf 79' lang='grc' dir='ltr'>ἰσότητα</span> <span class='ocrx_word' id='word_1_823' title='bbox 3789 2591 3885 2643; x_wconf 71' lang='grc' dir='ltr'>καὶ</span> 
     </span>
    </p>
   </div>
   <div class='ocr_carea' id='block_1_97' title="bbox 2303 2672 3887 2743">
    <p class='ocr_par' dir='ltr' id='par_1_97' title="bbox 2303 2672 3887 2743">
     <span class='ocr_line' id='line_1_97' title="bbox 2303 2672 3887 2743; baseline -0.001 -17"><span class='ocrx_word' id='word_1_824' title='bbox 2303 2673 2715 2743; x_wconf 78' lang='grc' dir='ltr'>ἀπαραλλαξίαν</span> <span class='ocrx_word' id='word_1_825' title='bbox 2774 2676 3110 2743; x_wconf 77' lang='grc' dir='ltr'>ἐνδείξασθαι</span> <span class='ocrx_word' id='word_1_826' title='bbox 3177 2676 3403 2728; x_wconf 87' lang='grc' dir='ltr'>δυνατόν</span> <span class='ocrx_word' id='word_1_827' title='bbox 3450 2677 3611 2739; x_wconf 82' lang='grc' dir='ltr'>ὲστι;</span> <span class='ocrx_word' id='word_1_828' title='bbox 3669 2672 3762 2743; x_wconf 79' lang='grc' dir='ltr'>Μὴ</span> <span class='ocrx_word' id='word_1_829' title='bbox 3818 2672 3887 2742; x_wconf 75' lang='grc' dir='ltr'>δὴ</span> 
     </span>
    </p>
   </div>
   <div class='ocr_carea' id='block_1_98' title="bbox 2306 2755 3885 2828">
    <p class='ocr_par' dir='ltr' id='par_1_98' title="bbox 2306 2755 3885 2828">
     <span class='ocr_line' id='line_1_98' title="bbox 2306 2755 3885 2828; baseline 0.002 -21"><span class='ocrx_word' id='word_1_830' title='bbox 2306 2756 2623 2826; x_wconf 88' lang='grc' dir='ltr'>συγχέωμεν</span> <span class='ocrx_word' id='word_1_831' title='bbox 2653 2760 2750 2828; x_wconf 83' lang='grc' dir='ltr'>τὴν</span> <span class='ocrx_word' id='word_1_832' title='bbox 2797 2760 2974 2811; x_wconf 84' lang='grc' dir='ltr'>κτίσιν</span> <span class='ocrx_word' id='word_1_833' title='bbox 3016 2758 3153 2828; x_wconf 84' lang='grc' dir='ltr'>μετά</span> <span class='ocrx_word' id='word_1_834' title='bbox 3200 2758 3292 2811; x_wconf 86' lang='grc' dir='ltr'>τοῦ</span> <span class='ocrx_word' id='word_1_835' title='bbox 3332 2758 3633 2821; x_wconf 85' lang='grc' dir='ltr'>κτίσαντος,</span> <span class='ocrx_word' id='word_1_836' title='bbox 3687 2757 3771 2810; x_wconf 81' lang='grc' dir='ltr'>ἴνα</span> <span class='ocrx_word' id='word_1_837' title='bbox 3808 2755 3885 2826; x_wconf 76' lang='grc' dir='ltr'>μὴ</span> 
     </span>
    </p>
   </div>
   <div class='ocr_carea' id='block_1_99' title="bbox 2305 2838 3886 2909">
    <p class='ocr_par' dir='ltr' id='par_1_99' title="bbox 2305 2838 3886 2909">
     <span class='ocr_line' id='line_1_99' title="bbox 2305 2838 3886 2909; baseline 0.001 -20"><span class='ocrx_word' id='word_1_838' title='bbox 2305 2838 2399 2889; x_wconf 68' lang='grc' dir='ltr'>καὶ⁵</span> <span class='ocrx_word' id='word_1_839' title='bbox 2426 2840 2588 2907; x_wconf 76' lang='grc' dir='ltr'>ἡμεῖς</span> <span class='ocrx_word' id='word_1_840' title='bbox 2625 2840 2963 2909; x_wconf 88' lang='grc' dir='ltr'>ἀκούσωμεν,</span> <span class='ocrx_word' id='word_1_841' title='bbox 2994 2842 3076 2893; x_wconf 80' lang='grc' dir='ltr'>ὃτι</span> <span class='ocrx_word' id='word_1_842' title='bbox 3110 2840 3564 2906; x_wconf 80' lang='grc' dir='ltr'>Ἑσεϐάσθησιιν</span> <span class='ocrx_word' id='word_1_843' title='bbox 3592 2838 3665 2907; x_wconf 80' lang='grc' dir='ltr'>τῇ</span> <span class='ocrx_word' id='word_1_844' title='bbox 3694 2840 3886 2892; x_wconf 75' lang='grc' dir='ltr'>κτίσει</span> 
     </span>
    </p>
   </div>
   <div class='ocr_carea' id='block_1_100' title="bbox 2306 2919 3885 2992">
    <p class='ocr_par' dir='ltr' id='par_1_100' title="bbox 2306 2919 3885 2992">
     <span class='ocr_line' id='line_1_100' title="bbox 2306 2919 3885 2992; baseline 0 -21"><span class='ocrx_word' id='word_1_845' title='bbox 2306 2922 2464 2987; x_wconf 77' lang='grc' dir='ltr'>παρὰ</span> <span class='ocrx_word' id='word_1_846' title='bbox 2506 2921 2613 2973; x_wconf 81' lang='grc' dir='ltr'>τὸν</span> <span class='ocrx_word' id='word_1_847' title='bbox 2647 2923 2956 2974; x_wconf 71' lang='grc' dir='ltr'>κτίσαντα.</span> <span class='ocrx_word' id='word_1_848' title='bbox 3007 2921 3069 2973; x_wconf 87' lang='grc' dir='ltr'><strong>Εἰ</strong></span> <span class='ocrx_word' id='word_1_849' title='bbox 3114 2920 3221 2992; x_wconf 90' lang='lat'>7&amp;9</span> <span class='ocrx_word' id='word_1_850' title='bbox 3248 2922 3341 2976; x_wconf 69' lang='grc' dir='ltr'>καὶ</span> <span class='ocrx_word' id='word_1_851' title='bbox 3371 2922 3499 2992; x_wconf 70' lang='grc' dir='ltr'>περὶ</span> <span class='ocrx_word' id='word_1_852' title='bbox 3526 2920 3768 2991; x_wconf 80' lang='grc' dir='ltr'>οὐρανῶν</span> <span class='ocrx_word' id='word_1_853' title='bbox 3795 2919 3885 2972; x_wconf 84' lang='grc' dir='ltr'>λέ-</span> 
     </span>
    </p>
   </div>
   <div class='ocr_carea' id='block_1_101' title="bbox 2306 3001 3886 3073">
    <p class='ocr_par' dir='ltr' id='par_1_101' title="bbox 2306 3001 3886 3073">
     <span class='ocr_line' id='line_1_101' title="bbox 2306 3001 3886 3073; baseline 0 -19"><span class='ocrx_word' id='word_1_854' title='bbox 2306 3017 2452 3069; x_wconf 89' lang='grc' dir='ltr'>γοιεν</span> <span class='ocrx_word' id='word_1_855' title='bbox 2482 3001 2639 3054; x_wconf 87' lang='grc' dir='ltr'>τοῦτο</span> <span class='ocrx_word' id='word_1_856' title='bbox 2667 3003 2935 3073; x_wconf 66' lang='grc' dir='ltr'>εἰρῆσθαι,</span> <span class='ocrx_word' id='word_1_857' title='bbox 2971 3005 3083 3057; x_wconf 81' lang='grc' dir='ltr'>ἀλλ’</span> <span class='ocrx_word' id='word_1_858' title='bbox 3123 3004 3270 3072; x_wconf 83' lang='grc' dir='ltr'>ὅμως</span> <span class='ocrx_word' id='word_1_859' title='bbox 3303 3006 3361 3057; x_wconf 89' lang='grc' dir='ltr'>ἐν</span> <span class='ocrx_word' id='word_1_860' title='bbox 3400 3003 3479 3073; x_wconf 80' lang='grc' dir='ltr'>τῷ</span> <span class='ocrx_word' id='word_1_861' title='bbox 3515 3004 3642 3073; x_wconf 76' lang='grc' dir='ltr'>περὶ</span> <span class='ocrx_word' id='word_1_862' title='bbox 3681 3001 3886 3055; x_wconf 88' lang='grc' dir='ltr'>τούτων</span> 
     </span>
    </p>
   </div>
   <div class='ocr_carea' id='block_1_102' title="bbox 2307 3083 3886 3156">
    <p class='ocr_par' dir='ltr' id='par_1_102' title="bbox 2307 3083 3886 3156">
     <span class='ocr_line' id='line_1_102' title="bbox 2307 3083 3886 3156; baseline 0.001 -21"><span class='ocrx_word' id='word_1_863' title='bbox 2307 3083 2449 3154; x_wconf 80' lang='grc' dir='ltr'>λόγῳ</span> <span class='ocrx_word' id='word_1_864' title='bbox 2476 3084 2750 3149; x_wconf 86' lang='grc' dir='ltr'>παντελῶς</span> <span class='ocrx_word' id='word_1_865' title='bbox 2780 3088 2976 3140; x_wconf 70' lang='grc' dir='ltr'>ἀπεῖπε</span> <span class='ocrx_word' id='word_1_866' title='bbox 3014 3087 3075 3139; x_wconf 90' lang='lat'>16</span> <span class='ocrx_word' id='word_1_867' title='bbox 3123 3087 3196 3156; x_wconf 83' lang='grc' dir='ltr'>μὴ</span> <span class='ocrx_word' id='word_1_868' title='bbox 3231 3086 3341 3138; x_wconf 87' lang='grc' dir='ltr'>δεῖν</span> <span class='ocrx_word' id='word_1_869' title='bbox 3374 3085 3548 3139; x_wconf 88' lang='grc' dir='ltr'>κτίσει</span> <span class='ocrx_word' id='word_1_870' title='bbox 3576 3084 3886 3155; x_wconf 77' lang='grc' dir='ltr'>λατρεύειν,</span> 
     </span>
    </p>
   </div>
   <div class='ocr_carea' id='block_1_103' title="bbox 2306 3166 2829 3236">
    <p class='ocr_par' dir='ltr' id='par_1_103' title="bbox 2306 3166 2829 3236">
     <span class='ocr_line' id='line_1_103' title="bbox 2306 3166 2829 3236; baseline 0.002 -17"><span class='ocrx_word' id='word_1_871' title='bbox 2306 3166 2382 3229; x_wconf 80' lang='grc' dir='ltr'>ὡς</span> <span class='ocrx_word' id='word_1_872' title='bbox 2425 3166 2731 3236; x_wconf 81' lang='grc' dir='ltr'>Ἑλληνικόν</span> <span class='ocrx_word' id='word_1_873' title='bbox 2752 3167 2829 3221; x_wconf 74' lang='grc' dir='ltr'>δν.</span> 
     </span>
    </p>
   </div>
   <div class='ocr_carea' id='block_1_104' title="bbox 2377 3248 3882 3322">
    <p class='ocr_par' dir='ltr' id='par_1_104' title="bbox 2377 3248 3882 3322">
     <span class='ocr_line' id='line_1_104' title="bbox 2377 3248 3882 3322; baseline 0.001 -21"><span class='ocrx_word' id='word_1_874' title='bbox 2377 3249 2438 3304; x_wconf 83' lang='grc' dir='ltr'>δ’.</span> <span class='ocrx_word' id='word_1_875' title='bbox 2470 3249 2574 3317; x_wconf 85' lang='grc' dir='ltr'>Μὴ“</span> <span class='ocrx_word' id='word_1_876' title='bbox 2591 3250 2767 3303; x_wconf 86' lang='grc' dir='ltr'>τοίνυν</span> <span class='ocrx_word' id='word_1_877' title='bbox 2794 3249 2968 3322; x_wconf 82' lang='grc' dir='ltr'>ταύτῃ</span> <span class='ocrx_word' id='word_1_878' title='bbox 2995 3248 3352 3318; x_wconf 79' lang='grc' dir='ltr'>ὑποϐάλωμεν</span> <span class='ocrx_word' id='word_1_879' title='bbox 3376 3251 3401 3288; x_wconf 74' lang='grc'>⁸</span> <span class='ocrx_word' id='word_1_880' title='bbox 3428 3249 3626 3309; x_wconf 77' lang='grc' dir='ltr'>αὑτοὺς</span> <span class='ocrx_word' id='word_1_881' title='bbox 3655 3250 3721 3319; x_wconf 75' lang='grc' dir='ltr'>τῇ</span> <span class='ocrx_word' id='word_1_882' title='bbox 3753 3249 3882 3320; x_wconf 72' lang='grc' dir='ltr'>ἀρᾷ.</span> 
     </span>
    </p>
   </div>
   <div class='ocr_carea' id='block_1_105' title="bbox 2307 3327 3884 3403">
    <p class='ocr_par' dir='ltr' id='par_1_105' title="bbox 2307 3327 3884 3403">
     <span class='ocr_line' id='line_1_105' title="bbox 2307 3327 3884 3403; baseline -0.001 -18"><span class='ocrx_word' id='word_1_883' title='bbox 2307 3331 2406 3385; x_wconf 86' lang='grc' dir='ltr'>Διὰ</span> <span class='ocrx_word' id='word_1_884' title='bbox 2425 3330 2582 3385; x_wconf 88' lang='grc' dir='ltr'>τοῦτο</span> <span class='ocrx_word' id='word_1_885' title='bbox 2611 3327 2773 3403; x_wconf 77' lang='grc' dir='ltr'>ἦλθεν</span> <span class='ocrx_word' id='word_1_886' title='bbox 2799 3334 2828 3386; x_wconf 92' lang='lat'><em>6</em></span> <span class='ocrx_word' id='word_1_887' title='bbox 2866 3333 2961 3384; x_wconf 85' lang='lat'>106</span> <span class='ocrx_word' id='word_1_888' title='bbox 3003 3332 3137 3385; x_wconf 87' lang='grc' dir='ltr'>Θεοῦ</span> <span class='ocrx_word' id='word_1_889' title='bbox 3182 3333 3329 3395; x_wconf 84' lang='grc' dir='ltr'>Υἱὸς,</span> <span class='ocrx_word' id='word_1_890' title='bbox 3372 3333 3457 3385; x_wconf 90' lang='grc' dir='ltr'>ῖνα</span> <span class='ocrx_word' id='word_1_891' title='bbox 3500 3331 3701 3403; x_wconf 85' lang='grc' dir='ltr'>ταύτης</span> <span class='ocrx_word' id='word_1_892' title='bbox 3738 3335 3884 3403; x_wconf 74' lang='grc' dir='ltr'>ἡμᾶς</span> 
     </span>
    </p>
   </div>
   <div class='ocr_carea' id='block_1_106' title="bbox 2305 3414 3888 3487">
    <p class='ocr_par' dir='ltr' id='par_1_106' title="bbox 2305 3414 3888 3487">
     <span class='ocr_line' id='line_1_106' title="bbox 2305 3414 3888 3487; baseline -0.001 -19"><span class='ocrx_word' id='word_1_893' title='bbox 2305 3414 2588 3484; x_wconf 76' lang='grc' dir='ltr'>ἀπαλλάξῃ</span> <span class='ocrx_word' id='word_1_894' title='bbox 2622 3416 2721 3484; x_wconf 83' lang='grc' dir='ltr'>τῆς</span> <span class='ocrx_word' id='word_1_895' title='bbox 2766 3414 3056 3486; x_wconf 87' lang='grc' dir='ltr'>λατρείας·</span> <span class='ocrx_word' id='word_1_896' title='bbox 3105 3414 3194 3468; x_wconf 85' lang='grc' dir='ltr'>διὰ</span> <span class='ocrx_word' id='word_1_897' title='bbox 3236 3415 3394 3467; x_wconf 88' lang='lat'><strong>10610</strong></span> <span class='ocrx_word' id='word_1_898' title='bbox 3435 3414 3621 3467; x_wconf 84' lang='grc' dir='ltr'>δούλου</span> <span class='ocrx_word' id='word_1_899' title='bbox 3671 3418 3888 3487; x_wconf 65' lang='grc' dir='ltr'>μορφὴν</span> 
     </span>
    </p>
   </div>
   <div class='ocr_carea' id='block_1_107' title="bbox 2306 3496 3887 3569">
    <p class='ocr_par' dir='ltr' id='par_1_107' title="bbox 2306 3496 3887 3569">
     <span class='ocr_line' id='line_1_107' title="bbox 2306 3496 3887 3569; baseline 0.001 -20"><span class='ocrx_word' id='word_1_900' title='bbox 2306 3496 2516 3559; x_wconf 76' lang='grc' dir='ltr'>ἔλασεν,</span> <span class='ocrx_word' id='word_1_901' title='bbox 2560 3498 2647 3549; x_wconf 80' lang='grc' dir='ltr'>ἵνα</span> <span class='ocrx_word' id='word_1_902' title='bbox 2693 3497 2791 3565; x_wconf 82' lang='grc' dir='ltr'>τῆς</span> <span class='ocrx_word' id='word_1_903' title='bbox 2835 3496 3076 3560; x_wconf 89' lang='grc' dir='ltr'>δουλείας</span> <span class='ocrx_word' id='word_1_904' title='bbox 3124 3496 3462 3568; x_wconf 77' lang='grc' dir='ltr'>ἐλευθερώσῃ</span> <span class='ocrx_word' id='word_1_905' title='bbox 3511 3496 3746 3569; x_wconf 87' lang='grc' dir='ltr'>ταύτης·</span> <span class='ocrx_word' id='word_1_906' title='bbox 3798 3499 3887 3551; x_wconf 82' lang='grc' dir='ltr'>διὰ</span> 
     </span>
    </p>
   </div>
   <div class='ocr_carea' id='block_1_108' title="bbox 2304 3578 3890 3651">
    <p class='ocr_par' dir='ltr' id='par_1_108' title="bbox 2304 3578 3890 3651">
     <span class='ocr_line' id='line_1_108' title="bbox 2304 3578 3890 3651; baseline 0.001 -18"><span class='ocrx_word' id='word_1_907' title='bbox 2304 3579 2463 3633; x_wconf 86' lang='grc' dir='ltr'>τοῦτο</span> <span class='ocrx_word' id='word_1_908' title='bbox 2514 3578 2838 3648; x_wconf 84' lang='grc' dir='ltr'>ἐνεπτύσθη,</span> <span class='ocrx_word' id='word_1_909' title='bbox 2880 3579 2969 3633; x_wconf 86' lang='grc' dir='ltr'>διά</span> <span class='ocrx_word' id='word_1_910' title='bbox 3028 3578 3187 3632; x_wconf 89' lang='grc' dir='ltr'>τοῦτο</span> <span class='ocrx_word' id='word_1_911' title='bbox 3237 3580 3565 3651; x_wconf 80' lang='grc' dir='ltr'>ὲρῤαπίσθη,</span> <span class='ocrx_word' id='word_1_912' title='bbox 3600 3581 3691 3633; x_wconf 81' lang='grc' dir='ltr'>διά</span> <span class='ocrx_word' id='word_1_913' title='bbox 3726 3580 3890 3634; x_wconf 85' lang='grc' dir='ltr'>τοῦτο</span> 
     </span>
    </p>
   </div>
   <div class='ocr_carea' id='block_1_109' title="bbox 2307 3662 3887 3734">
    <p class='ocr_par' dir='ltr' id='par_1_109' title="bbox 2307 3662 3887 3734">
     <span class='ocr_line' id='line_1_109' title="bbox 2307 3662 3887 3734; baseline 0.001 -19"><span class='ocrx_word' id='word_1_914' title='bbox 2307 3663 2535 3715; x_wconf 88' lang='grc' dir='ltr'>θάνατον</span> <span class='ocrx_word' id='word_1_915' title='bbox 2586 3662 2845 3732; x_wconf 86' lang='grc' dir='ltr'>ὑπέμεινε</span> <span class='ocrx_word' id='word_1_916' title='bbox 2882 3662 2973 3714; x_wconf 85' lang='lat' dir='ltr'><strong>16v</strong></span> <span class='ocrx_word' id='word_1_917' title='bbox 3017 3662 3399 3717; x_wconf 77' lang='grc' dir='ltr'>ἐπονείδιστον.</span> <span class='ocrx_word' id='word_1_918' title='bbox 3462 3663 3553 3734; x_wconf 82' lang='grc' dir='ltr'>Μὴ</span> <span class='ocrx_word' id='word_1_919' title='bbox 3596 3663 3660 3734; x_wconf 84' lang='grc' dir='ltr'>δὴ</span> <span class='ocrx_word' id='word_1_920' title='bbox 3712 3663 3887 3718; x_wconf 87' lang='grc' dir='ltr'>ταῦτα</span> 
     </span>
    </p>
   </div>
   <div class='ocr_carea' id='block_1_110' title="bbox 2311 3744 3886 3817">
    <p class='ocr_par' dir='ltr' id='par_1_110' title="bbox 2311 3744 3886 3817">
     <span class='ocr_line' id='line_1_110' title="bbox 2311 3744 3886 3817; baseline 0.003 -20"><span class='ocrx_word' id='word_1_921' title='bbox 2311 3744 2483 3797; x_wconf 83' lang='grc' dir='ltr'>πάντα</span> <span class='ocrx_word' id='word_1_922' title='bbox 2506 3744 2738 3812; x_wconf 83' lang='grc' dir='ltr'>ἀνόνητα</span> <span class='ocrx_word' id='word_1_923' title='bbox 2765 3744 3028 3814; x_wconf 84' lang='grc' dir='ltr'>ποιῶμεν,</span> <span class='ocrx_word' id='word_1_924' title='bbox 3073 3744 3207 3815; x_wconf 79' lang='grc' dir='ltr'>μηδὲ</span> <span class='ocrx_word' id='word_1_925' title='bbox 3250 3744 3411 3798; x_wconf 85' lang='grc' dir='ltr'>πάλιν</span> <span class='ocrx_word' id='word_1_926' title='bbox 3439 3747 3531 3798; x_wconf 73' lang='grc' dir='ltr'>ἐπὶ</span> <span class='ocrx_word' id='word_1_927' title='bbox 3557 3747 3653 3816; x_wconf 82' lang='grc' dir='ltr'>τὴν</span> <span class='ocrx_word' id='word_1_928' title='bbox 3692 3749 3886 3817; x_wconf 84' lang='grc' dir='ltr'>προτέ-</span> 
     </span>
    </p>
   </div>
   <div class='ocr_carea' id='block_1_111' title="bbox 2312 3824 3889 3901">
    <p class='ocr_par' dir='ltr' id='par_1_111' title="bbox 2312 3824 3889 3901">
     <span class='ocr_line' id='line_1_111' title="bbox 2312 3824 3889 3901; baseline 0.001 -22"><span class='ocrx_word' id='word_1_929' title='bbox 2312 3843 2409 3896; x_wconf 91' lang='grc' dir='ltr'>ραν</span> <span class='ocrx_word' id='word_1_930' title='bbox 2450 3824 2880 3895; x_wconf 86' lang='grc' dir='ltr'>ἐπανερχώμεθα</span> <span class='ocrx_word' id='word_1_931' title='bbox 2910 3825 3187 3889; x_wconf 77' lang='grc' dir='ltr'>ἀσέϐειαν,</span> <span class='ocrx_word' id='word_1_932' title='bbox 3240 3827 3437 3897; x_wconf 80' lang='grc' dir='ltr'>μᾶλλον</span> <span class='ocrx_word' id='word_1_933' title='bbox 3474 3827 3534 3880; x_wconf 78' lang='grc' dir='ltr'>δὲ</span> <span class='ocrx_word' id='word_1_934' title='bbox 3565 3830 3660 3882; x_wconf 77' lang='grc' dir='ltr'>ἐπὶ</span> <span class='ocrx_word' id='word_1_935' title='bbox 3706 3828 3889 3901; x_wconf 77' lang='grc' dir='ltr'>πολλῷ</span> 
     </span>
    </p>
   </div>
   <div class='ocr_carea' id='block_1_112' title="bbox 2309 3907 3881 3981">
    <p class='ocr_par' dir='ltr' id='par_1_112' title="bbox 2309 3907 3881 3981">
     <span class='ocr_line' id='line_1_112' title="bbox 2309 3907 3881 3981; baseline 0.004 -23"><span class='ocrx_word' id='word_1_936' title='bbox 2309 3907 2712 3976; x_wconf 80' lang='grc' dir='ltr'>χαλεπωτέραν.</span> <span class='ocrx_word' id='word_1_937' title='bbox 2747 3908 2821 3960; x_wconf 84' lang='grc' dir='ltr'>Οὑ</span> <span class='ocrx_word' id='word_1_938' title='bbox 2848 3908 2953 3977; x_wconf 87' lang='grc' dir='ltr'>γάρ</span> <span class='ocrx_word' id='word_1_939' title='bbox 2976 3910 3122 3960; x_wconf 85' lang='grc' dir='ltr'>ἐστιν</span> <span class='ocrx_word' id='word_1_940' title='bbox 3152 3908 3265 3961; x_wconf 80' lang='grc' dir='ltr'>ἴσον</span> <span class='ocrx_word' id='word_1_941' title='bbox 3287 3911 3353 3981; x_wconf 79' lang='grc' dir='ltr'>τῇ</span> <span class='ocrx_word' id='word_1_942' title='bbox 3384 3909 3560 3963; x_wconf 84' lang='grc' dir='ltr'>κτίσει</span> <span class='ocrx_word' id='word_1_943' title='bbox 3578 3909 3881 3981; x_wconf 87' lang='grc' dir='ltr'>λατρεύειν,</span> 
     </span>
    </p>
   </div>
   <div class='ocr_carea' id='block_1_113' title="bbox 2309 3989 3885 4061">
    <p class='ocr_par' dir='ltr' id='par_1_113' title="bbox 2309 3989 3885 4061">
     <span class='ocr_line' id='line_1_113' title="bbox 2309 3989 3885 4061; baseline 0.001 -18"><span class='ocrx_word' id='word_1_944' title='bbox 2309 3992 2402 4043; x_wconf 76' lang='grc' dir='ltr'>καὶ</span> <span class='ocrx_word' id='word_1_945' title='bbox 2458 3990 2620 4043; x_wconf 77' lang='grc' dir='ltr'>αὑτὸν</span> <span class='ocrx_word' id='word_1_946' title='bbox 2672 3989 2762 4042; x_wconf 78' lang='grc' dir='ltr'>τὸν</span> <span class='ocrx_word' id='word_1_947' title='bbox 2811 3991 3152 4061; x_wconf 84' lang='grc' dir='ltr'>Δημιουργὸν</span> <span class='ocrx_word' id='word_1_948' title='bbox 3217 3992 3297 4054; x_wconf 87' lang='grc' dir='ltr'>είς</span> <span class='ocrx_word' id='word_1_949' title='bbox 3347 3991 3576 4055; x_wconf 82' lang='grc' dir='ltr'>κτίσεως</span> <span class='ocrx_word' id='word_1_950' title='bbox 3624 3995 3885 4061; x_wconf 83' lang='grc' dir='ltr'>κατάγειν</span> 
     </span>
    </p>
   </div>
   <div class='ocr_carea' id='block_1_114' title="bbox 2308 4069 3884 4148">
    <p class='ocr_par' dir='ltr' id='par_1_114' title="bbox 2308 4069 3884 4148">
     <span class='ocr_line' id='line_1_114' title="bbox 2308 4069 3884 4148; baseline 0.002 -22"><span class='ocrx_word' id='word_1_951' title='bbox 2308 4074 2604 4138; x_wconf 74' lang='grc' dir='ltr'>εὐτέλειαν,</span> <span class='ocrx_word' id='word_1_952' title='bbox 2639 4073 2699 4125; x_wconf 86' lang='grc' dir='ltr'>τό</span> <span class='ocrx_word' id='word_1_953' title='bbox 2739 4090 2801 4141; x_wconf 91' lang='grc' dir='ltr'>γε</span> <span class='ocrx_word' id='word_1_954' title='bbox 2845 4076 2926 4137; x_wconf 85' lang='grc' dir='ltr'>εἰς</span> <span class='ocrx_word' id='word_1_955' title='bbox 2971 4075 3116 4142; x_wconf 78' lang='grc' dir='ltr'>ἡμᾶς</span> <span class='ocrx_word' id='word_1_956' title='bbox 3150 4069 3304 4145; x_wconf 74' lang='grc' dir='ltr'>ἧκον.</span> <span class='ocrx_word' id='word_1_957' title='bbox 3355 4075 3526 4139; x_wconf 85' lang='grc' dir='ltr'>Αὑτὸς</span> <span class='ocrx_word' id='word_1_958' title='bbox 3576 4078 3686 4147; x_wconf 80' lang='lat'><strong>7&#39;19</strong></span> <span class='ocrx_word' id='word_1_959' title='bbox 3732 4078 3884 4148; x_wconf 84' lang='grc' dir='ltr'>μένει</span> 
     </span>
    </p>
   </div>
   <div class='ocr_carea' id='block_1_115' title="bbox 2309 4152 3885 4231">
    <p class='ocr_par' dir='ltr' id='par_1_115' title="bbox 2309 4152 3885 4231">
     <span class='ocr_line' id='line_1_115' title="bbox 2309 4152 3885 4231; baseline 0.004 -23"><span class='ocrx_word' id='word_1_960' title='bbox 2309 4156 2546 4219; x_wconf 85' lang='grc' dir='ltr'>τοιοῦτος</span> <span class='ocrx_word' id='word_1_961' title='bbox 2573 4155 2649 4209; x_wconf 84' lang='grc' dir='ltr'>ὢν</span> <span class='ocrx_word' id='word_1_962' title='bbox 2668 4152 2777 4220; x_wconf 77' lang='grc' dir='ltr'>οἷός</span> <span class='ocrx_word' id='word_1_963' title='bbox 2808 4160 2942 4210; x_wconf 85' lang='grc' dir='ltr'>ἐστι.</span> <span class='ocrx_word' id='word_1_964' title='bbox 2978 4158 3062 4211; x_wconf 85' lang='grc' dir='ltr'>Σὺ</span> <span class='ocrx_word' id='word_1_965' title='bbox 3098 4158 3205 4228; x_wconf 87' lang='lat'>7&amp;9</span> <span class='ocrx_word' id='word_1_966' title='bbox 3234 4161 3265 4211; x_wconf 88' lang='grc' dir='ltr'><em>ὀ</em></span> <span class='ocrx_word' id='word_1_967' title='bbox 3298 4159 3481 4225; x_wconf 76' lang='grc' dir='ltr'>αὐτὸς</span> <span class='ocrx_word' id='word_1_968' title='bbox 3506 4156 3578 4222; x_wconf 77' lang='grc' dir='ltr'>εἷ,</span> <span class='ocrx_word' id='word_1_969' title='bbox 3605 4162 3759 4231; x_wconf 65' lang='grc' dir='ltr'>φησι,</span> <span class='ocrx_word' id='word_1_970' title='bbox 3785 4162 3885 4214; x_wconf 73' lang='grc' dir='ltr'>καί</span> 
     </span>
    </p>
   </div>
   <div class='ocr_carea' id='block_1_116' title="bbox 2309 4237 3883 4311">
    <p class='ocr_par' dir='ltr' id='par_1_116' title="bbox 2309 4237 3883 4311">
     <span class='ocr_line' id='line_1_116' title="bbox 2309 4237 3883 4311; baseline 0.004 -21"><span class='ocrx_word' id='word_1_971' title='bbox 2309 4237 2381 4291; x_wconf 83' lang='grc' dir='ltr'>τὰ</span> <span class='ocrx_word' id='word_1_972' title='bbox 2409 4239 2511 4305; x_wconf 77' lang='grc' dir='ltr'>ἐτη</span> <span class='ocrx_word' id='word_1_973' title='bbox 2541 4255 2657 4291; x_wconf 88' lang='grc' dir='ltr'>σου</span> <span class='ocrx_word' id='word_1_974' title='bbox 2684 4241 2792 4291; x_wconf 73' lang='grc' dir='ltr'>οὐκ</span> <span class='ocrx_word' id='word_1_975' title='bbox 2831 4239 3208 4307; x_wconf 71' lang='grc' dir='ltr'>ὲκλείψουσι.</span> <span class='ocrx_word' id='word_1_976' title='bbox 3235 4240 3553 4311; x_wconf 80' lang='grc' dir='ltr'>Δοξάζωμεν</span> <span class='ocrx_word' id='word_1_977' title='bbox 3582 4239 3674 4295; x_wconf 88' lang='grc' dir='ltr'>οὗν</span> <span class='ocrx_word' id='word_1_978' title='bbox 3698 4244 3883 4307; x_wconf 78' lang='grc' dir='ltr'>αὑτὸν,</span> 
     </span>
    </p>
   </div>
   <div class='ocr_carea' id='block_1_117' title="bbox 2308 4319 3883 4395">
    <p class='ocr_par' dir='ltr' id='par_1_117' title="bbox 2308 4319 3883 4395">
     <span class='ocr_line' id='line_1_117' title="bbox 2308 4319 3883 4395; baseline 0.002 -22"><span class='ocrx_word' id='word_1_979' title='bbox 2308 4319 2495 4392; x_wconf 86' lang='grc' dir='ltr'>ῶσπερ</span> <span class='ocrx_word' id='word_1_980' title='bbox 2528 4321 2910 4392; x_wconf 76' lang='grc' dir='ltr'>παρελάϐομεν</span> <span class='ocrx_word' id='word_1_981' title='bbox 2936 4322 3085 4391; x_wconf 80' lang='grc' dir='ltr'>παρὰ</span> <span class='ocrx_word' id='word_1_982' title='bbox 3113 4323 3221 4374; x_wconf 89' lang='grc' dir='ltr'>τῶν</span> <span class='ocrx_word' id='word_1_983' title='bbox 3255 4325 3533 4393; x_wconf 75' lang='grc' dir='ltr'>πατέρων*</span> <span class='ocrx_word' id='word_1_984' title='bbox 3571 4323 3883 4395; x_wconf 74' lang='grc' dir='ltr'>δοξάζωμεν</span> 
     </span>
    </p>
   </div>
   <div class='ocr_carea' id='block_1_118' title="bbox 2308 4405 3886 4478">
    <p class='ocr_par' dir='ltr' id='par_1_118' title="bbox 2308 4405 3886 4478">
     <span class='ocr_line' id='line_1_118' title="bbox 2308 4405 3886 4478; baseline 0.001 -19"><span class='ocrx_word' id='word_1_985' title='bbox 2308 4406 2491 4467; x_wconf 82' lang='grc' dir='ltr'>αὑτὸν,</span> <span class='ocrx_word' id='word_1_986' title='bbox 2520 4408 2614 4460; x_wconf 69' lang='grc' dir='ltr'>καὶ</span> <span class='ocrx_word' id='word_1_987' title='bbox 2642 4405 2731 4459; x_wconf 85' lang='grc' dir='ltr'>διὰ</span> <span class='ocrx_word' id='word_1_988' title='bbox 2756 4406 2991 4468; x_wconf 84' lang='grc' dir='ltr'>πίστεως</span> <span class='ocrx_word' id='word_1_989' title='bbox 3014 4408 3104 4458; x_wconf 69' lang='grc' dir='ltr'>καὶ</span> <span class='ocrx_word' id='word_1_990' title='bbox 3124 4407 3190 4459; x_wconf 79' lang='grc' dir='ltr'>δι’</span> <span class='ocrx_word' id='word_1_991' title='bbox 3216 4406 3409 4478; x_wconf 77' lang='grc' dir='ltr'>ἔργων.</span> <span class='ocrx_word' id='word_1_992' title='bbox 3438 4407 3603 4459; x_wconf 79' lang='grc' dir='ltr'>Οὐδὲν</span> <span class='ocrx_word' id='word_1_993' title='bbox 3632 4409 3741 4478; x_wconf 85' lang='lat'>7&amp;9</span> <span class='ocrx_word' id='word_1_994' title='bbox 3768 4410 3886 4477; x_wconf 71' lang='lat'>6:9:-</span> 
     </span>
    </p>
   </div>
   <div class='ocr_carea' id='block_1_119' title="bbox 2306 4488 3884 4563">
    <p class='ocr_par' dir='ltr' id='par_1_119' title="bbox 2306 4488 3884 4563">
     <span class='ocr_line' id='line_1_119' title="bbox 2306 4488 3884 4563; baseline 0.003 -22"><span class='ocrx_word' id='word_1_995' title='bbox 2306 4488 2395 4551; x_wconf 88' lang='grc' dir='ltr'>λος</span> <span class='ocrx_word' id='word_1_996' title='bbox 2422 4491 2553 4558; x_wconf 84' lang='grc' dir='ltr'>ἡμῖν</span> <span class='ocrx_word' id='word_1_997' title='bbox 2587 4490 2668 4550; x_wconf 81' lang='grc' dir='ltr'>είς</span> <span class='ocrx_word' id='word_1_998' title='bbox 2697 4490 2967 4557; x_wconf 88' lang='grc' dir='ltr'>σωτηρίαν</span> <span class='ocrx_word' id='word_1_999' title='bbox 3006 4490 3290 4558; x_wconf 85' lang='grc' dir='ltr'>δογμάτων</span> <span class='ocrx_word' id='word_1_1000' title='bbox 3320 4491 3507 4558; x_wconf 88' lang='grc' dir='ltr'>ὑγιῶν,</span> <span class='ocrx_word' id='word_1_1001' title='bbox 3554 4492 3884 4563; x_wconf 74' lang='grc' dir='ltr'>διεφθαρμέο</span> 
     </span>
    </p>
   </div>
   <div class='ocr_carea' id='block_1_120' title="bbox 2308 4570 3880 4645">
    <p class='ocr_par' dir='ltr' id='par_1_120' title="bbox 2308 4570 3880 4645">
     <span class='ocr_line' id='line_1_120' title="bbox 2308 4570 3880 4645; baseline 0.004 -24"><span class='ocrx_word' id='word_1_1002' title='bbox 2308 4587 2404 4637; x_wconf 89' lang='grc' dir='ltr'>νης</span> <span class='ocrx_word' id='word_1_1003' title='bbox 2432 4572 2562 4639; x_wconf 87' lang='grc' dir='ltr'>ἡμῖν</span> <span class='ocrx_word' id='word_1_1004' title='bbox 2590 4570 2687 4638; x_wconf 85' lang='grc' dir='ltr'>τῆς</span> <span class='ocrx_word' id='word_1_1005' title='bbox 2713 4571 2875 4639; x_wconf 76' lang='grc' dir='ltr'>ζωῆς.</span> <span class='ocrx_word' id='word_1_1006' title='bbox 2903 4572 2992 4624; x_wconf 79' lang='grc' dir='ltr'>Διὸ</span> <span class='ocrx_word' id='word_1_1007' title='bbox 3025 4572 3377 4644; x_wconf 74' lang='grc' dir='ltr'>ρυθμίσωμεν</span> <span class='ocrx_word' id='word_1_1008' title='bbox 3429 4574 3598 4645; x_wconf 82' lang='grc' dir='ltr'>αὑτὴν</span> <span class='ocrx_word' id='word_1_1009' title='bbox 3642 4576 3777 4645; x_wconf 78' lang='grc' dir='ltr'>πρὸς</span> <span class='ocrx_word' id='word_1_1010' title='bbox 3821 4577 3880 4628; x_wconf 80' lang='lat'>16</span> 
     </span>
    </p>
   </div>
   <div class='ocr_carea' id='block_1_121' title="bbox 2308 4650 3883 4725">
    <p class='ocr_par' dir='ltr' id='par_1_121' title="bbox 2308 4650 3883 4725">
     <span class='ocr_line' id='line_1_121' title="bbox 2308 4650 3883 4725; baseline 0.004 -22"><span class='ocrx_word' id='word_1_1011' title='bbox 2308 4650 2387 4720; x_wconf 79' lang='grc' dir='ltr'>τῷ</span> <span class='ocrx_word' id='word_1_1012' title='bbox 2416 4651 2535 4720; x_wconf 78' lang='grc' dir='ltr'>Θεῷ</span> <span class='ocrx_word' id='word_1_1013' title='bbox 2568 4650 2779 4716; x_wconf 80' lang='grc' dir='ltr'>δοκοῦν,</span> <span class='ocrx_word' id='word_1_1014' title='bbox 2814 4653 3167 4723; x_wconf 83' lang='grc' dir='ltr'>αίσχρότητος</span> <span class='ocrx_word' id='word_1_1015' title='bbox 3206 4655 3441 4725; x_wconf 86' lang='grc' dir='ltr'>ἀπάσης,</span> <span class='ocrx_word' id='word_1_1016' title='bbox 3481 4655 3714 4720; x_wconf 88' lang='grc' dir='ltr'>ἀδικίας,</span> <span class='ocrx_word' id='word_1_1017' title='bbox 3750 4658 3883 4710; x_wconf 87' lang='grc' dir='ltr'>πλε-</span> 
     </span>
    </p>
   </div>
   <div class='ocr_carea' id='block_1_122' title="bbox 2308 4734 3886 4804">
    <p class='ocr_par' dir='ltr' id='par_1_122' title="bbox 2308 4734 3886 4804">
     <span class='ocr_line' id='line_1_122' title="bbox 2308 4734 3886 4804; baseline 0.006 -21"><span class='ocrx_word' id='word_1_1018' title='bbox 2308 4734 2516 4797; x_wconf 83' lang='grc' dir='ltr'>ονεξίας</span> <span class='ocrx_word' id='word_1_1019' title='bbox 2554 4734 2740 4804; x_wconf 60' lang='grc' dir='ltr'>πόρρω</span> <span class='ocrx_word' id='word_1_1020' title='bbox 2790 4735 3151 4799; x_wconf 76' lang='grc' dir='ltr'>καθιστῶντες</span> <span class='ocrx_word' id='word_1_1021' title='bbox 3185 4739 3428 4800; x_wconf 73' lang='grc' dir='ltr'>ἑαυτοὺς,</span> <span class='ocrx_word' id='word_1_1022' title='bbox 3480 4738 3556 4801; x_wconf 87' lang='grc' dir='ltr'>ὼς</span> <span class='ocrx_word' id='word_1_1023' title='bbox 3608 4738 3746 4803; x_wconf 80' lang='grc' dir='ltr'>ξένοι</span> <span class='ocrx_word' id='word_1_1024' title='bbox 3791 4742 3886 4792; x_wconf 74' lang='grc' dir='ltr'>καὶ</span> 
     </span>
    </p>
   </div>
   <div class='ocr_carea' id='block_1_123' title="bbox 2310 4816 3883 4893">
    <p class='ocr_par' dir='ltr' id='par_1_123' title="bbox 2310 4816 3883 4893">
     <span class='ocr_line' id='line_1_123' title="bbox 2310 4816 3883 4893; baseline 0.005 -27"><span class='ocrx_word' id='word_1_1025' title='bbox 2310 4816 2695 4886; x_wconf 78' lang='grc' dir='ltr'>παρεπίδημοι,</span> <span class='ocrx_word' id='word_1_1026' title='bbox 2728 4819 2821 4870; x_wconf 65' lang='grc' dir='ltr'>καὶ</span> <span class='ocrx_word' id='word_1_1027' title='bbox 2857 4817 2964 4870; x_wconf 86' lang='grc' dir='ltr'>τῶν</span> <span class='ocrx_word' id='word_1_1028' title='bbox 2994 4819 3230 4872; x_wconf 79' lang='grc' dir='ltr'>ἐνταῦθα</span> <span class='ocrx_word' id='word_1_1029' title='bbox 3257 4819 3546 4888; x_wconf 85' lang='grc' dir='ltr'>ἀλλότριοι.</span> <span class='ocrx_word' id='word_1_1030' title='bbox 3590 4821 3708 4874; x_wconf 82' lang='grc' dir='ltr'>Κᾶν</span> <span class='ocrx_word' id='word_1_1031' title='bbox 3746 4827 3883 4893; x_wconf 82' lang='grc' dir='ltr'>χρή-</span> 
     </span>
    </p>
   </div>
   <div class='ocr_carea' id='block_1_124' title="bbox 2313 4900 3887 4972">
    <p class='ocr_par' dir='ltr' id='par_1_124' title="bbox 2313 4900 3887 4972">
     <span class='ocr_line' id='line_1_124' title="bbox 2313 4900 3887 4972; baseline 0.004 -20"><span class='ocrx_word' id='word_1_1032' title='bbox 2313 4901 2457 4968; x_wconf 85' lang='grc' dir='ltr'>ματά</span> <span class='ocrx_word' id='word_1_1033' title='bbox 2485 4918 2567 4963; x_wconf 89' lang='grc' dir='ltr'>τις</span> <span class='ocrx_word' id='word_1_1034' title='bbox 2601 4900 2697 4970; x_wconf 82' lang='grc' dir='ltr'>ἔχῃ</span> <span class='ocrx_word' id='word_1_1035' title='bbox 2744 4900 2914 4953; x_wconf 78' lang='grc' dir='ltr'>πολλὰ</span> <span class='ocrx_word' id='word_1_1036' title='bbox 2945 4902 3037 4953; x_wconf 74' lang='grc' dir='ltr'>καὶ</span> <span class='ocrx_word' id='word_1_1037' title='bbox 3067 4904 3339 4972; x_wconf 82' lang='grc' dir='ltr'>κτήματα,</span> <span class='ocrx_word' id='word_1_1038' title='bbox 3383 4902 3554 4967; x_wconf 82' lang='grc' dir='ltr'>οὓτως</span> <span class='ocrx_word' id='word_1_1039' title='bbox 3581 4904 3762 4967; x_wconf 86' lang='grc' dir='ltr'>αὑτοῖς</span> <span class='ocrx_word' id='word_1_1040' title='bbox 3790 4922 3887 4958; x_wconf 79' lang='grc' dir='ltr'>κε-</span> 
     </span>
    </p>
   </div>
   <div class='ocr_carea' id='block_1_125' title="bbox 2308 4983 3886 5057">
    <p class='ocr_par' dir='ltr' id='par_1_125' title="bbox 2308 4983 3886 5057">
     <span class='ocr_line' id='line_1_125' title="bbox 2308 4983 3886 5057; baseline 0.003 -22"><span class='ocrx_word' id='word_1_1041' title='bbox 2308 4983 2549 5053; x_wconf 83' lang='grc' dir='ltr'>χρήσθω,</span> <span class='ocrx_word' id='word_1_1042' title='bbox 2600 4984 2675 5046; x_wconf 84' lang='grc' dir='ltr'>ὡς</span> <span class='ocrx_word' id='word_1_1043' title='bbox 2733 4985 2993 5055; x_wconf 83' lang='grc' dir='ltr'>πάροικος</span> <span class='ocrx_word' id='word_1_1044' title='bbox 3044 4985 3137 5037; x_wconf 75' lang='grc' dir='ltr'>καὶ</span> <span class='ocrx_word' id='word_1_1045' title='bbox 3189 4985 3384 5055; x_wconf 80' lang='grc' dir='ltr'>μικρὸν</span> <span class='ocrx_word' id='word_1_1046' title='bbox 3425 4985 3651 5057; x_wconf 78' lang='grc' dir='ltr'>ὕστερον</span> <span class='ocrx_word' id='word_1_1047' title='bbox 3704 4989 3886 5042; x_wconf 86' lang='grc' dir='ltr'>αὑτῶν</span> 
     </span>
    </p>
   </div>
   <div class='ocr_carea' id='block_1_126' title="bbox 2312 5064 3883 5141">
    <p class='ocr_par' dir='ltr' id='par_1_126' title="bbox 2312 5064 3883 5141">
     <span class='ocr_line' id='line_1_126' title="bbox 2312 5064 3883 5141; baseline 0.005 -23"><span class='ocrx_word' id='word_1_1048' title='bbox 2312 5064 2748 5137; x_wconf 86' lang='grc' dir='ltr'>ἀποστησόμενος</span> <span class='ocrx_word' id='word_1_1049' title='bbox 2778 5069 2872 5120; x_wconf 77' lang='grc' dir='ltr'>καὶ</span> <span class='ocrx_word' id='word_1_1050' title='bbox 2898 5066 3040 5119; x_wconf 76' lang='grc' dir='ltr'>ἑκὼν</span> <span class='ocrx_word' id='word_1_1051' title='bbox 3069 5068 3163 5120; x_wconf 72' lang='grc' dir='ltr'>καὶ</span> <span class='ocrx_word' id='word_1_1052' title='bbox 3191 5067 3359 5122; x_wconf 86' lang='grc' dir='ltr'>ἄκων.</span> <span class='ocrx_word' id='word_1_1053' title='bbox 3402 5068 3521 5122; x_wconf 79' lang='grc' dir='ltr'>Κᾶν</span> <span class='ocrx_word' id='word_1_1054' title='bbox 3557 5070 3883 5141; x_wconf 66' lang='grc' dir='ltr'>ἠδικημένος</span> 
     </span>
    </p>
   </div>
   <div class='ocr_carea' id='block_1_127' title="bbox 2307 5144 3882 5221">
    <p class='ocr_par' dir='ltr' id='par_1_127' title="bbox 2307 5144 3882 5221">
     <span class='ocr_line' id='line_1_127' title="bbox 2307 5144 3882 5221; baseline 0.004 -20"><span class='ocrx_word' id='word_1_1055' title='bbox 2307 5166 2389 5211; x_wconf 84' lang='grc' dir='ltr'>τις</span> <span class='ocrx_word' id='word_1_1056' title='bbox 2481 5150 2631 5217; x_wconf 87' lang='grc' dir='ltr'>παρά</span> <span class='ocrx_word' id='word_1_1057' title='bbox 2662 5166 2824 5214; x_wconf 90' lang='grc' dir='ltr'>τινος,</span> <span class='ocrx_word' id='word_1_1058' title='bbox 2853 5147 2927 5218; x_wconf 82' lang='grc' dir='ltr'>μὴ</span> <span class='ocrx_word' id='word_1_1059' title='bbox 2958 5148 3197 5202; x_wconf 84' lang='grc' dir='ltr'>ἀθάνατα</span> <span class='ocrx_word' id='word_1_1060' title='bbox 3229 5151 3549 5220; x_wconf 76' lang='grc' dir='ltr'>ὀργιζέσθω,</span> <span class='ocrx_word' id='word_1_1061' title='bbox 3590 5154 3787 5221; x_wconf 76' lang='grc' dir='ltr'>μᾶλλον</span> <span class='ocrx_word' id='word_1_1062' title='bbox 3824 5154 3882 5207; x_wconf 77' lang='grc' dir='ltr'>δὲ</span> 
     </span>
    </p>
   </div>
   <div class='ocr_carea' id='block_1_128' title="bbox 2310 5232 3883 5303">
    <p class='ocr_par' dir='ltr' id='par_1_128' title="bbox 2310 5232 3883 5303">
     <span class='ocr_line' id='line_1_128' title="bbox 2310 5232 3883 5303; baseline 0.006 -22"><span class='ocrx_word' id='word_1_1063' title='bbox 2310 5232 2443 5302; x_wconf 74' lang='grc' dir='ltr'>μηδὲ</span> <span class='ocrx_word' id='word_1_1064' title='bbox 2471 5233 2803 5303; x_wconf 85' lang='grc' dir='ltr'>πρόσκαιρα.</span> <span class='ocrx_word' id='word_1_1065' title='bbox 2841 5234 2985 5294; x_wconf 78' lang='grc' dir='ltr'>Μιᾶς</span> <span class='ocrx_word' id='word_1_1066' title='bbox 3016 5232 3125 5302; x_wconf 89' lang='lat'>7&amp;9</span> <span class='ocrx_word' id='word_1_1067' title='bbox 3153 5234 3283 5303; x_wconf 80' lang='grc' dir='ltr'>ἡμῖν</span> <span class='ocrx_word' id='word_1_1068' title='bbox 3309 5234 3470 5287; x_wconf 87' lang='grc' dir='ltr'>πλέον</span> <span class='ocrx_word' id='word_1_1069' title='bbox 3504 5237 3604 5287; x_wconf 88' lang='grc' dir='ltr'>οὑκ</span> <span class='ocrx_word' id='word_1_1070' title='bbox 3627 5236 3827 5290; x_wconf 73' lang='grc' dir='ltr'>ἔδωκεν</span> <span class='ocrx_word' id='word_1_1071' title='bbox 3853 5241 3883 5290; x_wconf 89' lang='grc' dir='ltr'>ό</span> 
     </span>
    </p>
   </div>
   <div class='ocr_carea' id='block_1_129' title="bbox 2320 5315 3888 5388">
    <p class='ocr_par' dir='ltr' id='par_1_129' title="bbox 2320 5315 3888 5388">
     <span class='ocr_line' id='line_1_129' title="bbox 2320 5315 3888 5388; baseline 0.004 -22"><span class='ocrx_word' id='word_1_1072' title='bbox 2320 5315 2635 5377; x_wconf 80' lang='grc' dir='ltr'>’Λπόστολος</span> <span class='ocrx_word' id='word_1_1073' title='bbox 2688 5316 2904 5386; x_wconf 81' lang='grc' dir='ltr'>ἡμέρας</span> <span class='ocrx_word' id='word_1_1074' title='bbox 2965 5318 3032 5386; x_wconf 78' lang='grc' dir='ltr'>τῇ</span> <span class='ocrx_word' id='word_1_1075' title='bbox 3098 5317 3235 5385; x_wconf 78' lang='grc' dir='ltr'>ὀργῇ</span> <span class='ocrx_word' id='word_1_1076' title='bbox 3284 5318 3767 5388; x_wconf 74' lang='grc' dir='ltr'>καταχρήσασθαι·</span> <span class='ocrx_word' id='word_1_1077' title='bbox 3821 5321 3888 5373; x_wconf 84' lang='lat'><strong>&#39;0</strong></span> 
     </span>
    </p>
   </div>
   <div class='ocr_carea' id='block_1_130' title="bbox 2307 5396 3884 5472">
    <p class='ocr_par' dir='ltr' id='par_1_130' title="bbox 2307 5396 3884 5472">
     <span class='ocr_line' id='line_1_130' title="bbox 2307 5396 3884 5472; baseline 0.003 -21"><span class='ocrx_word' id='word_1_1078' title='bbox 2307 5397 2479 5462; x_wconf 62' lang='grc' dir='ltr'>ἣλιος</span> <span class='ocrx_word' id='word_1_1079' title='bbox 2510 5397 2639 5465; x_wconf 84' lang='grc' dir='ltr'>γὰρ,</span> <span class='ocrx_word' id='word_1_1080' title='bbox 2679 5399 2832 5466; x_wconf 75' lang='grc' dir='ltr'>φησὶ,</span> <span class='ocrx_word' id='word_1_1081' title='bbox 2849 5397 2936 5466; x_wconf 75' lang='grc' dir='ltr'>μὴ</span> <span class='ocrx_word' id='word_1_1082' title='bbox 2962 5396 3250 5451; x_wconf 83' lang='grc' dir='ltr'>ἐπιδυέτω</span> <span class='ocrx_word' id='word_1_1083' title='bbox 3279 5398 3377 5451; x_wconf 78' lang='grc' dir='ltr'>ἐπὶ</span> <span class='ocrx_word' id='word_1_1084' title='bbox 3401 5398 3481 5463; x_wconf 78' lang='grc' dir='ltr'>τῷ</span> <span class='ocrx_word' id='word_1_1085' title='bbox 3499 5401 3884 5472; x_wconf 79' lang='grc' dir='ltr'>παροργισμῷ</span> 
     </span>
    </p>
   </div>
   <div class='ocr_carea' id='block_1_131' title="bbox 2306 5478 3884 5555">
    <p class='ocr_par' dir='ltr' id='par_1_131' title="bbox 2306 5478 3884 5555">
     <span class='ocr_line' id='line_1_131' title="bbox 2306 5478 3884 5555; baseline 0.004 -23"><span class='ocrx_word' id='word_1_1086' title='bbox 2306 5478 2490 5547; x_wconf 83' lang='grc' dir='ltr'>ὑμῶν.</span> <span class='ocrx_word' id='word_1_1087' title='bbox 2522 5482 2631 5533; x_wconf 77' lang='grc' dir='ltr'>Καὶ</span> <span class='ocrx_word' id='word_1_1088' title='bbox 2658 5480 2883 5540; x_wconf 83' lang='grc' dir='ltr'>εἰκότως</span> <span class='ocrx_word' id='word_1_1089' title='bbox 2900 5496 2913 5509; x_wconf 78' lang='grc'><strong>⁸</strong></span> <span class='ocrx_word' id='word_1_1090' title='bbox 2938 5480 3220 5550; x_wconf 84' lang='grc' dir='ltr'>ἀγαπητὸν</span> <span class='ocrx_word' id='word_1_1091' title='bbox 3245 5480 3353 5550; x_wconf 81' lang='grc' dir='ltr'>γὰρ</span> <span class='ocrx_word' id='word_1_1092' title='bbox 3381 5482 3475 5535; x_wconf 76' lang='grc' dir='ltr'>καὶ</span> <span class='ocrx_word' id='word_1_1093' title='bbox 3502 5484 3558 5534; x_wconf 87' lang='grc' dir='ltr'>ἐν</span> <span class='ocrx_word' id='word_1_1094' title='bbox 3582 5482 3726 5537; x_wconf 77' lang='grc' dir='ltr'>οὕτω</span> <span class='ocrx_word' id='word_1_1095' title='bbox 3753 5483 3884 5555; x_wconf 83' lang='grc' dir='ltr'>βρα-</span> 
     </span>
    </p>
   </div>
   <div class='ocr_carea' id='block_1_132' title="bbox 2306 5560 3886 5634">
    <p class='ocr_par' dir='ltr' id='par_1_132' title="bbox 2306 5560 3886 5634">
     <span class='ocr_line' id='line_1_132' title="bbox 2306 5560 3886 5634; baseline 0.007 -25"><span class='ocrx_word' id='word_1_1096' title='bbox 2306 5561 2391 5631; x_wconf 79' lang='grc' dir='ltr'>χεῖ</span> <span class='ocrx_word' id='word_1_1097' title='bbox 2413 5561 2590 5630; x_wconf 81' lang='grc' dir='ltr'>καιρῷ</span> <span class='ocrx_word' id='word_1_1098' title='bbox 2612 5562 2777 5631; x_wconf 76' lang='grc' dir='ltr'>μηδὲν</span> <span class='ocrx_word' id='word_1_1099' title='bbox 2794 5560 3046 5627; x_wconf 85' lang='grc' dir='ltr'>γενέσθαι</span> <span class='ocrx_word' id='word_1_1100' title='bbox 3066 5562 3249 5631; x_wconf 88' lang='grc' dir='ltr'>ἀηδές.</span> <span class='ocrx_word' id='word_1_1101' title='bbox 3275 5561 3413 5615; x_wconf 79' lang='grc' dir='ltr'>Εἱδὲ</span> <span class='ocrx_word' id='word_1_1102' title='bbox 3436 5563 3529 5616; x_wconf 76' lang='grc' dir='ltr'>καὶ</span> <span class='ocrx_word' id='word_1_1103' title='bbox 3547 5565 3579 5634; x_wconf 78' lang='grc' dir='ltr'><strong>ἡ</strong></span> <span class='ocrx_word' id='word_1_1104' title='bbox 3599 5564 3695 5630; x_wconf 76' lang='grc' dir='ltr'>νὺξ</span> <span class='ocrx_word' id='word_1_1105' title='bbox 3712 5582 3886 5621; x_wconf 66' lang='grc' dir='ltr'>καται-</span> 
     </span>
    </p>
   </div>
   <div class='ocr_carea' id='block_1_133' title="bbox 2306 5643 3884 5717">
    <p class='ocr_par' dir='ltr' id='par_1_133' title="bbox 2306 5643 3884 5717">
     <span class='ocr_line' id='line_1_133' title="bbox 2306 5643 3884 5717; baseline -0.003 -22"><span class='ocrx_word' id='word_1_1106' title='bbox 2306 5644 2481 5706; x_wconf 76' lang='grc' dir='ltr'>λᾶὗοι,</span> <span class='ocrx_word' id='word_1_1107' title='bbox 2512 5643 2784 5714; x_wconf 82' lang='grc' dir='ltr'>δεινότερα</span> <span class='ocrx_word' id='word_1_1108' title='bbox 2812 5643 3021 5711; x_wconf 84' lang='grc' dir='ltr'>γίνεται</span> <span class='ocrx_word' id='word_1_1109' title='bbox 3054 5644 3122 5696; x_wconf 84' lang='grc' dir='ltr'>τά</span> <span class='ocrx_word' id='word_1_1110' title='bbox 3148 5645 3507 5713; x_wconf 84' lang='grc' dir='ltr'>γεγενημένα,</span> <span class='ocrx_word' id='word_1_1111' title='bbox 3551 5647 3747 5717; x_wconf 88' lang='grc' dir='ltr'>μυρίου</span> <span class='ocrx_word' id='word_1_1112' title='bbox 3778 5666 3884 5702; x_wconf 84' lang='grc' dir='ltr'>πυ-</span> 
     </span>
    </p>
   </div>
   <div class='ocr_carea' id='block_1_134' title="bbox 2373 5753 3098 5815">
    <p class='ocr_par' dir='ltr' id='par_1_134' title="bbox 2373 5753 3098 5815">
     <span class='ocr_line' id='line_1_134' title="bbox 2373 5753 3098 5815; baseline -0.003 -12"><span class='ocrx_word' id='word_1_1113' title='bbox 2373 5754 2391 5791; x_wconf 68' lang='grc' dir='ltr'><em>τ</em></span> <span class='ocrx_word' id='word_1_1114' title='bbox 2421 5753 2519 5803; x_wconf 73' lang='lat' dir='ltr'>Alii</span> <span class='ocrx_word' id='word_1_1115' title='bbox 2549 5766 2643 5801; x_wconf 90' lang='lat' dir='ltr'>non</span> <span class='ocrx_word' id='word_1_1116' title='bbox 2669 5753 2807 5814; x_wconf 81' lang='lat' dir='ltr'><strong>pauci</strong></span> <span class='ocrx_word' id='word_1_1117' title='bbox 2831 5753 3098 5815; x_wconf 80' lang='grc' dir='ltr'>συγκρατεῖ.</span> 
     </span>
    </p>
   </div>
   <div class='ocr_carea' id='block_1_135' title="bbox 2374 5816 2875 5878">
    <p class='ocr_par' dir='ltr' id='par_1_135' title="bbox 2374 5816 2875 5878">
     <span class='ocr_line' id='line_1_135' title="bbox 2374 5816 2875 5878; baseline -0.004 -15"><span class='ocrx_word' id='word_1_1118' title='bbox 2374 5819 2395 5854; x_wconf 64' lang='grc' dir='ltr'><em>ε</em></span> <span class='ocrx_word' id='word_1_1119' title='bbox 2419 5816 2513 5863; x_wconf 76' lang='lat' dir='ltr'>Alii</span> <span class='ocrx_word' id='word_1_1120' title='bbox 2535 5816 2710 5863; x_wconf 72' lang='grc' dir='ltr'>ὑποϐα)</span> <span class='ocrx_word' id='word_1_1121' title='bbox 2720 5818 2875 5878; x_wconf 83' lang='grc' dir='ltr'>λωμεν</span> 
     </span>
    </p>
   </div>
  </div>
