4370 6306
327 478 394 537 ιθ
1461 476 1526 531 IN
1563 476 1873 533 «ΙΟΔΝΝΕΜ
1912 475 2050 534 non

1912 475 2139 534 llOMlL.
2184 479 2269 535 εν.
2312 483 2383 537 al.
2426 483 2511 538 111.
3534 498 3603 555 50

325 594 799 664 interrogaverim,
845 592 971 662 quid
1013 593 1083 648 sit
1126 590 1255 646 illud
1303 608 1332 644 a
1360 590 1614 661 pmpltcta
1659 592 1856 647 dictum
1890 610 1901 644 :

327 687 455 739 Ante
498 700 580 737 me
626 700 730 737 non
774 684 869 753 fuit
915 683 1047 737 alius
1096 681 1271 747 Deus,
1328 690 1373 734 et
1417 690 1527 750 post
1572 698 1649 735 me
1676 699 1776 734 non
1815 684 1910 736 erit

322 773 480 843 (lsai.
509 775 599 828 t5.
632 774 765 843 ιον
795 773 921 827 Nam
944 773 986 827 si
1014 772 1195 841 junior
1228 780 1311 826 est
1355 770 1511 824 Patre
1555 770 1741 835 Filius,
1771 787 1900 840 qun-

324 864 485 918 modo
516 863 679 928 dicit,
716 862 839 916 Post
870 880 947 916 me
988 879 1087 915 non
1131 863 1268 916 erit?
1296 860 1432 916 Num
1483 877 1611 930 ergo
1643 861 1906 929 Unigeuiti

322 956 675 1009 substantiam
707 956 941 1009 tolletis?
973 955 1203 1007 Necesse
1232 954 1374 1007 enim
1403 962 1486 1007 est
1526 962 1616 1007 aut
1641 969 1706 1007 eo
1745 954 1907 1006 auda-

320 1044 749 1116 ςίενρτορθίιρτθ,
768 1054 861 1099 aut
882 1060 1041 1098 uuam
1060 1043 1339 1097 admittere
1360 1044 1684 1096 divinitatem
1714 1044 1765 1097 in
1782 1059 1905 1110 pro-

324 1134 436 1201 pria
468 1133 738 1204 hypostasi
767 1134 940 1189 Patris
965 1143 1019 1188 et
1059 1132 1197 1188 Filii.
1229 1132 1509 1199 Quomodo
1534 1144 1709 1185 autem
1740 1134 1902 1197 illud,

323 1224 510 1276 ()nuiia
542 1240 628 1292 per
654 1224 821 1292 ipsum
845 1228 982 1293 facta
1009 1233 1125 1277 sunt
1153 1220 1311 1292 (Joan
1365 1226 1415 1278 1.
1449 1224 1484 1277 3
1510 1226 1548 1291 ),
1579 1240 1759 1278 verum
1789 1224 1905 1279 est?

322 1315 454 1370 Nam
501 1316 545 1369 si
590 1331 761 1369 :evum
804 1324 892 1370 est
924 1315 1016 1369 illo
1060 1316 1347 1384 antiquius,
1376 1315 1644 1383 quomodo
1671 1315 1721 1370 id
1762 1315 1902 1384 quod

316 1415 444 1460 ante
468 1406 614 1459 illum
642 1415 722 1460 est
742 1447 757 1472 ,
786 1422 879 1475 per
903 1407 1071 1475 ipsum
1103 1406 1300 1460 factum
1329 1405 1525 1459 fuerit?
1550 1405 1823 1461 Videtisne
1850 1406 1901 1460 in

317 1505 572 1563 quantam
602 1497 955 1552 temeritatem
987 1496 1154 1552 semel
1184 1496 1388 1565 abjecta
1418 1496 1643 1551 veritate
1678 1513 1897 1567 proces-

318 1584 523 1638 serint?
550 1584 660 1639 Cur
693 1601 797 1640 non
826 1585 961 1640 dixit
981 1586 1327 1656 evangelista,
1373 1585 1545 1654 ipsum
1581 1602 1648 1641 ex
1677 1602 1781 1641 non
1807 1604 1902 1642 ex-

318 1677 584 1732 stantibus
630 1676 824 1731 factum
868 1693 1024 1741 esse,
1078 1689 1135 1731 ut
1180 1678 1248 1733 de
1293 1679 1542 1733 omnibus
1577 1679 1771 1731 Paulus
1820 1680 1902 1733 his

319 1767 496 1821 verbis
535 1768 729 1822 asserit
757 1784 770 1821 :
803 1768 902 1833 Qui
929 1769 1121 1821 vocavit
1149 1784 1208 1821 ea
1234 1783 1349 1837 qua
1374 1784 1476 1821 non
1504 1777 1624 1820 sunt
1664 1777 1901 1837 tanquam

316 1876 376 1911 m
417 1875 531 1926 qua:
557 1869 673 1914 sunt
722 1867 741 1932 ί
770 1860 918 1914 Rom.
949 1862 1000 1914 4.
1030 1861 1092 1915 l7
1130 1859 1184 1930 );
1213 1860 1305 1913 sed
1336 1860 1498 1924 dicit,
1548 1856 1613 1911 In
1653 1860 1902 1928 principio

314 1949 462 2001 erat?
477 1948 579 2003 hoc
593 1951 737 2003 enim
756 1950 1080 2003 contrarium
1100 1959 1184 2003 est
1199 1949 1270 2003 illi
1291 1965 1305 2013 ;
1328 1948 1517 2017 acjurc
1541 1949 1744 2002 merito.
1764 1950 1900 2003 Deus

316 2040 460 2092 enim
483 2053 655 2107 neque
677 2038 754 2105 lit,
780 2054 948 2109 neque
970 2040 1095 2109 quid
1139 2054 1199 2094 se
1214 2039 1479 2108 antiquius
1498 2038 1690 2102 habet;
1717 2055 1898 2094 verum

318 2128 435 2184 hate
456 2128 731 2199 gentilium
759 2129 918 2184 verba
955 2138 1098 2183 sunt.
1142 2131 1235 2184 Dic
1259 2138 1314 2183 et
1344 2129 1472 2183 illud
1508 2129 1635 2183 mihi
1662 2147 1675 2183 :
1706 2132 1896 2184 Annon

315 2217 516 2272 dixeris
538 2226 839 2273 creatorem
885 2219 1078 2273 creatis
1115 2218 1366 2289 operibus
1408 2219 1898 2287 incomparabiliter

314 2307 751 2363 excellentiorem
777 2307 938 2364 esse?
964 2309 1097 2364 Cum
1138 2324 1266 2378 ergo
1305 2308 1436 2378 ipsis
1460 2310 1633 2364 simile
1677 2309 1814 2363 foret
1844 2310 1893 2363 id

312 2398 455 2469 quod
481 2412 551 2453 ex
583 2414 688 2454 non
714 2401 1044 2455 exstantibus
1068 2409 1247 2463 esset,
1289 2400 1376 2454 ubi
1406 2408 1550 2455 esset
1577 2400 1661 2454 illa
1693 2401 1895 2453 incom-

316 2489 570 2557 parabilis
592 2490 945 2547 excellentia?
972 2491 1111 2557 Quid
1136 2499 1312 2545 autem
1344 2499 1425 2544 est
1449 2490 1574 2545 illud
1592 2533 1605 2554 ,
1641 2491 1750 2560 Ego
1791 2492 1871 2560 pri

310 2597 447 2646 mus,
489 2590 534 2634 et
559 2597 650 2650 ego
677 2591 789 2651 post
815 2582 942 2647 hac,
976 2591 1052 2647 et,
1081 2582 1213 2636 Ante
1236 2599 1313 2636 me
1340 2599 1439 2636 non
1471 2583 1568 2653 fuit
1594 2584 1728 2636 alius
1762 2583 1896 2637 Deus

310 2668 466 2736 (lsai.
496 2671 584 2726 41.
615 2672 669 2725 4.
699 2682 747 2726 et
773 2674 862 2728 45.
898 2672 1027 2743 l0)?
1051 2673 1183 2727 Nam
1213 2673 1257 2727 si
1291 2673 1453 2727 Filius
1484 2690 1588 2727 non
1620 2675 1688 2728 sit
1711 2691 1775 2729 ex
1807 2691 1896 2730 ea-

308 2761 437 2817 dem
464 2763 761 2817 substantia
785 2805 801 2830 ,
825 2765 958 2818 alius
979 2774 1062 2819 est
1107 2764 1281 2829 Deus;
1326 2765 1369 2818 si
1418 2781 1524 2819 non
1563 2775 1894 2830 coarternus,

308 2861 399 2907 est
437 2863 557 2921 post
583 2853 731 2908 illum
767 2872 781 2910 :
825 2869 887 2909 ac
913 2855 957 2909 si
983 2871 1089 2909 non
1115 2863 1182 2910 e‘x
1211 2854 1507 2909 substantia
1545 2855 1773 2924 prodiit,
1803 2871 1896 2926 pa-

309 2947 418 2998 lam
445 2955 529 3001 est
552 2947 723 3016 ipsum
752 2948 947 3003 factum
975 2963 1114 3004 esse.
1148 2948 1299 3017 Quod
1331 2949 1374 3002 si
1415 2948 1648 3003 dixerint
1690 2948 1803 3003 hanc
1829 2950 1892 3003 ad

307 3036 665 3093 dill’erentiam
712 3037 974 3094 idolorum
1015 3041 1154 3095 dicta
1207 3040 1412 3106 fuisse,
1463 3040 1733 3109 quomodo
1787 3056 1891 3094 non

307 3127 609 3182 concedent
650 3127 716 3182 ad
763 3128 1117 3185 diﬂ'erentiam
1172 3129 1431 3185 idolorum
1480 3129 1650 3184 solum
1705 3146 1888 3184 verum

312 3218 484 3272 Deum
512 3216 655 3272 dici?
683 3218 834 3286 Quod
860 3221 905 3273 si
936 3219 1039 3274 hoc
1063 3221 1223 3275 etiam
1251 3220 1317 3273 ad
1339 3219 1692 3275 diﬂ'ercntiam
1717 3220 1890 3276 idolo-

308 3323 430 3362 rum
460 3307 661 3363 dictum
707 3310 811 3373 sit,
844 3312 1113 3380 quomodo
1157 3319 1320 3365 totam
1365 3312 1681 3366 sententiam
1726 3313 1891 3365 inter-

307 3398 613 3468 pretaberis
629 3399 656 3451 ’ἔ
686 3396 811 3453 Post
837 3415 916 3452 me
938 3401 1101 3464 enim,
1131 3400 1331 3466 inquit,
1356 3416 1457 3453 non
1482 3409 1554 3453 est
1578 3400 1709 3454 alius
1731 3399 1889 3454 Deus.

308 3488 431 3542 Non
458 3488 682 3558 eiiciens
728 3490 918 3543 Filium
967 3490 1069 3544 hoc
1096 3490 1260 3556 dicit,
1293 3489 1385 3544 sed
1428 3490 1684 3558 signitlcat
1709 3530 1723 3553 ,
1755 3490 1894 3544 Deus

307 3580 540 3634 idolicus
568 3588 691 3649 post
719 3595 807 3635 me
852 3595 959 3634 non
1004 3591 1118 3645 est;
1168 3595 1273 3634 nou
1303 3581 1442 3650 quod
1470 3579 1640 3634 Filius
1668 3595 1772 3633 non
1802 3581 1887 3634 sit.

310 3672 488 3725 Etiam
510 3712 525 3734 ,
556 3671 785 3741 inquies.
810 3670 945 3739 Quid
988 3671 1179 3741 igitur?
1208 3671 1331 3724 illud
1350 3712 1365 3736 ,
1412 3671 1541 3724 Ante
1568 3686 1647 3723 me
1671 3686 1770 3724 non
1797 3670 1893 3739 fuit

313 3762 455 3815 alius
487 3761 627 3815 Deus
650 3802 664 3826 ,
698 3762 768 3815 ita
794 3761 1022 3832 accipies
1048 3803 1062 3826 ,
1103 3761 1242 3830 quod
1290 3776 1482 3830 nempe
1513 3761 1732 3815 idolicus
1762 3760 1894 3813 deus

310 3868 419 3906 non
450 3850 646 3919 fuerit;
683 3864 735 3906 at
764 3851 922 3906 fuerit
950 3854 1139 3907 saltem
1170 3862 1292 3906 ante
1314 3868 1434 3907 eum
1465 3852 1671 3906 Filius?
1698 3851 1894 3921 Ecquis

309 3945 525 3999 daemon
573 3944 689 3998 ba'c
718 3944 944 3998 dixerit?
993 3944 1069 3999 Ne
1097 3946 1269 4013 ipsum
1298 3944 1511 4014 quidem
1541 3943 1808 3997 diabolum
1842 3944 1892 3996 id

309 4044 444 4103 puto
473 4034 737 4088 dicturum
769 4048 908 4089 esse.
940 4035 1185 4103 Alioquin
1214 4044 1411 4098 autem,
1441 4033 1486 4086 si
1514 4050 1616 4089 non
1647 4041 1728 4086 est
1753 4048 1893 4085 cme-

309 4135 501 4178 ternus
529 4124 671 4177 Patri
694 4164 710 4188 ,
738 4125 1006 4191 quomodo
1032 4125 1288 4178 inlinitam
1320 4125 1435 4192 ejus
1464 4125 1621 4177 vitam
1650 4124 1892 4176 dixeris?

308 4215 445 4268 Nam
475 4214 521 4268 si
549 4215 863 4285 principium
910 4215 1146 4269 anterius
1184 4214 1371 4278 habet;
1406 4214 1615 4269 etiamsi
1656 4213 1894 4267 inﬁnitus

309 4306 421 4365 sit,
469 4318 577 4358 non
618 4312 795 4359 tamen
846 4304 1136 4359 immensus
1177 4305 1280 4359 erit
1330 4322 1343 4358 :
1390 4307 1706 4357 immensum
1750 4303 1890 4355 enim

310 4395 568 4463 utrinque
618 4395 936 4450 immensum
987 4409 1107 4449 esse
1151 4403 1394 4462 oportet;
1445 4394 1497 4447 id
1544 4394 1684 4462 quod
1732 4394 1890 4446 etiam

313 4485 513 4540 Paulus
555 4486 834 4539 declarans
860 4484 1068 4540 dicebat
1097 4504 1110 4539 :
1143 4483 1315 4552 Neque
1341 4484 1645 4551 principium
1676 4483 1891 4546 dierum,

312 4593 472 4643 neque
502 4577 655 4646 ﬁnem
682 4578 797 4630 vita!
820 4576 1004 4631 habens
1033 4577 1052 4648 (
1077 4575 1235 4629 Hebr.
1269 4576 1320 4628 7.
1351 4576 1385 4628 5
1408 4576 1447 4643 ),
1480 4584 1532 4627 et
1564 4574 1820 4642 principio
1842 4583 1895 4627 ct

311 4668 421 4721 line
450 4682 635 4722 carere
659 4668 938 4722 declarans
962 4706 975 4720 .
1005 4666 1462 4733 Quemadmodum
1486 4667 1626 4719 eiiim
1660 4666 1781 4730 hoc,
1816 4667 1892 4719 sic

312 4774 489 4827 neque
534 4758 660 4812 illud
710 4757 870 4812 linem
903 4758 1095 4823 habet;
1124 4773 1243 4812 cum
1282 4772 1452 4826 neque
1500 4756 1584 4810 hic
1631 4757 1750 4811 linis
1787 4759 1854 4810 sit
1879 4796 1892 4820 ,

309 4861 492 4918 neque
521 4848 630 4902 illic
666 4848 893 4902 initium.

384 4939 441 4992 3.
495 4935 713 4990 Verbum
739 4938 784 4990 si
820 4938 919 4990 vita
945 4946 1038 5001 est,
1069 4946 1307 4991 internum
1336 4936 1660 5004 est.0bjectio
1691 4936 1890 4989 lucreti—

307 5044 489 5082 corum
518 5044 537 5079 :
572 5026 735 5081 Filius
760 5035 871 5089 Θεός
912 5028 1096 5081 dicitur
1134 5028 1242 5081 sine
1266 5027 1501 5087 articulo,
1530 5026 1800 5094 refutatur.
1828 5056 1895 5066 ~—

308 5117 600 5185 Quomodo
625 5127 801 5172 autem
830 5133 952 5172 cum
978 5119 1087 5172 vita
1113 5118 1201 5181 sit,
1225 5117 1380 5172 fuerit
1408 5126 1616 5183 tempus
1642 5133 1761 5170 cum
1790 5134 1893 5168 non

309 5210 495 5264 esset?
538 5207 660 5263 Vita
701 5208 843 5263 enim
885 5224 1118 5277 semper,
1148 5223 1211 5262 ac
1256 5210 1369 5263 sine
1401 5209 1660 5278 principio
1691 5218 1745 5262 et
1792 5210 1897 5262 line

306 5315 435 5355 esse
462 5314 626 5354 nemo
655 5314 758 5352 non
786 5298 1034 5362 fateatur,
1053 5299 1097 5353 si
1126 5299 1215 5353 ille
1242 5314 1368 5353 vere
1391 5300 1493 5351 vita
1517 5300 1604 5363 sit,
1626 5307 1681 5351 ut
1711 5314 1895 5352 revera

310 5401 415 5444 est.
449 5390 508 5445 Si
536 5404 668 5443 vero
699 5387 793 5443 fuit
819 5388 1104 5459 aliquando
1140 5403 1262 5443 cum
1293 5404 1396 5442 non
1436 5398 1600 5451 esset,
1627 5389 1897 5457 quomodo

313 5483 422 5536 vita
453 5481 686 5535 aliorum
726 5479 817 5544 sit,
844 5495 963 5549 quae
990 5478 1273 5548 aliquando
1303 5494 1404 5532 non
1440 5477 1577 5531 fuit?
1621 5477 1899 5544 Quomodo

315 5575 500 5643 igitur,
533 5572 731 5641 inquit,
761 5569 996 5625 Joannes
1020 5570 1333 5639 principium
1379 5570 1554 5637 posuit
1596 5568 1798 5628 dicens.
1831 5567 1895 5620 In

320 5664 574 5734 principio
597 5662 750 5715 erat?
779 5661 929 5717 Illine
949 5662 1084 5725 voci,
1116 5674 1317 5730 qumso,
1341 5660 1401 5712 In
1429 5660 1697 5728 principio,
1723 5669 1776 5712 ct
1802 5659 1896 5722 illi,

322 5752 474 5817 Erat,
517 5752 788 5817 attendis;
836 5762 892 5805 et
930 5752 1099 5816 illam,
1142 5750 1353 5804 Verbum
1380 5760 1503 5811 erat,
1531 5766 1632 5803 non
1664 5751 1900 5819 cogitas?

313 5845 455 5913 ρυτά
486 5861 637 5911 vero,
670 5844 887 5915 quando
939 5844 1005 5898 dc
1054 5847 1205 5898 Patre
1238 5843 1366 5896 dicit
1396 5842 1649 5911 propheta
1681 5859 1692 5894 :
1739 5842 1781 5895 Λ
1806 5857 1898 5893 διυ-

2022 595 2136 646 culo
2162 604 2210 648 et
2240 612 2395 665 usque
2422 599 2473 650 in
2501 601 2741 654 sa'rnlum
2767 612 2817 654 tu
2848 619 2899 659 es
2928 602 3097 677 (Psal.
3130 608 3220 663 89.
3263 609 3321 683 2)
3351 629 3363 665 :
3410 628 3476 667 an
3520 618 3601 668 his

2022 683 2198 737 verbis
2228 687 2485 741 terminos
2516 688 2612 757 ipsi
2659 693 2845 759 ponit?
2887 694 3269 766 Nequaquam;
3318 701 3412 756 sed
3442 713 3598 757 aucr-

2018 773 2236 828 nitatem
2268 776 2554 846 signiﬁcat.
2601 779 2830 849 ldipsum
2864 783 2950 840 hic
2976 789 3172 856 cogita.
3201 790 3313 844 Non
3344 794 3600 849 terminos

2017 879 2220 932 ponens
2265 867 2334 921 ita
2363 867 2615 939 loquutus
2646 882 2769 927 est:
2805 890 2979 944 neque
3018 880 3162 933 enim
3210 882 3365 948 dixit,
3394 883 3600 939 Princi—

2017 957 2159 1024 pium
2188 959 2406 1026 habuit;
2434 964 2549 1020 sed.
2582 963 2648 1017 In
2676 967 2927 1037 principio
2946 980 3098 1033 eral;
3139 972 3237 1027 hac
3264 989 3413 1040 voce,
3448 975 3594 1040 Erat,

2015 1053 2067 1099 te
2094 1047 2369 1105 deducens
2397 1062 2452 1104 nt
2486 1053 2676 1107 Filium
2709 1058 2825 1111 sine
2857 1060 3115 1128 principio
3148 1077 3272 1117 esse
3309 1068 3594 1136 cogitares.

2014 1136 2106 1199 At,
2154 1138 2382 1208 inquies,
2415 1142 2574 1197 Pater
2602 1159 2722 1197 cum
2765 1147 2989 1202 articulo
3017 1149 3231 1216 dicitur,
3265 1152 3425 1208 Filius
3468 1171 3595 1209 vero

2010 1227 2125 1279 sine
2142 1230 2481 1300 articulo(a).
2501 1233 2636 1299 Quid
2660 1250 2786 1299 ergo
2809 1250 2930 1290 enim
2954 1240 3227 1305 apostolus
3248 1241 3395 1307 dicit,
3418 1242 3592 1313 Magni

2016 1314 2108 1369 Dei
2134 1328 2179 1371 et
2212 1319 2491 1374 Saluatoris
2538 1324 2698 1375 nostri
2736 1322 2861 1377 Iesu
2910 1324 3097 1380 Christi
3125 1328 3250 1397 (Tit.
3280 1329 3333 1383 9..
3366 1332 3489 1401 1'5);
3540 1343 3593 1387 et

2010 1422 2241 1471 rursum,
2278 1409 2378 1476 Qui
2406 1421 2478 1464 est
2503 1428 2654 1478 super
2680 1415 2848 1465 omnia
2887 1413 3026 1469 Deus
3049 1416 3231 1488 (Rom.
3258 1418 3312 1473 9.
3344 1420 3438 1490 5)?
3466 1436 3591 1476 erce

2011 1512 2238 1574 namque
2265 1497 2351 1551 hic
2381 1500 2495 1555 sine
2518 1502 2742 1556 articulo
2769 1504 2958 1558 Filium
2992 1509 3327 1562 memoravit.
3358 1509 3586 1581 ldipsnni

2008 1587 2074 1641 de
2108 1588 2262 1642 Patre
2288 1590 2560 1644 observes.
2594 1591 2724 1645 Nam
2751 1594 2815 1645 ad
2848 1592 3219 1664 Philippenses
3244 1598 3486 1653 scribens
3511 1602 3588 1653 sic

2008 1679 2081 1731 ait
2110 1696 2122 1731 :
2154 1679 2253 1744 Qui
2277 1697 2390 1732 cum
2429 1682 2481 1733 in
2509 1686 2672 1750 [arma
2700 1682 2794 1736 Dei
2821 1694 2967 1750 esset,
2992 1702 3092 1740 non
3119 1688 3351 1757 rapinam
3373 1691 3586 1744 arbitra-

2009 1778 2089 1823 tus
2114 1779 2184 1822 est
2206 1787 2311 1825 esse
2333 1788 2387 1826 se
2409 1766 2652 1841 (canalem
2682 1774 2789 1827 Deo
2829 1775 3084 1846 (Philipp.
3107 1778 3160 1832 2.
3185 1777 3242 1851 6)
3263 1799 3280 1834 :
3308 1790 3357 1834 et
3385 1783 3449 1834 ad
3483 1782 3587 1835 Rn-

2006 1874 2228 1914 mauos:
2254 1860 2433 1914 Gratia
2456 1862 2590 1915 vobis
2616 1873 2662 1917 et
2686 1881 2787 1931 pax
2811 1882 2841 1917 α
2866 1865 2976 1920 Deo
2999 1864 3158 1922 Patre
3184 1879 3376 1935 nostro,
3407 1881 3455 1925 et
3479 1871 3584 1925 Do—

2005 1953 2140 2003 mino
2168 1950 2293 2005 Iesu
2317 1951 2518 2008 Christo
2556 1954 2714 2025 (Rom
2766 1956 2814 2010 l.
2845 1954 2919 2026 7).
2957 1957 3204 2026 Alioquin
3235 1974 3366 2014 vero
3394 1975 3583 2029 supero

2003 2054 2291 2095 Vacanenm
2314 2040 2497 2097 luisset
2522 2044 2607 2099 hic
2628 2046 2909 2099 articulum
2934 2063 3267 2115 praeponere,
3280 2065 3402 2105 cum
3424 2067 3584 2118 supra

2006 2129 2313 2199 frequenter
2331 2134 2605 2202 appositus
2629 2135 2805 2188 fuerit.
2826 2135 3287 2201 Quemadmodum
3304 2141 3444 2193 cnim
3463 2157 3599 2193 cum.

2002 2220 2071 2276 de
2103 2222 2262 2276 Patre
2300 2223 2449 2289 dicit,
2485 2224 2711 2295 Spiritus
2733 2236 2803 2279 ost
2833 2226 2965 2280 Deus
2995 2227 3174 2297 (Joan.
3204 2230 3256 2283 4.
3284 2230 3375 2296 ει)
3401 2248 3416 2294 ;
3461 2248 3602 2300 qum.

2004 2315 2262 2368 articulus
2291 2314 2507 2383 Spiritui
2564 2331 2668 2369 non
2715 2319 3034 2386 prmpositns
3062 2328 3162 2385 est,
3197 2336 3301 2372 non
3353 2321 3471 2374 ideo
3500 2322 3579 2373 iu-

2003 2420 2319 2473 corporeum
2367 2421 2488 2460 esse
2532 2407 2694 2459 Deum
2747 2422 3045 2476 negamus:
3078 2410 3156 2463 sic
3199 2421 3247 2463 et
3296 2410 3398 2464 hoc
3442 2412 3578 2472 lecti.

2002 2495 2210 2550 etiamsi
2256 2496 2391 2551 Filio
2420 2498 2673 2551 articulus
2727 2514 2830 2552 non
2866 2509 3222 2567 praeponatur,
3256 2516 3359 2554 non
3408 2503 3582 2555 minus

2004 2594 2179 2641 tamen
2202 2587 2344 2643 Deus
2365 2599 2447 2643 est
2471 2588 2655 2644 Filius.
2676 2589 2788 2656 Qua
2816 2605 2945 2645 vero
2970 2590 3036 2645 de
3055 2592 3254 2646 causa?
3281 2592 3413 2646 Cum
3439 2593 3581 2646 enim

2004 2679 2171 2733 Deum
2199 2691 2253 2734 et
2279 2681 2445 2735 Deum
2477 2681 2630 2745 dixit,
2654 2682 2856 2734 nullum
2890 2681 3087 2735 indicat
3110 2681 3267 2736 nobis
3289 2682 3580 2737 divinitatis

2002 2768 2320 2833 discrimen;
2383 2771 2489 2823 imo
2541 2784 2761 2839 prorsus
2816 2779 3022 2824 contra.
3078 2770 3209 2825 Cum
3240 2772 3381 2825 enim
3436 2773 3581 2840 prius

2002 2858 2247 2923 dixisset,
2279 2857 2345 2911 Et
2373 2858 2506 2911 Deus
2531 2868 2636 2911 erat
2670 2857 2904 2919 Verbum.
2932 2874 3001 2913 ne
3025 2859 3148 2928 quis
3168 2868 3377 2930 putaret
3403 2860 3574 2913 mino-

1999 2962 2113 3002 rem
2145 2963 2261 3004 esse
2290 2948 2407 3003 Filii
2436 2948 2783 3015 divinitatem,
2808 2949 2982 3002 statim
3006 2964 3143 3002 vera:
3162 2947 3450 3005 divinitatis
3465 2951 3587 3019 ejus

2000 3038 2316 3091 documenta
2345 3036 2565 3106 profert;
2588 3041 2934 3092 atternitatem
2957 3054 3146 3107 nempe
3175 3038 3253 3091 sic
3277 3054 3575 3100 resumens,

2006 3126 2102 3180 llic
2149 3138 2255 3181 erat
2308 3145 2339 3181 a
2383 3128 2631 3198 principio
2692 3128 2830 3197 apud
2894 3126 3056 3181 Deum
3106 3127 3306 3199 (Joun.
3356 3129 3410 3183 Ι.
3458 3128 3495 3182 ε
3524 3131 3573 3195 );

1999 3220 2213 3275 creandi
2245 3220 2349 3273 vim
2387 3236 2507 3274 cum
2548 3219 2712 3285 addit,
2744 3220 2927 3271 ()mnio
2960 3236 3047 3287 per
3072 3220 3239 3289 ipsum
3274 3222 3406 3289 facta
3434 3230 3570 3281 sunt,

1998 3323 2042 3365 et
2072 3312 2178 3365 sine
2196 3312 2304 3377 ipso
2326 3316 2514 3383 factum
2544 3320 2615 3365 est
2647 3310 2772 3364 nihil
2801 3310 2935 3377 quod
2962 3313 3151 3379 factum
3181 3319 3250 3364 est
3280 3307 3443 3375 (Ibid.
3476 3310 3530 3377 5)
3561 3329 3570 3361 ;

2001 3400 2050 3454 id
2072 3400 2214 3470 quod
2237 3402 2466 3455 maxime
2485 3400 2639 3455 Pater
2663 3401 2779 3467 ejus
2806 3415 2899 3469 per
2927 3400 3210 3468 prophetas
3232 3401 3425 3470 ubique
3452 3401 3576 3454 sub-

2000 3491 2210 3544 stantite
2240 3492 2357 3559 ejus
2400 3500 2768 3559 argumentum
2796 3504 2916 3544 esse
2955 3489 3103 3543 dicit.
3153 3491 3229 3543 Ac
3274 3489 3577 3558 frequenter

2002 3582 2101 3637 hoc
2125 3582 2596 3637 demonstrationis
2622 3595 2790 3651 genus
2816 3580 3092 3650 propheta:
3116 3587 3332 3633 versant
3360 3596 3373 3630 :
3405 3593 3576 3646 neque

2000 3673 2065 3727 ad
2094 3673 2196 3727 hoc
2222 3674 2416 3736 solum,
2449 3671 2540 3725 sed
2570 3672 2809 3725 utetiam
2839 3670 3100 3724 idolorum
3131 3669 3332 3723 cultum
3364 3666 3570 3721 tollant.

2001 3762 2132 3816 Nam
2176 3764 2269 3827 dii,
2318 3763 2505 3829 inquit,
2537 3763 2621 3831 qui
2666 3759 2847 3814 (telum
2892 3768 2938 3815 et
2967 3769 3154 3813 terram
3181 3774 3282 3811 non
3329 3756 3589 3825 fecerunt,

2003 3862 2208 3921 pereant
2235 3851 2370 3921 (Jer.
2406 3853 2493 3906 l0.
2522 3852 2645 3922 ll);
2678 3865 2742 3905 ac
2770 3864 3001 3914 rursum,
3031 3847 3142 3919 Ego
3172 3864 3323 3902 manu
3352 3862 3463 3900 mea
3484 3862 3572 3899 ea:-

2002 3941 2136 3994 tendi
2181 3941 2359 3994 caalum
2398 3939 2550 4008 (1εαὶ.
2585 3941 2672 3993 44.
2703 3937 2834 4010 25):
2877 3937 3275 4005 ostendensque
3303 3935 3430 3989 illud
3456 3950 3597 3987 esse:

2001 4033 2289 4086 divinitatis
2319 4041 2713 4101 argumentum,
2744 4029 2794 4084 id
2821 4029 3016 4098 ubique
3055 4027 3222 4098 ponit.
3253 4026 3370 4094 Ipse
3396 4034 3572 4078 autem

2002 4125 2344 4191 evangelista,
2379 4124 2463 4177 his
2505 4138 2609 4176 non
2638 4130 2924 4176 contentus
2963 4119 3159 4183 verbis,
3188 4119 3349 4171 vitam
3402 4115 3573 4181 ipsum

2003 4216 2205 4268 \'t)Cu\'ll
2234 4224 2286 4266 ct
2318 4216 2506 4266 lucem.
2535 4212 2588 4264 Si
2635 4213 2811 4278 itaque
2853 4224 3065 4276 semper
3102 4223 3222 4260 cum
3254 4207 3409 4259 Patre
3437 4212 3573 4260 erat.

2000 4306 2043 4355 si
2066 4303 2242 4356 omnia
2269 4303 2381 4370 ipse
2403 4300 2660 4361 condidit,
2692 4298 2939 4368 produxit
2963 4309 3014 4349 et
3036 4296 3271 4350 continet
3292 4294 3414 4363 (hoc
3430 4292 3576 4346 enim

2006 4409 2099 4460 per
2127 4393 2288 4445 vitam
2319 4390 2691 4459 significavit),
2720 4389 2764 4443 si
2792 4389 2969 4441 omnia
2997 4386 3295 4450 illuminat;
3345 4384 3464 4454 quis
3505 4383 3597 4436 ita-

2001 4484 2194 4537 stultus
2218 4483 2321 4536 erit
2350 4489 2406 4534 ut
2431 4481 2592 4546 dicat,
2624 4480 3003 4549 evangelistam
3036 4480 3150 4532 haec
3175 4479 3333 4530 verba
3363 4488 3417 4530 ut
3442 4476 3577 4528 divi-

2005 4575 2222 4627 nitatem
2255 4575 2369 4642 ejus
2413 4572 2681 4625 minueret
2728 4570 3027 4633 induxisse,
3062 4568 3253 4637 quibus
3302 4567 3578 4636 :Pqnalitas

2005 4666 2305 4735 paritasque
2334 4664 2687 4719 demonstrari
2718 4663 2962 4731 poterat?
2990 4661 3086 4723 Ne,
3118 4675 3323 4730 quaeso,
3356 4659 3583 4714 conluu~

2002 4757 2189 4809 danins
2219 4765 2516 4809 creaturam
2551 4770 2670 4807 cum
2699 4754 2973 4817 Creatore,
3007 4768 3072 4806 ne
3101 4767 3199 4805 nos
3238 4766 3450 4820 quoque
3479 4766 3571 4802 au-

2003 4848 2212 4899 diamus
2243 4862 2256 4899 :
2289 4845 2560 4898 Coluerunt
2587 4852 2869 4897 creaturam
2911 4860 3016 4911 pra:
3041 4842 3276 4897 Creatore
3316 4840 3490 4911 (Rom.
3529 4842 3578 4894 l.

2000 4937 2114 5007 25).
2141 4938 2357 4990 Etiamsi
2383 4936 2525 4989 enim
2554 4934 2619 4988 de
2647 4935 2793 4988 cmlis
2833 4933 2948 4987 tunc
2988 4931 3331 5001 intelligenda
3358 4931 3539 4985 dicant
3568 4949 3577 4979 :

2002 5038 2235 5079 attamen
2255 5025 2323 5079 de
2346 5025 2428 5078 his
2457 5025 2676 5093 loquens
2706 5025 2923 5077 omnino
2953 5021 3223 5092 prohibuit
3242 5036 3310 5074 ne
3335 5028 3579 5074 creatura

2005 5120 2228 5177 colatur,
2260 5118 2347 5185 qui
2396 5117 2670 5185 gentilium
2702 5130 2851 5169 error
2877 5123 2978 5167 est.

2076 5211 2128 5262 4.
2173 5210 2211 5260 Α
2240 5208 2472 5260 servitute
2499 5207 2747 5259 idolorum
2793 5221 2881 5256 nos
2923 5202 3144 5255 liberavit
3173 5202 3420 5255 Christus.
3472 5199 3582 5252 Do-

2005 5311 2172 5368 gmata
2207 5315 2306 5350 non
2334 5306 2541 5365 prosunt
2570 5297 2637 5349 ad
2665 5297 2894 5359 salutent,
2918 5294 2958 5346 si
2990 5295 3089 5345 vita
3116 5294 3178 5343 sit
3204 5302 3459 5360 corrupta.
3495 5291 3514 5342 I
3526 5309 3583 5342 ra

2006 5389 2228 5443 celeriter
2267 5386 2643 5456 exstinguenda.
2695 5384 2892 5437 Laudes
2933 5384 3189 5436 hominum
3222 5384 3297 5434 uel
3327 5398 3388 5434 cx
3413 5384 3577 5451 gratia

2070 5543 2141 5602 (η)
2167 5549 2260 5588 Hoc
2306 5540 2501 5600 respicit
2520 5537 2633 5587 illud
2668 5534 2930 5595 Evangelii,
2958 5547 3018 5602 apd
3044 5543 3067 5602 ξ
3086 5546 3196 5602 non;
3215 5539 3262 5602 ἦν
3281 5546 3366 5602 πρὸς
3400 5544 3460 5602 τὸ]
3485 5544 3584 5602 (ᾗκεν,

2006 5593 2233 5660 καῖ’θέὸςῆν
2259 5613 2278 5651 ὁ
2308 5593 2431 5661 asp},
2450 5602 2531 5647 ubi
2569 5612 2631 5661 ψν
2663 5610 2751 5661 eis.
2774 5593 2881 5643 cum
2900 5593 3102 5661 articulo
3123 5593 3311 5661 dicitur
3333 5594 3399 5661 de
3432 5600 3584 5661 ljatre,

2007 5678 2065 5714 mi
2077 5653 2229 5720 θιδέξ.
2253 5665 2289 5710 si
2298 5653 2577 5720 ne'articulo
2588 5659 2650 5706 de
2668 5658 2797 5704 Filio.
2819 5656 2949 5720 [uide
2965 5655 3238 5718 arguebant
3262 5654 3409 5713 impie
3427 5653 3589 5720 Ariani

2008 5712 2063 5773 ct
2084 5712 2310 5773 audituri
2337 5756 2350 5779 ,
2386 5719 2549 5768 Filium
2577 5733 2671 5766 non
2698 5731 2809 5765 esse
2834 5717 2990 5779 Deum
3015 5712 3140 5765 sicut
3161 5712 3368 5779 Patroni,
3396 5712 3482 5779 sed
3505 5728 3590 5758 nu—

2009 5800 2198 5841 unrcm,
2226 5797 2317 5831 nec
2341 5773 2545 5841 proprie
2566 5780 2725 5827 Deum
2756 5791 2765 5825 :
2793 5778 2920 5840 quod
2945 5777 3197 5826 contrariis
3223 5773 3465 5836 exetnplis
3488 5787 3590 5821 con:

2013 5850 2130 5897 l‘utut
2165 5850 2542 5907 l‘nrvt‘ontumus.
