4370 6306
639 280 697 336 Μ
882 324 899 346 ν,
1375 276 1430 333 S.
1470 274 1747 331 JO.\I\'NlS
1785 269 2267 336 CllRYSDS'IOMl
2306 268 2621 325 ARCHIEP.
2664 270 3198 330 CONSTAN'I'INOP.

644 397 912 464 prodeunt,
940 394 1021 453 vel
1039 408 1101 446 ex
1145 393 1262 447 adio
1313 400 1578 460 negantur.
1603 418 1676 429 -—
1696 388 1773 443 Ne
1804 390 1981 457 itaque
2024 384 2213 453 hujus-

640 485 778 538 modi
812 483 1170 537 maledictiom
1203 497 1299 533 nos
1322 479 1690 548 subjiciamus.
1724 478 1848 532 Ideo
1880 477 2022 543 venit
2050 476 2216 529 Filius

642 576 755 641 Dei,
782 584 837 628 ut
863 588 957 627 nos
983 573 1051 625 ab
1074 571 1177 625 hoc
1205 576 1352 625 cultu
1378 554 1627 633 erueret;
1674 569 1794 623 ideo
1818 568 1955 622 servi
1988 566 2213 620 formam

639 667 855 731 accipit,
880 673 936 716 ut
965 677 1063 716 nos
1082 661 1149 715 ab
1179 661 1268 714 illa
1290 661 1547 716 servitute
1577 659 1866 722 liberaret;
1898 658 2016 711 ideo
2046 656 2214 725 sputis

637 763 689 808 et
718 753 958 822 colaphis
1007 753 1410 819 dehonestatus,
1443 752 1572 809 ideo,
1593 760 1819 804 mortem
1853 750 2211 818 turpissimam

634 858 819 910 passus
844 851 946 896 est.
974 837 1072 906 Ne,
1091 857 1295 912 quaiso,
1321 842 1435 897 hate
1464 843 1644 907 omnia
1672 840 1877 894 inutilia
1905 840 2210 905 reddamus,

637 949 810 1004 neque
854 949 1070 999 rursum
1120 933 1186 988 ad
1240 934 1518 1002 pristinam
1551 932 1839 993 redeamus
1863 932 2210 1002 impietatem,

635 1026 743 1081 imo
774 1026 826 1079 in
858 1025 1015 1094 longe
1038 1026 1335 1094 graviorem
1365 1042 1377 1077 :
1420 1040 1525 1079 non
1554 1025 1696 1078 enim
1727 1024 1930 1093 ecquale
1954 1032 2036 1078 est
2064 1038 2214 1077 crea-

631 1127 803 1169 turam
826 1117 1020 1179 colere,
1037 1125 1089 1171 et
1112 1117 1281 1183 ipsmn
1301 1116 1612 1172 Creatorem
1624 1114 1688 1167 ad
1705 1124 2068 1169 creaturarum
2092 1113 2210 1167 vili-

637 1212 825 1269 tatem,
855 1216 1110 1273 quantum
1158 1206 1210 1259 in
1240 1206 1392 1264 nobis
1437 1214 1538 1269 est,
1570 1204 1893 1272 deprimere.
1936 1203 2067 1257 Nam
2100 1205 2212 1272 ipse

636 1303 812 1349 manet
850 1295 1022 1364 qualis
1060 1295 1274 1359 est,Tu
1308 1305 1476 1348 autem
1518 1294 1649 1347 idem
1697 1294 1806 1363 ipse
1840 1310 1912 1358 es,
1949 1293 2137 1362 inquit,
2167 1302 2212 1347 et

633 1386 758 1439 anni
788 1388 863 1439 tui
908 1402 1008 1440 non
1041 1386 1272 1454 deﬁcient
1320 1383 1491 1456 (Paul.
1536 1384 1655 1447 lOl.
1690 1385 1804 1454 28).
1837 1383 2212 1440 Gloriﬁcemus

638 1476 791 1541 igitur
818 1491 962 1539 eum,
988 1491 1121 1528 s't'ut
1150 1477 1455 1545 accepimus
1480 1491 1510 1528 a
1544 1476 1782 1545 patribus
1808 1493 1821 1531 :
1851 1476 2212 1546 gloriﬁcemus

632 1580 752 1620 eum
778 1577 833 1621 et
860 1567 965 1632 ﬁde
986 1576 1040 1621 et
1059 1567 1344 1637 cperibus,
1373 1566 1504 1619 nihil
1534 1567 1676 1619 enim
1706 1567 1864 1626 nobis
1890 1567 1955 1621 ad
1984 1568 2209 1620 salutem

632 1669 856 1725 |r05ttttt
882 1662 1128 1730 dogmata
1154 1660 1259 1728 pia,
1279 1661 1322 1712 si
1358 1660 1464 1712 vita
1481 1658 1551 1713 sit
1566 1670 1838 1727 corrupta.
1853 1658 2210 1725 Quamobrem

636 1755 781 1808 illam
800 1754 1184 1808 concinnemns
1203 1752 1269 1806 ad
1292 1753 1383 1807 Dei
1405 1753 1675 1821 placitum,
1691 1752 1839 1808 omni
1861 1751 2209 1821 turpitudine,

634 1847 912 1918 iniustitia,
947 1846 1165 1901 avaritia
1210 1846 1366 1915 longe
1412 1845 1618 1912 abacta,
1653 1852 1924 1914 tamquam
1976 1844 2212 1914 hospites

630 1948 687 1993 et
722 1938 962 2001 adventa,
994 1943 1052 1991 ct
1078 1952 1107 1990 a
1139 1936 1491 2006 prmscnlibus
1532 1937 1687 2007 longe
1710 1936 1890 1991 alieni.
1921 1937 1975 1992 Si
2001 1936 2211 1991 divitias

628 2027 749 2098 quis
775 2028 968 2081 multas
996 2027 1190 2082 habeat
1219 2035 1275 2081 et
1303 2026 1522 2096 prtcdia,
1551 2026 1630 2081 sic
1658 2026 1723 2082 iis
1749 2036 1949 2092 utatur,
1974 2036 2031 2080 ut
2061 2040 2212 2095 pere-

627 2117 813 2186 grinus
838 2117 928 2187 qui
974 2117 1132 2186 paulo
1183 2126 1302 2186 post
1332 2117 1457 2172 velit
1488 2117 1620 2171 nolit
1648 2116 1981 2172 discessurus
2021 2125 2124 2171 est.
2153 2117 2210 2170 Si

625 2208 744 2276 quis
758 2208 825 2261 ab
840 2209 946 2262 alio
965 2209 1150 2278 injuria
1169 2209 1325 2262 lassus
1342 2208 1441 2273 sit,
1456 2224 1523 2262 ne
1539 2208 1910 2262 immortaliter
1924 2208 2089 2262 iras-ca
2100 2216 2205 2273 tur,

630 2299 736 2350 imo
766 2314 832 2351 ne
872 2298 1050 2366 aliquo
1075 2297 1290 2367 quidem
1322 2308 1560 2366 tempore
1591 2316 1605 2349 :
1653 2312 1756 2350 non
1787 2297 1907 2367 plus
1936 2297 2077 2352 enim
2104 2313 2210 2351 uno

625 2385 714 2441 die
744 2386 897 2440 nobis
935 2387 1000 2439 ad
1033 2387 1165 2441 iram
1209 2387 1479 2441 concessit
1512 2387 1795 2455 Apostolus
1824 2404 1837 2440 :
1870 2386 1982 2452 Sol,
2016 2388 2205 2457 inquit,

624 2493 729 2530 non
757 2477 953 2530 ocridat
981 2494 1134 2545 super
1167 2477 1486 2534 iracundiam
1516 2488 1728 2533 vestram
1765 2477 1980 2550 (Ephes.
2011 2480 2070 2546 4.¹
2088 2478 2204 2550 26.).

624 2567 828 2637 Etjure
848 2568 1062 2637 quidem
1094 2587 1106 2622 :
1148 2568 1439 2637 optandum
1474 2570 1670 2639 quippe
1698 2578 1804 2635 est,
1828 2580 1883 2625 et
1909 2572 1992 2625 vix
2025 2572 2202 2625 caveri

623 2666 822 2724 potest,
852 2666 908 2711 nt
936 2673 1002 2710 ne
1030 2658 1083 2710 in
1133 2668 1236 2712 tam
1282 2659 1494 2715 modico
1541 2662 1866 2732 spatioquid
1918 2663 2203 2720 molestum

622 2746 846 2800 accidat.
873 2745 931 2801 Si
954 2756 1131 2801 autem
1159 2763 1263 2801 uox
1295 2751 1798 2819 nosapprehendat,
1819 2768 1905 2806 res
1932 2755 2205 2822 graviores

620 2839 876 2905 evadunt,
906 2840 1164 2893 memoria
1206 2840 1472 2910 ingentem
1502 2842 1655 2896 nobis
1674 2843 1867 2910 ‘ignem
1898 2845 2200 2915 colligente,

622 2929 887 2999 nobisque
908 2944 1006 2998 per
1050 2929 1307 3000 temporis
1352 2932 1582 3001 spatium
1632 2932 1749 2987 brae
1776 2935 2020 2989 acerbius
2049 2950 2202 2988 scru-

621 3020 875 3074 tantibus.
935 3022 1236 3091 Antequam
1265 3037 1395 3094 ergo
1423 3024 1588 3079 otimn
1639 3025 1940 3093 hnjnsmodi
1972 3041 2202 3095 occupe-

618 3125 759 3175 mus,
789 3120 843 3165 et
888 3111 1341 3166 vehementiorem
1398 3113 1755 3168 accendamus
1805 3132 2024 3186 rogum,
2053 3118 2203 3185 jubet

620 3200 824 3259 malum,
841 3210 1185 3270 praevertere,
1215 3210 1270 3257 et
1297 3202 1657 3273 exstinguere.
1679 3205 1980 3261 Vehemens
2004 3208 2201 3278 quippe

617 3300 702 3345 est
731 3292 822 3346 ira:
857 3301 1055 3356 motus,
1085 3294 1337 3363 omnique
1368 3295 1577 3349 flamma
1606 3299 1829 3352 acutius.
1860 3298 1983 3353 Ideo
2007 3301 2200 3356 celeri.

620 3392 727 3437 tate
757 3384 916 3438 multa
946 3385 1098 3439 nobis
1123 3396 1204 3440 est
1233 3401 1385 3455 opus,
1417 3399 1471 3439 ut
1493 3386 1759 3443 ﬂammam
1793 3403 2196 3460 prtevertamus,

620 3488 719 3528 nec
736 3475 975 3530 sinamus
998 3492 1299 3547 assurgere.
1325 3477 1424 3532 llic
1448 3478 1642 3547 quippe
1668 3482 1885 3535 morbus
1911 3483 2195 3536 multorum

615 3579 774 3619 rausa
804 3567 1064 3622 malorum
1095 3568 1344 3624 efﬁcitur.
1379 3570 1573 3624 Demos
1615 3573 1758 3626 euitn
1812 3582 1952 3629 totas
1980 3577 2193 3639 evertit,

615 3666 827 3711 veteres
873 3658 1035 3712 solvit
1072 3661 1506 3728 consuetudines,
1538 3677 1643 3716 non
1689 3666 2044 3722 consolabiles
2086 3677 2195 3722 tra-

613 3746 818 3815 goedias
846 3748 994 3802 brevi
1036 3762 1274 3819 tempore
1313 3767 1376 3806 ac
1423 3761 1695 3806 momento
1721 3756 1876 3823 parit.
1912 3757 2042 3811 Nam
2074 3758 2194 3812 Μο-

610 3851 834 3894 mentum
861 3843 1050 3912 furoris
1074 3843 1202 3914 ejus,
1233 3840 1385 3897 ruina
1406 3847 1518 3916 ejus
1556 3846 1742 3915 (Eccli.
1772 3849 1826 3902 1.
1853 3848 1970 3916 22),
2002 3850 2190 3919 inquit.

610 3929 688 3985 Ne
717 3930 893 4001 itaque
933 3932 1098 3987 feram
1146 3934 1282 3990 hanc
1328 3936 1444 3991 sine
1493 3937 1644 3993 freno
1692 3939 1955 4005 sinamus,
1978 3941 2070 3995 sed
2101 3957 2193 3996 ca-

610 4037 755 4075 nnnu
785 4023 882 4092 ipsi
908 4024 1140 4095 undique
1170 4026 1539 4093 fortissimum,
1563 4029 1722 4085 futttri
1749 4031 1932 4101 judicii
1966 4044 2187 4101 metum,

611 4116 923 4185 iujiciamus.
951 4115 1083 4172 Cum
1109 4130 1159 4173 te
1187 4122 1391 4176 amicus
1411 4122 1631 4189 kcsuit,
1650 4136 1740 4190 aut
1766 4127 2039 4181 familiaris
2060 4110 2187 4183 eon-

610 4210 877 4274 citaverit,
910 4212 1084 4281 cogita
1132 4223 1329 4283 quanta
1379 4230 1505 4285 erga
1557 4215 1724 4271 Deum
1780 4220 2110 4287 peccaveris,
2136 4227 2192 4273 et

611 4301 883 4371 perpende
914 4313 966 4356 te
996 4304 1039 4357 si
1071 4304 1400 4360 moderatius
1428 4322 1549 4361 cum
1577 4307 1668 4361 illo
1697 4323 1845 4378 agas,
1890 4310 2071 4365 mitius
2095 4310 2189 4364 tibi

599 4392 857 4461 judicium
885 4394 1389 4451 illudconstituere.
1408 4397 1542 4452 Nam
1568 4400 1662 4464 ait,
1695 4398 1921 4468 Dimitte,
1944 4412 1993 4453 et
2018 4403 2189 4455 dimit-

604 4492 735 4534 tetur
760 4483 896 4536 vobis
924 4483 1074 4552 (an.
1111 4484 1165 4539 6.
1196 4487 1324 4556 57);
1371 4488 1658 4555 statimque
1684 4490 1903 4542 morbus
1929 4492 2185 4556 aufugiet.

602 4572 683 4625 Ad
711 4571 824 4626 haec
850 4572 1158 4627 consideres
1184 4576 1367 4639 velim,
1399 4592 1523 4629 num
1558 4577 1843 4646 aliquando
1874 4580 1924 4632 in
1954 4579 2185 4635 furorem

604 4670 775 4724 actus,
813 4671 864 4715 te
888 4663 1253 4727 contitmeris;
1287 4674 1340 4720 et
1366 4681 1491 4718 num
1518 4667 1805 4735 aliquando
1834 4670 1994 4724 etiam
2021 4671 2089 4725 ab
2111 4673 2185 4725 ira

600 4754 855 4821 abreptus
899 4752 1103 4809 fueris:
1139 4766 1484 4825 utrorumque
1521 4760 1918 4827 comparatione
1975 4770 2183 4832 tempo-

602 4860 742 4908 rum,
772 4845 838 4899 ad
869 4845 1296 4901 emendationem
1349 4847 1503 4902 valde
1547 4848 1835 4917 jnvaberis.
1891 4852 1986 4908 Dic
2040 4856 2180 4909 enim

600 4938 751 4999 mihi,
782 4937 1120 5006 quandunam
1154 4942 1378 5008 teipsum
1407 4939 1654 5005 laudasti,
1677 4956 1797 4997 cum
1825 4944 1893 4998 ab
1916 4945 1991 4999 ira
2022 4962 2181 5015 snpe-

597 5040 745 5083 ratus
774 5045 853 5094 es,
878 5045 945 5083 an
972 5046 1092 5083 cum
1124 5031 1424 5099 superasti?
1465 5032 1655 5085 Annon
1680 5048 1799 5087 cum
1828 5036 2057 5103 primum
2090 5053 2178 5090 ac-

595 5122 745 5185 cidit,
772 5138 867 5175 nos
895 5122 1240 5177 vehementer
1260 5123 1584 5189 incusamus,
1602 5125 1989 5192 erubescimus,
2012 5129 2174 5184 etiam

598 5210 815 5265 nemine
842 5221 1119 5280 arguente,
1146 5227 1209 5267 ac
1255 5215 1418 5267 multa
1454 5229 1552 5269 nos
1578 5227 1630 5270 et
1659 5217 1943 5273 verborum
1990 5228 2045 5274 et
2083 5236 2178 5290 ge-

596 5314 795 5358 storum
845 5304 988 5358 subit
1034 5307 1380 5375 penitentia?
1430 5322 1551 5362 cum
1596 5318 1774 5364 autem
1820 5326 2170 5379 superamus,

590 5395 902 5459 gaudemus.
953 5404 1008 5449 et
1056 5399 1205 5467 quasi
1253 5399 1484 5454 victores
1528 5401 1895 5457 exsultamus?
1940 5403 2169 5459 Victoria

589 5486 731 5539 enim
780 5495 968 5540 contra
1004 5486 1134 5541 iram
1166 5499 1268 5554 est,
1298 5505 1403 5545 non
1434 5505 1553 5545 cum
1605 5505 1701 5561 par
1731 5492 1843 5561 pari
1889 5492 2171 5549 referimus

589 5576 737 5645 (lucc
778 5576 975 5645 quippe
1021 5587 1258 5633 extrema
1310 5580 1488 5636 clades
1536 5582 1674 5652 est),
1705 5581 1799 5637 sed
1845 5596 1968 5637 cum
2016 5599 2170 5653 aequo

593 5669 768 5723 animo
797 5671 975 5723 omnia
1019 5671 1247 5741 patimur
1276 5682 1330 5727 et
1371 5673 1633 5730 audimus.
1686 5675 1797 5731 lloe
1840 5675 2035 5746 quippe
2084 5687 2171 5737 est

2329 384 2659 449 superiorem
2691 401 2832 453 esse,
2862 403 2966 442 non
3015 391 3151 442 mala
3200 387 3420 457 inferre,
3448 390 3547 446 sed
3590 392 3725 446 mala
3770 395 3914 461 pati.

2326 470 2456 527 Cum
2505 475 2751 531 irasceris
2798 479 2976 549 igitur,
3022 495 3090 534 ne
3139 479 3329 535 dicas:
3373 481 3601 537 Prorsus
3651 483 3914 539 obsistam

2324 578 2444 633 ego,
2476 580 2695 634 prorsus
2723 568 2917 622 irruam
2950 571 3001 625 in
3032 570 3179 626 illmn
3208 589 3221 624 :
3264 587 3437 643 neque
3477 573 3819 629 monentibus
3856 585 3918 629 ut

2324 656 2455 709 iram
2487 657 2740 714 cohibens
2771 661 2971 715 dixeris
3004 680 3017 716 :
3062 662 3177 716 Non
3219 663 3393 731 patiar
3418 673 3475 717 ut
3505 672 3784 734 postquam
3823 666 3915 721 ille

2323 745 2455 803 mihi
2486 747 2733 812 illuserit,
2762 749 2978 819 impune
3000 751 3175 811 abeat.
3209 750 3392 820 Neque
3421 754 3565 809 enim
3595 762 3649 807 te
3676 769 3913 822 unquam

2324 837 2584 901 irridebit,
2619 839 2726 892 nisi
2747 840 2961 908 quando
2987 841 3053 896 ad
3081 841 3373 895 vindictam
3396 851 3445 896 te
3470 842 3796 897 contuleris:
3826 844 3910 896 sin

2323 934 2375 981 te
2403 928 2713 996 quiescente
2762 930 3021 997 irriserit,
3054 940 3113 985 ut
3141 931 3337 986 stultus
3382 931 3434 985 id
3483 940 3620 1002 aget.
3658 932 3738 986 Tu
3780 947 3914 987 vero

2321 1030 2441 1071 cum
2474 1018 2684 1082 viceris,
2707 1035 2774 1074 ne
2802 1035 3007 1090 quaeras
3037 1022 3261 1091 gloriam
3291 1035 3319 1074 a
3348 1023 3546 1088 stultis,
3568 1023 3661 1076 sed
3689 1038 3751 1078 ea
3780 1038 3913 1077 con-

2322 1116 2501 1161 tentus
2525 1119 2658 1172 esto,
2692 1125 2850 1178 quam
2875 1126 2902 1163 a
2932 1112 3262 1179 sapientibus
3293 1113 3615 1181 assequeris.
3648 1113 3758 1165 lmu
3781 1129 3910 1166 vero

2320 1212 2416 1251 cur
2446 1199 2539 1252 tibi
2597 1214 2821 1268 parvum
2865 1201 2991 1255 illud
3041 1217 3104 1256 ac
3156 1202 3262 1256 vile
3315 1202 3578 1257 theatrum
3631 1203 3910 1267 hominum

2319 1290 2627 1345 constituo?
2655 1289 2734 1343 Ad
2763 1290 2928 1344 Deum
2957 1292 3134 1345 statim
3161 1292 3392 1362 respice,
3423 1303 3477 1346 et
3504 1292 3618 1360 ipse
3649 1302 3698 1347 te
3726 1294 3910 1347 lauda-

2319 1377 2395 1436 bit
2421 1395 2434 1428 :
2465 1394 2581 1447 quo.
2599 1379 2848 1440 laudante
2874 1395 3033 1436 nemo
3062 1380 3222 1436 debet
3250 1381 3317 1438 ab
3349 1383 3655 1437 hominibus
3679 1384 3906 1454 gloriam

2318 1484 2578 1537 qumrcre.
2609 1469 2896 1527 Hominum
2926 1472 3120 1541 quippe
3147 1472 3332 1529 laudes
3373 1473 3687 1545 plerumque
3725 1477 3809 1531 vel
3841 1492 3906 1531 ex

2318 1560 2486 1628 gratia
2518 1559 2801 1628 prodeunt,
2825 1565 2906 1615 vel
2936 1577 3003 1621 ex
3026 1562 3150 1615 odio
3181 1574 3479 1633 negantur;L
3506 1564 3744 1635 nihilque
3775 1567 3906 1622 lucri

2319 1647 2575 1703 alierum:
2606 1650 2697 1704 Dei
2725 1666 2852 1706 vero
2875 1651 3139 1721 judicium
3157 1652 3257 1707 hac
3290 1653 3702 1724 inmquabilitate
3729 1666 3905 1723 vacat,

2323 1740 2650 1809 multamque
2674 1741 2891 1799 laudato.
2909 1741 3067 1797 aﬁ‘ert
3105 1743 3407 1803 utilitatem.
3438 1745 3587 1809 Hanc
3608 1747 3766 1816 igitur
3789 1748 3905 1811 lau-

2319 1829 2440 1887 dem
2474 1845 2782 1899 sequamur.

2388 1922 2440 1976 5.
2472 1920 2556 1975 Ea:
2571 1922 2803 1976 iracundi
2826 1924 3062 1993 imagine,
3092 1936 3334 1995 quantum
3366 1928 3556 1981 malum
3582 1929 3645 1983 sit
3673 1931 3752 1983 ira
3784 1947 3903 1997 pro-

2316 2009 2482 2064 batur.
2515 2010 2705 2066 Contra
2732 2029 2815 2068 cos
2843 2015 2931 2084 qui
2957 2016 3298 2085 superstitiose
3342 2026 3568 2086 tempora
3618 2018 3910 2083 observant.

2314 2101 2572 2158 -—Visne
2597 2102 2805 2159 discere
2835 2116 3090 2174 quantum
3136 2107 3206 2161 sit
3252 2108 3449 2163 malum
3502 2110 3616 2164 ira?
3658 2110 3906 2167 Pmsens

2315 2201 2433 2246 esto
2461 2191 2586 2247 dum
2618 2194 2705 2248 alii
2732 2195 2976 2250 rixantur
3012 2196 3062 2250 in
3094 2195 3234 2253 foro.
3266 2198 3451 2269 Neque
3476 2202 3619 2259 enim
3651 2202 3701 2255 in
3733 2204 3906 2272 leipsp

2318 2283 2695 2351 turpitudinem
2748 2285 2892 2341 illam
2938 2295 3043 2341 tam
3091 2288 3246 2344 facile
3279 2289 3687 2360 deprehendes,
3722 2297 3905 2348 animo

2317 2388 2510 2442 nempe
2542 2381 2670 2431 tunc
2696 2376 2930 2430 tenebris
2955 2385 3016 2442 et
3041 2378 3300 2436 ebrietate
3338 2380 3623 2447 obvoluto;
3655 2384 3748 2437 sed
3780 2399 3901 2439 cum

2315 2464 2392 2524 ira
2419 2479 2617 2519 vacuus
2642 2483 2702 2522 cs
2723 2508 2737 2534 ,
2763 2477 2888 2531 tunc
2918 2469 2968 2522 iu
2998 2469 3117 2535 aliis
3147 2483 3230 2524 tua
3258 2474 3658 2542 contemplare;
3687 2476 3903 2544 quando

2308 2555 2566 2625 judicium
2594 2566 2753 2618 tuum
2772 2572 3082 2630 corruptum
3116 2577 3219 2617 non
3246 2572 3347 2618 est.
3380 2563 3512 2621 Vide
3535 2566 3662 2619 mihi
3688 2567 3897 2622 turbam

2312 2647 2791 2713 circumﬂuentem,
2834 2658 2888 2707 et
2932 2652 3118 2717 iratos,
3165 2668 3229 2707 ac
3264 2654 3319 2711 si.
3338 2654 3595 2721 furerent,
3644 2656 3694 2710 in
3726 2659 3905 2713 medio.

2314 2740 2541 2808 turpiter
2574 2749 2814 2810 agentes.
2836 2742 2969 2797 Cum
2996 2744 3137 2797 enim
3164 2745 3240 2798 ira
3269 2746 3321 2799 in
3352 2756 3568 2814 pectore
3598 2746 3897 2805 ell'ervi-scit

2311 2842 2364 2882 et
2394 2829 2678 2898 efferatur,
2707 2848 2768 2888 os
2793 2834 2967 2904 ignem
2996 2836 3192 2905 spirat,
3225 2838 3365 2892 oculi
3403 2838 3578 2908 ignem
3609 2840 3857 2894 emittunt
3880 2884 3901 2911 ,ν

2313 2919 2526 2974 inﬂatur
2555 2922 2787 2992 undique
2831 2925 3032 2988 vultus,
3077 2926 3431 2997 incomposite
3467 2944 3656 2984 manus
3685 2930 3896 2999 jactan-

2314 3021 2418 3080 tur,
2451 3013 2674 3069 ridicule
2704 3016 2876 3084 pedes.
2898 3018 3183 3085 exsiliunt,
3219 3030 3271 3073 et
3302 3020 3561 3075 insultant
3587 3022 3733 3079 litetn
3764 3024 3895 3079 diri-

2310 3118 2459 3158 mere
2496 3106 2843 3172 conantibus;
2889 3107 3019 3171 nihil
3049 3109 3168 3162 irati
3197 3109 3458 3173 dilferunt
3494 3127 3524 3165 a
3555 3112 3857 3173 hirentibns
3879 3159 3891 3176 .

2307 3209 2429 3250 cum
2463 3195 2576 3250 lucc
2605 3198 2782 3257 omnia
2827 3199 2973 3258 nullo
3018 3201 3224 3269 praediti
3271 3217 3432 3257 sensu
3463 3214 3758 3274 peragunt;
3792 3206 3896 3259 into

2309 3305 2376 3343 ne
2400 3290 2469 3344 ab
2493 3291 2658 3346 asinis
2682 3292 2999 3361 agrestibus,
3023 3294 3382 3360 calcitrantes,
3407 3296 3735 3353 mordentes.
3758 3298 3895 3355 Sane

2307 3380 2389 3433 vir
2417 3381 2703 3436 iracundus
2728 3381 2969 3437 modeste
2995 3398 3157 3452 agere
3186 3384 3374 3439 nescit.
3404 3385 3604 3440 Deinde
3626 3395 3748 3455 post
3774 3396 3891 3441 tau-

2308 3481 2417 3526 tum
2458 3472 2745 3527 excitatum
2771 3474 2969 3541 risum,
3003 3475 3089 3529 ubi
3117 3475 3334 3530 domum
3377 3476 3666 3542 redierint,
3718 3478 3784 3531 ad
3836 3493 3893 3535 se

2305 3564 2510 3618 rewrsi
2533 3604 2547 3628 ,
2577 3562 2765 3619 dolore
2790 3564 2946 3619 simul
2974 3580 3037 3619 ac
3066 3578 3209 3620 metu
3236 3567 3505 3635 agitantur
3528 3585 3543 3632 ;
3568 3568 3750 3622 animo
3777 3572 3891 3623 vol-

2301 3669 2529 3726 ventes,
2569 3658 2785 3728 quinam
2835 3659 2964 3712 rixze
2993 3668 3287 3728 prtesentes
3331 3658 3550 3714 fuerint.
3600 3660 3899 3732 Postquam,

2301 3751 2443 3804 enim
2471 3765 2567 3805 ceu
2598 3749 2835 3805 furentes
2861 3751 2927 3805 de
2953 3745 3317 3820 spectantibus
3343 3753 3471 3807 nihil
3501 3753 3887 3823 cogitaverant,

2300 3841 2676 3909 resipiscentes
2725 3850 2914 3909 postea.
2955 3857 3134 3896 secum
3185 3853 3469 3913 reputant,
3521 3861 3647 3899 num
3692 3846 3885 3907 amici,

2302 3948 2428 3989 num
2460 3932 2667 3986 inimici
2684 3942 3015 4001 spectatores
3045 3933 3261 3991 fuerint.
3289 3935 3421 3990 Nam
3454 3937 3673 4005 perinde
3705 3947 3879 3992 utros~

2300 4038 2405 4092 que
2437 4031 2717 4088 metuunt;
2751 4023 2871 4077 illos
2891 4065 2906 4089 ,
2950 4034 3007 4078 ut
3032 4040 3091 4079 se
3129 4025 3495 4094 improbantes
3525 4028 3886 4099 majoremqne

2299 4114 2588 4169 inferentes
2614 4115 2900 4184 pudorem;
2934 4115 3064 4183 hos,
3099 4126 3157 4170 ut
3183 4118 3250 4171 de
3275 4134 3381 4173 sua.
3402 4120 3732 4188 turpitudine
3759 4137 3885 4192 gau-

2295 4210 2505 4264 dentes.
2539 4209 2688 4276 Quod
2734 4211 2777 4263 si
2823 4210 2889 4264 ad
2934 4212 3114 4279 plagas
3143 4227 3313 4281 usque
3359 4222 3570 4267 mutuas
3613 4213 3725 4268 rixa
3756 4229 3883 4284 pro-

2297 4301 2517 4369 ruperit,
2554 4310 2663 4354 tum
2695 4309 2872 4355 metus
2899 4303 3132 4371 gravior,
3164 4318 3241 4357 ne.
3262 4302 3394 4371 quid.
3418 4301 3656 4358 deterius
3683 4304 3876 4359 verbe-

2293 4400 2409 4447 rato
2436 4393 2675 4457 accidat,
2725 4407 2794 4447 ne
2838 4393 3169 4462 subsequens
3201 4393 3363 4448 febris
3391 4403 3617 4449 mortem
3649 4395 3875 4461 inferat,

2292 4482 2377 4537 vel
2418 4490 2595 4536 tumor
2640 4493 2825 4536 curato
2868 4484 3099 4538 difficilis
3141 4484 3192 4537 in
3238 4495 3536 4539 extremum
3584 4486 3877 4556 periculum

2296 4573 2564 4641 conjiciat.
2607 4573 2744 4640 Quid
2790 4575 2933 4628 enim
2985 4575 3113 4628 mei
3166 4590 3336 4646 pugna
3390 4591 3525 4644 opus
3569 4578 3725 4630 erat?
3752 4578 3875 4646 quid

2292 4665 2629 4719 Contumeliis
2654 4675 2709 4720 et
2730 4667 2900 4721 rixis?
2931 4676 3150 4737 pereant
3183 4677 3236 4721 et
3263 4668 3375 4722 haec
3402 4679 3457 4721 et
3482 4668 3593 4721 illa.
3624 4668 3875 4739 Tuncque

2291 4755 2540 4811 omnibus
2569 4755 2718 4811 hisce
2746 4757 2902 4811 fluxis
2930 4757 3091 4812 rebus
3133 4758 3490 4822 maledicunt,
3521 4773 3641 4828 quae
3668 4759 3871 4813 rixandi

2287 4864 2445 4905 causa
2476 4849 2641 4905 fuere.
2675 4850 3076 4919 lnsipientiores
3116 4865 3246 4905 vero
3279 4859 3336 4905 et
3379 4850 3637 4917 malignos
3668 4850 3870 4906 damno-

2287 4957 2416 5007 nas,
2459 4950 2513 4995 et
2553 4941 2739 4995 horam
2789 4950 3104 5011 tempusque
3133 4942 3506 4996 criminantur.
3544 4942 3737 4996 Verum
3765 4958 3868 4996 non

2290 5033 2419 5086 hora
2451 5032 2588 5087 mala
2633 5032 2684 5085 in
2726 5047 2886 5087 causa
2930 5040 3044 5098 est;
3097 5033 3240 5086 nulla
3283 5033 3478 5102 quippe
3523 5032 3654 5086 hora
3687 5034 3865 5087 mala:

2283 5141 2456 5194 neque
2477 5124 2591 5179 lucc
2627 5139 2658 5179 a
2684 5125 2918 5195 maligno
2947 5125 3192 5180 daemone
3217 5127 3649 5196 proﬁciscuntur,
3677 5127 3770 5180 Sed
3798 5143 3866 5181 ex

2282 5216 2516 5287 nequitia
2568 5216 2872 5271 rixantium.
2908 5215 2973 5269 Hi
3016 5231 3244 5286 namque
3287 5228 3341 5271 et
3379 5218 3651 5271 dmmonas
3697 5228 3866 5273 attra-

2280 5309 2435 5376 bunt,
2463 5316 2521 5364 et
2547 5308 2649 5363 sibi
2681 5309 2811 5378 ipsis
2840 5308 2977 5363 mala
3009 5308 3260 5364 inferunt.
3288 5308 3394 5362 Sed
3421 5323 3514 5362 cor
3535 5308 3862 5375 intumescit,

2279 5402 2485 5471 inquies
2508 5443 2523 5468 ,
2556 5411 2610 5456 et
2636 5414 2664 5453 a
2693 5401 3035 5455 contumeliis
3062 5399 3374 5454 mordetur?
3398 5398 3452 5452 Id
3483 5406 3537 5451 et
3561 5413 3660 5467 ego
3689 5401 3810 5451 novi
3844 5418 3859 5455 :

2279 5494 2504 5564 ideoque
2531 5492 2699 5547 miror
2724 5507 2817 5547 eos
2846 5494 2935 5562 qui
2981 5491 3176 5545 malam
3209 5489 3347 5544 hanc
3390 5487 3554 5543 feram
3583 5500 3860 5545 coercent.

2276 5586 2333 5639 Si
2365 5586 2507 5641 enim
2549 5585 2773 5638 velimus
2796 5625 2812 5651 ,
2843 5592 3126 5654 possumus
3153 5582 3393 5637 morbum
3425 5580 3714 5649 depellere.
3750 5580 3859 5635 Cur

2277 5679 2421 5737 cnint
2444 5692 2562 5731 cum
2595 5675 2859 5746 principes
2887 5676 2983 5730 viri
3009 5691 3104 5728 nos
3131 5673 3454 5732 centinnclia
3487 5668 3728 5727 afﬁciunt
3757 5709 3772 5734 ,
3804 5671 3857 5726 id

3847 274 3921 333 hi
