4370 6306
631 290 707 347 £3
1335 284 1394 339 S.
1431 282 1717 339 JOANMS
1752 281 2233 339 CHRYSOSTOMI
2272 283 2588 341 ARCHIEP.
2619 285 3168 343 CONSTANTINOP.
3819 293 3892 350 54

634 408 806 472 ἐστιν,
839 406 918 459 ὅτι
950 407 1043 459 καὶ
1064 406 1220 475 νικᾷν
1247 400 1493 474 οἰόμεθα,
1516 401 1616 469 τὴν
1651 399 1888 469 ἐσχάτην
1912 392 2083 469 ἧτταν
2112 399 2208 467 ἡτ-

628 491 864 561 τώμενοι
895 490 988 544 καὶ
1024 489 1269 559 κείμενοι
1323 486 1501 550 κάτω,
1548 483 1647 537 καί¹
1693 482 1895 552 μυρίας
1927 481 2209 550 δεχόμενοι

632 572 843 642 πληγὰς
878 571 1030 640 παρὰ
1059 570 1156 625 τοῦ
1202 568 1481 632 διαῦόλου,
1520 567 1743 635 κρατεῖν
1788 562 1959 616 αὑτοῦ
1990 562 2207 633 νομίζο-

633 672 753 723 μεν.
777 655 887 721 Διὸ,
925 651 1253 725 παρακαλῶ,
1282 650 1545 721 μάθωμεν
1565 646 1649 709 τίς
1680 646 1779 715 τῆς
1810 646 1967 714 νίκης
2005 644 2211 725 ταύτης

628 722 901 809 ότρόπος,
928 722 1025 791 καί.
1053 734 1213 788 τοῦτο
1252 731 1526 802 μετίωμεν
1550 726 1644 780 τοῦ
1677 727 1879 798 τρόπου
1922 728 1985 780 τὸ
2032 722 2209 809 εἶδος.

626 807 836 889 Τόήγάρ
874 818 1068 873 παθεῖν
1099 812 1304 875 κακῶς,
1353 811 1512 867 τοῦτό
1545 811 1661 864 ἐστι
1698 809 1761 862 τὸ
1791 807 2203 876 στεφανοῦσθαι.

628 899 690 952 Εἰ
717 900 901 953 τοίνυν
942 895 1243 968 βουλόμεθα
1277 895 1370 946 καὶ
1425 894 1585 962 ἡμεῖς
1635 890 2014 963 ἀναρρηθῆναι
2056 889 2207 960 παρὰ

625 982 720 1036 τοῦ
754 981 914 1045 Θεοῦ,
953 980 1030 1050 μὴ
1074 979 1171 1033 τὸν
1223 976 1331 1030 τῶν
1383 974 1583 1041 ἔξωθεν
1630 973 1877 1041 ἀγώνων,
1930 971 2066 1025 ἀλλά
2114 972 2207 1023 τὸν

628 1063 778 1134 παρά
806 1063 901 1117 τοῦ
935 1061 1071 1119 Θεοῦ
1113 1061 1277 1131 νόμον
1337 1058 1699 1127 φυλάττωμεν
1744 1057 1804 1109 ἐν
1845 1057 1958 1117 τοῖς
2018 1053 2209 1109 παλαίν

2309 416 2477 483 σμασι
2507 400 2735 483 τούτοις,
2759 401 2854 454 καὶ
2876 402 2938 454 τὸ
2958 414 2984 443 ι
3016 404 3194 458 πάντα
3218 405 3407 477 φέρειν
3440 409 3578 477 μετά
3613 411 3897 483 μακροθυ-

2310 482 2462 545 μίας.
2492 481 2651 535 υῦτω
2685 484 2792 554 7&9
2824 483 2919 539 καὶ
2947 483 3055 537 τῶν
3087 485 3425 540 παλαιόντων
3455 481 3893 564 περιγινώμεθα,

2308 563 2531 646 καὶτῶν
2551 565 2807 631 ἐνταῦθα,
2832 566 3059 621 καὶτῶν
3087 569 3516 640 ἐπηγγελμένων
3540 563 3896 646 ἐπιτύχωμεν

2307 645 2550 713 ἀγαθῶν,
2577 647 2760 720 χάριτι
2795 649 2889 701 καὶ
2927 648 3308 727 φιλανθρωπίᾳ
3333 651 3425 705 τοῦ
3471 654 3680 726 Κυρίου
3723 645 3886 727 ἡμῶν

2320 727 2495 799 Ἰησοῦ
2516 729 2778 800 Χριστοῦ,
2800 729 2866 783 δι’
2895 725 2956 785 οῦ
2979 732 3075 784 καὶ
3101 732 3220 802 μεθ’
3242 730 3303 786 οῦ
3331 732 3410 804 τῷ
3426 725 3624 806 Πατρί,
3657 725 3776 807 ἅμα
3805 739 3890 809 τῷ

2312 810 2454 880 ἁγίῳ
2511 811 2812 882 Πνεύματι.
2851 812 2999 878 δόξα,
3054 814 3277 885 κράτος,
3314 816 3470 887 τιμὴ,
3512 817 3613 872 νῦν
3643 821 3739 874 καὶ
3779 822 3890 886 ἀεὶ,

2312 894 2405 946 καί
2438 896 2516 958 εἰς
2544 897 2671 959 τοὺς
2693 895 2897 958 αἰῶνας
2928 896 3037 948 τῶν
3059 896 3291 952 αἰώνων.
3328 900 3521 971 ’Δμήν.

2377 1064 2402 1092 ⁸
2429 1063 2509 1111 Sic
2538 1063 2688 1112 Savil.
2725 1067 2777 1113 cl
2800 1077 2913 1113 mss.
2936 1064 3153 1126 quidam,
3176 1066 3345 1117 Morel.
3371 1070 3452 1117 καὶ
3471 1072 3557 1133 τῷ.

2055 1436 2300 1491 OMIAIA
2333 1435 2407 1490 Εἴ

628 1560 833 1616 Πάντα
855 1559 931 1615 δι’
952 1561 1138 1615 αὐτοῦ
1164 1560 1422 1628 ἐγένετο,
1445 1559 1542 1613 καὶ
1566 1558 1745 1627 χωρὶς
1764 1556 1952 1610 αὐτοῦ
1971 1553 2208 1624 ἐγένετο

1121 1630 1265 1683 οὐδὲ
1296 1630 1365 1683 ἒν
1388 1629 1419 1682 ὃ
1450 1628 1715 1699 γέγονεν.

696 1724 765 1779 αέ.
801 1724 1042 1794 Μωῦσῆς
1076 1728 1177 1793 μὲν
1219 1723 1520 1794 ἀρχόμενος
1557 1722 1658 1791 τῆς
1702 1720 1939 1791 ἱστορίας
1980 1720 2073 1772 καὶ
2109 1717 2209 1785 τῆς

626 1806 951 1877 συγγραφῆς
976 1806 1074 1876 τῆς
1090 1807 1147 1859 ἐν
1165 1809 1233 1878 τῇ
1252 1805 1484 1876 Παλαιᾷ,
1518 1806 1646 1875 περὶ
1666 1803 1771 1856 τῶν
1788 1800 2063 1871 αἰσθητῶν
2078 1800 2209 1869 ἡμῖν

625 1890 956 1956 διαλέγεται,
978 1888 1071 1941 καὶ
1100 1887 1270 1941 ταῦτα
1296 1887 1689 1958 ἀπαριθμεῖται
1713 1885 1801 1939 διὰ
1826 1882 2035 1936 πολλῶν
2058 1897 2071 1910 ·
2108 1881 2211 1936 Ἐν

625 1971 787 2042 ἀρχῇ
815 1971 944 2042 7&9,
992 1971 1181 2041 φησὶν,
1212 1970 1507 2037 ἐποίησεν
1542 1971 1575 2023 ό
1607 1967 1755 2033 Θεὸς
1795 1967 1903 2019 τὸν
1951 1964 2210 2032 οὐρανὸν

625 2054 729 2109 καί
778 2053 894 2122 τὴν
933 2051 1085 2124 γῆν·
1122 2049 1243 2107 εἶτα
1295 2052 1493 2120 ἐπάγει
1547 2052 1631 2104 ὅτι
1671 2050 1765 2103 καὶ
1810 2051 1925 2117 φῶς
1968 2048 2205 2115 ἐγένετο,

624 2137 723 2194 καὶ
756 2135 1007 2207 δεύτερος
1028 2136 1277 2206 οὐρανὸς,
1314 2135 1409 2187 καὶ
1447 2135 1693 2204 ἀστέρων
1719 2132 1900 2202 φύσις,
1934 2131 2030 2182 καλ⁸
2073 2147 2207 2182 παν-

624 2217 836 2277 τοδαπά
866 2220 999 2289 γένη
1032 2218 1208 2282 ζώων,
1229 2218 1325 2271 καὶ
1350 2217 1419 2270 τά
1437 2216 1571 2270 ἀλλα
1597 2218 1794 2278 πάντα,
1844 2214 1931 2265 ἵνα
1970 2213 2043 2284 μὴ
2085 2213 2206 2265 καθ’

624 2302 855 2356 ἕκαστον
883 2299 1190 2364 ἐπεξιόντες
1212 2298 1593 2369 παρέλκωμεν.
1645 2298 1703 2349 Ὀ
1729 2297 1786 2350 δέ
1814 2295 2207 2364 εὐαγγελιστὴς

624 2378 807 2447 οὗτος,
832 2382 1052 2436 ἅπαντα
1083 2380 1385 2451 συντεμὼν,
1416 2381 1475 2433 ἐν
1515 2380 1718 2450 ῥήματι
1754 2376 2149 2454 περιλαμϐάνει
2176 2388 2203 2415 ιι

624 2464 810 2523 ἐκεῖνά
843 2482 902 2519 τε
925 2465 1019 2523 καὶ
1045 2464 1115 2518 τά
1144 2465 1367 2517 ἐκείνων
1390 2461 1639 2534 ἀνώτερα
1664 2479 1677 2492 ·
1708 2462 1953 2528 εἰκότως,
1987 2459 2081 2514 ἅτε
2110 2462 2207 2512 καὶ

623 2548 880 2620 γνώριμα
911 2547 1039 2601 ὂντα
1054 2549 1169 2609 τοῖς
1195 2545 1478 2606 ἀκούουσι.
1518 2546 1615 2599 καί
1656 2546 1749 2597 ἐπὶ
1787 2542 2012 2614 μείζονα
2047 2543 2203 2595 ἐπει-

623 2632 855 2702 γόμενος
875 2629 1152 2693 ὑπόθεσιν,
1185 2630 1278 2682 καὶ
1310 2630 1489 2683 πᾶσαν
1541 2628 1641 2700 τὴν
1686 2627 2073 2699 πραγματείαν
2116 2628 2201 2679 ἐν·

624 2713 986 2784 στησάμενος,
1009 2713 1071 2766 ού
1112 2711 1370 2784 περὶτῶν
1404 2712 1601 2783 ἔργων,
1639 2711 1782 2765 ἀλλὰ·
1804 2712 1933 2781 περὶ
1968 2710 2061 2763 τοῦ
2091 2713 2199 2780 Δη-

628 2795 894 2868 μιουργοῦ
926 2795 1022 2849 καὶ
1060 2794 1237 2848 πάντα
1271 2796 1684 2868 παραγαγόντος
1713 2796 1740 2834 ιτ
1776 2788 1971 2849 εἰπεῖν.
2001 2793 2101 2847 Διά
2118 2811 2199 2846 τοι

623 2877 785 2933 τοῦτο
811 2879 1017 2942 ἐκεῖνος
1048 2878 1170 2948 μὲν,
1208 2877 1386 2932 καίτοι
1420 2894 1486 2946 γε
1527 2877 1589 2929 τὸ
1628 2877 1850 2931 ἔλαττον
1897 2876 2062 2948 μέρος
2102 2877 2203 2944 τῆς

2311 1553 2464 1617 Θεὸν,
2490 1556 2587 1608 καί
2620 1556 2785 1625 ζωὴν,
2832 1557 2927 1610 καὶ
2973 1556 3089 1627 φῶς
3137 1557 3413 1628 ὀνομάζει.
3464 1560 3586 1630 Ζωὴ
3627 1560 3738 1630 7&9
3798 1557 3886 1631 ἦν,

2310 1646 2495 1714 φησὶν,
2536 1648 2758 1716 ὁΛόγος
2795 1644 2973 1714 οὗτος,
2999 1649 3096 1703 καὶ
3139 1651 3173 1719 ὴ
3213 1648 3328 1721 ζωὴ
3364 1648 3504 1721 αῦτη
3539 1652 3657 1722 φῶς
3700 1648 3790 1723 ἦν.
3828 1655 3891 1708 Εἰ

2307 1734 2487 1787 τοίνυν
2520 1736 2548 1787 6
2577 1734 2749 1804 Λόγος
2781 1738 2813 1807 η
2846 1733 2982 1808 ζωὴ,
3024 1737 3053 1789 6
3096 1736 3154 1790 δέ
3180 1737 3351 1806 Λόγος
3382 1733 3537 1803 οὗτος
3575 1740 3671 1793 καὶ
3705 1742 3739 1810 ἡ
3777 1738 3889 1811 ζωὴ

2311 1816 2448 1887 σὰρξ
2471 1818 2708 1885 ἐγένετο,
2739 1820 2772 1889 ἡ
2800 1817 2913 1889 ζωὴ
2936 1819 3152 1887 ἐγένετο
3190 1820 3350 1891 σὰρξ,
3397 1822 3695 1887 τουτέστιν,
3735 1826 3764 1875 6
3789 1824 3890 1876 Λό-

2308 1916 2403 1968 γος
2423 1918 2436 1931 ·
2463 1902 2556 1953 καὶ
2569 1900 2739 1970 αὐτῆς
2774 1900 3116 1973 ἐθεασάμεθα
3144 1902 3242 1973 τὴν
3261 1902 3437 1967 δόξαν,
3463 1904 3539 1967 ὡς
3551 1905 3891 1974 Μονογενοῦς

2308 1983 2458 2053 παρά
2479 1984 2709 2054 Πατρός.
2747 1985 2844 2036 Ἂν
2872 1981 3050 2038 τοίνυν
3075 1984 3135 2037 τὸ
3164 1985 3628 2056 Πνεῦμαλέγωσιν
3657 1987 3905 2041 ἐνταῦθα.

2306 2066 2403 2136 τὴν
2426 2065 2570 2136 ζωὴν
2591 2065 2861 2137 εἰρῆσθαι,
2878 2067 2977 2138 69a
3006 2068 3148 2121 πόσα
3175 2068 3364 2137 ἕψεται
3380 2068 3448 2124 τὰ
3470 2070 3665 2124 ἄτοπα.
3697 2071 3895 2125 Ἔσται

2307 2149 2416 2220 7&9
2450 2150 2582 2204 αὐτὸ
2606 2150 2906 2221 σαρκωθέν,
2931 2151 3071 2221 ούχὸ
3094 2152 3242 2215 Υίός’
3262 2152 3417 2205 ἔσται
3451 2153 3745 2223 μονογενὴς
3764 2152 3891 2218 Υἱός

2306 2234 2368 2286 τὸ
2396 2232 2637 2303 Πνεῦμα.
2670 2235 2731 2287 Εἰ
2756 2234 2813 2287 δὲ
2849 2234 2924 2305 μὴ
2954 2233 3131 2299 τοῦτο,
3155 2236 3236 2298 εἰς
3278 2235 3463 2305 ἕτερον
3487 2236 3648 2292 πάλιν
3673 2235 3891 2290 ἀτοπώ-

2305 2332 2467 2369 τατον
2493 2315 2651 2369 τοῦτο
2679 2316 2972 2386 φεύγοντες
3000 2317 3366 2389 ἐμπεσοῦνται
3394 2318 3567 2383 οὕτως
3622 2317 3893 2388 ἀναγινώ-
3972 2342 3985 2357 -

2308 2415 2549 2461 σκοντες.
2590 2399 2656 2451 Εἰ
2684 2399 2793 2469 γάρ
2821 2398 2883 2472 δὴ
2904 2398 3423 2471 όμολογήσαιεν,ὂτι
3458 2402 3587 2471 περὶ
3623 2401 3719 2455 τοῦ
3763 2403 3890 2456 Υἱοῦ

2306 2482 2539 2551 εἴρηται,
2594 2481 2690 2534 καὶ
2736 2479 2811 2552 μὴ
2874 2482 3113 2547 στίξαιεν
3175 2482 3310 2553 μηδὲ
3368 2483 3652 2551 ἀναγνοῖεν
3700 2483 3891 2555 ὥσπερ

2305 2565 2486 2634 ἡμεῖς,
2514 2564 2675 2616 αὑτὸν
2700 2565 2794 2632 ἀφ’
2826 2564 3019 2616 ἐαυτοῦ
3066 2564 3156 2616 τὸν
3209 2565 3335 2618 Υἰὸν
3373 2567 3701 2637 γεγενῆσθαι
3740 2567 3892 2638 ἐροῦ-

2306 2664 2410 2700 σιν.
2439 2646 2578 2700 Εἰδέ
2606 2648 2639 2717 ἠ
2667 2647 2779 2717 ζωὴ
2798 2650 2827 2700 6
2858 2649 3048 2715 Λόγος,
3076 2647 3104 2700 ὃ
3122 2647 3178 2700 δὲ
3206 2648 3452 2715 γέγονεν,
3494 2650 3553 2702 ἐν
3593 2649 3745 2713 αὐτῷ
3776 2648 3889 2720 ζωὴ

2301 2724 2400 2799 ἦν’
2440 2728 2601 2791 αὐτὸς
2627 2730 2684 2781 ἐν
2723 2728 2875 2800 αύτῷ
2908 2730 3004 2782 καὶ
3031 2731 3099 2784 δι’
3147 2729 3343 2783 ἐαυτοῦ
3374 2731 3564 2799 γέγονε
3598 2731 3742 2785 κατά
3788 2731 3887 2802 τὴν

2304 2812 2609 2879 ἀνάγνωσιν
2653 2812 2878 2883 ταύτην.
2932 2808 3068 2867 Εἶτά
3105 2830 3226 2867 τινα
3271 2812 3441 2866 εἰπὼν
3483 2815 3541 2866 ἐν
3594 2814 3673 2884 τῷ
3738 2816 3889 2884 μέσῳ

2305 2895 2585 2964 ἐπήγαγε·
2655 2894 2768 2949 Καὶ
2821 2894 3193 2965 ἐθεασάμεθα
3251 2895 3367 2964 τὴν
3418 2896 3608 2961 δόξαν
3675 2896 3886 2959 αὑτοῦ,

625 2961 862 3049 κτίσεξυξ
889 2960 1178 3049 ξίτξολαβὼῗ
1208 2960 1384 3049 (οὖδξν
1404 2960 1514 3049 γὰρ
1543 2962 1677 3049 ﬁt“?
1708 2961 1839 3049 τξερὶ
1882 2959 1991 3049 ξτξῗδν
2038 2959 2511 3049 ἀξρά·κ.,δόέὶινν
2541 2977 2622 3044 ὠς
2668 2959 3055 3049 Μονοτενοῦξ
3104 2978 3265 3047 παρὰ
3313 2959 3569 3047 Πατρός.
3625 2980 3758 3033 Ἰδοὺ
3794 2983 3888 3033 καὶ

623 3060 735 3098 των
767 3042 1012 3115 διελέχθη
1056 3043 1385 3114 δυνάμεων),
1417 3043 1630 3105 τούτοις
1656 3041 2013 3113 ἐνδιατρίϐειο
2050 3037 2204 3105 οὗτος

623 3125 708 3193 δὲ,
732 3125 829 3180 ἅτε
864 3126 999 3196 πρὸς
1053 3126 1217 3179 αὐτὸν
1264 3125 1512 3178 σπεύδων
1545 3125 1637 3177 τὸν
1675 3127 1910 3196 Ποιητὴν
1938 3125 2201 3190 ἀνελθεῖν,

624 3208 852 3272 εἰκότως
915 3208 1136 3262 ἅπαντα
1182 3208 1551 3279 παρατρέχει,
1612 3210 1708 3262 καὶ
1759 3209 1932 3262 ταῦτα
1986 3210 2080 3263 καὶ
2135 3208 2205 3261 τὰ

623 3290 819 3362 ἐκείνῳ
857 3291 1213 3361 σεσιγημένα,
1255 3291 1337 3343 ἐνὶ
1378 3292 1473 3345 καὶ
1532 3290 1725 3362 βραχεῖ
1770 3290 1916 3361 λόγῳ
1974 3290 2202 3362 περιλα-

624 3373 757 3440 ϐὼν,
776 3373 876 3445 τῷ,
905 3372 1107 3430 Πάντα
1135 3373 1212 3427 δι’
1235 3373 1423 3427 αὐτοῦ
1447 3374 1702 3445 ἐγένετο.
1734 3375 1843 3428 Καὶ
1883 3375 1971 3429 ἵνα
2007 3374 2081 3445 μὴ
2116 3392 2204 3427 νο-

628 3456 792 3528 μίσῃς
822 3455 1000 3510 πάντα
1046 3457 1230 3511 ἐκεῖνα
1261 3456 1439 3525 λέγειν
1476 3457 1636 3528 μόνον
1658 3456 1821 3509 αὐτὸν
1844 3456 1914 3510 τὰ
1946 3457 2041 3509 καὶ
2086 3455 2203 3528 [55]

592 3569 611 3579 ρ
634 3539 860 3593 Μωῦσεῖ
879 3539 1168 3611 είρημένα,
1195 3538 1414 3608 ἐπάγει,
1434 3541 1513 3593 ὅτι
1533 3541 1641 3592 Καὶ
1660 3538 1837 3607 χωρὶς
1868 3539 2055 3594 αὐτοῦ
2081 3538 2203 3607 ἐγέ-

626 3637 766 3676 νετο
791 3621 933 3676 οὐδὲ
961 3621 1031 3676 ἓν
1059 3622 1091 3675 ὃ
1121 3622 1330 3692 γέγονε
1351 3637 1367 3653 °
1399 3623 1664 3686 τουτέστι,
1692 3621 1800 3675 τῶν
1822 3622 2066 3692 γενητῶν
2098 3622 2203 3675 κᾶν

625 3702 823 3775 ὁρατόν
860 3720 914 3756 τι
957 3700 1013 3776 ᾖ,
1050 3704 1155 3757 κᾶν
1188 3704 1400 3773 νοητὸν,
1431 3705 1580 3757 οὐδὲν
1615 3705 1783 3775 χωρὶς
1817 3704 1916 3771 τῆς
1950 3703 2045 3759 τοῦ
2070 3703 2202 3759 Υἱοῦ

625 3785 909 3857 δυνάμεως
937 3789 1018 3850 εἰς
1054 3786 1114 3841 τὸ
1134 3781 1277 3841 εἷναι
1298 3785 1579 3858 παρήχθη.
1616 3786 1691 3839 υύ
1732 3786 1842 3856 7&9
1880 3785 1944 3856 δὴ
1975 3785 2075 3855 τὴν
2115 3802 2205 3838 τε·

623 3866 776 3921 λείαν
802 3869 1039 3941 στιγμὴν
1063 3868 1163 3939 τῷ,
1204 3867 1358 3922 Οὐδὲ
1384 3868 1475 3932 ἐν,
1525 3866 1857 3937 ἐπιθήσομεν
1906 3868 2046 3920 κατά
2079 3868 2206 3931 τοὺς

622 3952 954 4023 αἱρετικούς.
1016 3953 1244 4006 Ἐκεῖνοι
1312 3952 1422 4023 7&9
1484 3950 1802 4022 βουλόμενοι
1863 3950 1925 4002 τὸ
1979 3950 2203 4021 Πνεῦμα

623 4035 844 4089 κτιστὸν
875 4036 1072 4100 εἰπεῖν,
1109 4036 1304 4106 φασιν·
1350 4037 1419 4088 Ὃ
1458 4034 1727 4105 γέγονεν,
1769 4034 1840 4086 ἐν
1883 4030 2043 4098 αὐτῷ
2090 4031 2201 4101 ζωὴ

621 4111 723 4188 ἦν.
764 4117 903 4174 Ἀλλ’
932 4116 1105 4182 οὕτως
1144 4118 1501 4189 ἀπερινόητον
1540 4118 1749 4185 γίνεται
1784 4116 1846 4168 τὸ
1890 4116 2201 4186 λεγόμενον.

624 4199 852 4272 Πρῶτον
878 4202 978 4272 μέν
1008 4201 1117 4275 7&9
1155 4201 1278 4255 οὐδέ
1318 4200 1510 4271 καιρὸς
1542 4190 1611 4271 ἦν
1659 4199 1894 4253 ἐνταῦθα
1916 4198 2012 4252 τοῦ
2039 4198 2205 4252 Πνεύ-

629 4302 800 4356 ματος
839 4286 1244 4358 ἐπιμνησθῆναι
1265 4303 1278 4316 ·
1322 4287 1371 4338 εἰ
1401 4284 1459 4337 δὲ
1499 4284 1595 4337 καί
1617 4282 1888 4347 ἐϐούλετο,
1919 4281 2065 4348 τίνος
2089 4282 2206 4334 ἐνεο

624 4384 723 4423 κεν
756 4367 930 4432 οὕτως
956 4369 1182 4437 ἀσαφῶς
1208 4368 1341 4421 αὐτὸ
1365 4366 1577 4421 τέθεικε
1603 4384 1617 4431 ;
1661 4368 1823 4421 πόθεν
1868 4366 1978 4437 7&9
2023 4364 2201 4437 δῆλον,

623 4450 708 4504 ὃτι
737 4450 868 4521 περὶ
926 4451 1021 4503 τοῦ
1071 4450 1385 4521 Πνεύματος
1426 4448 1587 4501 τοῦτο
1631 4450 1878 4520 εἴρηταις
1912 4450 2118 4513 Ἄλλως
2147 4451 2204 4504 δὲ

626 4532 936 4605 εὑρήσομεν
992 4531 1134 4584 κατά
1172 4531 1265 4583 τὸν
1310 4530 1468 4598 λόγον
1516 4529 1728 4595 τοῦτον,
1761 4531 1823 4583 οὑ
1865 4531 1928 4603 τὸ
1955 4531 2203 4601 Πνεῦμα,

625 4612 740 4667 ἀλλ’
785 4612 949 4667 αὑτὸν
1008 4613 1101 4666 τὸν
1155 4612 1282 4664 Υἱὸν
1329 4610 1399 4665 δι’
1449 4610 1643 4664 ἐαυτοῦ
1700 4612 2003 4682 γινόμενον.
2046 4613 2205 4668 Ἀλλά

623 4695 966 4767 διανάστητε,
1006 4693 1149 4748 ὥστε
1184 4694 1261 4766 μὴ
1313 4694 1600 4763 διαφυγεῖν
1630 4694 1774 4763 ὑμᾶς
1797 4695 1860 4746 τὸ
1885 4693 2200 4764 λεγόμενον·

624 4779 719 4833 καὶ
744 4777 876 4850 φέρε
917 4778 1056 4831 κατά
1076 4777 1169 4831 τὸν
1191 4777 1420 4831 ἐκείνων
1444 4777 1583 4839 τέως
1616 4776 1940 4849 ἀναγνῶμεν
1969 4778 2168 4850 τρόπον
2187 4796 2201 4810 ·

624 4859 770 4915 οὕτω
790 4860 899 4932 γὰρ
927 4861 1059 4929 ἡμῖν
1094 4859 1473 4931 φανερώτερον
1490 4859 1552 4912 τὸ
1572 4858 1772 4913 ἄτοπον
1800 4859 1953 4913 ἐσται
1973 4876 1987 4890 ·
2015 4862 2084 4914 Ὃ
2106 4861 2202 4931 τέ-

622 4961 825 5012 rever,
852 4945 922 4996 ἐν
941 4941 1107 5008 αὐτῷ
1133 4941 1246 5009 («rh
1274 4938 1372 5012 ἦν.
1404 4941 1478 4994 Τὸ
1504 4940 1732 5012 Πνεῦμά
1766 4960 1930 5012 φασιν
1952 4945 2203 5017 εἰρῆσθαι

622 5026 723 5097 τὴν
754 5027 921 5097 ζωήν.
967 5025 1106 5078 Ἀλλ”
1141 5027 1174 5096 ή
1209 5024 1322 5096 ζωὴ
1366 5021 1504 5095 αῦτη
1553 5025 1650 5079 καί
1707 5026 1821 5094 φῶς
1856 5027 2197 5098 εὑρίσκεται·

624 5111 822 5178 ἐπάγει
858 5108 987 5179 7&9,
1018 5108 1126 5163 Καὶ
1155 5110 1195 5178 ή
1227 5107 1340 5178 ζωὴ
1367 5104 1447 5178 ἦν
1472 5107 1539 5161 τὸ
1562 5107 1687 5178 φῶς
1718 5107 1836 5162 τῶν
1858 5110 2200 5181 ἀνθρώπων.

623 5191 833 5247 Οὐκοῦν
857 5194 975 5246 κατ’
1002 5192 1200 5256 αὐτοὺς
1228 5191 1291 5245 τὸ
1333 5190 1449 5261 φῶς
1486 5190 1595 5245 τῶν
1628 5190 1932 5265 ἀνθρώπων
1970 5196 2202 5250 ἐνταῦθα

624 5275 684 5330 τὸ
703 5273 927 5345 Πνεῦμα
953 5275 1119 5343 λέγει.
1153 5275 1218 5328 Τί
1245 5269 1374 5341 οῦν;
1414 5273 1583 5327 Ὅταν
1608 5273 1788 5347 ἐπάγῃ
1820 5276 1912 5330 καὶ
1939 5275 2094 5349 λέγῃ,
2121 5280 2202 5333 ὃτι

636 5357 907 5427 Ἐγένετο
955 5359 1265 5428 ἄνθρωπος
1319 5357 1480 5429 παρὰ
1535 5356 1643 5412 τοῦ
1695 5359 1845 5413 Θεοῦ
1898 5363 2201 5417 ἀπεσταλ-

615 5440 822 5512 μένος,
860 5442 963 5497 ἵνα
991 5443 1348 5511 μαρτυρήσῃ
1393 5441 1526 5509 περί
1575 5440 1682 5494 τοῦ
1728 5441 1955 5511 φωτὸς,
1990 5443 2205 5519 ἀνάγκη

624 5527 755 5598 περὶ
785 5526 881 5580 τοῦ
933 5525 1246 5596 Πνεύματος
1294 5527 1490 5590 αὐτοὺς
1519 5526 1697 5594 λέγειν
1722 5526 1818 5579 καὶ
1861 5526 2020 5581 τοῦτο
2048 5529 2203 5599 εἰρῆ-

626 5610 772 5667 σθαι.
804 5612 901 5664 Ὃν
929 5610 1037 5681 7&9
1061 5612 1175 5664 ἀνω
1218 5610 1389 5676 Λόγον
1436 5605 1581 5672 εἷπε,
1634 5607 1822 5663 τοῦτον
1870 5607 2074 5679 προῖὼν
2110 5612 2204 5665 καὶ

684 5778 711 5841 Ρ
738 5776 833 5841 Alii
854 5754 1228 5841 παραλαμϐάνει.

684 5840 713 5883 δ
732 5840 813 5891 Sic
832 5836 943 5892 Sav‘.
968 5845 1016 5889 el
1037 5836 1149 5888 mss.
1177 5837 1295 5887 Mor.
1319 5848 1436 5885 vero
1454 5836 1827 5899 περιαγαγόντος.

2309 3061 2645 3131 μονογενὴςο
2702 3060 2832 3126 Υίὸς
2878 3062 3193 3133 εὑρίσκεται
3240 3062 3382 3136 κατά
3430 3063 3526 3133 τὴν
3578 3063 3887 3131 ἀνάγνωσιν

2304 3143 2413 3197 τῶν
2430 3144 2601 3197 ταῦτα
2616 3144 2882 3214 λεγόντων
2897 3145 2958 3198 τὸ
2978 3145 3201 3215 Πνεῦμα
3229 3145 3289 3198 τὸ
3316 3145 3488 3212 ἅγιον.
3518 3147 3564 3198 Π
3572 3164 3590 3196 ε
3602 3148 3655 3216 ρὶ
3670 3148 3780 3217 7&9
3792 3149 3889 3200 αύ-

2303 3226 2397 3279 τοῦ
2429 3229 2577 3281 πᾶσα
2600 3229 2747 3299 αὐτῷ
2775 3227 2913 3298 αῦτη
2945 3230 2979 3299 ἡ
2997 3228 3244 3298 διήγησις
3270 3229 3503 3300 εἴρηται.
3549 3230 3742 3301 Ὁρᾶτε
3759 3231 3888 3284 ὃταν

2306 3311 2598 3383 ἐκκυλισθῇ
2626 3311 2828 3380 ὁλόγος
2863 3310 2964 3379 τῆς
2994 3311 3272 3380 ἀληθείας,
3301 3312 3404 3364 ποῦ
3448 3313 3883 3384 παρατρέπεται,

2305 3395 2400 3446 καὶ
2455 3394 2597 3446 πόσα
2651 3393 2823 3447 τίκτει
2868 3393 2937 3446 τά
2989 3394 3201 3458 ἄτοπα;
3235 3395 3299 3446 Τί
3344 3390 3475 3460 οῦν;
3523 3397 3625 3449 οὐκ
3663 3396 3783 3449 ἐστι
3829 3398 3890 3449 τὸ

2306 3475 2532 3546 Πνεῦμα
2563 3475 2697 3544 φῶς,
2739 3477 2908 3547 φησί;
2948 3477 3104 3529 Ἔστι
3156 3476 3257 3547 μέν
3293 3478 3437 3546 φῶς·
3490 3478 3605 3531 ἀλλ’
3650 3479 3888 3532 ἐνταῦθα

2304 3562 2366 3613 ού
2417 3561 2544 3632 περὶ
2593 3559 2783 3613 τούτου
2834 3560 3083 3631 εἴρηται*
3118 3561 3241 3614 ἐπεὶ
3278 3564 3373 3615 καὶ
3411 3564 3439 3615 6
3476 3562 3609 3626 Θεὸς
3664 3563 3887 3632 λέγεται

2308 3642 2551 3713 Πνεῦμα,
2599 3643 2896 3706 τουτέστιν,
2942 3642 3263 3711 ἀσώματος’
3311 3643 3425 3697 ἀλλ’
3465 3645 3525 3697 οὐ
3567 3646 3807 3710 πάντως,
3839 3644 3890 3698 εἰ

2306 3741 2409 3776 που
2442 3725 2663 3794 Πνεῦμα
2696 3724 2932 3795 εἴρηται,
2961 3725 2990 3775 6
3018 3723 3150 3789 Θεὸς
3190 3725 3466 3795 δηλοῦται.
3496 3728 3607 3781 Καὶ
3656 3727 3710 3779 τί
3755 3727 3886 3781 θαυ-

2309 3808 2525 3877 μάζεις,
2551 3810 2599 3859 εἰ
2632 3811 2760 3877 περὶ
2798 3809 2892 3861 τοῦ
2923 3809 3134 3880 Πατρὸς
3179 3809 3338 3863 τοῦτό
3367 3827 3579 3880 φαμεν;
3612 3811 3750 3864 Οὐδέ
3775 3811 3885 3883 7&9

2306 3892 2399 3942 ἐπὶ
2414 3891 2508 3943 τοῦ
2532 3891 2645 3962 [56]
2663 3893 3021 3963 Παρακλήτου
3047 3894 3206 3947 τοῦτο
3230 3895 3479 3965 εἴποιμεν
3497 3897 3561 3950 ἄν
3584 3911 3596 3925 ·
3613 3896 3692 3950 ὅτι
3712 3895 3767 3948 εἷ
3778 3913 3883 3951 που

2307 3972 2552 4043 Πνεῦμα,
2588 3974 2805 4037 πάντως
2829 3977 2857 4027 6
2883 3975 3236 4047 Παράκλητος
3275 3976 3558 4048 δηλοῦται·
3602 3977 3780 4031 καίτοι
3819 3993 3883 4045 γε

2306 4057 2465 4111 τοῦτο
2498 4058 2662 4111 αὑτοῦ
2697 4059 2929 4128 μάλιστα
2953 4063 3311 4131 γνωριπικόν
3340 4063 3487 4116 ἐστιν
3530 4062 3732 4133 ὄνομα·
3765 4061 3881 4115 ἀλλ’

2306 4143 2368 4194 ού
2408 4141 2644 4201 πάντως.
2681 4143 2856 4194 εἵπου
2899 4142 3145 4213 Πνεῦμα,
3165 4146 3194 4197 6
3224 4144 3602 4216 Παράκλητος.
3636 4144 3749 4197 Καὶ
3773 4144 3883 4214 γάρ

2306 4224 2402 4277 καὶ
2423 4225 2451 4277 6
2484 4224 2718 4294 Χριστὸς
2746 4224 2880 4277 Θεοῦ
2905 4225 3133 4296 δύναμις
3159 4226 3253 4279 καὶ
3280 4226 3417 4280 Θεοῦ
3446 4228 3608 4296 σοφία
3634 4225 3878 4295 λέγεται.

2306 4310 2419 4364 ἀλλ’
2470 4312 2532 4365 οῦ
2589 4311 2830 4377 πάντως,
2857 4313 2910 4365 ετ
2939 4330 3039 4367 που
3086 4313 3219 4368 Θεοῦ
3257 4314 3486 4385 δύναμις
3513 4314 3609 4369 καὶ
3635 4314 3819 4383 σοφία,
3851 4317 3881 4368 6

2305 4400 2540 4471 Χριστός
2562 4399 2613 4454 ά.
2642 4400 2800 4454 Οὕτω
2830 4401 2894 4472 δὴ
2924 4402 3019 4455 καὶ
3045 4401 3297 4465 ἐνταῦθα,
3337 4403 3386 4454 εἰ
3433 4403 3528 4456 καί
3559 4402 3784 4472 φωτίζει
3820 4402 3883 4455 τὸ

2307 4489 2551 4559 Πνεῦμα,
2584 4490 2735 4557 ὅμως
2759 4488 2854 4542 νῦν
2883 4490 2943 4542 οὐ
2979 4490 3107 4559 περὶ
3150 4488 3316 4543 αὐτοῦ
3350 4506 3514 4561 φησιν
3540 4493 3570 4542 6
3597 4490 3882 4559 εὐαγγελι-

2307 4575 2459 4643 στής.
2506 4571 2649 4623 Ἀλλ’
2680 4572 2816 4625 ὅταν·
2838 4574 3043 4636 αὐτούς.
3071 4572 3278 4627 τούτων
3326 4572 3743 4645 ἀποκλείσωμεν
3771 4574 3882 4629 τῶν

2305 4662 2542 4726 ἀτόπων,
2592 4663 2641 4715 οἰ
2672 4662 2728 4714 δὲ
2771 4662 2935 4717 πάλιν
2984 4662 3255 4732 πανταχοῦ
3311 4662 3703 4730 σπουδάζοντες
3734 4667 3883 4720 κατά

2304 4745 2403 4814 τῆς
2467 4743 2725 4814 ἀληθείας
2789 4745 3030 4810 ἐστάναι,
3085 4745 3356 4814 λέγουσιν,
3408 4746 3490 4800 ἔτι
3550 4748 3648 4818 τῆς
3710 4751 3882 4819 αὐτῆς

2305 4827 2661 4895 ἀναγνώσεως
2694 4829 2976 4899 ἐχόμενοι·
3042 4832 3112 4882 "0
3150 4829 3417 4899 γέγονεν,
3459 4833 3530 4885 ἐν
3568 4832 3729 4898 αὐτῷ
3767 4832 3879 4901 ζ’ωὴ

2304 4909 2404 4982 ἦν.
2440 4913 2749 4978 Τουτέστιν,
2777 4913 3014 4982 ὃγέγονε
3054 4925 3077 4952 ε
3099 4913 3213 4986 ζωὴ
3256 4910 3345 4985 ἦν.
3389 4915 3454 4967 Τί
3488 4912 3615 4984 οῦν;
3664 4918 3774 4970 Καὶ
3810 4917 3880 4971 τὰ

2306 5003 2623 5075 Σοδομηνῶν
2660 5004 2831 5074 πάθη,
2872 5005 2967 5057 καὶ
2994 5004 3023 5056 6
3053 5004 3438 5077 κατακλυσμὸς
3478 5007 3627 5079 καίή
3659 5008 3877 5076 γέεννα,

2305 5089 2400 5141 καὶ
2435 5088 2604 5158 μυρία
2633 5087 2735 5141 ὃσα
2761 5085 3021 5152 τοιαῦτα;
3080 5086 3240 5141 Ἀλλὰ
3276 5089 3406 5159 περὶ
3450 5088 3814 5161 δημιουργίας
3850 5093 3880 5144 6

2303 5167 2460 5237 λόγος
2490 5171 2640 5241 ἡμῖν,
2676 5168 2828 5238 φησί.
2849 5168 3099 5222 Μάλιστα
3123 5171 3221 5240 μὲν
3244 5165 3338 5223 οὖν
3368 5171 3599 5224 κάκεῖνα
3619 5171 3881 5244 δημιουρ-

2305 5252 2429 5318 γίας
2473 5252 2637 5304 ἐστίν.
2684 5250 2822 5303 Ἀλλ’
2855 5251 2943 5305 ἵνα
2969 5252 3033 5305 ἐκ
3057 5253 3375 5323 περιουσίας
3400 5252 3492 5306 τὸν
3519 5253 3675 5321 λόγον
3699 5254 3881 5307 αὐτῶν

2305 5334 2630 5405 ἑλέγξωμεν,
2678 5333 2933 5405 ἐρώμεθα
2979 5337 3211 5400 αὐτούς’
3253 5336 3326 5389 Τὸ
3371 5335 3547 5409 ξύλον,
3600 5338 3722 5390 εἰπέ
3764 5353 3877 5407 μοι,

2303 5416 2414 5488 ζωή
2439 5434 2454 5483 ;
2481 5419 2574 5470 καὶ
2596 5418 2625 5470 ὁ
2651 5416 2816 5483 λίθος,
2849 5418 2985 5490 ζωὴ,
3010 5418 3080 5471 τά
3105 5419 3287 5489 ἄψυχα
3303 5418 3475 5473 ταῦτα
3496 5422 3590 5473 καὶ
3609 5419 3879 5489 ἀκίνητα;

2366 5598 2388 5658 εἴ
2416 5594 2510 5658 Alii
2531 5593 2652 5658 ὁμοῦ
2674 5598 2755 5644 καὶ
2776 5599 3026 5657 μονογενής

2366 5656 2393 5695 «ι
2419 5657 2536 5721 Morj
2559 5656 2586 5705 ὅ
2612 5658 2733 5721 Υἱός.
2767 5656 2879 5721 Sav.
2902 5656 2940 5721 ξό
2968 5659 3186 5721 Χριστός.
3231 5660 3356 5709 Ibid.
3380 5662 3474 5711 Sav
3530 5668 3583 5711 et
3618 5675 3731 5711 mss.
3773 5660 3880 5712 fere

2303 5731 2477 5769 omnes
2500 5719 2640 5781 danai
2663 5719 3024 5781 qgurrﬂeaﬂor.‘
3042 5719 3082 5767 ει
3114 5721 3193 5766 καὶ
3213 5724 3326 5781 φῶς.

2370 5781 2393 5810 ⁸
2419 5781 2510 5845 Sic_
2540 5780 2709 5845 M9re|_.
2759 5780 3008 5845 Sav‘iluiv,
3056 5782 3128 5827 ὅτι
3173 5784 3215 5827 εἴ
3251 5798 3293 5828 τι
3328 5783 3454 5831 ἐστὶν
3496 5785 3522 5833 ὃ
3554 5785 3724 5845 γέγονε.
3754 5782 3865 5834 Ibid

2306 5843 2426 5894 Mor.
2464 5838 2651 5893 οὐκοῦν.
2680 5842 2790 5890 Sav.
2813 5842 2859 5889 τί
2880 5840 2979 5893 οὖν.

4114 405 4117 453 1

4126 1343 4129 1467 l

4126 1530 4132 1729 Ἰ

4135 2134 4137 2225 ρ
