4370 6306
375 391 443 443 53
1479 396 1544 450 IN
1583 396 1889 454 JOANNEM
1934 401 2159 460 llOMlL.
2206 409 2264 462 V.
2307 409 2377 463 al.
2420 409 2505 464 IV.
3546 421 3619 476 54

375 516 480 557 non
521 502 769 572 agimus?
813 518 993 559 nonne
1034 505 1155 574 quia
1203 507 1395 575 timor,
1441 525 1549 566 non
1588 515 1763 567 minor
1790 531 1949 585 quam

376 592 473 657 ira,
505 608 607 645 nos
634 591 892 659 deterret,
923 609 1020 649 nec
1047 596 1131 649 vel
1162 611 1191 650 a
1223 598 1482 669 principio
1512 603 1641 655 iram
1671 619 1952 674 erumpere

371 683 536 738 sinit?
581 683 694 738 Cur
735 700 896 753 porro
946 687 1083 741 servi
1134 702 1162 740 a
1213 689 1371 743 nobis
1418 692 1566 747 mille
1618 696 1952 749 contumeliis

372 774 583 827 onetati
609 815 624 838 ,
656 777 833 828 omnia
864 776 1003 831 taciti
1036 775 1248 831 ferunt?
1278 794 1455 834 nonne
1498 782 1621 851 quia
1652 794 1704 836 et
1734 785 1830 853 ipsi
1852 800 1949 839 eo-

367 864 493 917 dem
537 864 748 918 vinculo
792 865 1059 933 ligantur?
1089 866 1165 920 Tu
1208 883 1334 922 vero
1361 885 1431 924 ne
1468 873 1641 926 solum
1671 873 1764 928 Dei
1792 875 1947 929 timo-

373 970 485 1008 rem
528 957 750 1025 cogites,
796 957 886 1010 sed
941 958 1102 1012 etiam
1149 968 1201 1013 te
1246 969 1370 1015 tunc
1417 977 1448 1017 a
1477 962 1584 1016 Deo
1613 966 1950 1019 contumeliis

370 1043 510 1097 allici
540 1086 555 1106 ,
584 1047 670 1113 qui
695 1034 844 1114 jubet
890 1056 941 1101 te
976 1056 1150 1104 tacere
1169 1090 1183 1114 ,
1220 1059 1275 1104 et
1297 1052 1473 1105 omnia
1499 1053 1761 1122 patienter
1787 1054 1945 1109 feres.

373 1133 468 1188 Dic
511 1145 564 1188 te
610 1136 892 1192 lacessenti
928 1137 1106 1204 :Quid
1148 1139 1335 1194 faciam
1387 1142 1520 1205 tibi;
1568 1145 1703 1198 alius
1733 1146 1860 1200 mihi
1896 1158 1950 1201 et

370 1241 587 1280 manum
614 1235 670 1280 et
696 1227 928 1297 linguam
953 1229 1170 1284 cohibet
1193 1247 1207 1284 :
1234 1231 1442 1301 eritque
1469 1232 1671 1287 dictum
1703 1235 1831 1289 illud
1852 1277 1872 1299 ,
1893 1247 1948 1291 et

367 1315 465 1370 tibi
509 1324 564 1370 et
590 1316 688 1386 ipsi
718 1318 1071 1389 philosophia:
1100 1322 1344 1377 materia.
1371 1323 1522 1378 Nunc
1559 1334 1737 1380 autem
1778 1328 1948 1382 homi-

366 1419 497 1458 num
520 1408 689 1475 gratia
717 1408 875 1462 etiam
902 1409 1255 1465 intolerabilia
1286 1410 1507 1469 ferimus
1528 1456 1545 1480 ,
1570 1423 1625 1470 et
1649 1416 1712 1471 iis
1736 1420 1823 1487 qui
1851 1433 1948 1473 nos

365 1494 639 1551 lacessunt
661 1512 804 1567 saepe
837 1500 1063 1563 dicimus
1092 1519 1107 1556 :
1137 1502 1232 1558 Ille
1258 1518 1342 1559 me
1368 1504 1635 1561 lacessivit
1660 1546 1676 1573 ,
1717 1524 1822 1562 non
1847 1518 1899 1562 ttt
1930 1528 1943 1564 :

365 1584 481 1640 Deo
502 1596 679 1641 autem
706 1604 774 1643 ne
801 1604 981 1658 parem
1026 1591 1239 1660 quidem
1285 1596 1639 1650 reverentiam
1674 1599 1949 1654 exhibebi-

362 1679 520 1731 mus?
540 1679 715 1750 Ecqua
742 1682 893 1737 nobis
919 1683 1019 1738 erit
1045 1684 1235 1739 venia?
1255 1686 1459 1741 Anima:
1477 1699 1668 1743 nostrae
1687 1691 1944 1747 dicamus:

362 1769 508 1825 Deus
529 1786 626 1826 nos
651 1788 791 1827 nunc
813 1773 1042 1841 lacessit,
1066 1776 1152 1845 qui
1178 1792 1363 1831 manus
1382 1788 1591 1835 nostras
1618 1781 1826 1836 cohibet
1847 1801 1858 1837 :
1878 1799 1944 1837 ne

358 1859 696 1929 insiliamus,
734 1879 834 1918 nec
877 1865 1085 1922 minore
1116 1867 1283 1922 Deum
1315 1885 1472 1937 quant
1505 1871 1747 1927 homines
1784 1874 1941 1928 obse-

355 1950 575 2016 quentia
625 1965 1029 2022 prosequamur.
1059 1955 1136 2009 Ad
1169 1955 1271 2011 hoc
1295 1959 1511 2013 verbum
1546 1960 1943 2017 exhorruistis?

2048 532 2154 622 non
2186 521 2344 576 modo
2372 523 2528 622 ferre,
2560 523 2652 580 sed
2679 527 2841 582 etiam
2866 529 2932 583 ad
2957 530 3104 600 pejus
3124 532 3388 622 quidpiam
3418 541 3617 608 patiar»

2047 607 2173 662 dum
2205 625 2301 664 nos
2344 612 2555 668 σιω-ηρ.
2587 615 2693 671 Nos
2719 629 2894 674 autem
2925 636 3046 677 cum
3075 634 3215 679 tanta
3243 607 3490 685 violentia
3517 636 3616 687 ob-

2042 697 2296 763 sistimus,
2343 711 2396 754 ttt
2445 718 2549 756 non
2588 706 2746 762 modo
2772 724 2870 764 nos
2892 710 2961 765 ad
3000 714 3139 769 male
3180 718 3485 785 patiendum
3512 739 3618 777 non

2042 785 2366 852 oll‘eramus,
2410 790 2503 845 sed
2556 793 2713 847 etiam
2758 811 2857 851 nos
2908 799 3262 869 ulciscamur',
3317 806 3422 863 imo
3475 824 3621 880 Sil}le

2044 876 2245 943 priores
2298 894 2487 935 manus
2536 882 2844 954 inferamus,
2892 905 3096 960 nosque
3142 895 3281 951 vinci
3328 909 3610 967 putemus,

2042 966 2142 1019 nisi
2176 970 2388 1036 paribus
2418 971 2733 1029 afﬁciamus.
2781 978 2912 1033 Nam
2955 972 3080 1036 illud
3119 988 3335 1053 gravius
3360 1001 3440 1043 est
3471 995 3614 1060 quod
3662 1054 3669 1059 ο

2040 1070 2138 1111 nos
2166 1059 2373 1115 vincere
2398 1064 2782 1131 existimemus,
2811 1071 3020 1139 quando
3046 1085 3282 1132 extrema
3308 1080 3458 1136 clade
3494 1059 3616 1136 alli-

2038 1148 2229 1213 cimur,
2261 1161 2309 1204 et
2344 1152 2485 1207 humi
2514 1161 2765 1225 prostrati
2793 1160 3066 1229 jacemus;
3097 1181 3158 1220 ac
3195 1168 3341 1223 mille
3384 1175 3614 1242 acceptis

2039 1254 2068 1293 a
2115 1240 2326 1297 diabolo
2376 1247 2699 1314 vulneribus,
2749 1251 2816 1306 de
2858 1252 2948 1308 illo
2992 1256 3264 1312 victoriam
3310 1240 3613 1328 reportasse

2036 1330 2327 1388 credamus.
2362 1335 2740 1406 Quamobrem,
2759 1357 2907 1411 rogo,
2929 1343 3197 1400 discamus
3219 1350 3338 1417 quis
3358 1350 3427 1404 sit
3453 1352 3609 1420 hujus

2041 1421 2273 1477 victoria:
2318 1425 2536 1490 modus,
2584 1436 2637 1482 et
2666 1429 2802 1485 hanc
2843 1447 3048 1487 morum
3079 1438 3312 1505 speciem
3338 1440 3609 1495 adeamus.

2038 1511 2310 1582 Siquidem
2359 1518 2495 1571 male
2540 1520 2680 1587 pati,
2712 1520 2938 1589 idipsum
2983 1527 3230 1595 estquod
3254 1532 3519 1585 coronari.
3551 1534 3606 1586 Si

2036 1620 2164 1674 ergo
2193 1606 2438 1662 volumus
2469 1623 2569 1663 nos
2593 1625 2622 1663 a
2652 1612 2761 1666 Deo
2798 1613 3027 1669 victores
3057 1618 3371 1683 proclamari
3393 1662 3408 1685 ,
3441 1621 3492 1675 in
3526 1623 3606 1676 his

2036 1696 2418 1752 certaminibus
2466 1715 2533 1754 ne
2580 1700 2750 1769 legem
2796 1705 3124 1760 smeularium
3155 1722 3381 1777 agonum
3430 1725 3613 1765 serve-

2034 1799 2171 1848 mus,
2204 1786 2297 1841 sed
2332 1788 2501 1858 legem
2532 1804 2560 1842 a
2587 1791 2697 1845 Deo
2727 1807 2824 1861 pro
2852 1794 2935 1850 his
2957 1799 3333 1853 certaminibus
3362 1804 3609 1870 positam,

2037 1882 2096 1927 ut
2132 1876 2308 1929 omnia
2338 1892 2490 1946 :equo
2519 1879 2696 1935 animo
2717 1880 2966 1939 feramus.
2997 1883 3069 1939 Ita
3098 1887 3240 1941 enim
3270 1897 3322 1942 et
3363 1889 3613 1945 adversa-

2036 1966 2146 2021 rios
2196 1976 2248 2022 et
2295 1971 2576 2037 prresentia
2605 1973 2780 2028 omnia
2810 1976 3198 2045 superabimus,
3248 1988 3304 2033 et
3351 1983 3610 2050 promissa

353 2038 465 2093 Sed
507 2056 611 2094 non
665 2048 867 2097 tantum
896 2044 962 2098 ad
1009 2045 1189 2111 verba,
1221 2047 1316 2103 sed
1362 2051 1520 2104 etiam
1552 2053 1617 2105 ad
1646 2068 1780 2122 opus
1806 2070 1900 2110 vos
1922 2058 1937 2086 ⁸
2030 2069 2420 2125 consequemur
2468 2059 2601 2114 bona
2629 2103 2645 2129 ,
2690 2038 2955 2130 gratia-et
3004 2066 3327 2136 benignitate
3352 2038 3584 2125 .Domini

356 2130 743 2186 exhorrescere
768 2136 944 2202 cupio.
971 2133 1136 2190 Jussit
1165 2136 1308 2192 Deus
1337 2154 1435 2193 nos
1460 2141 1698 2211 colaphis
1736 2159 1903 2198 caesos
1922 2186 1937 2210 ,

426 2304 442 2336 '
477 2304 560 2356 Alii
585 2306 784 2367 habent,
810 2321 914 2369 nos,
939 2308 1067 2372 low,
1093 2324 1190 2364 vos.

360 2423 441 2432 ο-ρ-

446 2425 634 2434 ——__.__

732 2433 907 2441 ἡ,

2031 2147 2196 2197 nostri
2223 2145 2348 2201 Jesu
2379 2148 2610 2213 Christi,
2641 2166 2738 2221 per
2765 2169 2921 2222 quem
2950 2164 3005 2209 et
3037 2171 3157 2210 eum
3183 2174 3290 2228 quo
3315 2160 3454 2214 Patri
3482 2203 3497 2227 ,
3540 2163 3613 2215 si-

2033 2235 2249 2305 mulque
2294 2237 2511 2306 Spiritui
2558 2253 2776 2308 saneto,
2817 2245 3022 2317 gloria,
3070 2248 3384 2318 imperium,
3418 2251 3608 2317 honor,

2035 2339 2175 2378 nunc
2195 2336 2246 2379 et
2272 2340 2505 2395 semper,
2532 2340 2584 2384 et
2612 2333 2662 2384 iu
2690 2336 2881 2387 s:ecul.t
2910 2337 3247 2391 seculorum.
3285 2340 3477 2396 Amen.

2514 2460 2675 2467 ..τῇ-.-

2680 2463 2851 2470 _—.

3326 2472 3612 2489 ——-———~

1761 2542 2101 2607 HOMILIA
2147 2550 2221 2609 ν.

349 2657 481 2711 Car.
516 2659 554 2713 Ι.
587 2677 637 2711 v.
669 2664 722 2717 5.
760 2664 944 2719 Omnia
964 2684 1053 2736 per
1078 2669 1242 2737 ipsum
1272 2674 1408 2741 facta
1438 2685 1587 2738 sunt,
1618 2688 1666 2730 et
1695 2680 1802 2732 sine
1827 2682 1936 2751 ipso

685 2755 873 2822 factum
898 2767 969 2809 est
994 2758 1122 2811 nihil
1147 2761 1280 2829 quod
1306 2761 1497 2829 factum
1523 2774 1615 2817 est.

426 2884 475 2935 ί.
505 2881 710 2954 Moyses
736 2885 1007 2944 historiam
1040 2891 1247 2947 Veteris
1276 2894 1598 2952 Testamenti
1648 2915 1678 2954 a
1722 2904 1930 2959 sensili-

350 2973 453 3025 bus
499 2974 653 3029 nobis
694 2977 933 3045 orditur,
965 2990 1018 3035 et
1059 2999 1120 3035 ea
1173 2983 1411 3051 pluribus
1454 3001 1729 3044 enumerat
1761 3010 1775 3044 :
1810 3010 1929 3047 nam

347 3060 445 3124 ait,
478 3060 543 3115 In
570 3064 819 3135 principio
842 3067 959 3136 fecit
989 3068 1121 3126 Dem
1149 3072 1327 3128 cwlum
1343 3085 1388 3129 et
1409 3086 1591 3130 terram
1611 3079 1763 3147 (Gen.
1790 3083 1806 3137 l
1823 3124 1836 3137 .
1857 3085 1928 3154 l):

347 3151 546 3206 deinde
570 3153 754 3221 adjicit
780 3156 955 3213 lucem
997 3158 1187 3215 factam
1212 3202 1228 3227 ,
1269 3166 1558 3220 secundum
1593 3171 1780 3225 ea-lnm
1807 3151 1928 3243 (al,

346 3242 628 3297 stellarum
658 3256 899 3302 naturam
925 3290 941 3315 ,
967 3254 1244 3322 omnigena
1269 3256 1576 3313 animalium
1603 3276 1796 3329 genera
1818 3306 1830 3327 ,
1864 3281 1932 3320 ne

346 3334 553 3403 singula
616 3351 999 3408 prosequentes
1060 3343 1325 3413 longiores
1368 3348 1557 3404 simus.
1607 3352 1703 3407 llic
1748 3366 1927 3410 autem

346 3426 671 3494 evangelista
713 3443 820 3482 uno
862 3431 1025 3486 verbo
1068 3436 1437 3503 complectitur
1478 3442 1652 3494 omnia
1678 3484 1691 3507 ,
1742 3456 1792 3499 et
1837 3446 1925 3499 illa

346 3527 542 3582 nempe
569 3525 625 3570 et
650 3516 757 3571 illis
778 3522 1076 3588 superiora.
1108 3523 1174 3578 Et
1196 3526 1317 3594 jure
1359 3539 1534 3595 certe,
1567 3534 1688 3601 quia
1720 3535 1802 3588 illa
1832 3554 1928 3591 au-

346 3603 609 3660 ditoribus
634 3619 759 3661 nom
784 3622 928 3674 sunt,
956 3622 1012 3666 et
1040 3613 1151 3683 ipse
1181 3616 1246 3668 ad
1277 3622 1616 3685 praestantius
1641 3639 1927 3694 argumen-

348 3702 458 3748 tmn
484 3706 755 3765 properat.
783 3714 845 3753 ac
878 3710 1045 3757 totum
1070 3719 1205 3775 opus
1231 3709 1552 3777 aggreditur,
1584 3729 1689 3767 non
1714 3716 1780 3771 de
1796 3733 1927 3786 ope-

347 3782 525 3850 ribus,
577 3786 674 3841 sed
724 3787 793 3843 de
848 3789 1050 3860 Opiﬁce
1104 3804 1159 3848 et
1212 3794 1466 3854 Creatore
1509 3801 1771 3860 dicturus.
1805 3782 1928 3863 Ideo

346 3873 555 3946 Moyses
580 3878 791 3948 quidem
817 3923 833 3947 ,
862 3883 960 3937 etsi
987 3885 1247 3941 minorem
1284 3891 1567 3946 creationis
1596 3904 1794 3963 partem
1832 3913 1927 3968 ag-

345 3965 618 4032 grediatur
646 3969 665 4037 (
689 3968 821 4025 nihil
865 3973 1006 4028 enim
1046 3977 1200 4031 nobis
1219 3978 1286 4033 de
1314 3980 1666 4039 iuvisibilibus
1696 3965 1924 4054 potesta-

350 4058 485 4113 tibus
523 4062 844 4133 narravit),
892 4065 945 4118 in
976 4066 1082 4120 illis
1106 4080 1356 4126 versatur
1386 4090 1400 4127 :
1438 4074 1522 4128 hic
1551 4092 1678 4130 vero
1698 4117 1713 4143 ,
1744 4081 1830 4148 qui
1858 4081 1922 4133 ad

347 4150 517 4218 ipsum
570 4149 883 4208 Creatorem
929 4159 1220 4215 ascendere
1273 4161 1525 4232 festinat,
1575 4167 1697 4236 jure
1748 4172 1923 4224 omnia

349 4245 741 4309 prtetercurrit,
770 4253 827 4300 et
866 4246 980 4301 hmc
1001 4264 1121 4318 qua:
1167 4251 1256 4308 ille
1294 4254 1463 4323 dixit,
1494 4267 1550 4311 et
1576 4274 1636 4312 ea
1667 4276 1784 4330 qua:
1813 4263 1925 4330 ipse

350 4333 539 4401 tacuit,
585 4338 770 4404 paucis
807 4340 1216 4409 complectitur,
1252 4344 1434 4400 Omnia
1475 4367 1565 4418 per
1601 4352 1764 4421 ipsum
1792 4355 1926 4422 facta

344 4433 474 4478 sunt.
508 4424 588 4480 Ne
615 4441 743 4481 vero
772 4436 926 4497 putes
952 4431 1121 4499 ipsum
1151 4449 1212 4488 ea
1246 4444 1444 4489 tantum
1473 4454 1773 4495 memorare
1806 4462 1924 4511 qua:

346 4513 552 4586 Moyses
577 4519 844 4584 narravit,
872 4521 1174 4594 subjungit,
1211 4522 1276 4577 El
1315 4528 1423 4580 sine
1464 4529 1573 4599 ipso
1618 4534 1807 4601 factum
1852 4546 1924 4589 est

347 4609 625 4687 nihilquod
650 4615 882 4680 factum:
910 4613 1011 4671 hoe
1035 4625 1145 4681 est,
1182 4618 1260 4672 Ex
1289 4619 1450 4674 rebus
1482 4622 1652 4687 lactis,
1679 4626 1790 4680 sive
1820 4629 1922 4682 sub

343 4682 614 4771 aspectum
634 4744 650 4767 ,
680 4705 796 4760 sive
821 4706 921 4761 sub
947 4708 1271 4764 intellectum
1303 4719 1505 4766 tantum
1530 4715 1762 4781 cadant,
1795 4719 1923 4773 nihil

342 4794 454 4849 sine
482 4793 604 4849 Filii
646 4795 841 4852 virtute
869 4799 1183 4867 productum
1229 4814 1329 4856 est.
1377 4804 1558 4874 Neque
1588 4808 1742 4862 enim
1786 4826 1924 4880 pun-

342 4896 484 4941 ctum
508 4902 840 4958 apponemus
862 4902 983 4959 post
1004 4893 1154 4958 illud,
1175 4893 1341 4960 Nihil,
1368 4907 1423 4949 ut
1442 4897 1676 4955 haeretici
1702 4903 1920 4957 faciunt.

344 4973 418 5030 Illi
447 4977 590 5032 enim
619 4993 740 5034 cum
780 4982 949 5037 velint
981 4983 1233 5051 Spiritum
1265 4996 1499 5041 creatum
1529 5004 1650 5045 esse
1672 5030 1689 5050 .
1733 4993 1802 5046 ita
1846 4994 1923 5049 le-

343 5076 470 5134 gunt
502 5085 517 5122 :
554 5069 707 5136 Quod
729 5072 921 5140 factum
954 5085 1047 5138 est,
1081 5075 1134 5128 in
1162 5076 1272 5145 ipso
1312 5079 1411 5131 vita
1449 5089 1575 5133 erat.
1608 5087 1678 5135 At
1702 5084 1780 5137 sic
1811 5086 1925 5140 ltrec

345 5157 486 5213 nullo
528 5160 691 5214 modo
721 5161 942 5232 intelligi
988 5174 1253 5232 poterunt.
1306 5166 1483 5222 Primo
1524 5171 1665 5223 enim
1698 5171 1785 5226 hic
1816 5188 1921 5227 non

343 5261 635 5319 opportuna
664 5251 896 5323 Spiritus
920 5257 1121 5310 mentio
1154 5266 1335 5312 esset:
1365 5260 1506 5328 quod
1542 5262 1584 5315 si
1627 5263 1836 5317 tandem
1870 5266 1920 5317 id

346 5342 612 5407 voluisset,
639 5358 737 5399 cur
764 5353 871 5399 tam
900 5345 1128 5403 obscure
1154 5348 1403 5418 loquutus
1420 5352 1600 5404 esset?
1624 5351 1761 5407 unde
1781 5353 1920 5407 enim

342 5441 547 5486 constat
587 5433 694 5488 hoc
729 5434 798 5489 de
823 5435 1021 5504 Spiritu
1050 5437 1250 5493 dictum
1280 5440 1434 5494 esse?
1460 5441 1703 5510 Alioquin
1744 5454 1920 5498 autem

344 5522 631 5576 secundum
660 5521 799 5579 hanc
818 5526 1014 5582 seriem
1040 5529 1435 5597 comperiemus
1453 5570 1468 5594 ,
1493 5544 1598 5584 non
1622 5530 1875 5601 Spiritum
1902 5572 1917 5596 ,

344 5612 431 5666 sed
477 5613 653 5683 ipsum
698 5614 892 5671 Filium
922 5632 1017 5688 per
1043 5619 1275 5690 seipsum
1315 5620 1508 5676 factum
1551 5637 1690 5680 esse.
1723 5620 1917 5679 Verum

402 5746 477 5811 ta)
509 5745 563 5797 ιιι
599 5757 698 5809 est,
713 5748 1088 5804 firmamentum.

2046 2690 2321 2757 attendite,
2352 2710 2416 2747 ne
2444 2710 2537 2749 vos
2567 2697 2665 2751 hoc
2692 2699 2890 2754 dictum
2912 2701 3155 2771 effugiat;
3186 2714 3238 2758 et
3261 2721 3358 2775 age
3400 2707 3608 2761 interim

2039 2779 2105 2830 ad
2139 2780 2342 2834 illorum
2374 2800 2572 2839 morem
2601 2789 2839 2857 legamus
2871 2810 2883 2843 :
2915 2791 3016 2846 hoc
3060 2804 3213 2862 pacto
3259 2797 3399 2849 enim
3443 2800 3611 2849 maui-

2040 2869 2222 2924 ft-stior
2249 2873 2349 2926 erit
2377 2874 2672 2930 absurditas
2701 2896 2713 2931 :
2749 2880 2896 2943 Quod
2921 2885 3111 2951 factum
3146 2893 3215 2937 est
3241 2925 3256 2948 ,
3291 2886 3341 2938 in
3374 2888 3484 2955 ipso
3513 2890 3610 2939 ritu

2043 2970 2168 3011 erat.
2202 2960 2370 3015 Vitam
2402 2963 2485 3017 hic
2513 2964 2764 3033 Spiritum
2795 2970 3088 3036 signiﬁcare
3117 2972 3316 3027 dicunt.
3362 2974 3464 3029 Sed
3504 2979 3609 3032 vita

2038 3050 2197 3103 etiam
2244 3052 2330 3105 lux
2380 3056 2637 3122 appellata
2673 3056 2755 3109 hic
2790 3062 3054 3126 occurrit;
3101 3064 3311 3131 SUilleil
3336 3065 3512 3128 enim,
3545 3065 3609 3118 Et

2035 3139 2137 3191 vim
2179 3151 2285 3193 erat
2317 3141 2407 3195 lux
2436 3144 2714 3199 hominum.
2747 3147 3046 3202 Secundum
3097 3151 3217 3206 illos
3264 3169 3389 3223 ergo
3436 3154 3605 3210 lucem

2038 3230 2308 3285 hominum
2342 3232 2426 3287 hic
2456 3234 2710 3305 Spiritum
2739 3237 2883 3292 dicit.
2917 3239 3052 3307 Quid
3098 3242 3293 3311 igitur?
3317 3242 3447 3297 Cum
3479 3246 3605 3299 sub-

2036 3324 2133 3387 dit,
2162 3324 2283 3379 Fuit
2311 3328 2458 3380 homo
2489 3331 2667 3383 missus
2696 3347 2727 3382 a
2754 3329 2878 3395 Dro,
2902 3342 2951 3385 ut
2973 3335 3308 3388 testimonium
3331 3336 3607 3405 perhiberet

2035 3415 2097 3469 de
2125 3417 2332 3483 Iuntina,
2363 3434 2582 3473 necesse
2608 3431 2690 3475 est
2732 3432 2785 3474 ttt
2812 3422 3010 3488 dicant,
3046 3424 3146 3478 hoc
3174 3427 3331 3479 etiam
3376 3427 3441 3481 de
3483 3428 3605 3498 Spi-

2034 3508 2136 3560 ritu
2183 3511 2422 3577 prolerri.
2470 3510 2603 3564 Eum
2648 3515 2788 3565 enim
2818 3529 2972 3583 quem
3004 3529 3162 3583 supra
3190 3516 3419 3570 Verbum
3447 3517 3602 3584 dixit,

2034 3599 2084 3651 iu
2115 3602 2455 3667 sequentibus
2489 3602 2671 3662 llettm,
2704 3606 2885 3667 vitam,
2915 3616 2965 3658 et
2995 3606 3164 3658 lucent
3193 3608 3448 3660 nominat.
3496 3607 3606 3661 l’im

2033 3698 2159 3753 erat,
2193 3691 2381 3760 inquit,
2415 3691 2515 3745 hoc
2542 3692 2771 3746 Verbum
2796 3732 2814 3759 ,
2857 3704 2911 3748 et
2938 3694 3049 3748 ha‘c
3078 3696 3186 3763 ipsa
3221 3696 3321 3749 vita
3352 3697 3436 3750 lux
3468 3707 3602 3752 erat.

2033 3781 2087 3834 Si
2137 3782 2312 3850 itaque
2358 3782 2585 3838 Verbum
2630 3783 2734 3838 vita
2776 3794 2894 3841 erat
2920 3803 2935 3849 ;
2964 3785 3194 3840 Verbnnt
3224 3797 3398 3843 autem
3420 3829 3434 3851 ,
3464 3790 3604 3857 quod

2035 3881 2115 3925 est
2149 3872 2251 3924 vita
2284 3873 2299 3903 ¹
2324 3913 2340 3935 ,
2372 3887 2497 3926 caro
2540 3872 2732 3927 factum
2758 3882 2879 3929 est:
2912 3875 3013 3929 vita
3040 3891 3165 3930 caro
3191 3875 3328 3930 facta
3358 3888 3470 3940 est,
3506 3878 3607 3932 hoc

2031 3972 2132 4023 est.
2164 3962 2429 4028 Verbum;
2455 3976 2502 4017 et
2534 3966 2649 4033 ejus
2685 3966 2906 4037 gloriam
2939 3968 3167 4023 vidimus
3187 4010 3202 4034 ,
3235 3971 3385 4038 quasi
3412 3970 3604 4041 Uuigc-

2031 4051 2123 4104 niti
2146 4067 2173 4105 a
2200 4051 2377 4107 Patre.
2407 4053 2460 4106 Si
2486 4069 2612 4122 ergo
2637 4055 2809 4108 dicant
2836 4054 3087 4125 Spiritum
3113 4057 3198 4111 hic
3219 4058 3378 4111 vitam
3406 4061 3605 4125 vocari,

2029 4144 2151 4198 vide
2179 4156 2371 4214 quanta
2403 4146 2629 4200 absurda
2659 4158 2970 4217 sequantur.
3004 4148 3232 4225 Spiritus
3261 4150 3402 4203 enim
3435 4150 3607 4204 incar-

2031 4243 2185 4287 natus
2227 4234 2425 4299 fuerit,
2477 4251 2578 4288 non
2629 4235 2793 4289 Filius
2827 4254 2839 4288 :
2872 4237 3103 4305 Spiritus
3151 4239 3254 4291 erit
3307 4240 3606 4308 unigenitus

2030 4324 2214 4377 Filius.
2249 4323 2302 4378 Si
2337 4340 2440 4378 nou
2473 4326 2541 4378 ita
2572 4341 2658 4380 res
2687 4325 2870 4390 fuerit,
2917 4327 3043 4381 dum
3090 4328 3192 4383 hoc
3236 4328 3508 4400 eﬂ‘ugienl,
3554 4332 3605 4385 iu

2029 4415 2170 4468 aliud
2218 4415 2375 4483 longe
2416 4417 2697 4469 absurdius
2730 4417 2963 4470 incident
3005 4419 3074 4471 ita
3105 4420 3359 4489 legentes.
3391 4422 3520 4475 Nam
3560 4425 3603 4476 si

2028 4505 2379 4557 conliteantnr
2406 4504 2529 4558 illttd
2561 4506 2626 4559 de
2658 4506 2793 4560 Filio
2820 4505 3018 4562 dictum
3050 4523 3203 4575 esse,
3231 4525 3402 4579 neque
3446 4512 3609 4567 inter—

2029 4605 2282 4664 pungant,
2314 4611 2414 4651 nec
2440 4597 2618 4667 legant
2645 4605 2704 4651 ut
2732 4615 2828 4653 nos
2854 4599 3079 4668 legimus
3098 4642 3114 4667 ,
3152 4601 3325 4669 ipsum
3354 4601 3544 4655 Filium
3575 4619 3604 4655 a

2028 4688 2204 4756 seipso
2251 4687 2444 4743 factum
2486 4704 2605 4746 esse
2643 4690 2821 4745 dicant
2859 4702 3090 4762 oportet.
3123 4693 3177 4748 Si
3201 4694 3342 4747 enim
3371 4693 3607 4748 Verbum

2029 4779 2131 4832 vita
2154 4787 2301 4843 erat;
2333 4780 2375 4833 si
2415 4780 2555 4850 quod
2586 4782 2779 4837 factum
2813 4793 2893 4838 est
2914 4826 2927 4849 ,
2960 4784 3010 4838 in
3048 4786 3162 4854 ipso
3192 4786 3294 4838 vita
3327 4795 3481 4841 erat:
3516 4785 3604 4854 ip-

2028 4886 2145 4925 sum
2174 4872 2224 4925 in
2253 4873 2430 4940 seipso
2468 4884 2522 4928 et
2570 4890 2665 4943 per
2703 4877 2937 4945 seipsum
2975 4878 3165 4931 factum
3196 4888 3276 4932 est
3314 4877 3609 4932 secundum

2029 4961 2166 5017 hanc
2195 4963 2494 5018 lectionem.
2524 4965 2724 5021 Deinde
2762 4969 3079 5036 quibusdam
3117 4970 3442 5039 interpositis
3468 4971 3604 5039 adji-

2026 5052 2096 5106 cit
2121 5071 2134 5108 :
2166 5051 2232 5105 Et
2258 5054 2471 5107 vidimus
2512 5056 2725 5126 gloriam
2750 5059 2858 5125 ejus
2881 5099 2895 5122 ,
2931 5060 3145 5128 gloriam
3175 5061 3319 5129 quasi
3351 5060 3611 5130 Unigem’ti.

2026 5160 2058 5196 a
2101 5144 2271 5198 Patre.
2309 5145 2446 5199 Ecce
2475 5147 2766 5203 secundum
2816 5149 3028 5203 illorum
3074 5150 3161 5218 qui
3211 5152 3278 5203 ita
3323 5150 3613 5220 loquuntur

2027 5234 2308 5291 lectionem
2334 5237 2560 5305 Spiritus
2586 5249 2797 5294 sanctus
2815 5282 2828 5305 ,
2860 5241 3159 5309 unigenitus
3185 5255 3304 5295 esse
3324 5240 3487 5296 Filius
3511 5242 3606 5296 de-

2029 5326 2392 5393 prehenditur.
2427 5327 2504 5381 De
2544 5329 2636 5382 illo
2660 5331 2799 5383 enim
2830 5330 2944 5384 haec
2972 5330 3145 5384 omnis
3174 5333 3406 5392 narratio
3449 5333 3602 5385 insti-

2027 5414 2209 5468 tuitur.
2233 5415 2523 5480 Videtisne,
2551 5417 2760 5486 quando
2783 5433 2813 5471 a
2835 5419 3058 5472 veritate
3083 5433 3263 5473 sermo
3290 5420 3522 5483 aberrat,
3553 5421 3605 5475 in

2028 5521 2145 5574 qua:
2178 5507 2465 5575 praecipitia
2494 5508 2683 5574 abeat;
2713 5517 2767 5561 et
2806 5518 2934 5578 quot
2969 5509 3199 5564 absurda
3231 5512 3440 5580 pariat?
3467 5513 3606 5577 Quid

2047 5630 2059 5655 '
2093 5646 2223 5706 Iusta
2256 5641 2461 5706 Boisinm
2494 5641 2597 5687 haec
2623 5640 2785 5706 μικρά
2815 5647 2882 5691 est
2924 5642 3018 5692 vita
3044 5624 3453 5706 ,_delepdaisu_nt_.
3474 5649 3603 5691 lianc

2025 5712 2139 5746 vero
2166 5702 2561 5808 islmllmllonelll,
2591 5702 2647 5749 ad
2672 5701 2852 5752 nullius
2876 5701 3171 5770 exemplaris
3193 5701 3609 5761 ﬁdeﬁt,indttcero

2025 5772 2177 5808 astare
2215 5763 2324 5808 itur.

2025 5763 2324 5824 aggreditur.
