4370 6306
571 309 638 363 95
1285 305 1343 361 S.
1381 302 1655 361 JOANNIS
1692 303 2167 360 CllRYSOSTOMI
2213 303 2527 361 ARCIIIEP.
2557 307 3086 364 CONSTANTIN‘OP.

572 422 769 493 igitur?
818 419 1064 490 Spiritus,
1116 418 1341 488 inquies,
1393 435 1498 472 non
1537 427 1621 474 est
1654 419 1783 472 lux?
1814 419 1905 470 Est
1932 417 2142 486 quidem

573 515 679 577 ius,
709 528 892 567 verum
923 511 1009 566 hic
1046 526 1151 565 non
1180 509 1248 565 de
1277 511 1367 564 illo
1395 510 1568 581 agitur
1597 526 1608 559 :
1639 507 2063 578 quandoquidem
2094 517 2148 562 et

573 605 711 658 Deus
732 603 975 673 Spiritus,
1003 601 1104 656 hoc
1128 611 1228 665 est,
1254 602 1631 669 incorporeus;
1658 600 1750 653 sed
1779 616 1882 652 non
1911 599 2148 652 ubicum-

571 709 677 762 que
703 694 932 763 Spiritus
961 695 1181 756 dicitur,
1213 695 1376 746 Deum
1421 708 1540 746 esse
1574 692 1893 746 declaratur.
1929 691 1994 745 Et
2022 691 2144 760 quid

571 785 801 848 miraris,
833 785 876 838 si
907 785 958 838 id
986 784 1054 837 de
1083 785 1238 838 Patre
1259 783 1535 837 dicamus?
1563 783 1744 852 Neque
1775 783 1916 837 enim
1947 782 2012 836 de
2043 783 2142 836 Pa-

571 875 772 928 raeleto
800 890 1013 944 quoque
1045 875 1092 927 id
1125 874 1418 928 dixerimus
1441 915 1454 936 ,
1493 873 1633 942 quod
1681 873 1996 942 ubicumque
2024 873 2145 941 Spi-

570 966 704 1017 ritus
743 965 974 1030 dicitur,
1017 964 1066 1017 id
1107 964 1175 1018 de
1214 965 1488 1018 Paracleto
1529 964 2147 1033 intelligaturzquamvis

573 1055 675 1110 boe
701 1071 900 1109 nomen
934 1056 1030 1123 ipsi
1062 1057 1290 1110 maxime
1317 1065 1582 1124 competat
1610 1074 1622 1108 :
1653 1063 1882 1108 attamen
1912 1054 1996 1107 tibi
2031 1053 2150 1122 Spi-

572 1147 703 1199 ritus
726 1145 939 1214 legitur,
965 1161 1069 1198 non
1092 1161 1300 1214 semper
1320 1145 1623 1198 Paracletus
1648 1154 1729 1198 est
1755 1145 2144 1214 intelligendus.

574 1235 704 1288 Nam
733 1245 785 1288 et
811 1235 1051 1288 Christus
1083 1237 1171 1288 Dei
1198 1236 1364 1288 virtus
1390 1246 1444 1289 et
1476 1236 1564 1288 Dei
1595 1237 1852 1305 sapientia
1883 1245 2100 1288 vocatur
2129 1252 2143 1300 ;

571 1336 627 1378 at
654 1341 758 1378 non
790 1340 1004 1394 semper
1030 1327 1115 1378 ubi
1147 1325 1237 1379 Dei
1270 1328 1434 1379 virtus
1456 1335 1509 1379 et
1539 1327 1630 1380 Dei
1653 1325 1906 1394 sapientia
1933 1324 2144 1390 dicitur,

574 1417 852 1470 (Iliristus‘
879 1417 1158 1470 iudicatur.
1205 1416 1292 1471 Sic
1338 1426 1390 1470 et
1431 1416 1533 1470 hoc
1579 1417 1729 1480 loco,
1762 1416 1884 1470 licet
1922 1414 2149 1485 Spiritus

577 1507 872 1570 illuminet,
899 1523 1002 1559 non
1037 1514 1210 1562 tamen
1243 1508 1308 1562 de
1342 1507 1454 1576 ipso
1484 1525 1624 1561 nunc
1652 1508 1886 1576 l0quitnr
1922 1522 2148 1575 evange-

577 1599 714 1650 lista.
757 1599 1005 1652 Attamen
1046 1597 1126 1651 his
1165 1599 1396 1653 exclusis
1438 1599 1683 1653 absurdis
1705 1599 2015 1663 ratiociniis,
2050 1599 2147 1666 illi,

572 1688 662 1756 qni
689 1703 900 1757 semper
928 1690 1134 1743 veritati
1165 1701 1478 1759 repugnant,
1507 1690 1687 1743 dicere
1717 1705 1818 1742 non
1846 1689 2108 1744 desistunt
2135 1707 2146 1743 :

582 1779 732 1844 Quod
754 1780 942 1847 factum
971 1791 1063 1845 est,
1093 1781 1145 1833 in
1170 1781 1280 1849 ipso
1307 1782 1405 1834 vita
1427 1791 1532 1833 erat
1557 1781 1621 1850 (υ.
1650 1781 1772 1851 id);
1799 1781 1847 1833 id
1873 1789 1972 1845 est,
2001 1779 2150 1845 Quod

576 1873 770 1923 laetum
817 1880 898 1924 est
942 1873 1050 1923 vita
1102 1881 1236 1925 erat.
1287 1872 1422 1936 Quid
1471 1871 1669 1940 igitur?
1706 1887 1770 1923 an
1800 1870 2150 1925 Sodomorum

575 1963 915 2031 supplicium,
963 1963 1240 2024 diluvium.
1284 1963 1524 2032 gebenna
1575 1974 1627 2015 et
1673 1962 1818 2015 mille
1845 1976 1930 2014 res
1971 1960 2152 2029 hujus-

576 2057 715 2110 modi
757 2058 862 2110 vita
902 2058 1096 2111 erant?
1129 2055 1231 2111 Sed
1272 2056 1338 2110 de
1365 2055 1633 2109 creatione
1664 2054 1813 2108 nobis
1841 2061 1923 2108 es:
1951 2068 2148 2117 sermo,

576 2150 836 2220 inquiunt.
871 2151 1024 2204 Certe
1051 2149 1137 2204 illa
1167 2166 1376 2220 quoque
1411 2150 1473 2202 ad
1513 2149 1836 2201 creationem
1865 2145 2148 2215 pertinent.

583 2240 773 2295 Verum
803 2251 858 2294 ut
885 2241 1096 2294 aliunde
1123 2241 1280 2295 etiam
1323 2241 1530 2292 illormn
1571 2237 1885 2292 sententiam
1931 2235 2154 2289 validius

576 2331 914 2386 confutemns
943 2372 956 2393 ,
1012 2330 1453 2400 iuterrogabimus
1516 2329 1633 2381 illos
1684 2346 1697 2380 :
1744 2328 1880 2382 Num
1928 2342 2151 2397 quaeso,

579 2426 778 2493 lignum
821 2425 924 2477 vita
955 2425 1080 2476 est?
1111 2440 1234 2476 num
1265 2423 1419 2491 lapis,
1452 2422 1684 2474 inanima
1731 2420 1845 2473 lucc
1886 2428 1941 2473 et
1970 2420 2157 2472 immo-

578 2517 740 2570 bilia?
782 2532 847 2570 an
899 2517 1062 2572 homo
1102 2515 1320 2570 omnino
1352 2515 1454 2567 vita
1485 2513 1602 2567 est?
1630 2513 1818 2580 Ecquis
1863 2510 1965 2564 hoc
2007 2510 2156 2564 dixe-

576 2609 680 2661 rit?
710 2607 822 2662 Non
851 2609 991 2662 enim
1021 2608 1133 2676 ipsa
1161 2607 1265 2660 vita
1300 2606 1459 2660 homo
1487 2647 1499 2667 ,
1527 2605 1623 2664 sed
1650 2605 1770 2658 vita:
1798 2619 1965 2675 capax
1994 2603 2155 2666 homo

575 2707 676 2753 est.

646 2787 700 2840 2.
736 2787 870 2841 Vide
919 2802 1128 2840 rursum
1171 2787 1254 2841 bie
1298 2787 1676 2842 absurditatem
1711 2805 1724 2841 :
1753 2803 1874 2840 nam
1905 2789 2043 2844 banc
2069 2801 2158 2841 se-

577 2892 804 2944 quemur
846 2875 1054 2930 dicendi
1097 2877 1290 2930 seriem
1318 2918 1330 2940 ,
1362 2886 1420 2930 ut
1446 2876 1568 2930 hinc
1596 2891 1780 2930 eorum
1804 2877 2156 2944 insipientiam

580 2969 868 3023 discamus.
911 2969 997 3022 Sic
1042 2968 1173 3022 nihil
1212 2984 1430 3038 usquam
1463 2969 1536 3022 illi
1569 2969 1749 3022 dicunt
1776 2969 1914 3038 quod
1942 2969 2160 3038 Spiritui

580 3070 886 3128 competere
930 3061 1114 3127 possit.
1164 3059 1448 3128 Postquam
1490 3061 1629 3112 enim
1663 3059 1783 3113 inde
1810 3059 2158 3124 exciderunt,

583 3153 884 3206 hominibus
914 3152 1002 3205 illa
1025 3151 1348 3216 adscribunt,
1381 3167 1496 3220 qum
1519 3152 1584 3205 de
1611 3151 1806 3219 Spiritu
1836 3151 1992 3222 digne
2021 3152 2157 3206 dicta

583 3245 748 3300 fuisse
768 3244 1039 3313 putabant.
1059 3243 1321 3298 Castorum
1345 3244 1452 3312 jam
1478 3245 1754 3298 lectionem
1777 3246 2157 3300 examinemus.

582 3337 838 3390 Creatura
862 3350 999 3389 nunc
1023 3336 1124 3388 vita
1148 3335 1366 3397 dicitur;
1392 3352 1518 3405 ergo
1542 3336 1629 3392 lux
1660 3337 1816 3391 etiam
1845 3348 1926 3391 est
1957 3337 2162 3407 :deque

585 3427 672 3480 illa
698 3426 1070 3480 lestiticaturns
1087 3426 1230 3479 venit
1259 3425 1508 3480 Joannes.
1539 3428 1647 3480 Cur
1675 3443 1800 3495 ergo
1835 3443 1936 3481 non
1967 3438 2020 3481 et
2049 3431 2162 3498 ipse

587 3516 672 3568 lux
703 3516 820 3571 est?
848 3515 978 3570 Nam
1008 3514 1128 3569 Non
1151 3526 1255 3569 erat
1278 3517 1364 3569 ille
1389 3517 1496 3581 lux,
1527 3517 1714 3586 inquit.
1743 3518 1899 3587 Atqui
1921 3535 1985 3573 ex
2014 3535 2162 3572 crea-

586 3616 820 3661 turarum
866 3623 1087 3663 nmnero
1129 3618 1261 3662 erat.
1307 3609 1584 3676 Quomodo
1613 3626 1740 3678 ergo
1775 3627 1878 3668 non
1920 3620 2001 3664 est
2037 3613 2162 3664 lux?

585 3699 850 3766 quomodo
877 3698 941 3752 In
971 3701 1157 3753 mundo
1182 3711 1308 3766 erat,
1340 3711 1385 3755 et
1415 3702 1631 3755 mundus
1664 3719 1750 3771 per
1777 3704 1944 3772 ipsum
1994 3706 2161 3775 {nctus

585 3793 698 3847 est?
721 3799 1034 3846 creaturane
1063 3801 1178 3846 erat
1207 3793 1258 3846 in
1284 3802 1546 3860 creatura,
1570 3803 1622 3847 et
1640 3805 1879 3848 creatura
1906 3811 1997 3864 per
2017 3811 2165 3849 crea-

587 3892 756 3936 turam
790 3883 922 3936 l’acta
952 3882 1067 3935 est?
1091 3883 1356 3951 quomodo
1385 3883 1610 3936 Mundus
1635 3900 1744 3935 eum
1773 3901 1870 3936 non
1898 3887 2166 3953 cognovit?

585 3988 650 4026 an
681 3982 922 4027 creatura
953 3983 1246 4028 creaturam
1280 3990 1382 4026 non
1411 3975 1593 4026 novit?
1626 3974 1876 4042 Quotquot
1904 3984 2068 4026 autem
2089 3991 2168 4026 re-

587 4073 822 4132 ceperunt
852 4081 964 4118 eum
989 4106 1003 4130 ,
1033 4063 1169 4118 dedit
1197 4066 1268 4120 eis
1294 4074 1584 4134 potestate»:
1615 4066 1748 4132 ﬁlios
1781 4064 1871 4118 Dei
1900 4066 2030 4133 fieri.
2061 4065 2164 4120 Sed

585 4166 667 4210 sat
692 4155 820 4209 risui
842 4156 1022 4213 datum
1045 4166 1147 4213 est.
1182 4156 1303 4210 llaec
1325 4166 1560 4210 monstra
1593 4156 1871 4210 verborum
1897 4156 2047 4209 vobis
2072 4157 2166 4211 de-

590 4247 768 4316 inceps
813 4247 1132 4301 confutanda
1177 4249 1450 4319 relinquo,
1486 4265 1550 4301 ne
1578 4263 1674 4302 nos
1704 4248 1816 4302 luce
1847 4249 2013 4302 risum
2046 4265 2163 4302 mu-

589 4339 741 4393 vendi
767 4354 925 4394 causa
956 4341 1275 4408 prmmisisse
1304 4341 1597 4403 videamur,
1630 4351 1942 4410 tempusque
1971 4340 2162 4395 frustra

587 4436 837 4483 teramus.
864 4429 992 4483 Nam
1017 4431 1059 4482 si
1091 4430 1202 4483 lia-c
1224 4431 1288 4484 de
1309 4431 1505 4498 Spiritu
1529 4447 1630 4483 non
1652 4431 1788 4484 dicta
1811 4441 1952 4494 sunt,
1982 4432 2163 4499 utjam

585 4520 1006 4575 demonstratum
1046 4531 1148 4580 est.
1194 4538 1363 4588 neque
1398 4521 1465 4574 de
1507 4532 1783 4585 creatura;
1827 4532 1878 4574 et
1923 4524 2163 4575 eamdem

589 4621 766 4666 tamen
798 4612 871 4666 illi
905 4611 1191 4668 leczionem
1231 4620 1474 4664 tueantur
1505 4629 1517 4662 :
1554 4611 1678 4665 illud
1708 4613 1942 4665 omnium
1975 4612 2165 4665 absur-

586 4703 862 4756 dissimum
905 4712 1174 4772 sequetur.
1205 4714 1261 4755 nt
1300 4703 1546 4763 diximus,
1576 4703 1714 4771 quod
1760 4703 1922 4756 Filius
1953 4718 2047 4772 per
2084 4718 2168 4757 se-

589 4794 760 4862 ipsum
801 4793 970 4848 factus
1011 4793 1098 4845 sit.
1143 4793 1195 4849 Si
1242 4793 1383 4847 enim
1433 4794 1518 4846 lux
1552 4809 1670 4847 vera
1716 4794 1882 4848 Filius
1921 4805 2032 4860 Cal;
2079 4795 2164 4848 lux

585 4894 762 4936 autem
791 4886 903 4938 lure
934 4884 1036 4936 vita
1066 4894 1198 4947 erat,
1231 4885 1440 4952 vitaque
1483 4884 1532 4937 in
1581 4885 1694 4952 ipso
1739 4884 1871 4938 facta
1903 4896 1985 4939 est
2017 4904 2030 4938 :
2064 4901 2162 4939 ne-

585 4975 818 5028 cessario
842 4975 965 5028 illud
981 4975 1320 5043 εοιιευίιιιίιιιι·
1341 4974 1628 5028 secundum
1655 4990 1838 5029 eorum
1860 4976 2161 5030 lectionem.

589 5068 710 5120 ideo
741 5069 837 5123 bac
867 5070 1062 5121 omissa
1085 5109 1099 5132 ,
1133 5067 1196 5120 ad
1239 5067 1522 5134 legitimam
1569 5067 1839 5119 veniamus
1882 5067 2162 5121 lectionem

586 5170 640 5209 et
694 5160 1204 5229 interpretationem.
1249 5159 1501 5226 Quanam
1556 5159 1639 5211 illa
1685 5158 1800 5213 est?
1841 5158 1906 5214 Ut
1953 5160 2003 5212 in
2054 5159 2166 5212 luee

585 5251 744 5305 verba
771 5291 785 5314 ,
829 5251 977 5315 Quod
1026 5255 1213 5321 factum
1260 5261 1366 5315 est,
1411 5251 1754 5304 terminemus
1798 5251 2159 5304 sententiam:

583 5344 777 5398 deinde
804 5345 871 5397 ab
903 5345 1002 5399 hoc
1021 5346 1162 5400 dicto
1189 5345 1522 5413 incipiamus,
1553 5347 1614 5396 lu
1637 5343 1747 5411 ipso
1775 5343 1874 5396 vita
1895 5353 2016 5396 erat.
2055 5343 2164 5396 lloc

584 5443 759 5488 autem
795 5435 884 5487 ille
916 5435 1025 5486 vult
1055 5437 1352 5502 signiﬁcare
1385 5454 1395 5487 :
1433 5436 1558 5488 Sine
1586 5435 1694 5503 ipso
1725 5436 1913 5502 factum
1940 5442 2012 5485 est
2039 5431 2164 5484 nihil

586 5529 718 5595 quod
739 5527 930 5594 factum
955 5536 1047 5578 est.
1078 5525 1130 5580 Si
1159 5527 1302 5595 quid,
1340 5529 1522 5596 inquit,
1561 5527 1753 5581 factum
1783 5533 1882 5589 est,
1907 5524 2020 5577 sine
2050 5523 2164 5592 ipso

647 5695 662 5723 ι
702 5687 753 5736 la
788 5682 947 5734 Morel.
979 5683 1175 5744 legi'ur,
1203 5685 1360 5734 Filius.

3767 319 3847 372 ω

2259 417 2449 471 factum
2484 435 2586 473 non
2615 435 2714 474 eSI.
2749 421 2933 475 \‘iden‘
2956 423 3223 492 quomodo
3251 441 3344 494 per
3368 427 3528 484 breve
3557 429 3656 483 hoc
3685 433 3837 486 addi-

2255 519 2544 562 tamentum
2575 511 2799 564 absurda
2827 513 3002 564 omnia
3046 530 3162 581 quae
3202 515 3427 569 suboriri
3459 529 3702 585 poterant
3730 525 3833 574 eli-

2254 597 2506 651 minavit?
2551 598 2650 652 Per
2689 599 2737 652 id
2779 602 2918 654 enim
2955 601 3092 670 quod
3125 603 3332 670 intulit,
3365 605 3619 675 Sineipso
3644 609 3834 674 factum

2253 698 2322 740 est
2346 689 2490 752 nihil,
2519 700 2571 743 et
2597 704 2690 759 per
2716 691 2843 744 illud
2875 692 3132 757 additum,
3164 693 3311 760 Quod
3332 703 3521 765 [actum
3551 709 3643 759 est,
3679 700 3832 753 intel-

2256 779 2494 831 lectualia
2524 780 2680 833 simul
2708 783 3132 850 eomprebendit.
3160 785 3521 854 Spiritumque
3547 787 3828 840 subtraxit.

2253 866 2382 920 Cum
2414 869 2553 921 enim
2581 869 2820 935 dixisSet,
2849 871 3032 925 Omnia
3054 890 3142 941 per
3162 857 3326 942 ipsum
3348 879 3481 945 facta
3501 887 3639 938 sunt,
3661 888 3706 930 et
3727 879 3836 930 sine

2256 958 2363 1026 ipso
2391 962 2581 1028 factum
2609 969 2680 1013 est
2709 962 2836 1014 nihil
2860 977 2878 1014 :
2909 979 2974 1015 ne
3001 965 3119 1032 quis
3145 964 3363 1028 diceret,
3393 965 3446 1019 Si
3477 968 3676 1031 omnia,
3703 983 3834 1038 ergo

2255 1048 2484 1117 Spiritus
2513 1066 2606 1118 per
2631 1053 2798 1119 ipsum
2832 1051 3002 1112 factus
3029 1063 3109 1107 est
3129 1097 3141 1115 ,
3176 1054 3280 1108 hoc
3307 1056 3668 1111 additamenta
3697 1072 3834 1126 opus

2257 1140 2370 1192 luit.
2417 1140 2524 1208 Ego
2545 1181 2560 1205 ,
2601 1141 2788 1210 inquit,
2820 1144 2862 1194 si
2894 1143 3016 1210 quid
3049 1143 3242 1197 factum
3276 1154 3376 1209 est,
3407 1147 3506 1199 ltoe
3536 1161 3630 1215 per
3659 1148 3831 1214 ipsum

2257 1227 2449 1282 factum
2493 1245 2611 1283 esse
2647 1231 2790 1295 dixi;
2839 1233 2949 1286 sive
2979 1233 3259 1299 invisibile,
3293 1236 3404 1289 sive
3434 1236 3832 1306 incorporeum,

2257 1321 2368 1374 sive
2395 1322 2446 1374 in
2476 1322 2607 1375 cado
2628 1324 2642 1353 ³
2675 1321 2868 1376 laetum
2897 1325 2984 1378 sit.
3024 1323 3147 1379 ldeo
3179 1341 3280 1378 non
3318 1326 3630 1394 simpliciter
3655 1327 3842 1380 omnia

2255 1413 2391 1476 dixi;
2422 1413 2516 1468 sed
2547 1415 2592 1468 si
2620 1415 2744 1485 quid
2777 1415 2970 1469 factum
2992 1425 3073 1469 est
3098 1436 3110 1470 :
3136 1416 3236 1471 hoc
3260 1427 3361 1482 est,
3382 1434 3499 1486 qua:
3527 1418 3662 1472 laeta
3688 1429 3831 1472 sunt.

2255 1510 2483 1575 Spiritus
2506 1524 2632 1564 vero
2657 1508 2824 1563 factus
2855 1526 2957 1563 non
2981 1523 3082 1564 εει.
3101 1511 3283 1564 Viden‘
3311 1523 3610 1565 accuratam
3636 1511 3836 1564 doctri-

2259 1602 2414 1654 nam?
2437 1601 2636 1655 Rerum
2665 1601 2937 1656 sensilium
2968 1607 3288 1659 creationem
3321 1604 3650 1666 memoravit,
3675 1617 3832 1671 quam

2259 1701 2410 1746 antea
2443 1692 2649 1763 Moyses
2676 1692 2925 1746 docuerat
2960 1711 2974 1746 :
3004 1692 3193 1748 deinde
3213 1693 3323 1764 jam
3355 1693 3582 1746 imbutos
3609 1693 3674 1745 ad
3703 1693 3804 1746 sub
3823 1720 3836 1732 -

2259 1783 2464 1837 limiora
2491 1784 2712 1850 ducens,
2741 1784 3049 1854 incorporea
3083 1800 3274 1854 nempe
3301 1794 3354 1838 et
3379 1785 3684 1850 invisibilia,
3715 1786 3835 1854 Spi—

2260 1875 2414 1926 ritum
2438 1884 2677 1928 sanctum
2700 1874 2765 1928 ab
2785 1875 2926 1928 omni
2947 1885 3186 1930 creatura
3218 1876 3465 1944 sejunxit.
3495 1876 3582 1930 Sic
3611 1886 3663 1929 et
3697 1876 3836 1929 Pan-

2260 1967 2340 2020 lns
2380 1969 2478 2020 bac
2521 1968 2688 2037 gratia
2739 1969 3022 2036 inspiratus
3059 1969 3267 2022 diccbat
3299 1985 3312 2022 :
3347 1968 3596 2033 Quoniam
3635 1970 3688 2022 in
3727 1970 3836 2038 ipso

2259 2067 2425 2110 creata
2454 2067 2572 2110 sunt
2602 2059 2772 2112 omnia
2795 2057 2930 2128 (Col.
2957 2060 3006 2112 i.
3035 2058 3143 2129 l6).
3172 2059 3268 2113 llic
3295 2073 3420 2112 vero
3446 2075 3654 2112 rursum
3686 2075 3836 2112 eam-

2258 2147 2380 2203 dem
2425 2150 2817 2204 accurationem
2868 2152 3118 2204 observes
3169 2151 3350 2204 velim.
3416 2151 3555 2205 ldem
3605 2167 3837 2218 namque

2258 2240 2490 2310 Spiritus
2512 2241 2646 2294 hanc
2675 2257 2884 2310 quoque
2911 2243 3154 2294 movebat
3178 2242 3427 2296 animam.
3456 2242 3531 2295 Ne
3555 2243 3676 2310 quis
3696 2243 3835 2294 enim

2262 2346 2374 2386 rem
2403 2333 2589 2385 factam
2619 2335 2918 2400 quampiam
2948 2350 2974 2384 a
3011 2333 3099 2386 Dei
3129 2333 3398 2387 creatione
3426 2347 3744 2389 removeret.
3775 2347 3839 2385 eo

2261 2422 2400 2490 quod
2436 2422 2544 2490 ipsa
2577 2421 2857 2476 invisibilia
2877 2433 3083 2483 essent;
3117 2439 3247 2474 neve
3280 2422 3360 2476 bis
3392 2423 3723 2476 Paraeletutn
3748 2424 3840 2472 atl-

2265 2513 2545 2576 tnisceret,
2597 2513 2964 2581 pnelermissis
3012 2513 3386 2580 sensibilibus,
3427 2528 3543 2580 qu:e
3593 2512 3839 2564 omnibus

2263 2615 2382 2658 nota
2412 2611 2582 2667 erant,
2610 2605 2838 2658 emlestia
2861 2613 3128 2657 enmnerat
3161 2603 3242 2657 bis
3264 2602 3436 2657 verbis
3466 2619 3481 2657 :
3508 2601 3626 2655 Sive
3651 2603 3834 2662 tiu-oni,

2262 2695 2364 2746 sive
2379 2695 2758 2758 dominationes,
2773 2695 2874 2748 sive
2887 2694 3218 2764 principatus,
3237 2696 3334 2747 sive
3352 2703 3614 2761 potestates
3629 2699 3644 2762 (
3657 2691 3679 2744 Ι
3689 2690 3838 2760 bid.).

2269 2785 2396 2837 Illud
2424 2786 2587 2850 enim,
2621 2786 2756 2849 Sive,
2794 2787 3012 2853 singulis
3044 2785 3341 2853 appositum
3368 2825 3391 2848 ,,
3417 2784 3543 2836 nihil
3573 2783 3724 2836 aliud
3743 2799 3839 2836 uo-

2269 2873 2350 2928 bis
2376 2875 2658 2944 significat,
2687 2893 2842 2946 quam
2873 2877 2992 2939 hoc,
3018 2877 3201 2930 (inania
3230 2893 3315 2944 per
3342 2878 3505 2950 ipsum
3537 2879 3671 2946 facta
3701 2885 3837 2935 sunt,

2265 2978 2311 3020 ct
2344 2970 2452 3022 sine
2485 2969 2597 3038 ipso
2631 2971 2820 3038 factum
2849 2979 2920 3021 est
2955 2967 3084 3021 nihil
3111 2969 3244 3037 quod
3272 2971 3458 3038 factum
3485 2977 3574 3021 est.
3619 2967 3839 3032 Quodsi

2269 3059 2416 3119 illud.
2452 3059 2574 3123 Per,
2603 3060 3003 3113 diminutionem
3034 3061 3333 3128 signiﬁcare
3360 3069 3532 3128 putes,
3562 3057 3684 3111 audi
3721 3073 3842 3124 pro-

2269 3155 2480 3224 phetam
2512 3153 2772 3209 dicentem
2801 3173 2812 3206 :
2845 3152 2998 3205 Initio
3030 3164 3101 3212 tu,
3125 3151 3358 3215 Domine,
3383 3163 3569 3204 terram
3597 3150 3841 3218 finitlasti,

2268 3260 2312 3302 et
2357 3265 2510 3316 opera
2549 3264 2786 3300 manuum
2820 3257 3018 3298 tuarum
3051 3255 3162 3298 sunt
3192 3245 3300 3298 ctcli
3332 3244 3348 3311 (
3380 3243 3522 3297 Psal.
3557 3245 3678 3297 101.
3709 3243 3778 3295 9..ιὶ
3805 3243 3841 3307 ).

2267 3339 2416 3407 Quod
2466 3339 2533 3392 de
2577 3338 2728 3391 Patre
2778 3347 2831 3390 ut
2871 3345 3110 3390 creatore
3158 3334 3354 3408 dictum
3399 3345 3501 3396 est,
3537 3332 3586 3386 id
3618 3333 3684 3386 de
3715 3332 3846 3384 Filio

2269 3431 2438 3482 dicit:
2475 3445 2578 3482 non
2619 3428 2886 3490 dicturus,
2931 3425 3029 3480 nisi
3076 3435 3300 3482 creator.
3336 3440 3433 3478 nec
3463 3433 3661 3476 tantum
3694 3422 3845 3474 inini-

2269 3527 2379 3572 ster
2401 3519 2731 3572 existimatus
2755 3526 2910 3569 esset.
2947 3513 3094 3580 Quod
3125 3516 3167 3566 si
3197 3515 3280 3567 liie
3309 3513 3405 3566 Per
3427 3514 3590 3580 ipsum
3619 3512 3844 3572 dicatur,

2271 3628 2373 3665 non
2413 3613 2511 3664 alia
2543 3610 2608 3663 de
2635 3624 2792 3663 causa
2829 3609 3056 3672 dicitur,
3089 3623 3243 3676 quam
3272 3622 3337 3659 ne
3362 3606 3479 3674 quis
3518 3603 3706 3657 Filium
3742 3621 3844 3658 non

2269 3703 2506 3771 genitum
2531 3716 2648 3755 esse
2676 3701 2995 3766 suspicetur.
3027 3698 3460 3764 Quandoquidem
3492 3696 3628 3761 quod
3659 3711 3846 3749 Secun-

2271 3792 2394 3843 dum
2421 3789 2706 3843 creationis
2733 3788 3042 3857 dignitatem
3071 3786 3200 3840 nilnil
3234 3787 3408 3838 minus
3441 3785 3656 3841 habeat.
3689 3801 3844 3852 quam

2273 3881 2446 3944 Pater,
2472 3880 2592 3932 audi
2622 3879 2790 3946 ipsum
2819 3879 3080 3932 dicen‘rm
3103 3895 3114 3930 :
3137 3875 3278 3930 Sicut
3312 3875 3465 3928 Pater
3491 3877 3696 3928 suscitat
3717 3892 3850 3926 mor‘

2273 3983 2383 4024 tuos
2415 3981 2460 4023 ct
2489 3971 2721 4038 vivi/ictu,
2753 3970 2823 4022 sic
2850 3979 2894 4022 et
2926 3968 2972 4020 F
2975 3969 3091 4021 ilius
3119 3984 3243 4036 quos
3273 3968 3375 4020 vult
3403 3969 3621 4032 vivi/ica:
3653 3966 3672 4037 (
3690 3967 3845 4019 Joan.

2272 4063 2324 4116 5.
2353 4063 2470 4128 21).
2514 4060 2570 4113 Si
2617 4061 2792 4128 itaque
2822 4059 2890 4112 de
2933 4058 3063 4111 Filio
3103 4058 3307 4111 dicatur
3346 4057 3396 4108 in
3445 4056 3622 4110 Veteri
3664 4055 3848 4109 Testa-

2274 4162 2472 4212 mento,
2507 4149 2662 4203 Initio
2692 4160 2764 4213 tu,
2798 4149 3030 4213 Domine,
3058 4159 3240 4201 terram
3269 4147 3497 4217 fundasti
3521 4186 3536 4210 ,
3574 4145 3850 4198 manifesta

2272 4256 2353 4299 est
2398 4242 2683 4297 creationis
2723 4241 2952 4310 dignitas
2983 4257 2995 4290 :
3021 4241 3101 4294 sin
3141 4239 3208 4292 de
3248 4239 3402 4291 Patre
3445 4237 3755 4305 prophetam
3801 4235 3849 4288 id

2275 4337 2551 4406 loquutnm
2573 4333 2792 4398 dixeris,
2824 4332 3044 4386 Paulttm
3067 4340 3242 4384 autem
3271 4330 3401 4383 Filio
3431 4329 3780 4397 adscripsisse
3803 4328 3853 4380 id

2272 4428 2411 4495 quod
2442 4427 2507 4480 de
2538 4425 2692 4478 Patre
2722 4424 2919 4476 dictum
2947 4433 3090 4484 erat;
3121 4421 3345 4489 idipsum
3373 4430 3545 4472 tamen
3577 4428 3848 4488 sequetur.

2274 4519 2456 4587 Neque
2477 4517 2618 4568 enim
2648 4515 2696 4567 id
2727 4513 2916 4567 Paulus
2940 4513 3080 4566 Filio
3105 4522 3407 4579 eumpetere
3434 4511 3726 4575 statuisset,
3754 4510 3852 4562 nisi

2274 4608 2559 4663 admodum
2605 4618 2780 4661 certus
2803 4649 2816 4667 ,
2857 4622 3034 4675 parem
3063 4621 3182 4659 esse
3209 4605 3538 4674 dignitatem.
3586 4604 3851 4656 Extrema:

2277 4715 2504 4768 namque
2528 4698 2761 4752 audacize
2787 4707 2950 4759 esset,
2978 4713 3038 4749 ea
3069 4714 3186 4765 qua:
3215 4694 3613 4762 incomparabili
3649 4703 3848 4748 natura:

2275 4800 2660 4860 t-otnpelercnl,
2691 4791 2878 4844 minori
2908 4797 2960 4842 et
2987 4787 3228 4842 inferiori
3258 4787 3583 4840 adSt-rilierc.

2347 4886 2397 4939 5.
2424 4887 2491 4936 At
2516 4897 2687 4951 neque
2711 4888 2901 4944 minor,
2929 4895 3098 4949 neque
3123 4878 3340 4932 inferior
3366 4879 3533 4931 Patris
3558 4875 3850 4930 substantia

2275 4985 2356 5028 est
2386 4973 2568 5027 Filius.
2603 4971 2934 5040 Quapropter
2969 4985 3070 5021 non
3105 4968 3205 5022 boc
3234 4969 3404 5022 solum
3435 4967 3502 5021 de
3532 4965 3665 5019 Filio
3695 4979 3854 5018 ausus

2276 5078 2354 5118 est
2382 5064 2573 5118 Paulus
2601 5063 2810 5125 diei-re,
2839 5061 2930 5114 sed
2960 5061 3116 5113 etiam
3149 5059 3248 5112 alia
3280 5059 3492 5110 similia.
3525 5055 3656 5110 Nam
3689 5055 3810 5108 illud
3835 5094 3848 5116 ,

2277 5157 2357 5209 lix
2382 5172 2498 5224 quo,
2527 5153 2668 5223 quod
2701 5163 2752 5205 tu
2783 5152 2946 5205 solius
2976 5152 3144 5205 Patris
3171 5149 3412 5220 dignitati
3440 5149 3699 5202 adscribis
3719 5187 3734 5212 ,
3767 5147 3852 5198 ille

2274 5249 2340 5301 de
2388 5248 2520 5301 Filio
2561 5245 2689 5299 dicit
2738 5245 2820 5298 bis
2863 5243 3034 5296 verbis
3061 5260 3073 5296 :
3105 5242 3185 5295 Ea:
3213 5258 3309 5310 quo
3341 5250 3496 5292 totum
3523 5254 3705 5306 corpus
3725 5279 3738 5299 ,
3769 5253 3854 5304 per

2275 5355 2432 5392 nexus
2464 5346 2507 5390 et
2541 5334 2917 5403 conjunctiones
2952 5333 3384 5386 subministratum
3416 5340 3460 5380 ct
3486 5336 3846 5386 constructum,

2273 5427 2446 5481 crescit
2473 5427 2522 5478 in
2552 5433 2874 5492 augmentum
2901 5422 2990 5475 Dei
3022 5421 3251 5490 (Coloss.
3277 5419 3331 5472 ‘2.
3364 5420 3426 5472 19
3444 5420 3482 5486 ).
3529 5415 3708 5482 Neque
3751 5413 3849 5466 hoc

2275 5519 2388 5571 solo
2412 5523 2692 5570 contentus
2713 5521 2813 5578 est,
2839 5511 2931 5566 sed
2961 5521 3015 5566 et
3039 5509 3254 5566 aliunde
3275 5509 3422 5563 vobis
3445 5505 3708 5562 obstruxit
3732 5519 3846 5566 ora,

2340 5673 2352 5702 ι
2394 5672 2475 5721 ,λιιι
2511 5670 2708 5727 habent,
2733 5669 2827 5718 sive
2853 5670 2900 5716 in
2920 5666 3199 5716 hominibus.
