4370 6306
296 407 375 466 ω
831 398 837 404 ’
1404 396 1471 452 IN
1507 393 1821 453 JOANNEM
1861 395 2022 453 uota

1864 395 2095 454 IlOMlL.
2129 398 2192 454 ν.
2232 402 2305 458 al.
2345 401 2433 461 iV.
3521 420 3590 475 58

308 538 431 576 eum
462 518 610 581 illud,
644 516 746 571 Per
772 532 938 588 quem,
964 512 1105 584 quod
1129 511 1384 567 minorem
1413 508 1710 579 signiﬁcare
1739 507 1891 572 dicis,

311 613 453 665 Patri
479 609 755 664 adscribit.
789 606 980 661 Fidelis
1004 604 1145 660 enim
1177 603 1344 666 Deus,
1375 601 1576 672 inquit,
1617 616 1708 669 per
1747 615 1893 665 quem

308 700 474 754 uocati
496 701 614 755 estis
643 700 695 752 in
721 700 1006 753 societatem
1047 693 1175 748 Filii
1212 694 1323 762 ejus
1369 694 1416 756 (1
1471 691 1588 745 Cor.
1621 692 1672 745 1.
1710 690 1811 759 9);
1840 699 1893 744 et

306 808 544 855 rursum,
579 790 681 845 Per
707 791 1011 844 uoluntatem
1037 788 1147 857 ejus
1173 784 1398 854 (Ep/tes.
1430 785 1481 838 1.
1510 784 1532 837 1
1560 783 1613 852 );
1643 792 1696 835 et
1724 782 1847 835 alibi
1871 821 1887 845 ,

307 883 567 949 Quoniam
610 897 672 934 ea:
714 880 826 947 ipso
849 919 865 944 ,
902 888 948 931 et
985 894 1075 946 per
1116 878 1303 946 ipsum,
1335 885 1381 928 et
1424 875 1477 929 in
1518 874 1686 942 ipsum
1720 874 1891 926 aetolia

302 971 481 1042 (Rom.
508 973 594 1027 11.
617 970 727 1042 56).
759 970 941 1040 Itaque
967 984 1072 1023 non
1099 969 1189 1023 uni
1219 966 1353 1021 Filio
1373 965 1522 1029 illud,
1549 965 1631 1019 Ex
1651 982 1770 1036 quo,
1792 964 1886 1019 sed

301 1064 468 1117 etiam
493 1060 711 1131 Spiritui
746 1062 1014 1116 tribuitur.
1048 1060 1254 1115 Etenim
1284 1058 1519 1128 Josepho
1546 1058 1769 1128 angelus
1798 1058 1884 1111 di-

301 1153 498 1206 ccbat:
536 1151 615 1205 Ne
653 1153 829 1206 timeas
869 1154 1100 1222 accipere
1139 1150 1361 1203 Mariam
1397 1150 1663 1220 conjugem
1701 1158 1838 1202 tuam
1865 1165 1885 1203 :

300 1245 437 1313 quod
465 1246 594 1299 enim
618 1246 671 1299 in
694 1262 753 1299 ea
768 1255 941 1299 natum
962 1255 1056 1310 est,
1077 1261 1141 1298 ea:
1160 1244 1360 1313 Spiritu
1379 1252 1553 1297 sancto
1575 1252 1646 1296 est
1668 1242 1880 1312 (Matth.

304 1339 351 1387 1.
378 1334 493 1403 20).
525 1335 983 1400 Quemadmodum
1006 1344 1060 1389 et
1085 1334 1231 1395 illud,
1257 1332 1323 1386 In
1343 1350 1460 1404 quo,
1484 1333 1622 1404 quod
1654 1333 1883 1400 Spiritus

300 1438 402 1486 est.
438 1443 543 1481 non
574 1437 784 1482 recusat
804 1427 1060 1497 propheta
1093 1427 1202 1481 Deo
1228 1428 1484 1491 tribuere,
1514 1427 1637 1480 dtnn
1668 1426 1742 1479 ait
1772 1443 1785 1478 :
1816 1424 1882 1479 In

299 1519 408 1572 Deo
436 1523 679 1587 facientia
699 1522 930 1574 virtutem
959 1520 1132 1590 (Psal.
1161 1520 1251 1576 59.
1283 1518 1387 1589 14).
1423 1519 1486 1573 Et
1514 1518 1705 1573 Paulus
1727 1559 1744 1583 ,
1775 1517 1880 1571 0b-

297 1626 500 1664 δρα-ατη
520 1650 537 1677 ,
574 1612 682 1677 ait,
713 1614 758 1665 si
779 1613 1028 1680 quomodo
1056 1612 1258 1665 tandem
1285 1611 1556 1680 aliquando
1585 1627 1879 1680 prosperum

296 1703 392 1755 iter
418 1703 629 1757 habeam
656 1706 709 1758 in
737 1706 992 1759 voluntate
1021 1704 1115 1759 Dei
1141 1705 1371 1759 veniendi
1399 1705 1469 1757 ad
1496 1720 1581 1758 vos
1612 1703 1784 1774 (Rom.
1823 1706 1872 1759 1.

299 1796 388 1867 10)
416 1815 431 1851 :
462 1805 517 1851 et
561 1798 747 1852 iterum
794 1798 845 1852 id
886 1798 953 1853 de
992 1797 1203 1853 Christo
1229 1798 1388 1862 dicit,
1419 1797 1482 1851 In
1503 1796 1705 1852 Christo
1726 1798 1872 1851 Jesu.

301 1886 675 1955 Ilujuscemodi
721 1898 868 1942 certe
922 1889 1078 1943 verba
1136 1888 1599 1942 indiscriminatim
1656 1898 1871 1956 accepta

299 1977 607 2046 frequenter
626 1979 951 2048 reperiemus
975 1998 988 2032 :
1012 1979 1153 2047 quod
1186 1980 1402 2032 minimc
1435 1978 1602 2042 lieret,
1635 1980 1734 2033 nisi
1760 1979 1870 2032 uhi-

293 2083 399 2135 que
426 2068 612 2122 eadem
640 2070 929 2124 substantia
960 2080 1118 2123 esset.
1163 2071 1238 2124 Ne
1271 2079 1446 2123 autem
1482 2071 1609 2124 illud
1635 2111 1648 2133 ,
1685 2068 1871 2125 Omnia

291 2175 383 2226 per
402 2160 564 2230 ipsum
585 2161 721 2228 [acta
738 2171 874 2226 sunt,
892 2162 959 2216 de
979 2163 1142 2231 signis
1165 2173 1315 2232 putes
1334 2178 1471 2216 nunc
1487 2179 1605 2217 esse
1627 2162 1824 2217 dictum
1852 2181 1865 2216 :

290 2248 359 2299 de
394 2250 457 2303 iis
495 2252 636 2303 enim
674 2251 863 2320 reliqui
897 2254 1235 2322 evangelista
1262 2254 1418 2307 verba
1450 2254 1717 2319 fecerunt;
1751 2265 1867 2323 post

292 2336 410 2393 hmc
432 2340 605 2393 subdit
629 2339 729 2394 ειη
754 2343 940 2395 mundo
961 2356 1086 2403 erat,
1110 2354 1155 2397 et
1178 2345 1394 2398 mundus
1413 2362 1499 2407 per
1515 2346 1680 2412 ipsum
1700 2349 1867 2414 [nctus

282 2438 358 2479 est
391 2445 409 2480 :
436 2444 540 2482 non
563 2438 741 2485 autem
766 2431 1010 2499 Spiritus,
1041 2433 1125 2502 qui
1158 2449 1261 2486 non
1290 2450 1352 2487 ex
1382 2449 1602 2487 numero
1628 2435 1867 2502 opilicio—

281 2536 403 2574 rum
434 2530 539 2586 est,
569 2523 661 2576 sed
690 2537 850 2592 supra
876 2539 1060 2578 omnes
1085 2526 1304 2577 omnino
1334 2534 1629 2579 creaturas.
1663 2523 1860 2580 Verum

276 2612 388 2679 jam
417 2612 618 2681 reliqua
644 2628 1047 2682 prosequamur.
1092 2617 1221 2669 Cum
1249 2614 1315 2668 de
1340 2617 1610 2670 creatione
1639 2616 1862 2686 loquens

277 2701 515 2756 Joannes
540 2703 764 2758 dixisset
792 2722 806 2757 :
837 2703 1020 2757 Omnia
1051 2722 1139 2772 per
1160 2707 1323 2775 ipsum
1353 2708 1489 2777 facta
1518 2716 1650 2766 stud,
1679 2718 1726 2759 et
1753 2708 1863 2761 sine

274 2792 389 2861 ipso
413 2796 607 2863 frictum
638 2803 710 2847 est
736 2793 866 2847 nihil
891 2795 1028 2861 quod
1052 2800 1240 2865 factum
1271 2807 1379 2862 est;
1418 2796 1486 2850 de
1527 2796 1858 2866 providentia

273 2898 583 2938 sermonem
610 2884 790 2951 adjicit
818 2884 899 2938 his
926 2886 1122 2951 verbis,
1145 2885 1208 2939 lu
1229 2886 1339 2956 ipso
1361 2887 1460 2939 vita
1480 2896 1605 2939 erat.
1637 2885 1714 2940 Ne
1740 2888 1859 2956 quis

272 2972 418 3027 enim
448 2973 750 3029 incredulus
775 2974 1062 3041 dubitaret,
1084 2977 1354 3045 quomodo
1382 2986 1458 3030 tot
1483 2985 1732 3044 tantaque
1763 2993 1858 3045 per

274 3066 449 3135 ipsum
497 3065 634 3121 facta
681 3068 807 3133 sint,
840 3068 1073 3122 subdidit
1104 3087 1117 3122 :
1154 3066 1215 3121 In
1243 3071 1354 3138 ipso
1375 3070 1473 3122 vita
1495 3079 1619 3123 erat.
1655 3069 1854 3135 Quem-

270 3157 562 3213 admodum
590 3160 636 3213 si
670 3175 736 3214 ex
774 3158 922 3215 fonte
950 3160 1171 3231 abyssos
1199 3161 1476 3215 emittente
1503 3176 1693 3230 aquam
1723 3162 1855 3213 hau-

270 3250 431 3312 seris,
459 3263 949 3321 quantumcumque
977 3252 1191 3307 haurias
1215 3251 1410 3307 fontem
1439 3252 1570 3306 nihil
1598 3252 1805 3306 minues
1835 3271 1848 3307 :

268 3341 339 3395 ita
361 3342 429 3397 de
451 3342 718 3413 Unigeuiti
743 3344 793 3397 vi
813 3345 1067 3412 operandi
1092 3346 1403 3414 putandum,
1425 3355 1852 3416 quantacumque

268 3452 366 3502 per
395 3437 569 3504 ipsam
599 3435 734 3490 facta
762 3437 1055 3492 credideris
1075 3479 1090 3502 ,
1120 3453 1407 3507 numquam
1440 3438 1527 3491 illa
1557 3439 1848 3503 minuitur;

256 3527 377 3578 imo
403 3542 536 3580 vero
563 3537 621 3580 ut
648 3528 813 3597 magis
842 3529 1057 3597 proprio
1084 3539 1202 3582 utar
1225 3530 1471 3598 exemplo
1491 3572 1506 3593 ,
1540 3546 1731 3600 nempe
1762 3531 1842 3584 lu-

266 3618 363 3680 cis,
397 3618 468 3670 de
496 3633 598 3685 qua
627 3616 717 3673 ille
747 3634 868 3673 mox
895 3619 1111 3687 adjicit,
1151 3618 1213 3672 Et
1242 3621 1342 3672 vita
1370 3630 1475 3673 erat
1505 3621 1612 3673 lux.
1646 3620 1846 3687 Quem-

266 3707 559 3761 admodum
598 3722 726 3777 ergo
767 3708 888 3771 lux,
928 3720 1353 3779 quantacumque
1379 3709 1652 3765 hominum
1685 3712 1845 3765 millia

267 3798 529 3852 illuminet
552 3839 569 3863 ,
602 3798 731 3852 nihil
758 3800 1056 3868 splendoris
1085 3801 1280 3853 amittit
1307 3818 1321 3853 :
1354 3801 1428 3854 sic
1454 3802 1665 3870 q‘uoque
1707 3802 1848 3856 Deus

266 3900 317 3941 et
351 3900 640 3958 antequam
668 3901 922 3959 operetur
948 3900 1003 3945 et
1033 3899 1150 3958 post
1177 3892 1369 3945 emissa
1401 3908 1561 3960 opera
1581 3935 1595 3956 ,
1626 3894 1847 3962 perinde

267 3979 473 4049 integer
518 3989 718 4044 manet,
763 3995 861 4036 nec
903 3982 1175 4043 minuitur.
1206 3998 1376 4053 neque
1424 4000 1487 4038 ex
1535 3987 1843 4053 operatione

267 4073 429 4123 multa
482 4070 760 4139 fatigatur;
806 4072 898 4126 sed
936 4074 1142 4126 etiamsi
1186 4074 1329 4127 mille
1379 4076 1603 4129 mundos
1646 4077 1844 4129 similes

265 4174 450 4213 creare
481 4169 778 4227 oporteret,
805 4162 1012 4215 etiamsi
1047 4163 1302 4229 inlinitos,
1334 4164 1433 4217 illis
1462 4165 1708 4219 omnilms
1733 4166 1842 4219 suf-

266 4247 481 4310 ﬁceret,
526 4263 626 4303 nec
661 4250 906 4305 creandis
935 4251 1127 4317 modo,
1159 4253 1251 4307 sed
1280 4253 1437 4306 etiam
1469 4264 1587 4322 post
1616 4257 1841 4309 creatio-

268 4351 388 4391 nem
414 4340 712 4394 servandis.
742 4339 875 4396 Vita:
904 4342 1098 4411 quippe
1124 4358 1319 4396 nomen
1350 4343 1434 4398 hic
1465 4359 1566 4397 non
1599 4346 1663 4397 ad
1690 4361 1842 4398 crea-

268 4428 463 4483 tionem
491 4429 667 4484 solum
700 4431 922 4499 pertinet
949 4474 965 4498 ,
997 4433 1089 4486 sed
1119 4442 1173 4487 et
1197 4433 1262 4487 ad
1294 4434 1711 4501 providentiam,
1742 4451 1842 4505 qua

268 4532 351 4571 res
373 4528 570 4573 creatze
596 4529 880 4574 servantur
900 4531 953 4575 et
976 4534 1310 4591 permanent.
1359 4522 1636 4589 Etiamque
1661 4539 1841 4576 resur-

265 4611 517 4665 rectionis
546 4610 844 4665 doctrinam
871 4611 980 4680 jam
1016 4612 1166 4666 nobis
1193 4612 1416 4667 fundare
1452 4612 1669 4683 incipit,
1699 4614 1844 4668 etab

263 4700 595 4754 admirandis
648 4701 795 4757 hisce
844 4704 1134 4773 evangeliis
1181 4703 1404 4758 orditur.
1455 4704 1569 4758 Vita
1616 4722 1843 4775 namque

263 4792 326 4844 ad
357 4808 455 4846 nos
485 4792 827 4860 adveniente,
855 4795 1087 4850 solutum
1109 4807 1190 4850 est
1221 4797 1409 4850 mortis
1436 4796 1735 4864 imperium,
1766 4799 1844 4850 lu-

262 4899 427 4953 reque
474 4900 574 4939 nos
612 4884 944 4941 illuminante
969 4929 983 4951 ,
1019 4889 1252 4943 tenebrae
1282 4904 1389 4942 non
1418 4889 1550 4943 ultra
1586 4900 1838 4953 manent;

264 4975 353 5029 sed
378 4986 565 5032 manet
590 4993 804 5047 semper
833 4978 885 5032 in
917 4979 1069 5034 nobis
1094 4981 1219 5046 vita,
1246 4989 1299 5034 et
1328 4998 1471 5034 mors
1501 4983 1547 5037 ei
1581 4984 1839 5039 dominari

265 5080 365 5119 non
390 5077 588 5136 potest.
620 5068 800 5139 Itaque
824 5070 964 5139 quod
992 5071 1058 5125 de
1084 5072 1240 5127 Patre
1260 5073 1458 5127 dictum
1490 5084 1572 5129 est
1593 5116 1607 5135 ,
1645 5076 1710 5128 de
1744 5077 1841 5129 hoc

265 5169 470 5225 quoque
502 5158 722 5226 proprie
749 5157 977 5224 dicatur,
1008 5158 1071 5213 In
1097 5161 1207 5229 ipso
1235 5162 1462 5228 vivimus,
1494 5180 1765 5228 moventur,
1797 5176 1842 5218 et

265 5260 433 5301 sumus
471 5248 627 5315 (Act.
657 5248 742 5302 17.
770 5247 874 5318 28)
912 5265 925 5305 :
958 5250 1008 5305 id
1039 5252 1179 5322 quod
1203 5253 1362 5307 etiam
1393 5254 1585 5307 Paulus
1610 5255 1844 5309 declarat

268 5331 343 5388 his
366 5336 545 5391 verbis
573 5353 588 5388 :
626 5337 878 5403 Quoniam
900 5340 952 5393 in
978 5341 1089 5410 ipso
1118 5352 1286 5394 creata
1310 5353 1424 5396 sunt
1446 5345 1635 5410 ohntia,
1664 5357 1710 5397 et
1737 5363 1845 5396 om—

267 5425 346 5475 uia
369 5426 421 5477 in
446 5426 559 5495 ipso
586 5437 816 5481 constant
844 5430 861 5494 l
882 5428 992 5484 Cal.
1017 5432 1066 5484 1.
1100 5432 1222 5499 16).
1255 5433 1589 5502 Quapropter
1617 5446 1670 5488 et
1696 5436 1841 5489 radix

267 5510 453 5569 dicitur
477 5529 532 5570 et
562 5517 990 5575 fundamentum.

333 5601 489 5660 Pater
527 5623 631 5660 non
670 5610 1012 5678 compositus,
1048 5610 1210 5665 Filius
1248 5614 1366 5666 item
1407 5632 1506 5668 non
1541 5617 1844 5684 compositus

266 5704 351 5746 est.
372 5722 448 5737 --
466 5703 602 5750 tum
632 5707 813 5751 autem
843 5698 1012 5764 audis,
1042 5698 1104 5753 In
1135 5704 1244 5768 ipso
1265 5704 1363 5756 vita
1386 5714 1510 5768 erat,
1539 5720 1605 5758 ne
1634 5721 1843 5775 compo-

266 5783 417 5840 situm
451 5786 747 5857 suspiceris
774 5805 788 5841 :
822 5803 943 5843 naut
975 5801 1157 5859 postea
1196 5791 1266 5847 do
1296 5793 1449 5847 Patre
1486 5794 1612 5847 dicit
1644 5814 1656 5848 ε
1689 5796 1838 5850 Sicut

2008 507 2164 564 Pater
2190 513 2336 569 habet
2359 518 2512 571 vitam
2541 518 2595 572 in
2615 520 2903 591 semetipso,
2923 526 2998 577 sic
3017 524 3154 579 dedit
3174 535 3221 580 et
3247 525 3381 581 Filio
3408 529 3588 585 habere

2001 601 2153 654 vitam
2181 602 2362 672 (Joan.
2385 605 2440 661 5.
2467 606 2580 678 26).
2613 608 2720 665 Sed
2740 611 2883 667 sicut
2909 612 3121 669 Patrem
3144 631 3248 671 non
3281 618 3402 673 ideo
3429 634 3581 674 com.

2001 692 2234 759 positum
2277 695 2511 763 dixeris,
2556 700 2635 754 sic
2672 716 2771 756 nec
2799 701 2989 758 Filium
3017 705 3184 761 dicas.
3217 707 3424 764 Etenim
3456 711 3580 766 alibi

1998 798 2211 854 quoque
2230 787 2375 851 dicit,
2405 788 2522 844 Lua:
2548 801 2620 846 est
2641 791 2780 847 Deus
2804 794 2854 864 (1
2908 794 3066 850 Joan.
3100 798 3153 852 1.
3184 799 3271 870 5);
3298 809 3352 855 et
3374 817 3581 866 rursus,

1996 874 2184 931 Lucem
2225 878 2413 932 habitat
2445 881 2832 937 inaccessibilem
2880 884 2944 957 (1
3015 885 3150 943 Tim.
3196 890 3408 959 6.12).
3454 893 3581 947 lla-e

1996 982 2159 1036 porro
2179 968 2357 1023 omnia
2386 970 2526 1025 dicta
2551 982 2697 1036 sunt,
2730 989 2834 1029 non
2861 983 2918 1030 ut
2941 980 3382 1048 compositionem
3413 984 3581 1053 suspio

1992 1070 2210 1122 cetnur,
2243 1060 2335 1113 sed
2366 1072 2421 1114 ut
2458 1062 2708 1131 paulatim
2739 1063 2807 1118 ad
2838 1064 3095 1121 doctrinae
3134 1070 3346 1124 culmen
3375 1074 3574 1126 evella-

1990 1162 2112 1202 mur
2163 1147 2294 1203 Cum
2318 1151 2458 1205 enim
2488 1166 2591 1206 non
2614 1151 2771 1209 facile
2788 1169 2819 1210 a
2840 1157 2997 1227 vulgo
3021 1156 3240 1228 intelligi
3269 1162 3453 1229 possit,
3471 1179 3573 1230 qua

1991 1240 2199 1296 ratione
2223 1242 2326 1296 vita
2366 1243 2417 1296 in
2455 1244 2571 1312 ipso
2596 1246 2837 1313 exsistat,
2868 1249 3041 1317 primo
3069 1249 3119 1304 id
3147 1251 3287 1321 quod
3319 1252 3572 1310 humilius

1988 1340 2069 1383 est
2093 1330 2251 1394 dicit;
2283 1333 2520 1389 eruditos
2554 1350 2683 1391 vero
2708 1347 2890 1406 postea
2911 1340 3072 1396 altius
3099 1343 3274 1411 erigit.
3306 1343 3405 1412 Qui
3426 1346 3568 1400 enim

1986 1419 2140 1487 dixit,
2171 1420 2324 1476 Dedit
2346 1425 2391 1477 ei
2412 1425 2563 1479 vitam
2582 1427 2784 1494 habere,
2819 1428 2863 1483 is
2891 1429 3007 1499 ipse
3030 1432 3105 1486 ait
3128 1451 3141 1487 :
3164 1431 3274 1500 Ego
3299 1451 3411 1487 sum
3437 1435 3570 1501 vita;

1985 1520 2039 1564 et
2068 1526 2271 1575 rursus,
2299 1512 2408 1584 Ego
2435 1531 2548 1569 sum
2572 1516 2662 1570 lux
2688 1517 2863 1586 (Joan.
2895 1520 2946 1574 5.
2975 1520 3065 1576 26.
3109 1523 3196 1578 11.
3223 1523 3278 1579 ϐ.
3310 1536 3356 1578 et
3377 1524 3431 1581 8.
3454 1525 3566 1596 19).

1985 1601 2054 1655 Et
2078 1603 2268 1672 qualis,
2296 1619 2500 1674 qttzeso,
2531 1605 2644 1661 haec
2675 1609 2759 1663 lux
2789 1611 2908 1664 est?
2933 1611 3047 1668 Non
3071 1615 3306 1681 sensilis,
3335 1615 3430 1671 sed
3456 1618 3568 1686 spi-

1983 1692 2189 1747 ritualis
2210 1735 2225 1759 ,
2254 1710 2373 1764 qua:
2404 1697 2666 1752 illuminat
2691 1704 2943 1755 animam.
2991 1702 3124 1771 Quia
3156 1705 3296 1758 enim
3322 1705 3566 1761 Christus

1981 1785 2223 1840 dicturus
2248 1797 2392 1853 erat,
2422 1788 2586 1843 Nemo
2617 1802 2775 1860 potest
2818 1794 2984 1848 venire
3016 1795 3087 1848 ad
3118 1813 3230 1861 me,
3272 1798 3371 1851 nisi
3412 1797 3565 1852 Pater

1981 1877 2188 1930 traxerit
2213 1894 2322 1931 eum
2359 1878 2516 1947 (Ibid.
2549 1880 2600 1934 6.
2631 1880 2745 1951 44),
2778 1882 2898 1937 ideo
2928 1887 3259 1954 pnevenieus
3288 1889 3557 1958 evangeli-

1977 1977 2057 2021 sta
2083 1967 2218 2021 dixit
2244 1971 2414 2037 ipsum
2443 1986 2564 2026 esse
2583 1973 2670 2040 qtti
2696 1973 2989 2040 illuminat;
3017 1986 3073 2030 ut
3095 1978 3139 2029 si
3163 1978 3229 2032 de
3257 1978 3412 2034 Patre
3434 1981 3561 2050 quid

1976 2057 2149 2112 simile
2188 2059 2393 2125 audias,
2439 2076 2506 2114 ne
2552 2061 2602 2114 id
2646 2063 2811 2117 solius
2859 2064 3051 2131 Patris,
3074 2067 3169 2121 sed
3197 2067 3313 2121 Filii
3346 2084 3561 2139 quoque

1974 2164 2094 2204 esse
2121 2151 2421 2219 proﬁtearis
2454 2171 2467 2207 :
2498 2168 2620 2207 nam
2651 2152 2857 2220 Omnia,
2888 2156 3076 2225 inquit,
3107 2175 3429 2230 quacumque
3466 2162 3559 2215 ha-

1975 2243 2051 2294 bet
2080 2239 2234 2295 Pater
2254 2258 2410 2306 mens,
2446 2260 2554 2296 mea
2580 2255 2695 2297 sunt
2725 2242 2886 2314 (Ibid.
2916 2248 3002 2300 16.
3029 2248 3154 2317 15).
3189 2248 3370 2305 Primo
3398 2252 3557 2322 igitur

1971 2334 2297 2387 creationem
2339 2350 2434 2387 nos
2475 2336 2653 2389 docuit
2677 2354 2689 2388 :
2713 2336 2906 2391 deinde
2935 2340 3127 2393 anima:
3152 2340 3284 2394 bona
3316 2357 3435 2411 quas
3465 2359 3555 2398 re-

1971 2424 2124 2477 niens
2147 2424 2298 2478 nobis
2326 2425 2543 2493 largitus
2572 2413 2673 2488 est,
2700 2443 2804 2481 uno
2828 2428 2989 2481 verbo
3016 2430 3365 2485 subindicarit
3390 2448 3553 2487 eran-

1965 2516 2151 2585 gelista
2191 2518 2376 2572 dicens
2408 2534 2422 2571 :
2458 2516 2524 2569 Et
2563 2519 2663 2571 vita
2690 2528 2794 2571 erat
2823 2520 2913 2573 lux
2946 2520 3220 2575 hominum.
3257 2523 3367 2578 Nec
3394 2525 3547 2588 dixit,

1968 2607 2097 2660 Erat
2145 2608 2229 2661 lux
2277 2608 2605 2685 Judznortun,
2650 2609 2765 2674 sed,
2820 2609 3198 2665 Universorum
3249 2614 3546 2670 hominum.

1966 2697 2147 2767 Neque
2174 2701 2315 2753 enim
2344 2699 2512 2753 Judazi
2542 2710 2766 2765 tantunt,
2791 2702 2882 2753 sed
2905 2702 3063 2754 etiam
3086 2704 3307 2771 gentiles
3328 2705 3392 2758 ad
3411 2705 3550 2761 hanc

1964 2791 2322 2858 cognitionem
2362 2792 2728 2854 devenerunt,
2758 2801 2806 2844 et
2844 2793 2956 2845 hau:
2987 2794 3073 2847 lux
3103 2797 3402 2850 communis
3430 2812 3549 2851 om-

1963 2882 2118 2936 nibus
2154 2884 2419 2951 proposita
2441 2892 2576 2936 erat.
2607 2882 2716 2937 (Zur
2741 2893 2917 2937 autent
2949 2900 3052 2938 non
3077 2886 3294 2955 angelos
3315 2886 3542 2953 addidit,

1961 2973 2054 3027 sed
2082 2973 2324 3028 homines
2352 2976 2527 3029 solum
2563 2976 2729 3029 dixit?
2754 2974 2885 3041 Quia
2918 2993 3058 3032 nunc
3086 2980 3182 3048 ipsi
3213 2978 3281 3035 de
3309 2979 3540 3036 humana

1962 3074 2144 3118 natura
2190 3080 2368 3120 sermo
2415 3076 2527 3129 est;
2573 3076 2627 3121 et
2671 3067 2975 3123 hominibus
3019 3070 3156 3123 bona
3198 3072 3541 3129 nuntiaturus

1960 3156 2121 3210 venit.
2154 3156 2207 3210 5.
2240 3155 2305 3209 Et
2332 3157 2423 3211 lux
2449 3158 2501 3210 in
2531 3158 2744 3211 tenebris
2770 3159 2919 3212 lucet.
2962 3158 3237 3215 Tenebras
3275 3161 3360 3216 hic
3386 3174 3541 3217 vocat

1958 3259 2187 3305 mortem
2228 3259 2283 3305 et
2320 3265 2578 3303 errorem.
2614 3250 2736 3303 llaec
2764 3251 2959 3320 quippe
2988 3252 3073 3305 lux
3105 3252 3320 3306 sensilis
3345 3269 3450 3307 non
3484 3256 3536 3308 in

1957 3341 2193 3395 tenebris
2224 3340 2394 3407 lueet,
2424 3340 2518 3394 sed
2554 3341 2669 3394 sine
2705 3342 2937 3395 tenebris
2973 3351 3074 3400 est.
3107 3342 3420 3398 Praedicatio
3443 3361 3537 3397 au-

1955 3439 2060 3485 tem
2092 3430 2231 3485 inter
2248 3445 2391 3493 eum,
2415 3431 2503 3499 qui
2531 3430 2707 3483 omnia
2729 3440 3100 3499 occupaverat,
3128 3448 3364 3488 errorem
3386 3433 3535 3488 ell‘nl-

1953 3523 2059 3589 sit,
2094 3535 2323 3591 eumque
2366 3521 2598 3575 sustulit.
2643 3520 2709 3574 Et
2754 3522 2805 3575 in
2854 3523 3021 3591 ipsam
3068 3533 3292 3578 mortem
3318 3526 3539 3581 veniens

1955 3615 2088 3684 ipse,
2117 3615 2197 3669 sic
2229 3613 2372 3667 illam
2404 3614 2677 3681 superavit
2704 3653 2716 3676 ,
2748 3623 2804 3665 ut
2832 3628 2927 3667 cos
2951 3614 3038 3683 qui
3069 3624 3239 3669 morte
3261 3615 3372 3684 jam
3400 3616 3533 3669 deti-

1952 3706 2236 3769 nebantur,
2262 3711 2493 3757 erueret.
2521 3702 2779 3768 Quoniam
2806 3704 2963 3771 igitur
2984 3720 3155 3774 neque
3174 3720 3337 3772 mors,
3364 3721 3536 3776 neque

1951 3810 2103 3850 error
2125 3794 2297 3848 lucem
2327 3792 2472 3846 illam
2494 3804 2849 3861 superarunt;
2893 3793 2984 3848 sed
3011 3805 3092 3849 est
3119 3794 3311 3865 ubique
3350 3795 3530 3866 splen-

1951 3886 2095 3950 dida,
2120 3894 2175 3939 et
2203 3884 2415 3953 propria
2445 3883 2493 3936 vi
2525 3884 2683 3952 fulget
2719 3900 2732 3937 :
2767 3882 2885 3937 ideo
2909 3887 2979 3937 ait
3007 3926 3023 3949 ,
3070 3881 3134 3937 Et
3173 3886 3391 3940 tenebra
3423 3902 3532 3939 eam

1950 3995 2049 4031 non
2074 3977 2579 4047 comprehenderant.
2627 3976 2720 4030 Est
2763 3976 2905 4030 enim
2947 3976 3404 4047 inexpugnabilis,
3434 3992 3533 4032 nec

1952 4070 2177 4124 libenter
2203 4069 2253 4123 in
2286 4068 2479 4122 animis
2503 4069 2722 4132 habitat,
2756 4068 2840 4136 qui
2872 4068 3056 4120 nolunt
3081 4068 3387 4122 illuminari.

2019 4163 2072 4215 4.
2098 4160 2290 4213 Lumen
2328 4160 2523 4213 cwleste
2563 4176 2661 4211 non
2699 4159 2949 4211 illuminat
2984 4160 3081 4211 nisi
3108 4160 3285 4219 virtute
3321 4168 3365 4211 et
3402 4158 3531 4211 bona

1948 4254 2201 4306 voluntate
2225 4252 2509 4303 instructos.
2553 4249 2797 4302 Peccator
2821 4256 2965 4317 quasi
2988 4250 3039 4301 in
3068 4250 3301 4303 ebrietate
3324 4259 3371 4303 et
3398 4260 3533 4303 tene-

1950 4344 2051 4398 bris
2070 4350 2313 4403 versalur,
2337 4342 2505 4394 omnia
2529 4349 2635 4392 tuta
2657 4342 2848 4394 timens.
2880 4339 3052 4394 Satius
3077 4351 3147 4394 est
3164 4341 3352 4395 nudum
3380 4358 3532 4411 quam

1950 4439 2164 4510 peccatis
2189 4447 2419 4490 onustum
2449 4436 2815 4488 ambulare.-—-
2843 4435 2992 4499 Quod
3020 4436 3062 4487 si
3096 4450 3200 4488 non
3232 4450 3419 4489 omnes
3443 4451 3527 4489 ce-

1953 4531 2104 4597 perit.
2138 4544 2204 4582 ne
2248 4528 2298 4581 iJ
2327 4538 2377 4581 te
2420 4528 2703 4579 emunt-bet
2744 4541 2895 4578 :.non
2934 4526 3074 4579 enim
3114 4542 3178 4578 ex
3210 4526 3525 4579 necessitate

1949 4632 2039 4673 aut
2066 4621 2136 4683 vi,
2168 4618 2261 4673 sed
2296 4633 2360 4671 ex
2393 4617 2663 4670 voluntate
2690 4625 2745 4670 et
2794 4615 3015 4669 arbitrio
3058 4616 3122 4667 ad
3180 4631 3276 4669 nos
3320 4616 3524 4669 accedit

1953 4711 2110 4764 Deus.
2137 4709 2210 4763 Ne
2249 4708 2351 4763 luci
2373 4707 2495 4761 huic
2516 4707 2711 4759 ostium
2741 4705 2977 4769 claudas,
3000 4716 3050 4760 et
3074 4704 3237 4759 multa
3260 4704 3528 4772 voluptate

1950 4803 2162 4857 frueris.
2184 4801 2308 4855 Hmc
2338 4815 2500 4870 porro
2527 4800 2614 4853 lux
2644 4815 2736 4865 per
2760 4798 2915 4851 fidem
2945 4798 3173 4863 accedit,
3200 4807 3255 4852 et
3281 4812 3401 4851 cum
3446 4813 3531 4849 sc-

1950 4897 2054 4950 mel
2077 4895 2310 4957 advenit,
2343 4893 2696 4960 excipientem
2726 4905 2785 4944 se
2833 4888 3116 4942 admodum
3149 4889 3410 4941 illuminat
3439 4906 3452 4941 :
3481 4898 3536 4941 et

1947 4989 1990 5041 si
2031 5001 2216 5055 puram
2257 4985 2514 5038 exhibeas
2562 4984 2742 5044 vitam,
2790 4989 3042 5049 perpetuo
3070 4980 3213 5033 intus
3253 4978 3487 5032 manebit
3520 4998 3533 5030 ι

1949 5094 2070 5132 natn
2121 5076 2220 5141 Qui
2247 5075 2412 5144 diligit
2455 5089 2554 5138 me,
2594 5072 2835 5124 mandata
2867 5087 2976 5123 mea
3005 5069 3237 5132 servabit,
3274 5078 3320 5120 et
3364 5069 3532 5120 venie-

1949 5185 2063 5221 mus
2088 5169 2155 5219 ad
2182 5184 2294 5220 eum
2334 5183 2427 5236 ego
2472 5174 2517 5217 et
2569 5162 2719 5215 Pater
2748 5178 2905 5223 meus,
2956 5170 3000 5212 et
3047 5158 3359 5210 mansionem
3393 5157 3537 5224 apud

1950 5275 2061 5312 eum
2117 5258 2359 5326 faciemus
2391 5254 2569 5323 (Joan.
2620 5254 2706 5307 H.
2734 5251 2845 5323 ‘25).
2892 5245 3347 5315 Quemadmodum
3390 5247 3535 5301 enim

1951 5364 2054 5402 non
2112 5355 2287 5418 potest
2326 5348 2442 5415 quis
2486 5345 2635 5399 radio
2668 5345 2824 5397 solari
2859 5341 3023 5410 probe
3053 5339 3173 5402 frui,
3211 5339 3317 5423 nisi
3347 5338 3536 5393 oculos

1950 5443 2152 5508 aperiat
2184 5457 2197 5492 :
2231 5440 2299 5491 ita
2333 5454 2504 5506 neque
2564 5437 2720 5501 hujus
2745 5432 3042 5503 splendoris
3071 5432 3281 5487 abunde
3314 5446 3539 5486 COI'ISOIS

1949 5547 2090 5597 esse,
2117 5529 2218 5585 nisi
2245 5529 2438 5582 animae
2468 5527 2650 5581 oculos
2680 5525 2901 5592 aperiat,
2922 5536 3213 5591 eorumque
3236 5522 3405 5575 aciem
3433 5537 3534 5574 un-

1952 5621 2110 5689 dique
2139 5628 2307 5690 paret.
2337 5619 2617 5683 Quomodo
2657 5621 2837 5666 autem
2867 5611 2917 5665 id
2952 5610 3065 5665 ﬁeri
3093 5612 3300 5681 possit?
3342 5610 3397 5665 Si
3424 5611 3535 5665 ani-

1957 5725 2099 5763 lltllnl
2127 5707 2272 5762 omni
2307 5707 2436 5759 vitio
2469 5716 2772 5774 purgemus.
2805 5700 3085 5755 Peccatum
3113 5701 3255 5755 enim
3288 5699 3536 5752 tenebro-

1956 5815 2071 5852 smn
2126 5811 2204 5857 est
2236 5841 2249 5864 ,
2296 5798 2568 5865 densaque
2620 5793 2843 5863 caligine
2902 5792 3163 5858 otiosum;
3212 5791 3370 5859 idque
3415 5789 3537 5842 inde
