4370 6306
571 256 641 321 Βῦ
1265 251 1321 312 S.
1361 252 1637 310 JOANNIS
1672 239 2148 305 CIIRYSOSTOMI
2192 239 2297 303 λιπι

2118 248 2148 302 [ι
2192 236 2507 308 tinentur.
2549 241 3089 312 CONSTANTtNor.
3218 330 3221 333 λ
3770 260 3844 318 so

577 381 751 448 palam
797 383 899 440 est,
933 374 1071 444 quod
1121 369 1506 427 inconsiderate
1554 378 1609 423 et
1653 368 1768 422 sine
1811 367 2028 421 arbitris
2057 367 2150 419 ad-

578 470 837 523 mi'ttat'ur.
882 467 1012 521 Nam
1069 463 1244 518 Omnis
1294 463 1380 529 qui
1426 461 1559 513 male
1602 460 1736 530 agit,
1765 460 1868 511 odit
1898 459 2081 523 lucem,
2110 468 2155 511 et

577 577 677 613 non
702 559 832 613 venit
881 556 948 609 ad
977 539 1408 623 Iucem(Jo'an.3.
1428 551 1519 616 ‘20)
1546 566 1559 612 ;
1582 559 1663 612 ‘et,
1697 547 1824 613 Qua:
1860 548 1912 600 in
1958 549 2155 601 occulto

574 654 727 717 ﬁunt,
757 661 902 718 turpe
919 656 991 701 est
1015 656 1063 701 et
1092 646 1258 699 dicere
1283 642 1499 711 (Ephes.
1524 641 1578 694 5.
1614 640 1722 710 12).
1753 638 1901 694 Sicut
1926 638 2068 694 enim
2100 638 2153 691 in

575 741 805 795 tenebris
835 752 932 793 nec
967 738 1197 791 amicum
1240 746 1338 788 nec
1375 733 1642 786 inimicum
1682 730 2019 800 agnoscimus
2063 742 2153 784 re-

576 846 798 900 rumque
814 830 1057 883 omnium
1079 834 1319 881 naturam
1342 825 1665 895 ignoramus,
1696 824 1773 877 sic
1786 832 1841 876 et
1862 823 1914 876 in
1940 832 2155 890 peccato

574 923 788 976 accidit.
817 920 948 974 Nam
973 918 1067 989 qui
1091 917 1323 971 avaritia:
1346 915 1543 979 studet,
1573 927 1676 968 non
1704 913 1980 983 distinguit
2023 913 2158 966 ami-

571 1022 693 1068 cum
721 1016 789 1066 ab
815 1011 1034 1066 inimico
1070 1028 1083 1064 :
1117 1010 1434 1077 invitlnsque
1464 1005 1857 1062 necessitudine
1898 1004 2001 1060 sibi
2026 1005 2154 1073 jun-

572 1116 715 1160 ctum
746 1113 803 1157 nt
847 1104 1116 1157 inimicum
1150 1101 1345 1165 habet;
1403 1114 1464 1156 ac
1493 1101 1581 1170 qui
1615 1098 1921 1160 insidiatur,
1968 1104 2154 1152 contra

572 1212 758 1251 omnes
782 1187 976 1250 bellum
1001 1198 1133 1264 gerit
1168 1210 1181 1247 :
1216 1206 1320 1247 uno
1338 1194 1518 1256 verbo,
1548 1192 1785 1262 quisquis
1812 1198 2029 1258 peccato
2053 1188 2153 1243 ob-

575 1291 763 1344 noxius
792 1292 894 1353 cst,
924 1286 1051 1340 nihil
1081 1284 1256 1339 diITcrt
1284 1283 1352 1339 ab
1378 1284 1536 1338 ebriis
1552 1295 1599 1336 et
1621 1281 1937 1345 furentibus,
1984 1294 2155 1349 neque

576 1387 756 1434 rerum
806 1388 1044 1432 naturam
1090 1376 1255 1431 novit.
1300 1376 1379 1430 A’c
1413 1373 1860 1441 quemadmodum
1907 1380 2063 1425 nocui
2097 1371 2159 1423 li-

576 1486 757 1542 gnum,
785 1471 1077 1540 plumbum,
1111 1470 1330 1532 ferrum,
1355 1474 1655 1536 argentum,
1684 1481 1894 1528 aurum,
1925 1463 2154 1533 lapidem

576 1565 892 1633 pretiosum,
921 1562 1203 1629 omniatptc
1249 1559 1362 1628 pari
1408 1557 1570 1612 modo
1594 1559 1881 1621 cernimus,
1909 1566 2030 1611 'cum
2067 1554 2154 1607 lux

577 1654 643 1707 ad
683 1654 799 1707 haec
828 1650 1173 1706 discernenda
1205 1664 1311 1702 non
1334 1646 1473 1701 adsit
1503 1664 1516 1698 :
1550 1647 1628 1701 sic
1666 1646 1754 1714 qui
1787 1645 1890 1697 vita
1918 1645 2158 1711 impurus

576 1748 679 1807 est,
710 1743 1078 1809 temperantia:
1098 1741 1345 1794 virtutem
1379 1754 1482 1793 non
1516 1738 1686 1800 novit,
1713 1739 1886 1805 ne‘q'ue
1914 1731 2157 1804 philoso-

578 1834 716 1903 phiae
745 1832 1213 1902 pulchritudinem.
1268 1830 1322 1884 In
1354 1828 1589 1883 tenebris
1620 1827 1783 1891 enim,
1816 1835 1869 1879 ut
1887 1825 1996 1894 jam
2025 1825 2154 1886 disi.

579 1939 646 1979 ne
676 1924 878 1994 lapides
903 1922 1114 1993 quidem
1141 1921 1357 1990 pretiosi
1390 1918 1834 1988 pulchritudinem
1883 1932 2031 1969 suam
2062 1932 2157 1969 ex-

580 2018 784 2081 hibent,
817 2032 920 2069 non
948 2021 1151 2069 natura:
1172 2021 1282 2067 sua:
1314 2013 1461 2073 vitio,
1494 2006 1587 2065 sed
1618 2010 1969 2081 spectantium
2010 2008 2159 2077 igno-

579 2111 770 2165 rantia.
811 2101 990 2177 Neque
1020 2107 1121 2161 hoc
1151 2117 1311 2160 unum
1356 2104 1511 2159 nobis
1545 2103 1796 2158 danumm
1845 2102 1897 2155 in
1941 2109 2159 2170 peccato

577 2199 891 2268 degentibus
916 2195 1134 2261 accidit;
1156 2196 1248 2250 sed
1265 2206 1319 2249 et
1336 2195 1386 2248 in
1414 2200 1672 2263 perpetuo
1688 2199 1831 2247 metu
1850 2205 2122 2245 versamur
2142 2206 2155 2242 :

579 2305 642 2344 ac
683 2286 1130 2358 quemadmodum
1173 2287 1205 2339 ii
1249 2286 1338 2355 qni
1387 2298 1485 2354 per
1530 2295 1738 2338 noctem
1791 2283 2010 2336 illunem
2061 2281 2162 2334 iter

582 2389 765 2450 agunt,
794 2388 1007 2447 semper
1032 2384 1284 2441 tremunt,
1309 2376 1435 2430 licet
1459 2390 1617 2428 nemo
1659 2374 1799 2427 adsit
1840 2373 1926 2442 qui
1960 2382 2160 2426 metum

582 2472 801 2526 incutiat
832 2491 844 2525 :
873 2472 949 2526 sic
976 2471 1007 2524 ii
1037 2468 1123 2539 qui
1150 2468 1379 2538 peccatis
1406 2467 1569 2522 dediti
1603 2475 1746 2531 sunt,
1772 2466 1937 2520 Iidere
1959 2479 2159 2534 nequc-

580 2573 673 2614 nnt
698 2604 712 2627 ,
742 2560 946 2615 etiamsi
990 2560 1165 2613 nullus
1202 2557 1341 2611 adsit
1386 2557 1474 2627 qui
1515 2556 1830 2624 redargnat';
1863 2554 1953 2608 sed
1987 2554 2160 2607 omnia

582 2651 863 2705 formidant
877 2659 930 2704 et
952 2658 1194 2717 suspecta
1211 2649 1429 2708 habent,
1448 2647 1776 2702 conscientia
1794 2645 2101 2699 stimulante
2118 2645 2159 2708 ',

581 2741 866 2810 omniaque
896 2740 1025 2808 ipsis
1049 2748 1253 2794 terrore
1271 2750 1325 2792 et
1351 2738 1631 2792 formidine
1649 2738 1799 2805 plena
1824 2745 1969 2800 sunt,
1985 2737 2161 2788 omnia

582 2831 723 2884 anxii
738 2828 1190 2898 circumspiciunt.
1213 2828 1342 2881 Tam
1371 2828 1644 2881 molestam
1667 2841 1794 2895 ergo
1808 2827 1968 2880 vitam
1994 2824 2164 2893 Iugia-

589 2939 726 2977 mus.
760 2920 890 2976 Nam
916 2929 1033 2990 post
1060 2931 1312 2989 angorem
1361 2918 1686 2989 hujusmodi,
1717 2932 1861 2971 mors
1891 2923 2162 2986 sequetur,

583 3030 731 3070 mors
751 3014 1066 3068 immortalis
1091 3030 1103 3064 :
1133 3012 1243 3066 illic
1261 3012 1400 3065 enim
1426 3009 1602 3063 nullus
1618 3008 1861 3078 supplicii
1890 3009 2009 3061 linis
2029 3007 2124 3061 erit
2148 3024 2161 3071 ;

586 3105 672 3161 hic
693 3120 817 3161 vero
842 3104 910 3159 ab
938 3103 1326 3157 insanientibus
1347 3099 1477 3154 nihil
1499 3100 1747 3154 dill'ernnt
1769 3100 1826 3163 ii,
1854 3100 2045 3169 quires
2067 3098 2164 3151 sibi

587 3196 811 3266 fingunt,
830 3211 947 3265 qua:
978 3209 1045 3249 ne
1065 3192 1278 3263 quidem
1300 3192 1589 3246 exsistunt.
1619 3189 1874 3244 Videntur
1900 3190 2038 3242 enim
2068 3189 2166 3241 Slltl

585 3290 775 3343 divites
818 3303 975 3352 esse,
1028 3302 1148 3342 cum
1179 3300 1284 3339 non
1316 3285 1454 3347 sint;
1495 3297 1554 3337 se
1584 3282 1818 3337 deliciari
1865 3282 2070 3351 putant,
2115 3290 2170 3335 et

594 3379 758 3433 nulla:
787 3378 1033 3433 delicim:
1067 3392 1166 3431 nec
1205 3376 1350 3446 prius
1378 3373 1641 3428 fallaciam
1669 3384 1723 3427 ut
1756 3382 1850 3441 par
1879 3381 2022 3427 esset
2048 3386 2170 3426 sen—

588 3472 746 3533 tiunt,
779 3485 935 3537 quam
962 3468 1030 3520 ab
1051 3466 1151 3521 hac
1181 3465 1385 3519 insania
1414 3464 1724 3527 liberentur,
1756 3472 1808 3517 et
1830 3462 2001 3517 donec
2023 3476 2171 3515 som-

590 3576 713 3613 num
741 3559 1029 3614 excutiant.
1066 3556 1297 3627 Ideoque
1329 3564 1388 3610 ut
1411 3554 1575 3609 sobrii
1605 3554 1771 3607 simus
1807 3563 1862 3607 et
1892 3552 2172 3622 vigilemus

593 3651 785 3705 Paulus
810 3651 1058 3704 omnibus
1087 3647 1332 3718 praecipit.
1362 3663 1376 3702 :
1410 3655 1466 3701 et
1510 3645 1738 3714 id'tpsmn
1770 3659 1982 3713 quoque
2013 3642 2172 3697 Citri-

589 3752 722 3795 stus.
751 3740 849 3806 Qtti
870 3739 1079 3795 sobrius
1108 3751 1190 3793 est
1212 3748 1265 3792 et
1286 3737 1489 3807 vigilat,
1522 3737 1567 3790 si
1612 3751 1641 3789 a
1671 3744 1888 3805 peccato
1909 3734 2170 3802 capiatur,

596 3832 706 3886 cito
734 3831 906 3901 ipsum
943 3828 1144 3883 excutit
1182 3844 1194 3881 :
1222 3827 1313 3897 qui
1342 3841 1471 3881 vero
1500 3825 1697 3880 dormit
1720 3834 1811 3879 aut
1860 3823 2078 3888 insanit,
2108 3840 2176 3877 ne.

656 3943 672 3974 ⁸
709 3941 819 4000 Alii,
844 3938 1110 3990 mordente.

2264 369 2478 438 quidem
2502 373 2655 426 sentit
2682 373 2949 443 quomodo
2969 390 2998 429 a
3026 386 3246 445 peccato
3273 384 3532 431 teneatur.
3560 368 3638 433 Ne
3666 372 3845 451 itaque

2261 462 2608 516 dormiamus.
2640 465 2821 534 Neque
2850 465 2989 519 enim
3020 469 3191 521 noctis
3221 476 3427 537 tempus
3452 477 3554 529 est,
3592 470 3685 523 sed
3716 470 3843 523 diei.

2264 552 2444 620 Itaque
2469 545 2611 608 Sient
2638 556 2688 608 in
2719 557 2801 609 die
2829 558 3031 611 honeste
3057 557 3371 612 ambulemus
3397 558 3571 629 (Rom.
3610 562 3695 616 l5.
3728 563 3841 625 l3).

2264 642 2401 697 Nihil
2428 646 2567 699 enim
2590 656 2807 714 peccato
2830 648 3056 714 turpius.
3085 648 3259 703 Minus
3289 658 3371 703 εει
3398 651 3618 712 malum,
3649 666 3840 706 secun-

2262 735 2386 790 dum
2440 737 2779 805 turpitudinis
2828 739 3110 803 rationem,
3161 739 3358 804 nudos,
3414 755 3572 807 quam
3616 743 3844 810 peccatis

2261 837 2316 883 et
2358 828 2649 883 sceleribus
2690 838 2914 883 onustos
2965 829 3331 884 obambulare.
3364 820 3494 885 Illud
3541 833 3683 885 enim
3740 848 3843 884 non

2266 924 2471 975 tantum
2500 920 2700 974 crimen
2747 930 2923 974 esset:
2972 935 3115 989 s:rpe
3151 929 3380 991 namque
3419 930 3486 977 ex
3534 928 3845 992 paupertate

2262 1013 2468 1067 oritur:
2501 1019 2783 1082 peccatore
2808 1023 2985 1067 autem
3012 1012 3143 1067 nihil
3174 1014 3400 1083 turpius,
3434 1014 3564 1068 nihil
3589 1021 3841 1069 contem-

2262 1116 2353 1173 pttt
2371 1104 2600 1175 dignius.
2618 1103 2924 1174 Cogitemus
2946 1112 3075 1175 ergo
3095 1120 3211 1168 eos,
3242 1104 3333 1171 qui
3364 1105 3565 1174 rapiam
3594 1112 3647 1159 et
3671 1116 3844 1158 usura:

2262 1206 2420 1252 causa
2453 1199 2504 1252 in
2529 1197 2785 1266 judicium
2813 1202 3113 1266 raptantur,
3141 1213 3297 1266 quam
3329 1208 3542 1267 turpes,
3570 1212 3729 1266 quam
3768 1198 3843 1249 ri-

2264 1290 2424 1344 diculi
2453 1290 2751 1355 videantur,
2778 1300 2833 1344 ιιι
2855 1291 2945 1361 qui
2990 1293 3168 1344 Omnia
3200 1290 3556 1359 impudenter,
3589 1290 3844 1343 fallaciter

2261 1392 2316 1437 et
2343 1392 2466 1437 cum
2496 1382 2745 1436 violentia
2775 1383 3006 1451 egerint.
3036 1382 3145 1436 N05
3172 1391 3348 1436 autem
3383 1382 3452 1436 ita
3492 1382 3672 1435 miseri
3709 1382 3842 1434 infe-

2263 1473 2495 1543 licesque
2560 1476 2773 1536 sumus,
2828 1473 3038 1527 utdom
3089 1474 3307 1543 pallium
3371 1474 3705 1543 negligenter
3761 1472 3841 1524 vel

2263 1574 2563 1620 transverse
2588 1565 2817 1634 positum
2838 1569 3049 1634 gestare
3065 1579 3168 1618 non
3193 1564 3456 1633 patimur;
3485 1564 3593 1617 imo
3616 1564 3841 1634 idipsntn

2264 1657 2314 1711 in
2339 1655 2447 1709 'alio
2490 1654 2871 1719 emendamus;
2916 1667 3037 1711 eum
3086 1664 3265 1709 autem
3294 1666 3348 1710 et
3376 1668 3475 1710 nos
3520 1666 3574 1709 et
3618 1658 3843 1725 proximi

2264 1746 2427 1800 nostri
2457 1746 2668 1800 inverso
2690 1746 2865 1814 capite
2892 1745 3240 1806 ambulemus,
3262 1745 3313 1799 id
3338 1760 3403 1798 ne
3418 1740 3630 1814 quidem
3650 1748 3846 1801 sentia-

2263 1844 2398 1891 mus.
2428 1836 2561 1902 Quid
2583 1837 2748 1898 enim,
2772 1848 2971 1906 quaeso,
3005 1836 3210 1904 turpius
3232 1836 3366 1900 'viro,
3391 1837 3478 1904 qui
3508 1837 3842 1891 meretricem

2261 1927 2410 1981 adit?
2437 1927 2559 1995 quid
2591 1926 2998 1990 contumelioso,
3031 1925 3155 1995 quid
3185 1926 3468 1989 maledico,
3490 1925 3618 1995 quid
3667 1927 3845 1979 invido

2263 2019 2371 2073 risu
2401 2018 2645 2088 dignius?
2674 2018 2764 2088 ιιιιί
2817 2018 2929 2072 fieri
2964 2025 3136 2086 potest
3169 2026 3227 2070 ιιι
3255 2015 3370 2070 hzrc
3399 2024 3501 2070 non
3535 2025 3641 2069 tam
3674 2018 3843 2084 turpia

2262 2110 2578 2171 habeantur,
2624 2124 2785 2178 quam
2815 2107 2986 2161 nudos
3015 2106 3323 2161 ambulare?
3369 2106 3414 2160 A
3457 2106 3844 2160 consuetudine

2264 2204 2488 2254 tantum.
2522 2198 2656 2252 Illud
2688 2199 2829 2253 enim
2859 2213 3018 2252 nemo
3043 2210 3274 2267 unquam
3323 2204 3509 2266 sponte
3539 2212 3631 2252 sua
3660 2212 3846 2266 p‘ISSIIS

2264 2298 2365 2353 est,
2400 2290 2499 2343 hoc
2518 2303 2648 2343 vero
2676 2301 2863 2342 omnes
2886 2287 3218 2342 confidenter
3241 2286 3457 2341 audent.
3480 2285 3637 2341 Certe
3657 2287 3701 2339 si
3731 2287 3848 2355 quis

2266 2381 2577 2450 angelorum
2604 2389 2801 2433 malum
2830 2379 3021 2444 adiret,
3047 2379 3097 2433 in
3116 2394 3220 2448 quo
3247 2378 3378 2432 nihil
3405 2392 3633 2446 unquam
3669 2377 3851 2445 hujus-

2268 2469 2408 2523 tnodi
2437 2477 2644 2538 gestum
2684 2479 2785 2533 est,
2819 2469 2996 2521 statim
3046 2467 3253 2521 videret
3292 2481 3450 2536 quam
3496 2465 3719 2519 ridicula
3767 2479 3849 2526 res

2264 2570 2429 2616 esset.
2485 2561 2683 2629 Ecquid
2732 2560 3041 2629 augt-Iuram
3076 2568 3276 2613 emtum
3310 2551 3593 2611 memoro?
3635 2555 3766 2609 Nam
3798 2555 3848 2606 in

2268 2653 2622 2721 imperatoriis
2665 2651 2799 2720 apud
2844 2665 2943 2704 nos
2971 2650 3193 2712 aedibus,
3219 2650 3261 2703 si
3292 2649 3411 2718 quis
3438 2647 3648 2702 inducta
3673 2658 3848 2699 merc~

2270 2745 2399 2799 trice
2420 2751 2619 2807 utatur,
2647 2743 2728 2796 vel
2753 2743 2795 2796 si
2823 2742 3083 2797 ebrietate
3109 2741 3367 2810 capiatur,
3398 2739 3479 2793 vel
3510 2748 3666 2806 turpe
3707 2736 3848 2789 aliud

2267 2834 2534 2904 quidpiam
2557 2832 2820 2896 admittat,
2871 2842 3135 2886 extremas
3178 2831 3269 2885 dat
3298 2840 3501 2900 ptenas.
3532 2828 3684 2896 Quod
3716 2829 3760 2880 si
3800 2829 3850 2880 in

2271 2924 2620 2992 imperatoriis
2637 2923 2838 2977 aedibus
2866 2923 2986 2977 talia
3009 2923 3205 2977 audere
3236 2933 3339 2975 neu
3376 2922 3524 2984 licet;
3543 2922 3710 2973 multo
3736 2936 3849 2974 nta-

2269 3016 2370 3086 εἰς,
2409 3015 2603 3086 ubique.
2634 3022 2896 3084 prtesrnte
2943 3015 3312 3069 universorum
3363 3014 3529 3083 Rege,
3563 3013 3853 3082 omniaque

2270 3108 2753 3176 circumspiciente,
2782 3107 2825 3159 si
2881 3105 3074 3160 similia
3114 3106 3486 3175 aggrediamur
3506 3147 3520 3169 ,
3552 3114 3851 3159 extremum

2274 3199 2487 3252 luemus
2511 3197 2849 3266 supplicium.
2878 3197 3214 3265 Quapropter
3235 3210 3386 3265 rogo,
3411 3196 3629 3249 multam
3655 3194 3708 3248 in
3760 3195 3854 3247 Itar

2273 3289 2376 3342 vita
2432 3287 2662 3358 quietem
2730 3295 2785 3342 et
2841 3287 3193 3352 modestiam,
3251 3286 3472 3341 multam
3541 3285 3854 3338 nmnditiem

2274 3381 2639 3436 exhibeatnus.
2688 3379 2885 3448 Regem
2935 3379 3131 3447 quippe
3189 3377 3482 3441 habemus,
3529 3375 3619 3445 qui
3676 3386 3853 3429 nostr.-

2275 3473 2450 3526 omnia
2484 3479 2739 3541 perpetuo
2779 3471 3031 3523 intuetur.
3061 3467 3131 3523 Ut
3179 3469 3356 3537 itaque
3393 3482 3605 3537 semper
3631 3467 3719 3519 lux
3773 3465 3857 3517 illa

2277 3578 2375 3617 nos
2428 3564 2706 3623 illuminet,
2760 3561 2899 3614 Iumc
2942 3559 3095 3613 nobis
3138 3559 3343 3613 radium
3388 3559 3743 3617 attrahamus.
3787 3556 3857 3609 Ita

2277 3655 2417 3708 enim
2456 3663 2509 3708 et
2546 3652 2895 3722 prmsentibus
2921 3660 2972 3705 et
2994 3648 3184 3704 futuris
3226 3651 3462 3705 fruenutr
3480 3650 3654 3714 bonis,
3690 3648 3859 3718 gratia

2279 3754 2333 3796 et
2363 3742 2690 3811 benignitate
2738 3739 2948 3794 Domini
2983 3739 3149 3793 nostri
3174 3738 3300 3794 Jesu
3331 3739 3548 3803 Christi,
3581 3752 3674 3807 per
3701 3751 3859 3806 quem

2280 3842 2332 3887 et
2359 3848 2478 3886 cum
2508 3846 2612 3900 quo
2651 3830 2794 3884 Patri
2824 3829 2994 3899 gloria
3020 3869 3034 3892 ,
3067 3844 3279 3898 unaque
3306 3829 3523 3897 Spiritui
3570 3838 3776 3890 sancto,
3810 3824 3860 3877 in

2282 3927 2475 3980 szecula
2517 3924 2852 3979 smculorum.
2883 3926 3072 3977 Amen.

3740 4054 3863 4065 ..__.

1985 4134 2326 4196 HOMILIA
2372 4133 2481 4195 VI.

593 4266 646 4320 6.
682 4262 798 4317 Fuit
825 4262 972 4316 homo
999 4263 1179 4315 missus
1214 4276 1245 4313 a
1280 4258 1388 4313 Deo
1408 4301 1423 4324 ,
1468 4259 1552 4313 cui
1588 4274 1767 4312 nomen
1796 4266 1902 4311 erat
1932 4255 2177 4307 Joannes.

660 4361 879 4416 Joannis
909 4359 1147 4429 Baptista
1162 4357 1351 4412 missio.
1377 4354 1679 4424 Explicatur
1697 4354 1846 4417 illud,
1886 4350 2005 4404 Fuit
2024 4350 2182 4403 homo

596 4456 791 4509 missus
824 4468 854 4505 ιι
895 4452 1023 4505 Deo.
1052 4448 1156 4504 Cur
1195 4457 1242 4500 et
1279 4446 1530 4513 quomodo
1574 4444 1804 4499 Christus
1844 4442 2182 4495 testimonium

596 4544 810 4613 accipiat
838 4543 900 4594 ab
940 4541 1155 4593 homine.
1208 4537 1448 4590 Doctrina
1483 4537 1612 4589 nihil
1651 4534 1853 4602 prodest
1896 4534 2006 4586 sine
2045 4532 2186 4585 bonis

599 4629 995 4703 operibus.—In
1023 4629 1244 4683 exordio
1269 4627 1335 4681 de
1363 4627 1472 4681 Deo
1497 4625 1674 4680 Verbo
1694 4641 1813 4695 qua:
1841 4624 2107 4693 prmcipua
2133 4631 2188 4677 et

603 4725 770 4792 magis
799 4721 1096 4776 necessaria
1135 4726 1288 4774 erant
1322 4718 1572 4787 loquutus
1599 4714 1926 4785 evangelista
1947 4755 1961 4779 ,
2002 4712 2191 4766 ordine

607 4814 930 4887 procedens,
977 4810 1044 4866 ad
1092 4809 1247 4865 Verbi
1296 4822 1599 4879 prmconem
1661 4806 1759 4861 sibi
1816 4803 2187 4874 cognominem

603 4907 862 4962 Joannem
893 4910 1074 4973 postea
1107 4898 1270 4954 venit.
1318 4899 1395 4952 Tu
1428 4913 1549 4954 vera
1587 4912 1706 4951 cmn
1750 4894 1903 4950 audis
1946 4894 2117 4963 ipsum
2160 4908 2189 4946 a

608 4998 719 5053 Deo
743 4996 962 5051 missum
990 4992 1185 5055 fuisse,
1222 4990 1355 5045 nihil
1383 4989 1669 5043 humanmn
1697 4988 1764 5042 ab
1789 5003 1853 5041 eo
1883 4987 1985 5040 dici
2015 4996 2187 5057 putes.

607 5090 719 5145 Non
747 5089 887 5143 enim
915 5102 1008 5142 sua
1029 5127 1043 5151 ,
1069 5084 1163 5139 sed
1188 5082 1447 5137 mittentis
1470 5096 1528 5135 se
1554 5080 1690 5134 dicta
1716 5077 1938 5149 profert.
1964 5076 2194 5147 Ideoque

609 5181 827 5251 angelus
856 5178 1152 5253 appellatus
1181 5185 1265 5231 est
1307 5189 1322 5227 :
1365 5172 1539 5242 angeli
1583 5185 1710 5225 vero
1737 5171 1849 5224 sive
1879 5168 2046 5222 nuntii
2078 5166 2197 5220 oili-

611 5275 749 5327 einm
776 5281 887 5333 est,
921 5270 1050 5324 nihil
1076 5285 1140 5324 ex
1168 5282 1227 5323 se
1248 5266 1447 5321 dicere.
1476 5263 1609 5317 Illud
1640 5272 1816 5315 autem
1841 5302 1854 5323 ,
1890 5259 2042 5323 Fuit,
2090 5274 2194 5313 non

615 5366 699 5419 hic
728 5362 794 5417 ad
831 5361 1193 5415 exsistemiam
1224 5356 1503 5412 transitum
1531 5354 1791 5423 signiﬁcat
1814 5394 1827 5415 ,
1859 5352 1951 5406 sed
1983 5351 2196 5405 missio-

616 5470 737 5510 nem
770 5455 959 5522 ipsam.
992 5449 1121 5502 Nam
1150 5449 1279 5503 illud
1301 5490 1317 5513 ,
1351 5447 1473 5501 Fuit
1513 5446 1695 5499 missus
1722 5461 1755 5497 a
1784 5442 1923 5505 Deo,
1968 5442 2195 5509 idipsum

615 5555 696 5601 est
728 5541 903 5617 quod,
945 5539 1135 5594 Missus
1171 5547 1253 5593 est
1287 5554 1316 5591 a
1360 5539 1486 5593 Deo.
1520 5534 1798 5605 Quomodo
1837 5534 1995 5603 igitur
2024 5530 2190 5595 illud,

621 5634 719 5704 Qui
744 5649 857 5687 rum
886 5632 938 5684 in
966 5630 1131 5698 forma
1173 5626 1264 5681 Dei
1302 5637 1424 5681 esset
1456 5626 1725 5699 (Philipp.
1766 5625 1820 5678 9..
1863 5623 1972 5692 6),
2014 5622 2194 5677 dicunt

2284 4267 2391 4307 non
2430 4250 2645 4321 intelligi
2673 4250 2741 4306 de
2767 4251 3066 4320 mqualitate
3106 4248 3222 4304 Filii
3252 4266 3372 4305 cum
3405 4249 3595 4314 Patre,
3635 4263 3700 4302 eo
3729 4249 3867 4319 quod

2285 4344 2543 4398 articulus
2571 4359 2674 4396 non
2703 4342 3037 4412 apponatur?
3065 4341 3198 4396 Ecce
3224 4342 3364 4395 enim
3409 4341 3493 4394 hic
3522 4355 3736 4408 quoque
3762 4341 3869 4394 nul.

2288 4435 2369 4490 Ius
2397 4434 2548 4489 adest
2575 4434 2848 4487 articulus.
2897 4435 2976 4487 Au
3018 4432 3175 4503 igitur
3216 4432 3302 4487 hic
3344 4432 3411 4486 de
3450 4432 3606 4485 Patre
3650 4448 3755 4485 non
3791 4440 3871 4485 est

2287 4526 2504 4580 sermo?
2530 4524 2666 4591 Quid
2690 4540 2818 4594 ergo
2842 4525 3081 4579 dicemus
3107 4524 3173 4580 de
3201 4525 3455 4594 propheta
3482 4525 3572 4593 qui
3598 4524 3673 4577 ait
3700 4541 3714 4576 :
3748 4523 3872 4576 Ecce

2290 4632 2379 4684 ego
2409 4615 2551 4667 mitto
2575 4616 2810 4682 angelum
2833 4632 3000 4669 meum
3023 4624 3139 4668 ante
3163 4617 3340 4686 faciem
3369 4624 3529 4679 tuam,
3555 4616 3642 4685 qui
3669 4629 3872 4684 pratpa—

2290 4704 2420 4757 rabit
2449 4704 2579 4758 viam
2608 4716 2743 4759 tuam
2775 4704 2929 4777 (Mal.
2960 4706 3013 4760 5.
3046 4707 3068 4759 I
3103 4707 3162 4772 )‘l
3196 4705 3325 4760 Illud
3372 4720 3546 4760 meum
3591 4714 3643 4758 et
3684 4714 3831 4759 tuutn
3860 4749 3875 4773 ,

2292 4796 2424 4851 duas
2451 4813 2705 4866 personas
2734 4797 2994 4868 significat
3022 4815 3037 4849 :
3071 4798 3123 4852 7.
3151 4795 3251 4851 Hic
3280 4797 3408 4849 venit
3433 4797 3485 4849 in
3512 4796 3872 4855 testimonium,

2293 4901 2346 4943 ut
2375 4890 2709 4944 testimonium
2742 4888 3016 4958 perhiberet
3043 4888 3106 4942 de
3134 4889 3339 4942 lumine.
3379 4886 3516 4952 Quid
3558 4886 3659 4940 hoc
3679 4928 3693 4951 ,
3734 4886 3877 4939 dicet

2295 4982 2516 5035 fortasse
2564 4980 2861 5057 quispiam,
2909 4993 3093 5033 servus
3140 4978 3207 5031 de
3254 4977 3472 5031 domino
3514 4976 3877 5031 testimonium

2294 5071 2575 5140 perhibet?
2602 5072 2732 5125 Cum
2760 5086 2886 5138 ergo
2914 5084 3017 5122 non
3045 5067 3203 5122 modo
3231 5067 3377 5120 illtttn
3407 5066 3544 5120 servi
3574 5065 3880 5120 testimonio

2296 5161 2562 5232 perhiberi
2593 5161 2831 5223 videbis,
2873 5160 2965 5216 sed
2995 5161 3154 5215 etiam
3192 5158 3257 5213 ad
3299 5174 3510 5213 servum
3555 5159 3735 5211 venire
3759 5197 3775 5223 ,
3820 5172 3881 5210 ac

2296 5270 2416 5308 cum
2434 5253 2632 5309 Judteis
2652 5253 2825 5307 abillo
2849 5252 3125 5321 baptizari,
3144 5265 3320 5305 annon
3346 5250 3513 5318 magis
3535 5249 3881 5316 obstupesccs

2297 5355 2350 5399 et
2379 5344 2675 5399 dubitabis?
2702 5343 2803 5399 Sed
2836 5360 2940 5398 non
2968 5350 3179 5412 oportet
3200 5342 3398 5396 turbari
3421 5341 3502 5395 vel
3530 5342 3881 5401 commoveri,

2298 5445 2355 5491 at
2395 5437 2570 5506 petius
2614 5436 2729 5505 ejus
2774 5435 3091 5489 ineliabilem
3140 5433 3516 5503 benignitatem
3567 5431 3769 5484 mirari.
3826 5431 3879 5484 Si

2301 5540 2429 5581 vero
2456 5526 2573 5595 quis
2598 5523 2789 5579 dubius
2818 5524 2869 5578 in
2901 5524 3295 5594 perturbatione
3334 5529 3581 5586 maneat,
3622 5520 3672 5573 id
3705 5520 3778 5573 illi
3802 5521 3883 5575 di-

2302 5626 2387 5673 cet
2406 5658 2420 5681 ,
2449 5614 2588 5685 quod
2618 5612 2802 5668 Joanui
2833 5631 2845 5669 :
2879 5614 3002 5687 Sine
3030 5613 3178 5669 modo
3207 5628 3227 5668 :
3246 5614 3317 5667 sic
3344 5612 3477 5665 enim
3502 5612 3637 5663 decet
3667 5626 3757 5662 nos
3785 5613 3882 5662 im-
