4370 6306
640 248 702 300 ΕΙ
1351 245 1409 300 S.
1447 243 1734 301 JOANNIS
1771 237 2263 299 CIIRYSObTOMI
2299 237 2366 292 ΑΙ

2166 237 2263 294 ηιι
2299 236 2623 297 ARCMEP.
2655 236 3204 296 CONSTANTINOP.
3624 251 3630 255 ‘
3822 233 3892 287 ϐξ

628 361 889 430 σωθῆτιιν
911 360 1107 413 ὡσανεὶ
1136 359 1316 428 ἔλεγεν
1341 376 1354 389 ·
1372 359 1493 413 ’Ότι
1526 361 1623 430 μὲν
1643 360 1775 423 Θεός
1796 362 1930 429 εἰμι,
1955 360 2049 411 καὶ
2071 356 2207 409 Θεοῦ

628 446 852 515 γνήσιος
885 443 1032 505 Υἱὸς,
1071 443 1163 495 καὶ
1195 443 1290 512 τῆς
1312 442 1500 505 οὐσίας
1538 442 1754 513 ἐκείνης
1786 442 1887 511 τῆς
1927 440 2206 510 ἀκηράτου

630 525 745 600 [45]
775 526 869 579 καὶ
891 524 1179 595 μακαρίας,
1200 523 1341 596 [καὶ]
1362 524 1576 588 οὐδενὸς
1596 524 1785 595 δέομαι
1806 522 1901 577 τοῦ
1927 523 2207 593 μαρτυρή-

629 625 830 671 σοντος.
862 607 977 660 Κᾶν
1009 608 1116 678 γὰρ
1143 606 1329 677 μηδεὶς
1353 607 1511 678 ἐθέλῃ
1531 607 1691 659 τοῦτο
1709 609 1900 670 ποιεῖν,
1926 606 2074 659 οὐδὲν
2098 604 2207 673 ἐγὼ

626 689 778 761 παρά
826 689 982 744 τοῦτο
1039 690 1120 752 εἰς
1164 689 1264 759 τὴν
1311 688 1472 757 φύσιν
1529 689 1847 758 ἠλάττωμαι
1899 687 1996 759 τὴν
2043 689 2201 758 ἐμήν.

636 771 852 842 Ἐπειδὴ
881 772 938 824 δέ
962 772 1061 841 τῆς
1092 771 1365 841 σωτηρίας
1403 788 1491 840 μοι
1518 771 1668 841 μέλει
1693 774 1790 841 τῆς
1819 770 1924 823 τῶν
1970 770 2202 833 πολλῶν,

622 853 809 907 τούτου
842 855 1001 925 χάριν
1028 855 1106 916 εἰς
1133 852 1291 906 τοῦτο
1319 853 1555 925 κατέϐην
1573 855 1978 926 ταπεινότητος.
2003 855 2077 918 ὠς
2108 857 2205 910 καὶ

621 934 894 1006 ἀνθρώπῳ
921 936 1018 1005 τὴν
1065 934 1371 1006 μαρτυρίαν
1415 930 1706 1007 ἐπιτρέψαι
1747 936 1846 1007 τὴν
1895 938 2055 1009 ἐμήν.
2107 939 2204 992 Διά

620 1016 731 1088 γάρ
758 1018 819 1070 τὸ
844 1016 1182 1086 χαμαίζηλον
1220 1017 1314 1069 καὶ
1333 1017 1554 1080 ἀσθενὲς
1577 1017 1686 1071 τῶν
1721 1018 2005 1085 Ἰουδαίων,
2030 1018 2204 1083 οὑτως

623 1098 995 1168 εὐληπτοτέρα
1048 1099 1232 1161 αὐτοῖς
1281 1099 1372 1151 καὶ
1401 1100 1741 1171 εὐκολωτέρα
1792 1100 2069 1171 ἕμελλενή
2123 1104 2201 1165 εἰς

621 1180 785 1233 αὑτὸν
817 1180 1063 1248 γίνεσθαι
1096 1180 1296 1242 πίστις.
1357 1182 1564 1252 Ὠσπερ
1594 1178 1686 1235 οὖν
1726 1183 1903 1254 σάρκα
1946 1183 2203 1254 περιεϐάη

622 1264 762 1327 λετο,
795 1264 879 1318 ἴνα
921 1267 996 1335 μὴ
1019 1269 1197 1338 γυμνῇ
1227 1268 1292 1337 τῇ
1325 1264 1538 1336 θεότητι
1580 1267 1924 1339 προσϐαλὼν,
1957 1267 2200 1331 ἅπαντας

620 1346 859 1419 ἀπολέσῃ
877 1364 890 1378 ·
917 1347 1059 1400 οὑτω
1088 1349 1183 1400 καὶ
1207 1350 1421 1419 κήρυκα
1443 1349 1726 1420 ἄνθρωπον
1764 1350 2089 1421 ἐξέπεμψεν,
2114 1351 2197 1404 ἵνα

618 1429 717 1499 τῆς
750 1430 1043 1498 συγγενοῦς
1068 1430 1356 1494 ἀκούοντες
1378 1432 1582 1502 φωνῆς,
1617 1433 1978 1503 εὐκολώτερον
2009 1435 2059 1485 οἰ
2077 1435 2197 1487 τότε

619 1513 908 1575 ἀκούοντες
951 1515 1383 1585 προσέρχωνται.
1449 1514 1602 1568 Ἐπεὶ
1630 1516 1711 1568 ὅτι
1744 1531 1808 1583 γε
1842 1515 1940 1585 τῆς
1986 1516 2195 1568 ἐκείνου

617 1596 767 1648 οὐδὲν
795 1596 962 1648 ἐδεῖτο
999 1598 1326 1669 μαρτυρίας,
1382 1598 1542 1668 ἤρκει
1597 1596 1766 1661 δεῖξαι
1802 1594 1962 1667 μόνον
2008 1597 2198 1650 ἐαυτὸν

615 1680 764 1742 ὅστις
787 1677 854 1750 ἦν
876 1683 1058 1751 γυμνῇ
1084 1683 1149 1751 τῇ
1172 1681 1351 1748 οὐσία,
1378 1681 1472 1732 καὶ
1492 1679 1939 1751 καταπλήξασθαι
1967 1681 2196 1744 πάντας.

631 1763 794 1815 Ἀλλά
847 1762 1005 1815 τοῦτο
1057 1764 1157 1816 οὐκ
1192 1762 1415 1832 ἐποίησε
1440 1803 1454 1826 ,
1510 1763 1577 1815 δι’
1610 1763 1746 1833 ὅπερ
1776 1763 1946 1832 ἔφθην
1996 1763 2162 1816 εἰπών
2183 1780 2195 1793 ·

620 1847 827 1909 πάντας
850 1846 958 1916 γὰρ
976 1846 1041 1899 ἂν
1063 1846 1314 1914 ἠφάνισε,
1344 1845 1569 1915 μηδενὸς
1591 1845 1888 1916 δυναμένου
1907 1845 2004 1917 τὴν
2030 1848 2199 1914 ἀπρό-

619 1948 764 1984 σιτον
796 1930 1013 2000 ἐκείνην
1061 1929 1156 1982 τοῦ
1188 1930 1367 1997 φωτὸς
1422 1928 1727 1999 προσϐολὴν
1783 1931 2043 1997 ἐνεγκεῖν.
2099 1929 2198 1981 Διά

617 2013 774 2066 τοῦτο
807 2013 900 2066 καὶ
926 2012 1124 2083 σάρκα,
1160 2011 1412 2082 καθάπερ
1441 2010 1610 2082 ἔφθην
1655 2011 1845 2074 εἰπὼν,
1881 2013 2071 2078 ὑπέδυ,
2103 2015 2196 2065 καὶ

620 2096 702 2148 ἐνὶ
730 2095 837 2149 τῶν
869 2097 1151 2165 ἡμετέρων
1184 2095 1486 2164 ὁμοδούλων
1523 2093 1817 2164 ἐγχειρίζει
1852 2095 1951 2166 τὴν
1987 2112 2193 2165 μαρτυ-

618 2179 742 2247 ρίαν
766 2195 780 2208 ο
813 2177 999 2248 ἐπειδὴ
1028 2179 1208 2231 πάντα
1257 2176 1390 2247 πρὸς
1419 2177 1518 2246 τὴν
1545 2177 1653 2229 τῶν
1681 2177 1982 2247 ἀνθρώπων
2024 2180 2194 2248 ἐπρα-

615 2258 964 2328 γματεύσατο
990 2258 1284 2328 σωτηρίαν,
1314 2257 1376 2310 οὑ
1405 2259 1540 2327 πρὸς
1570 2260 1667 2329 τήν
1708 2258 1863 2321 ἀξίαν
1905 2260 2064 2328 μόνον
2098 2259 2196 2329 τὴν

617 2340 831 2403 ἑαυτοῦ,
865 2339 1000 2392 ἀλλὰ
1034 2342 1128 2391 καὶ
1163 2339 1300 2410 πρὸς
1341 2340 1402 2390 τὸ
1445 2339 1845 2408 εὐπαράδεκτον
1878 2340 1971 2391 καὶ
2002 2340 2197 2407 ὠφέλι-

618 2440 716 2490 μον
741 2425 852 2486 τοῖς
878 2421 1165 2475 ἀκούουσιν
1188 2421 1347 2493 ὁρῶν.
1383 2423 1559 2492 Ὅπερ
1589 2418 1681 2475 οὖν
1716 2423 1809 2474 καὶ
1841 2423 2002 2485 αὐτὸς
2027 2424 2198 2475 αἰνιτ-

612 2506 838 2575 τόμενος
864 2505 1048 2572 ἔλεγεν
1067 2526 1078 2536 ·
1112 2505 1303 2558 Ταῦτα
1335 2504 1490 2572 λέγω
1514 2504 1588 2557 δι’
1614 2503 1784 2573 ὑμᾶς.
1813 2505 1912 2556 ἵνα
1941 2503 2191 2572 σωθῆτε.

613 2591 723 2641 Καὶ
750 2591 778 2640 6
803 2589 1196 2658 εὐαγγελιστὴς
1222 2588 1279 2640 δέ
1313 2588 1382 2640 τά
1408 2587 1546 2640 αὐτὰ
1574 2588 1650 2657 τῷ
1681 2587 1928 2658 Δεσπόῑῃ
1963 2587 2194 2656 φθεγγό-

618 2688 798 2741 μενος,
829 2672 965 2741 μετὰ
1011 2671 1071 2724 τὸ
1101 2672 1295 2732 εἰπεῖν,
1328 2672 1462 2725 Ἵνα
1499 2669 1857 2739 μαρτυρήσῃ
1908 2671 2039 2736 περὶ
2088 2671 2194 2723 τοῦ

613 2751 827 2821 φωτὸς,
864 2754 1163 2823 ἐπήγαγεν,
1192 2753 1327 2804 Ἵνα
1355 2751 1574 2817 πάντες
1605 2755 1972 2806 πιστεύσωσι
1995 2752 2068 2804 δι’
2089 2754 2192 2804 αὺ-

614 2833 742 2896 τοῦ,
775 2835 1055 2903 μονονουχὶ
1079 2833 1272 2902 λέγων·
1300 2833 1392 2903 Μὴ
1412 2835 1638 2904 νομίσῃς
1654 2834 1736 2884 ὅτι
1760 2833 1850 2885 διά
1879 2833 2036 2885 τοῦτο
2060 2850 2193 2902 μαρ-

613 2918 865 2986 τυρήσων
892 2911 1055 2986 ἦλθεν
1087 2918 1115 2968 6
1146 2916 1455 2986 Βαπτιστὴς
1496 2916 1769 2985 Ἰωάννης,
1804 2915 1891 2967 ἵνα
1918 2932 1970 2966 τι
1995 2915 2074 2984 τῷ
2098 2918 2193 2967 Δε-

617 2999 788 3071 σπότῃ
818 2998 1027 3070 προσθῇ
1072 3000 1148 3062 εἰς
1180 2998 1519 3064 ἀξιοπιστίας
1565 2996 1720 3064 λόγον
1746 3013 1757 3025 ·
1806 2998 1865 3048 οὐ
1901 2997 1986 3049 διά
2014 2996 2190 3061 τοῦτο,

614 3081 728 3134 ἀλλ’
764 3083 849 3134 ’ίνα
882 3082 931 3133 οί
956 3080 1220 3151 ὁμόφυλοι
1243 3078 1572 3133 πιστεύσωσι
1596 3078 1662 3131 δι’
1696 3079 1882 3133 αὑτοῦ.
1927 3078 2052 3133 ’Ότι
2085 3080 2193 3150 769

613 3163 818 3233 ταύτην
852 3162 1167 3232 προανελεῖν
1200 3162 1297 3230 τὴν
1339 3159 1574 3229 ὑποψίαν
1623 3160 1866 3213 σπεύδων
1906 3162 2065 3214 τοῦτο
2112 3163 2193 3213 εἰ..

616 3263 752 3318 ρηκε
779 3259 829 3308 ⁸,
853 3246 947 3298 καὶ
975 3247 1039 3298 ἐκ
1062 3244 1170 3297 τῶν
1193 3244 1332 3314 μετά
1362 3241 1535 3296 ταῦτα
1560 3243 1717 3314 δῆλον
1738 3257 1749 3268 ·
1789 3245 2033 3312 ἐπήγαγε
2062 3245 2190 3314 769,

617 3334 741 3383 Οὐκ
774 3325 852 3399 ἦν
876 3328 1128 3393 ἐκεῖνος,
1152 3327 1346 3395 λέγων,
1374 3324 1440 3379 τὸ
1468 3324 1615 3394 φῶς.
1656 3326 1716 3378 Εἰ
1747 3326 1802 3378 δέ
1830 3328 1903 3396 μὴ
1937 3328 2071 3398 πρὸς
2094 3330 2193 3397 τήν

614 3412 868 3465 ὑπόνοιαν
898 3409 1099 3481 ταύτην
1131 3410 1418 3479 ἱστάμενος
1439 3408 1739 3461 ἐπανέλαϐε
1764 3410 1944 3470 τοῦτο,
1969 3413 2194 3479 παρεῖλ-

613 3512 708 3549 κεν
728 3495 914 3558 ἀπλῶς
962 3494 1023 3547 τὸ
1057 3492 1366 3564 λεγόμενον,
1421 3494 1515 3546 καὶ
1541 3490 1863 3559 ταυτολογία
1905 3493 2126 3560 μᾶλλον,
2158 3494 2188 3563 ἢ

617 3580 879 3656 σαφήνεια
908 3578 1252 3639 διδασκαλίας
1284 3573 1373 3649 ἦν.
1408 3576 1591 3630 Εἰπὼν
1622 3574 1750 3647 769,
1788 3576 1868 3629 ὅτι
1887 3576 2190 3647 ἀπεστάλη,

677 3675 704 3703 ⁸
729 3679 764 3723 Α
775 3673 826 3722 lii
846 3673 993 3722 τοῦτο
1018 3673 1247 3734 ἐπήγαγε.

614 3972 726 4034 Ἦν
751 3973 815 4030 τὸ
840 3971 965 4045 εςῶς
988 3972 1052 4027 τὸ
1076 3972 1389 4041 ἀληθινὸν,
1428 3970 1460 4026 ὃ
1489 3969 1719 4045 φωτίζει
1746 3971 1943 4026 πάντα
1968 3971 2191 4041 ἂνθρω-

891 4058 1010 4098 πον
1034 4044 1364 4114 ἐρχόμενον
1390 4045 1479 4108 εἰς
1517 4041 1623 4095 τὸν
1651 4044 1906 4111 κόσμον.

682 4142 749 4198 α’.
787 4140 885 4195 Διά
923 4139 1098 4204 τοῦτο,
1134 4134 1180 4193 ὧ
1210 4139 1558 4210 πολυπόθητα
1607 4138 1794 4203 τέκνα,
1853 4137 1994 4191 κατά
2027 4137 2191 4207 μέρος

612 4225 755 4297 ὑμᾶς
771 4228 882 4288 τοῖς
904 4225 1014 4278 ἀπὸ
1032 4222 1140 4278 τῶν
1159 4223 1389 4295 Γραφῶν
1415 4222 1683 4294 ἐστιῶμεν
1700 4224 1953 4294 νοήμασι,
1976 4221 2070 4273 καὶ
2093 4222 2192 4273 οὐκ

611 4308 804 4378 ἀθρόον
837 4308 1013 4361 πάντα
1041 4307 1324 4377 ἐκχέομεν,
1359 4306 1445 4359 ἵνα
1474 4306 1633 4376 ῥᾳδία
1653 4305 1761 4357 τῶν
1795 4304 1882 4358 ἀεὶ
1917 4302 2191 4357 καταϐαλ-

611 4390 850 4459 λομένων
881 4390 1007 4459 ὑμῖν
1042 4390 1075 4457 ἡ
1119 4388 1334 4458 φυλακὴ
1378 4388 1626 4458 γένηται.
1679 4388 1788 4440 Καὶ
1835 4386 1943 4454 769
1977 4386 2069 4439 ἐπὶ
2094 4388 2192 4457 τῆς

611 4474 942 4542 οἰκοδομίας,
961 4474 990 4524 6
1019 4471 1117 4541 μὲν
1148 4471 1374 4539 μηδέπω
1402 4469 1508 4521 τῶν
1539 4470 1822 4539 προτέρων
1851 4467 2013 4520 λίθων
2036 4484 2191 4538 σφιγ-

614 4554 817 4621 γέντων
855 4552 1072 4622 ἐτέρους
1099 4550 1332 4612 ἐπιθεὶς,
1368 4551 1565 4620 σαθρὸν
1600 4552 1817 4603 ἅπαντα
1844 4549 1937 4601 καὶ
1962 4549 2193 4603 εὐκατά-

618 4640 811 4704 ϐλητον
843 4634 1057 4702 ὑφαίνει
1083 4634 1175 4686 τὸν
1212 4635 1420 4703 τοῖχον
1471 4634 1499 4685 6
1531 4633 1588 4686 δέ
1616 4633 1899 4698 ἀναμένων
1931 4632 2193 4702 πρότερον

617 4716 858 4786 παγῆναι
887 4716 978 4768 τὸν
1005 4715 1221 4785 χάλικα,
1251 4717 1343 4768 καὶ
1362 4715 1505 4769 οὕτω
1525 4716 1587 4769 τὸ
1605 4717 1789 4769 λεῖπον
1819 4715 1961 4768 κατα
1998 4714 2192 4785 μικρὸν

617 4798 901 4862 ἐπιτιθεὶς,
957 4797 1098 4868 μετά
1129 4797 1427 4865 ἀσφαλείας
1478 4799 1695 4852 ἃπασαν
1749 4798 2040 4868 ἀπαρτίζει
2092 4799 2193 4866 τὴν

615 4883 812 4946 οἰκίαν,
846 4882 947 4935 οὐκ
979 4880 1342 4950 ὀλιγοχρόνιόν
1369 4898 1509 4947 τινα,
1536 4882 1655 4936 οὑδέ
1697 4881 2026 4945 εὐδιάλυτον,
2059 4881 2195 4934 ἀλλά

620 4966 841 5037 βεϐαίαν
864 4965 1288 5027 κατασκευάζων
1317 4966 1504 5036 αὑτήν.
1529 4965 1763 5029 Τούτους
1792 4966 1887 5018 καὶ
1918 4967 2077 5036 ἡμεῖς
2107 4984 2194 5035 μι-

620 5049 852 5119 μώμεθα
881 5048 1007 5111 τοὺς
1029 5046 1366 5115 οἰκοδόμους,
1401 5048 1495 5101 καὶ
1518 5048 1659 5102 κατά
1684 5049 1774 5101 τὸν
1800 5049 1964 5102 αὑτὸν
1994 5049 2194 5120 τρόπον

616 5132 715 5196 τὰς
746 5131 1015 5203 ὑμετέρας
1040 5129 1409 5200 οἰκοδομῶμεν
1426 5142 1452 5170 ι
1486 5130 1680 5201 ψυχάς.
1709 5129 1825 5203 [65]
1849 5133 1954 5184 Καὶ
1980 5130 2087 5202 γάρ
2112 5131 2195 5183 δε-

613 5217 891 5287 δοίκαμεν,
919 5218 1129 5288 μήποτε
1150 5215 1247 5284 τῆς
1275 5215 1541 5285 προτέρας
1568 5214 1870 5287 καταϐολῆς
1892 5214 2190 5284 νεοπαγοῦ;

618 5299 988 5370 ὑπαρχούσης,
1024 5300 1058 5370 ή
1091 5296 1198 5351 τῶν
1225 5295 1492 5367 δευτέρων
1536 5298 1774 5370 ἐπιθήκη
1818 5300 2189 5370 θεωρημάτων

616 5384 713 5437 καὶ
739 5385 851 5445 τοῖς
884 5383 1167 5452 προτέροις
1203 5382 1532 5453 λυμήνηται,
1561 5382 1658 5453 τῆς
1684 5381 1922 5446 διανοίας
1954 5383 2055 5436 οὐκ
2086 5383 2186 5452 ἀρ-

617 5465 818 5537 κούσης
847 5465 1060 5519 ᾶπαντα
1108 5465 1244 5533 ὁμοῦ
1293 5467 1604 5536 κατασχεῖν.
1659 5465 1725 5518 Τί
1752 5466 1929 5519 τοίνυν
1976 5466 2093 5518 ἐστὶ
2128 5465 2190 5517 τὸ

617 5552 855 5621 σήμερον
885 5550 1014 5620 ήμῖν
1052 5548 1431 5614 ἀναγνωσθέν;
1462 5545 1582 5603 Ἦν
1618 5548 1686 5602 τὸ
1719 5547 1844 5619 φῶς
1881 5549 1946 5602 τὸ
1972 5549 2186 5614 ἀληθι-

613 5631 745 5696 νόν,
767 5633 799 5686 ὃ
825 5628 1053 5700 φωτίζει
1074 5627 1268 5681 πάντα
1297 5628 1609 5699 ἄνθρωπον
1632 5632 1955 5701 ἐρχόμενον
1977 5633 2062 5697 εἰς
2079 5629 2185 5682 τόν

676 5774 706 5845 ξ
727 5774 808 5823 Sic
830 5788 944 5823 mss.
969 5772 1183 5834 quidam.
1210 5772 1358 5820 Savil.
1387 5779 1437 5821 cl
1484 5772 1600 5821 Mor.
1647 5773 1966 5835 μιμούμεθα...
2002 5773 2189 5820 οἰκοδο-

619 5852 813 5896 θιονμεν.

2313 354 2447 409 Ἵνα
2464 355 2821 425 μαρτυρήσῃ
2843 356 2975 423 περί
3009 352 3117 408 τοῦ
3138 351 3334 422 φωτός
3357 391 3373 413 ,
3414 350 3469 404 τί
3508 349 3670 403 πάλιν
3701 348 3847 416 λέγει
3872 387 3890 416 ,

2313 439 2435 491 Οὐκ
2462 437 2543 506 ἦν
2572 438 2807 502 ἐκεῖνος
2850 437 2916 491 τὸ
2945 436 3108 506 φῶς;
3149 435 3260 506 Οὐχ
3288 433 3475 496 ἀπλῶς
3523 432 3643 486 οὐδὲ
3674 432 3851 502 μάτην
3870 450 3885 465 ’

2310 520 2423 572 ἀλλ’
2444 520 2631 590 ἐπειδὴ
2653 520 2728 583 ὼς
2757 520 2824 573 τά
2852 518 3021 573 πολλά
3058 519 3189 588 παρ’
3223 518 3355 587 ήμῖν
3384 514 3584 586 μείζων
3621 516 3651 566 6
3677 530 3887 583 μαρτυο

2308 602 2419 671 ρῶν
2440 601 2534 654 τοῦ
2557 602 3020 673 μαρτυρουμένου,
3043 601 3138 654 καὶ
3164 598 3601 667 ἀξιοπιστότερος
3624 595 3885 657 πολλάκις

2306 679 2444 737 εἶναι
2492 684 2665 737 δοκεῖ·
2698 685 2785 738 ἴνα
2837 687 2910 755 μή
2944 701 3027 747 τις
3057 683 3153 736 καὶ
3195 684 3287 736 ἐπὶ
3316 681 3412 735 τοῦ
3454 680 3701 734 Ἰωάννου
3724 677 3887 732 τοῦτο

2310 769 2642 841 ὑποπτεύσῃ,
2673 769 2739 821 ἐκ
2772 767 3072 839 προοιμίων
3109 766 3309 827 εὐθέως
3341 764 3440 834 τὴν
3479 762 3721 834 πονηράν
3749 761 3881 815 ταύ-

2304 868 2403 920 την
2422 852 2656 921 ὑποψίαν
2675 853 2906 921 ἀναιρεῖ,
2925 850 3018 902 καὶ
3038 848 3332 920 πρόρριζον
3351 846 3518 918 αὐτὴν
3538 846 3877 909 ἀνασπάσας,

2240 944 2261 955 ”’
2304 936 2540 989 δείκνυσι
2561 935 2644 998 τίς
2672 934 2771 1005 μὲν
2802 928 2955 997 οὗτος
2984 934 3013 985 6
3054 930 3369 1003 μαρτυρῶν,
3399 929 3482 994 τίς
3525 930 3583 982 δέ
3617 931 3822 991 ἐκεῖνος
3852 931 3881 980 6

2309 1019 2773 1091 μαρτυρούμενος,
2797 1020 2890 1072 καὶ
2913 1019 3037 1071 ὅσον
3066 1016 3129 1070 τὸ
3158 1015 3322 1085 μέσον
3346 1013 3441 1067 τοῦ
3483 1030 3543 1066 τε
3579 1028 3883 1082 μαρτυρου-

2307 1104 2469 1174 μένου
2485 1102 2690 1157 καὶτοῦ
2722 1100 3124 1174 μαρτυροῦντός
3150 1102 3288 1154 ἐστι.
3318 1097 3429 1150 Καὶ
3443 1095 3602 1150 τοῦτο
3624 1098 3879 1163 ποιήσας,

2302 1188 2396 1238 καὶ
2421 1184 2600 1251 δείξας
2621 1184 2783 1238 αὑτοῦ
2803 1183 2900 1255 τὴν
2921 1183 3249 1253 ἀσύγκριτον
3269 1179 3561 1250 ὑπεροχὴν,
3577 1177 3721 1230 οὕτω
3741 1177 3883 1246 μετά

2301 1267 2483 1328 ἁδείας
2508 1266 2697 1320 λοιπὸν
2750 1267 2846 1318 καὶ
2872 1265 2950 1336 τῷ
2975 1264 3279 1334 λειπομένῳ
3321 1262 3674 1332 ἐπεξέρχεται
3701 1258 3845 1327 λόγῳ
3862 1273 3877 1287 ’

2301 1349 2396 1402 καὶ
2420 1350 2539 1401 εἴτι
2566 1349 2678 1401 τῶν
2704 1348 2920 1401 ἀτόπων
2947 1343 3015 1417 ἧν
3034 1349 3151 1409 ταῖς
3177 1346 3286 1401 τῶν
3314 1343 3684 1413 ἀνοητοτέρων
3712 1343 3880 1410 ὑφορ-

2303 1432 2438 1502 μοῦν
2467 1432 2749 1494 διανοίαις,
2783 1430 2941 1483 τοῦτο
2968 1432 3033 1483 ἐκ
3057 1429 3223 1500 μέσου
3249 1426 3386 1498 μετά
3410 1425 3693 1497 ἀκριϐείας
3712 1424 3875 1493 ἄρας,

2298 1514 2471 1579 οὑτως
2509 1514 2681 1567 ἅπασι
2730 1511 2758 1552 δ
2786 1516 2903 1584 μετ’
2954 1512 3203 1575 εὐκολίας
3235 1510 3420 1563 λοιπὸν
3453 1510 3548 1563 καὶ
3583 1505 3878 1569 ἀκωλύτως

2299 1598 2389 1650 τὸν
2417 1597 2516 1667 τῆς
2546 1598 2891 1659 διδασκαλίας
2922 1597 3119 1666 ἐφεξῆς
3149 1597 3326 1664 ἐνίησι
3357 1593 3534 1661 λόγον.
3578 1589 3877 1660 Εὑξὼμεθα

2298 1681 2363 1750 δὴ
2395 1680 2577 1732 λοιπὸν
2613 1679 2752 1749 μετά
2783 1682 2878 1749 τῆς
2907 1679 3015 1730 τῶν
3036 1677 3323 1747 νοημάτων
3343 1675 3548 1729 τούτων
3589 1672 3872 1726 ἀποκαλύ-

2298 1762 2463 1831 φεως,
2489 1762 2582 1814 καί
2597 1762 2697 1831 τῆς
2718 1761 2824 1813 τῶν
2843 1761 3126 1830 δογμάτων
3147 1758 3456 1830 ὀρθότητος,
3487 1758 3579 1810 καὶ
3600 1756 3715 1826 βίον
3739 1758 3874 1826 ἡμῖν

2300 1842 2415 1915 [44]
2443 1843 2691 1910 γενέσθαι
2710 1842 2944 1913 καθαρὸν
2972 1842 3064 1894 καί⁵
3093 1841 3364 1896 πολιτείαν
3390 1839 3671 1909 λαμπράν.
3689 1838 3875 1892 Ἐπει-

2298 1926 2362 1998 δὴ
2411 1925 2614 1978 τούτων
2639 1926 2829 1995 ὄφελος
2857 1925 3027 1987 οὐδὲν,
3069 1923 3245 1994 ἔργων
3280 1922 3355 1992 μὴ
3409 1922 3689 1991 παρόντων
3741 1920 3874 1989 ἡμῖν

2299 2008 2539 2076 ἀγαθῶν.
2568 2007 2682 2061 Κᾶν
2711 2008 2818 2079 γάρ
2852 2008 3067 2061 ἃπασαν
3090 2007 3187 2078 τὴν
3220 2005 3403 2058 πίστιν
3432 2004 3642 2074 ἔχωμεν
3663 2004 3758 2056 καὶ
3777 2001 3872 2072 τὴν

2296 2094 2405 2147 τῶν
2440 2093 2670 2164 Γραφῶν
2700 2093 3046 2161 κατανόησιν,
3077 2095 3176 2163 τῆς
3200 2092 3258 2146 δὲ
3300 2090 3410 2145 ἀπὸ
3456 2088 3549 2143 τοῦ
3590 2088 3706 2159 βίου
3737 2103 3873 2159 προ⁴

2299 2176 2521 2238 στασία;
2546 2171 2695 2246 ὦμεν
2724 2176 2919 2246 ἔρημοι
2941 2176 3034 2228 καὶ
3061 2176 3276 2247 γυμνοὶ,
3300 2173 3452 2228 οὐδὲν
3479 2172 3538 2225 τδ
3566 2170 3776 2224 κωλύον
3796 2172 3874 2233 εἰς

2296 2261 2357 2313 τδ
2379 2260 2479 2330 τῆς
2505 2262 2727 2331 γεέννης
2756 2259 3120 2332 ἀπενεχθῆναι
3144 2259 3276 2331 πῦρ,
3300 2260 3393 2311 καὶ
3421 2260 3500 2320 εἰς
3520 2257 3748 2326 ἄπειρον
3770 2255 3875 2307 ὑπὸ

2296 2343 2396 2412 τῆς
2424 2343 2684 2395 ἀσϐέστου
2718 2344 3106 2398 καταναίεσθαι
3123 2342 3339 2411 φλογός.
3362 2342 3571 2410 ’Ὠσπερ
3592 2338 3701 2408 γάρ
3733 2339 3783 2389 οἰ
3809 2337 3875 2389 τὰ

2298 2424 2479 2493 άγαθά
2510 2425 2834 2495 πράξαντες.
2879 2428 3274 2498 ἀναστήσονται
3329 2427 3408 2488 εἰς
3444 2424 3586 2492 ζωὴν
3612 2420 3832 2474 αἰώνιον
3852 2435 3874 2453 ·

2297 2508 2469 2569 οὕτως
2498 2511 2547 2560 οἰ
2574 2508 2642 2561 τά
2671 2511 2888 2562 ἐναντία
2915 2509 3330 2579 τετολμηκότες,
3358 2510 3437 2570 εἰς
3466 2506 3683 2558 αἰώνιον
3716 2503 3879 2558 κόλα-

2298 2607 2381 2643 σιν
2409 2592 2500 2643 κα).
2531 2590 2702 2661 πέρας
2731 2591 2983 2645 οὐδέποτε
3021 2593 3273 2662 ἔχουσαν.
3328 2589 3418 2643 Διὸ
3449 2590 3628 2642 πᾶσαν
3677 2587 3877 2640 ἐπιδει-

2297 2673 2514 2744 ξώμεθα
2537 2674 2789 2744 σπουδὴν,
2821 2675 2960 2728 ὥστε
2993 2676 3066 2748 μὴ
3085 2677 3145 2730 τὸ
3167 2674 3457 2746 γενόμενον
3485 2675 3617 2744 ήμῖν
3646 2671 3758 2724 άπδ
3777 2671 3875 2741 τῆς

2295 2757 2460 2827 ὀρθῆς
2486 2756 2720 2821 πίστεως
2747 2758 2934 2830 κέρδος
2959 2759 3267 2830 διαφθεῖραι
3299 2762 3364 2831 τῇ
3395 2757 3505 2811 τῶν
3529 2757 3706 2828 ἔργων
3733 2772 3874 2825 φαυ-

2296 2841 2499 2911 λότητι,
2532 2840 2667 2893 ἀλλά
2689 2844 2782 2895 καὶ
2812 2842 3061 2897 ἐντεῦθεν
3082 2844 3538 2914 εὐδοκιμήσαντες
3567 2840 3706 2912 μετά
3732 2841 3869 2909 παῤ-

2297 2923 2491 2992 ρησίας
2518 2922 2647 2975 ἰδεῖν
2672 2923 2762 2976 τὸν
2786 2926 3040 2996 Χριστόν.
3067 2925 3281 2997 Ταύτης
3308 2925 3418 2997 γάρ
3451 2925 3563 2977 ίσον
3591 2923 3745 2976 οὐδὲν
3776 2921 3874 2991 τῆς

2299 3005 2702 3076 μακαριότητος
2728 3007 2815 3077 εἴη
2852 3008 2969 3062 ποτ’
3003 3009 3067 3062 ἀν
3094 3019 3140 3062 ο.
3190 3008 3404 3061 Γένοιτο
3425 3007 3483 3059 δὲ
3515 3008 3724 3068 πάντας
3750 3006 3872 3057 ἐπι-

2294 3087 2554 3156 τυχόντας
2569 3088 2675 3141 τῶν
2705 3089 3031 3159 εἰρημένων,
3050 3092 3131 3154 εἰς
3149 3090 3306 3156 δόξαν
3336 3087 3472 3143 Θεοῦ
3503 3088 3682 3141 πάντα
3701 3090 3874 3157 πράτ-

2294 3187 2427 3233 τειν,
2457 3164 2502 3238 ᾧ
2528 3172 2562 3240 ή
2594 3170 2721 3237 δόξα
2747 3172 2864 3241 ἅμα
2888 3172 2966 3242 τῷ
3002 3175 3282 3243 μονογενεῖ
3309 3170 3426 3242 Υίῷ
3457 3171 3554 3224 καὶ⁵
3582 3169 3660 3240 τῷ
3699 3167 3872 3223 Πνεύσ-

2298 3270 2428 3323 ματι
2449 3252 2527 3323 τῷ
2559 3253 2720 3323 ἁγίῳ,
2763 3255 2843 3318 είς
2871 3256 2998 3318 τοὺς
3032 3255 3232 3318 αἰῶνας
3261 3253 3368 3307 τῶν
3396 3252 3625 3308 αἰώνων.
3675 3253 3866 3324 Ἀμήν.

2329 3369 2385 3438 ηδ
2413 3369 2531 3438 Μοι-ἶ
2558 3372 2707 3438 οὕτως
2727 3370 2918 3438 ’ἅπασιν
2941 3372 3160 3438 ἐπέξεισι.
3183 3370 3283 3420 Sed
3303 3372 3503 3438 ἐπέξεισι
3525 3371 3671 3438 dgest
3690 3371 3740 3420 in

2297 3432 2380 3495 )‘iAl.
2425 3433 2567 3495 et_in
2611 3433 2835 3493 piurimis
2854 3494 2857 3495 ν
2877 3445 2990 3495 ιιιξε.
3028 3433 3177 3495 Ιξευίιο
3199 3439 3311 3494 post
3335 3433 3455 3481 Mor.
3480 3433 3641 3495 ἐφεξῆς
3660 3433 3871 3495 περαίνει

2293 3493 2461 3578 λέγων,
2485 3491 2657 3564 Savﬁl
2675 3506 2791 3561 lpss.
2818 3491 3011 3599 ριιιῐὶηύ
3037 3491 3368 3566 ἐφεξῇςένίηςι
3389 3491 3556 3566 λέγων.
3588 3513 3598 3524 ·
3624 3495 3649 3524 ⁸
3674 3491 3773 3542 Αίὶὶ
3791 3496 3872 3557 γέ-

2291 3568 2391 3618 νοιτ
2433 3552 2656 3618 6v._lbld.
2684 3553 2816 3618 {dore
2843 3553 3215 3618 .-πάνταςᾼάξιως
3239 3558 3453 3618 βιούντας
3470 3570 3566 3618 των
3594 3556 3868 3618 εἰρημένων.

2294 3615 2407 3679 _Sav._
2459 3614 2636 3669 πάντας
2686 3615 2996 3679 ἐπιτυχόντας
3029 3616 3125 3679 τῷν
3170 3614 3442 3678 εἰρημένων.
3498 3615 3596 3664 Pro
3639 3614 3870 3679 'uiraque

2292 3675 2509 3724 lectione
2553 3683 2687 3723 stam
2720 3675 2835 3722 mss;
2872 3676 3086 3735 plurimi.

2091 3881 2335 3934 OMIAIA
2390 3881 2463 3932 Z'.

2295 3972 2546 4041 κόσμον.
2591 3973 2807 4043 Ἐπειδὴ
2837 3974 2944 4045 769
2964 3975 3075 4030 ἀνω
3111 3976 3238 4046 περὶ
3286 3975 3379 4031 τοῦ
3422 3976 3669 4032 Ἰωάννου
3694 3978 3871 4033 διαλε-

2293 4055 2519 4124 γόμενος
2544 4055 2746 4123 ἔλεγεν,
2768 4059 2850 4111 ὅτι
2877 4053 3204 4128 ἦλθεν,”Ἰνα
3217 4059 3575 4130 μαρτυρήσῃ
3605 4063 3738 4129 περὶ
3764 4060 3869 4115 τοῦ

2293 4138 2507 4206 φωτὸς,
2556 4140 2649 4192 καὶ
2679 4142 2760 4194 ὅτι
2789 4141 2884 4196 νῦν
2920 4143 3201 4213 ἀπεστάλη
3223 4159 3237 4172 ·
3280 4143 3366 4197 ἵνα
3405 4145 3478 4215 μή
3525 4161 3609 4206 τις
3638 4144 3810 4198 ταῦτα
3840 4145 3868 4186 δ

2294 4219 2527 4286 ἀκούων,
2550 4221 2637 4275 διά
2658 4223 2757 4294 τὴν
2773 4224 2865 4277 τοῦ
2901 4225 3303 4297 μαρτυροῦντος
3324 4227 3634 4297 πρόσφατον
3658 4244 3867 4299 παρου-
3968 4234 3975 4239 ’

2296 4300 2434 4366 σίαν,
2466 4305 2559 4356 καὶ
2611 4305 2739 4375 περὶ
2789 4307 2883 4358 τοῦ
2936 4308 3380 4378 μαρτυρουμένου
3439 4307 3696 4379 τοιαύτην
3744 4310 3867 4363 τινά

2294 4386 2545 4439 ὑπόνοιαν
2571 4386 2729 4459 λάϐῃ,
2770 4388 3010 4459 ἀνήγαγε
3043 4391 3140 4461 τὴν
3163 4390 3419 4455 διάνοιαν,
3468 4392 3558 4444 καί
3593 4391 3732 4464 πρὸς
3766 4392 3865 4463 τήν

2293 4470 2548 4522 ἐπέκεινα
2597 4471 2777 4541 πάσης
2829 4473 3001 4542 ἀρχῆς
3052 4473 3412 4545 παρέπεμψεν
3460 4472 3716 4544 ὓπαρξιν,
3766 4477 3866 4546 τὴν

2292 4552 2527 4621 οὐδαμοῦ
2554 4552 2823 4621 λήγουσαν
2839 4554 2957 4607 οὐδὲ
2985 4557 3296 4627 ἱσταμένην.
3319 4558 3426 4609 Καὶ
3456 4555 3572 4620 πῶς
3587 4557 3665 4610 ἔνι
3687 4558 3864 4622 τοῦτο,

2295 4635 2477 4702 φησιν,
2510 4633 2638 4687 Υίὺν
2675 4634 2804 4688 ὄντα
2846 4636 2990 4705 ἔχειν
3015 4648 3077 4701 c;
3129 4639 3260 4709 Περὶ
3303 4636 3437 4691 Θεοῦ
3486 4638 3865 4710 διαλεγόμεθα,

2295 4717 2388 4768 καὶ
2412 4717 2473 4769 τὸ
2500 4718 2617 4780 πῶς
2644 4720 2848 4790 ἐρωτᾷς
2872 4737 2886 4785 ;
2922 4722 3014 4773 καὶ
3038 4722 3097 4772 οὐ
3126 4722 3387 4785 δέδοικας,
3428 4722 3549 4776 οὐδὲ
3581 4725 3824 4793 φρίττεις
3850 4743 3863 4787 ;

2295 4793 2428 4852 Εἶτα
2452 4799 2517 4853 ἂν
2540 4800 2637 4870 μέν
2668 4818 2726 4853 σε
2757 4801 2947 4873 ἔρηταί
2969 4817 3074 4865 τις·
3106 4804 3226 4867 Πῶς
3252 4804 3309 4856 δὲ
3330 4807 3361 4872 ή
3371 4803 3487 4875 μῶν
3512 4804 3866 4878 ἀτελεύτητον

2293 4879 2504 4945 ἕξουσιν
2549 4883 2605 4936 αἰ
2654 4883 2822 4953 ψυχαὶ
2879 4884 2978 4955 τὴν
3027 4884 3170 4955 ζωήν
3205 4888 3299 4939 καὶ
3351 4886 3420 4939 τά
3448 4886 3676 4956 σώματα
3726 4891 3865 4958 μετά

2292 4966 2492 5029 ταῦτα,
2520 4969 2866 5038 καταγελάσῃ
2897 4967 2994 5037 τῆς
3036 4969 3299 5035 πεύσεως,
3329 4970 3405 5031 ὡς
3430 4970 3528 5023 οὐκ
3556 4969 3623 5024 ἂν
3654 4971 3866 5043 ἀνθρω-

2295 5049 2454 5115 πίνης
2499 5048 2733 5113 διανοίας
2763 5049 2821 5102 δν
2854 5050 2920 5103 τὰ
2960 5051 3187 5106 τοιαῦτα
3216 5053 3415 5123 ζητεῖν,
3463 5053 3598 5109 ἀλλά
3636 5056 3745 5108 δεῖν
3778 5074 3865 5109 πιο

2296 5130 2502 5182 στεύειν
2527 5130 2688 5199 μόνον
2726 5132 2821 5185 καὶ
2850 5131 2924 5202 μὴ
2968 5135 3426 5204 περιεργάζεσθαι
3470 5141 3536 5191 τὸ
3555 5140 3863 5209 εἰρημένον,

2293 5211 2569 5281 ἀρκοῦσαν
2599 5213 2785 5283 ἔχοντα
2810 5214 3083 5281 ἀπόδειξιν
3106 5217 3201 5269 τοῦ
3230 5217 3508 5287 λεχθέντος
3523 5220 3620 5289 τήν
3637 5219 3867 5289 δύναμιν

2291 5293 2385 5347 τοῦ
2413 5295 2692 5366 εἰρηκότος
2717 5313 2730 5326 '
2766 5296 2833 5349 ἃν
2863 5297 2917 5350 δὲ
2945 5298 3036 5351 τὸν
3056 5298 3234 5369 ψυχάς
3258 5301 3347 5352 καὶ
3379 5299 3607 5371 σώματα
3632 5304 3868 5370 ἐργασά-

2295 5395 2474 5448 μενον,
2498 5380 2704 5450 καὶτῆς
2727 5382 2955 5445 κτίσεως
2975 5383 3194 5454 ἀπάσης
3218 5384 3561 5456 ἀσυγκρίτως
3578 5386 3869 5456 ὑπερέχον⁹

2290 5477 2378 5524 τα,
2412 5461 2644 5532 ἄναρχον
2673 5461 2810 5516 εἶναι
2834 5465 3043 5534 φῶμεν,
3078 5466 3167 5519 τὸν
3198 5466 3396 5537 τρόπον
3438 5469 3586 5536 ἡμᾶς
3626 5468 3864 5538 ἀπαιτή-

2292 5560 2436 5608 σεις;
2471 5546 2580 5596 Καὶ
2629 5546 2711 5609 τίς
2748 5547 2814 5600 ἂν
2866 5547 3040 5600 ταῦτα
3098 5549 3496 5617 καθεστηκυίας
3540 5546 3678 5604 εἶναι
3729 5553 3865 5621 φαίη

2363 5714 2388 5753 b
2414 5717 2524 5783 Si".
2548 5715 2684 5763 αὐτά.
2755 5720 2776 5748 ε
2801 5719 3002 5783 Quidam
3026 5723 3268 5783 ἄνθρωπον
3300 5724 3411 5770 ὄντα
3434 5722 3557 5783 ἔχειν
3577 5721 3691 5783 υἱόν.
3712 5721 3867 5783 Ρριιίιι

2296 5782 2405 5847 ρηρὶ
2439 5776 2550 5823 Sav.
2569 5790 2708 5885 νειηηά
2732 5772 2871 5828 οοῶί.
2906 5780 2997 5831 ’105
3031 5788 3084 5830 et
3112 5772 3223 5844 706,
3258 5772 3488 5845 φρίττειςῖ
3507 5782 3612 5830 ἀλλ’
3640 5782 3714 5831 ἄν.
3744 5782 3871 5835 Mor.

2296 5850 2516 5885 malum:
2547 5853 2645 5884 ειτα
2710 5857 2737 5885 ν

2295 5850 2516 5897 φριττεις;
2547 5850 2645 5884 ειτα
2680 5850 2737 5885 αν
