4370 6306
169 91 1859 191 _//

362 553 422 607 ιιι
1191 534 1257 590 IN
1294 529 1606 590 JOANNEM
1647 527 1874 585 uouit.
1909 526 1994 581 γι.
2039 526 2123 582 ur
2167 526 2276 581 vn.
2317 527 2388 581 al.
2432 526 2494 583 v.
2538 525 2627 583 ET
2668 525 2753 581 vr.
3584 494 3652 583 es

368 669 503 737 plere
525 673 727 715 omnem
748 652 999 727 justitiam
1027 648 1252 720 (Matth.
1282 646 1336 701 ὅ.
1376 643 1491 715 15).
1523 640 1673 711 Quod
1703 640 1746 693 si
1788 639 1957 708 magis

365 726 536 809 adhuc
560 726 823 811 turbetur,
853 741 993 797 dicet
1034 738 1107 793 illi
1139 748 1349 790 rursum
1392 732 1445 789 id
1482 729 1623 801 quod
1651 728 1851 784 Juda-is
1876 726 1958 780 di-

364 844 554 904 cebat,
599 837 719 893 Non
748 835 810 888 ab
837 831 1038 886 homine
1065 825 1401 882 testimonium
1436 821 1630 890 accipio
1675 815 1867 897 (Joan.
1901 818 1955 871 5.

366 931 497 1005 54).
525 930 582 987 Si
611 943 737 997 ergo
767 926 869 980 hoc
900 918 1206 976 testimonio
1250 931 1354 969 non
1399 920 1552 983 eget,
1595 925 1691 965 cur
1726 908 1959 963 Joannes

368 1000 567 1080 missus
595 1031 676 1076 est
701 1035 731 1072 a
760 1015 906 1072 Deo?
952 1012 1067 1068 Non
1109 1006 1250 1080 quod
1293 1006 1409 1075 ejus
1448 1000 1751 1057 testimOnio
1779 1008 1958 1067 egeret

367 1117 387 1185 (
414 1116 466 1169 id
495 1113 636 1169 enim
664 1111 861 1173 dicere,
892 1113 1146 1159 extrema:
1175 1097 1461 1168 impietatis
1487 1092 1652 1163 esset)
1678 1135 1691 1158 ,
1730 1091 1824 1145 sed
1866 1105 1960 1142 cur

373 1204 626 1262 tandem?
653 1200 782 1258 Illud
811 1201 924 1270 ipse
948 1197 1180 1251 Joannes
1199 1192 1377 1256 docet,
1396 1204 1517 1244 cum
1548 1187 1618 1240 ait
1650 1204 1663 1238 :
1693 1182 1760 1239 Ut
1790 1200 1961 1236 omnes

374 1299 626 1354 crederent
655 1310 742 1364 per
764 1290 912 1345 illum
931 1293 969 1343 ³.
998 1288 1114 1357 Ipse
1143 1299 1269 1339 vero
1285 1281 1527 1337 Christus
1554 1291 1676 1332 cum
1704 1274 1925 1329 dixisset
1944 1313 1958 1336 ,

374 1387 496 1442 Non
524 1391 587 1441 ab
614 1385 815 1439 homine
841 1378 1175 1435 testimonium
1201 1373 1416 1443 accipio,
1447 1385 1515 1425 ne
1541 1367 1679 1438 apud
1709 1366 1962 1435 insipien-

375 1479 537 1533 tiores
580 1475 682 1530 sibi
730 1472 829 1544 ipsi
877 1480 1175 1538 repugnare
1210 1463 1511 1524 videretur;
1550 1473 1672 1513 cum
1712 1470 1853 1511 nunc
1883 1454 1965 1507 di-

373 1578 457 1621 cat
488 1586 502 1621 :
522 1567 667 1619 Alius
693 1572 765 1617 est
779 1557 1210 1633 quitestimonium
1227 1553 1445 1625 perhibet
1458 1552 1520 1605 de
1533 1565 1611 1603 me
1630 1552 1703 1616 {et
1722 1548 1825 1601 scio
1844 1546 1963 1616 quia

373 1674 543 1711 verum
569 1665 640 1709 es:
666 1653 999 1708 testimonium
1015 1650 1123 1716 ejus
1144 1644 1321 1718 (Joan.
1347 1643 1403 1698 5.
1433 1642 1544 1712 '52),
1572 1640 1640 1694 dc
1664 1639 1868 1694 Joanne
1887 1637 1967 1690 lo—

374 1764 576 1818 quens;
600 1760 741 1801 nunc
764 1757 915 1809 vero,
941 1740 1059 1795 Non
1080 1740 1143 1793 ab
1162 1737 1364 1790 homine
1385 1732 1718 1788 testimonium
1745 1729 1961 1797 accipio,

373 1840 691 1893 solutionem
725 1850 848 1889 mox
877 1832 1058 1901 adjicit
1084 1830 1270 1884 dicens
1306 1844 1320 1878 :
1351 1823 1589 1903 Sed/mc
1616 1822 1729 1874 dico
1762 1827 1963 1890 prapter

373 1949 483 1998 eos,
512 1943 565 1984 ut
608 1930 733 1984 salvi
762 1928 907 1991 sitis;
947 1939 1010 1979 ac
1037 1922 1084 1978 si
1112 1922 1313 1976 diceret
1344 1936 1358 1973 :
1388 1916 1528 1971 Deus
1569 1927 1685 1967 sum
1708 1954 1724 1978 ,
1772 1919 1827 1965 et
1868 1909 1963 1964 Dei

376 2039 535 2079 verus
564 2023 747 2083 Filius,
781 2036 849 2074 ex
882 2016 1177 2073 substantia
1220 2012 1310 2067 illa
1351 2006 1639 2064 immortali
1678 2014 1731 2060 et
1772 2004 1960 2067 beata,

375 2115 678 2182 nulliusque
704 2107 1008 2165 testimonio
1034 2118 1183 2175 egeo.
1212 2101 1323 2156 Etsi
1352 2100 1495 2154 enim
1521 2110 1681 2152 nemo
1702 2094 1753 2149 id
1780 2092 1967 2149 testiﬁ-

375 2203 487 2258 cari
515 2202 694 2267 vellet,
722 2201 773 2254 in
798 2199 941 2252 nullo
968 2194 1262 2250 secundum
1290 2199 1536 2246 naturam
1563 2187 1738 2241 minor
1765 2197 1961 2239 essem.

375 2297 510 2363 Quia
532 2309 660 2349 vero
679 2292 968 2346 multorum
991 2288 1137 2343 salus
1162 2285 1291 2341 mihi
1311 2297 1456 2339 cura!
1478 2291 1583 2345 est,
1607 2278 1730 2334 ideo
1751 2279 1807 2332 in
1829 2277 1967 2331 hanc

379 2405 466 2442 tne
484 2386 673 2442 demisi
695 2383 1069 2446 humilitatem,
1097 2390 1153 2434 ut
1176 2376 1381 2433 homini
1407 2373 1768 2431 testimonium
1792 2369 1860 2426 de
1880 2385 1968 2425 me

380 2476 657 2533 ferendum
703 2474 1114 2530 committerem.
1160 2468 1293 2524 Nam
1335 2472 1611 2536 perspecta
1658 2460 1965 2518 ludaaorum

379 2567 746 2623 imbecillitate
765 2607 779 2630 ,
814 2565 894 2620 sic
921 2563 1124 2617 facilior
1153 2559 1285 2614 ﬁdes
1308 2559 1359 2612 in
1387 2570 1508 2613 eum
1547 2554 1721 2609 futura
1750 2552 1968 2608 videba-

383 2673 488 2714 tur.
517 2659 669 2714 Sicut
695 2658 855 2728 igitur
882 2668 1096 2710 caruem
1128 2650 1329 2715 induit,
1366 2664 1432 2704 ne
1459 2662 1580 2703 cum
1609 2644 1750 2701 nuda
1779 2639 1970 2700 divini-

382 2760 490 2805 tate
518 2762 873 2819 congressus,
905 2760 1092 2801 omnes
1129 2742 1415 2813 perderet;
1457 2739 1535 2793 sic
1572 2746 1628 2793 et
1668 2749 1967 2807 praeconem

384 2843 529 2897 misit
554 2840 851 2902 hominem,
873 2847 931 2891 ut
950 2848 1302 2905 congenerem
1327 2832 1429 2887 sibi
1456 2844 1643 2885 vocem
1669 2826 1967 2890 audientes,

385 2935 591 2988 facilius
621 2933 655 2985 ii
683 2932 770 3000 qui
800 2939 924 2983 tunc
951 2926 1236 2982 audiebant
1274 2923 1611 2978 accederent.
1651 2919 1782 2973 Nam
1826 2915 1970 2988 quod

387 3040 493 3080 non
522 3025 661 3077 illius
688 3021 991 3076 testimonio
1023 3032 1157 3086 opus
1183 3015 1440 3077 haberet,
1473 3013 1575 3067 hoc
1599 3010 1770 3064 solum
1811 3006 1971 3061 modo

386 3114 596 3170 ostendi
634 3120 871 3182 poterat,
903 3110 947 3164 si
987 3121 1178 3176 nempe
1215 3120 1276 3161 se
1316 3103 1456 3158 nuda
1498 3100 1795 3157 substantia
1822 3096 1970 3152 exhi-

388 3206 626 3270 buisset,
657 3216 953 3271 omnesque
992 3200 1043 3253 in
1086 3206 1357 3267 stuporem
1402 3192 1739 3262 conjecisset.
1777 3190 1969 3245 Verum

386 3298 438 3352 id
465 3311 571 3351 non
600 3294 723 3350 fecit
742 3334 756 3357 ,
783 3292 1033 3362 quoniam
1054 3329 1069 3355 ,
1094 3298 1151 3343 ut
1173 3287 1389 3357 jamjam
1414 3284 1554 3349 dixi,
1580 3283 1768 3337 omnes
1796 3280 1975 3350 perdi-

384 3391 550 3444 disset
573 3431 587 3452 ,
619 3385 761 3457 quod
789 3399 947 3440 nemo
972 3386 1152 3453 posset
1179 3380 1506 3433 inaccessam
1536 3374 1680 3428 illam
1706 3372 1841 3426 lucis
1865 3370 1970 3423 vim

385 3480 551 3534 ferre.
586 3477 711 3531 Ideo
739 3488 957 3529 carnem
988 3470 1190 3534 induit,
1220 3478 1275 3524 et
1305 3465 1668 3522 testimonium
1704 3462 1773 3518 de
1810 3477 1869 3515 se
1898 3460 1976 3514 fe-

385 3570 540 3626 rendi
586 3567 822 3623 ofﬁcium
867 3565 956 3619 uni
999 3574 1379 3618 conservorum
1421 3565 1729 3612 nostrorum
1774 3552 1970 3617 tradit,

383 3663 507 3732 quia
531 3659 711 3714 omnia
734 3657 799 3711 ad
827 3656 1052 3711 salutem
1079 3652 1352 3706 hominum
1378 3656 1626 3718 operatus
1647 3654 1730 3701 est
1755 3660 1770 3699 :
1804 3657 1976 3712 neque

383 3773 497 3812 sine
524 3753 770 3824 dignitati
799 3759 1000 3806 tantum
1019 3790 1034 3814 ,
1063 3748 1154 3803 sed
1183 3746 1342 3801 etiam
1369 3741 1669 3798 auditorum
1708 3737 1884 3808 captui
1921 3744 1977 3791 et

384 3848 602 3904 utilitati
628 3843 897 3901 consuluit
926 3861 939 3896 :
968 3839 1111 3911 quod
1136 3847 1192 3894 et
1219 3837 1332 3907 ipse
1357 3833 1701 3889 subindicans
1722 3829 1932 3884 dicebat
1957 3845 1974 3883 :

390 3938 520 3993 nec
548 3937 665 3992 dico
694 3943 896 4006 propter
935 3948 1054 3995 vos,
1098 3940 1152 3983 ut
1181 3925 1461 3983 salvemini.
1508 3924 1576 3978 Et
1612 3920 1935 3992 evangelista
1956 3917 1981 3983 ,'

384 4031 483 4098 qui
509 4042 571 4081 ea
600 4027 712 4096 ipsa
735 4067 751 4089 ,
778 4038 899 4095 qua;
928 4021 1201 4085 Dominus,
1234 4018 1486 4087 loquitur,
1516 4021 1792 4084 postquam
1828 4009 1979 4064 dixe—

386 4129 503 4180 rat,
536 4116 604 4173 Ut
632 4115 972 4170 testimonium
1000 4112 1277 4180 perhiberet
1303 4109 1366 4163 de
1404 4106 1593 4161 lumine
1615 4145 1631 4168 ,
1662 4101 1935 4172 subjunxit
1959 4142 1973 4165 ,

390 4208 464 4265 Ut
502 4225 676 4263 omnes
700 4203 955 4262 crederent
992 4220 1082 4275 per
1104 4219 1215 4257 eum
1232 4219 1253 4268 ;
1282 4214 1345 4255 ac
1372 4200 1416 4254 si
1446 4197 1650 4253 diceret
1680 4215 1692 4247 :
1722 4194 1799 4250 Ne
1825 4203 1977 4265 putes

453 4340 476 4372 ⁸
508 4339 564 4390 in
597 4337 710 4388 aliis
740 4336 927 4390 lenitur
952 4351 965 4386 :
989 4336 1080 4387 Sed
1121 4348 1210 4387 cur
1247 4342 1451 4385 Joannes
1475 4330 1633 4390 addit,
1667 4346 1690 4375 ι
1718 4334 1777 4379 ω
1817 4339 1979 4378 ornnes

383 4404 644 4451 crederent
660 4412 749 4462 per
770 4396 908 4449 illum
936 4396 961 4449 ?
982 4414 1004 4443 ι

387 4500 2380 4536 __________________________________________________.__

2066 635 2188 692 ideo
2231 637 2633 693 testiﬁcaturum
2673 639 2883 692 venisse
2910 638 3168 693 .loannnn
3219 639 3506 711 Baptistam
3531 684 3545 704 ,
3594 659 3646 698 ut

2060 728 2260 798 aliquid
2300 726 2421 782 ﬁdei
2459 729 2639 783 verbis
2678 729 2887 783 Domini
2928 729 3189 784 adderet:
3222 747 3328 785 non
3370 743 3651 802 propterea

2064 820 2240 883 venit,
2286 818 2381 873 sed
2421 826 2480 872 ut
2515 819 2840 873 contribules
2880 820 2961 874 sui
3007 836 3101 890 per
3140 821 3309 891 ipsum
3346 822 3649 877 crederent.

2062 910 2213 978 Quod
2244 921 2419 966 autem
2444 910 2510 965 ad
2542 926 2658 965 eam
2688 911 2980 967 tollendam
3019 914 3377 984 suSpicionem
3419 915 3532 969 haec
3571 915 3651 971 di-

2066 1003 2221 1065 xerit,
2245 1018 2307 1057 ex
2332 1003 2674 1071 sequentibus
2694 1012 2902 1057 constat
2925 1021 2938 1055 :
2962 1002 3109 1058 addit
3128 1007 3269 1058 enim
3291 1024 3304 1060 :
3325 1007 3378 1062 8.
3404 1006 3525 1062 Non
3546 1019 3652 1062 erat

2064 1094 2149 1147 ille
2174 1093 2280 1145 lux.
2310 1092 2421 1147 Nisi
2448 1094 2589 1148 enim
2632 1094 2789 1161 hujus
2816 1093 3091 1164 abigende:
3129 1097 3445 1165 suspicionis
3481 1101 3648 1167 gratia

2066 1183 2181 1239 lucc
2206 1182 2458 1247 dixisset,
2490 1183 2815 1252 superﬂuum
2857 1184 2959 1238 hoc
2984 1193 3130 1239 esset
3152 1225 3168 1249 ,
3212 1194 3267 1239 et
3305 1187 3471 1256 magis
3500 1205 3653 1259 repe—

2068 1276 2183 1327 titio
2213 1289 2370 1343 quam
2400 1274 2685 1343 explicatio
2711 1273 2988 1329 doctrinm.
3028 1275 3162 1330 Cum
3203 1276 3431 1332 dixisset
3466 1280 3648 1346 enim,

2067 1367 2255 1421 Missus
2281 1375 2362 1421 est
2408 1365 2475 1421 Ut
2504 1367 2840 1421 testimonium
2879 1368 3155 1437 perhiberet
3192 1369 3257 1422 de
3293 1369 3515 1436 lumine,
3555 1387 3652 1426 cur

2069 1459 2258 1511 iterum
2283 1456 2448 1522 dicit,
2488 1455 2605 1510 Non
2634 1467 2740 1511 erat
2778 1458 2864 1512 ille
2890 1458 3019 1512 lux?
3044 1458 3158 1514 Non
3186 1458 3379 1515 frustra
3411 1477 3509 1516 uec
3536 1463 3652 1517 sine

2066 1564 2227 1603 causa
2260 1567 2272 1602 :
2303 1548 2396 1603 sed
2422 1548 2543 1618 quia
2577 1547 2886 1617 frequenter
2912 1550 3051 1619 apud
3080 1564 3176 1605 nos
3200 1553 3370 1620 major
3392 1563 3468 1606 est
3500 1554 3543 1609 is
3563 1558 3650 1625 qui

2068 1640 2402 1704 testiﬁcatur,
2454 1655 2613 1708 quam
2659 1640 2750 1694 ille
2792 1641 2862 1695 de
2903 1656 3008 1711 quo
3051 1643 3410 1697 testimonium
3462 1643 3649 1708 fertur,

2068 1733 2280 1802 fideque
2308 1732 2519 1801 dignior
2546 1732 2863 1801 plerumque
2891 1732 3099 1787 videtur
3123 1748 3244 1789 esse
3289 1751 3303 1787 :
3346 1750 3412 1789 ne
3437 1736 3556 1805 quis
3583 1736 3653 1791 de

2067 1825 2272 1880 Joanne
2303 1823 2354 1878 id
2388 1823 2773 1893 suspicaretur,
2814 1822 2990 1876 statim
3020 1838 3051 1878 a
3080 1825 3338 1894 principio
3367 1824 3505 1880 hanc
3539 1841 3652 1879 ma-

2070 1917 2172 1970 lam
2201 1915 2559 1985 suspicionem
2592 1915 2751 1977 tollit,
2773 1928 2942 1984 eaque
2967 1914 3221 1969 radicitus
3246 1916 3446 1979 evulsa,
3475 1927 3654 1971 osten-

2067 2008 2145 2063 dit
2170 2009 2291 2079 quis
2318 2007 2388 2062 sit
2414 2007 2461 2061 is
2482 2007 2571 2077 qui
2595 2003 2929 2073 testiﬁcatur,
2970 2016 3024 2061 et
3061 2006 3183 2076 quis
3218 2007 3306 2063 ille
3341 2009 3409 2064 de
3443 2025 3550 2080 quo
3575 2019 3650 2065 te-

2069 2102 2378 2156 stimonium
2427 2099 2616 2166 fertur,
2664 2112 2720 2154 et
2766 2109 3020 2170 quantum
3070 2100 3140 2154 sit
3185 2100 3323 2155 inter
3372 2113 3655 2173 utrumque

2068 2194 2377 2249 discrimen.
2411 2193 2487 2247 Ac
2515 2200 2792 2262 postquam
2822 2190 2924 2246 hoc
2950 2190 3101 2255 fecit,
3143 2194 3484 2264 ostenditque
3515 2196 3655 2251 illius

2071 2285 2540 2355 incomparabilem
2584 2283 2993 2351 excellentiam,
3040 2283 3269 2339 ﬁdenter
3303 2286 3413 2356 jam
3461 2298 3653 2343 extera

2071 2376 2452 2448 prosequitur:
2484 2383 2540 2429 et
2572 2374 2619 2430 si
2656 2373 2781 2445 quid
2816 2374 3032 2429 absurdi
3072 2376 3496 2446 insipientiorum
3535 2379 3654 2433 ani-

2074 2484 2188 2523 mos
2216 2468 2448 2533 subiret,
2479 2468 2580 2522 hoc
2607 2468 2892 2537 diligenter
2929 2469 3166 2536 sublato,
3212 2470 3365 2527 facile
3403 2472 3657 2545 deinceps

2071 2568 2126 2614 et
2166 2559 2283 2615 sine
2325 2560 2476 2613 obice
2514 2558 2769 2613 doctrinm
2808 2558 3028 2614 verbum
3067 2560 3321 2616 immittit.
3370 2562 3656 2619 Precemur

2073 2652 2277 2721 itaque,
2313 2660 2370 2704 ut
2398 2665 2520 2705 cum
2548 2658 2813 2704 tantarum
2841 2651 3170 2706 revelatione
3196 2667 3402 2717 rerum,
3431 2667 3658 2723 cumque

2073 2757 2201 2797 sana
2225 2753 2475 2812 rectaque
2502 2742 2743 2796 doctrina
2768 2743 2932 2796 vitam
2959 2757 3169 2812 quoque
3189 2758 3375 2813 puram
3400 2754 3658 2800 sanctam-

2072 2848 2176 2902 que
2196 2832 2472 2886 ducamus.
2500 2831 2747 2887 Doctrina
2768 2832 2964 2902 quippe
2985 2833 3112 2887 nihil
3135 2834 3287 2889 nobis
3307 2835 3523 2905 prodest
3541 2837 3658 2892 sine

2076 2924 2229 2979 bonis
2252 2923 2527 2993 operibus.
2552 2921 2700 2977 Licet
2724 2923 2867 2975 enim
2892 2921 3048 2978 ﬁdem
3075 2924 3333 2994 integram
3361 2925 3660 2996 Scriptura-

2076 3029 2299 3086 rumque
2325 3015 2722 3085 intelligentiam
2752 3025 3050 3082 teneamus,
3079 3017 3123 3071 si
3152 3017 3303 3073 bona;
3335 3020 3457 3073 vitte
3483 3028 3661 3090 patro.

2074 3108 2218 3162 cinio
2258 3107 2381 3161 nudi
2410 3116 2465 3161 et
2490 3106 2641 3161 vacui
2675 3106 2878 3173 simus,
2921 3106 3049 3186 nihil
3090 3108 3343 3178 impediet
3378 3111 3660 3179 quominus

2076 3201 2128 3255 in
2179 3198 2438 3270 gehennae
2482 3200 2656 3269 ignem
2682 3199 3015 3267 dejiciamur,
3045 3207 3101 3254 et
3136 3200 3188 3254 in
3225 3200 3485 3256 inﬁnitum
3514 3202 3661 3258 inex-

2077 3289 2363 3359 stinguibili
2412 3288 2625 3344 ﬁamma
2676 3290 3072 3345 comburantur.
3123 3289 3271 3346 Sicut
3308 3293 3448 3347 enim
3490 3292 3526 3348 ii
3568 3296 3660 3363 qui

2078 3381 2215 3435 bona
2240 3389 2494 3449 egerunt,
2536 3390 2820 3451 resurgent
2854 3381 2905 3435 in
2944 3383 3107 3436 vitam
3146 3392 3432 3449 aeternam;
3470 3385 3548 3440 sic
3588 3386 3660 3440 illi

2076 3472 2166 3541 qui
2187 3472 2451 3526 contraria
2472 3472 2585 3525 ausi
2606 3480 2761 3538 sunt,
2787 3472 2839 3525 in
2866 3483 3125 3526 aeternum
3141 3484 3195 3528 et
3212 3490 3478 3545 nunquam
3501 3475 3660 3530 ﬁnem

2081 3562 2380 3617 habiturum
2401 3563 2738 3632 supplicium.
2764 3562 3118 3630 Quamobrem
3141 3580 3300 3620 omne
3316 3567 3663 3623 adhibeamus

2079 3654 2342 3721 studium,
2384 3662 2443 3709 ut
2471 3670 2540 3710 ne
2569 3655 2772 3710 lucrum
2802 3655 2956 3711 nobis
2994 3672 3061 3711 cx
3098 3668 3240 3713 recta
3280 3659 3381 3715 lide
3418 3672 3623 3731 partum
3645 3705 3659 3725 ,

2080 3760 2301 3815 operum
2328 3745 2587 3814 pravitate
2612 3743 3017 3810 labefactemus;
3044 3747 3137 3801 sed
3158 3763 3279 3802 cum
3307 3748 3393 3803 hic
3418 3750 3503 3821 pie
3526 3752 3664 3806 vixe-

2080 3837 2267 3902 rimus,
2296 3835 2567 3891 Christum
2593 3850 2715 3891 cum
2740 3835 2933 3891 fiducia
2968 3837 3261 3903 videamus,
3304 3841 3388 3895 cui
3432 3842 3662 3897 beatitu-

2081 3924 2189 3980 dini
2219 3939 2314 3996 par
2338 3925 2471 3980 nihil
2501 3941 2728 3996 unquam
2759 3925 2935 3981 fuerit.
2967 3926 3177 3984 Utinam
3206 3944 3304 3985 nos
3334 3945 3490 4002 supra
3522 3934 3662 3988 dicta

2081 4018 2460 4089 consequuti‘,
2507 4019 2573 4073 ad
2617 4020 2837 4089 gloriam
2886 4020 2976 4075 Dei
3027 4023 3203 4076 omnia
3248 4023 3531 4091 faciamus,
3579 4030 3663 4081 cui

2081 4111 2247 4180 gloria
2275 4125 2378 4165 una
2403 4126 2525 4165 cum
2557 4111 2830 4180 unigenito
2874 4110 3008 4167 Filio
3033 4122 3087 4167 et
3123 4113 3323 4183 Spiritu
3360 4128 3573 4180 sancto,
3612 4118 3663 4171 in

2083 4203 2274 4259 sazcula
2305 4202 2641 4257 seculorum.
2672 4203 2862 4256 Amen.

2148 4320 2165 4351 ι
2202 4314 2327 4365 Alii:
2347 4313 2552 4385 Διτιὶηαηξ
2589 4325 2694 4385 nos.
2719 4319 2863 4385 utam
2885 4326 3034 4385 supra
3070 4313 3212 4385 dictis
3231 4329 3501 4385 _consonam
3523 4333 3665 4384 agen-

2083 4389 2170 4433 tes.
2190 4387 2278 4427 ιντο
2307 4382 2515 4436 utraque
2542 4375 2757 4423 lectione
2774 4381 2905 4424 stant
2926 4374 3032 4424 tliss.
3048 4374 3263 4438 plurimi.

3405 4504 3666 4521 -ο--ι-φ--μη

1777 4578 2124 4643 HOMILIA
2160 4574 2296 4635 VII.

387 4739 442 4793 9.
492 4734 617 4795 Erat
647 4742 740 4794 luat
765 4755 912 4802 υενα,
942 4752 1055 4806 quia
1095 4735 1347 4789 illuminat
1390 4748 1585 4787 omnem
1616 4728 1866 4784 hominem
1896 4742 1981 4779 ve-

824 4831 1037 4883 nientem
1063 4830 1112 4881 in
1135 4829 1266 4880 hunc
1291 4827 1557 4879 mundum.

393 5048 397 5052 ι
466 4991 491 5043 Ι
508 5029 523 5041 .
561 4987 857 5042 Methodum
880 4984 1157 5038 disserendi
1180 5000 1210 5037 a
1235 4999 1288 5037 se
1312 4991 1606 5051 usurpatam
1626 4977 1801 5032 asserit
1821 4974 1985 5044 Chry-

386 5090 665 5134 soslomus.
716 5074 1256 5143 lncomprehensibilia
1301 5071 1395 5149 Dei
1439 5087 1540 5126 non
1582 5067 1875 5124 scrutanda.
1916 5094 1987 5106 —-

393 5170 529 5225 Ideo
556 5209 571 5232 ,
601 5165 938 5222 dilectissimi
980 5164 1071 5218 lilii
1090 5206 1102 5230 ,
1134 5180 1230 5216 vos
1273 5161 1569 5216 minutatim
1599 5168 1655 5215 ct
1688 5175 1782 5228 per
1812 5167 1987 5228 partes

386 5260 797 5328 Scripturarum
824 5255 1066 5312 doctrina
1097 5255 1383 5322 pascimus,
1418 5266 1588 5321 neque
1624 5249 1779 5304 simul
1810 5248 1986 5301 omnia

388 5349 730 5404 cll‘undimus
750 5389 766 5413 ,
800 5355 858 5401 ut
887 5344 1093 5400 facilior
1132 5345 1285 5399 vobis
1314 5344 1383 5397 sit
1411 5343 1591 5397 emissi
1626 5340 1773 5396 verbi
1803 5350 1989 5395 custo-

388 5440 503 5494 dia.
539 5439 674 5493 Nam
706 5440 759 5493 in
790 5436 1062 5502 aediﬁciis,
1094 5437 1183 5506 qui
1225 5444 1507 5504 antequam
1544 5434 1750 5501 priores
1786 5431 1990 5502 lapides

390 5532 674 5601 conjuncti
704 5532 846 5595 sint,
880 5529 1012 5583 alios
1042 5528 1460 5598 superimponit,
1488 5539 1593 5580 non
1626 5524 1835 5579 ﬁrmum
1855 5564 1871 5590 ,
1897 5524 1989 5578 sed

394 5623 563 5679 facile
594 5626 856 5678 ruiturum
887 5622 1043 5676 struit
1077 5622 1364 5689 parietem;
1393 5619 1482 5690 qui
1511 5628 1688 5673 autem
1719 5627 1995 5687 exspectat

392 5713 578 5769 donec
607 5715 752 5769 calce
781 5713 1079 5777 ﬁrmentur,
1110 5722 1163 5766 et
1188 5713 1265 5767 sic
1289 5711 1539 5781 paulatim
1567 5720 1763 5767 caetera
1788 5710 1990 5779 adjicit,

392 5815 600 5870 tutam,
626 5805 835 5859 ﬁrmam
856 5803 1052 5872 diuque
1070 5803 1377 5857 duraturam
1403 5802 1619 5857 domum
1649 5804 1863 5859 excitat.
1889 5802 1997 5856 Hos

393 5899 607 5952 aedium
640 5905 936 5950 stmetores
963 5904 1017 5947 et
1056 5910 1155 5949 nos
1193 5893 1482 5960 imitemur,
1514 5894 1809 5967 eodemque
1839 5894 1998 5950 modo

742 6014 1011 6074 ΡΑτιιοι..
1052 6010 1165 6069 Gn.
1214 6008 1373 6068 LIX.

2086 4725 2293 4773 vestras
2321 4714 2643 4769 :cdiﬁcemus
2680 4715 2885 4770 animas
2908 4718 2945 4770 ί.
2980 4716 3256 4774 'l'imemus
3281 4722 3423 4776 enim
3444 4762 3460 4787 ,
3490 4740 3555 4777 ne
3584 4740 3670 4778 rc-

2088 4824 2215 4865 ccns
2240 4823 2361 4862 cum
2390 4808 2460 4860 sit
2490 4807 2638 4875 prior
2661 4815 2947 4873 structura,
2977 4811 3226 4865 secundae
3256 4813 3451 4869 additae
3477 4830 3672 4885 specu-

2090 4903 2332 4965 lationes,
2359 4900 2561 4968 priores
2585 4900 2946 4968 pcssumdeut,
2975 4916 3094 4956 cum
3125 4919 3275 4958 mens
3303 4918 3529 4975 nequeat
3558 4926 3672 4960 Uill-

2091 4994 2175 5047 nia
2216 4992 2372 5046 simul
2413 4991 2709 5044 continere.
2738 4990 2875 5057 Quid
2918 4992 3077 5062 igitur
3117 4993 3273 5049 hodie
3315 4997 3511 5051 lectum
3553 5008 3667 5062 cst,

2092 5081 2220 5136 Erat
2249 5083 2339 5135 (ua:
2357 5097 2472 5134 vera
2496 5097 2606 5150 qua:
2628 5081 2880 5135 illuminat
2904 5098 3099 5137 omnem
3129 5084 3381 5139 hominem
3402 5088 3674 5141 venientem

2091 5174 2143 5226 in
2182 5172 2317 5225 hunc
2355 5172 2620 5225 mundum.
2648 5171 2746 5237 Qui
2791 5172 2931 5226 enim
2979 5190 3138 5242 supra
3169 5176 3238 5229 de
3268 5175 3473 5231 Joanne
3500 5178 3675 5233 disse—

2095 5280 2236 5328 rens,
2271 5264 2481 5318 dicebat
2505 5279 2625 5318 eum
2658 5265 2888 5328 venisse,
2926 5264 2993 5319 Ut
3029 5267 3364 5320 testimonium
3400 5269 3677 5334 perhiberet

2095 5357 2157 5411 de
2185 5356 2404 5422 lumine,
2435 5366 2490 5411 et
2527 5371 2668 5410 nunc
2707 5359 2928 5411 missum
2968 5372 3126 5421 esse;
3168 5374 3234 5412 ne
3271 5360 3390 5428 quis
3430 5360 3544 5416 huic
3581 5378 3677 5416 au-

2095 5448 2276 5510 diens,
2308 5447 2376 5502 ob
2404 5463 2664 5515 nuperum
2695 5448 3029 5502 tesiiﬁcantis
3058 5448 3373 5516 adventum,
3404 5452 3471 5506 de
3499 5467 3565 5507 eo
3592 5454 3676 5507 cui

2097 5538 2458 5593 testimonium
2492 5537 2759 5594 ferebatur
2789 5537 3016 5606 aliquam
3047 5539 3400 5607 suspicionem
3435 5544 3679 5597 admitte-

2101 5641 2200 5699 ret,
2234 5640 2440 5686 ntentes
2468 5632 2675 5697 erexit,
2704 5641 2756 5684 et
2793 5629 2855 5683 ad
2885 5630 3029 5683 omni
3060 5630 3321 5702 principio
3350 5638 3679 5704 super-iurem

2167 5788 2181 5817 ²
2219 5786 2292 5833 sic
2335 5785 2662 5847 atss._quidam
2688 5792 2842 5847 recte.
2868 5785 3008 5837 savii.
3036 5798 3200 5838 autem
3221 5798 3272 5840 et
3294 5785 3456 5837 Morel.
3485 5824 3497 5846 ,
3523 5789 3682 5839 imite-

2103 5857 2289 5894 τηατ-η..
2330 5844 2648 5911 a'diﬁc'amus,
2686 5846 2890 5911 legunt;
2916 5862 3026 5911 quae
3059 5851 3116 5898 ad
3150 5853 3330 5901 seriem
3360 5844 3685 5910 Chryststomt

2107 5920 2202 5955 non
2238 5916 2331 5954 tam
2356 5908 2483 5956 bene
2508 5908 2745 5970 quadrare
2772 5908 3012 5959 videntur.

3260 5993 3295 6050 Is
