4370 6306
583 324 649 376 03
1299 312 1354 367 S.
1395 309 1672 366 JO.\NNIS
1709 304 2177 365 CllleSOSTOMl
2217 303 2536 362 ARCIIIEP.
2578 307 3110 367 CONSTANTINOP.

581 435 945 490 l-xsistentiam
977 429 1302 491 transmisit,
1338 441 1455 495 qua:
1491 423 1692 478 nullum
1726 423 1968 476 habitura
1999 421 2160 474 linem

581 539 681 582 est.
713 529 778 582 Et
803 524 1068 598 quomodo
1100 528 1320 592 possunt
1354 519 1470 574 itare
1495 533 1646 583 esse,
1680 515 1912 586 inquies,
1947 529 2066 568 cum
2095 512 2159 567 sit

587 621 747 673 Filius
766 620 778 650 ยน
799 618 822 670 i
842 617 917 671 De
942 617 1050 670 Deo
1071 613 1357 683 loquimur,
1382 622 1436 665 et
1459 617 1516 663 tu
1544 609 1837 677 interrogas
1856 603 2161 675 quomodo?

585 725 753 780 neque
783 710 937 763 times
962 707 1047 762 vel
1077 704 1381 760 horrescis?
1407 702 1486 756 Ad
1518 701 1652 766 lucc,
1683 701 1726 754 si
1756 699 1876 769 quis
1901 706 2104 767 quaerat
2128 711 2159 749 a

581 813 649 866 to,
672 799 939 871 quomodo
967 799 1160 852 anima:
1181 805 1232 850 et
1253 809 1476 862 corpora
1505 790 1785 846 immortali
1813 790 1916 844 vita
1939 788 2158 843 fruitura

578 896 705 959 sint,
735 890 1206 959 interrogationem
1234 888 1381 941 illaut
1406 884 1621 946 ridebis,
1651 882 1800 952 quasi
1830 895 1935 934 non
1964 881 2033 933 sit
2063 877 2161 931 hu-

578 998 752 1037 mana:
781 981 976 1036 mentis
1004 993 1264 1049 quaerere,
1289 975 1382 1031 sed
1409 975 1629 1030 credere
1657 982 1856 1028 tantum
1878 980 2154 1041 oporteat;

579 1089 751 1144 neque
786 1072 986 1127 dictum
1026 1070 1155 1124 illud
1197 1067 1422 1123 scrutari
1449 1108 1462 1131 ,
1493 1066 1644 1134 cujus
1673 1063 1942 1118 sufficiens
1969 1063 2037 1115 sit
2061 1060 2156 1114 de-

579 1164 896 1220 monstratio
925 1161 1150 1216 dicentis
1189 1159 1462 1229 potentia;
1494 1156 1573 1210 sin
1604 1161 1781 1208 autem
1813 1152 1960 1206 illum
1987 1150 2076 1220 qui
2107 1161 2159 1204 et

577 1261 784 1314 animas
823 1266 879 1312 et
922 1269 1146 1324 corpora
1194 1253 1430 1316 creavit,
1476 1258 1529 1304 et
1577 1249 1716 1302 nulla
1759 1244 2157 1314 comparatione

577 1361 876 1404 creaturam
908 1347 1210 1402 universam
1242 1351 1566 1413 exsuperat,
1598 1341 1712 1396 sine
1751 1337 2009 1408 principio
2038 1350 2156 1390 esse

577 1440 836 1502 dicamus,
867 1447 922 1491 tu
951 1434 1301 1505 interrogabis
1326 1431 1593 1502 quomodo
1621 1429 1670 1483 id
1704 1430 1895 1481 factum
1923 1425 2027 1481 sit?
2056 1425 2157 1478 Ec-

577 1530 696 1598 quis
722 1544 865 1583 sana:
893 1528 1085 1582 mentis
1112 1527 1226 1581 Itale
1255 1540 1375 1581 esse
1405 1521 1637 1578 dixerit?
1671 1521 1790 1590 quis
1819 1520 1953 1574 bene
1979 1517 2158 1572 valen-

579 1621 646 1674 tis
673 1620 836 1675 anitni
863 1630 917 1673 et
944 1618 1249 1674 ratiocinii?
1279 1616 1515 1670 Audistis
1545 1613 1695 1676 illud,
1730 1611 1852 1665 Erat
1891 1611 1981 1664 tua:
2017 1625 2151 1663 vera.

579 1710 713 1776 Quid
747 1710 938 1764 frustra
967 1707 1247 1762 contendis
1267 1747 1282 1772 ,
1315 1715 1372 1759 ut
1401 1703 1659 1758 infinitam
1700 1703 1845 1756 illam
1875 1702 2034 1754 vitam
2066 1715 2152 1752 ra-

578 1798 793 1853 tiocinio
813 1797 1134 1868 assequaris,
1158 1812 1276 1866 qua:
1299 1810 1402 1849 non
1428 1802 1601 1863 potest
1624 1792 1848 1861 attingi?
1866 1791 1990 1860 quid
2011 1806 2155 1860 qutu-

577 1891 646 1944 ris
675 1905 737 1945 ea
764 1905 882 1959 quae
911 1889 1117 1958 exquiri
1144 1896 1413 1959 nequeunt
1433 1888 1455 1940 ?
1478 1903 1574 1941 cur
1600 1883 2152 1954 incomprehensibilia

573 1983 866 2036 scrutaris?
903 1997 998 2036 cur
1036 1982 1311 2036 examinas
1339 1995 1399 2036 ea
1429 1996 1547 2049 qua:
1575 1978 1809 2034 examini
1833 1993 1936 2032 non
1968 1976 2150 2045 subja-

571 2074 736 2129 cent?
761 2072 1024 2129 Solarium
1055 2073 1322 2128 radiorum
1353 2072 1598 2142 perquire
1621 2070 1884 2134 radicem;
1917 2085 2022 2123 nou
2053 2083 2150 2136 po-

575 2163 701 2219 teris
731 2163 977 2231 assequi,
1017 2177 1191 2232 neque
1233 2170 1408 2216 tamen
1447 2160 1770 2230 indignaris,
1801 2174 1974 2227 neque
2011 2173 2151 2228 aegre

574 2256 681 2308 fers
722 2253 1134 2306 imbecillitatem
1167 2264 1330 2306 tuam.
1371 2251 1476 2306 Cur
1507 2267 1633 2318 ergo
1664 2251 1714 2304 in
1741 2248 2028 2317 majoribus
2053 2263 2151 2302 au-

572 2348 671 2401 dax
700 2361 760 2400 es
785 2355 839 2401 et
869 2345 1218 2400 temerarius?
1246 2344 1478 2398 Joannes
1504 2344 1640 2396 tilius
1662 2341 1902 2406 tonitrui,
1928 2341 2017 2409 qui
2042 2339 2149 2408 spi-

571 2438 743 2492 ritttali
776 2437 899 2491 tuba
925 2435 1099 2500 canit,
1133 2435 1220 2490 ubi
1256 2433 1382 2488 illud
1403 2473 1418 2499 ,
1450 2432 1608 2497 Erat,
1637 2447 1665 2482 a
1694 2429 1890 2499 Spiritu
1921 2429 2148 2494 audivit,

569 2529 697 2582 nihil
728 2529 859 2582 ultra
888 2527 1134 2597 quaesivit
1163 2543 1174 2580 :
1205 2534 1262 2580 et
1301 2533 1354 2578 tu
1391 2539 1496 2577 non
1539 2522 1649 2591 pari
1689 2521 1855 2591 gratia
1885 2519 2146 2584 donatus,

566 2619 654 2687 qui
680 2634 747 2673 ex
790 2617 1012 2672 infirmis
1054 2615 1344 2671 ratiociniis
1389 2614 1492 2668 tuis
1529 2611 1802 2681 loqueris,
1832 2610 2150 2680 cognitionis

478 2783 480 2786 ฮฝ
569 2709 710 2762 illius
740 2708 1027 2762 terminum
1072 2705 1449 2760 transcendere
1490 2704 1737 2760 conaris?
1778 2701 2005 2771 Ideoque
2041 2716 2150 2755 non

569 2813 748 2868 parem
775 2799 822 2854 ei
845 2839 860 2862 ,
894 2813 1052 2869 quam
1095 2797 1184 2852 ille
1223 2796 1439 2862 habuit,
1479 2797 1717 2851 notitiam
1743 2811 1972 2865 unquam
2000 2807 2147 2847 assc-

566 2891 762 2959 queris.
794 2888 1104 2960 llujusmodi
1133 2903 1362 2958 namque
1389 2897 1471 2942 est
1495 2879 1689 2941 diaboli
1721 2885 1984 2939 calliditas
2010 2900 2024 2942 :
2054 2897 2148 2937 cos

569 2980 657 3049 qui
685 2980 757 3035 illi
785 2980 1173 3050 obsequuntur,
1200 2989 1350 3034 extra
1379 2978 1636 3034 terminos
1662 2991 1690 3030 a
1722 2976 1829 3029 Deo
1857 2974 2010 3029 nobis
2050 2988 2145 3043 po-

567 3072 700 3126 sitos
727 3069 1002 3136 transfert,
1032 3070 1186 3139 quasi
1225 3069 1382 3138 longe
1407 3068 1658 3121 ulteriora
1685 3066 1943 3135 attingere
1973 3064 2146 3135 possi-

567 3176 681 3216 mus
704 3177 719 3214 :
744 3167 1023 3229 postquam
1045 3167 1221 3213 autem
1248 3158 1349 3212 hac
1373 3172 1469 3228 spe
1495 3157 1758 3212 inescatos
1778 3171 1808 3210 a
1832 3156 2005 3211 divina
2027 3170 2146 3225 gra-

569 3253 638 3306 tia
667 3251 910 3317 extrusit,
942 3259 1066 3304 tunc
1089 3249 1301 3304 domum
1332 3264 1436 3303 non
1465 3248 1624 3302 modo
1645 3248 1776 3303 nihil
1809 3248 1946 3302 ultra
1967 3247 2143 3312 addit;

565 3340 831 3410 quomodo
857 3340 999 3395 enim
1030 3340 1080 3394 id
1112 3338 1347 3404 faceret,
1373 3339 1618 3394 diabolus
1642 3353 1762 3393 cum
1787 3337 1900 3392 sit?
1923 3336 2017 3392 sed
2047 3351 2145 3392 nec

565 3433 688 3488 sinit
713 3441 766 3487 ut
809 3431 877 3486 ad
921 3431 1095 3505 priora
1117 3473 1130 3495 ,
1165 3431 1216 3484 in
1244 3429 1394 3500 queis
1422 3437 1535 3483 tuto
1565 3427 1925 3494 versabantur,
1953 3426 2142 3482 redea-

565 3540 720 3590 mus;
752 3539 935 3579 verum
965 3524 1166 3578 circum
1197 3537 1404 3592 quaque
1439 3523 1545 3592 agit
1581 3530 1826 3576 errantes
1847 3561 1863 3586 ,
1891 3520 1982 3590 qui
2018 3534 2143 3574 nus-

567 3632 721 3685 quam
745 3618 1043 3671 consistere
1073 3615 1354 3685 possimus.
1387 3613 1477 3668 Sic
1515 3613 1741 3682 primum
1772 3622 2048 3683 [uirentem
2075 3625 2141 3665 ex

566 3706 809 3777 paradiso
845 3706 1093 3762 excidere
1131 3707 1352 3760 curavit.
1383 3705 1514 3759 Cum
1553 3705 1696 3758 enim
1731 3703 1880 3758 illum
1911 3717 2004 3772 Spe
2031 3717 2144 3754 ma-

566 3797 694 3868 joris
723 3797 961 3852 scientiae
991 3804 1048 3850 et
1074 3795 1292 3851 honoris
1319 3795 1553 3850 inflasset
1578 3834 1591 3856 ,
1625 3795 1784 3849 etiam
1813 3795 1959 3848 illum
1984 3794 2052 3847 ah
2081 3793 2145 3848 iis

564 3889 757 3959 quibus
799 3888 1084 3958 tranquille
1125 3887 1396 3942 fruebatur
1431 3886 1608 3954 ejecit.
1650 3885 1766 3938 Non
1809 3885 1968 3937 modo
2003 3884 2142 3937 enim

567 3993 671 4034 non
701 3979 868 4033 factus
898 3987 981 4034 est
1018 3978 1234 4048 a-qualis
1271 3977 1410 4040 Deo,
1443 3985 1499 4030 ut
1527 3976 1622 4046 ipsi
1657 3975 2020 4046 pollicebatur,
2049 3973 2142 4028 sed

564 4070 665 4126 sub
708 4071 894 4124 mortis
937 4069 1269 4140 tyrannidem
1313 4067 1578 4133 detrusit;
1618 4081 1715 4121 nec
1749 4065 1922 4121 solum
1955 4081 1982 4117 a
2016 4065 2140 4134 ligni

564 4176 656 4216 esu
697 4161 829 4216 nihil
873 4163 1108 4231 accepit,
1140 4161 1235 4216 sed
1278 4161 1438 4216 etiam
1479 4176 1544 4217 ex
1591 4161 1675 4214 illa
1715 4176 1872 4228 quam
1918 4157 2145 4212 habebat

564 4253 785 4308 scientia
819 4267 922 4307 non
950 4267 1136 4322 parum
1165 4252 1343 4306 amisit
1366 4291 1380 4315 ,
1414 4250 1572 4320 idque
1601 4266 1695 4320 spe
1724 4249 1938 4318 majoris
1971 4248 2142 4316 adipi-

563 4344 796 4399 scendae.
839 4343 967 4398 Nam
1014 4351 1141 4397 tunc
1180 4343 1409 4411 primum
1451 4341 1518 4395 de
1558 4342 1795 4396 nuditate
1829 4341 2144 4394 erubescere

564 4433 762 4501 cmpit,
802 4447 921 4485 cum
965 4439 1117 4485 antea
1162 4432 1307 4483 omni
1349 4430 1551 4498 pudore
1592 4430 1877 4486 et'rubore
1903 4428 2144 4497 superior

569 4523 773 4576 fuisset.
806 4520 934 4574 lllud
976 4521 1136 4574 etiam
1165 4519 1306 4588 quod
1337 4535 1394 4572 se
1423 4519 1622 4572 nudum
1657 4533 1776 4572 esse
1813 4519 2140 4584 adverteret,

566 4612 706 4682 quod
737 4612 972 4666 vestibus
1004 4610 1196 4665 exinde
1238 4620 1449 4679 egeret,
1479 4609 1610 4663 illud
1631 4651 1644 4673 ,
1676 4613 1920 4678 inquam,
1952 4617 2008 4663 et
2045 4610 2144 4663 alia

569 4701 792 4771 plurima
819 4700 986 4755 tristia
1008 4699 1336 4755 acciderunt.
1361 4699 1512 4766 Quod
1537 4714 1604 4752 ne
1625 4699 1776 4752 nobis
1797 4713 2007 4766 quoque
2027 4713 2147 4752 con-

571 4795 770 4863 tingat,
802 4792 910 4846 Deo
939 4791 1397 4860 obtemperemus,
1439 4791 1556 4858 ejus
1596 4799 1858 4859 praecepta
1895 4790 2146 4844 observe-

569 4899 706 4950 mus,
733 4890 788 4939 et
815 4883 948 4938 nihil
977 4882 1206 4937 ulterius
1230 4883 1445 4936 curiose
1471 4881 1869 4952 perquiramus;
1903 4889 1960 4934 ut
1985 4895 2050 4935 ne
2080 4895 2145 4934 ex

572 4975 725 5030 nobis
745 4975 1018 5030 concessis
1044 4973 1351 5028 excidamus
1377 4973 1546 5038 bonis,
1571 4973 1712 5044 quod
1737 4983 1790 5027 et
1813 4974 1912 5027 illis
1932 4972 2140 5028 accidit.

571 5067 706 5121 Dum
745 5067 885 5121 enim
921 5067 1044 5120 vita:
1086 5067 1349 5136 principio
1402 5067 1630 5120 carentis
1678 5065 1990 5135 principium
2027 5079 2144 5133 per-

567 5159 818 5226 quirunt,
850 5159 1011 5212 etiam
1045 5159 1130 5212 illa
1165 5172 1282 5227 quae
1322 5157 1518 5212 habere
1558 5165 1798 5226 poterant
1833 5157 2141 5211 amiserunt.

569 5247 748 5318 Neque
772 5250 912 5303 enim
941 5250 990 5303 id
1016 5249 1156 5319 quod
1178 5249 1489 5320 quarrebant
1511 5251 1854 5312 invenerunt;
1881 5263 1983 5302 non
2003 5247 2144 5302 enim

571 5347 817 5407 poterant
840 5357 854 5403 ;
889 5351 1047 5410 atque
1074 5357 1103 5395 a
1130 5357 1256 5396 sana
1279 5343 1421 5397 circa
1443 5341 1781 5411 Unigenitum
1812 5339 1913 5393 fide
1935 5338 2147 5394 excide-

568 5443 708 5488 runt.
734 5435 917 5488 Alnos
945 5449 1011 5488 ne
1039 5435 1414 5490 transferamus
1439 5435 1693 5490 terminos
1717 5433 1984 5502 antiquos,
2013 5447 2147 5500 quos

569 5535 862 5594 posuerunt
889 5535 1068 5595 patres
1101 5528 1266 5580 nostri
1286 5569 1298 5589 ,
1327 5537 1381 5581 et
1406 5529 1600 5596 ubique
1623 5525 1850 5596 Spiritus
1876 5524 2043 5578 sancti
2069 5523 2146 5576 lc-

633 5724 650 5756 '
683 5730 822 5772 Juxta
841 5722 1072 5786 quosdam
1091 5721 1353 5785 legendum
1373 5732 1469 5784 est,
1493 5737 1602 5775 cum
1626 5725 1683 5774 sit
1710 5723 1859 5775 Filius
1881 5730 1924 5773 ct
1940 5723 2091 5772 ฮฮนฮฟฮนฮนฯ.

2271 420 2426 488 gibus
2449 421 2703 479 cedamus
2729 443 2741 477 :
2765 434 2819 479 et
2846 441 2966 480 cum
2993 426 3259 491 audimus,
3294 427 3416 481 Erat
3445 429 3536 483 lus;
3563 444 3699 496 vera,
3725 431 3857 485 nihil

2271 513 2491 568 ulterius
2518 515 2844 584 inquiramus
2870 533 2882 568 :
2907 532 3080 583 neque
3102 518 3243 571 enim
3267 518 3399 571 ultra
3425 533 3710 588 possumus
3732 535 3856 588 per-

2271 606 2494 674 tingere.
2525 606 2656 660 Nam
2684 609 2729 662 si
2758 608 2901 664 Deus
2936 618 2994 663 ut
3031 609 3191 664 homo
3220 611 3522 679 genuisset,
3549 615 3855 668 necessario

2271 696 2536 752 interstitii
2577 700 2849 770 quidpiam
2891 701 3077 756 fuisset
3109 704 3403 773 genitorem
3437 705 3576 760 inter
3612 717 3666 759 et
3702 708 3854 774 geni-

2270 796 2378 842 tum
2404 807 2417 853 ;
2451 790 2543 844 sed
2581 796 2702 860 quia
2740 791 2990 846 ineffabili
3031 793 3190 847 modo
3218 803 3272 849 et
3297 806 3350 848 ut
3380 795 3544 850 Deum
3571 796 3728 852 decet
3755 813 3849 867 ge-

2269 879 2404 946 nuit,
2429 880 2636 935 abstine
2659 881 2726 934 ab
2751 882 2834 937 his
2859 882 3098 948 vocibus,
3121 893 3237 938 ante
3262 895 3314 938 et
3341 894 3449 954 post
3471 901 3490 939 :
3518 887 3632 941 haec
3653 889 3849 957 quippe

2268 978 2566 1039 temporum
2590 973 2802 1026 nomina
2830 981 2954 1026 sunt
2977 990 2988 1026 :
3014 972 3177 1030 Filius
3197 990 3325 1030 vero
3345 969 3503 1031 etia'm
3529 980 3844 1033 saeculorum

2265 1062 2501 1115 omnium
2529 1063 2774 1118 conditor
2797 1072 2899 1118 est.

2335 1151 2390 1205 แผ.
2430 1151 2559 1205 Vera
2579 1153 2642 1206 de
2674 1151 2830 1207 Patre
2852 1164 2900 1209 et
2925 1155 2987 1208 de
3020 1155 3154 1210 Filio
3199 1158 3444 1211 doctrina.
3494 1157 3844 1213 Sabbelliano-

2263 1261 2377 1297 runt
2435 1255 2480 1299 et
2535 1245 2983 1301 Marcellianorum
3042 1251 3255 1305 insania.
3313 1250 3529 1304 Peccata
3592 1255 3841 1321 quomodo

2261 1337 2774 1407 abluantur.โErgo
2803 1354 2906 1392 non
2940 1348 3106 1406 pater,
3125 1341 3256 1405 aies,
3275 1341 3369 1396 sed
3397 1341 3561 1396 frater
3587 1353 3688 1397 est.
3711 1344 3840 1409 Qua:

2263 1432 2574 1496 necessitas,
2607 1432 2832 1501 quaeso?
2861 1432 2991 1486 Nam
3024 1434 3068 1486 si
3100 1433 3311 1488 Patrem
3331 1442 3391 1489 et
3429 1435 3621 1489 Filium
3649 1450 3714 1489 ex
3735 1436 3836 1489 alia

2261 1533 2316 1578 ct
2339 1523 2544 1578 diversa
2572 1523 2751 1579 radice
2778 1535 2927 1581 ortos
2970 1525 3270 1582 diceremus
3295 1567 3309 1591 ,
3357 1525 3470 1581 haec
3503 1527 3624 1596 jure
3659 1528 3839 1582 dicere

2263 1631 2494 1684 posses:
2528 1617 2610 1670 sin
2656 1617 2794 1671 hanc
2835 1617 3065 1672 vitamus
3106 1619 3466 1687 impietatem,
3510 1619 3838 1687 dicimusqua

2263 1705 2471 1760 Patrem
2496 1707 2611 1762 sine
2638 1708 2895 1776 principio
2923 1724 3074 1774 esse,
3102 1723 3202 1764 nec
3224 1709 3458 1778 genitum
3502 1709 3700 1772 fuisse;
3745 1708 3835 1762 Fi-

2261 1796 2387 1849 litnu
2418 1811 2548 1851 vero
2574 1798 2690 1852 sine
2716 1797 2978 1867 principio
3004 1797 3216 1867 quidem
3256 1812 3378 1853 esse
3401 1839 3417 1860 ,
3464 1797 3558 1852 sed
3596 1799 3834 1867 genitum

2259 1900 2289 1938 a
2315 1886 2470 1941 Patre
2495 1928 2510 1953 ,
2539 1903 2656 1956 qua:
2686 1889 2976 1944 necessitas
3003 1904 3072 1943 ex
3106 1889 3202 1944 hac
3228 1889 3548 1960 cogitatione
3571 1931 3587 1958 ,
3616 1891 3833 1961 impium

2259 1977 2406 2032 illum
2433 1978 2631 2034 inferre
2659 1980 2998 2034 sermonem?
3034 1979 3189 2034 Nulla
3219 1995 3368 2034 sane.
3400 1981 3610 2036 Etenim
3652 1983 3835 2051 Splen-

2255 2067 2354 2122 dor
2379 2079 2493 2134 cst;
2525 2069 2780 2139 splendor
2804 2080 2983 2124 autem
3019 2071 3176 2125 simul
3217 2071 3528 2141 intelligitur
3566 2086 3688 2126 cum
3737 2089 3834 2125 na-

2259 2169 2375 2216 tura
2405 2163 2492 2216 illa
2513 2202 2529 2227 ,
2561 2162 2713 2232 cujus
2739 2172 2823 2218 est
2848 2162 3118 2232 splendor.
3147 2162 3268 2218 Ideo
3296 2163 3438 2218 enim
3468 2163 3663 2218 Paulus
3687 2163 3834 2217 illum

2255 2253 2334 2307 sic
2359 2253 2603 2317 vocavit,
2639 2263 2697 2306 ut
2723 2252 2852 2307 nihil
2883 2253 3114 2308 medium
3154 2254 3503 2322 suspicareris
3547 2254 3686 2308 inter
3735 2253 3837 2308 Pa-

2257 2351 2472 2399 tremet
2509 2343 2744 2398 Filium:
2779 2343 2833 2398 id
2871 2344 3013 2398 enim
3066 2343 3168 2399 hoc
3215 2345 3431 2398 nomine
3479 2345 3827 2413 significatur.

2255 2432 2381 2490 Post
2409 2435 2511 2490 hoc
2538 2433 2840 2504 exemplum
2866 2474 2882 2499 ,
2917 2449 3038 2489 eam
3083 2450 3204 2504 qua:
3259 2435 3381 2489 hinc
3431 2435 3570 2504 apud
3618 2434 3836 2489 insanos

2253 2525 2481 2582 suboriri
2509 2535 2715 2596 poterat
2756 2527 3139 2582 absurditatem
3184 2527 3422 2596 corrigit.
3468 2527 3584 2592 Ne,
3629 2527 3831 2597 inquit,

2252 2616 2500 2685 quoniam
2532 2615 2873 2686 splendorem
2922 2616 3152 2680 audisti,
3189 2617 3358 2684 ipsum
3401 2617 3612 2686 propria
3663 2616 3832 2687 hypo-

2252 2709 2378 2760 stasi
2409 2707 2605 2777 privari
2634 2719 2807 2777 putes.
2836 2705 2967 2761 Nam
3001 2707 3220 2777 impium
3247 2706 3347 2760 hoc
3369 2716 3527 2772 esset,
3561 2715 3616 2761 et
3640 2706 3832 2761 Sabel-

2254 2797 2512 2852 lianorum
2537 2796 3104 2866 Marcellianorumque
3130 2797 3352 2850 insania.
3377 2795 3486 2854 Nos
3515 2805 3691 2850 autem
3725 2812 3831 2850 non

2251 2885 2324 2940 ita
2351 2886 2645 2953 sentimus,
2683 2887 2777 2941 sed
2825 2889 2996 2957 ipsum
3045 2887 3098 2941 in
3149 2888 3361 2957 propria
3405 2886 3506 2941 sibi
3557 2885 3831 2957 hypostasi

2250 2991 2370 3033 esse
2401 2978 2627 3032 dicimus
2658 2995 2670 3031 :
2702 2978 2822 3033 ideo
2849 2987 3127 3048 postquam
3166 2977 3314 3032 illum
3358 2965 3698 3046 splendorem
3737 2992 3831 3045 ap-

2251 3070 2573 3140 pellaverat,
2620 3069 2833 3135 intulit,
2894 3069 2960 3123 Et
3009 3071 3269 3124 character
3314 3069 3608 3123 substantia
3651 3069 3829 3134 illius,

2249 3161 2447 3232 (Hebr.
2487 3162 2539 3216 1.
2577 3162 2674 3230 5),
2706 3170 2763 3216 ฮนฮนฮน
2791 3162 3059 3230 propriam
3108 3160 3418 3231 hypostasin
3464 3159 3827 3229 significaret,

2249 3255 2665 3325 ostenderetque
2690 3255 2861 3323 ipsum
2889 3269 2954 3308 ex
2983 3252 3172 3308 eadem
3198 3268 3319 3308 esse
3343 3251 3658 3316 substantia,
3675 3251 3832 3320 cujus

2249 3345 2529 3402 character
2557 3354 2660 3402 est.
2699 3344 2884 3414 Neque
2906 3344 3048 3399 enim
3081 3344 3210 3398 satis
3237 3354 3322 3398 est
3363 3342 3582 3398 verbum
3621 3357 3785 3396 unum
3812 3381 3827 3405 ,

2250 3447 2305 3492 ฮนฮนฮน
2327 3438 2435 3506 jam
2461 3437 2606 3501 dixi,
2636 3437 2703 3490 ad
2734 3436 2822 3492 illa
2849 3435 2916 3491 de
2958 3436 3067 3490 Deo
3103 3435 3351 3505 dogmata
3400 3433 3706 3489 hominibus
3752 3437 3827 3488 si-

2247 3527 2545 3599 gnificanda
2581 3547 2593 3582 :
2626 3527 2721 3583 sed
2749 3526 3040 3598 optandum
3066 3535 3124 3580 ut
3152 3526 3332 3580 multis
3360 3526 3518 3580 simul
3543 3525 3738 3590 allatis,
3762 3540 3827 3579 cx

2246 3620 2467 3690 singulis
2481 3618 2618 3688 quod
2633 3617 3235 3687 conveniatseligamus.
3274 3615 3346 3671 Ita
3369 3617 3508 3671 enim
3536 3614 3829 3686 poterimus

2246 3709 2406 3779 digne
2428 3710 2653 3779 gloriam
2682 3709 2772 3762 Dei
2797 3706 3103 3772 celebrare;
3133 3707 3288 3776 digne
3308 3706 3510 3760 scilicet
3534 3704 3828 3760 secundum

2249 3801 2549 3856 facultatem
2579 3810 2835 3856 nostram.
2866 3798 2920 3854 Si
2952 3800 3071 3870 quis
3117 3800 3262 3853 enim
3313 3797 3380 3852 de
3427 3798 3513 3851 illa
3564 3796 3725 3866 digne
3768 3811 3829 3850 se

2246 3893 2390 3962 loqui
2419 3906 2573 3962 posse
2600 3899 2766 3960 putet,
2797 3900 2957 3960 atque
2981 3897 3251 3945 assereret
3277 3903 3335 3942 se
3359 3890 3428 3942 ita
3451 3888 3615 3941 Deum
3644 3902 3825 3951 nosse,

2249 3995 2306 4038 ut
2330 3985 2444 4054 ipse
2469 3998 2528 4037 se
2558 3984 2732 4049 novit,
2763 3983 2807 4036 is
2831 3984 3062 4037 maxime
3085 3983 3250 4036 Deum
3282 3981 3510 4050 ignorat.
3543 3980 3666 4032 llaec
3702 3996 3824 4033 cum

2247 4078 2477 4130 sciamus
2495 4114 2508 4138 ,
2535 4074 2818 4143 diligenter
2843 4074 3168 4127 retineamus
3194 4087 3256 4126 ea
3284 4088 3402 4142 quae
3435 4069 3702 4125 tradidere
3725 4087 3822 4122 no-

2248 4169 2330 4224 bis
2357 4168 2392 4222 ii
2418 4167 2508 4236 qui
2532 4165 2601 4220 ab
2628 4166 2778 4220 initio
2807 4165 2934 4235 ipsis
2961 4165 3130 4219 oculis
3178 4164 3460 4228 viderunt,
3503 4172 3556 4216 et
3597 4161 3823 4216 ministri

2248 4260 2396 4315 fuere
2441 4257 2639 4324 Verbi,
2689 4271 2864 4326 neque
2913 4257 3047 4310 ultra
3098 4256 3307 4310 curiose
3349 4264 3666 4309 scrutemur.
3713 4253 3829 4307 Duo

2249 4365 2480 4420 namque
2531 4350 2726 4403 damna
2785 4347 2886 4401 hoc
2931 4347 3120 4402 morbo
3177 4346 3480 4399 laborantes
3528 4343 3823 4398 invadent:

2248 4439 2389 4510 quod
2419 4447 2624 4493 temere
2657 4439 2899 4490 laborent
2925 4436 3013 4489 illa
3044 4433 3334 4503 qttmrendo
3354 4475 3370 4500 ,
3416 4449 3536 4502 quae
3584 4433 3828 4486 invenire

2251 4538 2554 4599 nequeunt;
2584 4535 2638 4581 et
2660 4526 2800 4595 quod
2836 4527 2999 4581 Deum
3028 4527 3078 4579 in
3109 4526 3240 4579 iram
3274 4535 3584 4594 provocent,
3616 4523 3741 4577 dum
3761 4525 3830 4575 ab

2253 4619 2367 4688 ipso
2394 4619 2597 4687 positos
2625 4618 2882 4672 terminos
2906 4627 3148 4672 evertere
3172 4626 3454 4671 conantur.
3486 4615 3634 4680 Quod
3665 4630 3827 4684 quan-

2253 4718 2433 4778 topere
2459 4709 2590 4762 iram
2622 4709 2714 4762 Dei
2743 4710 3011 4774 concitet,
3043 4724 3148 4762 non
3177 4724 3311 4777 opus
3337 4718 3420 4762 est
3451 4707 3600 4760 vobis
3625 4707 3828 4772 dicere,

2249 4816 2368 4857 cum
2398 4801 2445 4855 id
2476 4816 2660 4854 omnes
2689 4801 2889 4854 sciatis.
2915 4800 3276 4867 Quamobrem
3311 4800 3470 4853 missa
3497 4799 3710 4853 illorum
3737 4815 3826 4852 at"

2252 4893 2488 4964 rogantia
2513 4934 2529 4959 ,
2563 4893 2652 4946 Dei
2679 4891 2838 4947 verba
2862 4907 2981 4946 cum
3009 4903 3241 4945 tremore
3276 4892 3552 4944 audiamus
3576 4930 3591 4952 ,
3635 4900 3693 4943 ut
3741 4891 3832 4944 ille

2251 4994 2509 5056 perpetuo
2533 4999 2632 5038 nos
2663 4992 2874 5038 tueatur
2905 4999 2917 5034 :
2952 4997 3071 5034 nam
3101 4981 3209 5047 ait,
3256 4982 3335 5033 Ad
3377 4998 3522 5050 quem
3565 4981 3830 5046 respiciam

2251 5078 2348 5131 nisi
2373 5078 2439 5130 ad
2463 5085 2779 5129 mansuetum
2805 5083 2850 5126 et
2879 5073 3121 5127 humilem
3139 5114 3152 5137 ,
3186 5083 3232 5126 et
3257 5074 3476 5141 quietum
3504 5115 3518 5138 ,
3547 5082 3591 5126 et
3617 5083 3829 5125 tremen-

2253 5177 2346 5222 tem
2368 5167 2514 5220 verba
2537 5182 2644 5219 mea
2668 5166 2686 5233 (
2703 5163 2831 5219 lsai.
2863 5163 2952 5218 66.
2983 5163 3018 5216 2
3042 5164 3096 5234 )?
3137 5163 3248 5216 liae
3278 5163 3437 5230 igitur
3465 5163 3622 5216 missa
3651 5165 3829 5216 curio-

2253 5261 2443 5324 sitate,
2503 5266 2846 5312 conteramus
2885 5255 3085 5318 corda,
3147 5263 3363 5323 peccata
3411 5253 3723 5322 lugeamus,
3779 5265 3831 5308 nt

2253 5351 2494 5405 Christus
2517 5349 2711 5417 jussit,
2739 5346 2806 5401 de
2834 5346 3126 5400 sceleribus
3155 5344 3356 5399 nostris
3387 5359 3831 5413 compungamur,

2253 5457 2315 5496 ac
2339 5440 2621 5509 diligenter
2650 5438 2830 5492 animo
2859 5445 3162 5505 repetamus
3191 5450 3252 5489 ea
3283 5451 3401 5504 qua:
3440 5435 3696 5486 hactenus
3737 5435 3829 5486 at.

2256 5531 2499 5584 misimus
2521 5527 2712 5583 delicta
2741 5543 2754 5590 ;
2788 5526 3098 5581 studeamus
3126 5525 3211 5578 illa
3237 5525 3456 5578 omnino
3483 5523 3724 5576 abluere.
3759 5523 3833 5576 Ad

2259 5625 2392 5674 hanc
2413 5617 2608 5688 quippe
2639 5615 2971 5670 rem-multas
2998 5615 3138 5668 Deus
3165 5615 3316 5667 nobis
3342 5613 3542 5679 aperuit
3568 5613 3698 5663 vias.
3743 5610 3832 5663 Dia

2264 5723 2316 5765 tu
2345 5712 2483 5780 prior
2503 5751 2518 5775 ,
2551 5708 2750 5778 inqttit,
2777 5707 3063 5776 iniquitates
3087 5715 3198 5759 tuas
3216 5747 3228 5771 ,
3259 5714 3312 5757 ut
3328 5703 3625 5773 jttsti๏ฌceris
3662 5704 3681 5771 (
3705 5701 3827 5754 lsai.

3793 320 3861 371 68
