4370 6306
528 344 598 398 68
1214 343 1274 399 S.
1313 341 1596 399 JOANNIS
1629 343 2124 405 CIIRYSOSTOMI
2162 346 2481 405 ARLHIEP.
2527 345 3076 404 CONSTANTINOP.
3719 348 3790 403 66

524 459 905 534 προσεδρεύειν
929 473 954 502 ι
987 459 1122 531 μετά
1154 459 1447 529 καρτερίας
1484 464 1600 525 ταῖς
1641 464 1776 534 πρὸς
1821 466 1913 520 τὸν
1968 466 2100 520 Θεὸν

525 546 815 610 ἐντεύξεσι.
844 546 999 621 Φέρει
1026 545 1145 600 τινὰ
1173 544 1525 615 παραμυθίαν
1549 549 1681 618 ήμῖν
1703 550 1763 602 οὐ
1789 551 1988 621 μικρὰν
2011 553 2101 605 καὶ

523 629 675 682 λύσιν
720 626 826 680 τῶν
862 618 1266 699 ήμαρτημένων
1310 629 1403 681 καὶ
1435 630 1657 698 νηστεία
1703 618 1904 701 ὁμοίως
1928 674 1942 696 ,
1973 635 2099 686 ὅταν

526 712 663 782 μετά
711 711 808 779 τῆς
857 712 938 774 είς
991 710 1213 782 ἐτέρους
1273 711 1679 783 φιλανθρωπίας
1729 714 1966 785 γίνηται,
2008 717 2099 767 καὶ

523 795 769 847 σϐέννυσι
800 793 863 847 τὸ
896 793 1124 864 σφοδρὸν
1158 794 1257 864 τῆς
1303 794 1472 865 ὀργῆς
1513 796 1605 849 τοῦ
1639 797 1795 853 Θεοῦ.
1835 799 1958 866 Πῦρ
1992 798 2097 871 7&9

520 877 947 947 φλογιζόμενον
998 876 1207 932 σϐέσει
1256 877 1412 946 ὕδωρ
1435 918 1451 942 ,
1506 879 1603 932 καί
1658 881 2100 951 ἐλεημοσύναις

521 961 1025 1032 ἀποκαθαίρονται
1072 962 1367 1031 ἁμαρτίαι.
1417 963 1631 1026 Ταύτας
1687 966 1867 1019 τοίνυν
1921 967 2100 1030 πάσας

518 1043 792 1115 όδεύωμεν
820 1045 920 1107 τάς
944 1044 1115 1109 ὁδούς.
1140 1046 1235 1097 Ἂν
1254 1044 1362 1114 γὰρ
1382 1047 1440 1098 ἐν
1465 1045 1677 1109 τούτοις
1701 1041 1851 1114 ὦμεν
1873 1047 2101 1100 διαπανο

518 1128 631 1190 τὸς,
662 1125 730 1180 ἂν
755 1128 835 1191 εἰς
863 1126 1040 1181 ταῦτα
1059 1127 1155 1199 τὴν
1192 1128 1382 1199 σχολὴν
1412 1128 1812 1201 ἀναλίσκωμεν,
1845 1132 1906 1185 οὐ
1940 1132 2098 1201 μόνον

518 1207 589 1263 τά
630 1209 968 1279 παρελθόντα
999 1209 1372 1280 ἀπονιψόμεθα
1405 1211 1433 1251 b
1467 1210 1934 1283 πλημμελήματα,
1964 1214 2099 1268 ἀλλά

520 1290 616 1344 καὶ
644 1293 725 1355 εἰς
749 1291 810 1344 τὸ
839 1290 1032 1362 μέλλον
1059 1291 1129 1344 τὰ
1167 1291 1399 1363 μέγιστα
1442 1292 1829 1364 κερδανοῦμεν.
1875 1296 1950 1349 Οὐ
1989 1295 2098 1366 γὰρ

519 1374 828 1445 παρέξομεν
860 1372 939 1445 τῷ
985 1374 1217 1446 διαϐόλῳ
1279 1376 1473 1446 σχολὴν
1523 1376 1883 1448 προσϐάλλειν
1942 1381 2094 1449 ἡμῖν,

518 1479 611 1586 mf
641 1476 763 1586 Mair.
797 1484 909 1539 post
947 1475 1275 1540 προσεδρεύειν
1316 1477 1482 1540 adjicit
1512 1478 1582 1527 δέ.
1646 1476 1675 1518 1³
1702 1478 1907 1538 Quidam
1931 1477 2095 1525 ἀπονι-

583 1554 669 1586 om
733 1574 745 1586 .

583 1554 745 1600 ομευα.

2202 464 2323 518 οὗτε
2354 467 2432 528 εἰς
2465 464 2734 536 ρᾳθυμίαν
2769 462 2906 533 βίου,
2926 460 3048 515 οὔτε
3072 462 3149 524 εἰς
3173 461 3268 531 τὴν
3291 460 3541 532 ὀλεθρίαν
3564 480 3795 533 περιερ-

2199 549 2344 616 γίαν.
2401 550 2508 602 Καὶ
2550 551 2658 619 7&9
2707 547 2802 601 καὶ
2854 544 3024 599 ταῦτα
3065 556 3087 584 ο
3129 544 3266 615 μετά
3297 545 3404 598 τῶν
3445 544 3641 613 ἄλλων,
3692 550 3790 601 καὶ

2204 632 2451 683 ἐντεῦθεν
2474 630 2574 694 τὰς
2601 632 2861 701 ἀνοήτους
2909 628 3164 697 ζητήσεις
3191 627 3284 679 καὶ
3325 628 3423 690 τὰς
3442 627 3790 698 λογομαχίας

2203 716 2301 778 τὰς
2327 714 2638 777 ἐπιϐλαϐεἰς
2664 714 2879 781 ἐπάγει,
2909 714 2975 765 ἐκ
3000 711 3093 764 τοῦ
3135 710 3492 781 σχολάζοντας
3519 712 3651 782 ὁρᾷν
3693 713 3788 765 καὶ

2202 797 2525 867 ἀργοῦντας,
2556 797 2648 850 καί
2680 795 2948 866 μηδεμίαν
2997 794 3097 863 τῆς
3130 793 3271 846 κατὰ
3298 794 3387 846 τὸν
3420 793 3531 862 βίον
3582 794 3787 863 ἀρετῆς

2197 879 2455 951 πρόνοιαν
2485 878 2863 948 ποιουμένους.
2919 874 3058 929 ’Λλλ’
3095 877 3254 946 ἡμεῖς
3280 874 3429 945 αὺτῷ
3456 875 3658 946 ταύτην
3686 876 3788 945 τὴν

2198 961 2553 1032 παρείσδυσιν
2576 959 3004 1031 ἀποφράξωμεν,
3028 959 3485 1030 γρηγορήσωμεν,
3502 957 3783 1028 νήψωμεν,

2197 1044 2285 1097 ἴνα
2315 1044 2372 1097 ἐν
2399 1043 2478 1114 τῷ
2514 1043 2708 1114 βραχεῖ
2737 1042 2912 1113 τούτῳ
2940 1042 3117 1113 χρόνῳ
3160 1040 3427 1110 καμόντες
3456 1040 3631 1108 ὀλίγα,
3672 1040 3786 1093 τῶν

2197 1127 2482 1180 ἀθανάτων
2517 1128 2576 1180 ἐν
2621 1129 2734 1189 τοῖς
2759 1127 3008 1195 ἀπείροις
3062 1124 3223 1177 αἰῶσι
3258 1123 3511 1194 τύχωμεν
3535 1122 3779 1192 ἀγαθῶν,

2200 1209 2385 1280 χάριτι
2438 1210 2533 1263 καὶ
2568 1208 2949 1280 φιλανθρωπία
2997 1207 3093 1260 τοῦ
3139 1206 3346 1277 Κυρίου
3405 1206 3560 1277 ήμῶν
3605 1206 3782 1278 Ἰησοῦ

2203 1291 2461 1361 Χριστοῦ,
2492 1292 2559 1345 δι’
2579 1285 2640 1345 οῦ
2678 1291 2772 1345 καὶ
2813 1289 2932 1361 μεθ’
2961 1285 3023 1342 οὗ
3070 1289 3149 1360 τῷ
3177 1290 3372 1359 Πατρὶ,
3401 1290 3517 1360 ἅμα
3539 1290 3617 1361 τῷ
3642 1289 3785 1360 ἁγίῳ

2201 1374 2500 1445 Πνεύματι,
2525 1373 2651 1439 δόξα
2683 1375 2764 1437 εἰς
2796 1373 2922 1436 τοὺς
2941 1374 3144 1436 αἰῶνας
3171 1373 3280 1427 τῶν
3304 1371 3535 1428 αἰώνων.
3581 1372 3778 1444 Ἀμήν.

2263 1544 2285 1572 ε
2317 1540 2400 1590 Sic
2419 1541 2594 1590 Morel.
2620 1539 2733 1588 Sav.
2759 1542 2840 1588 καὶ
2857 1540 3059 1596 τούτοις.

540 1702 3652 1731 W

1930 1881 2044 1955 [48]
2075 1882 2322 1941 omum
2360 1888 2441 1942 H'.

516 1987 629 2052 Ἦν
652 1997 720 2053 τὸ
745 1997 873 2069 φῶς
899 1998 966 2070 τό
993 1999 1306 2069 ἀληθινὸν,
1337 2000 1368 2053 ὃ
1400 1998 1628 2070 φωτίζει
1658 1999 1854 2054 πάντα
1880 2000 2102 2069 ἀνθρω-

796 2084 916 2123 πον
940 2068 1270 2140 ἐρχόμενον
1299 2068 1525 2136 εις-τὸν
1562 2070 1816 2140 κόσμον.

587 2168 658 2217 α’.
691 2164 826 2218 υὺδέ
845 2164 954 2235 7&9
977 2164 1175 2219 κωλύει
1198 2174 1223 2202 ι
1248 2166 1342 2219 καὶ
1358 2166 1597 2238 τήμερον
1616 2164 1725 2219 τῶν
1750 2165 1929 2220 αὐτῶν
1955 2164 2101 2234 ἀψα-

518 2243 644 2297 σθαι
675 2246 956 2314 ῥημάτων,
987 2246 1174 2317 ἐπειδὴ
1201 2247 1394 2318 πρώην
1418 2249 1523 2303 ὑπὸ
1546 2250 1647 2319 τῆς
1678 2247 1787 2303 τῶν
1814 2248 2100 2317 δογμάτων

519 2327 834 2397 ἐξηγήσεως
884 2327 1238 2401 ἐκωλύθημεν
1286 2330 1460 2385 ἅπασι
1514 2334 1628 2396 τοῖς
1676 2330 2100 2400 ἀναγνωσθεῖσιν

518 2409 847 2475 ἐπεξελθεῖν.
895 2411 1005 2464 Ποῦ
1046 2412 1228 2466 τοίνυν
1270 2414 1407 2467 εἰσὶν
1444 2415 1494 2467 οἰ
1540 2414 1615 2485 μὴ
1651 2413 1904 2483 λέγοντες
1938 2412 2101 2467 αὑτὸν

518 2493 772 2564 ἀληθινὸν
802 2494 967 2559 Θεόν;
1006 2494 1273 2549 Ἐνταῦθα
1302 2495 1402 2565 μὲν
1434 2496 1543 2567 γάρ
1578 2496 1695 2565 φῶς
1739 2496 1989 2567 ἀληθινὸν
2018 2495 2099 2547 εί-

521 2593 701 2647 ρηται·
734 2576 963 2647 ἐτέρωθι
993 2576 1071 2643 δὲ,
1119 2577 1502 2649 αὐτοαλήθεια,
1539 2580 1633 2633 καὶ
1655 2578 1926 2650 αὐτοξωή.
1959 2578 2097 2631 Ἀλλ’

518 2660 713 2730 ἐκείνῳ
746 2659 847 2729 μὲν
882 2660 959 2730 τῷ
982 2660 1144 2731 λόγῳ,
1181 2662 1309 2715 ὅταν
1341 2663 1457 2715 ἐκεῖ
1487 2661 1796 2735 γενώμεθα,
1838 2662 2099 2733 σαφέστε-

521 2760 613 2812 ρον
646 2740 1108 2813 ἐπεξελευσόμεθα
1128 2760 1142 2774 ·
1192 2744 1335 2797 κατὰ
1374 2745 1432 2798 δὲ
1482 2745 1543 2798 τὸ
1572 2746 1767 2817 παρὸν,
1802 2747 2098 2813 ἀναγκαῖον

516 2828 655 2888 τέως
706 2826 883 2878 ἐκεῖνο
930 2826 1067 2896 πρὸς
1114 2827 1214 2898 τήν
1253 2828 1525 2901 ὑμετέραν
1558 2828 1781 2898 ἀγάπην
1808 2830 2003 2881 εἰπεῖν⁶
2034 2828 2098 2880 Εἰ

518 2908 742 2977 φωτίζει
776 2909 953 2962 πάντα
986 2908 1274 2980 ἄνθρωπον
1319 2910 1614 2981 ἐρχόμενον
1645 2911 1725 2973 εἰς
1751 2908 1842 2964 τὸν
1871 2910 2097 2980 κόσμον,

515 2994 635 3057 πῶς
678 2992 972 3062 ἀφώτιστοι
1007 2993 1350 3064 μεμενήκασι
1404 2993 1687 3058 τοσοῦτοι;
1739 2993 1816 3047 Οὐ
1867 2994 1978 3064 γὰρ
2028 2992 2094 3064 δὴ

516 3078 717 3140 πάντες
755 3076 1075 3145 ἐπέγνωσαν
1125 3075 1220 3129 τοῦ
1268 3074 1506 3147 Χριστοῦ
1532 3077 1596 3129 τὸ
1623 3076 1810 3140 σέϐας.
1852 3076 1976 3139 Πῶς
2005 3071 2098 3130 οὖν

518 3158 743 3227 φωτίζει
774 3159 954 3213 πάντα
981 3157 1303 3228 ἀνθρωπον;
1338 3158 1412 3211 Τό
1437 3175 1502 3226 γε
1532 3159 1612 3222 εἰς
1644 3158 1806 3212 αὐτὸν
1828 3154 1983 3231 ἧκον.
2033 3159 2097 3211 Εἰ

514 3243 573 3296 δέ
608 3258 754 3305 τινες
783 3242 999 3304 ἑκόντες
1024 3242 1151 3305 τοὺς
1168 3242 1266 3311 τῆς
1289 3240 1524 3304 διανοίας
1551 3240 1860 3312 ὀφθαλμοὺς
1895 3240 2099 3311 μύσαν-

516 3341 629 3388 τες,
665 3325 741 3394 μὴ
773 3323 1047 3394 βούλοιντο
1076 3324 1104 3364 δ
1136 3322 1540 3396 παραδέξασθαι
1565 3323 1660 3378 τοῦ
1694 3323 1870 3393 φωτὸς
1906 3323 2096 3376 τούτου

517 3407 617 3471 τάς
646 3409 893 3472 ἀκτῖνας,
938 3408 1001 3461 οὐ
1051 3407 1203 3479 παρὰ
1236 3407 1336 3480 τὴν
1377 3406 1472 3461 τοῦ
1505 3408 1682 3477 φωτὸς
1715 3408 1877 3477 φύσιν
1906 3408 1939 3477 ή
1967 3407 2096 3461 σκό-

516 3508 681 3555 τωσις
704 3491 954 3555 ἐκείνοις,
976 3489 1113 3545 ἀλλά
1142 3489 1295 3561 παρά
1315 3490 1417 3562 τὴν
1431 3490 1767 3562 κακουργίαν
1790 3490 1899 3544 τῶν
1921 3489 2098 3545 ἐκοντί

514 3573 963 3644 ἀποστερούντων
990 3575 1218 3649 ἑαυτοὺς
1245 3572 1345 3644 τῆς
1384 3572 1613 3645 δωρεᾶς.
1654 3573 1716 3626 Ἢ
1751 3574 1848 3643 μὲν
1870 3573 1979 3645 γάρ
2003 3573 2100 3644 χά-

518 3671 605 3727 ρις
634 3657 714 3719 είς
740 3656 944 3718 πάντας
972 3656 1283 3725 ἐκκέχυται,
1307 3656 1409 3709 οὐκ
1439 3655 1819 3726 Ἰουδαῖον,οὑχ
1838 3656 2094 3726 Ἕλληνα,

516 3739 579 3793 οὐ
609 3738 902 3810 βάρϐαρον,
951 3738 1012 3791 οὐ
1049 3736 1281 3808 Σκύθην,
1325 3738 1425 3791 οὐκ
1470 3737 1777 3809 ἐλεύθερον,
1804 3740 1862 3791 οὺ
1889 3737 2093 3803 δοῦλον,

516 3824 618 3877 οὐκ
649 3822 839 3893 ἀνδρα,
878 3820 940 3874 οὐ
968 3823 1221 3889 γυναῖκα.
1259 3820 1321 3873 οὑ
1351 3819 1681 3891 πρεσϐύτην,
1714 3821 1774 3873 ού
1808 3820 1924 3873 νέον
1966 3821 2098 3874 ἀπο-

516 3903 858 3977 στρεφομένη
879 3920 893 3935 ο
927 3903 1136 3965 πάντας
1161 3902 1217 3956 δέ
1232 3902 1432 3972 ὁμοίως
1458 3902 1811 3972 προσιεμένη,
1843 3902 1936 3954 καί
1960 3906 2097 3971 μετὰ

515 3988 615 4058 τῆς
641 3988 763 4059 ῐσης
788 3985 1028 4040 καλοῦσα
1046 3985 1235 4057 τιμῆς.
1264 3988 1327 4040 υἰ
1355 3985 1413 4039 δὲ
1441 3986 1542 4039 οὐκ
1567 3984 1839 4049 ἐθέλοντες
1868 3984 2098 4038 ἀπολαῦ-

516 4088 608 4124 σαι
645 4070 745 4141 τῆς
786 4069 996 4141 δωρεᾶς
1034 4067 1259 4147 ταύτης,
1306 4069 1519 4131 ἑαυτοῖς
1548 4066 1748 4121 δίκαιοι
1794 4066 1999 4139 ταύτην
2029 4066 2097 4121 ἂν

515 4150 627 4207 εἷεν
656 4151 976 4220 λογίσασθαι
1000 4151 1099 4222 τὴν
1127 4151 1398 4221 πήρωσιν.
1425 4151 1595 4205 Ὅταν
1616 4148 1725 4219 γὰρ
1757 4153 1857 4221 τῆς
1889 4150 2092 4204 εἰσόδου

516 4236 680 4289 πᾶσιν
705 4233 1077 4305 ἀνεῳγμένης,
1114 4234 1206 4286 καὶ
1234 4232 1460 4303 μηδενὸς
1476 4231 1571 4287 τοῦ
1603 4231 1904 4295 κωλύοντος
1922 4231 2092 4295 ὄντος,

513 4314 967 4380 ἐθελοκακοῦντές
999 4332 1145 4379 τινες
1190 4314 1296 4381 ἔξω
1331 4314 1557 4385 μένωσι,
1592 4316 1721 4386 παρ’
1749 4313 1937 4367 οὐδένα
1980 4312 2097 4367 ἐτε-

514 4418 628 4472 ρον,
665 4400 841 4469 ἀλλ’ἢ
884 4397 1034 4467 παρά
1058 4398 1158 4467 τὴν
1198 4398 1406 4450 οἰκείαν
1455 4397 1719 4467 πονηρίαν
1764 4396 2092 4451 ἀπόλλυνται

516 4483 699 4552 μόνον.
736 4483 833 4534 Ἐν
870 4478 949 4543 τῷ
987 4480 1192 4547 κόσμῳ
1216 4474 1314 4548 ἦν·
1350 4478 1463 4531 ἀλλ’
1495 4480 1593 4548 οὐχ
1622 4479 1696 4540 ὡς
1730 4478 1825 4531 τοῦ
1881 4478 2087 4548 κόσμου

514 4565 832 4635 σύγχρονος,
871 4562 1073 4629 ἄπαγε.
1110 4560 1210 4613 Διά
1250 4560 1360 4630 γὰρ
1388 4559 1546 4613 τοῦτο
1588 4561 1858 4629 ἐπήγαγε·
1906 4560 2018 4613 Kal
2057 4564 2091 4615 ό

512 4648 743 4715 κόσμος
781 4644 856 4698 δι’
907 4642 1092 4697 αὑτοῦ
1138 4640 1403 4712 ἐγένετο·
1459 4643 1547 4696 διὰ
1579 4642 1769 4695 τούτου
1816 4659 1876 4695 σε
1931 4643 2092 4697 πάλιν

511 4730 730 4797 ἀνάγων
760 4726 852 4781 ἐπὶ
885 4723 984 4797 τὴν
1013 4725 1337 4796 προαιώνιον
1365 4725 1596 4797 ὓπαρξιν
1620 4724 1712 4778 τοῦ
1736 4723 2088 4792 Μονογενοῦς.

524 4813 585 4867 ’0
618 4826 726 4882 γαρ
755 4808 992 4872 ἀκούσας
1036 4810 1119 4862 ὅτι
1150 4807 1310 4879 ἔργον
1352 4808 1517 4862 αὐτοῦ
1559 4807 1677 4861 τόδε
1721 4808 1783 4861 τὸ
1827 4811 1956 4875 πᾶν,
1988 4808 2093 4862 κᾶν

513 4895 718 4966 σφόδρα
740 4892 1069 4964 ἀναίσθητος
1095 4886 1152 4964 ᾖ,
1184 4890 1285 4944 κᾶν
1312 4890 1524 4961 ἐχθρὸς,
1572 4889 1673 4943 κᾶν
1702 4889 1958 4961 πολέμιος
1989 4890 2091 4960 τῆς

510 4980 667 5047 δόξης
694 4976 789 5031 τοῦ
828 4975 985 5041 Θεοῦ,
1031 4975 1249 5035 πάντως
1291 4975 1385 5025 καί
1429 4972 1570 5025 ἑκὼν
1608 4974 1700 5025 καὶ
1738 4974 1886 5027 ἀκων
1923 4975 2092 5042 ἀναγ-

511 5061 843 5132 κασθήσεται
874 5059 981 5129 πρὸ
1006 5058 1116 5112 τῶν
1144 5056 1322 5128 ἔργων
1346 5054 1678 5125 ὁμολογῆσαι
1706 5056 1798 5109 τὸν
1830 5058 2085 5129 Ποιητήν.

514 5143 676 5196 Ὅθεν
709 5160 798 5214 μοι
827 5142 921 5197 καὶ
952 5139 1252 5211 θαυμάζειν
1286 5137 1494 5190 ἔπεισιν
1524 5139 1611 5190 ἀεὶ
1635 5137 1733 5208 τὴν
1763 5140 1975 5193 Παύλου
1997 5139 2089 5194 τοῦ

511 5225 873 5295 Σαμοσατέως
914 5225 1131 5295 μανίαν,
1167 5220 1285 5284 πῶς
1336 5220 1472 5288 πρὸς
1522 5221 1621 5291 τὴν
1663 5222 1803 5275 οὕτω
1852 5223 2092 5297 φανερὰν

509 5307 768 5380 ἀλήθειαν
808 5306 1122 5375 ἀντιϐλέψαι
1148 5303 1436 5374 ἐτόλμησε,
1464 5305 1557 5357 καὶ
1577 5306 1717 5359 ἐκών
1742 5307 1930 5360 ἐαυτὸν
1967 5324 2091 5361 κατ-

509 5392 861 5463 εκρήμνισεν.
890 5388 1024 5441 Οὐδὲ
1051 5387 1160 5456 γάρ
1183 5384 1412 5455 ἀγνοῶν.
1435 5385 1571 5440 ἀλλά
1598 5388 1691 5440 καὶ
1712 5389 1912 5458 σφόδρα
1937 5389 2091 5454 εἰδὼς

510 5474 790 5545 ήμάρτανε
822 5481 870 5535 ε,
903 5470 1100 5523 ταύτὸν
1132 5468 1317 5522 παθὼν
1344 5470 1459 5533 τοῖς
1494 5469 1792 5534 Ἰουδαίοις.
1826 5472 2091 5543 Καθάπερ

510 5556 619 5627 γὰρ
640 5556 835 5609 ἐκεῖνοι
859 5551 994 5625 πρὸς
1023 5550 1344 5623 ἀνθρώπους
1362 5551 1616 5623 ὁρῶντες,
1642 5552 1703 5606 τὸ
1728 5555 1825 5623 τῆς
1860 5554 2092 5619 πίστεως

572 5725 596 5751 ⁸·
622 5718 773 5768 Savil.
802 5720 857 5764 et
878 5716 1016 5765 codd.
1039 5714 1133 5765 705
1159 5721 1213 5763 et
1233 5712 1325 5762 706
1344 5713 1479 5762 οὐδὲν
1498 5715 1688 5765 κωλύει.
1717 5716 1835 5764 Mor.
1862 5723 1910 5763 Pl
1936 5718 2090 5765 mullo

507 5781 676 5879 rlut'cs
697 5779 831 5827 οῦδὲν
856 5779 944 5840 γάρ
969 5777 1158 5825 κωλύει.
1188 5775 1277 5825 Ubi
1299 5774 1420 5823 illud
1440 5775 1527 5839 γάρ
1548 5778 1605 5824 ad
1627 5777 1820 5826 titulum
1835 5777 2075 5849 χρίσεων.

557 5843 637 5879 Rm
659 5842 767 5879 Snv,
798 5845 851 5879 et
874 5850 1043 5879 omnes
1065 5850 1192 5879 nene
1214 5848 1332 5879 mss-
1375 5834 1492 5879 Mor.
1543 5849 1661 5879 vom
1698 5839 1783 5879 οὐκ
1824 5840 2071 5879 κθεὴπηαν

557 5843 638 5890 Sic
659 5842 769 5889 Sav.
798 5834 1043 5899 et'ofnnes
1065 5850 1192 5899 pene
1214 5848 1332 5885 mss.
1375 5834 1513 5899 Mor,’
1543 5849 1661 5885 vero
1698 5839 1783 5886 οὐκ
1824 5840 2072 5897 ἠθέλησαν.

513 5905 536 5935 ⁸
559 5902 728 5953 Morel.
756 5894 999 5963 ἐξήμαρτε.
1027 5894 1138 5950 εἰν.
1163 5905 1216 5949 et
1237 5909 1352 5946 mss.
1386 5896 1642 5954 ἡαάοτανε.

2205 2002 2529 2075 προῦδωκαν
2563 2003 2735 2072 ύγιές,
2766 2002 2965 2065 εἰδότες
2997 2003 3094 2072 μὲν
3118 2001 3200 2052 ὅτι
3232 1997 3393 2060 αὑτός
3441 1996 3587 2050 ἐστιν
3628 1995 3657 2049 ό
3687 2011 3784 2065 μο-

2203 2087 2428 2157 νογενὴς
2457 2085 2485 2126 ἀ
2525 2086 2655 2150 Υίδς
2687 2085 2782 2139 τοῦ
2823 2083 2982 2149 Θεοῦ,
3012 2083 3099 2137 διά
3137 2082 3194 2135 δέ
3226 2081 3350 2144 τοὺς
3384 2079 3650 2150 ἄρχοντας
3684 2079 3783 2147 οὐχ

2203 2168 2320 2241 [491
2354 2170 2763 2241 ὁμολογοῦντες,
2795 2170 2882 2222 ῐνα
2930 2168 3004 2239 μὴ
3036 2161 3744 2232 ἀποσυνάγωγοιγένωνται
3763 2175 3778 2189 ·

2201 2253 2343 2306 οῦτω
2374 2252 2466 2307 καὶ
2495 2252 2684 2307 τοῦτον
2729 2251 2948 2319 γυναικί
2989 2267 3094 2304 τινι
3133 2245 3514 2319 χαριζόμενον,
3547 2243 3647 2316 τὴν
3677 2260 3781 2296 σω-

2201 2336 2397 2406 τηρίαν
2442 2336 2606 2405 φασὶν
2648 2333 2945 2388 ἀποδόσθαι
2995 2332 3095 2403 τὴν
3138 2328 3354 2383 ἐαυτοῦ.
3409 2326 3591 2380 Δεινὺν
3648 2326 3779 2395 γάρ,

2200 2416 2369 2480 ὅντως
2398 2418 2568 2471 δεινὸν
2607 2418 2707 2486 τῆς
2753 2414 3059 2480 κενοδοξίας
3098 2414 3131 2482 ή
3158 2410 3432 2483 τυραννὶς,
3468 2409 3561 2462 καὶ
3601 2406 3781 2476 σοφῶν

2200 2500 2511 2570 ὀφθαλμοὺς
2549 2499 2847 2568 ἐκτυφλοῦν
2885 2498 3086 2561 ἰκανὸν,
3127 2497 3254 2550 ὅταν
3303 2495 3379 2565 μὴ
3408 2497 3670 2564 νήφωσιν.
3716 2492 3778 2544 Εἰ

2200 2583 2311 2655 γὰρ
2356 2586 2389 2656 ή
2438 2584 2738 2656 δωροδοκία
2787 2581 2946 2649 τοῦτο
2999 2579 3196 2649 ἰσχύει,
3235 2577 3447 2648 πολλλῷ
3487 2575 3688 2648 μᾶλλον
3719 2574 3780 2627 τδ

2199 2667 2403 2737 ταύτης
2446 2667 2747 2738 βιαιότερον
2802 2665 2994 2728 πάθος.
3036 2663 3135 2717 Διά
3166 2663 3325 2716 τοῦτο
3367 2661 3461 2715 καὶ
3508 2656 3777 2719 Ἰουδαίοις

2201 2748 2384 2817 ἔλεγεν
2416 2752 2444 2799 ὁ
2478 2750 2743 2821 Χριστός*
2779 2748 2913 2814 Πῶς
2937 2748 3201 2801 δύνασθε
3232 2744 3561 2805 πιστεύειν,
3592 2740 3779 2803 δόξαν

2200 2832 2358 2899 παρὰ
2381 2831 2707 2899 ἀνθρώπων
2726 2829 3156 2900 λαμϐάνοντες,
3188 2827 3285 2880 καί
3309 2825 3424 2893 τὴν
3450 2825 3639 2889 δόξαν
3665 2821 3779 2887 τὴν

2201 2913 2361 2981 παρὰ
2396 2913 2503 2967 τοῦ
2541 2914 2734 2981 μόνου
2788 2911 2935 2967 Θεοῦ
2979 2914 3049 2965 ού
3087 2908 3434 2978 ζητοῦντες-ς
3462 2907 3574 2962 Kal
3610 2908 3643 2960 ό
3677 2905 3779 2957 m5-

2201 3009 2358 3065 σμος
2388 2995 2576 3049 αὐτὸν
2612 2997 2725 3048 οὐκ
2767 2995 2939 3065 ἔγνω.
2977 2992 3241 3047 Ἐνταῦθα
3291 2991 3497 3061 κόσμον
3533 2987 3600 3042 τὸ
3645 2986 3779 3057 πλῆ-

2200 3077 2293 3141 θός
2323 3094 2477 3149 φησι,
2505 3076 2565 3131 τὸ
2600 3077 2991 3149 διεφθαρμένον
3021 3076 3116 3130 καὶ
3160 3078 3272 3138 τοῖς
3310 3075 3519 3144 γηῖνοις
3548 3087 3773 3142 προστε-

2198 3162 2367 3233 τηκὸς
2404 3160 2714 3232 πράγμασι,
2755 3160 2846 3213 τὸν
2896 3160 3133 3232 χυδαῖον,
3181 3159 3277 3212 καὶ
3318 3154 3631 3228 ταραχώδη.
3682 3154 3778 3207 καὶ

2200 3245 2424 3316 ἀνόητον
2461 3243 2609 3300 λαόν.
2653 3244 2741 3306 Ὠς
2772 3243 2829 3296 οἵ
2855 3260 2919 3312 γε
2958 3242 3053 3296 τοῦ
3094 3241 3228 3295 Θεοῦ
3259 3241 3402 3309 φίλοι
3436 3239 3531 3293 καὶ
3564 3237 3777 3307 θαυμα-

2200 3329 2317 3381 στοὶ
2354 3327 2554 3390 πάντες
2582 3326 2744 3381 αὐτὸν
2772 3326 3089 3394 ἐπέγνωσαν
3122 3324 3216 3379 καὶ
3250 3324 3357 3394 πρὸ
3381 3327 3480 3395 τῆς
3507 3322 3777 3393 ἐνσάρκου

2198 3409 2518 3480 παρουσίας.
2547 3409 2657 3462 Καὶ
2697 3410 2826 3480 περί
2868 3409 2965 3479 μέν
2997 3406 3093 3461 τοῦ
3122 3406 3460 3480 πατριάρχου
3486 3406 3580 3459 καὶ
3612 3404 3777 3468 αὐτὸς

2194 3494 2463 3563 ὀνομαστί
2514 3508 2679 3562 φησιν
2722 3494 2751 3545 ὀ
2795 3492 3051 3562 Χριστὸς,
3088 3492 3171 3544 δτι
3210 3491 3454 3559 Ἀϐραὰμ
3487 3493 3520 3543 ό
3579 3488 3780 3555 πατὴρ

2198 3576 2364 3645 ὑμῶν
2380 3572 2812 3644 ἠγαλλιάσατο,
2832 3574 2933 3627 ἵνα
2961 3572 3056 3641 ίδῃ
3081 3573 3197 3641 τὴν
3221 3572 3447 3642 ἡμέραν
3467 3572 3582 3638 τὴν
3601 3569 3772 3639 ἐμήν·

2198 3658 2296 3713 καί
2324 3654 2467 3720 εἶδε,
2499 3656 2599 3710 καὶ
2644 3655 2849 3726 ἐχάρη.
2892 3655 3003 3709 Καὶ
3040 3656 3166 3726 περί⁵
3202 3655 3297 3708 τοῦ
3340 3654 3501 3708 Δαυῒδ
3543 3654 3599 3706 δὲ
3644 3654 3775 3706 Ἰου-

2197 3741 2378 3803 δαίους
2400 3740 2637 3810 ἐλέγχων
2663 3720 2837 3804 ἐλεγέ·
2867 3737 3000 3804 Πῶς
3028 3720 3142 3793 ὀῦν
3170 3737 3355 3793 Δαυῒδ
3381 3739 3451 3791 ἐν
3480 3737 3775 3805 Πνεύματι

2198 3825 2417 3892 Κύριον
2465 3822 2654 3877 αὐτὸν
2692 3821 2874 3876 καλεῖ
2898 3822 3116 3889 λέγων·
3150 3816 3338 3875 Εἶπεν
3377 3824 3409 3874 ὀ
3456 3820 3669 3887 Κύριος
3695 3817 3776 3883 τῷ

2196 3905 2394 3972 Κυρίῳ
2421 3920 2565 3973 μου·
2596 3902 2794 3958 Κάθου
2826 3904 2893 3957 ἐκ
2923 3902 3137 3966 δεξιῶν
3158 3918 3318 3973 μου;
3364 3902 3475 3956 Καὶ
3506 3900 3774 3971 πολλαχοῦ

2197 3988 2335 4060 πρὸς
2364 3986 2602 4049 ἐκείνους
2643 3986 2929 4056 ἱστάμενος
2962 3986 3242 4048 Μωῦσέως
3297 3984 3591 4056 μέμνηται’
3646 3982 3774 4055 περί

2195 4069 2253 4122 δὲ
2283 4068 2395 4122 τῶν
2423 4066 2625 4122 λοιπῶν
2659 4067 2953 4138 προφητῶν
2979 4070 3007 4121 ὁ
3047 4068 3386 4129 Ἀπόστολος.
3414 4067 3629 4129 Πάντας
3666 4066 3774 4134 γάρ

2194 4152 2322 4215 τοὺς
2350 4152 2633 4222 προφήτας
2658 4149 2767 4203 ἀπὸ
2809 4149 3060 4221 Σαμουὴλ
3086 4150 3382 4218 ἐγνωκέναι
3417 4151 3580 4219 φησὶν
3609 4151 3638 4202 ό
3669 4148 3772 4202 Πέ-

2194 4250 2322 4305 τρος
2342 4232 2525 4295 αὑτὸν,
2549 4232 2645 4288 καὶ
2673 4231 2771 4302 τὴν
2796 4233 3097 4304 παρουσίαν
3135 4232 3301 4287 αὐτοῦ
3328 4231 3609 4304 πόρρωθεν
3645 4247 3772 4301 προ-

2202 4318 2506 4386 αναφωνεῖν
2527 4355 2541 4380 ,
2575 4314 2717 4369 οὕτω
2742 4315 2913 4385 λέγων
2932 4333 2946 4346 ο
2980 4316 3091 4369 Kal
3126 4314 3349 4380 πάντες
3385 4318 3438 4369 οἱ
3477 4313 3773 4383 προφῆται

2193 4398 2314 4451 ἀπὸ
2343 4397 2628 4467 Σαμουὴλ
2679 4397 2777 4451 καὶ
2823 4398 2944 4451 τῶν
2983 4396 3243 4466 καθεξῆς
3272 4397 3404 4451 ὅσοι
3433 4396 3769 4462 ἐλάλησαν,

2197 4481 2295 4534 καὶ
2320 4481 2719 4549 κατήγγειλαν
2755 4481 2858 4546 τὰς
2884 4479 3107 4550 ἡμέρας
3127 4482 3360 4543 ταύτας.
3395 4479 3485 4548 Τῷ
3506 4480 3562 4532 δὲ
3579 4478 3770 4532 Ἰακὼϐ

2191 4562 2287 4615 καὶ
2311 4560 2388 4631 τῷ
2422 4561 2591 4631 πατρὶ⁵
2619 4560 2698 4631 τῷ
2722 4560 2930 4627 τούτου,
2964 4561 3153 4631 ῶσπερ
3180 4557 3272 4614 οὖν
3310 4562 3403 4614 καί
3429 4561 3506 4627 τῷ
3540 4562 3765 4628 πάππῳ,

2192 4644 2286 4696 καὶ
2334 4644 2504 4714 ἐφάνη
2534 4644 2624 4697 καὶ
2652 4643 2916 4716 διελέχθη,
2944 4646 3033 4698 καὶ
3082 4643 3249 4698 πολλά
3296 4644 3389 4698 καὶ
3426 4644 3634 4715 μεγάλα
3671 4645 3772 4697 ὺπ-

2195 4728 2385 4797 έσχετο
2412 4726 2604 4781 δώσειν
2656 4728 2855 4795 ἀγαθὰ,
2897 4730 3040 4798 ἀπερ
3085 4725 3177 4782 οὖν
3221 4730 3314 4783 καὶ
3352 4732 3433 4791 εἰς
3479 4729 3637 4800 ἔργον
3687 4729 3770 4794 ἐξ·

2191 4811 2410 4881 ήνεγκε.
2444 4812 2567 4876 Πῶς
2599 4808 2711 4873 (οὖν,
2749 4813 2932 4883 φησὶν,
2964 4812 3125 4876 αὐτὸς
3149 4812 3331 4882 ἔλεγε·
3366 4813 3586 4867 Πολλοί
3627 4828 3771 4880 προ-

2196 4891 2378 4962 φῆται
2431 4894 2821 4961 ἐπεθύμησαν
2868 4894 3017 4948 ίδεῖν
3068 4894 3108 4948 d
3164 4895 3448 4960 βλέπετε,
3503 4893 3604 4947 καί
3657 4895 3768 4947 οὐκ

2190 4971 2373 5041 εἶδον,
2400 4975 2499 5031 καί
2535 4976 2792 5031 ἀκοῦσαι
2817 4974 2856 5029 d
2882 4976 3149 5041 ἀκούετε,
3178 4977 3276 5031 καὶ
3313 4980 3424 5032 οὐκ
3463 4976 3771 5044 ἤκουσαν;

2190 5053 2339 5129 Ἀρα
2371 5057 2481 5129 γάρ
2509 5059 2571 5111 οὐ
2605 5058 2865 5127 μετέσχον
2902 5058 3001 5128 τῆς
3043 5058 3295 5127 γνώσεως
3339 5061 3437 5129 τῆς
3469 5061 3548 5120 εἰς
3574 5057 3765 5119 αύτόνς

2192 5142 2339 5196 Πάνυ
2367 5142 2467 5212 μὲν
2494 5136 2606 5194 οὖν’
2640 5139 2909 5195 καὶτοῦτο
2933 5141 3028 5194 καὶ
3053 5142 3161 5195 ἀπὸ
3187 5142 3286 5213 τῆς
3312 5143 3521 5212 ῥήσεως
3544 5139 3767 5210 ταύτης,

2192 5223 2285 5293 ἀφ’
2317 5220 2385 5296 ἦς
2410 5222 2688 5294 νομίζουσί
2715 5239 2859 5286 τινες
2886 5222 3084 5286 αὐτοὺς
3116 5222 3543 5293 ἀπεστερῆσθαι.
3577 5220 3772 5289 πειρά-

2192 5324 2356 5377 σομαι
2388 5306 2611 5375 ποιῆσαι
2646 5306 2895 5375 φανερόν.
2923 5304 3148 5358 Πολλοί
3173 5303 3302 5375 7&9,
3333 5304 3517 5374 φησὶν,
3556 5304 3770 5358 ἐπεθύ-

2185 5405 2395 5459 μησαν
2424 5388 2571 5441 ἰδεῖν
2593 5386 2631 5441 ἅ
2652 5386 2935 5451 βλέπετε.
2959 5387 3120 5440 Ὥστε
3153 5387 3351 5457 ᾔδεσαν
3380 5385 3543 5439 αὐτὸν
3570 5386 3767 5455 ήξοντα

2192 5474 2272 5534 εἰς
2300 5469 2617 5540 ἀνθρώπους
2650 5479 2697 5531 ο,
2728 5470 2821 5522 καὶ
2857 5469 3298 5539 οίκονομήσοντα,
3328 5468 3470 5537 άπερ
3503 5467 3597 5519 καὶ
3624 5466 3767 5536 ᾠκο-

2191 5554 2448 5623 νόμησεν.
2491 5552 2566 5605 Οὐ
2614 5549 2721 5620 7&9
2758 5548 2845 5616 ἂν,
2896 5551 2944 5602 εἰ
2999 5551 3072 5620 μὴ
3126 5549 3343 5621 ᾔδεσαν,
3391 5548 3762 5619 ἐπεθύμησαν.

2244 5780 2269 5818 ἀ
2297 5781 2430 5830 L'nus
2454 5782 2479 5829 ὁ
2499 5780 2750 5842 μονογενής
2781 5779 2933 5842 male._
2998 5791 3019 5818 ο
3044 5778 3124 5827 Sic
3150 5778 3253 5842 Mal}
3293 5778 3403 5842 Sag.
3426 5775 3765 5842 ἐκτῶν-ούρα-

2182 5843 2294 5891 νῶν.
2329 5843 2480 5890 Savil.
2502 5838 2561 5890 'in
2597 5838 2726 5889 uatis
2758 5839 3019 5902 legendum
3053 5845 3190 5899 putat
3228 5840 3281 5887 ἐκ
3310 5838 3418 5885 τῶν
3439 5838 3649 5887 οὐρανῶν
3700 5838 3764 5890 είς

2184 5904 2468 5965 ἀνθρώπους.
