4370 6306
155 58 2089 149 -ρἉ-ᾺΗ

424 418 492 473 65
1502 401 1570 458 IN
1606 398 1920 457 JOANNEM
1958 398 2189 458 HOMIL.
2231 399 2366 457 Vlll.
2408 400 2481 456 al.
2522 400 2632 458 Vll.
3615 425 3685 481 66

422 535 510 591 ιδ,
558 524 714 598 26)τ
768 534 822 579 et
877 536 1095 587 rursus,
1141 519 1325 583 Dixi',
1393 515 1678 585 Conﬁtebor
1737 515 2000 570 aduersum

420 636 499 675 me
516 617 817 688 injustitiam
858 629 1020 669 meam
1070 610 1285 665 Domino
1309 649 1324 673 ,
1369 617 1416 663 et
1460 618 1516 661 tu
1559 608 1793 662 remisisti
1821 609 2001 678 impie-

415 720 563 763 tatem
583 707 754 762 cordis
777 706 874 759 mei
908 702 1091 775 (Psal.
1136 703 1226 757 3i.
1270 699 1360 770 5).
1413 698 1597 769 Neque
1628 699 1770 754 enim
1813 714 1999 769 parum

414 802 571 857 nobis
626 799 835 854 confert
885 796 951 852 ad
1013 794 1355 850 minuendam
1420 800 1757 862 peccatorum
1802 791 1998 847 molem

414 891 672 961 frequens
700 903 883 944 eorum
920 886 1176 941 memoria
1221 894 1276 940 et
1320 882 1609 938 accusatio.
1661 882 1756 936 Est
1801 891 1855 936 et
1895 881 1997 936 alia

415 982 687 1038 el‘licacior
729 980 850 1044 via,
907 977 951 1033 si
992 977 1192 1033 nemini
1238 991 1464 1039 eorum,
1512 974 1600 1045 qui
1645 974 1698 1027 in
1748 988 1846 1027 nos
1874 988 1999 1043 pec-

418 1068 1188 1134 carunt,succenseamus;si
1210 1066 1458 1121 omnibus
1508 1066 1607 1128 iis,
1661 1064 1750 1135 qui
1798 1063 1850 1118 in
1903 1079 2000 1120 nos

417 1162 785 1232 deliquerunt,
829 1160 1020 1214 delicta
1045 1157 1427 1212 condonemus.
1461 1155 1553 1210 Vis
1576 1164 1629 1210 et
1659 1154 1864 1209 tertiam
1884 1153 2001 1209 edi-

416 1268 567 1308 scere
608 1252 782 1306 viam?
822 1250 962 1305 Audi
1007 1248 1278 1303 Danielem
1321 1246 1586 1301 dicentem
1619 1262 1632 1297 :
1670 1244 1999 1310 Quamobrem

416 1352 620 1413 peccata
641 1353 729 1395 tua
749 1341 1073 1411 elecmosynis
1097 1340 1307 1404 redime,
1336 1348 1384 1392 et
1405 1337 1689 1402 iniquitates
1718 1345 1829 1389 tuas
1852 1336 1999 1390 mise-

412 1433 640 1487 ricordia
667 1449 787 1502 erga
818 1446 1065 1501 pauperes
1105 1429 1285 1501 (Dan.
1337 1428 1392 1483 ι.
1435 1428 1507 1481 24
1529 1426 1570 1497 ).
1622 1425 1716 1481 Est
1752 1436 1808 1480 et
1853 1426 1951 1479 alia
1977 1466 1993 1491 ,

413 1540 610 1595 nempe
634 1526 934 1579 orationum
964 1523 1278 1592 frequentia,
1302 1529 1358 1575 et
1387 1520 1439 1573 in
1469 1516 1716 1588 precibus
1734 1517 1801 1572 ad
1825 1517 1993 1571 Deum

410 1619 622 1673 emissis
668 1618 1084 1687 perseverantia.
1116 1615 1284 1670 All'ert
1308 1615 1468 1668 etiam
1494 1610 1647 1666 nobis
1675 1609 1997 1665 consolatio.

408 1724 534 1767 nem
565 1727 668 1765 non
692 1709 955 1763 modicam
980 1717 1035 1764 et
1062 1706 1431 1763 remissionem
1471 1710 1811 1773 peccatorum
1853 1700 1995 1770 jeju-

410 1803 586 1866 nium,
617 1802 829 1871 quando
879 1816 999 1855 cum
1051 1798 1377 1868 benignitate
1424 1810 1546 1864 erga
1597 1794 1730 1847 alios
1769 1789 1993 1860 conjun—

404 1904 551 1947 ctnm
589 1906 708 1960 est,
755 1903 916 1962 atque
967 1892 1060 1946 iraa
1107 1890 1199 1945 Dei
1248 1888 1636 1945 vehementiam
1685 1884 1991 1955 exstinguit.

471 2002 492 2033 ³
527 2001 653 2062 Vox,
673 1999 800 2061 dixi,
817 2003 964 2052 deest
985 2002 1034 2051 in
1051 1998 1195 2050 savii.

1245 2099 1521 2110 -α

1526 2094 3053 2119 W

2110 514 2291 587 Ignem
2323 518 2480 574 enim
2518 521 2864 591 flammantem
2909 537 3043 593 aqua
3088 524 3400 596 exstinguet,
3453 532 3502 580 et
3559 530 3690 582 etce-

2107 609 2334 679 mosynis
2359 620 2567 680 peccata
2592 620 2876 684 purgantur
2904 613 3100 684 (Eccli.
3131 615 3187 671 3.
3220 615 3290 672 ω
3383 616 3438 671 lu
3462 616 3544 673 bis
3563 632 3691 689 ergo

2107 699 2209 752 viis
2234 700 2491 756 omnibus
2510 701 2838 771 gradiantur.
2861 704 2917 760 Si
2941 705 3085 760 enim
3125 706 3178 761 in
3217 707 3284 762 iis
3320 722 3541 778 semper
3572 724 3692 763 ver-

2106 803 2308 854 semur,
2332 790 2377 845 si
2405 791 2458 845 in
2476 791 2540 847 iis
2567 806 2727 849 omne
2752 794 2991 850 studium
3018 798 3372 864 insumamus,
3402 814 3507 853 non
3530 798 3689 853 modo

2108 880 2377 949 praeterita
2400 890 2618 951 peccata
2639 883 2940 952 abluemus,
2971 886 3067 942 sed
3096 888 3257 943 etiam
3287 888 3341 944 in
3366 886 3549 944 futuro
3570 903 3686 943 ma-

2104 969 2247 1024 xima
2276 970 2622 1028 lucrabimur.
2650 972 2833 1045 Neque
2856 975 2999 1031 enim
3037 976 3252 1032 diabolo
3278 978 3451 1034 locum
3498 978 3690 1034 oﬂ‘ere-

2103 1075 2224 1115 mus
2251 1076 2351 1116 nos
2381 1062 2689 1130 invadendi,
2718 1081 2892 1136 neque
2914 1066 2966 1121 in
2995 1068 3273 1137 segnitiem
3307 1070 3390 1125 rel
3413 1070 3466 1124 in
3509 1069 3689 1140 perni-

2103 1153 2313 1208 ciosam
2333 1154 2699 1211 curiositatem
2728 1157 3047 1213 incidemus.
3079 1158 3181 1214 Per
3212 1159 3328 1214 hmc
3351 1160 3496 1214 enim
3524 1168 3685 1231 atque

2101 1243 2205 1298 alia
2231 1287 2248 1310 ,
2287 1244 2503 1301 insanas
2531 1245 2650 1303 illas
2694 1249 3055 1317 quaestiones,
3104 1250 3395 1321 noxiasque
3445 1249 3684 1321 disputa-

2103 1333 2279 1389 tiones
2308 1334 2541 1402 inducit,
2583 1336 2727 1406 quod
2752 1340 2955 1395 otiosos
2997 1338 3320 1410 desidesque
3363 1339 3582 1408 videat,
3630 1353 3685 1398 et

2103 1424 2301 1479 nullam
2326 1426 2452 1481 vitae
2478 1428 2660 1497 probae
2685 1443 2868 1484 curam
2898 1441 3169 1501 gerentes.
3194 1432 3263 1488 At
3291 1446 3388 1487 nos
3409 1432 3555 1490 hunc
3605 1434 3680 1489 illi

2102 1515 2307 1570 aditum
2330 1516 2693 1585 obstruamus,
2712 1521 3013 1591 vigilemus,
3041 1524 3204 1579 sobrii
3233 1524 3421 1592 simus,
3454 1535 3511 1580 ut
3536 1537 3682 1597 post-

2101 1619 2258 1674 quam
2288 1605 2390 1662 hoc
2431 1607 2578 1665 brevi
2625 1619 2866 1681 tempore
2909 1614 3177 1669 modicum
3223 1615 3677 1683 laboraverimus,

2101 1695 2491 1753 immortalibus
2516 1714 2612 1769 per
2635 1700 2838 1757 inﬁnita
2862 1705 3059 1759 saecula
3081 1705 3318 1761 fruamur
3342 1706 3498 1763 bouis
3516 1749 3532 1774 ,
3559 1724 3682 1777 gra-

2102 1784 2173 1837 tia
2219 1793 2274 1839 et
2315 1786 2645 1857 benignitate
2692 1790 2902 1846 Domini
2952 1793 3122 1848 nostri
3159 1793 3288 1850 Jesu
3314 1795 3553 1863 Christi,
3582 1813 3681 1868 per

2099 1890 2258 1945 quem
2289 1887 2343 1932 et
2370 1894 2493 1934 cum
2525 1896 2632 1951 quo
2660 1882 2840 1951 Patri,
2866 1893 2920 1939 et
2941 1900 3043 1939 una
3078 1885 3299 1957 Spiritui
3340 1899 3526 1945 sancto
3561 1890 3678 1961 glo-

2098 1965 2175 2021 ria
2194 2006 2210 2032 ,
2244 1967 2297 2022 in
2321 1972 2516 2025 saecula
2543 1974 2884 2030 saeculorum.
2912 1976 3107 2033 Amen.

1747 2164 2075 2230 HOMILIA
2117 2169 2286 2235 VIII.

515 2306 651 2378 Εναῖ
668 2324 759 2376 lux
786 2337 902 2375 vera
922 2359 938 2384 ,
965 2334 1078 2390 qm:
1100 2316 1355 2371 illuminat
1392 2328 1588 2368 omnem
1628 2306 1880 2365 hominem

785 2415 1060 2467 uenientem
1087 2411 1140 2463 in
1170 2410 1303 2462 hunc
1330 2406 1595 2461 mundum.

472 2509 528 2562 1.
557 2507 786 2562 Christus
814 2520 959 2559 uerus
989 2502 1122 2557 Deus
1143 2512 1235 2555 est.
1279 2498 1402 2568 Ipse
1423 2539 1439 2566 ,
1466 2513 1581 2551 cum
1607 2496 1670 2550 sit
1696 2495 1788 2549 lux
1831 2508 1949 2546 uera
1969 2533 1985 2559 ,

400 2618 491 2655 cur
533 2616 636 2653 non
684 2614 854 2653 omnes
880 2595 1150 2649 illuminet.
1197 2591 1355 2645 Pauli
1401 2586 1717 2645 Samosateni
1764 2583 1984 2640 insania.

400 2692 587 2746 Inanis
609 2690 786 2761 gloria:
805 2689 1062 2759 tyrannis.
1093 2684 1317 2740 Mundus
1344 2684 1429 2753 qui
1452 2680 1705 2735 Christum
1750 2696 1851 2733 non
1898 2694 1987 2733 co-

401 2782 577 2852 gnovit
602 2822 617 2846 ,
646 2779 779 2847 quis.
809 2776 1083 2846 PrOpheta:
1129 2773 1380 2844 quomodo
1424 2770 1681 2825 Christum
1720 2776 1984 2823 nouerunt.

396 2900 469 2913 --
498 2870 646 2926 Nihil
670 2869 813 2925 enim
836 2866 1099 2938 prohibet,
1127 2866 1411 2936 quominus
1441 2862 1598 2918 hodie
1617 2860 1803 2917 eadem
1825 2858 1987 2935 verba

402 2959 793 3029 expendamus,
821 2958 941 3027 quia
965 2972 1133 3026 nuper
1166 2954 1477 3025 dogmatum
1510 2951 1773 3021 expositio
1812 2951 1984 3019 impe-

397 3052 643 3108 dimento
702 3050 832 3115 l‘nit,
874 3050 1157 3119 quominus
1200 3046 1376 3101 omnia
1428 3061 1548 3116 qua:
1592 3046 1730 3100 lecta
1775 3041 1985 3098 fuerant

397 3143 813 3212 explicaremus.
843 3138 944 3194 Ubi
969 3148 1092 3193 sunt
1132 3139 1289 3209 igitur
1319 3137 1421 3202 illi,
1449 3136 1538 3207 qui
1585 3135 1773 3190 dicunt
1809 3135 1980 3203 ipsum

396 3250 591 3290 verum
618 3234 784 3287 Deum
815 3247 920 3286 non
947 3230 1111 3286 esse?
1140 3229 1237 3284 ilic
1272 3229 1414 3284 enim
1446 3229 1537 3283 lux
1582 3242 1708 3281 vera
1751 3224 1984 3295 appella-

397 3339 525 3393 tur;
561 3326 687 3381 alibi
720 3339 849 3379 vero
878 3323 991 3393 ipsa
1021 3324 1239 3387 veritas,
1270 3322 1382 3392 ipsa
1408 3320 1536 3375 vita.
1575 3318 1768 3373 Verum
1808 3313 1937 3371 illud
1962 3355 1977 3380 ,

396 3436 515 3475 cum
535 3435 605 3475 eo
626 3418 1041 3487 pervenerimus,
1064 3420 1299 3485 apertius
1328 3413 1694 3484 indagabimus
1727 3429 1741 3466 :
1772 3410 1824 3465 in
1843 3426 1982 3480 prae-

395 3514 536 3568 senti
587 3522 763 3565 autem
813 3523 1032 3564 necesse
1075 3515 1157 3563 est
1193 3506 1245 3561 id
1285 3505 1498 3561 interim
1538 3504 1746 3559 caritati
1787 3510 1983 3557 vestrae

392 3616 704 3658 recensere.
732 3599 786 3655 Si
814 3599 1072 3653 illuminat
1111 3613 1326 3654 omnem
1362 3596 1633 3652 hominem
1678 3595 1980 3651 venientem

394 3693 448 3747 in
476 3691 627 3747 hunc
657 3689 910 3744 mundum
935 3729 952 3757 ,
980 3688 1249 3760 quomodo
1284 3696 1363 3742 tot
1386 3686 1631 3743 homines
1659 3702 1767 3741 non
1790 3685 1983 3740 illumi-

388 3783 506 3839 nati
537 3791 759 3837 manent
779 3781 803 3835 ?
822 3780 936 3836 Non
958 3781 1101 3836 enim
1123 3794 1312 3834 omnes
1339 3777 1540 3834 Christi
1584 3776 1787 3833 cultum
1816 3790 1983 3847 agno-

390 3884 573 3931 scunt.
606 3873 886 3942 Quomodo
926 3888 1053 3943 ergo
1095 3872 1358 3927 illuminat
1382 3884 1613 3925 'omnem
1665 3868 1981 3924 hominem?

391 3967 664 4034 Quantum
694 3966 746 4018 in
779 3963 896 4034 ipso
924 3975 1026 4019 est.
1067 3962 1124 4018 Si
1150 3962 1240 4031 qui
1266 3977 1393 4015 vero
1434 3968 1626 4030 sponte
1662 3973 1755 4013 sua
1787 3958 1980 4014 mentis

390 4056 584 4111 oculos
607 4054 939 4119 claudentes,
971 4053 1127 4123 hujus
1164 4052 1302 4107 lucis
1347 4051 1527 4106 radios
1571 4051 1847 4121 percipere
1875 4064 1975 4103 no-

393 4148 536 4214 lint,
589 4163 697 4202 non
741 4161 806 4200 ex
847 4154 1034 4200 natura
1078 4144 1212 4198 lucis
1261 4144 1440 4198 evenit
1487 4143 1626 4213 quod
1660 4142 1711 4196 in
1745 4139 1980 4196 tenebris

391 4248 683 4304 maneant,
722 4237 816 4293 sed
842 4253 908 4293 ex
936 4237 1170 4306 nequitia
1197 4250 1385 4290 eorum
1411 4235 1500 4304 qni
1543 4243 1732 4303 sponte
1774 4249 1833 4288 se
1877 4232 1980 4288 hoc

393 4331 610 4400 privant
638 4344 880 4383 munere.
909 4327 1091 4382 Gratia
1119 4327 1320 4396 quippe
1347 4325 1398 4378 in
1427 4340 1615 4379 omnes
1641 4324 1809 4378 elTusa
1856 4332 1978 4389 est;

392 4439 501 4477 non
529 4421 774 4477 Judaeum
803 4461 818 4486 ,
849 4435 953 4474 non
1003 4418 1248 4474 Graecum
1278 4457 1292 4481 ,
1343 4431 1449 4471 non
1502 4415 1788 4469 barbarum
1810 4454 1826 4480 ,
1871 4428 1979 4468 non

390 4514 672 4585 Scytham,
700 4527 806 4566 non
839 4510 1084 4576 liberum,
1110 4525 1215 4563 non
1253 4523 1488 4572 servum,
1517 4522 1623 4560 non
1652 4507 1845 4572 virum,
1875 4521 1979 4560 non

390 4608 701 4668 mulierem,
727 4619 833 4657 non
857 4618 1038 4656 senem
1061 4642 1077 4666 ,
1105 4616 1212 4655 non
1239 4600 1493 4671 juvenem
1526 4605 1803 4652 aversatur
1829 4613 1844 4661 ;
1885 4596 1980 4650 sed

390 4713 585 4750 attines
613 4696 861 4750 similiter
885 4695 1119 4749 admittit
1143 4734 1159 4760 ,
1199 4705 1254 4748 et
1278 4707 1399 4747 cum
1429 4691 1541 4761 pari
1569 4698 1726 4745 vocat
1756 4690 1978 4757 honore.

387 4788 489 4853 Qui
520 4802 651 4841 vero
679 4786 868 4840 nolunt
896 4783 998 4840 hoc
1022 4783 1123 4838 frui
1153 4783 1295 4838 dono
1318 4826 1332 4850 ,
1364 4782 1500 4837 hanc
1527 4781 1627 4836 sibi
1668 4779 1796 4849 ipsis
1823 4779 1980 4833 caeci-

389 4886 558 4931 tatem
591 4877 853 4945 imputent
878 4882 1112 4946 oportet.
1166 4874 1298 4928 Cum
1342 4873 1488 4927 enim
1536 4870 1681 4926 aditu
1733 4870 1982 4925 onmihus

387 4976 702 5037 patente,et
723 4981 755 5020 a
784 4966 996 5021 nemine
1022 4964 1333 5028 intercluso,
1361 4961 1573 5032 quidam
1597 4978 1659 5016 ex
1684 4960 1980 5014 voluntaria

388 5060 638 5129 nequitia
662 5069 810 5114 extra
843 5066 1085 5124 manent,
1112 5057 1147 5110 ii
1176 5071 1274 5111 suo
1293 5064 1491 5110 tantum
1507 5056 1635 5110 vitio
1658 5053 1982 5123 pereuntJn

387 5150 588 5203 mando
605 5158 712 5203 erat
742 5164 761 5202 :
788 5157 843 5201 at
870 5163 976 5203 non
1007 5158 1275 5217 tamquam
1304 5147 1502 5201 mundo
1522 5155 1826 5201 comtaneus
1850 5145 1983 5211 ;ab-

387 5242 477 5295 sit.
507 5241 638 5295 Ideo
664 5240 863 5306 intulit,
885 5238 949 5292 Et
978 5240 1196 5293 mundus
1221 5256 1308 5309 per
1332 5240 1497 5308 ipsum
1525 5243 1688 5307 factus
1707 5248 1778 5292 est
1799 5237 1981 5307 (Joan.

387 5331 440 5385 l.
476 5331 576 5399 10)
600 5347 617 5387 ;
643 5345 737 5398 per
766 5329 882 5383 haec
912 5345 1119 5384 rursum
1154 5338 1202 5382 te
1231 5328 1433 5383 inducit
1453 5327 1519 5381 ad
1546 5328 1687 5382 illam
1715 5328 1981 5398 Unigeniti

385 5434 515 5478 ante
542 5423 744 5478 saecula
771 5421 1154 5476 exsistentiam.
1186 5419 1315 5474 Nam
1341 5420 1429 5489 qui
1454 5419 1655 5473 audivit
1693 5420 1831 5473 hunc
1859 5419 1983 5472 uni-

387 5528 611 5567 versum
628 5510 882 5566 mundum
899 5510 1038 5564 illius
1054 5524 1171 5565 esse
1188 5523 1340 5579 Opus,
1359 5509 1567 5564 etiamsi
1591 5523 1748 5563 sensu
1769 5524 1986 5578 prorsus

386 5614 598 5667 careat,
620 5600 839 5657 etiamsi
864 5600 1110 5655 inimicus
1132 5610 1185 5654 et
1210 5599 1547 5655 adversarius
1570 5598 1752 5669 gloriae
1778 5600 1871 5655 Dei
1892 5600 1982 5667 sit,

387 5699 641 5747 attamen
672 5693 804 5745 velit
823 5689 955 5744 nolit
977 5729 993 5755 ,
1027 5687 1357 5745 conditorem
1393 5699 1519 5745 ante
1563 5689 1774 5760 opiﬁcia
1819 5689 1984 5746 fuisse

392 5781 653 5838 conﬁteri
679 5789 921 5853 cogetur.
957 5778 1313 5848 Quamobrem
1358 5780 1539 5836 mirari
1587 5795 1799 5852 semper
1844 5781 1985 5838 subit

2096 2310 2241 2367 Pauli
2268 2314 2596 2374 Samosateni
2624 2321 2885 2378 insaniam
2906 2364 2921 2388 ,
2954 2324 3225 2394 quomodo
3247 2334 3353 2382 tam
3380 2328 3673 2386 manifesta

2092 2406 2301 2459 veritati
2324 2407 2586 2466 obsistere
2614 2413 2861 2481 potuerit,
2879 2428 3104 2487 seseque
3133 2426 3323 2487 sponte
3346 2419 3668 2489 praecipitem

2093 2491 2317 2551 dederit.
2350 2497 2532 2568 Neque
2552 2501 2692 2556 enim
2721 2518 2787 2559 ex
2807 2504 3123 2575 ignorantia,
3154 2507 3248 2562 sed
3275 2509 3351 2564 rei
3382 2509 3668 2565 admodum

2093 2599 2292 2653 gnarus
2320 2590 2547 2654 erravit,
2582 2607 2689 2648 non
2720 2609 2879 2650 secus
2907 2610 2970 2651 ac
2995 2595 3187 2651 Judaei.
3212 2596 3671 2665 Quemadmodum

2092 2678 2234 2731 enim
2264 2679 2362 2746 illi,
2392 2691 2449 2736 ut
2469 2681 2777 2739 hominibus
2800 2697 3220 2754 assentarentur,
3255 2706 3438 2745 sanam
3487 2692 3670 2763 prodi-

2092 2765 2221 2823 dere
2250 2767 2438 2836 iidem,
2469 2773 2620 2842 gnari
2647 2775 2820 2845 ipsum
2847 2775 3188 2847 Uuigenitmn
3218 2779 3309 2834 Dei
3339 2795 3487 2846 esse,
3525 2783 3672 2851 prin-

2091 2858 2267 2928 cipum
2286 2876 2414 2917 vero
2439 2872 2583 2919 metu
2614 2865 2665 2920 id
2697 2882 2804 2923 non
2838 2869 3175 2935 confitentes.
3208 2887 3276 2926 ne
3304 2887 3369 2927 ex
3398 2888 3665 2945 synagoga

2092 2951 2414 3020 ejicerentur
2446 2970 2460 3008 :
2494 2955 2563 3010 ita
2594 2965 2649 3012 et
2675 2958 2823 3013 illum
2853 2959 2905 3014 in
2937 2961 3178 3017 mulieris
3213 2963 3511 3033 cujuspiam
3548 2980 3671 3035 gra-

2090 3043 2216 3098 tiam
2238 3084 2253 3109 ,
2306 3045 2533 3101 salutem
2581 3062 2731 3103 suam
2762 3051 3006 3121 inquiunt
3031 3051 3327 3121 prodidisse
3357 3051 3456 3126 (u).
3482 3054 3669 3111 Gravis

2089 3133 2232 3187 enim
2256 3175 2271 3202 ,
2300 3138 2476 3205 gravis
2497 3148 2643 3194 certe
2666 3148 2749 3195 est
2779 3141 2952 3198 inanis
2994 3144 3179 3214 gloria:
3222 3146 3460 3216 tyrannis
3479 3185 3494 3211 ,
3548 3162 3667 3217 qua:

2089 3230 2257 3296 possit
2277 3231 2435 3284 etiam
2467 3231 2785 3301 sapientium
2824 3235 3010 3291 oculos
3046 3252 3349 3303 excaecare,
3379 3237 3479 3293 nisi
3522 3239 3657 3310 vigi-

2089 3319 2221 3376 lcnt.
2248 3321 2380 3377 Nam
2408 3324 2456 3379 si
2484 3339 2703 3380 munera
2749 3325 2802 3381 id
2849 3338 3107 3397 possunt,
3162 3328 3331 3384 multo
3373 3330 3541 3401 magis
3583 3328 3668 3386 hic

2086 3411 2309 3469 affectus
2358 3414 2517 3487 longe
2581 3417 2884 3473 violentior.
2950 3419 3152 3476 Idcirco
3201 3420 3402 3476 ludatis
3456 3421 3668 3478 dicebat

2085 3501 2372 3559 Christus:
2403 3507 2666 3572 Quomodo
2696 3509 2903 3578 potestis
2933 3510 3170 3576 credere,
3203 3511 3290 3580 qui
3341 3512 3556 3582 gloriam
3604 3514 3666 3568 ab

2087 3594 2373 3651 hominibus
2398 3598 2628 3667 accipitis
2650 3639 2667 3664 ,
2698 3609 2746 3654 et
2770 3600 2986 3667 gloriam
3006 3641 3022 3666 ,
3051 3615 3165 3670 qua:
3191 3616 3223 3653 a
3250 3601 3360 3655 solo
3399 3599 3511 3655 Deo
3549 3612 3620 3656 est
3646 3642 3663 3669 ,

2084 3703 2188 3741 non
2210 3687 2433 3759 queritis
2464 3687 2658 3757 (Joan.
2684 3688 2738 3743 5.
2772 3687 2876 3760 44)
2899 3691 2923 3742 ?
2948 3688 3038 3745 10.
3067 3688 3133 3742 Et
3159 3690 3373 3744 mundus
3418 3706 3532 3744 eum
3562 3708 3664 3746 non

2084 3778 2331 3847 cognovit.
2386 3778 2484 3833 llic
2535 3779 2792 3834 mundum
2832 3789 2990 3835 vocat
3031 3781 3424 3837 multitudinem
3476 3796 3664 3838 corru-

2087 3878 2229 3939 ptam
2274 3878 2329 3926 et
2354 3871 2583 3926 terrenis
2612 3872 2770 3927 rebus
2798 3872 3089 3928 inhiantem
3116 3914 3132 3939 ,
3164 3874 3371 3929 turbam
3392 3916 3406 3940 ,
3436 3876 3663 3946 vulgus,

2088 3960 2434 4031 insipientem
2463 3962 2737 4032 populum.
2766 3961 2899 4018 Nam
2928 3964 3021 4019 Dei
3058 3964 3216 4020 amici
3240 3975 3296 4021 et
3324 3966 3665 4024 admirabiles

2086 4054 2185 4108 viri
2216 4068 2406 4110 omnes
2428 4054 2597 4123 ipsum
2624 4096 2639 4120 ,
2666 4054 2825 4110 etiam
2852 4066 2975 4111 ante
3001 4056 3417 4113 incarnationem
3439 4099 3453 4123 ,
3497 4073 3664 4114 nore-

2084 4153 2223 4199 rant.
2250 4144 2324 4200 De
2346 4145 2645 4215 patriarcha
2666 4147 2865 4217 quippe
2895 4148 3206 4203 nominatim
3229 4149 3359 4203 dicit
3378 4149 3620 4204 Christus
3646 4169 3660 4205 :

2086 4234 2342 4288 Abraham
2366 4246 2507 4303 pater
2532 4247 2690 4290 uester
2716 4238 3001 4302 exsultavit,
3019 4246 3072 4290 ut
3098 4238 3282 4292 videret
3308 4239 3442 4292 diem
3467 4256 3664 4294 meum:

2086 4333 2132 4378 et
2156 4324 2297 4388 uidit,
2325 4335 2370 4378 et
2398 4327 2597 4394 gauisus
2625 4335 2695 4381 est
2736 4327 2927 4397 (Joan.
2951 4327 3005 4382 8.
3033 4328 3165 4398 56).
3207 4329 3282 4384 De
3328 4329 3527 4385 Davide
3570 4346 3665 4386 auo

2088 4423 2193 4468 tem
2220 4414 2438 4469 Judteos
2467 4415 2748 4470 coniutans
2782 4435 2795 4471 :
2831 4418 3093 4483 Quomodo
3119 4435 3237 4488 ergo
3265 4418 3434 4473 David
3462 4423 3514 4475 in
3542 4421 3667 4492 Spi-

2086 4506 2186 4558 ritu
2213 4514 2354 4558 rocat
2378 4521 2490 4558 eum
2518 4503 2824 4573 Dominum,
2852 4507 3022 4560 dicens
3039 4523 3058 4561 :
3088 4506 3230 4562 Dixit
3281 4507 3528 4565 Dominus
3554 4510 3664 4566 Do-

2086 4595 2223 4649 mino
2249 4612 2357 4650 meo
2382 4636 2396 4660 ,
2427 4595 2561 4651 Sede
2588 4613 2621 4650 α
2646 4596 2837 4653 dextris
2864 4599 2986 4652 meis
3012 4600 3030 4668 (
3052 4598 3244 4656 Matth.
3268 4601 3360 4655 22.
3401 4602 3491 4658 45.
3522 4604 3592 4660 44
3611 4604 3666 4674 )‘l

2086 4687 2164 4739 Ac
2193 4700 2337 4755 saepe
2362 4685 2467 4741 illis
2497 4686 2767 4742 obsistens
2796 4727 2814 4754 ,
2844 4688 3079 4759 Moysem
3108 4701 3390 4748 memorat.
3423 4693 3499 4750 De
3537 4696 3665 4750 reli-

2085 4778 2204 4848 quis
2229 4793 2357 4832 vero
2388 4778 2662 4847 prophetis
2690 4780 2987 4848 apostolus.
3008 4779 3206 4837 Omnes
3218 4782 3359 4838 enim
3378 4784 3665 4855 prophetas

2086 4884 2116 4924 a
2145 4868 2393 4926 Samuele
2424 4870 2572 4925 illum
2598 4871 2914 4940 cognovisse
2938 4912 2953 4937 ,
2983 4882 3038 4927 et
3086 4873 3370 4930 adventum
3414 4876 3531 4945 ejus
3573 4877 3666 4931 diu

2087 4971 2212 5015 ante
2240 4963 2627 5031 praenuntiassc
2654 4961 2786 5018 dicit
2817 4963 3008 5018 Petrus
3039 4962 3121 5018 his
3146 4965 3324 5019 verbis
3352 4983 3365 5018 :
3399 4966 3467 5020 Et
3494 4984 3667 5023 omnes

2088 5055 2346 5123 propheta:
2369 5070 2401 5106 α
2422 5053 2663 5109 Samuele
2694 5064 2741 5108 et
2766 5054 2999 5125 deinceps
3018 5056 3105 5126 qui
3144 5057 3333 5127 loquuti
3372 5069 3522 5125 sunt,
3568 5077 3667 5113 an-

2089 5145 2443 5199 nuntiaverunt
2471 5145 2576 5199 dies
2597 5146 2719 5200 istos
2746 5146 2898 5215 (Act.
2926 5148 2979 5201 5.
3010 5146 3141 5217 24).
3164 5146 3364 5203 Jacobo
3394 5158 3570 5204 autem
3615 5160 3671 5205 et

2152 5296 2225 5360 (ᾳ)
2257 5295 2528 5360 Quodtlicit
2565 5295 2970 5360 Chrysostomus,
3014 5295 3212 5345 Paulum
3233 5302 3593 5360 Samosatennm
3617 5302 3670 5350 iu

2088 5357 2310 5407 mulieris
2331 5358 2579 5420 cujusdam
2619 5357 2823 5419 gratiam
2842 5394 2857 5420 ,
2881 5358 3091 5420 salutem
3110 5371 3248 5420 suam
3274 5359 3545 5420 prodidisse
3564 5398 3577 5420 ,
3604 5363 3671 5410 de

2087 5420 2293 5469 Zenobia
2318 5417 2704 5482 Palmyrenorum
2726 5417 2902 5481 regina
2924 5417 3136 5482 intelligi
3156 5417 3325 5474 debet.
3341 5433 3451 5482 qua:
3476 5417 3669 5472 Paulum

2089 5479 2759 5543 Samosatenum'aliquamdiu
2772 5479 3139 5543 protexit.QuOd
3157 5488 3320 5531 autem
3333 5479 3668 5543 dicitmaulum

2089 5543 2136 5590 in
2149 5541 2368 5604 mulieris
2380 5542 2512 5592 illius
2531 5541 2754 5604 gratiam,
2769 5541 2821 5591 et
2837 5548 3000 5590 contra
3009 5553 3166 5604 quam
3187 5544 3292 5604 ipse
3306 5541 3556 5595 sentiebat
3572 5545 3671 5594 bte-

2089 5556 2136 5590 m
2149 5556 2368 5592 manens
2380 5556 2512 5592 iuius
2569 5556 2754 5601 ranam,
2769 5556 2821 5591 et
2837 5556 3000 5590 contra
3021 5556 3166 5602 quam
3187 5556 3292 5604 ipse
3306 5556 3556 5595 seuuenat
3572 5556 3668 5594 mc-

2089 5605 2251 5668 resim
2263 5603 2393 5653 illam
2410 5556 2685 5668 prottiglisse,
2712 5604 2878 5668 nescio
2897 5613 2959 5650 au
2980 5600 3104 5651 altus
3117 5616 3345 5668 umquam
3362 5604 3560 5668 dixerit.
3590 5604 3668 5654 ln-

2092 5672 2169 5714 ter
2191 5665 2285 5715 alia
2297 5662 2461 5715 autein
2491 5665 2687 5714 dicebat
2708 5662 2880 5712 Paulus
2897 5662 3235 5714 Sanosatenus
3269 5666 3435 5714 Filium
3456 5665 3508 5715 iu
3532 5671 3669 5715 Patre

2090 5726 2287 5790 quidem
2322 5740 2438 5790 esse
2458 5740 2477 5790 ί
2508 5726 2597 5790 sed
2630 5738 2746 5790 non
2778 5738 3031 5790 ινυπόοςατον.
3055 5739 3164 5790 non
3187 5727 3457 5788 hypostasiu
3485 5723 3666 5774 habere

2092 5784 2247 5849 suam,
2271 5788 2397 5851 quod
2423 5784 2480 5837 ad
2505 5784 2702 5835 sabellii
2734 5787 2949 5837 haeresin
2973 5784 3252 5837 accedebat.
