4370 6306
512 247 582 303 67
1257 239 1313 295 S.
1353 234 1629 293 JOANNIS
1667 230 2131 289 CllllYSOS’I‘UMl
2173 233 2491 290 AllClllI-ZP.
2530 233 3061 292 CONSTANTINOP.
3709 234 3776 290 68

515 362 647 425 patri
673 402 688 423 ,
724 374 932 414 necnon
951 367 999 413 et
1021 370 1121 411 avo
1147 354 1261 422 ejus
1280 394 1294 417 ,
1326 361 1380 406 et
1422 350 1568 405 visus
1598 357 1652 402 et
1679 349 1930 418 loquutus
1954 356 2037 401 est
2061 386 2078 410 ,

513 454 680 521 iisque
706 450 866 504 multa
895 459 947 503 et
969 461 1151 518 magna
1182 459 1240 499 se
1266 444 1511 497 daturum
1539 449 1622 495 est
1650 440 1939 510 pollicitus,
1969 452 2088 508 quae

512 548 671 597 etiam
696 549 1015 609 exsequutus
1046 546 1145 592 est.
1178 534 1460 603 Quomodo
1486 549 1615 603 ergo
1642 573 1656 599 ,
1687 531 1893 600 inquies
1918 572 1932 595 ,
1975 531 2089 598 ipse

510 634 642 687 dixit
665 674 679 697 ,
714 630 864 684 Multi
887 628 1149 699 propheta:
1175 626 1435 680 voluerunt
1466 624 1633 678 videre
1655 639 1770 694 quae
1797 621 1973 675 videtis
1991 662 2006 686 ,
2039 630 2085 673 et

511 741 609 776 non
634 722 856 776 riderunt
877 763 891 785 ,
917 730 963 774 et
990 720 1166 772 audire
1189 733 1304 789 qua:
1337 716 1525 770 auditis
1544 757 1558 781 ,
1592 724 1638 768 ct
1680 732 1779 767 non
1816 711 2087 767 audierunt

507 816 524 882 (
555 811 673 865 an.
707 811 791 865 l0.
821 809 893 863 24
913 811 968 880 )1
995 811 1184 863 Annon
1228 806 1441 861 fuerunt
1472 806 1589 874 ejus
1615 803 1936 873 cognitionis
1966 817 2087 872 par-

508 902 731 972 ticipes?
759 900 996 954 Fuerunt
1021 907 1167 952 certe
1197 917 1208 950 :
1239 897 1396 966 idque
1423 912 1486 951 ex
1518 896 1617 949 hoc
1651 896 1789 960 loco,
1822 893 1962 949 unde
1991 908 2087 963 pu-

509 1003 621 1050 tant
648 993 862 1065 quidam
895 993 1038 1061 ipsos
1088 991 1186 1045 hac
1211 989 1510 1058 cognitione
1555 988 1787 1058 privatos
1809 1028 1833 1050 ,Α
1859 986 2085 1041 demon-

509 1099 683 1141 strare
717 1084 955 1138 tentabo.
987 1081 1141 1136 Multi
1169 1082 1309 1136 enim
1329 1123 1346 1147 ,
1386 1080 1587 1150 inquit,
1629 1078 1893 1132 voluerunt
1922 1077 2089 1130 sidere

509 1194 624 1248 qum
643 1177 841 1232 videtis.
874 1176 1056 1246 Itaque
1085 1175 1329 1229 viderunt
1361 1188 1480 1228 eum
1510 1172 1575 1225 ad
1603 1171 1867 1225 homines‘
1894 1178 2086 1223 ventu-

511 1287 626 1325 rtun
656 1285 805 1331 esse,
837 1278 892 1323 et
918 1282 980 1322 ea
1008 1267 1433 1336 dispensaturum
1456 1279 1573 1333 qua!
1595 1277 1719 1316 vere
1739 1260 2085 1330 dispensavit.

510 1360 692 1431 Neque
731 1360 909 1423 enim,
950 1358 1050 1412 nisi
1079 1357 1373 1420 novissent,
1414 1354 1593 1408 videre
1637 1351 2083 1420 concupivissent.

512 1451 677 1505 Nemo
699 1450 841 1504 enim
868 1463 1052 1505 eorum
1076 1487 1092 1512 ,
1121 1463 1344 1517 quorum
1377 1444 1623 1500 notitiam
1650 1458 1753 1497 non
1787 1442 1963 1505 habet,
1994 1440 2088 1495 de-

514 1542 713 1596 siderio
742 1541 855 1610 capi
884 1548 1077 1609 potest.
1111 1538 1294 1608 Itaque
1322 1543 1686 1606 cognoverunt
1709 1534 1897 1588 Filium
1949 1532 2040 1587 Dei
2068 1571 2086 1598 ,

511 1642 565 1687 et
588 1642 865 1687 venturum
897 1646 1020 1685 eum
1049 1629 1112 1683 ad
1145 1628 1390 1682 homines
1433 1641 1552 1681 esse
1602 1633 1886 1679 noverunt.
1928 1623 2088 1689 Quaa-

514 1739 635 1778 nam
662 1738 790 1793 ergo
820 1730 945 1775 sunt
963 1736 1083 1789 qua:
1106 1718 1413 1773 nescierunt
1436 1759 1449 1780 ,
1483 1726 1535 1769 et
1562 1730 1806 1785 quaenam
1832 1729 1952 1784 quae
1983 1730 2088 1768 non

513 1812 832 1869 audierunt?
877 1812 1002 1866 lla-e
1048 1827 1165 1881 quae
1218 1825 1357 1865 nunc
1409 1823 1504 1864 vos
1548 1808 1739 1862 videtis
1784 1818 1836 1861 et
1872 1806 2088 1860 auditis.

510 1906 662 1975 Quod
685 1906 729 1961 si
754 1905 829 1958 illi
864 1912 918 1958 et
941 1918 1124 1960 vocem
1148 1902 1263 1972 ejus
1282 1902 1580 1964 audierunt,
1606 1907 1659 1953 et
1677 1898 1923 1953 viderunt
1941 1912 2086 1962 eum,

509 2008 564 2050 at
591 2014 695 2052 non
724 1996 775 2050 in
801 2010 992 2060 carne,
1025 2008 1197 2063 neque
1241 1994 1312 2047 ita
1356 2007 1475 2046 cum
1521 1989 1823 2043 hominibus
1872 2002 2091 2043 versan-

513 2097 648 2150 tem,
707 2101 878 2154 neque
934 2093 1037 2138 tam
1086 2084 1250 2137 libere
1291 2097 1410 2136 cum
1465 2081 1593 2150 ipsis
1622 2080 1948 2148 loquentem.
1981 2076 2091 2133 Iloc

510 2180 669 2249 igitur
695 2186 749 2232 et
774 2178 888 2247 ipse
917 2176 1221 2246 signiﬁcans
1250 2188 1354 2227 non
1383 2173 1694 2242 simpliciter
1720 2172 1877 2232 dixit.
1901 2171 2092 2240 Cupie-

513 2278 633 2323 rttut
659 2268 842 2322 videre
870 2282 988 2330 me;
1016 2265 1111 2320 sed
1137 2263 1301 2334 quid?
1347 2263 1474 2330 Quae
1520 2279 1625 2316 vos'
1656 2263 1869 2326 videtis;
1917 2277 2088 2329 neque

513 2362 696 2415 audire
718 2376 833 2424 me;
861 2357 956 2413 sed
981 2356 1293 2428 quid?sz
1337 2371 1423 2408 vos
1473 2354 1678 2407 auditis.
1734 2354 1911 2422 Itaque
1971 2353 2093 2406 licet

512 2452 628 2521 ejus
656 2452 707 2505 in
737 2465 899 2504 carne
924 2451 1209 2503 adventum
1243 2463 1346 2500 non
1379 2443 1626 2508 viderint,
1662 2445 1890 2498 l'uturutn
1917 2452 2091 2498 tamen

513 2559 631 2598 esse
677 2548 971 2605 noverunt,
1021 2554 1179 2608 quem
1222 2537 1403 2594 videre
1427 2535 1747 2607 cupiebant;
1782 2534 1833 2587 in
1865 2547 2093 2603 eumque

512 2636 837 2700 credebant,
869 2633 997 2689 licet
1024 2633 1174 2687 illum
1201 2632 1252 2686 in
1280 2645 1444 2687 carne
1488 2644 1596 2684 non
1642 2627 1920 2682 vidissent.
1957 2624 2091 2681 Cum

516 2729 690 2798 itaque
712 2742 809 2781 nos
832 2724 1061 2796 gentiles
1086 2722 1453 2779 accusaverim
1472 2720 1713 2776 dicentes
1733 2737 1744 2771 :
1764 2717 1897 2801 Quid
1925 2715 2089 2791 priori

516 2818 603 2872 illo
633 2826 874 2886 tempore
900 2813 1127 2868 faciebat
1152 2812 1415 2876 Christus,
1445 2825 1565 2864 cum
1594 2808 1827 2865 nondum
1859 2807 2091 2861 humano

511 2908 696 2981 generi
728 2905 1097 2977 prospiceret?
1126 2913 1180 2961 et
1200 2918 1297 2959 cur
1321 2912 1567 2960 extremo
1596 2911 1838 2971 tempore
1871 2899 2015 2954 venit
2035 2908 2093 2952 ut

516 3008 711 3055 nostra:
739 2999 897 3054 saluti
942 2996 1287 3068 provideret,
1338 3006 1616 3067 postquam
1658 3004 1803 3048 tanto
1852 3002 2093 3062 tempore

516 3105 612 3146 uos
638 3089 980 3160 neglexerat?
1008 3087 1451 3158 respondebimus
1476 3128 1492 3155 ,
1539 3087 1713 3157 ipsum
1765 3085 1926 3143 etiam
1967 3093 2091 3140 ante

516 3180 803 3234 adventum
834 3176 982 3232 illum
1014 3177 1066 3231 in
1096 3175 1294 3231 mundo
1317 3175 1510 3243 luisse,
1541 3174 1608 3230 de
1632 3174 1886 3245 operibus
1924 3173 1992 3228 ab
2034 3189 2092 3229 se

514 3268 735 3325 edendis
762 3267 908 3337 prius
935 3266 1197 3337 cogitasse
1220 3306 1234 3329 .
1269 3273 1429 3335 atque
1459 3265 1562 3320 illis
1608 3266 1855 3321 omnibus
1906 3264 2090 3335 cogni-

516 3369 624 3413 tmn
655 3357 816 3413 fuisse
838 3399 852 3425 ,
883 3357 972 3427 qui
1006 3356 1103 3411 hac
1133 3355 1438 3426 cognitione
1462 3356 1603 3427 digni
1637 3367 1807 3412 erant.
1851 3357 2001 3426 Quod
2047 3359 2089 3413 si

512 3449 633 3520 quia
663 3464 766 3503 non
792 3448 1039 3504 omnibus
1067 3457 1190 3502 tunc
1219 3460 1373 3503 n0tus
1398 3446 1516 3511 fuit,
1548 3448 1639 3503 sed
1680 3449 1857 3518 probis
1889 3457 2089 3503 tantum

513 3550 567 3595 et
618 3542 811 3597 virtute
858 3541 1120 3610 rneditis,
1176 3540 1296 3596 ideo
1343 3541 1519 3595 dicitis
1568 3541 1716 3595 illum
1765 3542 2090 3617 incognitum

515 3632 675 3687 fuisse
696 3673 711 3699 ,
741 3632 928 3687 eadem
960 3632 1167 3685 ratione
1197 3631 1368 3701 ipsum
1397 3647 1539 3686 nunc
1565 3647 1781 3701 quoque
1807 3647 1912 3686 non
1959 3632 2088 3687 ado-

516 3723 619 3777 rari
657 3722 727 3777 ab
766 3722 1066 3781 hominibus
1112 3722 1351 3777 dixeritis
1376 3763 1390 3787 ,
1438 3723 1560 3792 quia
1606 3724 1765 3777 etiam
1815 3738 1958 3781 nunc
1983 3739 2087 3783 non

512 3827 700 3867 omnes
730 3812 902 3880 ipsum
936 3821 1215 3867 noverunt.
1249 3811 1353 3867 Sed
1394 3811 1840 3882 quemadmodum
1869 3812 1921 3866 in
1956 3828 2091 3882 prte-

514 3904 646 3961 senti
665 3919 845 3970 nemo,
861 3904 981 3973 quia
1009 3919 1037 3957 a
1063 3904 1241 3958 multis
1259 3904 1546 3973 ignoratur,
1568 3904 1737 3972 ipsum
1758 3918 1787 3957 a
1806 3903 1985 3958 multis
2001 3919 2093 3958 co-

510 3995 692 4064 gnosci
710 3995 983 4066 negaverit
1004 4014 1017 4049 :
1038 3995 1116 4050 sic
1142 4010 1314 4064 neque
1331 3993 1677 4049 dubitandum
1705 4004 1788 4050 est
1808 3996 1977 4064 ipsum
2001 4010 2092 4049 su-

513 4085 807 4152 perioribus
833 4086 935 4139 illis
953 4086 1302 4154 temporibus,
1325 4101 1355 4139 a
1378 4086 1578 4153 multis,
1604 4087 1711 4142 imo
1729 4086 1890 4142 etiam
1912 4087 2090 4155 probis

511 4175 617 4227 illis
649 4183 703 4228 et
749 4175 1076 4230 admirandis
1128 4174 1255 4229 viris
1300 4177 1548 4231 omnibus
1592 4176 1862 4247 cognitum
1905 4176 2086 4231 fuisse.

578 4266 635 4319 2.
665 4266 817 4332 Quod
849 4268 891 4322 si
924 4268 1042 4341 quis
1075 4268 1311 4334 dixerit,
1342 4265 1449 4322 Cur
1479 4284 1582 4322 non
1617 4283 1805 4324 omnes
1836 4277 1961 4323 tunc
1989 4268 2087 4337 ipsi

510 4356 875 4420 adhmserunt,
905 4374 1078 4428 neque
1098 4376 1287 4414 omnes
1314 4361 1485 4427 ipsum
1513 4362 1794 4415 coluerunt
1820 4402 1834 4423 ,
1859 4361 1951 4413 sed
1984 4360 2087 4415 soli

506 4447 677 4515 justi?
702 4449 1014 4502 sciscitabar
1040 4458 1094 4502 et
1117 4465 1216 4519 ego
1236 4489 1252 4515 ,
1280 4449 1388 4503 Cur
1409 4450 1572 4504 etiam
1604 4469 1743 4506 nunc
1768 4468 1873 4504 non
1901 4469 2089 4508 omnes

510 4540 680 4606 ipsmn
706 4539 1004 4591 novt'runt?
1027 4538 1226 4607 Ecquid
1253 4538 1320 4592 de
1340 4540 1551 4593 Christo
1578 4541 1807 4610 loquor?
1832 4541 1961 4593 Nam
1990 4541 2091 4595 Pa-

513 4639 644 4679 trem
683 4642 893 4694 quoque
922 4627 1038 4692 ejus
1074 4643 1171 4680 cur
1210 4643 1315 4680 non
1346 4643 1533 4681 omnes
1574 4639 1628 4682 et
1671 4638 1796 4683 tunc
1836 4639 1890 4684 et
1933 4630 2090 4684 hodie

512 4718 809 4770 noverunt?
852 4715 1045 4770 Verum
1087 4718 1174 4770 alii
1223 4720 1401 4771 outnia
1444 4733 1643 4774 temere
1692 4719 1817 4774 ferri
1859 4718 2082 4784 dicunt;

510 4808 597 4861 alii
629 4806 961 4861 da-nn-niltus
992 4807 1227 4861 universi
1257 4808 1642 4877 providentiam
1674 4809 1940 4863 tribuunt:
1966 4817 2091 4863 sunt

508 4899 668 4953 etiam
699 4897 787 4952 alii
813 4939 827 4962 ,
856 4898 943 4968 qui
987 4908 1180 4967 praeter
1206 4897 1347 4952 hunc
1377 4899 1539 4952 Deum
1566 4939 1581 4965 ,
1614 4900 1775 4952 alium
1805 4898 1905 4952 sibi
1938 4914 2085 4952 com-

509 4989 863 5043 miniscuntur
882 5006 895 5042 :
915 5005 979 5043 ex
1005 4988 1068 5042 iis
1087 4987 1301 5058 quidam
1330 4988 1687 5043 adversariam
1719 4990 1827 5044 Deo
1849 5001 2086 5060 poteSIa-

509 5093 615 5137 tem
642 5095 762 5141 esse
784 5080 1185 5150 blaSpltentant,
1215 5091 1269 5134 et
1288 5080 1432 5148 leges
1456 5080 1573 5149 ejus
1590 5081 1805 5152 maligni
1827 5083 2086 5136 dsemonis

506 5188 629 5226 esse
657 5180 867 5241 putant.
910 5170 1047 5239 Quid
1087 5171 1285 5242 igitur?
1325 5187 1449 5226 num
1493 5172 1612 5227 ideo
1641 5173 1883 5228 dicemus
1916 5173 2085 5228 Deum

507 5277 611 5316 non
654 5276 810 5328 esse,
851 5265 973 5333 quia
1014 5263 1228 5332 quidam
1274 5263 1376 5319 hoc
1406 5264 1630 5321 dicunt?
1661 5282 1785 5320 num
1817 5277 1869 5320 et
1914 5265 2085 5335 ipsum

508 5354 707 5406 malum
732 5368 852 5407 esse
875 5352 1274 5420 conﬁtebimur,
1306 5355 1428 5424 quia
1459 5356 1672 5425 quidam
1699 5355 1749 5409 id
1778 5356 1937 5424 impie
1960 5371 2084 5424 pro-

510 5445 769 5507 fitentur?
799 5446 979 5519 Apage
1004 5445 1281 5502 stultitiam
1313 5458 1711 5520 extremamque
1735 5447 2079 5507 dementiam.

573 5574 586 5601 ’
617 5570 936 5640 FavllJegit,
957 5574 1017 5640 ιις
1042 5574 1189 5635 aclis,
1216 5592 1319 5640 pro,
1337 5578 1402 5636 ad
1422 5577 1648 5629 homines.
1679 5585 1731 5628 Al.
1751 5592 1811 5627 ex
1829 5578 2020 5629 duobus
2042 5580 2083 5628 si

510 5636 718 5684 alterum
737 5638 940 5699 dicatur,
970 5637 1175 5689 alterum
1217 5636 1615 5700 stiluntelltgitur.

2201 345 2331 401 Nam
2359 347 2405 401 si
2433 363 2498 403 ex
2532 348 2819 403 furentium
2853 347 3056 417 judicio
3092 348 3339 418 dogmata
3371 357 3729 405 statueremus
3755 391 3774 419 ,

2201 440 2333 495 nihil
2362 441 2577 498 obesset
2602 441 2889 511 quominus
2913 450 2968 496 et
2993 441 3092 510 ipsi
3136 441 3314 497 furore
3342 442 3654 511 gravissimo
3680 443 3775 497 dn-

2197 548 2462 587 ceremur.
2495 532 2654 589 Certe
2680 549 2842 589 nemo
2871 534 3039 589 solent
3066 544 3252 588 natura
3276 548 3369 588 sua
3398 534 3568 587 oculis
3598 536 3777 602 perni-

2198 624 2402 677 ciosum
2432 638 2551 678 esse
2578 624 2814 689 dixerit,
2851 625 2972 694 quia
3015 624 3256 678 nonnulli
3286 626 3453 679 oculis
3488 625 3771 691 laborant;

2197 713 2291 768 sed
2322 714 2528 768 lucidus
2556 715 2750 769 dicitur
2769 731 2835 769 ex
2862 730 3047 770 eorum
3068 716 3159 784 qui
3188 729 3347 768 sanos
3375 716 3560 770 oculos
3582 716 3778 772 habent

2195 803 2397 872 judicio
2428 822 2440 856 :
2472 806 2573 859 mel
2596 821 2807 875 quoque
2835 821 2993 860 nemo
3019 821 3258 859 amarum
3288 806 3477 860 dixerit
3502 848 3516 869 ,
3546 808 3667 877 quia
3696 807 3775 860 in-

2197 895 2363 949 llrmis
2392 897 2709 965 quibusdam
2739 897 2842 950 tale
2865 897 3074 952 videtur
3091 913 3239 963 esse;
3261 908 3315 953 et
3331 899 3494 952 [leum
3519 909 3692 954 tamen
3712 915 3777 954 ex

2198 987 2531 1042 iulirmorum
2558 989 2810 1056 opinione
2842 989 2921 1045 vel
2948 1005 3053 1043 non
3082 1004 3202 1044 esse
3227 1031 3241 1056 ,
3269 991 3353 1044 Vt'l
3382 990 3579 1043 malum
3612 1005 3733 1045 esse
3759 1032 3773 1054 ,

2194 1078 2277 1132 vel
2323 1080 2480 1134 modo
2535 1080 2812 1147 providere
2834 1121 2848 1143 ,
2879 1081 3037 1134 modo
3072 1095 3175 1135 non
3221 1081 3533 1150 providere,
3564 1081 3777 1150 quidam

2200 1169 2665 1238 pronuntiabunt?
2697 1171 2893 1239 Ecquis
2922 1172 3040 1225 illos
3066 1187 3209 1226 sana:
3238 1172 3434 1227 mentis
3459 1187 3579 1227 esse
3600 1172 3778 1226 dicat‘l

2194 1260 2315 1330 quis
2345 1276 2447 1315 nou
2489 1260 2716 1316 furiosos
2747 1273 2800 1317 et
2837 1272 3075 1318 extrema
3104 1263 3368 1318 dementia
3414 1272 3598 1333 captos
3624 1263 3774 1318 dixe-

2201 1352 2314 1405 rit?
2359 1351 2587 1407 Mundus
2628 1369 2737 1407 eum
2765 1371 2866 1408 non
2902 1356 3168 1424 cognovit,
3199 1354 3424 1425 inquies.
3461 1355 3565 1411 Sed
3599 1356 3632 1409 ii
3660 1355 3778 1423 qni-

2201 1444 2298 1497 bns
2326 1443 2518 1515 dignus
2549 1461 2651 1499 non
2681 1456 2797 1500 erat
2820 1447 3050 1502 mundus
3069 1489 3083 1511 ,
3116 1448 3289 1516 ipsum
3324 1459 3606 1502 noverunt.
3642 1446 3774 1502 Cum

2196 1544 2371 1590 autem
2408 1547 2670 1591 memorat
2707 1551 2802 1592 eos
2843 1539 2932 1608 qui
2977 1539 3146 1608 ipsum
3186 1553 3292 1592 non
3327 1547 3622 1601 noverunt,
3654 1553 3777 1594 car-

2198 1626 2330 1695 ptim
2358 1628 2670 1697 ignorantiae
2700 1642 2911 1682 causam
2943 1628 3159 1683 indicat.
3187 1629 3370 1697 Neque
3399 1630 3539 1683 enim
3575 1629 3780 1699 simpli-

2197 1718 2333 1772 citer
2370 1717 2539 1783 dixit,
2581 1717 2747 1773 Nemo
2789 1718 2959 1788 ipsum
3006 1718 3190 1783 novit;
3218 1719 3349 1783 sed,
3394 1718 3621 1775 Mundus
3660 1735 3780 1774 eum

2198 1825 2300 1863 non
2343 1809 2613 1880 cognovit;
2645 1808 2700 1863 id
2743 1819 2853 1870 est,
2883 1810 2916 1863 ii
2955 1809 3199 1865 homines
3227 1811 3315 1879 qui
3347 1810 3544 1868 mundo
3572 1819 3775 1867 tantum

2200 1902 2444 1965 hmrent,
2476 1913 2531 1957 et
2574 1919 2634 1956 ca
2682 1918 2803 1973 qua:
2841 1903 3021 1958 mundi
3065 1912 3189 1959 sunt
3229 1904 3460 1973 sapiunt.
3504 1904 3592 1959 Sic
3634 1903 3776 1958 enim

2197 1996 2336 2049 solet
2372 1993 2620 2050 Christus
2661 1995 2804 2064 ipsos
2833 1997 3137 2065 appellare,
3173 2005 3232 2050 ut
3259 2011 3378 2051 cum
3407 1995 3574 2059 dicit,
3625 1994 3780 2049 Pater

2198 2096 2387 2156 sancte,
2419 2098 2465 2139 et
2490 2087 2710 2140 orandus
2733 2096 2780 2140 te
2803 2104 2904 2141 non
2925 2088 3155 2158 cognovit
3185 2086 3361 2158 (Joan.
3397 2088 3484 2141 17.
3512 2087 3625 2155 25).
3658 2085 3774 2141 Non

2200 2177 2358 2246 igitur
2390 2177 2580 2230 Filium
2611 2186 2851 2244 tantum,
2883 2178 2977 2233 sed
3010 2178 3168 2232 etiam
3209 2178 3422 2233 Patrem
3463 2180 3580 2247 ejus
3619 2194 3777 2231 mun-

2198 2266 2301 2319 dus
2324 2266 2586 2335 ignoravit
2612 2306 2627 2329 ,
2660 2276 2716 2320 ut
2741 2266 3069 2327 dicebamus.
3098 2267 3235 2322 Nihil
3266 2268 3408 2322 enim
3445 2269 3514 2322 ita
3543 2278 3775 2322 mentem

2201 2356 2413 2429 turbat,
2446 2366 2503 2411 ut
2524 2357 2682 2412 rebus
2704 2359 3057 2433 praesentibus
3078 2358 3305 2414 inhiare.
3337 2358 3464 2414 llaec
3489 2374 3609 2413 cum
3637 2358 3774 2412 scia-

2201 2448 2267 2501 tis
2296 2490 2311 2514 ,
2343 2462 2371 2502 a
2411 2448 2610 2502 nmudo
2650 2465 2744 2504 vos
2784 2458 3095 2521 segregate,
3125 2459 3180 2506 et
3219 2464 3248 2503 a
3279 2450 3580 2505 carnalibus
3619 2448 3778 2506 rebus

2198 2539 2502 2605 abscedite,
2531 2549 2787 2610 quantum
2818 2540 2930 2595 lieri
2970 2542 3171 2610 poterit
3204 2560 3215 2590 :
3249 2556 3421 2609 neque
3449 2541 3591 2596 enim
3637 2541 3688 2595 in
3719 2556 3778 2597 re

2198 2630 2391 2691 nullius
2421 2632 2575 2703 pretii
2603 2631 2729 2686 hinc
2755 2632 3005 2686 damnum
3034 2634 3202 2688 oritur
3225 2672 3243 2700 ,
3271 2632 3362 2687 sed
3394 2632 3447 2687 in
3475 2632 3648 2702 capite
3678 2633 3777 2688 bo-

2200 2735 2412 2775 norum.
2442 2720 2625 2791 Neque
2652 2721 2793 2777 enim
2823 2730 2997 2792 potest
3024 2722 3214 2785 homo,
3247 2725 3336 2791 qui
3370 2723 3647 2792 praesentis
3672 2723 3773 2778 :evi

2198 2811 2361 2867 rebus
2381 2811 2663 2866 admodum
2693 2812 2861 2867 haeret
2879 2854 2894 2875 ,
2920 2814 3152 2868 Ctelestia
3176 2824 3319 2868 recte
3342 2814 3614 2883 percipere
3640 2832 3653 2869 :
3681 2814 3777 2869 sed

2202 2917 2424 2958 necesse
2459 2912 2540 2957 est
2563 2919 2685 2958 eum
2707 2945 2720 2960 .
2752 2903 2842 2973 qui
2878 2903 2960 2957 his
2998 2902 3242 2961 addictus
3277 2912 3379 2969 est,
3407 2904 3473 2958 ab
3500 2904 3602 2959 illis
3630 2905 3778 2965 exei-

2197 2995 2329 3050 dere
2361 3012 2374 3051 :
2410 2992 2530 3047 Non
2557 2998 2763 3065 potestis
2792 2995 2955 3059 enim,
2997 2995 3188 3066 inquit,
3231 2994 3339 3049 Deo
3365 2997 3549 3050 servire
3573 3005 3618 3050 et
3661 3012 3776 3050 ma-

2198 3100 2364 3139 mome
2405 3082 2570 3157 (an.
2618 3084 2703 3146 16,
2757 3084 2884 3152 l3);
2918 3093 2976 3138 ut
3018 3085 3110 3138 uni
3158 3085 3497 3151 luereamus,
3544 3086 3773 3141 alterum

2199 3176 2380 3230 odisse
2409 3183 2641 3243 oportet.
2677 3175 2803 3229 llmc
2832 3174 2943 3245 ipsa
2975 3190 3156 3231 rerum
3187 3175 3513 3245 experientia
3558 3175 3771 3230 clamat.

2197 3264 2299 3333 Qui
2341 3265 2483 3320 enim
2530 3266 2871 3335 pecuniarum
2913 3267 3400 3335 concupiscentiam
3440 3266 3711 3332 derident,
3742 3267 3776 3324 ii

2200 3359 2432 3413 maxime
2461 3368 2586 3413 sunt
2613 3359 2699 3428 qui
2726 3358 2892 3414 Deum
2922 3368 2979 3412 ut
3007 3358 3159 3413 decet
3183 3370 3396 3424 amant;
3425 3359 3776 3429 quemadmo-

2196 3452 2323 3506 dum
2363 3464 2417 3507 et
2443 3451 2532 3523 qui
2572 3468 2600 3503 a
2632 3452 2892 3521 principio
2930 3450 3049 3505 illas
3074 3452 3338 3506 mirantur
3362 3494 3377 3517 ,
3412 3452 3445 3505 il
3476 3453 3774 3523 prmsertim

2196 3553 2320 3597 sunt
2345 3544 2432 3613 qui
2462 3545 2627 3599 Deum
2660 3543 2934 3601 remissius
2959 3542 3208 3609 diligunt.
3241 3544 3432 3597 Anima
3462 3544 3602 3599 enim
3636 3543 3774 3598 divl-

2199 3636 2389 3690 tiarum
2416 3650 2601 3689 amore
2628 3635 2794 3688 semel
2818 3642 2972 3704 capta
2997 3674 3012 3699 ,
3046 3649 3150 3687 non
3179 3632 3336 3689 facile
3358 3634 3579 3687 absistet
3610 3633 3680 3687 ab
3711 3633 3776 3688 lis

2195 3726 2416 3794 agendis
2438 3767 2454 3792 ,
2481 3741 2599 3794 quae
2628 3710 2793 3779 Deum
2824 3725 2888 3778 ad
2920 3724 3051 3779 iram
3082 3734 3411 3795 provocant,
3446 3733 3629 3794 utpote
3658 3740 3775 3794 qua:

2196 3817 2352 3871 alteri
2398 3816 2602 3870 serviat
2648 3815 2901 3881 domino,
2931 3815 3021 3884 qui
3070 3815 3121 3868 in
3162 3814 3409 3869 omnibus
3448 3823 3631 3869 contra
3682 3814 3773 3869 Dei

2197 3905 2442 3961 mandata
2492 3905 2780 3973 pr:ecipiat.

2272 3998 2531 4065 Quantum
2559 3996 2826 4049 discrimen
2846 3995 2975 4048 inter
3003 4011 3168 4049 servos
3197 3994 3385 4050 Christi
3409 4005 3454 4048 et
3478 4012 3647 4050 set'vos
3666 4012 3774 4049 ma-

2195 4103 2376 4141 mmia.
2400 4115 2471 4125 —
2495 4085 2714 4154 \‘igilate
2754 4087 2933 4154 itaque
2958 4096 3011 4139 et
3034 4087 3458 4157 expergiscimini
3486 4127 3500 4151 ,
3533 4102 3596 4142 ac
3622 4087 3771 4157 cogi-

2198 4186 2370 4231 tantes
2413 4175 2684 4244 cujusnam
2717 4176 2916 4229 domini
2947 4178 3114 4230 simus
3167 4177 3345 4241 servi,
3381 4177 3497 4247 ejus
3538 4171 3773 4233 tantum-

2198 4267 2359 4322 modo
2415 4282 2635 4336 regnum
2682 4269 3001 4337 diligamus;
3068 4270 3340 4339 lugeamus
3392 4281 3445 4325 et
3502 4272 3766 4340 prieterita

2195 4360 2533 4430 deploremus
2565 4368 2822 4429 tempora,
2868 4361 3061 4428 quibus
3098 4376 3358 4415 mamonae
3407 4362 3766 4416 servivimns:

2194 4452 2502 4521 abjielautus
2542 4451 2706 4504 semel
2741 4453 2924 4519 jugum
2969 4451 3086 4519 ejus
3129 4466 3291 4521 grave
3317 4461 3371 4505 et
3397 4451 3771 4515 intolerabile,
3854 4515 3858 4519 _

2196 4553 2251 4598 et
2285 4544 2470 4612 jugum
2509 4541 2706 4596 Christi
2757 4543 2873 4595 leve
2902 4553 2956 4596 et
2999 4557 3162 4596 suave
3210 4558 3330 4596 cum
3375 4541 3771 4612 perseverantia

2197 4633 2468 4696 feramus;
2509 4632 2597 4703 qui
2651 4632 2780 4685 nihil
2831 4632 2934 4686 tale
2978 4632 3219 4701 praecipit
3247 4673 3263 4698 ,
3304 4633 3459 4701 quale
3500 4646 3771 4685 mamona.

2199 4727 2293 4782 llic
2321 4725 2462 4780 enim
2488 4726 2639 4794 jubet
2669 4741 2768 4785 nos
2812 4725 3062 4781 omnibus
3092 4725 3338 4779 inimicos
3381 4739 3539 4788 esse;
3585 4731 3771 4779 contra

2194 4834 2322 4877 vero
2368 4816 2612 4871 Christus
2638 4857 2652 4879 ,
2694 4830 2882 4869 omnes
2927 4815 3174 4884 amplecti
3216 4824 3270 4869 et
3297 4831 3497 4869 amare.
3545 4813 3640 4869 Ille
3675 4829 3774 4868 nos

2195 4907 2306 4961 luto
2346 4916 2401 4960 et
2446 4906 2700 4960 lateribus
2743 4904 3002 4973 alﬁgens,
3031 4904 3134 4958 hoc
3172 4913 3257 4958 est
3294 4921 3423 4959 auro
3447 4943 3464 4970 ,
3508 4918 3576 4960 ne
3612 4912 3772 4959 noctu

2194 4996 2406 5067 quidem
2456 4996 2584 5051 sinit
2630 5010 2732 5049 nos
2785 4994 2869 5047 vel
2922 4996 3191 5064 paululum
3247 4995 3555 5063 respirare;
3607 4993 3696 5048 hic
3740 5010 3768 5046 a

2190 5087 2453 5156 superﬂua
2495 5086 2583 5140 illa
2611 5096 2665 5141 et
2692 5087 2875 5140 insana
2923 5101 3052 5140 cura
3081 5101 3180 5140 nos
3209 5086 3436 5151 liberat;
3481 5085 3576 5142 sed
3616 5085 3766 5154 jubet

2195 5177 2472 5232 thesauros
2512 5177 2562 5228 in
2594 5175 2725 5229 cado
2745 5190 2932 5244 parare
2966 5193 2977 5228 :
3003 5191 3107 5230 non
3138 5191 3202 5231 ex
3228 5175 3413 5245 injuria
3445 5177 3564 5230 aliis
3586 5176 3725 5230 illata
3747 5215 3765 5238 .

2193 5266 2287 5321 sed
2317 5282 2381 5320 ex
2427 5266 2639 5336 pr0pria
2665 5264 2889 5333 justitia.
2923 5264 3015 5321 Ille
3041 5275 3160 5335 post
3185 5265 3379 5320 multos
3407 5265 3631 5322 sudores
3666 5281 3766 5318 no-

2193 5366 2333 5410 stros
2359 5366 2411 5407 et
2458 5355 2698 5408 miserias
2730 5370 2834 5407 non
2874 5355 3069 5423 poterit
3092 5355 3281 5409 adesse
3305 5355 3456 5409 nobis
3478 5395 3494 5421 ,
3522 5369 3641 5412 cun
3667 5368 3766 5409 cx-

2193 5457 2360 5501 tretno
2389 5445 2649 5519 supplicio
2676 5445 2959 5514 puuiemur
2980 5486 2996 5511 ,
3028 5453 3084 5500 et
3112 5447 3182 5499 ob
3208 5445 3352 5516 leges
3378 5445 3495 5515 ejus
3524 5455 3768 5499 servatas

2194 5537 2330 5590 mala
2363 5536 2625 5604 patiemur
2651 5552 2663 5598 ;
2694 5536 2800 5588 imo
2828 5535 3094 5590 ﬂammam
3122 5537 3379 5590 accendet
3405 5553 3417 5597 ;
3447 5536 3531 5589 hic
3557 5536 3599 5589 si
3631 5552 3765 5606 pne

2194 5627 2351 5697 cipiat
2394 5627 2636 5696 poculum
2668 5641 2817 5695 aqua:
2843 5626 3044 5698 frigida:
3074 5627 3234 5696 dare,
3268 5643 3333 5682 ne
3362 5626 3519 5696 hujus
3545 5624 3759 5695 quidem
