4370 6306
465 111 1335 162 κω

320 458 376 514 ω
572 434 575 437 ‘
1335 438 1400 494 lN
1436 436 1748 494 JOANNEM
1790 435 2020 493 uosuc.
2053 438 2141 493 ix.
2184 440 2255 493 al.
2288 438 2418 496 vta.
3475 448 3541 502 το

320 571 427 628 iacti
467 564 752 622 mercedem
783 560 955 616 amitti
986 558 1125 612 sinet
1155 597 1169 622 ,
1203 554 1297 610 sed
1339 556 1482 624 large
1513 567 1612 608 nos
1639 551 1860 623 praemio

319 659 529 717 donabit.
558 658 744 708 Annon
772 659 1026 706 extremae
1053 646 1336 702 dementi-.e
1367 644 1529 699 luerit
1555 685 1570 710 ,
1604 653 1710 698 tam
1742 644 1859 713 pla-

320 751 416 804 rida
443 758 491 800 et
518 754 590 799 tot
626 743 779 798 bonis
810 739 1004 793 referta
1047 737 1304 792 servitute
1330 735 1571 805 neglecta
1596 776 1611 801 ,
1643 735 1858 804 ingrato

314 838 495 893 servire
533 843 749 905 tyranno
774 871 787 893 ,
816 828 907 898 qui
954 841 1124 896 neque
1168 825 1254 880 hic
1277 866 1291 889 ,
1325 839 1499 894 neque
1542 824 1652 878 illic
1686 831 1865 892 potest

312 944 392 979 eos
415 925 495 995 qui
523 924 615 977 sibi
646 923 1004 988 obsequentes
1040 926 1166 971 sunt
1190 916 1421 984 jnvare?
1454 914 1638 985 Neque
1686 914 1737 967 id
1769 928 1860 967 so-

314 1024 407 1074 lum
446 1019 559 1073 mali
588 1025 637 1070 et
679 1014 860 1069 danmi
888 1023 970 1066 est
991 1053 1004 1074 .
1035 1010 1175 1080 quod
1206 1008 1470 1078 supplicio
1510 1008 1731 1061 traditos
1756 1021 1862 1060 non

312 1122 477 1177 eruat;
503 1110 591 1165 sed
634 1108 774 1178 quod
802 1148 817 1171 ,
847 1117 904 1159 ut
929 1105 1072 1168 dixi,
1100 1117 1359 1173 sequaces
1398 1116 1526 1155 suos
1570 1098 1864 1154 innumeris

313 1208 476 1258 obruat
504 1202 671 1256 malis.
718 1199 984 1252 Plurimos
1025 1196 1168 1249 enim
1195 1209 1260 1247 ex
1291 1192 1355 1246 iis
1384 1193 1472 1261 qui
1503 1190 1572 1246 ibi
1617 1190 1863 1244 crucian-

314 1307 418 1359 tur,
448 1293 613 1346 videre
652 1299 737 1344 est
776 1289 897 1342 ideo
924 1284 1187 1356 supplicio
1218 1283 1443 1337 traditos
1468 1323 1482 1347 ,
1509 1281 1650 1351 quod
1699 1294 1863 1349 pecu-

312 1385 399 1438 niis
425 1381 697 1437 servierint
722 1388 777 1434 et
800 1393 987 1432 aurum
1015 1375 1244 1431 amarint
1264 1416 1278 1440 ,
1300 1373 1588 1443 egenisque
1610 1387 1716 1426 non
1742 1384 1861 1425 ero-

307 1477 477 1547 garint.
509 1476 633 1542 Quae
679 1488 745 1527 ne
773 1486 872 1526 nos
892 1484 1103 1540 quoque
1132 1467 1423 1537 patiamur,
1448 1465 1819 1534 dispergatnus
1843 1504 1860 1529 ,

306 1569 476 1622 demus
503 1563 855 1635 pauperibus,
903 1560 1136 1613 animam
1181 1566 1416 1612 nostram
1462 1569 1713 1609 eruamus
1741 1563 1796 1609 et
1832 1570 1862 1607 a

306 1681 2358 1711 _____________________________________..._

1972 553 2143 607 noxiis
2184 552 2343 623 hujus
2396 557 2522 609 vita:
2566 557 2744 625 curis,
2774 568 2827 613 et
2854 576 2885 615 a
2932 566 3194 634 supplicio
3238 568 3345 623 illic
3391 575 3544 630 nobis

1971 655 2156 715 parato
2187 665 2199 700 :
2225 646 2555 714 deponamus
2577 647 2838 718 justitiam
2870 654 2921 708 in
2950 657 3094 711 ca-lis
3126 675 3138 709 :
3171 660 3287 714 loco
3310 668 3549 717 terrena-

1968 754 2085 792 rum
2103 753 2262 808 opum
2287 738 2600 808 colligamus
2624 741 2904 799 thesauros
2926 748 3013 816 qui
3035 750 3238 804 absumi
3264 764 3548 824 nequeant,

1972 830 2251 886 thesauros
2277 832 2365 901 qui
2390 832 2595 900 possint
2621 834 2898 889 nobiseum
2928 838 2979 891 in
3010 840 3199 894 caelum
3234 845 3511 911 pervenire
3530 886 3546 911 ,

1968 922 2059 991 qni
2089 926 2294 990 possint
2333 924 2488 977 nobis
2520 925 2942 994 periclitantibus
2980 933 3297 997 patrocinari
3329 945 3382 990 et
3406 937 3545 1006 judi-

1968 1029 2084 1067 cent
2115 1013 2343 1068 reddere
2372 1016 2689 1084 propitiant;
2718 1033 2874 1087 quem
2912 1020 3114 1074 utinam
3146 1033 3201 1078 et
3249 1042 3389 1081 nunc
3415 1038 3467 1082 et
3494 1030 3545 1083 in

1969 1106 2060 1161 illa
2086 1106 2173 1161 die
2202 1107 2487 1177 propitium
2515 1108 2773 1164 habentes
2792 1153 2807 1177 ,
2837 1126 2956 1165 cmn
2982 1112 3229 1170 libertate
3259 1118 3415 1174 bonis
3441 1119 3546 1174 illis

1970 1198 2022 1250 in
2052 1198 2185 1251 caelo
2217 1197 2414 1266 paratis
2448 1198 2512 1251 iis
2537 1199 2625 1268 qui
2655 1210 2800 1254 recte
2826 1200 3050 1271 diligunt
3076 1219 3196 1257 emn
3222 1248 3235 1268 ,
3266 1204 3541 1262 fruamur:

1967 1288 2135 1358 gratia
2177 1299 2232 1342 et
2270 1289 2595 1358 benignitate
2647 1292 2858 1347 Domini
2913 1295 3081 1349 nostri
3129 1296 3255 1351 Jesu
3306 1296 3502 1354 Christi
3532 1343 3545 1363 .

1967 1379 2179 1448 quicum
2211 1378 2351 1432 Patri
2380 1380 2548 1449 gloria
2580 1397 2790 1452 unaque
2820 1395 3005 1438 saneto
3034 1386 3274 1456 Spiritui,
3308 1406 3447 1445 nunc
3495 1402 3550 1447 et

1968 1483 2215 1538 semper,
2247 1479 2298 1524 et
2327 1469 2381 1523 iu
2412 1471 2604 1525 szecula
2633 1474 2973 1529 ssecnlornm.
3003 1477 3191 1532 Amen.

2364 1685 3509 1711 _.._._______.._________

1672 1762 2019 1825 HOMILIA
2054 1762 2169 1823 IX.

382 1917 461 1970 il.
486 1914 550 1969 In
577 1915 789 1984 propria
816 1912 968 1978 venit,
999 1921 1043 1964 et
1069 1916 1148 1963 sui
1177 1925 1288 1962 eum
1315 1925 1416 1962 non
1454 1915 1770 1974 receperunt.

367 2010 413 2060 l.
438 2007 491 2061 Si
517 2006 757 2076 priorum
780 2003 1199 2059 reminiscamini
1226 2043 1242 2067 ,
1268 2016 1388 2070 qua:
1415 2007 1710 2069 sequuntur
1735 2012 1857 2052 cum

301 2097 468 2165 majori
511 2098 789 2151 alacritate
832 2093 1187 2162 adjiciemus,
1232 2101 1415 2161 utpote
1462 2090 1552 2160 qui
1606 2104 1856 2159 magnum

304 2190 584 2259 impendere
611 2189 825 2244 lucrum
870 2187 1167 2241 videamus.
1210 2185 1280 2238 ita
1329 2185 1470 2238 enim
1520 2182 1670 2237 vobis
1699 2188 1858 2248 captu

301 2281 486 2336 facilior
512 2296 691 2335 sermo
733 2280 837 2335 crit
860 2319 876 2343 ,
907 2278 952 2333 si
988 2277 1098 2345 jam
1146 2276 1410 2331 dictorum
1465 2272 1855 2335 memineritis;

300 2373 537 2443 nobisque
574 2389 683 2429 non
714 2372 884 2426 inulto
923 2384 1056 2439 opus
1096 2368 1200 2423 erit
1242 2368 1458 2431 laboro,
1504 2381 1625 2418 cum
1669 2378 1764 2417 vos
1792 2378 1858 2416 ex

296 2465 513 2520 discendi
561 2464 859 2534 cupiditate
907 2461 1117 2515 acutius
1154 2468 1350 2514 caetera
1396 2455 1711 2525 dispicietis.
1756 2453 1856 2520 Qui

298 2558 426 2610 enim
470 2574 530 2610 ea
575 2572 701 2627 qua:
731 2554 924 2608 tradita
954 2562 1080 2607 sunt
1111 2565 1326 2619 semper
1369 2547 1604 2613 amittit,
1635 2544 1859 2600 doctore

291 2661 483 2716 semper
508 2649 708 2718 egebit,
744 2662 844 2701 nec
873 2658 1127 2713 umquam
1152 2643 1284 2696 sciet
1313 2640 1620 2711 quidpiam;
1650 2638 1740 2704 qui
1762 2653 1857 2691 au-

298 2750 392 2794 tem
417 2752 631 2811 accepta
660 2739 895 2795 custodit
917 2780 933 2805 ,
965 2749 1016 2793 et
1044 2738 1241 2806 reliqua
1271 2733 1620 2804 superaddit,
1650 2733 1758 2786 cito
1787 2744 1855 2785 ex

293 2831 534 2899 discipulo
580 2833 841 2901 magister
883 2829 1024 2892 erit,
1077 2844 1176 2883 nec
1212 2827 1312 2881 sibi
1363 2825 1570 2889 solum,
1600 2822 1695 2877 sed
1738 2820 1856 2875 aliis

293 2937 485 2991 quoque
510 2924 679 2977 utilis.
706 2919 1017 2989 Huiusmodi
1042 2933 1204 2986 spero
1231 2918 1341 2971 lore
1363 2915 1499 2970 hanc
1519 2912 1851 2976 concionem,

293 3011 434 3081 idque
475 3029 538 3067 ex
564 3022 718 3067 tanto
748 3022 928 3065 vestro
966 3009 1218 3064 audiendi
1249 3007 1426 3061 studio
1465 3021 1715 3076 auguror.
1744 3006 1855 3075 Age

291 3118 427 3172 ergo,
456 3105 508 3158 in
536 3105 739 3160 vestris
769 3103 982 3167 animis,
1020 3100 1174 3169 quasi
1197 3100 1250 3153 in
1284 3098 1549 3152 tutissimo
1580 3098 1850 3161 thesauro,

288 3207 548 3266 argentum
600 3197 814 3252 Domini
843 3196 1179 3264 deponamus
1201 3233 1216 3258 ,
1243 3201 1300 3247 et
1343 3206 1466 3261 qua:
1506 3190 1661 3243 nobis
1692 3188 1852 3242 hodie

292 3291 543 3358 proposita
594 3299 751 3353 sunt,
780 3297 1038 3359 quantum
1069 3285 1225 3340 nobis
1253 3284 1486 3353 Spiritus
1515 3281 1681 3352 gratia
1724 3295 1853 3349 sup-

289 3380 541 3449 peditabit,
570 3382 923 3451 ettplicemus.
961 3379 1211 3441 Dixerat,
1247 3374 1473 3428 Mundus
1502 3390 1615 3427 eum
1641 3389 1741 3425 non
1767 3387 1855 3425 co-

283 3472 469 3539 gnovit,
521 3474 589 3529 de
635 3470 1028 3542 antiquioribus
1080 3469 1189 3523 illis
1232 3466 1561 3536 temporibus
1607 3465 1848 3534 loquens.

289 3563 553 3619 Descendit
597 3565 796 3621 deinde
836 3563 903 3618 ad
949 3573 1157 3632 tempus
1190 3558 1616 3631 praedicationis,
1650 3565 1705 3611 et
1728 3555 1803 3609 ait
1836 3572 1847 3606 :

287 3653 343 3708 lu
366 3659 568 3727 propria
598 3659 734 3712 venit
758 3698 773 3719 .
802 3666 850 3710 et
878 3655 957 3709 sui
986 3671 1099 3708 eum
1125 3669 1226 3706 non
1256 3660 1574 3721 receperunt.
1598 3649 1735 3705 Suos
1766 3646 1852 3701 hic

283 3744 478 3802 Judaeos
502 3761 682 3814 vocat,
707 3757 766 3802 ut
792 3746 1039 3817 populum
1069 3744 1414 3815 peculiarem,
1442 3742 1522 3796 vel
1549 3742 1710 3795 etiam
1737 3755 1853 3794 om-

282 3850 368 3890 nes
410 3837 655 3894 homines
697 3850 964 3907 tamquam
993 3836 1059 3889 ab
1086 3836 1202 3904 ipso
1223 3842 1451 3888 creatos.
1484 3834 1561 3886 Ac
1589 3830 1850 3900 quemad—

282 3927 478 3980 modum
506 3942 669 3999 supra
695 3928 763 3983 de
820 3929 1106 3981 multorum
1135 3925 1368 3979 amentia
1414 3933 1633 3991 stupens
1656 3963 1669 3987 ,
1705 3931 1758 3975 et
1784 3920 1851 3974 de

256 4026 533 4073 communi
559 4030 748 4074 natura
774 4020 1098 4074 erubescens
1123 4017 1355 4080 dicebat,
1388 4014 1644 4069 mundum
1669 4013 1737 4066 ab
1761 4013 1850 4067 illo

284 4108 543 4163 conditum
565 4152 580 4175 ,
614 4120 912 4165 creatorem
954 4124 1109 4163 suum
1142 4122 1247 4161 non
1277 4106 1588 4176 cognovisse
1620 4122 1634 4159 :
1678 4104 1757 4158 sic
1798 4112 1850 4157 et

281 4196 373 4251 hoc
398 4199 514 4253 loco
539 4200 850 4256 Judaeorum
888 4200 1219 4267 aliorumque
1271 4199 1555 4251 multorum
1585 4197 1849 4266 ingratum

282 4289 503 4344 animum
530 4309 674 4363 aegre
705 4294 884 4348 ferens
903 4333 919 4359 ,
949 4292 1000 4346 in
1025 4292 1324 4361 graviorem
1352 4290 1653 4360 prorumpit
1689 4303 1849 4341 accu-

282 4379 530 4437 sationem
558 4426 573 4447 ,
635 4384 866 4439 dicens:
916 4382 1012 4438 Sui
1057 4400 1170 4436 eun:
1219 4398 1321 4435 non
1366 4390 1699 4449 receperunt,
1750 4378 1850 4433 etsi

284 4467 389 4536 ipse
411 4473 474 4526 ad
517 4475 641 4528 illos
669 4475 898 4530 venerit.
951 4473 1132 4543 Neque
1161 4474 1275 4541 ipse
1303 4472 1476 4526 solum
1506 4512 1522 4536 ,
1554 4470 1648 4523 sed
1691 4468 1850 4522 etiam

284 4563 541 4631 Pmphettc
573 4567 804 4637 idipsum
832 4565 1129 4621 mirabundi
1151 4565 1399 4618 dixerunt
1433 4578 1447 4614 :
1479 4574 1684 4616 necnon
1718 4560 1852 4612 Pau-

282 4651 356 4704 lus
380 4652 461 4707 his
487 4655 558 4712 de
587 4658 748 4712 rebus
793 4657 1198 4726 obstupescens.
1230 4656 1296 4709 Et
1337 4653 1610 4723 prophetis
1639 4651 1850 4721 quidem

278 4757 337 4795 ex
381 4758 611 4813 persona
656 4748 854 4803 Christi
901 4750 1194 4801 clamantes
1237 4748 1533 4800 dixerunt:
1585 4742 1851 4812 Papulas,

278 4848 418 4897 quem
440 4852 545 4891 non
577 4840 786 4907 cognovi
808 4879 821 4903 ,
855 4839 1053 4892 servivit
1086 4839 1209 4891 milii
1238 4856 1253 4891 :
1286 4838 1340 4889 in
1371 4837 1549 4889 auditu
1571 4836 1707 4888 auris
1737 4835 1854 4887 obe-

279 4921 394 4977 dirit
423 4928 569 4982 mihi.
604 4927 722 4984 Filii
745 4931 900 4983 alieni
928 4930 1118 4983 mentiti
1142 4938 1260 4984 sunt
1285 4928 1446 4989 mihi;
1476 4927 1570 4994 ﬁlii
1596 4925 1747 4978 alieni
1774 4925 1853 4976 iu-

280 5018 477 5068 reterati
523 5028 681 5084 sunt,
708 5030 754 5073 et
797 5020 1211 5073 claudicaveruut
1249 5034 1281 5070 a
1319 5017 1507 5070 semitis
1547 5017 1650 5069 suis
1684 5013 1852 5083 (Psal.

281 5102 362 5155 17.
395 5105 482 5160 45.
514 5106 631 5179 46).
661 5109 726 5163 Et
756 5125 970 5164 rursum
1004 5127 1017 5163 :
1052 5109 1247 5176 Quibus
1276 5126 1377 5162 non
1403 5118 1475 5162 est
1500 5117 1765 5160 narratum
1794 5105 1858 5157 de

278 5209 330 5244 eo
349 5233 363 5257 ,
394 5196 636 5251 uidebunt
655 5215 674 5253 :
710 5211 755 5253 et
783 5201 870 5270 qui
919 5216 1020 5252 non
1064 5199 1363 5264 audierunt,
1393 5197 1669 5267 intelligent
1700 5192 1849 5264 (Isai.

279 5280 359 5333 52.
394 5283 483 5355 15)
508 5301 525 5348 ;
556 5297 642 5353 et,
671 5288 914 5343 Inventas
944 5305 1054 5342 sum
1079 5307 1111 5342 a
1135 5305 1234 5343 non
1260 5289 1596 5357 qurerentibus
1622 5301 1736 5341 me:
1765 5301 1858 5355 pit-

280 5373 373 5426 tam
390 5381 618 5446 apparui
643 5381 707 5434 iis
734 5382 819 5449 qui
851 5396 930 5433 me
949 5396 1048 5433 non
1073 5379 1446 5450 interrogabant
1473 5377 1632 5445 (Ibid.
1667 5378 1754 5431 66.
1784 5377 1854 5446 l).

286 5460 475 5519 Paulus
515 5479 696 5524 autem
745 5471 812 5524 ad
844 5470 1115 5524 Romanos
1150 5470 1394 5549 scribens
1436 5468 1644 5522 dicebat
1678 5485 1689 5518 :
1725 5466 1859 5530 Quid

282 5557 433 5623 ergo?
454 5560 600 5625 quod
616 5560 868 5629 quwrebat
900 5559 1066 5613 lsrael
1084 5600 1100 5624 ,
1134 5560 1227 5612 hoc
1258 5576 1359 5613 non
1389 5568 1459 5613 est
1488 5567 1859 5628 consequutus:

284 5646 448 5699 electio
481 5659 649 5703 autem
673 5633 985 5719 consequuta
1015 5662 1085 5704 est
1116 5653 1292 5719 (llam.
1319 5653 1401 5707 ll.
1431 5653 1506 5722 7).
1538 5652 1601 5706 Et
1629 5652 1816 5705 iterum
1847 5669 1857 5702 :

285 5731 413 5794 Quid
444 5757 573 5808 ergo
602 5743 866 5796 dicemus?
901 5741 1047 5808 Quod
1074 5752 1242 5812 gentes
1266 5785 1279 5805 ,
1325 5759 1437 5809 qua:
1469 5760 1567 5796 non
1598 5742 1860 5796 sectaban-

286 5832 357 5876 tur
394 5832 689 5900 justitiam,
733 5834 1171 5901 appreltentlet'mtt
1215 5835 1468 5903 justitiam
1509 5850 1523 5887 :
1558 5833 1721 5889 Israel
1752 5850 1861 5887 vero

1968 1907 2207 1960 sectando
2232 1908 2391 1977 legem
2416 1909 2664 1978 justitior,
2696 1912 2749 1966 in
2774 1913 2934 1985 legem
2961 1918 3178 1988 justiticc
3200 1938 3300 1975 non
3329 1928 3549 1992 pervenit

1973 1998 2146 2069 (Rom.
2175 1998 2230 2053 9.
2265 1999 2376 2070 50).
2409 2000 2515 2056 Res
2539 2013 2622 2058 est
2649 2005 2790 2058 enim
2821 2006 3177 2066 admiratione
3204 2012 3384 2084 digna,
3417 2033 3548 2087 quo-

1968 2089 2129 2144 modo
2157 2090 2190 2142 ii
2217 2093 2305 2160 qui
2347 2095 2397 2145 in
2444 2094 2771 2164 propheticis
2799 2098 2949 2153 libris
2978 2100 3185 2157 educati
3229 2115 3392 2172 sunt,
3425 2111 3545 2179 qui-

1967 2196 2071 2251 que
2113 2184 2351 2252 quotidie
2394 2186 2615 2241 audiunt
2660 2189 2875 2259 Moysen
2923 2193 3201 2250 innumera
3242 2198 3309 2253 de
3349 2200 3546 2256 Christi

1967 2271 2198 2327 adventu
2251 2274 2553 2344 loquentem
2579 2317 2595 2343 ,
2624 2294 2832 2333 necnon
2877 2286 3214 2349 sequentium
3248 2296 3544 2359 temporum

1969 2363 2254 2431 prophetas
2281 2406 2296 2431 ,
2327 2374 2488 2434 atque
2516 2368 2687 2436 ipsum
2729 2368 2999 2427 Christum
3026 2376 3262 2444 quotidie
3291 2360 3545 2435 miracula

1969 2462 2265 2523 patrautem
2289 2495 2305 2522 ,
2337 2473 2564 2527 cutnqne
2611 2461 2740 2530 ipsis
2768 2463 2899 2517 solis
2947 2477 3247 2523 versantem
3273 2511 3289 2535 ,
3318 2472 3543 2527 necdum

1969 2549 2359 2615 permittentetn
2390 2550 2666 2621 discipulis
2693 2565 2749 2608 ut
2778 2556 2830 2609 in
2861 2558 2999 2612 viam
3026 2562 3265 2628 gentium
3291 2563 3500 2620 abirent
3526 2609 3540 2631 ,

1966 2647 2056 2689 aut
2082 2639 2132 2691 in
2162 2640 2432 2695 civitatem
2462 2642 2917 2701 Samaritanorum
2946 2650 3370 2722 ingrederentur,
3401 2659 3542 2725 quod

1966 2743 2138 2797 neque
2157 2731 2270 2798 ipse
2300 2732 2559 2800 faciebat,
2589 2735 2681 2789 sed
2700 2736 3231 2806 l'requenterdicebat
3247 2761 3304 2800 se
3320 2748 3542 2803 missum

1966 2833 2086 2874 esse
2114 2820 2180 2873 ad
2211 2836 2340 2876 oves
2358 2838 2474 2892 qua:
2493 2825 2759 2893 perierant
2775 2827 2967 2884 domus
2982 2829 3144 2888 Israel
3167 2850 3181 2898 ;
3208 2845 3438 2891 attamen
3466 2838 3540 2892 illi

1966 2921 2085 2979 post
2101 2919 2178 2964 tot
2198 2912 2347 2981 signa
2369 2914 2419 2966 in
2441 2915 2664 2983 gratiam
2683 2918 2761 2970 sui
2783 2918 2945 2985 edita,
2970 2936 3089 2976 cum
3109 2927 3390 2994 pmphetas
3410 2943 3542 2998 quo—

1966 3000 2092 3056 tidie
2106 3002 2369 3067 audirent,
2393 3004 2670 3075 ipsumque
2691 3008 2957 3065 Christum
2979 3013 3192 3069 assidue
3208 3028 3535 3081 monentem.

1964 3107 2132 3159 usque
2158 3093 2294 3148 adeo
2332 3110 2504 3151 caecos
2531 3107 2692 3168 atque
2735 3101 2926 3156 surdos
2969 3119 3028 3157 se
3076 3108 3451 3175 prtestiterint,
3483 3122 3540 3165 ut

1964 3183 2111 3235 nullo
2150 3199 2334 3238 eorum
2365 3185 2430 3238 ad
2460 3185 2616 3240 ﬁdem
2667 3189 2718 3242 in
2746 3190 3013 3246 Christum
3042 3193 3216 3249 induci
3249 3201 3535 3267 potuerint.

2034 3274 2257 3329 Externa
2284 3278 2603 3348 philosophia
2627 3296 2777 3350 quam
2802 3286 3021 3338 absurda
3046 3296 3091 3339 et
3105 3290 3285 3357 turpis.
3305 3321 3374 3330 —
3391 3291 3536 3347 Cenv

1962 3359 2095 3418 tiles
2122 3376 2298 3421 autem
2330 3369 2466 3423 nihil
2505 3370 2692 3425 horum
2732 3378 3043 3444 consequuti
3075 3418 3091 3442 ,
3116 3378 3290 3433 divina
3322 3385 3534 3438 oracula

1963 3470 2030 3509 ne
2054 3457 2104 3510 in
2129 3459 2330 3512 somnis
2350 3460 2563 3529 quidem
2615 3463 2893 3519 audierant
2921 3484 2936 3532 ;
2971 3468 3063 3521 sed
3094 3470 3143 3523 in
3176 3470 3363 3526 fabulis
3392 3477 3535 3527 insa-

1960 3546 2216 3602 nientium
2247 3551 2438 3605 versati
2464 3551 2483 3624 (
2514 3553 2591 3606 sic
2618 3555 2760 3608 enim
2788 3571 2918 3610 voco
2940 3568 3215 3613 externam
3247 3563 3389 3616 illam
3420 3565 3536 3633 phi-

1962 3637 2298 3712 losophiam)
2325 3652 2378 3696 et
2411 3653 2684 3711 poetarum
2720 3647 3066 3704 deliramenta
3098 3662 3382 3709 tractantes
3415 3696 3429 3720 ,
3473 3656 3536 3709 li—

1957 3731 2077 3800 gnis
2120 3740 2176 3787 et
2216 3733 2476 3801 lapidibus
2516 3736 2712 3791 addicti
2743 3751 2895 3793 erant
2921 3782 2936 3807 ,
2974 3756 3072 3797 nec
3107 3744 3189 3798 vel
3213 3745 3263 3799 in
3293 3746 3533 3802 doctrina

1963 3821 2045 3874 vel
2076 3822 2126 3875 in
2160 3837 2367 3878 morum
2388 3826 2668 3896 disciplina
2689 3828 2957 3899 quidpiam
2985 3848 3171 3888 sanmn
3192 3836 3272 3890 vel
3288 3838 3412 3893 utile
3434 3855 3531 3893 no-

1959 3920 2178 3978 verant;
2206 3914 2311 3967 vita
2342 3916 2533 3986 quippe
2561 3917 2767 3972 illormn
2810 3921 3063 3990 impurior
3093 3940 3250 3994 quam
3296 3927 3532 3984 doctrina

1957 4002 2336 4074 scelestiorque
2352 4015 2486 4060 erat.
2506 4008 2639 4074 Quid
2672 4020 2845 4065 autem
2878 4014 3017 4067 aliud
3047 4017 3367 4083 sperandum
3396 4029 3529 4083 erat,

1954 4107 2073 4146 cum
2103 4094 2233 4150 deos
2261 4111 2389 4150 suos
2416 4098 2657 4155 viderent
2682 4103 2842 4157 nullis
2873 4119 2975 4157 non
2995 4104 3203 4174 llagitiis
3218 4108 3530 4176 gaudentes,

1953 4192 2111 4253 atque
2141 4187 2409 4242 obscoenis
2434 4191 2610 4244 verbis
2633 4233 2648 4256 ,
2678 4194 3207 4265 obscmnioribusque
3230 4199 3387 4254 rebus
3416 4202 3533 4254 cul-

1956 4286 2037 4331 tos
2067 4295 2078 4328 ε
2112 4279 2224 4332 lucc
2257 4294 2351 4347 pro
2383 4279 2530 4334 festis
2559 4281 2747 4336 diebus
2771 4292 2825 4337 et
2855 4300 2950 4353 pro
2976 4285 3179 4341 honore
3224 4287 3482 4345 habentes
3515 4311 3529 4347 τ

1953 4370 2018 4423 ad
2050 4370 2161 4423 haec
2186 4373 2346 4425 etiam
2380 4372 2621 4427 nefandis
2668 4375 2901 4430 caedibus
2931 4419 2944 4441 ,
2990 4393 3383 4450 puerorumque
3416 4398 3531 4438 ma-

1954 4463 2276 4516 ctationibus
2304 4463 2611 4529 honoratos,
2637 4467 2808 4535 quain
2836 4482 2893 4522 re
2923 4468 3051 4523 deos
3082 4470 3179 4537 ipsi
3206 4486 3330 4525 suos
3359 4473 3535 4527 imita-

1958 4553 2166 4606 bantur.
2195 4557 2440 4610 Attamen
2466 4556 2516 4610 in
2548 4557 2717 4625 ipsum
2742 4560 2993 4627 nequitia:
3022 4560 3344 4629 profundum
3377 4564 3533 4634 lapsi,

1959 4655 2176 4712 repente
2197 4648 2348 4715 quasi
2373 4663 2466 4717 per
2490 4649 2772 4717 quamdam
2799 4651 3096 4706 machinam
3124 4653 3381 4709 sublimes
3408 4658 3535 4724 arti,

1955 4756 2020 4794 ex
2050 4740 2164 4807 ipso
2190 4739 2441 4794 caelorum
2473 4740 2671 4794 vertice
2692 4741 2943 4796 sublimes
2969 4743 3122 4797 nobis
3151 4759 3533 4813 apparuerunt.

1959 4829 2013 4883 Id
2041 4845 2169 4884 vero
2200 4828 2467 4899 quomodo
2493 4837 2547 4882 et
2581 4830 2719 4883 unde
2746 4831 2960 4885 evenit?
2989 4833 3124 4886 Audi
3154 4834 3373 4889 Paulum
3414 4853 3534 4889 nar-

1960 4931 2187 4975 rantem.
2226 4922 2417 4974 Beatus
2443 4921 2641 4990 quippe
2669 4921 2760 4976 ille
2792 4963 2807 4987 ,
2838 4922 2963 4976 dum
3009 4923 3123 4979 lucc
3152 4926 3433 4996 diligenter
3466 4929 3536 4982 itt-

1958 5013 2213 5081 quireret,
2242 5028 2344 5065 non
2385 5014 2614 5066 cessavit
2657 5012 2829 5070 donec
2858 5029 3070 5069 causam
3116 5019 3446 5083 invenisset,
3478 5030 3533 5073 ut

1959 5103 2206 5156 omnibus
2250 5103 2499 5172 aperiret.
2546 5105 2799 5171 Quasnam
2834 5106 2918 5160 illa
2950 5117 3032 5162 est
3064 5150 3078 5173 ,
3128 5120 3181 5160 et
3215 5109 3351 5163 unde
3395 5118 3535 5162 tanta

1960 5196 2168 5249 οωοίιης
2197 5195 2323 5263 ipsis
2353 5194 2642 5249 obvenerat
2665 5196 2688 5247 ’ἶ
2710 5198 2845 5251 Audi
2877 5197 3023 5251 illum
3050 5199 3135 5252 cui
3170 5198 3271 5251 hoc
3298 5199 3538 5254 ministe-

1963 5290 2098 5342 rium
2124 5289 2385 5342 creditum
2414 5288 2605 5343 fuerat.
2638 5290 2773 5357 Quid
2805 5306 2932 5361 ergo
2961 5292 3088 5345 dicit
3113 5333 3126 5355 ,
3160 5304 3215 5345 ut
3244 5293 3524 5347 dubitatio-

1963 5397 2083 5435 nem
2125 5380 2411 5434 multornm
2447 5382 2616 5436 solvat
2644 5382 2667 5434 ?
2712 5381 3015 5453 Ignorantes
3033 5384 3289 5453 justitiam
3333 5383 3426 5438 Dei
3452 5429 3464 5446 ,
3495 5397 3541 5440 et

1962 5481 2237 5539 quwrcntes
2265 5473 2524 5541 propriam
2542 5472 2799 5541 justitiam
2825 5483 3061 5535 statuere,
3079 5472 3298 5542 justitiw
3329 5474 3421 5529 Dei
3440 5494 3540 5529 non

1965 5575 2078 5617 sunt
2097 5563 2304 5634 subjecti
2328 5563 2600 5631 (Rom.10.
2622 5563 2698 5631 5).
2725 5564 3006 5631 Propterea
3026 5565 3214 5634 ergoid
3240 5567 3538 5636 passisunt.

1969 5657 2042 5708 Ac
2067 5670 2249 5707 rursus
2274 5653 2496 5721 idipsnm
2535 5653 2692 5706 aliter
2727 5654 2997 5720 explicans
3036 5654 3164 5709 dicit
3200 5675 3212 5708 :
3264 5658 3396 5720 Quid
3426 5674 3541 5725 ergo

1968 5746 2183 5796 dicemus
2211 5744 2233 5797 ζ’
2267 5744 2413 5809 Quod
2456 5754 2623 5814 gentes
2651 5760 2762 5808 quis
2783 5761 2881 5796 non
2908 5746 3225 5799 sectabantur
3246 5747 3498 5813 justitiam
3525 5781 3536 5797 .

1974 5834 2409 5902 apprelwmlerunt
2441 5835 2692 5902 justitiam
2719 5852 2735 5888 .·
2749 5836 3001 5904 justitiam
3040 5847 3203 5890 autem
3228 5851 3339 5903 qua’
3361 5851 3421 5888 ea:
3446 5836 3547 5899 [ide
