  <div class='ocr_page' id='page_1' title='image "/cluster/home/n/w/nwhite01/storage/ocr_20150623/59/mdp.39015009383640/069.png"; bbox 0 0 4370 6306; ppageno 0'>
   <div class='ocr_carea' id='block_1_1' title="bbox 643 256 3925 337">
    <p class='ocr_par' dir='ltr' id='par_1_1' title="bbox 643 256 3925 337">
     <span class='ocr_line' id='line_1_1' title="bbox 643 256 3925 337; baseline 0.002 -20"><span class='ocrx_word' id='word_1_1' title='bbox 643 273 697 326; x_wconf 76' lang='grc' dir='ltr'><strong>τί</strong></span> <span class='ocrx_word' id='word_1_2' title='bbox 1351 263 1405 317; x_wconf 88' lang='lat' dir='ltr'><strong>S.</strong></span> <span class='ocrx_word' id='word_1_3' title='bbox 1446 258 1724 316; x_wconf 77' lang='lat' dir='ltr'><strong>JOANNIS</strong></span> <span class='ocrx_word' id='word_1_4' title='bbox 1758 256 2227 319; x_wconf 75' lang='lat' dir='ltr'><strong>CllRYSOSTOMl</strong></span> <span class='ocrx_word' id='word_1_5' title='bbox 2266 257 2583 316; x_wconf 75' lang='lat' dir='ltr'><strong>ARClllEP.</strong></span> <span class='ocrx_word' id='word_1_6' title='bbox 2625 262 3154 326; x_wconf 78' lang='lat' dir='ltr'><strong>CONSTANTINOP.</strong></span> <span class='ocrx_word' id='word_1_7' title='bbox 3857 283 3925 337; x_wconf 64' lang='grc' dir='ltr'><strong>τε</strong></span> 
     </span>
    </p>
   </div>
   <div class='ocr_carea' id='block_1_2' title="bbox 642 369 2230 443">
    <p class='ocr_par' dir='ltr' id='par_1_2' title="bbox 642 369 2230 443">
     <span class='ocr_line' id='line_1_2' title="bbox 642 369 2230 443; baseline -0.007 -10"><span class='ocrx_word' id='word_1_8' title='bbox 642 393 733 435; x_wconf 81' lang='lat' dir='ltr'><strong>est.</strong></span> <span class='ocrx_word' id='word_1_9' title='bbox 758 378 925 435; x_wconf 75' lang='lat' dir='ltr'><strong>Israel</strong></span> <span class='ocrx_word' id='word_1_10' title='bbox 944 395 1058 434; x_wconf 76' lang='lat' dir='ltr'><strong>vero</strong></span> <span class='ocrx_word' id='word_1_11' title='bbox 1084 374 1317 432; x_wconf 74' lang='lat' dir='ltr'><strong>sectanda</strong></span> <span class='ocrx_word' id='word_1_12' title='bbox 1330 375 1485 443; x_wconf 77' lang='lat' dir='ltr'><strong>legem</strong></span> <span class='ocrx_word' id='word_1_13' title='bbox 1497 371 1734 443; x_wconf 74' lang='lat' dir='ltr'><strong>justitia&#39;,</strong></span> <span class='ocrx_word' id='word_1_14' title='bbox 1763 372 1816 425; x_wconf 87' lang='lat' dir='ltr'><strong>in</strong></span> <span class='ocrx_word' id='word_1_15' title='bbox 1841 371 1996 441; x_wconf 86' lang='lat' dir='ltr'><em>legem</em></span> <span class='ocrx_word' id='word_1_16' title='bbox 2013 369 2230 441; x_wconf 77' lang='lat' dir='ltr'><strong>justitite</strong></span> 
     </span>
    </p>
   </div>
   <div class='ocr_carea' id='block_1_3' title="bbox 648 463 2229 545">
    <p class='ocr_par' dir='ltr' id='par_1_3' title="bbox 648 463 2229 545">
     <span class='ocr_line' id='line_1_3' title="bbox 648 463 2229 545; baseline -0.008 -18"><span class='ocrx_word' id='word_1_17' title='bbox 648 493 747 531; x_wconf 84' lang='lat' dir='ltr'><strong>non</strong></span> <span class='ocrx_word' id='word_1_18' title='bbox 773 474 1012 545; x_wconf 76' lang='lat' dir='ltr'><strong>peruenit.</strong></span> <span class='ocrx_word' id='word_1_19' title='bbox 1045 470 1138 522; x_wconf 84' lang='lat' dir='ltr'><strong>Dic</strong></span> <span class='ocrx_word' id='word_1_20' title='bbox 1155 485 1257 538; x_wconf 91' lang='lat' dir='ltr'><strong>qua</strong></span> <span class='ocrx_word' id='word_1_21' title='bbox 1284 467 1347 521; x_wconf 85' lang='lat' dir='ltr'><strong>de</strong></span> <span class='ocrx_word' id='word_1_22' title='bbox 1368 482 1522 521; x_wconf 79' lang='lat' dir='ltr'><strong>causa</strong></span> <span class='ocrx_word' id='word_1_23' title='bbox 1541 466 1567 519; x_wconf 85' lang='lat'><strong><em>?</em></strong></span> <span class='ocrx_word' id='word_1_24' title='bbox 1595 466 1727 531; x_wconf 84' lang='lat' dir='ltr'><strong>Quia</strong></span> <span class='ocrx_word' id='word_1_25' title='bbox 1745 481 1844 518; x_wconf 86' lang='lat' dir='ltr'><strong>non</strong></span> <span class='ocrx_word' id='word_1_26' title='bbox 1873 480 1934 518; x_wconf 79' lang='lat' dir='ltr'><strong>ea;</strong></span> <span class='ocrx_word' id='word_1_27' title='bbox 1963 463 2065 532; x_wconf 80' lang='lat' dir='ltr'><strong>ﬁde</strong></span> <span class='ocrx_word' id='word_1_28' title='bbox 2093 478 2110 516; x_wconf 92' lang='lat'><strong><em>:</em></strong></span> <span class='ocrx_word' id='word_1_29' title='bbox 2135 464 2229 515; x_wconf 82' lang='lat' dir='ltr'><strong>im-</strong></span> 
     </span>
    </p>
   </div>
   <div class='ocr_carea' id='block_1_4' title="bbox 644 553 2226 636">
    <p class='ocr_par' dir='ltr' id='par_1_4' title="bbox 644 553 2226 636">
     <span class='ocr_line' id='line_1_4' title="bbox 644 553 2226 636; baseline -0.008 -19"><span class='ocrx_word' id='word_1_30' title='bbox 644 576 885 636; x_wconf 66' lang='lat' dir='ltr'><strong>pegerunt</strong></span> <span class='ocrx_word' id='word_1_31' title='bbox 913 562 1043 615; x_wconf 82' lang='lat' dir='ltr'><strong>enim</strong></span> <span class='ocrx_word' id='word_1_32' title='bbox 1070 560 1121 613; x_wconf 88' lang='lat' dir='ltr'><strong>iu</strong></span> <span class='ocrx_word' id='word_1_33' title='bbox 1148 557 1371 628; x_wconf 84' lang='lat' dir='ltr'><strong>lapidem</strong></span> <span class='ocrx_word' id='word_1_34' title='bbox 1404 554 1696 622; x_wconf 72' lang='lat' dir='ltr'><strong>offensionis</strong></span> <span class='ocrx_word' id='word_1_35' title='bbox 1723 554 1897 627; x_wconf 86' lang='lat' dir='ltr'><strong><em>(Rom.</em></strong></span> <span class='ocrx_word' id='word_1_36' title='bbox 1928 555 1981 610; x_wconf 87' lang='lat'><strong>9.</strong></span> <span class='ocrx_word' id='word_1_37' title='bbox 2011 553 2226 624; x_wconf 71' lang='lat'><strong>30-32);</strong></span> 
     </span>
    </p>
   </div>
   <div class='ocr_carea' id='block_1_5' title="bbox 648 647 2229 720">
    <p class='ocr_par' dir='ltr' id='par_1_5' title="bbox 648 647 2229 720">
     <span class='ocr_line' id='line_1_5' title="bbox 648 647 2229 720; baseline -0.005 -11"><span class='ocrx_word' id='word_1_38' title='bbox 648 659 752 711; x_wconf 81' lang='lat' dir='ltr'><strong>hoc</strong></span> <span class='ocrx_word' id='word_1_39' title='bbox 802 666 905 720; x_wconf 83' lang='lat' dir='ltr'><strong>est,</strong></span> <span class='ocrx_word' id='word_1_40' title='bbox 947 650 1294 710; x_wconf 86' lang='lat' dir='ltr'><strong>incredulitas</strong></span> <span class='ocrx_word' id='word_1_41' title='bbox 1316 650 1420 705; x_wconf 85' lang='lat' dir='ltr'><strong>illis</strong></span> <span class='ocrx_word' id='word_1_42' title='bbox 1444 664 1601 703; x_wconf 85' lang='lat' dir='ltr'><strong>causa</strong></span> <span class='ocrx_word' id='word_1_43' title='bbox 1634 649 1893 702; x_wconf 87' lang='lat' dir='ltr'><strong>malorum</strong></span> <span class='ocrx_word' id='word_1_44' title='bbox 1924 648 2020 701; x_wconf 91' lang='lat' dir='ltr'><strong>fuit</strong></span> <span class='ocrx_word' id='word_1_45' title='bbox 2051 664 2063 701; x_wconf 89' lang='lat'><strong>:</strong></span> <span class='ocrx_word' id='word_1_46' title='bbox 2094 647 2229 701; x_wconf 90' lang='lat' dir='ltr'><strong>hanc</strong></span> 
     </span>
    </p>
   </div>
   <div class='ocr_carea' id='block_1_6' title="bbox 647 740 2223 815">
    <p class='ocr_par' dir='ltr' id='par_1_6' title="bbox 647 740 2223 815">
     <span class='ocr_line' id='line_1_6' title="bbox 647 740 2223 815; baseline -0.006 -14"><span class='ocrx_word' id='word_1_47' title='bbox 647 763 773 803; x_wconf 90' lang='lat' dir='ltr'><strong>vero</strong></span> <span class='ocrx_word' id='word_1_48' title='bbox 799 748 1009 815; x_wconf 78' lang='lat' dir='ltr'><strong>peperit</strong></span> <span class='ocrx_word' id='word_1_49' title='bbox 1048 743 1376 813; x_wconf 86' lang='lat' dir='ltr'><strong>arrogantia.</strong></span> <span class='ocrx_word' id='word_1_50' title='bbox 1419 741 1550 807; x_wconf 85' lang='lat' dir='ltr'><strong>Quia</strong></span> <span class='ocrx_word' id='word_1_51' title='bbox 1576 741 1717 794; x_wconf 88' lang='lat' dir='ltr'><strong>enim</strong></span> <span class='ocrx_word' id='word_1_52' title='bbox 1745 749 1899 793; x_wconf 90' lang='lat' dir='ltr'><strong>antea</strong></span> <span class='ocrx_word' id='word_1_53' title='bbox 1933 740 2047 808; x_wconf 87' lang='lat' dir='ltr'><strong>plus</strong></span> <span class='ocrx_word' id='word_1_54' title='bbox 2066 753 2223 807; x_wconf 88' lang='lat' dir='ltr'><strong>quam</strong></span> 
     </span>
    </p>
   </div>
   <div class='ocr_carea' id='block_1_7' title="bbox 639 832 2223 907">
    <p class='ocr_par' dir='ltr' id='par_1_7' title="bbox 639 832 2223 907">
     <span class='ocr_line' id='line_1_7' title="bbox 639 832 2223 907; baseline -0.006 -13"><span class='ocrx_word' id='word_1_55' title='bbox 639 838 868 907; x_wconf 77' lang='lat' dir='ltr'><strong>gentiles</strong></span> <span class='ocrx_word' id='word_1_56' title='bbox 895 836 1153 892; x_wconf 77' lang='lat' dir='ltr'><strong>habentes</strong></span> <span class='ocrx_word' id='word_1_57' title='bbox 1184 875 1200 899; x_wconf 94' lang='lat'><strong>,</strong></span> <span class='ocrx_word' id='word_1_58' title='bbox 1230 834 1373 903; x_wconf 91' lang='lat' dir='ltr'><strong>quod</strong></span> <span class='ocrx_word' id='word_1_59' title='bbox 1423 848 1613 901; x_wconf 94' lang='lat' dir='ltr'><strong>nempe</strong></span> <span class='ocrx_word' id='word_1_60' title='bbox 1651 833 1820 901; x_wconf 80' lang='lat' dir='ltr'><strong>legem</strong></span> <span class='ocrx_word' id='word_1_61' title='bbox 1848 832 2178 901; x_wconf 82' lang='lat' dir='ltr'><strong>accepissent</strong></span> <span class='ocrx_word' id='word_1_62' title='bbox 2210 873 2223 896; x_wconf 90' lang='lat'><strong>,</strong></span> 
     </span>
    </p>
   </div>
   <div class='ocr_carea' id='block_1_8' title="bbox 646 924 2227 995">
    <p class='ocr_par' dir='ltr' id='par_1_8' title="bbox 646 924 2227 995">
     <span class='ocr_line' id='line_1_8' title="bbox 646 924 2227 995; baseline -0.006 -11"><span class='ocrx_word' id='word_1_63' title='bbox 646 931 812 988; x_wconf 87' lang='lat' dir='ltr'><strong>Deum</strong></span> <span class='ocrx_word' id='word_1_64' title='bbox 850 935 1074 983; x_wconf 77' lang='lat' dir='ltr'><strong>nossent</strong></span> <span class='ocrx_word' id='word_1_65' title='bbox 1103 968 1119 994; x_wconf 92' lang='lat'><strong>,</strong></span> <span class='ocrx_word' id='word_1_66' title='bbox 1151 937 1205 982; x_wconf 91' lang='lat' dir='ltr'><strong>et</strong></span> <span class='ocrx_word' id='word_1_67' title='bbox 1234 926 1336 981; x_wconf 86' lang='lat' dir='ltr'><strong>alia</strong></span> <span class='ocrx_word' id='word_1_68' title='bbox 1378 940 1497 995; x_wconf 72' lang='lat' dir='ltr'><strong>qum</strong></span> <span class='ocrx_word' id='word_1_69' title='bbox 1538 924 1732 978; x_wconf 83' lang='lat' dir='ltr'><strong>Paulus</strong></span> <span class='ocrx_word' id='word_1_70' title='bbox 1764 933 2024 978; x_wconf 83' lang='lat' dir='ltr'><strong>memorat</strong></span> <span class='ocrx_word' id='word_1_71' title='bbox 2057 964 2072 988; x_wconf 93' lang='lat'><strong>,</strong></span> <span class='ocrx_word' id='word_1_72' title='bbox 2108 932 2227 992; x_wconf 88' lang='lat' dir='ltr'><strong>post</strong></span> 
     </span>
    </p>
   </div>
   <div class='ocr_carea' id='block_1_9' title="bbox 641 1013 2225 1089">
    <p class='ocr_par' dir='ltr' id='par_1_9' title="bbox 641 1013 2225 1089">
     <span class='ocr_line' id='line_1_9' title="bbox 641 1013 2225 1089; baseline -0.007 -12"><span class='ocrx_word' id='word_1_73' title='bbox 641 1020 841 1077; x_wconf 80' lang='lat' dir='ltr'><strong>Christi</strong></span> <span class='ocrx_word' id='word_1_74' title='bbox 873 1020 1159 1075; x_wconf 78' lang='lat' dir='ltr'><strong>adventum</strong></span> <span class='ocrx_word' id='word_1_75' title='bbox 1205 1016 1432 1089; x_wconf 79' lang='lat' dir='ltr'><strong>gentiles</strong></span> <span class='ocrx_word' id='word_1_76' title='bbox 1480 1015 1725 1070; x_wconf 84' lang='lat' dir='ltr'><strong>viderunt</strong></span> <span class='ocrx_word' id='word_1_77' title='bbox 1771 1029 1867 1084; x_wconf 89' lang='lat' dir='ltr'><strong>per</strong></span> <span class='ocrx_word' id='word_1_78' title='bbox 1901 1013 2059 1068; x_wconf 82' lang='lat' dir='ltr'><strong>ﬁdem</strong></span> <span class='ocrx_word' id='word_1_79' title='bbox 2103 1029 2225 1066; x_wconf 91' lang='lat' dir='ltr'><strong>cum</strong></span> 
     </span>
    </p>
   </div>
   <div class='ocr_carea' id='block_1_10' title="bbox 645 1103 2226 1186">
    <p class='ocr_par' dir='ltr' id='par_1_10' title="bbox 645 1103 2226 1186">
     <span class='ocr_line' id='line_1_10' title="bbox 645 1103 2226 1186; baseline -0.006 -20"><span class='ocrx_word' id='word_1_80' title='bbox 645 1118 761 1186; x_wconf 86' lang='lat' dir='ltr'><strong>part</strong></span> <span class='ocrx_word' id='word_1_81' title='bbox 788 1127 972 1167; x_wconf 89' lang='lat' dir='ltr'><strong>secum</strong></span> <span class='ocrx_word' id='word_1_82' title='bbox 999 1110 1205 1164; x_wconf 90' lang='lat' dir='ltr'><strong>honore</strong></span> <span class='ocrx_word' id='word_1_83' title='bbox 1231 1117 1447 1163; x_wconf 88' lang='lat' dir='ltr'><strong>vocatos</strong></span> <span class='ocrx_word' id='word_1_84' title='bbox 1475 1147 1492 1172; x_wconf 97' lang='lat'><strong>,</strong></span> <span class='ocrx_word' id='word_1_85' title='bbox 1523 1120 1586 1160; x_wconf 92' lang='lat' dir='ltr'><strong>ac</strong></span> <span class='ocrx_word' id='word_1_86' title='bbox 1611 1114 1730 1174; x_wconf 85' lang='lat' dir='ltr'><strong>post</strong></span> <span class='ocrx_word' id='word_1_87' title='bbox 1755 1104 1913 1159; x_wconf 79' lang='lat' dir='ltr'><strong>fidem</strong></span> <span class='ocrx_word' id='word_1_88' title='bbox 1941 1103 2075 1158; x_wconf 84' lang='lat' dir='ltr'><strong>nihil</strong></span> <span class='ocrx_word' id='word_1_89' title='bbox 2110 1103 2226 1173; x_wconf 82' lang='lat' dir='ltr'><strong>plus</strong></span> 
     </span>
    </p>
   </div>
   <div class='ocr_carea' id='block_1_11' title="bbox 649 1197 2225 1272">
    <p class='ocr_par' dir='ltr' id='par_1_11' title="bbox 649 1197 2225 1272">
     <span class='ocr_line' id='line_1_11' title="bbox 649 1197 2225 1272; baseline -0.008 -13"><span class='ocrx_word' id='word_1_90' title='bbox 649 1205 849 1261; x_wconf 88' lang='lat' dir='ltr'><strong>habere</strong></span> <span class='ocrx_word' id='word_1_91' title='bbox 876 1218 998 1259; x_wconf 90' lang='lat' dir='ltr'><strong>eum</strong></span> <span class='ocrx_word' id='word_1_92' title='bbox 1041 1202 1130 1272; x_wconf 86' lang='lat' dir='ltr'><strong>qui</strong></span> <span class='ocrx_word' id='word_1_93' title='bbox 1159 1216 1223 1256; x_wconf 79' lang='lat' dir='ltr'><strong>ex</strong></span> <span class='ocrx_word' id='word_1_94' title='bbox 1255 1197 1665 1254; x_wconf 86' lang='lat' dir='ltr'><strong>circumcisione</strong></span> <span class='ocrx_word' id='word_1_95' title='bbox 1690 1205 1835 1252; x_wconf 86' lang='lat' dir='ltr'><strong>esset</strong></span> <span class='ocrx_word' id='word_1_96' title='bbox 1868 1237 1883 1262; x_wconf 87' lang='lat'><strong>,</strong></span> <span class='ocrx_word' id='word_1_97' title='bbox 1911 1211 2070 1266; x_wconf 89' lang='lat' dir='ltr'><strong>quam</strong></span> <span class='ocrx_word' id='word_1_98' title='bbox 2102 1210 2225 1249; x_wconf 90' lang='lat' dir='ltr'><strong>eum</strong></span> 
     </span>
    </p>
   </div>
   <div class='ocr_carea' id='block_1_12' title="bbox 645 1287 2224 1367">
    <p class='ocr_par' dir='ltr' id='par_1_12' title="bbox 645 1287 2224 1367">
     <span class='ocr_line' id='line_1_12' title="bbox 645 1287 2224 1367; baseline -0.004 -18"><span class='ocrx_word' id='word_1_99' title='bbox 645 1299 734 1367; x_wconf 88' lang='lat' dir='ltr'><strong>qui</strong></span> <span class='ocrx_word' id='word_1_100' title='bbox 756 1312 819 1351; x_wconf 84' lang='lat' dir='ltr'><strong>ex</strong></span> <span class='ocrx_word' id='word_1_101' title='bbox 843 1294 1090 1365; x_wconf 82' lang='lat' dir='ltr'><strong>gentibus</strong></span> <span class='ocrx_word' id='word_1_102' title='bbox 1112 1293 1428 1349; x_wconf 87' lang='lat' dir='ltr'><strong>accessisset</strong></span> <span class='ocrx_word' id='word_1_103' title='bbox 1462 1309 1476 1345; x_wconf 89' lang='lat'><strong>:</strong></span> <span class='ocrx_word' id='word_1_104' title='bbox 1511 1307 1575 1345; x_wconf 85' lang='lat' dir='ltr'><strong>ex</strong></span> <span class='ocrx_word' id='word_1_105' title='bbox 1600 1289 1847 1359; x_wconf 85' lang='lat' dir='ltr'><strong>superbia</strong></span> <span class='ocrx_word' id='word_1_106' title='bbox 1892 1289 1944 1343; x_wconf 91' lang='lat' dir='ltr'><strong>in</strong></span> <span class='ocrx_word' id='word_1_107' title='bbox 1972 1287 2224 1343; x_wconf 85' lang='lat' dir='ltr'><strong>invidiam</strong></span> 
     </span>
    </p>
   </div>
   <div class='ocr_carea' id='block_1_13' title="bbox 643 1381 2226 1457">
    <p class='ocr_par' dir='ltr' id='par_1_13' title="bbox 643 1381 2226 1457">
     <span class='ocr_line' id='line_1_13' title="bbox 643 1381 2226 1457; baseline -0.006 -13"><span class='ocrx_word' id='word_1_108' title='bbox 643 1383 846 1457; x_wconf 84' lang='lat' dir='ltr'><strong>delapsi</strong></span> <span class='ocrx_word' id='word_1_109' title='bbox 873 1394 997 1441; x_wconf 90' lang='lat' dir='ltr'><strong>sunt</strong></span> <span class='ocrx_word' id='word_1_110' title='bbox 1024 1426 1039 1448; x_wconf 87' lang='lat'><strong>,</strong></span> <span class='ocrx_word' id='word_1_111' title='bbox 1069 1396 1231 1455; x_wconf 90' lang='lat' dir='ltr'><strong>atque</strong></span> <span class='ocrx_word' id='word_1_112' title='bbox 1277 1382 1598 1438; x_wconf 84' lang='lat' dir='ltr'><strong>ineffabilem</strong></span> <span class='ocrx_word' id='word_1_113' title='bbox 1632 1382 1774 1434; x_wconf 83' lang='lat' dir='ltr'><strong>illam</strong></span> <span class='ocrx_word' id='word_1_114' title='bbox 1804 1381 2226 1449; x_wconf 85' lang='lat' dir='ltr'><strong>immensamque</strong></span> 
     </span>
    </p>
   </div>
   <div class='ocr_carea' id='block_1_14' title="bbox 647 1471 2227 1549">
    <p class='ocr_par' dir='ltr' id='par_1_14' title="bbox 647 1471 2227 1549">
     <span class='ocr_line' id='line_1_14' title="bbox 647 1471 2227 1549; baseline -0.004 -13"><span class='ocrx_word' id='word_1_115' title='bbox 647 1482 855 1536; x_wconf 87' lang='lat' dir='ltr'><strong>Domini</strong></span> <span class='ocrx_word' id='word_1_116' title='bbox 881 1479 1259 1549; x_wconf 78' lang='lat' dir='ltr'><strong>benignitatem</strong></span> <span class='ocrx_word' id='word_1_117' title='bbox 1290 1492 1394 1531; x_wconf 90' lang='lat' dir='ltr'><strong>non</strong></span> <span class='ocrx_word' id='word_1_118' title='bbox 1427 1475 1662 1530; x_wconf 88' lang='lat' dir='ltr'><strong>tulerunt</strong></span> <span class='ocrx_word' id='word_1_119' title='bbox 1687 1491 1698 1527; x_wconf 92' lang='lat'><strong>:</strong></span> <span class='ocrx_word' id='word_1_120' title='bbox 1719 1472 1860 1542; x_wconf 89' lang='lat' dir='ltr'><strong>quod</strong></span> <span class='ocrx_word' id='word_1_121' title='bbox 1883 1487 1985 1527; x_wconf 89' lang='lat' dir='ltr'><strong>non</strong></span> <span class='ocrx_word' id='word_1_122' title='bbox 2013 1471 2227 1529; x_wconf 87' lang='lat' dir='ltr'><strong>aliunde</strong></span> 
     </span>
    </p>
   </div>
   <div class='ocr_carea' id='block_1_15' title="bbox 643 1563 2083 1643">
    <p class='ocr_par' dir='ltr' id='par_1_15' title="bbox 643 1563 2083 1643">
     <span class='ocr_line' id='line_1_15' title="bbox 643 1563 2083 1643; baseline -0.008 -16"><span class='ocrx_word' id='word_1_123' title='bbox 643 1571 924 1643; x_wconf 87' lang='lat' dir='ltr'><strong>processit,</strong></span> <span class='ocrx_word' id='word_1_124' title='bbox 956 1584 1112 1639; x_wconf 90' lang='lat' dir='ltr'><strong>quam</strong></span> <span class='ocrx_word' id='word_1_125' title='bbox 1141 1583 1205 1622; x_wconf 89' lang='lat' dir='ltr'><strong>ex</strong></span> <span class='ocrx_word' id='word_1_126' title='bbox 1236 1567 1563 1637; x_wconf 87' lang='lat' dir='ltr'><strong>arrogantia,</strong></span> <span class='ocrx_word' id='word_1_127' title='bbox 1594 1563 1828 1633; x_wconf 87' lang='lat' dir='ltr'><strong>nequitia</strong></span> <span class='ocrx_word' id='word_1_128' title='bbox 1853 1572 1908 1619; x_wconf 92' lang='lat' dir='ltr'><strong>et</strong></span> <span class='ocrx_word' id='word_1_129' title='bbox 1936 1563 2083 1619; x_wconf 91' lang='lat' dir='ltr'><strong>odio.</strong></span> 
     </span>
    </p>
   </div>
   <div class='ocr_carea' id='block_1_16' title="bbox 709 1653 2223 1732">
    <p class='ocr_par' dir='ltr' id='par_1_16' title="bbox 709 1653 2223 1732">
     <span class='ocr_line' id='line_1_16' title="bbox 709 1653 2223 1732; baseline -0.008 -14"><span class='ocrx_word' id='word_1_130' title='bbox 709 1664 767 1718; x_wconf 66' lang='grc' dir='ltr'><strong>ἲ.</strong></span> <span class='ocrx_word' id='word_1_131' title='bbox 790 1662 927 1732; x_wconf 88' lang='lat' dir='ltr'><strong>Quid</strong></span> <span class='ocrx_word' id='word_1_132' title='bbox 956 1662 1122 1728; x_wconf 89' lang='lat' dir='ltr'><strong>enim,</strong></span> <span class='ocrx_word' id='word_1_133' title='bbox 1151 1660 1388 1714; x_wconf 90' lang='lat' dir='ltr'><strong>omnium</strong></span> <span class='ocrx_word' id='word_1_134' title='bbox 1416 1656 1718 1713; x_wconf 82' lang='lat' dir='ltr'><strong>stultissimi</strong></span> <span class='ocrx_word' id='word_1_135' title='bbox 1743 1697 1756 1717; x_wconf 84' lang='lat'><strong>,</strong></span> <span class='ocrx_word' id='word_1_136' title='bbox 1785 1655 1873 1709; x_wconf 87' lang='lat' dir='ltr'><strong>illa</strong></span> <span class='ocrx_word' id='word_1_137' title='bbox 1905 1656 1956 1708; x_wconf 92' lang='lat' dir='ltr'><strong>in</strong></span> <span class='ocrx_word' id='word_1_138' title='bbox 1983 1655 2118 1709; x_wconf 88' lang='lat' dir='ltr'><strong>alios</strong></span> <span class='ocrx_word' id='word_1_139' title='bbox 2144 1653 2223 1707; x_wconf 88' lang='lat' dir='ltr'><strong>ef-</strong></span> 
     </span>
    </p>
   </div>
   <div class='ocr_carea' id='block_1_17' title="bbox 639 1746 2225 1823">
    <p class='ocr_par' dir='ltr' id='par_1_17' title="bbox 639 1746 2225 1823">
     <span class='ocr_line' id='line_1_17' title="bbox 639 1746 2225 1823; baseline -0.009 -12"><span class='ocrx_word' id='word_1_140' title='bbox 639 1759 756 1812; x_wconf 87' lang='lat' dir='ltr'><strong>t&#39;usa</strong></span> <span class='ocrx_word' id='word_1_141' title='bbox 783 1753 1113 1823; x_wconf 88' lang='lat' dir='ltr'><strong>providentia</strong></span> <span class='ocrx_word' id='word_1_142' title='bbox 1136 1751 1289 1806; x_wconf 86' lang='lat' dir='ltr'><strong>vobis</strong></span> <span class='ocrx_word' id='word_1_143' title='bbox 1314 1749 1493 1804; x_wconf 91' lang='lat' dir='ltr'><strong>damni</strong></span> <span class='ocrx_word' id='word_1_144' title='bbox 1512 1746 1703 1802; x_wconf 83' lang='lat' dir='ltr'><strong>all‘ert?</strong></span> <span class='ocrx_word' id='word_1_145' title='bbox 1733 1762 1857 1800; x_wconf 92' lang='lat' dir='ltr'><strong>num</strong></span> <span class='ocrx_word' id='word_1_146' title='bbox 1882 1746 2019 1801; x_wconf 87' lang='lat' dir='ltr'><strong>bona</strong></span> <span class='ocrx_word' id='word_1_147' title='bbox 2046 1754 2225 1799; x_wconf 87' lang='lat' dir='ltr'><strong>vestra</strong></span> 
     </span>
    </p>
   </div>
   <div class='ocr_carea' id='block_1_18' title="bbox 643 1835 2225 1903">
    <p class='ocr_par' dir='ltr' id='par_1_18' title="bbox 643 1835 2225 1903">
     <span class='ocr_line' id='line_1_18' title="bbox 643 1835 2225 1903; baseline -0.007 -5"><span class='ocrx_word' id='word_1_148' title='bbox 643 1861 710 1899; x_wconf 83' lang='lat' dir='ltr'><strong>ex</strong></span> <span class='ocrx_word' id='word_1_149' title='bbox 766 1845 995 1903; x_wconf 84' lang='lat' dir='ltr'><strong>aliorum</strong></span> <span class='ocrx_word' id='word_1_150' title='bbox 1044 1840 1317 1896; x_wconf 88' lang='lat' dir='ltr'><strong>consortio</strong></span> <span class='ocrx_word' id='word_1_151' title='bbox 1376 1837 1797 1893; x_wconf 85' lang='lat' dir='ltr'><strong>minuebantur?</strong></span> <span class='ocrx_word' id='word_1_152' title='bbox 1843 1835 2039 1889; x_wconf 82' lang='lat' dir='ltr'><strong>Verum</strong></span> <span class='ocrx_word' id='word_1_153' title='bbox 2085 1849 2225 1888; x_wconf 79' lang='lat' dir='ltr'><strong>caeca</strong></span> 
     </span>
    </p>
   </div>
   <div class='ocr_carea' id='block_1_19' title="bbox 642 1927 2224 2004">
    <p class='ocr_par' dir='ltr' id='par_1_19' title="bbox 642 1927 2224 2004">
     <span class='ocr_line' id='line_1_19' title="bbox 642 1927 2224 2004; baseline -0.006 -14"><span class='ocrx_word' id='word_1_154' title='bbox 642 1933 882 2004; x_wconf 87' lang='lat' dir='ltr'><strong>profecto</strong></span> <span class='ocrx_word' id='word_1_155' title='bbox 924 1931 1124 1989; x_wconf 87' lang='lat' dir='ltr'><strong>malitia</strong></span> <span class='ocrx_word' id='word_1_156' title='bbox 1154 1939 1236 1986; x_wconf 87' lang='lat' dir='ltr'><strong>est</strong></span> <span class='ocrx_word' id='word_1_157' title='bbox 1260 1972 1276 1997; x_wconf 86' lang='lat'><strong>,</strong></span> <span class='ocrx_word' id='word_1_158' title='bbox 1299 1946 1417 2001; x_wconf 73' lang='lat' dir='ltr'><strong>qua:</strong></span> <span class='ocrx_word' id='word_1_159' title='bbox 1443 1928 1568 1999; x_wconf 91' lang='lat' dir='ltr'><strong>quid</strong></span> <span class='ocrx_word' id='word_1_160' title='bbox 1596 1927 1784 1984; x_wconf 89' lang='lat' dir='ltr'><strong>deceat</strong></span> <span class='ocrx_word' id='word_1_161' title='bbox 1812 1928 2090 1997; x_wconf 78' lang='lat' dir='ltr'><strong>percipere</strong></span> <span class='ocrx_word' id='word_1_162' title='bbox 2131 1941 2224 1981; x_wconf 91' lang='lat' dir='ltr'><strong>ue-</strong></span> 
     </span>
    </p>
   </div>
   <div class='ocr_carea' id='block_1_20' title="bbox 641 2019 2225 2095">
    <p class='ocr_par' dir='ltr' id='par_1_20' title="bbox 641 2019 2225 2095">
     <span class='ocr_line' id='line_1_20' title="bbox 641 2019 2225 2095; baseline -0.003 -20"><span class='ocrx_word' id='word_1_163' title='bbox 641 2024 776 2095; x_wconf 82' lang='lat' dir='ltr'><strong>quit.</strong></span> <span class='ocrx_word' id='word_1_164' title='bbox 807 2022 1112 2083; x_wconf 79' lang='lat' dir='ltr'><strong>Exulcerati</strong></span> <span class='ocrx_word' id='word_1_165' title='bbox 1133 2037 1265 2093; x_wconf 87' lang='lat' dir='ltr'><strong>ergo</strong></span> <span class='ocrx_word' id='word_1_166' title='bbox 1286 2021 1428 2092; x_wconf 90' lang='lat' dir='ltr'><strong>quod</strong></span> <span class='ocrx_word' id='word_1_167' title='bbox 1457 2022 1508 2076; x_wconf 88' lang='lat' dir='ltr'><strong>iu</strong></span> <span class='ocrx_word' id='word_1_168' title='bbox 1537 2019 1723 2075; x_wconf 87' lang='lat' dir='ltr'><strong>eadem</strong></span> <span class='ocrx_word' id='word_1_169' title='bbox 1739 2019 1983 2074; x_wconf 90' lang='lat' dir='ltr'><strong>libertate</strong></span> <span class='ocrx_word' id='word_1_170' title='bbox 2004 2032 2225 2073; x_wconf 82' lang='lat' dir='ltr'><strong>consor-</strong></span> 
     </span>
    </p>
   </div>
   <div class='ocr_carea' id='block_1_21' title="bbox 650 2109 2229 2186">
    <p class='ocr_par' dir='ltr' id='par_1_21' title="bbox 650 2109 2229 2186">
     <span class='ocr_line' id='line_1_21' title="bbox 650 2109 2229 2186; baseline -0.008 -11"><span class='ocrx_word' id='word_1_171' title='bbox 650 2128 734 2179; x_wconf 81' lang='lat' dir='ltr'><strong>tes</strong></span> <span class='ocrx_word' id='word_1_172' title='bbox 764 2117 1044 2181; x_wconf 81' lang='lat' dir='ltr'><strong>haberent,</strong></span> <span class='ocrx_word' id='word_1_173' title='bbox 1072 2115 1125 2169; x_wconf 90' lang='lat' dir='ltr'><strong>iu</strong></span> <span class='ocrx_word' id='word_1_174' title='bbox 1155 2128 1214 2170; x_wconf 89' lang='lat' dir='ltr'><strong>se</strong></span> <span class='ocrx_word' id='word_1_175' title='bbox 1235 2114 1469 2186; x_wconf 89' lang='lat' dir='ltr'><strong>gladium</strong></span> <span class='ocrx_word' id='word_1_176' title='bbox 1502 2113 1869 2184; x_wconf 76' lang='lat' dir='ltr'><strong>impulerunt,</strong></span> <span class='ocrx_word' id='word_1_177' title='bbox 1903 2127 2068 2179; x_wconf 88' lang='lat' dir='ltr'><strong>seque</strong></span> <span class='ocrx_word' id='word_1_178' title='bbox 2095 2125 2124 2164; x_wconf 87' lang='lat' dir='ltr'><strong>a</strong></span> <span class='ocrx_word' id='word_1_179' title='bbox 2154 2109 2229 2165; x_wconf 92' lang='lat' dir='ltr'><strong>di-</strong></span> 
     </span>
    </p>
   </div>
   <div class='ocr_carea' id='block_1_22' title="bbox 643 2203 2224 2281">
    <p class='ocr_par' dir='ltr' id='par_1_22' title="bbox 643 2203 2224 2281">
     <span class='ocr_line' id='line_1_22' title="bbox 643 2203 2224 2281; baseline -0.006 -15"><span class='ocrx_word' id='word_1_180' title='bbox 643 2214 765 2268; x_wconf 89' lang='lat' dir='ltr'><strong>vina</strong></span> <span class='ocrx_word' id='word_1_181' title='bbox 792 2210 1119 2281; x_wconf 72' lang='lat' dir='ltr'><strong>benignitate</strong></span> <span class='ocrx_word' id='word_1_182' title='bbox 1143 2209 1417 2278; x_wconf 85' lang='lat' dir='ltr'><strong>ejeceruut</strong></span> <span class='ocrx_word' id='word_1_183' title='bbox 1438 2224 1453 2272; x_wconf 88' lang='lat'><strong>;</strong></span> <span class='ocrx_word' id='word_1_184' title='bbox 1477 2215 1535 2262; x_wconf 90' lang='lat' dir='ltr'><strong>et</strong></span> <span class='ocrx_word' id='word_1_185' title='bbox 1557 2206 1680 2274; x_wconf 87' lang='lat' dir='ltr'><strong>jure</strong></span> <span class='ocrx_word' id='word_1_186' title='bbox 1707 2205 1942 2275; x_wconf 86' lang='lat' dir='ltr'><strong>quidem.</strong></span> <span class='ocrx_word' id='word_1_187' title='bbox 1966 2203 2099 2258; x_wconf 83' lang='lat' dir='ltr'><strong>Nam</strong></span> <span class='ocrx_word' id='word_1_188' title='bbox 2128 2203 2224 2257; x_wconf 87' lang='lat' dir='ltr'><strong>ait:</strong></span> 
     </span>
    </p>
   </div>
   <div class='ocr_carea' id='block_1_23' title="bbox 641 2291 2229 2372">
    <p class='ocr_par' dir='ltr' id='par_1_23' title="bbox 641 2291 2229 2372">
     <span class='ocr_line' id='line_1_23' title="bbox 641 2291 2229 2372; baseline -0.009 -14"><span class='ocrx_word' id='word_1_189' title='bbox 641 2303 817 2357; x_wconf 75' lang='lat' dir='ltr'><strong>Amice</strong></span> <span class='ocrx_word' id='word_1_190' title='bbox 841 2342 857 2368; x_wconf 89' lang='lat'><strong>,</strong></span> <span class='ocrx_word' id='word_1_191' title='bbox 882 2316 985 2355; x_wconf 83' lang='lat' dir='ltr'><strong>non</strong></span> <span class='ocrx_word' id='word_1_192' title='bbox 1012 2300 1147 2372; x_wconf 78' lang='lat' dir='ltr'><strong>facio</strong></span> <span class='ocrx_word' id='word_1_193' title='bbox 1173 2298 1261 2352; x_wconf 90' lang='lat' dir='ltr'><strong>tibi</strong></span> <span class='ocrx_word' id='word_1_194' title='bbox 1286 2297 1531 2367; x_wconf 80' lang='lat' dir='ltr'><strong>injuriam</strong></span> <span class='ocrx_word' id='word_1_195' title='bbox 1555 2310 1574 2348; x_wconf 93' lang='lat'><strong><em>:</em></strong></span> <span class='ocrx_word' id='word_1_196' title='bbox 1598 2294 1712 2348; x_wconf 72' lang='lat' dir='ltr'><strong>uolo</strong></span> <span class='ocrx_word' id='word_1_197' title='bbox 1735 2303 1904 2347; x_wconf 79' lang='lat' dir='ltr'><strong>autent</strong></span> <span class='ocrx_word' id='word_1_198' title='bbox 1929 2303 1977 2346; x_wconf 85' lang='lat' dir='ltr'><strong>et</strong></span> <span class='ocrx_word' id='word_1_199' title='bbox 1998 2293 2076 2345; x_wconf 81' lang='lat' dir='ltr'><strong>Itis</strong></span> <span class='ocrx_word' id='word_1_200' title='bbox 2104 2291 2229 2344; x_wconf 88' lang='lat' dir='ltr'><strong>dare</strong></span> 
     </span>
    </p>
   </div>
   <div class='ocr_carea' id='block_1_24' title="bbox 634 2380 2228 2463">
    <p class='ocr_par' dir='ltr' id='par_1_24' title="bbox 634 2380 2228 2463">
     <span class='ocr_line' id='line_1_24' title="bbox 634 2380 2228 2463; baseline -0.007 -17"><span class='ocrx_word' id='word_1_201' title='bbox 634 2394 771 2446; x_wconf 87' lang='lat' dir='ltr'><strong>sicut</strong></span> <span class='ocrx_word' id='word_1_202' title='bbox 798 2400 845 2447; x_wconf 83' lang='lat' dir='ltr'><strong>et</strong></span> <span class='ocrx_word' id='word_1_203' title='bbox 873 2391 960 2445; x_wconf 83' lang='lat' dir='ltr'><strong>tibi</strong></span> <span class='ocrx_word' id='word_1_204' title='bbox 984 2394 1002 2463; x_wconf 91' lang='lat'><strong>(</strong></span> <span class='ocrx_word' id='word_1_205' title='bbox 1027 2388 1216 2444; x_wconf 72' lang='lat' dir='ltr'><strong>Matth.</strong></span> <span class='ocrx_word' id='word_1_206' title='bbox 1242 2387 1338 2442; x_wconf 70' lang='lat'><strong>20.</strong></span> <span class='ocrx_word' id='word_1_207' title='bbox 1366 2387 1455 2442; x_wconf 76' lang='grc'><strong>15.</strong></span> <span class='ocrx_word' id='word_1_208' title='bbox 1485 2384 1615 2456; x_wconf 66' lang='lat' dir='ltr'><strong>ll).</strong></span> <span class='ocrx_word' id='word_1_209' title='bbox 1648 2383 1760 2438; x_wconf 82' lang='lat' dir='ltr'><strong>luto</strong></span> <span class='ocrx_word' id='word_1_210' title='bbox 1783 2397 1850 2438; x_wconf 89' lang='lat' dir='ltr'><strong>ne</strong></span> <span class='ocrx_word' id='word_1_211' title='bbox 1869 2382 2087 2452; x_wconf 90' lang='lat' dir='ltr'><strong>quidem</strong></span> <span class='ocrx_word' id='word_1_212' title='bbox 2127 2380 2228 2436; x_wconf 90' lang='lat' dir='ltr'><strong>hac</strong></span> 
     </span>
    </p>
   </div>
   <div class='ocr_carea' id='block_1_25' title="bbox 639 2472 2225 2555">
    <p class='ocr_par' dir='ltr' id='par_1_25' title="bbox 639 2472 2225 2555">
     <span class='ocr_line' id='line_1_25' title="bbox 639 2472 2225 2555; baseline -0.009 -15"><span class='ocrx_word' id='word_1_213' title='bbox 639 2483 990 2555; x_wconf 87' lang='lat' dir='ltr'><strong>responsione</strong></span> <span class='ocrx_word' id='word_1_214' title='bbox 1010 2480 1154 2551; x_wconf 89' lang='lat' dir='ltr'><strong>digni</strong></span> <span class='ocrx_word' id='word_1_215' title='bbox 1180 2485 1323 2534; x_wconf 87' lang='lat' dir='ltr'><strong>sunt.</strong></span> <span class='ocrx_word' id='word_1_216' title='bbox 1349 2476 1448 2531; x_wconf 90' lang='lat' dir='ltr'><strong>Ille</strong></span> <span class='ocrx_word' id='word_1_217' title='bbox 1468 2489 1698 2545; x_wconf 85' lang='lat' dir='ltr'><strong>namque</strong></span> <span class='ocrx_word' id='word_1_218' title='bbox 1717 2473 1817 2529; x_wconf 84' lang='lat' dir='ltr'><strong>etsi</strong></span> <span class='ocrx_word' id='word_1_219' title='bbox 1835 2488 1976 2543; x_wconf 56' lang='lat' dir='ltr'><strong>aegre</strong></span> <span class='ocrx_word' id='word_1_220' title='bbox 2001 2472 2225 2538; x_wconf 85' lang='lat' dir='ltr'><strong>ferebat,</strong></span> 
     </span>
    </p>
   </div>
   <div class='ocr_carea' id='block_1_26' title="bbox 642 2569 2224 2647">
    <p class='ocr_par' dir='ltr' id='par_1_26' title="bbox 642 2569 2224 2647">
     <span class='ocr_line' id='line_1_26' title="bbox 642 2569 2224 2647; baseline -0.009 -15"><span class='ocrx_word' id='word_1_221' title='bbox 642 2584 851 2647; x_wconf 81' lang='lat' dir='ltr'><strong>poterat</strong></span> <span class='ocrx_word' id='word_1_222' title='bbox 879 2584 1058 2632; x_wconf 89' lang='lat' dir='ltr'><strong>tamen</strong></span> <span class='ocrx_word' id='word_1_223' title='bbox 1083 2571 1190 2629; x_wconf 89' lang='lat' dir='ltr'><strong>diei</strong></span> <span class='ocrx_word' id='word_1_224' title='bbox 1219 2570 1383 2626; x_wconf 88' lang='lat' dir='ltr'><strong>totius</strong></span> <span class='ocrx_word' id='word_1_225' title='bbox 1403 2569 1614 2624; x_wconf 87' lang='lat' dir='ltr'><strong>labores</strong></span> <span class='ocrx_word' id='word_1_226' title='bbox 1646 2608 1664 2634; x_wconf 93' lang='lat'><strong>,</strong></span> <span class='ocrx_word' id='word_1_227' title='bbox 1688 2580 1958 2621; x_wconf 68' lang='lat' dir='ltr'><strong>terumnas</strong></span> <span class='ocrx_word' id='word_1_228' title='bbox 1991 2607 2007 2632; x_wconf 95' lang='lat'><strong>,</strong></span> <span class='ocrx_word' id='word_1_229' title='bbox 2035 2574 2224 2623; x_wconf 68' lang='lat' dir='ltr'><strong>a‘stum</strong></span> 
     </span>
    </p>
   </div>
   <div class='ocr_carea' id='block_1_27' title="bbox 642 2658 2227 2734">
    <p class='ocr_par' dir='ltr' id='par_1_27' title="bbox 642 2658 2227 2734">
     <span class='ocr_line' id='line_1_27' title="bbox 642 2658 2227 2734; baseline -0.008 -10"><span class='ocrx_word' id='word_1_230' title='bbox 642 2679 697 2724; x_wconf 80' lang='lat' dir='ltr'><strong>et</strong></span> <span class='ocrx_word' id='word_1_231' title='bbox 738 2667 988 2723; x_wconf 90' lang='lat' dir='ltr'><strong>sudorem</strong></span> <span class='ocrx_word' id='word_1_232' title='bbox 1039 2664 1278 2734; x_wconf 87' lang='lat' dir='ltr'><strong>proferre</strong></span> <span class='ocrx_word' id='word_1_233' title='bbox 1307 2680 1321 2717; x_wconf 92' lang='lat'><strong>:</strong></span> <span class='ocrx_word' id='word_1_234' title='bbox 1352 2662 1405 2717; x_wconf 86' lang='lat' dir='ltr'><strong>bi</strong></span> <span class='ocrx_word' id='word_1_235' title='bbox 1436 2675 1566 2717; x_wconf 88' lang='lat' dir='ltr'><strong>vero</strong></span> <span class='ocrx_word' id='word_1_236' title='bbox 1590 2659 1716 2730; x_wconf 90' lang='lat' dir='ltr'><strong>quid</strong></span> <span class='ocrx_word' id='word_1_237' title='bbox 1757 2659 1937 2714; x_wconf 86' lang='lat' dir='ltr'><strong>dicere</strong></span> <span class='ocrx_word' id='word_1_238' title='bbox 1973 2658 2227 2728; x_wconf 85' lang='lat' dir='ltr'><strong>possint?</strong></span> 
     </span>
    </p>
   </div>
   <div class='ocr_carea' id='block_1_28' title="bbox 645 2750 2226 2826">
    <p class='ocr_par' dir='ltr' id='par_1_28' title="bbox 645 2750 2226 2826">
     <span class='ocr_line' id='line_1_28' title="bbox 645 2750 2226 2826; baseline -0.008 -13"><span class='ocrx_word' id='word_1_239' title='bbox 645 2757 785 2813; x_wconf 81' lang='lat' dir='ltr'><strong>Nihil</strong></span> <span class='ocrx_word' id='word_1_240' title='bbox 807 2755 1023 2826; x_wconf 89' lang='lat' dir='ltr'><strong>quidem</strong></span> <span class='ocrx_word' id='word_1_241' title='bbox 1052 2754 1195 2818; x_wconf 90' lang='lat' dir='ltr'><strong>tale;</strong></span> <span class='ocrx_word' id='word_1_242' title='bbox 1228 2753 1323 2808; x_wconf 89' lang='lat' dir='ltr'><strong>sed</strong></span> <span class='ocrx_word' id='word_1_243' title='bbox 1348 2752 1607 2807; x_wconf 87' lang='lat' dir='ltr'><strong>desidiam</strong></span> <span class='ocrx_word' id='word_1_244' title='bbox 1632 2792 1648 2814; x_wconf 91' lang='lat'><strong>,</strong></span> <span class='ocrx_word' id='word_1_245' title='bbox 1678 2750 2140 2821; x_wconf 86' lang='lat' dir='ltr'><strong>intemperantiam</strong></span> <span class='ocrx_word' id='word_1_246' title='bbox 2170 2758 2226 2803; x_wconf 88' lang='lat' dir='ltr'><strong>et</strong></span> 
     </span>
    </p>
   </div>
   <div class='ocr_carea' id='block_1_29' title="bbox 639 2840 2225 2914">
    <p class='ocr_par' dir='ltr' id='par_1_29' title="bbox 639 2840 2225 2914">
     <span class='ocr_line' id='line_1_29' title="bbox 639 2840 2225 2914; baseline -0.006 -13"><span class='ocrx_word' id='word_1_247' title='bbox 639 2848 784 2903; x_wconf 82' lang='lat' dir='ltr'><strong>.uille</strong></span> <span class='ocrx_word' id='word_1_248' title='bbox 801 2848 922 2903; x_wconf 88' lang='lat' dir='ltr'><strong>vitia</strong></span> <span class='ocrx_word' id='word_1_249' title='bbox 952 2887 968 2912; x_wconf 94' lang='lat'><strong>,</strong></span> <span class='ocrx_word' id='word_1_250' title='bbox 1004 2860 1125 2914; x_wconf 75' lang='lat' dir='ltr'><strong>qua:</strong></span> <span class='ocrx_word' id='word_1_251' title='bbox 1140 2843 1412 2914; x_wconf 72' lang='lat' dir='ltr'><strong>prophetae</strong></span> <span class='ocrx_word' id='word_1_252' title='bbox 1431 2856 1619 2897; x_wconf 88' lang='lat' dir='ltr'><strong>omnes</strong></span> <span class='ocrx_word' id='word_1_253' title='bbox 1647 2841 1949 2896; x_wconf 80' lang='lat' dir='ltr'><strong>incusantes</strong></span> <span class='ocrx_word' id='word_1_254' title='bbox 1977 2840 2080 2893; x_wconf 91' lang='lat' dir='ltr'><strong>illis</strong></span> <span class='ocrx_word' id='word_1_255' title='bbox 2101 2854 2225 2911; x_wconf 88' lang='lat' dir='ltr'><strong>per-</strong></span> 
     </span>
    </p>
   </div>
   <div class='ocr_carea' id='block_1_30' title="bbox 642 2929 2223 3008">
    <p class='ocr_par' dir='ltr' id='par_1_30' title="bbox 642 2929 2223 3008">
     <span class='ocr_line' id='line_1_30' title="bbox 642 2929 2223 3008; baseline -0.007 -15"><span class='ocrx_word' id='word_1_256' title='bbox 642 2947 804 3007; x_wconf 87' lang='lat' dir='ltr'><strong>petuo</strong></span> <span class='ocrx_word' id='word_1_257' title='bbox 824 2938 1152 3008; x_wconf 86' lang='lat' dir='ltr'><strong>objiciebant</strong></span> <span class='ocrx_word' id='word_1_258' title='bbox 1182 2953 1196 2990; x_wconf 91' lang='lat'><strong>:</strong></span> <span class='ocrx_word' id='word_1_259' title='bbox 1231 2950 1327 3005; x_wconf 89' lang='lat' dir='ltr'><strong>per</strong></span> <span class='ocrx_word' id='word_1_260' title='bbox 1366 2948 1487 3004; x_wconf 68' lang='lat' dir='ltr'><strong>quae</strong></span> <span class='ocrx_word' id='word_1_261' title='bbox 1531 2932 1657 2986; x_wconf 90' lang='lat' dir='ltr'><strong>vitia</strong></span> <span class='ocrx_word' id='word_1_262' title='bbox 1702 2931 1778 2985; x_wconf 92' lang='lat' dir='ltr'><strong>illi</strong></span> <span class='ocrx_word' id='word_1_263' title='bbox 1810 2929 2033 2999; x_wconf 89' lang='lat' dir='ltr'><strong>perinde</strong></span> <span class='ocrx_word' id='word_1_264' title='bbox 2060 2938 2223 2999; x_wconf 90' lang='lat' dir='ltr'><strong>atque</strong></span> 
     </span>
    </p>
   </div>
   <div class='ocr_carea' id='block_1_31' title="bbox 637 3020 2225 3098">
    <p class='ocr_par' dir='ltr' id='par_1_31' title="bbox 637 3020 2225 3098">
     <span class='ocr_line' id='line_1_31' title="bbox 637 3020 2225 3098; baseline -0.007 -13"><span class='ocrx_word' id='word_1_265' title='bbox 637 3029 863 3098; x_wconf 78' lang='lat' dir='ltr'><strong>gentiles</strong></span> <span class='ocrx_word' id='word_1_266' title='bbox 894 3030 1060 3084; x_wconf 89' lang='lat' dir='ltr'><strong>Deum</strong></span> <span class='ocrx_word' id='word_1_267' title='bbox 1083 3027 1440 3082; x_wconf 76' lang='lat' dir='ltr'><strong>offenderent.</strong></span> <span class='ocrx_word' id='word_1_268' title='bbox 1471 3023 1524 3077; x_wconf 90' lang='lat' dir='ltr'><strong>Id</strong></span> <span class='ocrx_word' id='word_1_269' title='bbox 1555 3022 1696 3093; x_wconf 89' lang='lat' dir='ltr'><strong>quod</strong></span> <span class='ocrx_word' id='word_1_270' title='bbox 1727 3020 2011 3077; x_wconf 87' lang='lat' dir='ltr'><strong>declarans</strong></span> <span class='ocrx_word' id='word_1_271' title='bbox 2027 3021 2225 3076; x_wconf 85' lang='lat' dir='ltr'><strong>Paulus</strong></span> 
     </span>
    </p>
   </div>
   <div class='ocr_carea' id='block_1_32' title="bbox 642 3111 2222 3182">
    <p class='ocr_par' dir='ltr' id='par_1_32' title="bbox 642 3111 2222 3182">
     <span class='ocr_line' id='line_1_32' title="bbox 642 3111 2222 3182; baseline -0.006 -6"><span class='ocrx_word' id='word_1_272' title='bbox 642 3121 851 3176; x_wconf 86' lang='lat' dir='ltr'><strong>dicebat</strong></span> <span class='ocrx_word' id='word_1_273' title='bbox 882 3137 896 3173; x_wconf 87' lang='lat'><strong>:</strong></span> <span class='ocrx_word' id='word_1_274' title='bbox 931 3117 1053 3172; x_wconf 89' lang='lat' dir='ltr'><strong>Non</strong></span> <span class='ocrx_word' id='word_1_275' title='bbox 1077 3117 1211 3172; x_wconf 84' lang='lat' dir='ltr'><strong>enim</strong></span> <span class='ocrx_word' id='word_1_276' title='bbox 1247 3125 1318 3170; x_wconf 86' lang='lat' dir='ltr'><strong>est</strong></span> <span class='ocrx_word' id='word_1_277' title='bbox 1349 3113 1603 3168; x_wconf 76' lang='lat' dir='ltr'><strong>distinctio</strong></span> <span class='ocrx_word' id='word_1_278' title='bbox 1628 3112 1797 3168; x_wconf 72' lang='grc' dir='ltr'><strong>ιιιάωί</strong></span> <span class='ocrx_word' id='word_1_279' title='bbox 1823 3122 1983 3182; x_wconf 89' lang='lat' dir='ltr'><strong>atque</strong></span> <span class='ocrx_word' id='word_1_280' title='bbox 2004 3111 2177 3168; x_wconf 64' lang='lat' dir='ltr'><strong>Graeci</strong></span> <span class='ocrx_word' id='word_1_281' title='bbox 2207 3129 2222 3167; x_wconf 88' lang='lat'><strong>:</strong></span> 
     </span>
    </p>
   </div>
   <div class='ocr_carea' id='block_1_33' title="bbox 642 3204 2223 3280">
    <p class='ocr_par' dir='ltr' id='par_1_33' title="bbox 642 3204 2223 3280">
     <span class='ocr_line' id='line_1_33' title="bbox 642 3204 2223 3280; baseline -0.006 -12"><span class='ocrx_word' id='word_1_282' title='bbox 642 3229 812 3269; x_wconf 82' lang='lat' dir='ltr'><strong>omnes</strong></span> <span class='ocrx_word' id='word_1_283' title='bbox 834 3212 966 3267; x_wconf 81' lang='lat' dir='ltr'><strong>enim</strong></span> <span class='ocrx_word' id='word_1_284' title='bbox 992 3216 1317 3280; x_wconf 78' lang='lat' dir='ltr'><strong>peccauerunt</strong></span> <span class='ocrx_word' id='word_1_285' title='bbox 1343 3247 1357 3270; x_wconf 91' lang='lat'><strong>,</strong></span> <span class='ocrx_word' id='word_1_286' title='bbox 1389 3217 1436 3260; x_wconf 85' lang='lat' dir='ltr'><strong>et</strong></span> <span class='ocrx_word' id='word_1_287' title='bbox 1461 3215 1604 3276; x_wconf 86' lang='lat' dir='ltr'><strong>egent</strong></span> <span class='ocrx_word' id='word_1_288' title='bbox 1627 3205 1793 3277; x_wconf 85' lang='lat' dir='ltr'><strong>gloria</strong></span> <span class='ocrx_word' id='word_1_289' title='bbox 1821 3204 1932 3260; x_wconf 88' lang='lat' dir='ltr'><strong>Dei.</strong></span> <span class='ocrx_word' id='word_1_290' title='bbox 1949 3205 2223 3275; x_wconf 82' lang='lat' dir='ltr'><strong>justiﬁcati</strong></span> 
     </span>
    </p>
   </div>
   <div class='ocr_carea' id='block_1_34' title="bbox 641 3294 2221 3375">
    <p class='ocr_par' dir='ltr' id='par_1_34' title="bbox 641 3294 2221 3375">
     <span class='ocr_line' id='line_1_34' title="bbox 641 3294 2221 3375; baseline -0.006 -17"><span class='ocrx_word' id='word_1_291' title='bbox 641 3305 799 3375; x_wconf 85' lang='lat' dir='ltr'><strong>gratis</strong></span> <span class='ocrx_word' id='word_1_292' title='bbox 844 3318 934 3374; x_wconf 84' lang='lat' dir='ltr'><strong>per</strong></span> <span class='ocrx_word' id='word_1_293' title='bbox 960 3299 1179 3371; x_wconf 87' lang='lat' dir='ltr'><strong>gratiam</strong></span> <span class='ocrx_word' id='word_1_294' title='bbox 1206 3298 1367 3369; x_wconf 83' lang='lat' dir='ltr'><strong>ipsius</strong></span> <span class='ocrx_word' id='word_1_295' title='bbox 1411 3296 1585 3368; x_wconf 81' lang='lat' dir='ltr'><strong>(Rom.</strong></span> <span class='ocrx_word' id='word_1_296' title='bbox 1618 3297 1672 3351; x_wconf 76' lang='grc'><strong>5.</strong></span> <span class='ocrx_word' id='word_1_297' title='bbox 1702 3295 1782 3349; x_wconf 60' lang='lat' dir='ltr'><strong>2i</strong></span> <span class='ocrx_word' id='word_1_298' title='bbox 1802 3294 1920 3365; x_wconf 70' lang='grc'><strong>24).</strong></span> <span class='ocrx_word' id='word_1_299' title='bbox 1956 3295 2067 3350; x_wconf 90' lang='lat' dir='ltr'><strong>Iloc</strong></span> <span class='ocrx_word' id='word_1_300' title='bbox 2093 3310 2221 3349; x_wconf 88' lang='lat' dir='ltr'><strong>vero</strong></span> 
     </span>
    </p>
   </div>
   <div class='ocr_carea' id='block_1_35' title="bbox 640 3387 2223 3465">
    <p class='ocr_par' dir='ltr' id='par_1_35' title="bbox 640 3387 2223 3465">
     <span class='ocr_line' id='line_1_35' title="bbox 640 3387 2223 3465; baseline -0.006 -16"><span class='ocrx_word' id='word_1_301' title='bbox 640 3405 799 3465; x_wconf 84' lang='lat' dir='ltr'><strong>caput</strong></span> <span class='ocrx_word' id='word_1_302' title='bbox 828 3401 995 3448; x_wconf 90' lang='lat' dir='ltr'><strong>totum</strong></span> <span class='ocrx_word' id='word_1_303' title='bbox 1026 3390 1227 3446; x_wconf 89' lang='lat' dir='ltr'><strong>utiliter</strong></span> <span class='ocrx_word' id='word_1_304' title='bbox 1246 3397 1301 3444; x_wconf 91' lang='lat' dir='ltr'><strong>et</strong></span> <span class='ocrx_word' id='word_1_305' title='bbox 1325 3387 1610 3443; x_wconf 86' lang='lat' dir='ltr'><strong>admodum</strong></span> <span class='ocrx_word' id='word_1_306' title='bbox 1640 3387 1928 3457; x_wconf 87' lang='lat' dir='ltr'><strong>prudenter</strong></span> <span class='ocrx_word' id='word_1_307' title='bbox 1955 3387 2005 3441; x_wconf 86' lang='lat' dir='ltr'><strong>in</strong></span> <span class='ocrx_word' id='word_1_308' title='bbox 2025 3387 2223 3456; x_wconf 87' lang='lat' dir='ltr'><strong>episto-</strong></span> 
     </span>
    </p>
   </div>
   <div class='ocr_carea' id='block_1_36' title="bbox 642 3477 2221 3554">
    <p class='ocr_par' dir='ltr' id='par_1_36' title="bbox 642 3477 2221 3554">
     <span class='ocr_line' id='line_1_36' title="bbox 642 3477 2221 3554; baseline -0.006 -14"><span class='ocrx_word' id='word_1_309' title='bbox 642 3488 691 3540; x_wconf 84' lang='lat' dir='ltr'><strong>la</strong></span> <span class='ocrx_word' id='word_1_310' title='bbox 719 3486 806 3541; x_wconf 85' lang='lat' dir='ltr'><strong>illa</strong></span> <span class='ocrx_word' id='word_1_311' title='bbox 836 3489 1145 3554; x_wconf 85' lang='lat' dir='ltr'><strong>pertractat.</strong></span> <span class='ocrx_word' id='word_1_312' title='bbox 1178 3479 1440 3550; x_wconf 86' lang='lat' dir='ltr'><strong>Superius</strong></span> <span class='ocrx_word' id='word_1_313' title='bbox 1481 3486 1660 3534; x_wconf 85' lang='lat' dir='ltr'><strong>autem</strong></span> <span class='ocrx_word' id='word_1_314' title='bbox 1708 3478 1828 3533; x_wconf 89' lang='lat' dir='ltr'><strong>illos</strong></span> <span class='ocrx_word' id='word_1_315' title='bbox 1874 3477 2062 3547; x_wconf 90' lang='lat' dir='ltr'><strong>majori</strong></span> <span class='ocrx_word' id='word_1_316' title='bbox 2093 3493 2221 3547; x_wconf 88' lang='lat' dir='ltr'><strong>sup-</strong></span> 
     </span>
    </p>
   </div>
   <div class='ocr_carea' id='block_1_37' title="bbox 644 3568 2220 3645">
    <p class='ocr_par' dir='ltr' id='par_1_37' title="bbox 644 3568 2220 3645">
     <span class='ocr_line' id='line_1_37' title="bbox 644 3568 2220 3645; baseline -0.006 -12"><span class='ocrx_word' id='word_1_317' title='bbox 644 3577 798 3645; x_wconf 89' lang='lat' dir='ltr'><strong>plicio</strong></span> <span class='ocrx_word' id='word_1_318' title='bbox 820 3575 1010 3645; x_wconf 86' lang='lat' dir='ltr'><strong>dignos</strong></span> <span class='ocrx_word' id='word_1_319' title='bbox 1037 3572 1272 3629; x_wconf 87' lang='lat' dir='ltr'><strong>ostendit</strong></span> <span class='ocrx_word' id='word_1_320' title='bbox 1304 3589 1317 3624; x_wconf 90' lang='lat'>:</span> <span class='ocrx_word' id='word_1_321' title='bbox 1348 3571 1659 3641; x_wconf 80' lang='lat' dir='ltr'><strong>Quicumque</strong></span> <span class='ocrx_word' id='word_1_322' title='bbox 1677 3573 1812 3623; x_wconf 86' lang='lat' dir='ltr'><strong>enim</strong></span> <span class='ocrx_word' id='word_1_323' title='bbox 1834 3568 1887 3623; x_wconf 87' lang='lat' dir='ltr'><strong>in</strong></span> <span class='ocrx_word' id='word_1_324' title='bbox 1909 3569 2018 3640; x_wconf 85' lang='lat' dir='ltr'><strong>lege</strong></span> <span class='ocrx_word' id='word_1_325' title='bbox 2038 3584 2220 3638; x_wconf 85' lang='lat' dir='ltr'><strong>pecca—</strong></span> 
     </span>
    </p>
   </div>
   <div class='ocr_carea' id='block_1_38' title="bbox 643 3659 2216 3734">
    <p class='ocr_par' dir='ltr' id='par_1_38' title="bbox 643 3659 2216 3734">
     <span class='ocr_line' id='line_1_38' title="bbox 643 3659 2216 3734; baseline -0.004 -15"><span class='ocrx_word' id='word_1_326' title='bbox 643 3675 833 3728; x_wconf 83' lang='lat' dir='ltr'><strong>verunt,</strong></span> <span class='ocrx_word' id='word_1_327' title='bbox 870 3681 958 3733; x_wconf 82' lang='lat' dir='ltr'><strong>per</strong></span> <span class='ocrx_word' id='word_1_328' title='bbox 1000 3666 1156 3734; x_wconf 83' lang='lat' dir='ltr'><strong>legem</strong></span> <span class='ocrx_word' id='word_1_329' title='bbox 1171 3661 1540 3732; x_wconf 85' lang='lat' dir='ltr'><strong>judicabuntur</strong></span> <span class='ocrx_word' id='word_1_330' title='bbox 1567 3660 1740 3730; x_wconf 81' lang='lat' dir='ltr'><strong>(Rom.</strong></span> <span class='ocrx_word' id='word_1_331' title='bbox 1764 3660 1818 3714; x_wconf 77' lang='grc'><strong>2.</strong></span> <span class='ocrx_word' id='word_1_332' title='bbox 1850 3660 1937 3730; x_wconf 66' lang='grc'><strong>12)</strong></span> <span class='ocrx_word' id='word_1_333' title='bbox 1968 3677 1982 3714; x_wconf 93' lang='lat'><strong>:</strong></span> <span class='ocrx_word' id='word_1_334' title='bbox 2012 3659 2063 3714; x_wconf 90' lang='lat' dir='ltr'><strong>id</strong></span> <span class='ocrx_word' id='word_1_335' title='bbox 2093 3669 2173 3714; x_wconf 87' lang='lat' dir='ltr'><strong>est</strong></span> <span class='ocrx_word' id='word_1_336' title='bbox 2200 3701 2216 3727; x_wconf 90' lang='lat'><strong>,</strong></span> 
     </span>
    </p>
   </div>
   <div class='ocr_carea' id='block_1_39' title="bbox 638 3753 2214 3827">
    <p class='ocr_par' dir='ltr' id='par_1_39' title="bbox 638 3753 2214 3827">
     <span class='ocr_line' id='line_1_39' title="bbox 638 3753 2214 3827; baseline -0.003 -16"><span class='ocrx_word' id='word_1_337' title='bbox 638 3757 886 3827; x_wconf 78' lang='lat' dir='ltr'><strong>gravius;</strong></span> <span class='ocrx_word' id='word_1_338' title='bbox 911 3756 1032 3825; x_wconf 89' lang='lat' dir='ltr'><strong>quia</strong></span> <span class='ocrx_word' id='word_1_339' title='bbox 1065 3765 1262 3824; x_wconf 74' lang='lat' dir='ltr'><strong>praeter</strong></span> <span class='ocrx_word' id='word_1_340' title='bbox 1309 3765 1554 3808; x_wconf 86' lang='lat' dir='ltr'><strong>naturam</strong></span> <span class='ocrx_word' id='word_1_341' title='bbox 1602 3753 1774 3822; x_wconf 84' lang='lat' dir='ltr'><strong>legem</strong></span> <span class='ocrx_word' id='word_1_342' title='bbox 1807 3768 2020 3822; x_wconf 86' lang='lat' dir='ltr'><strong>quoque</strong></span> <span class='ocrx_word' id='word_1_343' title='bbox 2051 3768 2214 3808; x_wconf 84' lang='lat' dir='ltr'><strong>accu-</strong></span> 
     </span>
    </p>
   </div>
   <div class='ocr_carea' id='block_1_40' title="bbox 639 3843 2218 3914">
    <p class='ocr_par' dir='ltr' id='par_1_40' title="bbox 639 3843 2218 3914">
     <span class='ocr_line' id='line_1_40' title="bbox 639 3843 2218 3914; baseline -0.005 -8"><span class='ocrx_word' id='word_1_344' title='bbox 639 3859 850 3906; x_wconf 83' lang='lat' dir='ltr'><strong>santem</strong></span> <span class='ocrx_word' id='word_1_345' title='bbox 881 3847 1168 3902; x_wconf 88' lang='lat' dir='ltr'><strong>habebunt.</strong></span> <span class='ocrx_word' id='word_1_346' title='bbox 1190 3845 1373 3914; x_wconf 84' lang='lat' dir='ltr'><strong>Neque</strong></span> <span class='ocrx_word' id='word_1_347' title='bbox 1397 3844 1520 3898; x_wconf 88' lang='lat' dir='ltr'><strong>hinc</strong></span> <span class='ocrx_word' id='word_1_348' title='bbox 1547 3853 1773 3906; x_wconf 86' lang='lat' dir='ltr'><strong>tantum,</strong></span> <span class='ocrx_word' id='word_1_349' title='bbox 1801 3844 1899 3898; x_wconf 86' lang='lat' dir='ltr'><strong>sed</strong></span> <span class='ocrx_word' id='word_1_350' title='bbox 1921 3852 1975 3898; x_wconf 94' lang='lat' dir='ltr'><strong>et</strong></span> <span class='ocrx_word' id='word_1_351' title='bbox 2000 3843 2142 3913; x_wconf 89' lang='lat' dir='ltr'><strong>quod</strong></span> <span class='ocrx_word' id='word_1_352' title='bbox 2164 3844 2218 3898; x_wconf 91' lang='lat' dir='ltr'><strong>in</strong></span> 
     </span>
    </p>
   </div>
   <div class='ocr_carea' id='block_1_41' title="bbox 645 3935 2213 4006">
    <p class='ocr_par' dir='ltr' id='par_1_41' title="bbox 645 3935 2213 4006">
     <span class='ocr_line' id='line_1_41' title="bbox 645 3935 2213 4006; baseline -0.004 -11"><span class='ocrx_word' id='word_1_353' title='bbox 645 3956 806 3995; x_wconf 71' lang='lat' dir='ltr'><strong>causa</strong></span> <span class='ocrx_word' id='word_1_354' title='bbox 837 3938 1034 3995; x_wconf 77' lang='lat' dir='ltr'><strong>fuerint</strong></span> <span class='ocrx_word' id='word_1_355' title='bbox 1061 3952 1156 3991; x_wconf 90' lang='lat' dir='ltr'><strong>cur</strong></span> <span class='ocrx_word' id='word_1_356' title='bbox 1173 3947 1360 4006; x_wconf 88' lang='lat' dir='ltr'><strong>gentes</strong></span> <span class='ocrx_word' id='word_1_357' title='bbox 1393 3936 1560 3989; x_wconf 90' lang='lat' dir='ltr'><strong>Deum</strong></span> <span class='ocrx_word' id='word_1_358' title='bbox 1592 3935 2024 4004; x_wconf 87' lang='lat' dir='ltr'><strong>hlasphemarcnt</strong></span> <span class='ocrx_word' id='word_1_359' title='bbox 2053 3953 2065 3988; x_wconf 94' lang='lat'><strong>:</strong></span> <span class='ocrx_word' id='word_1_360' title='bbox 2100 3936 2213 3989; x_wconf 89' lang='lat' dir='ltr'><strong>No-</strong></span> 
     </span>
    </p>
   </div>
   <div class='ocr_carea' id='block_1_42' title="bbox 643 4025 2217 4097">
    <p class='ocr_par' dir='ltr' id='par_1_42' title="bbox 643 4025 2217 4097">
     <span class='ocr_line' id='line_1_42' title="bbox 643 4025 2217 4097; baseline -0.001 -14"><span class='ocrx_word' id='word_1_361' title='bbox 643 4046 757 4084; x_wconf 75' lang='lat' dir='ltr'><strong>men</strong></span> <span class='ocrx_word' id='word_1_362' title='bbox 795 4031 926 4088; x_wconf 85' lang='lat' dir='ltr'><strong>enim</strong></span> <span class='ocrx_word' id='word_1_363' title='bbox 948 4044 1133 4089; x_wconf 85' lang='lat' dir='ltr'><strong>meum,</strong></span> <span class='ocrx_word' id='word_1_364' title='bbox 1166 4026 1371 4095; x_wconf 90' lang='lat' dir='ltr'><strong>inquit,</strong></span> <span class='ocrx_word' id='word_1_365' title='bbox 1395 4041 1484 4094; x_wconf 81' lang='lat' dir='ltr'><strong>per</strong></span> <span class='ocrx_word' id='word_1_366' title='bbox 1509 4042 1595 4081; x_wconf 81' lang='lat' dir='ltr'><strong>vos</strong></span> <span class='ocrx_word' id='word_1_367' title='bbox 1619 4025 1996 4096; x_wconf 73' lang='lat' dir='ltr'><strong>blasphematur</strong></span> <span class='ocrx_word' id='word_1_368' title='bbox 2014 4027 2066 4080; x_wconf 86' lang='lat' dir='ltr'><strong>in</strong></span> <span class='ocrx_word' id='word_1_369' title='bbox 2093 4043 2217 4097; x_wconf 89' lang='lat' dir='ltr'><strong>gen-</strong></span> 
     </span>
    </p>
   </div>
   <div class='ocr_carea' id='block_1_43' title="bbox 636 4107 2219 4184">
    <p class='ocr_par' dir='ltr' id='par_1_43' title="bbox 636 4107 2219 4184">
     <span class='ocr_line' id='line_1_43' title="bbox 636 4107 2219 4184; baseline -0.003 -15"><span class='ocrx_word' id='word_1_370' title='bbox 636 4118 767 4170; x_wconf 84' lang='lat' dir='ltr'><strong>tibus</strong></span> <span class='ocrx_word' id='word_1_371' title='bbox 788 4113 944 4184; x_wconf 84' lang='lat' dir='ltr'><strong>(lsai.</strong></span> <span class='ocrx_word' id='word_1_372' title='bbox 975 4112 1066 4166; x_wconf 79' lang='grc'><strong>52.</strong></span> <span class='ocrx_word' id='word_1_373' title='bbox 1095 4112 1148 4167; x_wconf 85' lang='grc'><strong>5.</strong></span> <span class='ocrx_word' id='word_1_374' title='bbox 1181 4110 1334 4165; x_wconf 83' lang='lat' dir='ltr'><strong>Rom.</strong></span> <span class='ocrx_word' id='word_1_375' title='bbox 1361 4107 1545 4177; x_wconf 43' lang='lat'><strong>2.2.5).</strong></span> <span class='ocrx_word' id='word_1_376' title='bbox 1573 4110 1708 4163; x_wconf 78' lang='lat' dir='ltr'><strong>Cum</strong></span> <span class='ocrx_word' id='word_1_377' title='bbox 1740 4109 1899 4179; x_wconf 82' lang='lat' dir='ltr'><strong>igitur</strong></span> <span class='ocrx_word' id='word_1_378' title='bbox 1922 4109 2025 4165; x_wconf 87' lang='lat' dir='ltr'><strong>hoc</strong></span> <span class='ocrx_word' id='word_1_379' title='bbox 2050 4111 2219 4165; x_wconf 84' lang='lat' dir='ltr'><strong>maxi-</strong></span> 
     </span>
    </p>
   </div>
   <div class='ocr_carea' id='block_1_44' title="bbox 637 4199 2215 4273">
    <p class='ocr_par' dir='ltr' id='par_1_44' title="bbox 637 4199 2215 4273">
     <span class='ocr_line' id='line_1_44' title="bbox 637 4199 2215 4273; baseline -0.003 -12"><span class='ocrx_word' id='word_1_380' title='bbox 637 4222 724 4262; x_wconf 89' lang='lat' dir='ltr'><strong>me</strong></span> <span class='ocrx_word' id='word_1_381' title='bbox 762 4203 1032 4258; x_wconf 85' lang='lat' dir='ltr'><strong>morderet</strong></span> <span class='ocrx_word' id='word_1_382' title='bbox 1062 4201 1224 4263; x_wconf 90' lang='lat' dir='ltr'><strong>illos;</strong></span> <span class='ocrx_word' id='word_1_383' title='bbox 1267 4200 1464 4255; x_wconf 88' lang='lat' dir='ltr'><strong>etenim</strong></span> <span class='ocrx_word' id='word_1_384' title='bbox 1505 4199 1844 4255; x_wconf 66' lang='lat' dir='ltr'><strong>credentibus</strong></span> <span class='ocrx_word' id='word_1_385' title='bbox 1892 4217 2103 4273; x_wconf 91' lang='lat' dir='ltr'><strong>quoque</strong></span> <span class='ocrx_word' id='word_1_386' title='bbox 2144 4217 2215 4257; x_wconf 85' lang='lat' dir='ltr'><strong>ex</strong></span> 
     </span>
    </p>
   </div>
   <div class='ocr_carea' id='block_1_45' title="bbox 635 4289 2218 4363">
    <p class='ocr_par' dir='ltr' id='par_1_45' title="bbox 635 4289 2218 4363">
     <span class='ocr_line' id='line_1_45' title="bbox 635 4289 2218 4363; baseline -0.002 -13"><span class='ocrx_word' id='word_1_387' title='bbox 635 4293 1037 4351; x_wconf 88' lang='lat' dir='ltr'><strong>circumcisione</strong></span> <span class='ocrx_word' id='word_1_388' title='bbox 1064 4306 1151 4347; x_wconf 89' lang='lat' dir='ltr'><strong>res</strong></span> <span class='ocrx_word' id='word_1_389' title='bbox 1173 4289 1431 4361; x_wconf 88' lang='lat' dir='ltr'><strong>stupenda</strong></span> <span class='ocrx_word' id='word_1_390' title='bbox 1458 4290 1734 4345; x_wconf 85' lang='lat' dir='ltr'><strong>videbatur</strong></span> <span class='ocrx_word' id='word_1_391' title='bbox 1764 4306 1884 4347; x_wconf 90' lang='lat' dir='ltr'><strong>esse</strong></span> <span class='ocrx_word' id='word_1_392' title='bbox 1909 4311 1923 4357; x_wconf 86' lang='lat'><strong>;</strong></span> <span class='ocrx_word' id='word_1_393' title='bbox 1955 4294 2218 4363; x_wconf 79' lang='lat' dir='ltr'><strong>quamob-</strong></span> 
     </span>
    </p>
   </div>
   <div class='ocr_carea' id='block_1_46' title="bbox 638 4378 2213 4451">
    <p class='ocr_par' dir='ltr' id='par_1_46' title="bbox 638 4378 2213 4451">
     <span class='ocr_line' id='line_1_46' title="bbox 638 4378 2213 4451; baseline -0.001 -11"><span class='ocrx_word' id='word_1_394' title='bbox 638 4401 752 4440; x_wconf 88' lang='lat' dir='ltr'><strong>rem</strong></span> <span class='ocrx_word' id='word_1_395' title='bbox 806 4384 1017 4439; x_wconf 82' lang='lat' dir='ltr'><strong>l‘etrum</strong></span> <span class='ocrx_word' id='word_1_396' title='bbox 1065 4380 1378 4436; x_wconf 89' lang='lat' dir='ltr'><strong>incusabant</strong></span> <span class='ocrx_word' id='word_1_397' title='bbox 1407 4378 1651 4436; x_wconf 82' lang='lat' dir='ltr'><strong>C:csarea</strong></span> <span class='ocrx_word' id='word_1_398' title='bbox 1681 4382 1749 4439; x_wconf 85' lang='lat' dir='ltr'><strong>ad</strong></span> <span class='ocrx_word' id='word_1_399' title='bbox 1777 4396 1837 4438; x_wconf 87' lang='lat' dir='ltr'><strong>se</strong></span> <span class='ocrx_word' id='word_1_400' title='bbox 1861 4384 2170 4441; x_wconf 86' lang='lat' dir='ltr'><strong>redeuutem</strong></span> <span class='ocrx_word' id='word_1_401' title='bbox 2196 4427 2213 4451; x_wconf 96' lang='lat'><strong>,</strong></span> 
     </span>
    </p>
   </div>
   <div class='ocr_carea' id='block_1_47' title="bbox 636 4471 2209 4545">
    <p class='ocr_par' dir='ltr' id='par_1_47' title="bbox 636 4471 2209 4545">
     <span class='ocr_line' id='line_1_47' title="bbox 636 4471 2209 4545; baseline 0 -14"><span class='ocrx_word' id='word_1_402' title='bbox 636 4478 775 4545; x_wconf 83' lang='lat' dir='ltr'><strong>quod</strong></span> <span class='ocrx_word' id='word_1_403' title='bbox 804 4475 870 4530; x_wconf 90' lang='lat' dir='ltr'><strong>ad</strong></span> <span class='ocrx_word' id='word_1_404' title='bbox 899 4475 1042 4528; x_wconf 84' lang='lat' dir='ltr'><strong>viros</strong></span> <span class='ocrx_word' id='word_1_405' title='bbox 1085 4473 1401 4541; x_wconf 65' lang='lat' dir='ltr'><strong>praeputium</strong></span> <span class='ocrx_word' id='word_1_406' title='bbox 1454 4471 1710 4526; x_wconf 85' lang='lat' dir='ltr'><strong>habentes</strong></span> <span class='ocrx_word' id='word_1_407' title='bbox 1750 4473 2020 4543; x_wconf 83' lang='lat' dir='ltr'><strong>ingressus</strong></span> <span class='ocrx_word' id='word_1_408' title='bbox 2044 4488 2209 4542; x_wconf 88' lang='lat' dir='ltr'><strong>esset,</strong></span> 
     </span>
    </p>
   </div>
   <div class='ocr_carea' id='block_1_48' title="bbox 640 4562 2215 4630">
    <p class='ocr_par' dir='ltr' id='par_1_48' title="bbox 640 4562 2215 4630">
     <span class='ocr_line' id='line_1_48' title="bbox 640 4562 2215 4630; baseline 0.002 -10"><span class='ocrx_word' id='word_1_409' title='bbox 640 4577 694 4620; x_wconf 78' lang='lat' dir='ltr'><strong>et</strong></span> <span class='ocrx_word' id='word_1_410' title='bbox 731 4581 851 4621; x_wconf 89' lang='lat' dir='ltr'><strong>cum</strong></span> <span class='ocrx_word' id='word_1_411' title='bbox 898 4564 1005 4619; x_wconf 89' lang='lat' dir='ltr'><strong>illis</strong></span> <span class='ocrx_word' id='word_1_412' title='bbox 1048 4562 1370 4616; x_wconf 87' lang='lat' dir='ltr'><strong>comedisset</strong></span> <span class='ocrx_word' id='word_1_413' title='bbox 1398 4576 1412 4613; x_wconf 88' lang='lat'><strong>:</strong></span> <span class='ocrx_word' id='word_1_414' title='bbox 1443 4571 1498 4614; x_wconf 89' lang='lat' dir='ltr'><strong>et</strong></span> <span class='ocrx_word' id='word_1_415' title='bbox 1523 4571 1803 4630; x_wconf 83' lang='lat' dir='ltr'><strong>postquam</strong></span> <span class='ocrx_word' id='word_1_416' title='bbox 1854 4566 1945 4619; x_wconf 85' lang='lat' dir='ltr'><strong>Dei</strong></span> <span class='ocrx_word' id='word_1_417' title='bbox 1996 4583 2215 4623; x_wconf 72' lang='lat' dir='ltr'><strong>memo-</strong></span> 
     </span>
    </p>
   </div>
   <div class='ocr_carea' id='block_1_49' title="bbox 643 4649 2216 4727">
    <p class='ocr_par' dir='ltr' id='par_1_49' title="bbox 643 4649 2216 4727">
     <span class='ocr_line' id='line_1_49' title="bbox 643 4649 2216 4727; baseline 0.003 -18"><span class='ocrx_word' id='word_1_418' title='bbox 643 4657 803 4709; x_wconf 87' lang='lat' dir='ltr'><strong>miam</strong></span> <span class='ocrx_word' id='word_1_419' title='bbox 850 4652 1227 4707; x_wconf 87' lang='lat' dir='ltr'><strong>intellexerant</strong></span> <span class='ocrx_word' id='word_1_420' title='bbox 1258 4690 1274 4715; x_wconf 97' lang='lat'><strong>,</strong></span> <span class='ocrx_word' id='word_1_421' title='bbox 1315 4649 1490 4704; x_wconf 86' lang='lat' dir='ltr'><strong>adhuc</strong></span> <span class='ocrx_word' id='word_1_422' title='bbox 1536 4652 1869 4707; x_wconf 87' lang='lat' dir='ltr'><strong>mirabantur</strong></span> <span class='ocrx_word' id='word_1_423' title='bbox 1906 4672 2013 4726; x_wconf 91' lang='lat' dir='ltr'><strong>quo</strong></span> <span class='ocrx_word' id='word_1_424' title='bbox 2062 4669 2216 4727; x_wconf 90' lang='lat' dir='ltr'><strong>pacto</strong></span> 
     </span>
    </p>
   </div>
   <div class='ocr_carea' id='block_1_50' title="bbox 638 4740 2219 4813">
    <p class='ocr_par' dir='ltr' id='par_1_50' title="bbox 638 4740 2219 4813">
     <span class='ocr_line' id='line_1_50' title="bbox 638 4740 2219 4813; baseline 0.004 -14"><span class='ocrx_word' id='word_1_425' title='bbox 638 4747 835 4801; x_wconf 86' lang='lat' dir='ltr'><strong>donum</strong></span> <span class='ocrx_word' id='word_1_426' title='bbox 857 4741 1024 4798; x_wconf 90' lang='lat' dir='ltr'><strong>sancti</strong></span> <span class='ocrx_word' id='word_1_427' title='bbox 1047 4740 1274 4810; x_wconf 85' lang='lat' dir='ltr'><strong>Spiritus</strong></span> <span class='ocrx_word' id='word_1_428' title='bbox 1303 4740 1355 4794; x_wconf 90' lang='lat' dir='ltr'><strong>in</strong></span> <span class='ocrx_word' id='word_1_429' title='bbox 1378 4750 1566 4810; x_wconf 86' lang='lat' dir='ltr'><strong>gentes</strong></span> <span class='ocrx_word' id='word_1_430' title='bbox 1580 4740 1804 4797; x_wconf 78' lang='lat' dir='ltr'><strong>elfusum</strong></span> <span class='ocrx_word' id='word_1_431' title='bbox 1821 4755 1965 4802; x_wconf 86' lang='lat' dir='ltr'><strong>esset</strong></span> <span class='ocrx_word' id='word_1_432' title='bbox 1987 4764 2002 4813; x_wconf 89' lang='lat'><strong>;</strong></span> <span class='ocrx_word' id='word_1_433' title='bbox 2021 4763 2086 4804; x_wconf 85' lang='lat' dir='ltr'><strong>ex</strong></span> <span class='ocrx_word' id='word_1_434' title='bbox 2107 4760 2219 4804; x_wconf 83' lang='lat' dir='ltr'><strong>stu-</strong></span> 
     </span>
    </p>
   </div>
   <div class='ocr_carea' id='block_1_51' title="bbox 641 4834 2218 4908">
    <p class='ocr_par' dir='ltr' id='par_1_51' title="bbox 641 4834 2218 4908">
     <span class='ocr_line' id='line_1_51' title="bbox 641 4834 2218 4908; baseline 0.004 -15"><span class='ocrx_word' id='word_1_435' title='bbox 641 4853 769 4908; x_wconf 90' lang='lat' dir='ltr'><strong>pore</strong></span> <span class='ocrx_word' id='word_1_436' title='bbox 785 4834 1144 4907; x_wconf 83' lang='lat' dir='ltr'><strong>significautes</strong></span> <span class='ocrx_word' id='word_1_437' title='bbox 1159 4849 1218 4888; x_wconf 90' lang='lat' dir='ltr'><strong>se</strong></span> <span class='ocrx_word' id='word_1_438' title='bbox 1236 4848 1521 4904; x_wconf 88' lang='lat' dir='ltr'><strong>numquam</strong></span> <span class='ocrx_word' id='word_1_439' title='bbox 1541 4850 1653 4891; x_wconf 91' lang='lat' dir='ltr'><strong>rem</strong></span> <span class='ocrx_word' id='word_1_440' title='bbox 1669 4843 1774 4890; x_wconf 89' lang='lat' dir='ltr'><strong>tam</strong></span> <span class='ocrx_word' id='word_1_441' title='bbox 1796 4838 2115 4908; x_wconf 88' lang='lat' dir='ltr'><strong>inopinatam</strong></span> <span class='ocrx_word' id='word_1_442' title='bbox 2135 4860 2218 4899; x_wconf 88' lang='lat' dir='ltr'><strong>ex-</strong></span> 
     </span>
    </p>
   </div>
   <div class='ocr_carea' id='block_1_52' title="bbox 641 4926 2218 5008">
    <p class='ocr_par' dir='ltr' id='par_1_52' title="bbox 641 4926 2218 5008">
     <span class='ocr_line' id='line_1_52' title="bbox 641 4926 2218 5008; baseline 0.005 -22"><span class='ocrx_word' id='word_1_443' title='bbox 641 4926 1118 5002; x_wconf 78' lang='lat' dir='ltr'><strong>spectavisse.Quia</strong></span> <span class='ocrx_word' id='word_1_444' title='bbox 1132 4941 1259 4995; x_wconf 85' lang='lat' dir='ltr'><strong>ergo</strong></span> <span class='ocrx_word' id='word_1_445' title='bbox 1269 4927 1469 4982; x_wconf 88' lang='lat' dir='ltr'><strong>sciebat</strong></span> <span class='ocrx_word' id='word_1_446' title='bbox 1482 4927 1601 4983; x_wconf 91' lang='lat' dir='ltr'><strong>illos</strong></span> <span class='ocrx_word' id='word_1_447' title='bbox 1618 4928 1720 4983; x_wconf 91' lang='lat' dir='ltr'><strong>hoc</strong></span> <span class='ocrx_word' id='word_1_448' title='bbox 1734 4931 2064 4999; x_wconf 91' lang='lat' dir='ltr'><strong>potissimum</strong></span> <span class='ocrx_word' id='word_1_449' title='bbox 2077 4953 2218 5008; x_wconf 66' lang='lat' dir='ltr'><strong>aegre</strong></span> 
     </span>
    </p>
   </div>
   <div class='ocr_carea' id='block_1_53' title="bbox 642 5017 2219 5094">
    <p class='ocr_par' dir='ltr' id='par_1_53' title="bbox 642 5017 2219 5094">
     <span class='ocr_line' id='line_1_53' title="bbox 642 5017 2219 5094; baseline 0.004 -17"><span class='ocrx_word' id='word_1_450' title='bbox 642 5024 803 5089; x_wconf 86' lang='lat' dir='ltr'><strong>ferre,</strong></span> <span class='ocrx_word' id='word_1_451' title='bbox 824 5020 955 5075; x_wconf 90' lang='lat' dir='ltr'><strong>nihil</strong></span> <span class='ocrx_word' id='word_1_452' title='bbox 983 5035 1088 5073; x_wconf 88' lang='lat' dir='ltr'><strong>non</strong></span> <span class='ocrx_word' id='word_1_453' title='bbox 1118 5017 1227 5089; x_wconf 85' lang='lat' dir='ltr'><strong>agit</strong></span> <span class='ocrx_word' id='word_1_454' title='bbox 1251 5027 1304 5073; x_wconf 92' lang='lat' dir='ltr'><strong>ut</strong></span> <span class='ocrx_word' id='word_1_455' title='bbox 1329 5032 1514 5075; x_wconf 90' lang='lat' dir='ltr'><strong>eorum</strong></span> <span class='ocrx_word' id='word_1_456' title='bbox 1548 5027 1810 5076; x_wconf 92' lang='lat' dir='ltr'><strong>tumorem</strong></span> <span class='ocrx_word' id='word_1_457' title='bbox 1832 5022 2134 5094; x_wconf 84' lang='lat' dir='ltr'><strong>deprimat,</strong></span> <span class='ocrx_word' id='word_1_458' title='bbox 2165 5040 2219 5084; x_wconf 91' lang='lat' dir='ltr'><strong>et</strong></span> 
     </span>
    </p>
   </div>
   <div class='ocr_carea' id='block_1_54' title="bbox 645 5108 2215 5189">
    <p class='ocr_par' dir='ltr' id='par_1_54' title="bbox 645 5108 2215 5189">
     <span class='ocr_line' id='line_1_54' title="bbox 645 5108 2215 5189; baseline 0.003 -19"><span class='ocrx_word' id='word_1_459' title='bbox 645 5132 719 5170; x_wconf 68' lang='lat' dir='ltr'><strong>an</strong></span> <span class='ocrx_word' id='word_1_460' title='bbox 734 5113 948 5184; x_wconf 86' lang='lat' dir='ltr'><strong>ogautia</strong></span> <span class='ocrx_word' id='word_1_461' title='bbox 975 5110 1185 5169; x_wconf 86' lang='lat' dir='ltr'><strong>inﬂatos</strong></span> <span class='ocrx_word' id='word_1_462' title='bbox 1201 5108 1435 5181; x_wconf 88' lang='lat' dir='ltr'><strong>dejiciat.</strong></span> <span class='ocrx_word' id='word_1_463' title='bbox 1459 5110 1527 5166; x_wconf 88' lang='lat' dir='ltr'><strong>Et</strong></span> <span class='ocrx_word' id='word_1_464' title='bbox 1555 5111 1680 5169; x_wconf 79' lang='lat' dir='ltr'><strong>vide</strong></span> <span class='ocrx_word' id='word_1_465' title='bbox 1699 5115 1968 5182; x_wconf 91' lang='lat' dir='ltr'><strong>quomodo</strong></span> <span class='ocrx_word' id='word_1_466' title='bbox 1994 5117 2044 5172; x_wconf 87' lang='lat' dir='ltr'><strong>id</strong></span> <span class='ocrx_word' id='word_1_467' title='bbox 2073 5129 2215 5189; x_wconf 82' lang='lat' dir='ltr'><strong>agat.</strong></span> 
     </span>
    </p>
   </div>
   <div class='ocr_carea' id='block_1_55' title="bbox 710 5200 2220 5282">
    <p class='ocr_par' dir='ltr' id='par_1_55' title="bbox 710 5200 2220 5282">
     <span class='ocr_line' id='line_1_55' title="bbox 710 5200 2220 5282; baseline 0.005 -24"><span class='ocrx_word' id='word_1_468' title='bbox 710 5204 883 5260; x_wconf 69' lang='lat' dir='ltr'><strong>Judci</strong></span> <span class='ocrx_word' id='word_1_469' title='bbox 903 5213 1181 5273; x_wconf 83' lang='lat' dir='ltr'><strong>carpuntur</strong></span> <span class='ocrx_word' id='word_1_470' title='bbox 1207 5219 1239 5256; x_wconf 91' lang='lat' dir='ltr'><strong>a</strong></span> <span class='ocrx_word' id='word_1_471' title='bbox 1272 5200 1441 5261; x_wconf 83' lang='lat' dir='ltr'><strong>Paulo</strong></span> <span class='ocrx_word' id='word_1_472' title='bbox 1479 5203 1697 5259; x_wconf 72' lang='lat' dir='ltr'><strong>maxime</strong></span> <span class='ocrx_word' id='word_1_473' title='bbox 1724 5205 1785 5259; x_wconf 89' lang='lat' dir='ltr'><strong>ob</strong></span> <span class='ocrx_word' id='word_1_474' title='bbox 1811 5223 1957 5261; x_wconf 86' lang='lat' dir='ltr'><strong>suam</strong></span> <span class='ocrx_word' id='word_1_475' title='bbox 1976 5225 2220 5282; x_wconf 79' lang='lat' dir='ltr'><strong>arrogan-</strong></span> 
     </span>
    </p>
   </div>
   <div class='ocr_carea' id='block_1_56' title="bbox 642 5296 2220 5367">
    <p class='ocr_par' dir='ltr' id='par_1_56' title="bbox 642 5296 2220 5367">
     <span class='ocr_line' id='line_1_56' title="bbox 642 5296 2220 5367; baseline 0.004 -14"><span class='ocrx_word' id='word_1_476' title='bbox 642 5301 783 5355; x_wconf 86' lang='lat' dir='ltr'><strong>tiam.</strong></span> <span class='ocrx_word' id='word_1_477' title='bbox 815 5297 1064 5367; x_wconf 82' lang='lat' dir='ltr'><strong>Superbia</strong></span> <span class='ocrx_word' id='word_1_478' title='bbox 1089 5312 1261 5354; x_wconf 78' lang='lat' dir='ltr'><strong>omnes</strong></span> <span class='ocrx_word' id='word_1_479' title='bbox 1290 5296 1492 5349; x_wconf 75' lang='lat' dir='ltr'><strong>virtutes</strong></span> <span class='ocrx_word' id='word_1_480' title='bbox 1523 5296 1693 5353; x_wconf 82' lang='lat' dir='ltr'><strong>reddit</strong></span> <span class='ocrx_word' id='word_1_481' title='bbox 1718 5297 1939 5353; x_wconf 87' lang='lat' dir='ltr'><strong>inutiles.</strong></span> <span class='ocrx_word' id='word_1_482' title='bbox 1971 5331 2041 5342; x_wconf 90' lang='lat'><strong>—-</strong></span> <span class='ocrx_word' id='word_1_483' title='bbox 2067 5303 2220 5361; x_wconf 59' lang='lat' dir='ltr'><strong>Post-</strong></span> 
     </span>
    </p>
   </div>
   <div class='ocr_carea' id='block_1_57' title="bbox 639 5386 2216 5460">
    <p class='ocr_par' dir='ltr' id='par_1_57' title="bbox 639 5386 2216 5460">
     <span class='ocr_line' id='line_1_57' title="bbox 639 5386 2216 5460; baseline 0.006 -20"><span class='ocrx_word' id='word_1_484' title='bbox 639 5405 797 5459; x_wconf 85' lang='lat' dir='ltr'><strong>quam</strong></span> <span class='ocrx_word' id='word_1_485' title='bbox 823 5387 892 5443; x_wconf 88' lang='lat' dir='ltr'><strong>de</strong></span> <span class='ocrx_word' id='word_1_486' title='bbox 918 5386 1205 5457; x_wconf 88' lang='lat' dir='ltr'><strong>gentilibus</strong></span> <span class='ocrx_word' id='word_1_487' title='bbox 1230 5386 1597 5456; x_wconf 81' lang='lat' dir='ltr'><strong>disputaverat</strong></span> <span class='ocrx_word' id='word_1_488' title='bbox 1617 5426 1633 5451; x_wconf 92' lang='lat'><strong>,</strong></span> <span class='ocrx_word' id='word_1_489' title='bbox 1655 5388 2067 5460; x_wconf 81' lang='lat' dir='ltr'><strong>ostenderatque</strong></span> <span class='ocrx_word' id='word_1_490' title='bbox 2099 5394 2216 5450; x_wconf 91' lang='lat' dir='ltr'><strong>illos</strong></span> 
     </span>
    </p>
   </div>
   <div class='ocr_carea' id='block_1_58' title="bbox 640 5477 2214 5554">
    <p class='ocr_par' dir='ltr' id='par_1_58' title="bbox 640 5477 2214 5554">
     <span class='ocr_line' id='line_1_58' title="bbox 640 5477 2214 5554; baseline 0.004 -21"><span class='ocrx_word' id='word_1_491' title='bbox 640 5480 836 5534; x_wconf 87' lang='lat' dir='ltr'><strong>nullam</strong></span> <span class='ocrx_word' id='word_1_492' title='bbox 868 5493 1085 5547; x_wconf 75' lang='lat' dir='ltr'><strong>prorsus</strong></span> <span class='ocrx_word' id='word_1_493' title='bbox 1110 5478 1475 5533; x_wconf 81' lang='lat' dir='ltr'><strong>defensionem</strong></span> <span class='ocrx_word' id='word_1_494' title='bbox 1498 5477 1716 5543; x_wconf 90' lang='lat' dir='ltr'><strong>habere,</strong></span> <span class='ocrx_word' id='word_1_495' title='bbox 1742 5479 2047 5551; x_wconf 89' lang='lat' dir='ltr'><strong>nullamque</strong></span> <span class='ocrx_word' id='word_1_496' title='bbox 2065 5500 2214 5554; x_wconf 87' lang='lat' dir='ltr'><strong>spem</strong></span> 
     </span>
    </p>
   </div>
   <div class='ocr_carea' id='block_1_59' title="bbox 641 5570 2213 5644">
    <p class='ocr_par' dir='ltr' id='par_1_59' title="bbox 641 5570 2213 5644">
     <span class='ocr_line' id='line_1_59' title="bbox 641 5570 2213 5644; baseline 0.006 -19"><span class='ocrx_word' id='word_1_497' title='bbox 641 5572 828 5626; x_wconf 85' lang='lat' dir='ltr'><strong>salutis</strong></span> <span class='ocrx_word' id='word_1_498' title='bbox 856 5611 874 5636; x_wconf 93' lang='lat'><strong>,</strong></span> <span class='ocrx_word' id='word_1_499' title='bbox 922 5570 1221 5639; x_wconf 86' lang='lat' dir='ltr'><strong>acriterque</strong></span> <span class='ocrx_word' id='word_1_500' title='bbox 1249 5573 1365 5627; x_wconf 88' lang='lat' dir='ltr'><strong>illos</strong></span> <span class='ocrx_word' id='word_1_501' title='bbox 1408 5571 1747 5628; x_wconf 84' lang='lat' dir='ltr'><strong>incusaverat</strong></span> <span class='ocrx_word' id='word_1_502' title='bbox 1770 5573 1839 5629; x_wconf 90' lang='lat' dir='ltr'><strong>de</strong></span> <span class='ocrx_word' id='word_1_503' title='bbox 1866 5580 2213 5644; x_wconf 82' lang='lat' dir='ltr'><strong>perversitate</strong></span> 
     </span>
    </p>
   </div>
   <div class='ocr_carea' id='block_1_60' title="bbox 643 5658 2210 5741">
    <p class='ocr_par' dir='ltr' id='par_1_60' title="bbox 643 5658 2210 5741">
     <span class='ocr_line' id='line_1_60' title="bbox 643 5658 2210 5741; baseline 0.006 -26"><span class='ocrx_word' id='word_1_504' title='bbox 643 5659 898 5717; x_wconf 70' lang='lat' dir='ltr'><strong>doctrina:</strong></span> <span class='ocrx_word' id='word_1_505' title='bbox 933 5658 1109 5741; x_wconf 79' lang='lat' dir='ltr'><strong>deque</strong></span> <span class='ocrx_word' id='word_1_506' title='bbox 1143 5664 1262 5716; x_wconf 84' lang='lat' dir='ltr'><strong>vita:</strong></span> <span class='ocrx_word' id='word_1_507' title='bbox 1290 5660 1625 5731; x_wconf 88' lang='lat' dir='ltr'><strong>impuritate;</strong></span> <span class='ocrx_word' id='word_1_508' title='bbox 1671 5660 1736 5719; x_wconf 87' lang='lat' dir='ltr'><strong>ad</strong></span> <span class='ocrx_word' id='word_1_509' title='bbox 1762 5661 1977 5721; x_wconf 66' lang='lat' dir='ltr'><strong>.luJacos</strong></span> <span class='ocrx_word' id='word_1_510' title='bbox 2010 5685 2210 5726; x_wconf 86' lang='lat' dir='ltr'><strong>sermo-</strong></span> 
     </span>
    </p>
   </div>
   <div class='ocr_carea' id='block_1_61' title="bbox 896 5854 925 5865">
    <p class='ocr_par' dir='ltr' id='par_1_61' title="bbox 896 5854 925 5865">
     <span class='ocr_line' id='line_1_61' title="bbox 896 5854 925 5865; baseline 0 0"><span class='ocrx_word' id='word_1_511' title='bbox 896 5854 925 5865; x_wconf 63' lang='grc' dir='ltr'><strong><em>ρ</em></strong></span> 
     </span>
    </p>
   </div>
   <div class='ocr_carea' id='block_1_62' title="bbox 2344 376 3922 464">
    <p class='ocr_par' dir='ltr' id='par_1_62' title="bbox 2344 376 3922 464">
     <span class='ocr_line' id='line_1_62' title="bbox 2344 376 3922 464; baseline 0.013 -40"><span class='ocrx_word' id='word_1_512' title='bbox 2344 386 2463 425; x_wconf 89' lang='lat' dir='ltr'><strong>nem</strong></span> <span class='ocrx_word' id='word_1_513' title='bbox 2496 376 2747 432; x_wconf 89' lang='lat' dir='ltr'><strong>transfert</strong></span> <span class='ocrx_word' id='word_1_514' title='bbox 2778 393 2792 441; x_wconf 92' lang='lat'><strong>;</strong></span> <span class='ocrx_word' id='word_1_515' title='bbox 2837 394 2901 435; x_wconf 91' lang='lat' dir='ltr'><strong>ac</strong></span> <span class='ocrx_word' id='word_1_516' title='bbox 2930 382 3212 439; x_wconf 88' lang='lat' dir='ltr'><strong>recensitis</strong></span> <span class='ocrx_word' id='word_1_517' title='bbox 3257 385 3321 441; x_wconf 92' lang='lat' dir='ltr'><strong>iis</strong></span> <span class='ocrx_word' id='word_1_518' title='bbox 3362 388 3616 446; x_wconf 82' lang='lat' dir='ltr'><strong>omnibus</strong></span> <span class='ocrx_word' id='word_1_519' title='bbox 3645 408 3769 462; x_wconf 82' lang='lat' dir='ltr'><strong>quae</strong></span> <span class='ocrx_word' id='word_1_520' title='bbox 3801 410 3922 464; x_wconf 80' lang='lat' dir='ltr'><strong>pru-</strong></span> 
     </span>
    </p>
   </div>
   <div class='ocr_carea' id='block_1_63' title="bbox 2342 460 3917 551">
    <p class='ocr_par' dir='ltr' id='par_1_63' title="bbox 2342 460 3917 551">
     <span class='ocr_line' id='line_1_63' title="bbox 2342 460 3917 551; baseline 0.017 -37"><span class='ocrx_word' id='word_1_521' title='bbox 2342 460 2498 531; x_wconf 89' lang='lat' dir='ltr'><strong>pheta</strong></span> <span class='ocrx_word' id='word_1_522' title='bbox 2527 463 2595 520; x_wconf 89' lang='lat' dir='ltr'><strong>de</strong></span> <span class='ocrx_word' id='word_1_523' title='bbox 2620 465 2725 522; x_wconf 88' lang='lat' dir='ltr'><strong>illis</strong></span> <span class='ocrx_word' id='word_1_524' title='bbox 2751 469 2998 539; x_wconf 85' lang='lat' dir='ltr'><strong>dixerat,</strong></span> <span class='ocrx_word' id='word_1_525' title='bbox 3029 474 3170 543; x_wconf 91' lang='lat' dir='ltr'><strong>quod</strong></span> <span class='ocrx_word' id='word_1_526' title='bbox 3197 476 3414 532; x_wconf 83' lang='lat' dir='ltr'><strong>scelesti</strong></span> <span class='ocrx_word' id='word_1_527' title='bbox 3440 490 3622 535; x_wconf 87' lang='lat' dir='ltr'><strong>essent</strong></span> <span class='ocrx_word' id='word_1_528' title='bbox 3650 460 3673 546; x_wconf 23' lang='lat' dir='ltr'><strong>,v</strong></span> <span class='ocrx_word' id='word_1_529' title='bbox 3695 460 3868 539; x_wconf 82' lang='lat' dir='ltr'><strong>dolosi</strong></span> <span class='ocrx_word' id='word_1_530' title='bbox 3900 528 3917 551; x_wconf 84' lang='lat'><strong>,</strong></span> 
     </span>
    </p>
   </div>
   <div class='ocr_carea' id='block_1_64' title="bbox 2337 555 3922 635">
    <p class='ocr_par' dir='ltr' id='par_1_64' title="bbox 2337 555 3922 635">
     <span class='ocr_line' id='line_1_64' title="bbox 2337 555 3922 635; baseline 0.014 -27"><span class='ocrx_word' id='word_1_531' title='bbox 2337 555 2512 611; x_wconf 90' lang='lat' dir='ltr'><strong>callidi</strong></span> <span class='ocrx_word' id='word_1_532' title='bbox 2544 599 2560 624; x_wconf 88' lang='lat'><strong>,</strong></span> <span class='ocrx_word' id='word_1_533' title='bbox 2591 559 2733 629; x_wconf 89' lang='lat' dir='ltr'><strong>quod</strong></span> <span class='ocrx_word' id='word_1_534' title='bbox 2760 575 2947 618; x_wconf 87' lang='lat' dir='ltr'><strong>omnes</strong></span> <span class='ocrx_word' id='word_1_535' title='bbox 2988 565 3206 622; x_wconf 87' lang='lat' dir='ltr'><strong>inutiles</strong></span> <span class='ocrx_word' id='word_1_536' title='bbox 3245 567 3364 624; x_wconf 88' lang='lat' dir='ltr'><strong>facti</strong></span> <span class='ocrx_word' id='word_1_537' title='bbox 3394 611 3412 635; x_wconf 89' lang='lat'><strong>,</strong></span> <span class='ocrx_word' id='word_1_538' title='bbox 3458 585 3523 627; x_wconf 87' lang='lat' dir='ltr'><strong>ac</strong></span> <span class='ocrx_word' id='word_1_539' title='bbox 3566 574 3743 629; x_wconf 91' lang='lat' dir='ltr'><strong>nullus</strong></span> <span class='ocrx_word' id='word_1_540' title='bbox 3772 576 3824 630; x_wconf 89' lang='lat' dir='ltr'><strong>in</strong></span> <span class='ocrx_word' id='word_1_541' title='bbox 3854 578 3922 630; x_wconf 65' lang='lat' dir='ltr'><strong>iis</strong></span> 
     </span>
    </p>
   </div>
   <div class='ocr_carea' id='block_1_65' title="bbox 2335 649 3916 733">
    <p class='ocr_par' dir='ltr' id='par_1_65' title="bbox 2335 649 3916 733">
     <span class='ocr_line' id='line_1_65' title="bbox 2335 649 3916 733; baseline 0.015 -34"><span class='ocrx_word' id='word_1_542' title='bbox 2335 656 2479 700; x_wconf 87' lang='lat' dir='ltr'><strong>esset</strong></span> <span class='ocrx_word' id='word_1_543' title='bbox 2505 649 2593 716; x_wconf 94' lang='lat' dir='ltr'><strong>qui</strong></span> <span class='ocrx_word' id='word_1_544' title='bbox 2626 650 2789 705; x_wconf 90' lang='lat' dir='ltr'><strong>Deum</strong></span> <span class='ocrx_word' id='word_1_545' title='bbox 2818 655 3133 723; x_wconf 82' lang='lat' dir='ltr'><strong>requireret,</strong></span> <span class='ocrx_word' id='word_1_546' title='bbox 3166 659 3259 713; x_wconf 89' lang='lat' dir='ltr'><strong>sed</strong></span> <span class='ocrx_word' id='word_1_547' title='bbox 3291 674 3482 717; x_wconf 89' lang='lat' dir='ltr'><strong>omnes</strong></span> <span class='ocrx_word' id='word_1_548' title='bbox 3503 663 3871 722; x_wconf 86' lang='lat' dir='ltr'><strong>declinassent</strong></span> <span class='ocrx_word' id='word_1_549' title='bbox 3899 712 3916 733; x_wconf 89' lang='lat'><strong>,</strong></span> 
     </span>
    </p>
   </div>
   <div class='ocr_carea' id='block_1_66' title="bbox 2334 738 3919 824">
    <p class='ocr_par' dir='ltr' id='par_1_66' title="bbox 2334 738 3919 824">
     <span class='ocr_line' id='line_1_66' title="bbox 2334 738 3919 824; baseline 0.013 -35"><span class='ocrx_word' id='word_1_550' title='bbox 2334 746 2389 790; x_wconf 88' lang='lat' dir='ltr'><strong>et</strong></span> <span class='ocrx_word' id='word_1_551' title='bbox 2412 738 2601 793; x_wconf 88' lang='lat' dir='ltr'><strong>similia</strong></span> <span class='ocrx_word' id='word_1_552' title='bbox 2635 781 2650 805; x_wconf 91' lang='lat'><strong>,</strong></span> <span class='ocrx_word' id='word_1_553' title='bbox 2679 742 2914 799; x_wconf 86' lang='lat' dir='ltr'><strong>subdidit</strong></span> <span class='ocrx_word' id='word_1_554' title='bbox 2945 762 2957 797; x_wconf 92' lang='lat'><strong>:</strong></span> <span class='ocrx_word' id='word_1_555' title='bbox 2984 745 3187 803; x_wconf 80' lang='lat' dir='ltr'><strong>Scimus</strong></span> <span class='ocrx_word' id='word_1_556' title='bbox 3212 761 3379 805; x_wconf 87' lang='lat' dir='ltr'><strong>autem</strong></span> <span class='ocrx_word' id='word_1_557' title='bbox 3398 754 3637 820; x_wconf 88' lang='lat' dir='ltr'><strong>quoniam</strong></span> <span class='ocrx_word' id='word_1_558' title='bbox 3656 771 3919 824; x_wconf 62' lang='lat' dir='ltr'><strong>quiscum-</strong></span> 
     </span>
    </p>
   </div>
   <div class='ocr_carea' id='block_1_67' title="bbox 2332 830 3920 913">
    <p class='ocr_par' dir='ltr' id='par_1_67' title="bbox 2332 830 3920 913">
     <span class='ocr_line' id='line_1_67' title="bbox 2332 830 3920 913; baseline 0.014 -32"><span class='ocrx_word' id='word_1_559' title='bbox 2332 845 2426 898; x_wconf 83' lang='lat' dir='ltr'><strong>que</strong></span> <span class='ocrx_word' id='word_1_560' title='bbox 2446 830 2528 885; x_wconf 75' lang='lat' dir='ltr'><strong>lea:</strong></span> <span class='ocrx_word' id='word_1_561' title='bbox 2554 831 2778 902; x_wconf 81' lang='lat' dir='ltr'><strong>loquitur</strong></span> <span class='ocrx_word' id='word_1_562' title='bbox 2803 876 2818 898; x_wconf 93' lang='lat'><strong>,</strong></span> <span class='ocrx_word' id='word_1_563' title='bbox 2844 836 2906 890; x_wconf 89' lang='lat' dir='ltr'><strong>iis</strong></span> <span class='ocrx_word' id='word_1_564' title='bbox 2935 839 3020 907; x_wconf 89' lang='lat' dir='ltr'><strong>qui</strong></span> <span class='ocrx_word' id='word_1_565' title='bbox 3042 839 3095 893; x_wconf 88' lang='lat' dir='ltr'><strong>in</strong></span> <span class='ocrx_word' id='word_1_566' title='bbox 3118 840 3227 911; x_wconf 88' lang='lat' dir='ltr'><strong>lege</strong></span> <span class='ocrx_word' id='word_1_567' title='bbox 3248 854 3366 896; x_wconf 86' lang='lat' dir='ltr'><strong>sunt</strong></span> <span class='ocrx_word' id='word_1_568' title='bbox 3392 844 3619 913; x_wconf 86' lang='lat' dir='ltr'><strong>loquitur</strong></span> <span class='ocrx_word' id='word_1_569' title='bbox 3644 861 3667 912; x_wconf 83' lang='lat'><strong><em>;</em></strong></span> <span class='ocrx_word' id='word_1_570' title='bbox 3693 859 3749 902; x_wconf 89' lang='lat' dir='ltr'><strong>ut</strong></span> <span class='ocrx_word' id='word_1_571' title='bbox 3774 865 3920 904; x_wconf 77' lang='lat' dir='ltr'><strong>omne</strong></span> 
     </span>
    </p>
   </div>
   <div class='ocr_carea' id='block_1_68' title="bbox 2331 921 3916 999">
    <p class='ocr_par' dir='ltr' id='par_1_68' title="bbox 2331 921 3916 999">
     <span class='ocr_line' id='line_1_68' title="bbox 2331 921 3916 999; baseline 0.013 -25"><span class='ocrx_word' id='word_1_572' title='bbox 2331 937 2387 974; x_wconf 89' lang='lat' dir='ltr'><strong>os</strong></span> <span class='ocrx_word' id='word_1_573' title='bbox 2406 921 2716 992; x_wconf 78' lang='lat' dir='ltr'><strong>obstruetur,</strong></span> <span class='ocrx_word' id='word_1_574' title='bbox 2744 937 2791 980; x_wconf 85' lang='lat' dir='ltr'><strong>et</strong></span> <span class='ocrx_word' id='word_1_575' title='bbox 2814 927 3041 983; x_wconf 84' lang='lat' dir='ltr'><strong>subditus</strong></span> <span class='ocrx_word' id='word_1_576' title='bbox 3067 931 3157 999; x_wconf 83' lang='lat' dir='ltr'><strong>ﬁat</strong></span> <span class='ocrx_word' id='word_1_577' title='bbox 3183 935 3346 988; x_wconf 89' lang='lat' dir='ltr'><strong>omnis</strong></span> <span class='ocrx_word' id='word_1_578' title='bbox 3374 936 3593 992; x_wconf 86' lang='lat' dir='ltr'><strong>mundus</strong></span> <span class='ocrx_word' id='word_1_579' title='bbox 3615 937 3745 993; x_wconf 88' lang='lat' dir='ltr'><strong>Deo.</strong></span> <span class='ocrx_word' id='word_1_580' title='bbox 3794 938 3916 994; x_wconf 80' lang='lat' dir='ltr'><strong>0m-</strong></span> 
     </span>
    </p>
   </div>
   <div class='ocr_carea' id='block_1_69' title="bbox 2338 1015 3915 1099">
    <p class='ocr_par' dir='ltr' id='par_1_69' title="bbox 2338 1015 3915 1099">
     <span class='ocr_line' id='line_1_69' title="bbox 2338 1015 3915 1099; baseline 0.015 -35"><span class='ocrx_word' id='word_1_581' title='bbox 2338 1030 2423 1067; x_wconf 80' lang='lat' dir='ltr'><strong>nes</strong></span> <span class='ocrx_word' id='word_1_582' title='bbox 2445 1015 2574 1069; x_wconf 81' lang='lat' dir='ltr'><strong>enini</strong></span> <span class='ocrx_word' id='word_1_583' title='bbox 2596 1030 2944 1087; x_wconf 80' lang='lat' dir='ltr'><strong>peccaverunt,</strong></span> <span class='ocrx_word' id='word_1_584' title='bbox 2968 1031 3016 1075; x_wconf 87' lang='lat' dir='ltr'><strong>et</strong></span> <span class='ocrx_word' id='word_1_585' title='bbox 3044 1034 3187 1093; x_wconf 83' lang='lat' dir='ltr'><strong>egent</strong></span> <span class='ocrx_word' id='word_1_586' title='bbox 3210 1025 3374 1094; x_wconf 86' lang='lat' dir='ltr'><strong>gloria</strong></span> <span class='ocrx_word' id='word_1_587' title='bbox 3405 1026 3543 1099; x_wconf 82' lang='lat' dir='ltr'><strong>Dci(</strong></span> <span class='ocrx_word' id='word_1_588' title='bbox 3570 1028 3721 1085; x_wconf 85' lang='lat' dir='ltr'><strong>Rom.</strong></span> <span class='ocrx_word' id='word_1_589' title='bbox 3744 1032 3800 1085; x_wconf 78' lang='grc'><strong>5.</strong></span> <span class='ocrx_word' id='word_1_590' title='bbox 3827 1033 3915 1087; x_wconf 87' lang='grc'><strong>18.</strong></span> 
     </span>
    </p>
   </div>
   <div class='ocr_carea' id='block_1_70' title="bbox 2334 1104 3919 1190">
    <p class='ocr_par' dir='ltr' id='par_1_70' title="bbox 2334 1104 3919 1190">
     <span class='ocr_line' id='line_1_70' title="bbox 2334 1104 3919 1190; baseline 0.013 -32"><span class='ocrx_word' id='word_1_591' title='bbox 2334 1114 2381 1158; x_wconf 86' lang='lat' dir='ltr'><strong>et</strong></span> <span class='ocrx_word' id='word_1_592' title='bbox 2406 1104 2522 1177; x_wconf 73' lang='lat'><strong>25).</strong></span> <span class='ocrx_word' id='word_1_593' title='bbox 2554 1106 2691 1173; x_wconf 86' lang='lat' dir='ltr'><strong>Quid</strong></span> <span class='ocrx_word' id='word_1_594' title='bbox 2713 1124 2840 1179; x_wconf 87' lang='lat' dir='ltr'><strong>ergo</strong></span> <span class='ocrx_word' id='word_1_595' title='bbox 2870 1118 2922 1166; x_wconf 91' lang='lat' dir='ltr'><strong>te</strong></span> <span class='ocrx_word' id='word_1_596' title='bbox 2949 1110 3130 1177; x_wconf 79' lang='lat' dir='ltr'><strong>en‘ers,</strong></span> <span class='ocrx_word' id='word_1_597' title='bbox 3160 1113 3390 1171; x_wconf 75' lang='lat' dir='ltr'><strong>Judaze?</strong></span> <span class='ocrx_word' id='word_1_598' title='bbox 3414 1132 3510 1174; x_wconf 88' lang='lat' dir='ltr'><strong>cur</strong></span> <span class='ocrx_word' id='word_1_599' title='bbox 3530 1119 3696 1173; x_wconf 89' lang='lat' dir='ltr'><strong>altum</strong></span> <span class='ocrx_word' id='word_1_600' title='bbox 3726 1122 3871 1190; x_wconf 85' lang='lat' dir='ltr'><strong>sapis</strong></span> <span class='ocrx_word' id='word_1_601' title='bbox 3892 1123 3919 1176; x_wconf 67' lang='grc' dir='ltr'><strong>ἲ</strong></span> 
     </span>
    </p>
   </div>
   <div class='ocr_carea' id='block_1_71' title="bbox 2333 1195 3917 1271">
    <p class='ocr_par' dir='ltr' id='par_1_71' title="bbox 2333 1195 3917 1271">
     <span class='ocr_line' id='line_1_71' title="bbox 2333 1195 3917 1271; baseline 0.01 -22"><span class='ocrx_word' id='word_1_602' title='bbox 2333 1195 2464 1250; x_wconf 86' lang='lat' dir='ltr'><strong>Nam</strong></span> <span class='ocrx_word' id='word_1_603' title='bbox 2494 1214 2555 1253; x_wconf 92' lang='lat' dir='ltr'><strong>os</strong></span> <span class='ocrx_word' id='word_1_604' title='bbox 2587 1215 2801 1271; x_wconf 87' lang='lat' dir='ltr'><strong>quoque</strong></span> <span class='ocrx_word' id='word_1_605' title='bbox 2826 1210 2973 1256; x_wconf 92' lang='lat' dir='ltr'><strong>tuum</strong></span> <span class='ocrx_word' id='word_1_606' title='bbox 2995 1203 3329 1260; x_wconf 86' lang='lat' dir='ltr'><strong>obstructum</strong></span> <span class='ocrx_word' id='word_1_607' title='bbox 3365 1218 3448 1262; x_wconf 88' lang='lat' dir='ltr'><strong>est</strong></span> <span class='ocrx_word' id='word_1_608' title='bbox 3467 1248 3482 1271; x_wconf 90' lang='lat'><strong>,</strong></span> <span class='ocrx_word' id='word_1_609' title='bbox 3510 1219 3567 1264; x_wconf 90' lang='lat' dir='ltr'><strong>et</strong></span> <span class='ocrx_word' id='word_1_610' title='bbox 3594 1208 3917 1267; x_wconf 77' lang='lat' dir='ltr'><strong>confidentia</strong></span> 
     </span>
    </p>
   </div>
   <div class='ocr_carea' id='block_1_72' title="bbox 2335 1291 3915 1360">
    <p class='ocr_par' dir='ltr' id='par_1_72' title="bbox 2335 1291 3915 1360">
     <span class='ocr_line' id='line_1_72' title="bbox 2335 1291 3915 1360; baseline 0.009 -17"><span class='ocrx_word' id='word_1_611' title='bbox 2335 1298 2420 1343; x_wconf 88' lang='lat' dir='ltr'><strong>tua</strong></span> <span class='ocrx_word' id='word_1_612' title='bbox 2470 1291 2676 1347; x_wconf 87' lang='lat' dir='ltr'><strong>sublata</strong></span> <span class='ocrx_word' id='word_1_613' title='bbox 2705 1333 2721 1357; x_wconf 90' lang='lat'><strong>,</strong></span> <span class='ocrx_word' id='word_1_614' title='bbox 2769 1308 2833 1348; x_wconf 90' lang='lat' dir='ltr'><strong>ac</strong></span> <span class='ocrx_word' id='word_1_615' title='bbox 2870 1309 2992 1350; x_wconf 90' lang='lat' dir='ltr'><strong>cum</strong></span> <span class='ocrx_word' id='word_1_616' title='bbox 3037 1297 3287 1352; x_wconf 87' lang='lat' dir='ltr'><strong>universo</strong></span> <span class='ocrx_word' id='word_1_617' title='bbox 3319 1299 3516 1355; x_wconf 90' lang='lat' dir='ltr'><strong>mundo</strong></span> <span class='ocrx_word' id='word_1_618' title='bbox 3546 1310 3603 1357; x_wconf 93' lang='lat' dir='ltr'><strong>tu</strong></span> <span class='ocrx_word' id='word_1_619' title='bbox 3642 1301 3815 1360; x_wconf 83' lang='lat' dir='ltr'><strong>factus</strong></span> <span class='ocrx_word' id='word_1_620' title='bbox 3855 1319 3915 1360; x_wconf 84' lang='lat' dir='ltr'><strong>es</strong></span> 
     </span>
    </p>
   </div>
   <div class='ocr_carea' id='block_1_73' title="bbox 2331 1379 3913 1465">
    <p class='ocr_par' dir='ltr' id='par_1_73' title="bbox 2331 1379 3913 1465">
     <span class='ocr_line' id='line_1_73' title="bbox 2331 1379 3913 1465; baseline 0.011 -34"><span class='ocrx_word' id='word_1_621' title='bbox 2331 1379 2577 1434; x_wconf 87' lang='lat' dir='ltr'><strong>subditus</strong></span> <span class='ocrx_word' id='word_1_622' title='bbox 2608 1423 2624 1445; x_wconf 91' lang='lat'><strong>,</strong></span> <span class='ocrx_word' id='word_1_623' title='bbox 2657 1393 2713 1436; x_wconf 90' lang='lat' dir='ltr'><strong>et</strong></span> <span class='ocrx_word' id='word_1_624' title='bbox 2752 1384 2974 1452; x_wconf 88' lang='lat' dir='ltr'><strong>perinde</strong></span> <span class='ocrx_word' id='word_1_625' title='bbox 3009 1396 3167 1457; x_wconf 92' lang='lat' dir='ltr'><strong>atque</strong></span> <span class='ocrx_word' id='word_1_626' title='bbox 3199 1388 3287 1442; x_wconf 88' lang='lat' dir='ltr'><strong>alii</strong></span> <span class='ocrx_word' id='word_1_627' title='bbox 3314 1403 3450 1459; x_wconf 91' lang='lat' dir='ltr'><strong>opus</strong></span> <span class='ocrx_word' id='word_1_628' title='bbox 3476 1391 3642 1449; x_wconf 86' lang='lat' dir='ltr'><strong>habes</strong></span> <span class='ocrx_word' id='word_1_629' title='bbox 3668 1402 3727 1448; x_wconf 91' lang='lat' dir='ltr'><strong>ut</strong></span> <span class='ocrx_word' id='word_1_630' title='bbox 3750 1395 3913 1465; x_wconf 80' lang='lat' dir='ltr'><strong>gratis</strong></span> 
     </span>
    </p>
   </div>
   <div class='ocr_carea' id='block_1_74' title="bbox 2326 1471 3911 1551">
    <p class='ocr_par' dir='ltr' id='par_1_74' title="bbox 2326 1471 3911 1551">
     <span class='ocr_line' id='line_1_74' title="bbox 2326 1471 3911 1551; baseline 0.013 -28"><span class='ocrx_word' id='word_1_631' title='bbox 2326 1471 2655 1538; x_wconf 75' lang='lat' dir='ltr'><strong>jiistiticeris.</strong></span> <span class='ocrx_word' id='word_1_632' title='bbox 2683 1472 2975 1543; x_wconf 84' lang='lat' dir='ltr'><strong>Oportebat</strong></span> <span class='ocrx_word' id='word_1_633' title='bbox 3014 1488 3162 1533; x_wconf 89' lang='lat' dir='ltr'><strong>certe</strong></span> <span class='ocrx_word' id='word_1_634' title='bbox 3206 1480 3415 1536; x_wconf 90' lang='lat' dir='ltr'><strong>etiamsi</strong></span> <span class='ocrx_word' id='word_1_635' title='bbox 3444 1484 3609 1551; x_wconf 88' lang='lat' dir='ltr'><strong>probe</strong></span> <span class='ocrx_word' id='word_1_636' title='bbox 3640 1485 3867 1542; x_wconf 83' lang='lat' dir='ltr'><strong>vixisses</strong></span> <span class='ocrx_word' id='word_1_637' title='bbox 3897 1529 3911 1547; x_wconf 89' lang='lat'><strong>.</strong></span> 
     </span>
    </p>
   </div>
   <div class='ocr_carea' id='block_1_75' title="bbox 2331 1563 3914 1641">
    <p class='ocr_par' dir='ltr' id='par_1_75' title="bbox 2331 1563 3914 1641">
     <span class='ocr_line' id='line_1_75' title="bbox 2331 1563 3914 1641; baseline 0.01 -24"><span class='ocrx_word' id='word_1_638' title='bbox 2331 1574 2385 1618; x_wconf 86' lang='lat' dir='ltr'><strong>ct</strong></span> <span class='ocrx_word' id='word_1_639' title='bbox 2412 1563 2656 1619; x_wconf 87' lang='lat' dir='ltr'><strong>liduciam</strong></span> <span class='ocrx_word' id='word_1_640' title='bbox 2706 1567 2928 1621; x_wconf 90' lang='lat' dir='ltr'><strong>multam</strong></span> <span class='ocrx_word' id='word_1_641' title='bbox 2957 1570 3098 1638; x_wconf 88' lang='lat' dir='ltr'><strong>apud</strong></span> <span class='ocrx_word' id='word_1_642' title='bbox 3146 1570 3313 1626; x_wconf 85' lang='lat' dir='ltr'><strong>Deum</strong></span> <span class='ocrx_word' id='word_1_643' title='bbox 3346 1572 3642 1641; x_wconf 86' lang='lat' dir='ltr'><strong>habuisses,</strong></span> <span class='ocrx_word' id='word_1_644' title='bbox 3672 1577 3782 1632; x_wconf 90' lang='lat' dir='ltr'><strong>illis</strong></span> <span class='ocrx_word' id='word_1_645' title='bbox 3809 1594 3914 1632; x_wconf 89' lang='lat' dir='ltr'><strong>non</strong></span> 
     </span>
    </p>
   </div>
   <div class='ocr_carea' id='block_1_76' title="bbox 2332 1653 3915 1730">
    <p class='ocr_par' dir='ltr' id='par_1_76' title="bbox 2332 1653 3915 1730">
     <span class='ocr_line' id='line_1_76' title="bbox 2332 1653 3915 1730; baseline 0.01 -22"><span class='ocrx_word' id='word_1_646' title='bbox 2332 1653 2569 1710; x_wconf 83' lang='lat' dir='ltr'><strong>invidere</strong></span> <span class='ocrx_word' id='word_1_647' title='bbox 2592 1696 2607 1719; x_wconf 90' lang='lat'><strong>,</strong></span> <span class='ocrx_word' id='word_1_648' title='bbox 2630 1656 2718 1726; x_wconf 92' lang='lat' dir='ltr'><strong>qui</strong></span> <span class='ocrx_word' id='word_1_649' title='bbox 2750 1673 2846 1727; x_wconf 91' lang='lat' dir='ltr'><strong>per</strong></span> <span class='ocrx_word' id='word_1_650' title='bbox 2876 1659 3256 1730; x_wconf 86' lang='lat' dir='ltr'><strong>benignitatem</strong></span> <span class='ocrx_word' id='word_1_651' title='bbox 3287 1663 3379 1718; x_wconf 93' lang='lat' dir='ltr'><strong>Dei</strong></span> <span class='ocrx_word' id='word_1_652' title='bbox 3406 1665 3831 1723; x_wconf 86' lang='lat' dir='ltr'><strong>misericordiam</strong></span> <span class='ocrx_word' id='word_1_653' title='bbox 3860 1679 3915 1724; x_wconf 80' lang='lat' dir='ltr'><strong>et</strong></span> 
     </span>
    </p>
   </div>
   <div class='ocr_carea' id='block_1_77' title="bbox 2331 1745 3913 1829">
    <p class='ocr_par' dir='ltr' id='par_1_77' title="bbox 2331 1745 3913 1829">
     <span class='ocr_line' id='line_1_77' title="bbox 2331 1745 3913 1829; baseline 0.011 -33"><span class='ocrx_word' id='word_1_654' title='bbox 2331 1745 2555 1799; x_wconf 86' lang='lat' dir='ltr'><strong>salutem</strong></span> <span class='ocrx_word' id='word_1_655' title='bbox 2583 1751 2961 1816; x_wconf 87' lang='lat' dir='ltr'><strong>consequuturi</strong></span> <span class='ocrx_word' id='word_1_656' title='bbox 2997 1759 3169 1804; x_wconf 89' lang='lat' dir='ltr'><strong>erant.</strong></span> <span class='ocrx_word' id='word_1_657' title='bbox 3201 1750 3332 1805; x_wconf 84' lang='lat' dir='ltr'><strong>Nam</strong></span> <span class='ocrx_word' id='word_1_658' title='bbox 3370 1763 3631 1811; x_wconf 69' lang='lat' dir='ltr'><strong>extremm</strong></span> <span class='ocrx_word' id='word_1_659' title='bbox 3663 1759 3913 1829; x_wconf 71' lang='lat' dir='ltr'><strong>nequitia:</strong></span> 
     </span>
    </p>
   </div>
   <div class='ocr_carea' id='block_1_78' title="bbox 2330 1837 3916 1910">
    <p class='ocr_par' dir='ltr' id='par_1_78' title="bbox 2330 1837 3916 1910">
     <span class='ocr_line' id='line_1_78' title="bbox 2330 1837 3916 1910; baseline 0.011 -22"><span class='ocrx_word' id='word_1_660' title='bbox 2330 1845 2452 1900; x_wconf 86' lang='lat' dir='ltr'><strong>est,</strong></span> <span class='ocrx_word' id='word_1_661' title='bbox 2499 1837 2723 1891; x_wconf 89' lang='lat' dir='ltr'><strong>aliorum</strong></span> <span class='ocrx_word' id='word_1_662' title='bbox 2762 1839 2900 1894; x_wconf 90' lang='lat' dir='ltr'><strong>bona</strong></span> <span class='ocrx_word' id='word_1_663' title='bbox 2930 1840 3112 1910; x_wconf 89' lang='lat' dir='ltr'><strong>inique</strong></span> <span class='ocrx_word' id='word_1_664' title='bbox 3141 1843 3280 1899; x_wconf 80' lang='lat' dir='ltr'><strong>ferre</strong></span> <span class='ocrx_word' id='word_1_665' title='bbox 3313 1886 3327 1907; x_wconf 90' lang='lat'><strong>,</strong></span> <span class='ocrx_word' id='word_1_666' title='bbox 3374 1861 3494 1900; x_wconf 88' lang='lat' dir='ltr'><strong>cum</strong></span> <span class='ocrx_word' id='word_1_667' title='bbox 3538 1850 3773 1905; x_wconf 79' lang='lat' dir='ltr'><strong>maxime</strong></span> <span class='ocrx_word' id='word_1_668' title='bbox 3799 1851 3916 1906; x_wconf 88' lang='lat' dir='ltr'><strong>sine</strong></span> 
     </span>
    </p>
   </div>
   <div class='ocr_carea' id='block_1_79' title="bbox 2333 1928 3913 1995">
    <p class='ocr_par' dir='ltr' id='par_1_79' title="bbox 2333 1928 3913 1995">
     <span class='ocr_line' id='line_1_79' title="bbox 2333 1928 3913 1995; baseline 0.008 -13"><span class='ocrx_word' id='word_1_669' title='bbox 2333 1929 2442 1982; x_wconf 92' lang='lat' dir='ltr'><strong>ullo</strong></span> <span class='ocrx_word' id='word_1_670' title='bbox 2465 1939 2555 1983; x_wconf 88' lang='lat' dir='ltr'><strong>tuo</strong></span> <span class='ocrx_word' id='word_1_671' title='bbox 2581 1928 2903 1987; x_wconf 89' lang='lat' dir='ltr'><strong>detrimento</strong></span> <span class='ocrx_word' id='word_1_672' title='bbox 2930 1931 2980 1985; x_wconf 92' lang='lat' dir='ltr'><strong>id</strong></span> <span class='ocrx_word' id='word_1_673' title='bbox 3019 1933 3250 1987; x_wconf 91' lang='lat' dir='ltr'><strong>futurum</strong></span> <span class='ocrx_word' id='word_1_674' title='bbox 3291 1945 3395 1989; x_wconf 88' lang='lat' dir='ltr'><strong>est.</strong></span> <span class='ocrx_word' id='word_1_675' title='bbox 3436 1935 3491 1990; x_wconf 92' lang='lat' dir='ltr'><strong>Si</strong></span> <span class='ocrx_word' id='word_1_676' title='bbox 3519 1937 3662 1991; x_wconf 88' lang='lat' dir='ltr'><strong>enim</strong></span> <span class='ocrx_word' id='word_1_677' title='bbox 3688 1940 3913 1995; x_wconf 87' lang='lat' dir='ltr'><strong>aliorum</strong></span> 
     </span>
    </p>
   </div>
   <div class='ocr_carea' id='block_1_80' title="bbox 2331 2021 3912 2095">
    <p class='ocr_par' dir='ltr' id='par_1_80' title="bbox 2331 2021 3912 2095">
     <span class='ocr_line' id='line_1_80' title="bbox 2331 2021 3912 2095; baseline 0.009 -22"><span class='ocrx_word' id='word_1_678' title='bbox 2331 2021 2472 2077; x_wconf 82' lang='lat' dir='ltr'><strong>salus</strong></span> <span class='ocrx_word' id='word_1_679' title='bbox 2503 2023 2638 2076; x_wconf 86' lang='lat' dir='ltr'><strong>bona</strong></span> <span class='ocrx_word' id='word_1_680' title='bbox 2671 2032 2756 2076; x_wconf 89' lang='lat' dir='ltr'><strong>tua</strong></span> <span class='ocrx_word' id='word_1_681' title='bbox 2805 2024 3169 2090; x_wconf 86' lang='lat' dir='ltr'><strong>pessumdaret</strong></span> <span class='ocrx_word' id='word_1_682' title='bbox 3189 2067 3203 2091; x_wconf 90' lang='lat'><strong>,</strong></span> <span class='ocrx_word' id='word_1_683' title='bbox 3241 2025 3365 2093; x_wconf 89' lang='lat' dir='ltr'><strong>jure</strong></span> <span class='ocrx_word' id='word_1_684' title='bbox 3392 2027 3692 2095; x_wconf 85' lang='lat' dir='ltr'><strong>doluisses;</strong></span> <span class='ocrx_word' id='word_1_685' title='bbox 3719 2032 3912 2086; x_wconf 84' lang='lat' dir='ltr'><strong>etiam-</strong></span> 
     </span>
    </p>
   </div>
   <div class='ocr_carea' id='block_1_81' title="bbox 2331 2112 3916 2187">
    <p class='ocr_par' dir='ltr' id='par_1_81' title="bbox 2331 2112 3916 2187">
     <span class='ocr_line' id='line_1_81' title="bbox 2331 2112 3916 2187; baseline 0.007 -21"><span class='ocrx_word' id='word_1_686' title='bbox 2331 2113 2374 2166; x_wconf 86' lang='lat' dir='ltr'><strong>si</strong></span> <span class='ocrx_word' id='word_1_687' title='bbox 2412 2112 2462 2166; x_wconf 88' lang='lat' dir='ltr'><strong>id</strong></span> <span class='ocrx_word' id='word_1_688' title='bbox 2496 2129 2600 2166; x_wconf 90' lang='lat' dir='ltr'><strong>non</strong></span> <span class='ocrx_word' id='word_1_689' title='bbox 2630 2114 2851 2167; x_wconf 86' lang='lat' dir='ltr'><strong>accedat</strong></span> <span class='ocrx_word' id='word_1_690' title='bbox 2886 2115 2947 2169; x_wconf 83' lang='lat' dir='ltr'><strong>iis</strong></span> <span class='ocrx_word' id='word_1_691' title='bbox 2975 2116 3064 2185; x_wconf 92' lang='lat' dir='ltr'><strong>qui</strong></span> <span class='ocrx_word' id='word_1_692' title='bbox 3099 2116 3460 2187; x_wconf 89' lang='lat' dir='ltr'><strong>philosophari</strong></span> <span class='ocrx_word' id='word_1_693' title='bbox 3505 2120 3831 2176; x_wconf 86' lang='lat' dir='ltr'><strong>didicerunt.</strong></span> <span class='ocrx_word' id='word_1_694' title='bbox 3858 2123 3916 2179; x_wconf 90' lang='lat' dir='ltr'><strong>Si</strong></span> 
     </span>
    </p>
   </div>
   <div class='ocr_carea' id='block_1_82' title="bbox 2330 2203 3914 2283">
    <p class='ocr_par' dir='ltr' id='par_1_82' title="bbox 2330 2203 3914 2283">
     <span class='ocr_line' id='line_1_82' title="bbox 2330 2203 3914 2283; baseline 0.009 -29"><span class='ocrx_word' id='word_1_695' title='bbox 2330 2212 2506 2257; x_wconf 86' lang='lat' dir='ltr'><strong>autem</strong></span> <span class='ocrx_word' id='word_1_696' title='bbox 2533 2203 2752 2257; x_wconf 86' lang='lat' dir='ltr'><strong>alterius</strong></span> <span class='ocrx_word' id='word_1_697' title='bbox 2769 2204 3083 2273; x_wconf 88' lang='lat' dir='ltr'><strong>suppliciqu</strong></span> <span class='ocrx_word' id='word_1_698' title='bbox 3114 2209 3415 2263; x_wconf 86' lang='lat' dir='ltr'><strong>mercedem</strong></span> <span class='ocrx_word' id='word_1_699' title='bbox 3442 2221 3584 2264; x_wconf 92' lang='lat' dir='ltr'><strong>tuam</strong></span> <span class='ocrx_word' id='word_1_700' title='bbox 3609 2227 3717 2266; x_wconf 85' lang='lat' dir='ltr'><strong>non</strong></span> <span class='ocrx_word' id='word_1_701' title='bbox 3736 2225 3914 2283; x_wconf 82' lang='lat' dir='ltr'><strong>auget.</strong></span> 
     </span>
    </p>
   </div>
   <div class='ocr_carea' id='block_1_83' title="bbox 2332 2294 3917 2376">
    <p class='ocr_par' dir='ltr' id='par_1_83' title="bbox 2332 2294 3917 2376">
     <span class='ocr_line' id='line_1_83' title="bbox 2332 2294 3917 2376; baseline 0.008 -29"><span class='ocrx_word' id='word_1_702' title='bbox 2332 2309 2504 2364; x_wconf 85' lang='lat' dir='ltr'><strong>neque</strong></span> <span class='ocrx_word' id='word_1_703' title='bbox 2531 2294 2672 2349; x_wconf 89' lang='lat' dir='ltr'><strong>illius</strong></span> <span class='ocrx_word' id='word_1_704' title='bbox 2702 2294 2928 2350; x_wconf 83' lang='lat' dir='ltr'><strong>felicitas</strong></span> <span class='ocrx_word' id='word_1_705' title='bbox 2957 2297 3124 2365; x_wconf 88' lang='lat' dir='ltr'><strong>ipsam</strong></span> <span class='ocrx_word' id='word_1_706' title='bbox 3158 2299 3368 2366; x_wconf 89' lang='lat' dir='ltr'><strong>minuit,</strong></span> <span class='ocrx_word' id='word_1_707' title='bbox 3398 2319 3496 2356; x_wconf 87' lang='lat' dir='ltr'><strong>cur</strong></span> <span class='ocrx_word' id='word_1_708' title='bbox 3520 2313 3572 2357; x_wconf 92' lang='lat' dir='ltr'><strong>tu</strong></span> <span class='ocrx_word' id='word_1_709' title='bbox 3594 2303 3749 2359; x_wconf 88' lang='lat' dir='ltr'><strong>doles</strong></span> <span class='ocrx_word' id='word_1_710' title='bbox 3775 2306 3917 2376; x_wconf 82' lang='lat' dir='ltr'><strong>quod</strong></span> 
     </span>
    </p>
   </div>
   <div class='ocr_carea' id='block_1_84' title="bbox 2330 2384 3925 2465">
    <p class='ocr_par' dir='ltr' id='par_1_84' title="bbox 2330 2384 3925 2465">
     <span class='ocr_line' id='line_1_84' title="bbox 2330 2384 3925 2465; baseline 0.009 -29"><span class='ocrx_word' id='word_1_711' title='bbox 2330 2384 2466 2438; x_wconf 86' lang='lat' dir='ltr'><strong>alius</strong></span> <span class='ocrx_word' id='word_1_712' title='bbox 2507 2385 2674 2454; x_wconf 84' lang='lat' dir='ltr'><strong>gratis</strong></span> <span class='ocrx_word' id='word_1_713' title='bbox 2724 2385 2897 2441; x_wconf 89' lang='lat' dir='ltr'><strong>salute</strong></span> <span class='ocrx_word' id='word_1_714' title='bbox 2950 2386 3230 2443; x_wconf 89' lang='lat' dir='ltr'><strong>donetur?</strong></span> <span class='ocrx_word' id='word_1_715' title='bbox 3278 2391 3575 2461; x_wconf 84' lang='lat' dir='ltr'><strong>Oportebat</strong></span> <span class='ocrx_word' id='word_1_716' title='bbox 3630 2395 3832 2465; x_wconf 86' lang='lat' dir='ltr'><strong>igitur,</strong></span> <span class='ocrx_word' id='word_1_717' title='bbox 3861 2407 3925 2451; x_wconf 89' lang='lat' dir='ltr'><strong>ut</strong></span> 
     </span>
    </p>
   </div>
   <div class='ocr_carea' id='block_1_85' title="bbox 2338 2476 3918 2551">
    <p class='ocr_par' dir='ltr' id='par_1_85' title="bbox 2338 2476 3918 2551">
     <span class='ocr_line' id='line_1_85' title="bbox 2338 2476 3918 2551; baseline 0.009 -22"><span class='ocrx_word' id='word_1_718' title='bbox 2338 2476 2471 2542; x_wconf 84' lang='lat' dir='ltr'><strong>dixi,</strong></span> <span class='ocrx_word' id='word_1_719' title='bbox 2503 2477 2710 2533; x_wconf 87' lang='lat' dir='ltr'><strong>etiamsi</strong></span> <span class='ocrx_word' id='word_1_720' title='bbox 2733 2488 2783 2533; x_wconf 89' lang='lat' dir='ltr'><strong>te</strong></span> <span class='ocrx_word' id='word_1_721' title='bbox 2810 2480 2976 2549; x_wconf 88' lang='lat' dir='ltr'><strong>probe</strong></span> <span class='ocrx_word' id='word_1_722' title='bbox 3012 2483 3303 2551; x_wconf 59' lang='lat' dir='ltr'><strong>gessisses,</strong></span> <span class='ocrx_word' id='word_1_723' title='bbox 3333 2500 3439 2539; x_wconf 91' lang='lat' dir='ltr'><strong>non</strong></span> <span class='ocrx_word' id='word_1_724' title='bbox 3467 2487 3699 2543; x_wconf 89' lang='lat' dir='ltr'><strong>morderi</strong></span> <span class='ocrx_word' id='word_1_725' title='bbox 3733 2488 3804 2543; x_wconf 91' lang='lat' dir='ltr'><strong>de</strong></span> <span class='ocrx_word' id='word_1_726' title='bbox 3831 2503 3918 2543; x_wconf 86' lang='lat' dir='ltr'><strong>sa-</strong></span> 
     </span>
    </p>
   </div>
   <div class='ocr_carea' id='block_1_86' title="bbox 2331 2570 3917 2640">
    <p class='ocr_par' dir='ltr' id='par_1_86' title="bbox 2331 2570 3917 2640">
     <span class='ocr_line' id='line_1_86' title="bbox 2331 2570 3917 2640; baseline 0.008 -16"><span class='ocrx_word' id='word_1_727' title='bbox 2331 2570 2440 2625; x_wconf 89' lang='lat' dir='ltr'><strong>lute</strong></span> <span class='ocrx_word' id='word_1_728' title='bbox 2483 2571 2535 2625; x_wconf 90' lang='lat' dir='ltr'><strong>in</strong></span> <span class='ocrx_word' id='word_1_729' title='bbox 2565 2581 2752 2640; x_wconf 84' lang='lat' dir='ltr'><strong>gentes</strong></span> <span class='ocrx_word' id='word_1_730' title='bbox 2791 2571 2960 2628; x_wconf 78' lang='lat' dir='ltr'><strong>effusa</strong></span> <span class='ocrx_word' id='word_1_731' title='bbox 2988 2592 3000 2624; x_wconf 91' lang='lat'>:</span> <span class='ocrx_word' id='word_1_732' title='bbox 3031 2589 3153 2629; x_wconf 89' lang='lat' dir='ltr'><strong>cum</strong></span> <span class='ocrx_word' id='word_1_733' title='bbox 3200 2585 3380 2630; x_wconf 85' lang='lat' dir='ltr'><strong>autem</strong></span> <span class='ocrx_word' id='word_1_734' title='bbox 3424 2577 3611 2639; x_wconf 85' lang='lat' dir='ltr'><strong>iisdem</strong></span> <span class='ocrx_word' id='word_1_735' title='bbox 3651 2579 3917 2636; x_wconf 87' lang='lat' dir='ltr'><strong>obnoxius</strong></span> 
     </span>
    </p>
   </div>
   <div class='ocr_carea' id='block_1_87' title="bbox 2332 2664 3915 2736">
    <p class='ocr_par' dir='ltr' id='par_1_87' title="bbox 2332 2664 3915 2736">
     <span class='ocr_line' id='line_1_87' title="bbox 2332 2664 3915 2736; baseline 0.006 -18"><span class='ocrx_word' id='word_1_736' title='bbox 2332 2664 2562 2730; x_wconf 84' lang='lat' dir='ltr'><strong>peccatis</strong></span> <span class='ocrx_word' id='word_1_737' title='bbox 2586 2664 2662 2720; x_wconf 87' lang='lat' dir='ltr'><strong>sis</strong></span> <span class='ocrx_word' id='word_1_738' title='bbox 2684 2705 2700 2730; x_wconf 95' lang='lat'><strong>,</strong></span> <span class='ocrx_word' id='word_1_739' title='bbox 2736 2664 3124 2736; x_wconf 90' lang='lat' dir='ltr'><strong>Dominumque</strong></span> <span class='ocrx_word' id='word_1_740' title='bbox 3150 2666 3442 2722; x_wconf 80' lang='lat' dir='ltr'><strong>offenderis</strong></span> <span class='ocrx_word' id='word_1_741' title='bbox 3472 2710 3488 2735; x_wconf 90' lang='lat'><strong>,</strong></span> <span class='ocrx_word' id='word_1_742' title='bbox 3523 2671 3750 2726; x_wconf 89' lang='lat' dir='ltr'><strong>aliorum</strong></span> <span class='ocrx_word' id='word_1_743' title='bbox 3775 2673 3915 2728; x_wconf 87' lang='lat' dir='ltr'><strong>bona</strong></span> 
     </span>
    </p>
   </div>
   <div class='ocr_carea' id='block_1_88' title="bbox 2329 2756 3916 2833">
    <p class='ocr_par' dir='ltr' id='par_1_88' title="bbox 2329 2756 3916 2833">
     <span class='ocr_line' id='line_1_88' title="bbox 2329 2756 3916 2833; baseline 0.008 -26"><span class='ocrx_word' id='word_1_744' title='bbox 2329 2770 2471 2825; x_wconf 77' lang='lat' dir='ltr'><strong>:rgrc</strong></span> <span class='ocrx_word' id='word_1_745' title='bbox 2502 2756 2631 2821; x_wconf 83' lang='lat' dir='ltr'><strong>fers,</strong></span> <span class='ocrx_word' id='word_1_746' title='bbox 2659 2765 2714 2810; x_wconf 89' lang='lat' dir='ltr'><strong>et</strong></span> <span class='ocrx_word' id='word_1_747' title='bbox 2742 2757 2908 2811; x_wconf 90' lang='lat' dir='ltr'><strong>altum</strong></span> <span class='ocrx_word' id='word_1_748' title='bbox 2940 2758 3082 2827; x_wconf 86' lang='lat' dir='ltr'><strong>sapis</strong></span> <span class='ocrx_word' id='word_1_749' title='bbox 3108 2799 3121 2822; x_wconf 91' lang='lat'><strong>,</strong></span> <span class='ocrx_word' id='word_1_750' title='bbox 3148 2762 3298 2829; x_wconf 88' lang='lat' dir='ltr'><strong>quasi</strong></span> <span class='ocrx_word' id='word_1_751' title='bbox 3326 2761 3473 2815; x_wconf 61' lang='lat' dir='ltr'><strong>Solus</strong></span> <span class='ocrx_word' id='word_1_752' title='bbox 3502 2761 3702 2817; x_wconf 80' lang='lat' dir='ltr'><strong>debeas</strong></span> <span class='ocrx_word' id='word_1_753' title='bbox 3725 2765 3916 2833; x_wconf 80' lang='lat' dir='ltr'><strong>gratia:</strong></span> 
     </span>
    </p>
   </div>
   <div class='ocr_carea' id='block_1_89' title="bbox 2328 2848 3913 2924">
    <p class='ocr_par' dir='ltr' id='par_1_89' title="bbox 2328 2848 3913 2924">
     <span class='ocr_line' id='line_1_89' title="bbox 2328 2848 3913 2924; baseline 0.006 -24"><span class='ocrx_word' id='word_1_754' title='bbox 2328 2860 2550 2901; x_wconf 84' lang='lat' dir='ltr'><strong>consors</strong></span> <span class='ocrx_word' id='word_1_755' title='bbox 2571 2862 2715 2913; x_wconf 86' lang='lat' dir='ltr'><strong>esse,</strong></span> <span class='ocrx_word' id='word_1_756' title='bbox 2747 2863 2851 2903; x_wconf 91' lang='lat' dir='ltr'><strong>nou</strong></span> <span class='ocrx_word' id='word_1_757' title='bbox 2878 2848 3088 2904; x_wconf 70' lang='lat' dir='ltr'><strong>invidire</strong></span> <span class='ocrx_word' id='word_1_758' title='bbox 3113 2851 3290 2906; x_wconf 88' lang='lat' dir='ltr'><strong>solum</strong></span> <span class='ocrx_word' id='word_1_759' title='bbox 3332 2862 3386 2907; x_wconf 87' lang='lat' dir='ltr'><strong>et</strong></span> <span class='ocrx_word' id='word_1_760' title='bbox 3413 2855 3736 2924; x_wconf 66' lang='lat' dir='ltr'><strong>arrogantiae</strong></span> <span class='ocrx_word' id='word_1_761' title='bbox 3769 2898 3785 2923; x_wconf 91' lang='lat'><strong>,</strong></span> <span class='ocrx_word' id='word_1_762' title='bbox 3816 2857 3913 2912; x_wconf 82' lang='lat' dir='ltr'><strong>sed</strong></span> 
     </span>
    </p>
   </div>
   <div class='ocr_carea' id='block_1_90' title="bbox 2329 2936 3917 3013">
    <p class='ocr_par' dir='ltr' id='par_1_90' title="bbox 2329 2936 3917 3013">
     <span class='ocr_line' id='line_1_90' title="bbox 2329 2936 3917 3013; baseline 0.005 -22"><span class='ocrx_word' id='word_1_763' title='bbox 2329 2936 2491 2991; x_wconf 91' lang='lat' dir='ltr'><strong>etiam</strong></span> <span class='ocrx_word' id='word_1_764' title='bbox 2544 2946 2707 2991; x_wconf 72' lang='lat' dir='ltr'><strong>moue</strong></span> <span class='ocrx_word' id='word_1_765' title='bbox 2748 2939 3032 2994; x_wconf 80' lang='lat' dir='ltr'><strong>dementia:</strong></span> <span class='ocrx_word' id='word_1_766' title='bbox 3079 2955 3239 2996; x_wconf 90' lang='lat' dir='ltr'><strong>causa</strong></span> <span class='ocrx_word' id='word_1_767' title='bbox 3296 2942 3535 2997; x_wconf 89' lang='lat' dir='ltr'><strong>omnium</strong></span> <span class='ocrx_word' id='word_1_768' title='bbox 3579 2945 3917 3013; x_wconf 71' lang='lat' dir='ltr'><strong>gravissimis</strong></span> 
     </span>
    </p>
   </div>
   <div class='ocr_carea' id='block_1_91' title="bbox 2327 3026 3914 3104">
    <p class='ocr_par' dir='ltr' id='par_1_91' title="bbox 2327 3026 3914 3104">
     <span class='ocr_line' id='line_1_91' title="bbox 2327 3026 3914 3104; baseline 0.007 -22"><span class='ocrx_word' id='word_1_769' title='bbox 2327 3026 2519 3096; x_wconf 86' lang='lat' dir='ltr'><strong>dignus</strong></span> <span class='ocrx_word' id='word_1_770' title='bbox 2561 3028 2726 3083; x_wconf 87' lang='lat' dir='ltr'><strong>fueris</strong></span> <span class='ocrx_word' id='word_1_771' title='bbox 2767 3030 3042 3099; x_wconf 89' lang='lat' dir='ltr'><strong>suppliciis</strong></span> <span class='ocrx_word' id='word_1_772' title='bbox 3072 3049 3085 3085; x_wconf 91' lang='lat'><strong>:</strong></span> <span class='ocrx_word' id='word_1_773' title='bbox 3115 3035 3352 3087; x_wconf 91' lang='lat' dir='ltr'><strong>omnium</strong></span> <span class='ocrx_word' id='word_1_774' title='bbox 3403 3034 3599 3104; x_wconf 88' lang='lat' dir='ltr'><strong>quippe</strong></span> <span class='ocrx_word' id='word_1_775' title='bbox 3647 3037 3914 3093; x_wconf 87' lang='lat' dir='ltr'><strong>malorum</strong></span> 
     </span>
    </p>
   </div>
   <div class='ocr_carea' id='block_1_92' title="bbox 2331 3119 3914 3199">
    <p class='ocr_par' dir='ltr' id='par_1_92' title="bbox 2331 3119 3914 3199">
     <span class='ocr_line' id='line_1_92' title="bbox 2331 3119 3914 3199; baseline 0.008 -27"><span class='ocrx_word' id='word_1_776' title='bbox 2331 3119 2566 3173; x_wconf 88' lang='lat' dir='ltr'><strong>radicem</strong></span> <span class='ocrx_word' id='word_1_777' title='bbox 2617 3120 2922 3188; x_wconf 87' lang='lat' dir='ltr'><strong>superbiam</strong></span> <span class='ocrx_word' id='word_1_778' title='bbox 2975 3122 3026 3175; x_wconf 93' lang='lat' dir='ltr'><strong>in</strong></span> <span class='ocrx_word' id='word_1_779' title='bbox 3072 3130 3126 3177; x_wconf 90' lang='lat' dir='ltr'><strong>te</strong></span> <span class='ocrx_word' id='word_1_780' title='bbox 3177 3123 3471 3185; x_wconf 85' lang='lat' dir='ltr'><strong>inseruisti.</strong></span> <span class='ocrx_word' id='word_1_781' title='bbox 3521 3126 3645 3181; x_wconf 89' lang='lat' dir='ltr'><strong>Ideo</strong></span> <span class='ocrx_word' id='word_1_782' title='bbox 3695 3129 3914 3199; x_wconf 74' lang='lat' dir='ltr'><strong>sapiens</strong></span> 
     </span>
    </p>
   </div>
   <div class='ocr_carea' id='block_1_93' title="bbox 2326 3208 3907 3289">
    <p class='ocr_par' dir='ltr' id='par_1_93' title="bbox 2326 3208 3907 3289">
     <span class='ocr_line' id='line_1_93' title="bbox 2326 3208 3907 3289; baseline 0.007 -29"><span class='ocrx_word' id='word_1_783' title='bbox 2326 3208 2588 3277; x_wconf 90' lang='lat' dir='ltr'><strong>quispiam</strong></span> <span class='ocrx_word' id='word_1_784' title='bbox 2617 3210 2862 3264; x_wconf 79' lang='lat' dir='ltr'><strong>dicebat:</strong></span> <span class='ocrx_word' id='word_1_785' title='bbox 2889 3210 3206 3283; x_wconf 85' lang='lat' dir='ltr'><strong>Principium</strong></span> <span class='ocrx_word' id='word_1_786' title='bbox 3237 3216 3430 3284; x_wconf 83' lang='lat' dir='ltr'><strong>peccati</strong></span> <span class='ocrx_word' id='word_1_787' title='bbox 3451 3217 3689 3285; x_wconf 82' lang='lat' dir='ltr'><strong>superbia</strong></span> <span class='ocrx_word' id='word_1_788' title='bbox 3714 3216 3907 3289; x_wconf 85' lang='lat' dir='ltr'><strong>(Eccli.</strong></span> 
     </span>
    </p>
   </div>
   <div class='ocr_carea' id='block_1_94' title="bbox 2329 3298 3910 3376">
    <p class='ocr_par' dir='ltr' id='par_1_94' title="bbox 2329 3298 3910 3376">
     <span class='ocr_line' id='line_1_94' title="bbox 2329 3298 3910 3376; baseline 0.006 -24"><span class='ocrx_word' id='word_1_789' title='bbox 2329 3298 2415 3352; x_wconf 86' lang='grc'><strong>10.</strong></span> <span class='ocrx_word' id='word_1_790' title='bbox 2445 3300 2537 3368; x_wconf 82' lang='grc'><strong>15)</strong></span> <span class='ocrx_word' id='word_1_791' title='bbox 2569 3316 2582 3364; x_wconf 90' lang='grc'><strong>;</strong></span> <span class='ocrx_word' id='word_1_792' title='bbox 2619 3298 2719 3354; x_wconf 91' lang='lat' dir='ltr'><strong>hoc</strong></span> <span class='ocrx_word' id='word_1_793' title='bbox 2743 3310 2827 3357; x_wconf 89' lang='lat' dir='ltr'><strong>est</strong></span> <span class='ocrx_word' id='word_1_794' title='bbox 2860 3342 2874 3367; x_wconf 87' lang='lat'><strong>,</strong></span> <span class='ocrx_word' id='word_1_795' title='bbox 2905 3302 3057 3356; x_wconf 83' lang='lat' dir='ltr'><strong>radix</strong></span> <span class='ocrx_word' id='word_1_796' title='bbox 3090 3344 3106 3369; x_wconf 92' lang='lat'><strong>,</strong></span> <span class='ocrx_word' id='word_1_797' title='bbox 3138 3302 3259 3357; x_wconf 89' lang='lat' dir='ltr'><strong>fons</strong></span> <span class='ocrx_word' id='word_1_798' title='bbox 3291 3345 3305 3365; x_wconf 84' lang='lat'><strong><em>.</em></strong></span> <span class='ocrx_word' id='word_1_799' title='bbox 3334 3315 3525 3360; x_wconf 89' lang='lat' dir='ltr'><strong>mater.</strong></span> <span class='ocrx_word' id='word_1_800' title='bbox 3550 3303 3640 3361; x_wconf 87' lang='lat' dir='ltr'><strong>Sic</strong></span> <span class='ocrx_word' id='word_1_801' title='bbox 3667 3322 3765 3376; x_wconf 89' lang='lat' dir='ltr'><strong>per</strong></span> <span class='ocrx_word' id='word_1_802' title='bbox 3792 3325 3910 3364; x_wconf 91' lang='lat' dir='ltr'><strong>eam</strong></span> 
     </span>
    </p>
   </div>
   <div class='ocr_carea' id='block_1_95' title="bbox 2327 3391 3910 3465">
    <p class='ocr_par' dir='ltr' id='par_1_95' title="bbox 2327 3391 3910 3465">
     <span class='ocr_line' id='line_1_95' title="bbox 2327 3391 3910 3465; baseline 0.006 -21"><span class='ocrx_word' id='word_1_803' title='bbox 2327 3391 2529 3460; x_wconf 90' lang='lat' dir='ltr'><strong>primus</strong></span> <span class='ocrx_word' id='word_1_804' title='bbox 2552 3393 2713 3445; x_wconf 90' lang='lat' dir='ltr'><strong>homo</strong></span> <span class='ocrx_word' id='word_1_805' title='bbox 2734 3408 2764 3445; x_wconf 87' lang='lat' dir='ltr'><strong>a</strong></span> <span class='ocrx_word' id='word_1_806' title='bbox 2800 3393 2955 3447; x_wconf 85' lang='lat' dir='ltr'><strong>beato</strong></span> <span class='ocrx_word' id='word_1_807' title='bbox 2978 3394 3070 3449; x_wconf 90' lang='lat' dir='ltr'><strong>illo</strong></span> <span class='ocrx_word' id='word_1_808' title='bbox 3095 3403 3234 3449; x_wconf 88' lang='lat' dir='ltr'><strong>statu</strong></span> <span class='ocrx_word' id='word_1_809' title='bbox 3263 3395 3504 3465; x_wconf 82' lang='lat' dir='ltr'><strong>dejeetus</strong></span> <span class='ocrx_word' id='word_1_810' title='bbox 3534 3406 3653 3458; x_wconf 82' lang='lat' dir='ltr'><strong>est;</strong></span> <span class='ocrx_word' id='word_1_811' title='bbox 3684 3399 3764 3454; x_wconf 85' lang='lat' dir='ltr'><strong>sic</strong></span> <span class='ocrx_word' id='word_1_812' title='bbox 3789 3399 3910 3454; x_wconf 87' lang='lat' dir='ltr'><strong>dia-</strong></span> 
     </span>
    </p>
   </div>
   <div class='ocr_carea' id='block_1_96' title="bbox 2326 3484 3911 3557">
    <p class='ocr_par' dir='ltr' id='par_1_96' title="bbox 2326 3484 3911 3557">
     <span class='ocr_line' id='line_1_96' title="bbox 2326 3484 3911 3557; baseline 0.005 -20"><span class='ocrx_word' id='word_1_813' title='bbox 2326 3484 2479 3538; x_wconf 88' lang='lat' dir='ltr'><strong>bolus</strong></span> <span class='ocrx_word' id='word_1_814' title='bbox 2509 3485 2597 3553; x_wconf 90' lang='lat' dir='ltr'><strong>qui</strong></span> <span class='ocrx_word' id='word_1_815' title='bbox 2621 3485 2767 3538; x_wconf 89' lang='lat' dir='ltr'><strong>illum</strong></span> <span class='ocrx_word' id='word_1_816' title='bbox 2796 3484 3031 3554; x_wconf 89' lang='lat' dir='ltr'><strong>decepit,</strong></span> <span class='ocrx_word' id='word_1_817' title='bbox 3062 3485 3141 3557; x_wconf 81' lang='lat' dir='ltr'><strong>ab</strong></span> <span class='ocrx_word' id='word_1_818' title='bbox 3157 3486 3245 3540; x_wconf 87' lang='lat' dir='ltr'><strong>illa</strong></span> <span class='ocrx_word' id='word_1_819' title='bbox 3274 3486 3551 3557; x_wconf 83' lang='lat' dir='ltr'><strong>dignitatis</strong></span> <span class='ocrx_word' id='word_1_820' title='bbox 3578 3488 3911 3545; x_wconf 84' lang='lat' dir='ltr'><strong>sublimitate</strong></span> 
     </span>
    </p>
   </div>
   <div class='ocr_carea' id='block_1_97' title="bbox 2323 3554 3908 3648">
    <p class='ocr_par' dir='ltr' id='par_1_97' title="bbox 2323 3554 3908 3648">
     <span class='ocr_line' id='line_1_97' title="bbox 2323 3554 3908 3648; baseline 0.004 -20"><span class='ocrx_word' id='word_1_821' title='bbox 2323 3573 2542 3629; x_wconf 86' lang='lat' dir='ltr'><strong>excidit.</strong></span> <span class='ocrx_word' id='word_1_822' title='bbox 2570 3574 2746 3639; x_wconf 84' lang='lat' dir='ltr'><strong>Quare</strong></span> <span class='ocrx_word' id='word_1_823' title='bbox 2767 3589 2890 3630; x_wconf 90' lang='lat' dir='ltr'><strong>cum</strong></span> <span class='ocrx_word' id='word_1_824' title='bbox 2918 3585 3093 3630; x_wconf 87' lang='lat' dir='ltr'><strong>nosset</strong></span> <span class='ocrx_word' id='word_1_825' title='bbox 3124 3554 3383 3630; x_wconf 66' lang='lat' dir='ltr'><strong>scelestus</strong></span> <span class='ocrx_word' id='word_1_826' title='bbox 3409 3577 3499 3634; x_wconf 91' lang='lat' dir='ltr'><strong>ille</strong></span> <span class='ocrx_word' id='word_1_827' title='bbox 3525 3576 3680 3647; x_wconf 89' lang='lat' dir='ltr'><strong>hujus</strong></span> <span class='ocrx_word' id='word_1_828' title='bbox 3702 3580 3908 3648; x_wconf 81' lang='lat' dir='ltr'><strong>peccati</strong></span> 
     </span>
    </p>
   </div>
   <div class='ocr_carea' id='block_1_98' title="bbox 2330 3657 3911 3740">
    <p class='ocr_par' dir='ltr' id='par_1_98' title="bbox 2330 3657 3911 3740">
     <span class='ocr_line' id='line_1_98' title="bbox 2330 3657 3911 3740; baseline 0.005 -21"><span class='ocrx_word' id='word_1_829' title='bbox 2330 3676 2569 3721; x_wconf 83' lang='lat' dir='ltr'><strong>naturam</strong></span> <span class='ocrx_word' id='word_1_830' title='bbox 2601 3681 2756 3735; x_wconf 90' lang='lat' dir='ltr'><strong>posse</strong></span> <span class='ocrx_word' id='word_1_831' title='bbox 2777 3681 2841 3721; x_wconf 90' lang='lat' dir='ltr'><strong>ex</strong></span> <span class='ocrx_word' id='word_1_832' title='bbox 2862 3667 2991 3736; x_wconf 88' lang='lat' dir='ltr'><strong>ipsis</strong></span> <span class='ocrx_word' id='word_1_833' title='bbox 3020 3657 3166 3721; x_wconf 64' lang='lat' dir='ltr'><strong>caelis</strong></span> <span class='ocrx_word' id='word_1_834' title='bbox 3194 3667 3445 3737; x_wconf 85' lang='lat' dir='ltr'><strong>dejicere,</strong></span> <span class='ocrx_word' id='word_1_835' title='bbox 3473 3667 3614 3724; x_wconf 86' lang='lat' dir='ltr'><strong>hanc</strong></span> <span class='ocrx_word' id='word_1_836' title='bbox 3635 3668 3911 3740; x_wconf 82' lang='lat' dir='ltr'><strong>ingressus</strong></span> 
     </span>
    </p>
   </div>
   <div class='ocr_carea' id='block_1_99' title="bbox 2324 3760 3911 3822">
    <p class='ocr_par' dir='ltr' id='par_1_99' title="bbox 2324 3760 3911 3822">
     <span class='ocr_line' id='line_1_99' title="bbox 2324 3760 3911 3822; baseline 0.004 -11"><span class='ocrx_word' id='word_1_837' title='bbox 2324 3760 2460 3813; x_wconf 84' lang='lat' dir='ltr'><strong>viam</strong></span> <span class='ocrx_word' id='word_1_838' title='bbox 2493 3769 2591 3822; x_wconf 82' lang='lat' dir='ltr'><strong>est,</strong></span> <span class='ocrx_word' id='word_1_839' title='bbox 2626 3774 2748 3814; x_wconf 91' lang='lat' dir='ltr'><strong>eum</strong></span> <span class='ocrx_word' id='word_1_840' title='bbox 2775 3760 3034 3813; x_wconf 87' lang='lat' dir='ltr'><strong>Adamum</strong></span> <span class='ocrx_word' id='word_1_841' title='bbox 3081 3775 3148 3815; x_wconf 85' lang='lat' dir='ltr'><strong>ex</strong></span> <span class='ocrx_word' id='word_1_842' title='bbox 3177 3769 3324 3815; x_wconf 86' lang='lat' dir='ltr'><strong>tanto</strong></span> <span class='ocrx_word' id='word_1_843' title='bbox 3370 3761 3573 3816; x_wconf 88' lang='lat' dir='ltr'><strong>honore</strong></span> <span class='ocrx_word' id='word_1_844' title='bbox 3617 3761 3911 3818; x_wconf 89' lang='lat' dir='ltr'><strong>deturbare</strong></span> 
     </span>
    </p>
   </div>
   <div class='ocr_carea' id='block_1_100' title="bbox 2324 3849 3910 3922">
    <p class='ocr_par' dir='ltr' id='par_1_100' title="bbox 2324 3849 3910 3922">
     <span class='ocr_line' id='line_1_100' title="bbox 2324 3849 3910 3922; baseline 0.003 -16"><span class='ocrx_word' id='word_1_845' title='bbox 2324 3852 2552 3906; x_wconf 81' lang='lat' dir='ltr'><strong>curavit.</strong></span> <span class='ocrx_word' id='word_1_846' title='bbox 2579 3849 2713 3904; x_wconf 79' lang='lat' dir='ltr'><strong>Cum</strong></span> <span class='ocrx_word' id='word_1_847' title='bbox 2757 3851 2900 3905; x_wconf 91' lang='lat' dir='ltr'><strong>enim</strong></span> <span class='ocrx_word' id='word_1_848' title='bbox 2945 3851 3092 3905; x_wconf 89' lang='lat' dir='ltr'><strong>illum</strong></span> <span class='ocrx_word' id='word_1_849' title='bbox 3144 3866 3240 3920; x_wconf 87' lang='lat' dir='ltr'><strong>spe</strong></span> <span class='ocrx_word' id='word_1_850' title='bbox 3282 3853 3603 3922; x_wconf 71' lang='lat' dir='ltr'><strong>:rqualilatis</strong></span> <span class='ocrx_word' id='word_1_851' title='bbox 3644 3870 3768 3909; x_wconf 84' lang='lat' dir='ltr'><strong>eum</strong></span> <span class='ocrx_word' id='word_1_852' title='bbox 3798 3855 3910 3911; x_wconf 85' lang='lat' dir='ltr'><strong>Deo</strong></span> 
     </span>
    </p>
   </div>
   <div class='ocr_carea' id='block_1_101' title="bbox 2325 3939 3904 4013">
    <p class='ocr_par' dir='ltr' id='par_1_101' title="bbox 2325 3939 3904 4013">
     <span class='ocr_line' id='line_1_101' title="bbox 2325 3939 3904 4013; baseline 0.004 -20"><span class='ocrx_word' id='word_1_853' title='bbox 2325 3939 2685 4009; x_wconf 71' lang='lat' dir='ltr'><strong>adipiscendae</strong></span> <span class='ocrx_word' id='word_1_854' title='bbox 2714 3939 2953 3993; x_wconf 84' lang='lat' dir='ltr'><strong>inﬂatum</strong></span> <span class='ocrx_word' id='word_1_855' title='bbox 2985 3940 3306 3995; x_wconf 89' lang='lat' dir='ltr'><strong>reddidisset</strong></span> <span class='ocrx_word' id='word_1_856' title='bbox 3333 3982 3348 4005; x_wconf 88' lang='lat'><strong>,</strong></span> <span class='ocrx_word' id='word_1_857' title='bbox 3378 3942 3456 3996; x_wconf 89' lang='lat' dir='ltr'><strong>sic</strong></span> <span class='ocrx_word' id='word_1_858' title='bbox 3496 3942 3644 3995; x_wconf 89' lang='lat' dir='ltr'><strong>illum</strong></span> <span class='ocrx_word' id='word_1_859' title='bbox 3685 3943 3904 4013; x_wconf 85' lang='lat' dir='ltr'><strong>dejecit,</strong></span> 
     </span>
    </p>
   </div>
   <div class='ocr_carea' id='block_1_102' title="bbox 2322 4029 3903 4102">
    <p class='ocr_par' dir='ltr' id='par_1_102' title="bbox 2322 4029 3903 4102">
     <span class='ocr_line' id='line_1_102' title="bbox 2322 4029 3903 4102; baseline 0.002 -17"><span class='ocrx_word' id='word_1_860' title='bbox 2322 4039 2376 4086; x_wconf 92' lang='lat' dir='ltr'><strong>et</strong></span> <span class='ocrx_word' id='word_1_861' title='bbox 2402 4031 2454 4085; x_wconf 91' lang='lat' dir='ltr'><strong>in</strong></span> <span class='ocrx_word' id='word_1_862' title='bbox 2477 4029 2791 4098; x_wconf 87' lang='lat' dir='ltr'><strong>profundum</strong></span> <span class='ocrx_word' id='word_1_863' title='bbox 2822 4030 3013 4085; x_wconf 88' lang='lat' dir='ltr'><strong>inferni</strong></span> <span class='ocrx_word' id='word_1_864' title='bbox 3043 4032 3409 4102; x_wconf 65' lang='lat' dir='ltr'><strong>praecipitavit.</strong></span> <span class='ocrx_word' id='word_1_865' title='bbox 3440 4032 3580 4087; x_wconf 81' lang='lat' dir='ltr'><strong>Nihil</strong></span> <span class='ocrx_word' id='word_1_866' title='bbox 3607 4033 3749 4090; x_wconf 86' lang='lat' dir='ltr'><strong>enim</strong></span> <span class='ocrx_word' id='word_1_867' title='bbox 3775 4034 3846 4089; x_wconf 82' lang='lat' dir='ltr'><strong>ita</strong></span> <span class='ocrx_word' id='word_1_868' title='bbox 3875 4052 3903 4088; x_wconf 86' lang='lat' dir='ltr'><strong>a</strong></span> 
     </span>
    </p>
   </div>
   <div class='ocr_carea' id='block_1_103' title="bbox 2324 4120 3906 4193">
    <p class='ocr_par' dir='ltr' id='par_1_103' title="bbox 2324 4120 3906 4193">
     <span class='ocr_line' id='line_1_103' title="bbox 2324 4120 3906 4193; baseline 0.003 -17"><span class='ocrx_word' id='word_1_869' title='bbox 2324 4122 2415 4176; x_wconf 90' lang='lat' dir='ltr'><strong>Dei</strong></span> <span class='ocrx_word' id='word_1_870' title='bbox 2440 4121 2770 4190; x_wconf 89' lang='lat' dir='ltr'><strong>benignitate</strong></span> <span class='ocrx_word' id='word_1_871' title='bbox 2803 4121 2997 4175; x_wconf 86' lang='lat' dir='ltr'><strong>avertit</strong></span> <span class='ocrx_word' id='word_1_872' title='bbox 3027 4161 3043 4188; x_wconf 91' lang='lat'><strong>,</strong></span> <span class='ocrx_word' id='word_1_873' title='bbox 3094 4130 3148 4175; x_wconf 90' lang='lat' dir='ltr'><strong>et</strong></span> <span class='ocrx_word' id='word_1_874' title='bbox 3175 4120 3433 4190; x_wconf 79' lang='lat' dir='ltr'><strong>gehennae</strong></span> <span class='ocrx_word' id='word_1_875' title='bbox 3462 4122 3597 4193; x_wconf 89' lang='lat' dir='ltr'><strong>ignis</strong></span> <span class='ocrx_word' id='word_1_876' title='bbox 3639 4124 3906 4193; x_wconf 85' lang='lat' dir='ltr'><strong>supplicio</strong></span> 
     </span>
    </p>
   </div>
   <div class='ocr_carea' id='block_1_104' title="bbox 2325 4211 3909 4285">
    <p class='ocr_par' dir='ltr' id='par_1_104' title="bbox 2325 4211 3909 4285">
     <span class='ocr_line' id='line_1_104' title="bbox 2325 4211 3909 4285; baseline 0.004 -18"><span class='ocrx_word' id='word_1_877' title='bbox 2325 4211 2503 4277; x_wconf 87' lang='lat' dir='ltr'><strong>tradit,</strong></span> <span class='ocrx_word' id='word_1_878' title='bbox 2535 4221 2593 4266; x_wconf 92' lang='lat' dir='ltr'><strong>ut</strong></span> <span class='ocrx_word' id='word_1_879' title='bbox 2613 4213 2878 4280; x_wconf 74' lang='lat' dir='ltr'><strong>superbiae</strong></span> <span class='ocrx_word' id='word_1_880' title='bbox 2903 4213 3164 4283; x_wconf 82' lang='lat' dir='ltr'><strong>tyrannis.</strong></span> <span class='ocrx_word' id='word_1_881' title='bbox 3192 4212 3307 4269; x_wconf 81' lang='lat' dir='ltr'><strong>Hac</strong></span> <span class='ocrx_word' id='word_1_882' title='bbox 3330 4230 3427 4269; x_wconf 88' lang='lat' dir='ltr'><strong>nos</strong></span> <span class='ocrx_word' id='word_1_883' title='bbox 3451 4227 3767 4285; x_wconf 84' lang='lat' dir='ltr'><strong>occupante,</strong></span> <span class='ocrx_word' id='word_1_884' title='bbox 3799 4228 3909 4276; x_wconf 89' lang='lat' dir='ltr'><strong>tota</strong></span> 
     </span>
    </p>
   </div>
   <div class='ocr_carea' id='block_1_105' title="bbox 2335 4302 3903 4377">
    <p class='ocr_par' dir='ltr' id='par_1_105' title="bbox 2335 4302 3903 4377">
     <span class='ocr_line' id='line_1_105' title="bbox 2335 4302 3903 4377; baseline 0.004 -19"><span class='ocrx_word' id='word_1_885' title='bbox 2335 4305 2443 4359; x_wconf 85' lang='lat' dir='ltr'><strong>vita</strong></span> <span class='ocrx_word' id='word_1_886' title='bbox 2469 4315 2652 4360; x_wconf 89' lang='lat' dir='ltr'><strong>nostra</strong></span> <span class='ocrx_word' id='word_1_887' title='bbox 2674 4305 2881 4373; x_wconf 89' lang='lat' dir='ltr'><strong>impura</strong></span> <span class='ocrx_word' id='word_1_888' title='bbox 2914 4302 3162 4370; x_wconf 84' lang='lat' dir='ltr'><strong>efﬁcitur,</strong></span> <span class='ocrx_word' id='word_1_889' title='bbox 3186 4305 3393 4361; x_wconf 88' lang='lat' dir='ltr'><strong>etiamsi</strong></span> <span class='ocrx_word' id='word_1_890' title='bbox 3421 4307 3719 4363; x_wconf 87' lang='lat' dir='ltr'><strong>castitatem</strong></span> <span class='ocrx_word' id='word_1_891' title='bbox 3746 4351 3762 4377; x_wconf 93' lang='lat'><strong>,</strong></span> <span class='ocrx_word' id='word_1_892' title='bbox 3793 4311 3903 4366; x_wconf 83' lang='lat' dir='ltr'><strong>vir-</strong></span> 
     </span>
    </p>
   </div>
   <div class='ocr_carea' id='block_1_106' title="bbox 2325 4393 3904 4469">
    <p class='ocr_par' dir='ltr' id='par_1_106' title="bbox 2325 4393 3904 4469">
     <span class='ocr_line' id='line_1_106' title="bbox 2325 4393 3904 4469; baseline 0.003 -20"><span class='ocrx_word' id='word_1_893' title='bbox 2325 4395 2601 4465; x_wconf 87' lang='lat' dir='ltr'><strong>ginitatem</strong></span> <span class='ocrx_word' id='word_1_894' title='bbox 2625 4434 2640 4458; x_wconf 87' lang='lat'><strong>,</strong></span> <span class='ocrx_word' id='word_1_895' title='bbox 2670 4393 2934 4463; x_wconf 89' lang='lat' dir='ltr'><strong>jejunium</strong></span> <span class='ocrx_word' id='word_1_896' title='bbox 2959 4433 2973 4456; x_wconf 96' lang='lat'><strong>,</strong></span> <span class='ocrx_word' id='word_1_897' title='bbox 3024 4395 3424 4463; x_wconf 89' lang='lat' dir='ltr'><strong>precationem,</strong></span> <span class='ocrx_word' id='word_1_898' title='bbox 3457 4396 3854 4469; x_wconf 81' lang='lat' dir='ltr'><strong>eleemosynam</strong></span> <span class='ocrx_word' id='word_1_899' title='bbox 3888 4444 3904 4467; x_wconf 87' lang='lat'><strong>,</strong></span> 
     </span>
    </p>
   </div>
   <div class='ocr_carea' id='block_1_107' title="bbox 2324 4484 3905 4560">
    <p class='ocr_par' dir='ltr' id='par_1_107' title="bbox 2324 4484 3905 4560">
     <span class='ocr_line' id='line_1_107' title="bbox 2324 4484 3905 4560; baseline 0.003 -20"><span class='ocrx_word' id='word_1_900' title='bbox 2324 4494 2653 4553; x_wconf 62' lang='lat' dir='ltr'><strong>ceterasque</strong></span> <span class='ocrx_word' id='word_1_901' title='bbox 2683 4485 2908 4539; x_wconf 86' lang='lat' dir='ltr'><strong>virtutes</strong></span> <span class='ocrx_word' id='word_1_902' title='bbox 2936 4499 3284 4540; x_wconf 67' lang='lat' dir='ltr'><strong>exerceamus</strong></span> <span class='ocrx_word' id='word_1_903' title='bbox 3333 4484 3637 4543; x_wconf 74' lang='lat' dir='ltr'><strong>Immundas</strong></span> <span class='ocrx_word' id='word_1_904' title='bbox 3664 4529 3680 4555; x_wconf 96' lang='lat'><strong>,</strong></span> <span class='ocrx_word' id='word_1_905' title='bbox 3713 4490 3905 4560; x_wconf 80' lang='lat' dir='ltr'><strong>inquit.</strong></span> 
     </span>
    </p>
   </div>
   <div class='ocr_carea' id='block_1_108' title="bbox 2328 4573 3910 4652">
    <p class='ocr_par' dir='ltr' id='par_1_108' title="bbox 2328 4573 3910 4652">
     <span class='ocr_line' id='line_1_108' title="bbox 2328 4573 3910 4652; baseline 0.006 -25"><span class='ocrx_word' id='word_1_906' title='bbox 2328 4576 2468 4643; x_wconf 86' lang='lat' dir='ltr'><strong>apud</strong></span> <span class='ocrx_word' id='word_1_907' title='bbox 2490 4573 2766 4629; x_wconf 86' lang='lat' dir='ltr'><strong>Dominum</strong></span> <span class='ocrx_word' id='word_1_908' title='bbox 2791 4576 2954 4629; x_wconf 85' lang='lat' dir='ltr'><strong>omnis</strong></span> <span class='ocrx_word' id='word_1_909' title='bbox 2989 4576 3232 4644; x_wconf 76' lang='lat' dir='ltr'><strong>superbus</strong></span> <span class='ocrx_word' id='word_1_910' title='bbox 3259 4578 3278 4645; x_wconf 95' lang='lat'>(</span> <span class='ocrx_word' id='word_1_911' title='bbox 3306 4576 3463 4632; x_wconf 71' lang='lat' dir='ltr'><strong>Prov.</strong></span> <span class='ocrx_word' id='word_1_912' title='bbox 3498 4578 3587 4633; x_wconf 82' lang='lat' dir='ltr'><strong>l6.</strong></span> <span class='ocrx_word' id='word_1_913' title='bbox 3620 4580 3654 4635; x_wconf 86' lang='lat'><strong><em>6</em></strong></span> <span class='ocrx_word' id='word_1_914' title='bbox 3679 4579 3719 4652; x_wconf 90' lang='lat'><strong>).</strong></span> <span class='ocrx_word' id='word_1_915' title='bbox 3754 4581 3910 4637; x_wconf 79' lang='lat' dir='ltr'><strong>Hunc</strong></span> 
     </span>
    </p>
   </div>
   <div class='ocr_carea' id='block_1_109' title="bbox 2323 4666 3910 4736">
    <p class='ocr_par' dir='ltr' id='par_1_109' title="bbox 2323 4666 3910 4736">
     <span class='ocr_line' id='line_1_109' title="bbox 2323 4666 3910 4736; baseline 0.004 -17"><span class='ocrx_word' id='word_1_916' title='bbox 2323 4680 2450 4736; x_wconf 89' lang='lat' dir='ltr'><strong>ergo</strong></span> <span class='ocrx_word' id='word_1_917' title='bbox 2471 4666 2634 4719; x_wconf 89' lang='lat' dir='ltr'><strong>animi</strong></span> <span class='ocrx_word' id='word_1_918' title='bbox 2661 4674 2922 4721; x_wconf 88' lang='lat' dir='ltr'><strong>tumorem</strong></span> <span class='ocrx_word' id='word_1_919' title='bbox 2952 4666 3368 4735; x_wconf 85' lang='lat' dir='ltr'><strong>comprimamus</strong></span> <span class='ocrx_word' id='word_1_920' title='bbox 3402 4684 3417 4733; x_wconf 90' lang='lat'><strong>;</strong></span> <span class='ocrx_word' id='word_1_921' title='bbox 3447 4667 3590 4724; x_wconf 88' lang='lat' dir='ltr'><strong>hunc</strong></span> <span class='ocrx_word' id='word_1_922' title='bbox 3614 4670 3810 4725; x_wconf 78' lang='lat' dir='ltr'><strong>fastum</strong></span> <span class='ocrx_word' id='word_1_923' title='bbox 3840 4672 3910 4725; x_wconf 80' lang='lat' dir='ltr'><strong>de</strong></span> 
     </span>
    </p>
   </div>
   <div class='ocr_carea' id='block_1_110' title="bbox 2325 4756 3904 4825">
    <p class='ocr_par' dir='ltr' id='par_1_110' title="bbox 2325 4756 3904 4825">
     <span class='ocr_line' id='line_1_110' title="bbox 2325 4756 3904 4825; baseline 0.003 -14"><span class='ocrx_word' id='word_1_924' title='bbox 2325 4758 2502 4812; x_wconf 89' lang='lat' dir='ltr'><strong>tnedio</strong></span> <span class='ocrx_word' id='word_1_925' title='bbox 2532 4756 2777 4812; x_wconf 84' lang='lat' dir='ltr'><strong>tollamus</strong></span> <span class='ocrx_word' id='word_1_926' title='bbox 2803 4801 2819 4821; x_wconf 85' lang='lat'><strong>,</strong></span> <span class='ocrx_word' id='word_1_927' title='bbox 2850 4759 2892 4811; x_wconf 87' lang='lat' dir='ltr'><strong>si</strong></span> <span class='ocrx_word' id='word_1_928' title='bbox 2938 4757 3119 4812; x_wconf 86' lang='lat' dir='ltr'><strong>mundi</strong></span> <span class='ocrx_word' id='word_1_929' title='bbox 3170 4758 3397 4812; x_wconf 82' lang='lat' dir='ltr'><strong>velimus</strong></span> <span class='ocrx_word' id='word_1_930' title='bbox 3419 4774 3577 4825; x_wconf 86' lang='lat' dir='ltr'><strong>esse,</strong></span> <span class='ocrx_word' id='word_1_931' title='bbox 3622 4770 3679 4814; x_wconf 91' lang='lat' dir='ltr'><strong>et</strong></span> <span class='ocrx_word' id='word_1_932' title='bbox 3717 4760 3789 4815; x_wconf 91' lang='lat' dir='ltr'><strong>ab</strong></span> <span class='ocrx_word' id='word_1_933' title='bbox 3818 4776 3904 4821; x_wconf 88' lang='lat' dir='ltr'><strong>eo.</strong></span> 
     </span>
    </p>
   </div>
   <div class='ocr_carea' id='block_1_111' title="bbox 2325 4849 3902 4920">
    <p class='ocr_par' dir='ltr' id='par_1_111' title="bbox 2325 4849 3902 4920">
     <span class='ocr_line' id='line_1_111' title="bbox 2325 4849 3902 4920; baseline 0.003 -17"><span class='ocrx_word' id='word_1_934' title='bbox 2325 4849 2466 4920; x_wconf 88' lang='lat' dir='ltr'><strong>quod</strong></span> <span class='ocrx_word' id='word_1_935' title='bbox 2506 4849 2720 4904; x_wconf 86' lang='lat' dir='ltr'><strong>diabolo</strong></span> <span class='ocrx_word' id='word_1_936' title='bbox 2746 4858 2987 4919; x_wconf 87' lang='lat' dir='ltr'><strong>paratum</strong></span> <span class='ocrx_word' id='word_1_937' title='bbox 3013 4860 3099 4905; x_wconf 89' lang='lat' dir='ltr'><strong>est</strong></span> <span class='ocrx_word' id='word_1_938' title='bbox 3131 4891 3144 4913; x_wconf 94' lang='lat'><strong>,</strong></span> <span class='ocrx_word' id='word_1_939' title='bbox 3184 4851 3448 4920; x_wconf 84' lang='lat' dir='ltr'><strong>supplicio</strong></span> <span class='ocrx_word' id='word_1_940' title='bbox 3493 4852 3729 4907; x_wconf 90' lang='lat' dir='ltr'><strong>liberari.</strong></span> <span class='ocrx_word' id='word_1_941' title='bbox 3767 4853 3902 4909; x_wconf 80' lang='lat' dir='ltr'><strong>Nam</strong></span> 
     </span>
    </p>
   </div>
   <div class='ocr_carea' id='block_1_112' title="bbox 2322 4941 3893 5014">
    <p class='ocr_par' dir='ltr' id='par_1_112' title="bbox 2322 4941 3893 5014">
     <span class='ocr_line' id='line_1_112' title="bbox 2322 4941 3893 5014; baseline 0.003 -19"><span class='ocrx_word' id='word_1_942' title='bbox 2322 4942 2462 5011; x_wconf 73' lang='grc' dir='ltr'><strong>(μιθά</strong></span> <span class='ocrx_word' id='word_1_943' title='bbox 2492 4956 2747 5010; x_wconf 85' lang='lat' dir='ltr'><strong>arrogans</strong></span> <span class='ocrx_word' id='word_1_944' title='bbox 2773 4941 2964 4996; x_wconf 88' lang='lat' dir='ltr'><strong>eodem</strong></span> <span class='ocrx_word' id='word_1_945' title='bbox 2992 4957 3098 5010; x_wconf 93' lang='lat' dir='ltr'><strong>quo</strong></span> <span class='ocrx_word' id='word_1_946' title='bbox 3132 4942 3378 4998; x_wconf 89' lang='lat' dir='ltr'><strong>diabolus</strong></span> <span class='ocrx_word' id='word_1_947' title='bbox 3406 4944 3477 4998; x_wconf 88' lang='lat' dir='ltr'><strong>sit</strong></span> <span class='ocrx_word' id='word_1_948' title='bbox 3505 4944 3768 5014; x_wconf 88' lang='lat' dir='ltr'><strong>supplicio</strong></span> <span class='ocrx_word' id='word_1_949' title='bbox 3799 4959 3893 5014; x_wconf 83' lang='lat' dir='ltr'><strong>pu-</strong></span> 
     </span>
    </p>
   </div>
   <div class='ocr_carea' id='block_1_113' title="bbox 2322 5031 3902 5106">
    <p class='ocr_par' dir='ltr' id='par_1_113' title="bbox 2322 5031 3902 5106">
     <span class='ocr_line' id='line_1_113' title="bbox 2322 5031 3902 5106; baseline 0.002 -19"><span class='ocrx_word' id='word_1_950' title='bbox 2322 5032 2569 5098; x_wconf 90' lang='lat' dir='ltr'><strong>niendus,</strong></span> <span class='ocrx_word' id='word_1_951' title='bbox 2598 5033 2720 5087; x_wconf 88' lang='lat' dir='ltr'><strong>audi</strong></span> <span class='ocrx_word' id='word_1_952' title='bbox 2746 5031 2963 5086; x_wconf 89' lang='lat' dir='ltr'><strong>Paulum</strong></span> <span class='ocrx_word' id='word_1_953' title='bbox 2988 5031 3254 5088; x_wconf 88' lang='lat' dir='ltr'><strong>dicentem</strong></span> <span class='ocrx_word' id='word_1_954' title='bbox 3286 5053 3301 5088; x_wconf 92' lang='lat'><strong>:</strong></span> <span class='ocrx_word' id='word_1_955' title='bbox 3331 5033 3455 5089; x_wconf 88' lang='lat' dir='ltr'><strong>Non</strong></span> <span class='ocrx_word' id='word_1_956' title='bbox 3483 5038 3814 5106; x_wconf 78' lang='lat' dir='ltr'><strong>ueopltytum,</strong></span> <span class='ocrx_word' id='word_1_957' title='bbox 3842 5052 3902 5090; x_wconf 85' lang='lat' dir='ltr'><strong>ne</strong></span> 
     </span>
    </p>
   </div>
   <div class='ocr_carea' id='block_1_114' title="bbox 2321 5123 3900 5196">
    <p class='ocr_par' dir='ltr' id='par_1_114' title="bbox 2321 5123 3900 5196">
     <span class='ocr_line' id='line_1_114' title="bbox 2321 5123 3900 5196; baseline 0.001 -18"><span class='ocrx_word' id='word_1_958' title='bbox 2321 5124 2374 5178; x_wconf 85' lang='lat' dir='ltr'><strong>in</strong></span> <span class='ocrx_word' id='word_1_959' title='bbox 2393 5123 2682 5193; x_wconf 85' lang='lat' dir='ltr'><strong>superbiam</strong></span> <span class='ocrx_word' id='word_1_960' title='bbox 2707 5125 2867 5176; x_wconf 85' lang='lat' dir='ltr'><strong>elatus</strong></span> <span class='ocrx_word' id='word_1_961' title='bbox 2889 5162 2903 5181; x_wconf 91' lang='lat'><strong>,</strong></span> <span class='ocrx_word' id='word_1_962' title='bbox 2933 5125 3253 5192; x_wconf 74' lang='lat' dir='ltr'><strong>injudicium</strong></span> <span class='ocrx_word' id='word_1_963' title='bbox 3276 5125 3465 5179; x_wconf 85' lang='lat' dir='ltr'><strong>incidat</strong></span> <span class='ocrx_word' id='word_1_964' title='bbox 3493 5135 3552 5182; x_wconf 82' lang='lat' dir='ltr'><strong>et</strong></span> <span class='ocrx_word' id='word_1_965' title='bbox 3569 5127 3623 5181; x_wconf 87' lang='lat' dir='ltr'><strong>in</strong></span> <span class='ocrx_word' id='word_1_966' title='bbox 3651 5127 3900 5196; x_wconf 80' lang='lat' dir='ltr'><strong>laqueum</strong></span> 
     </span>
    </p>
   </div>
   <div class='ocr_carea' id='block_1_115' title="bbox 2325 5214 3902 5286">
    <p class='ocr_par' dir='ltr' id='par_1_115' title="bbox 2325 5214 3902 5286">
     <span class='ocr_line' id='line_1_115' title="bbox 2325 5214 3902 5286; baseline 0.001 -16"><span class='ocrx_word' id='word_1_967' title='bbox 2325 5215 2555 5286; x_wconf 85' lang='lat' dir='ltr'><strong>diaboli(</strong></span> <span class='ocrx_word' id='word_1_968' title='bbox 2583 5216 2636 5270; x_wconf 83' lang='grc'><strong>1.</strong></span> <span class='ocrx_word' id='word_1_969' title='bbox 2672 5214 2803 5270; x_wconf 84' lang='lat' dir='ltr'><strong>Tim.</strong></span> <span class='ocrx_word' id='word_1_970' title='bbox 2834 5216 2888 5270; x_wconf 79' lang='lat'><strong>3.</strong></span> <span class='ocrx_word' id='word_1_971' title='bbox 2913 5215 2946 5269; x_wconf 86' lang='lat'><strong>6</strong></span> <span class='ocrx_word' id='word_1_972' title='bbox 2977 5219 3016 5284; x_wconf 93' lang='lat'><strong>).</strong></span> <span class='ocrx_word' id='word_1_973' title='bbox 3048 5215 3188 5284; x_wconf 84' lang='lat' dir='ltr'><strong>Quid</strong></span> <span class='ocrx_word' id='word_1_974' title='bbox 3219 5224 3303 5271; x_wconf 82' lang='lat' dir='ltr'><strong>est</strong></span> <span class='ocrx_word' id='word_1_975' title='bbox 3321 5216 3581 5284; x_wconf 88' lang='lat' dir='ltr'><strong>judicium</strong></span> <span class='ocrx_word' id='word_1_976' title='bbox 3607 5217 3632 5271; x_wconf 80' lang='lat'><strong>?</strong></span> <span class='ocrx_word' id='word_1_977' title='bbox 3674 5218 3728 5274; x_wconf 92' lang='lat' dir='ltr'><strong>ln</strong></span> <span class='ocrx_word' id='word_1_978' title='bbox 3758 5233 3902 5274; x_wconf 86' lang='lat' dir='ltr'><strong>eam-</strong></span> 
     </span>
    </p>
   </div>
   <div class='ocr_carea' id='block_1_116' title="bbox 2323 5305 3898 5376">
    <p class='ocr_par' dir='ltr' id='par_1_116' title="bbox 2323 5305 3898 5376">
     <span class='ocr_line' id='line_1_116' title="bbox 2323 5305 3898 5376; baseline 0.002 -17"><span class='ocrx_word' id='word_1_979' title='bbox 2323 5305 2466 5370; x_wconf 90' lang='lat' dir='ltr'><strong>dem,</strong></span> <span class='ocrx_word' id='word_1_980' title='bbox 2485 5305 2673 5375; x_wconf 88' lang='lat' dir='ltr'><strong>inquit,</strong></span> <span class='ocrx_word' id='word_1_981' title='bbox 2704 5306 3120 5366; x_wconf 86' lang='lat' dir='ltr'><strong>damnationem.</strong></span> <span class='ocrx_word' id='word_1_982' title='bbox 3146 5308 3198 5360; x_wconf 90' lang='lat' dir='ltr'><strong>in</strong></span> <span class='ocrx_word' id='word_1_983' title='bbox 3221 5306 3361 5360; x_wconf 85' lang='lat' dir='ltr'><strong>idem</strong></span> <span class='ocrx_word' id='word_1_984' title='bbox 3387 5306 3723 5376; x_wconf 89' lang='lat' dir='ltr'><strong>supplicium.</strong></span> <span class='ocrx_word' id='word_1_985' title='bbox 3753 5309 3898 5375; x_wconf 86' lang='lat' dir='ltr'><strong>Quo-</strong></span> 
     </span>
    </p>
   </div>
   <div class='ocr_carea' id='block_1_117' title="bbox 2323 5395 3897 5466">
    <p class='ocr_par' dir='ltr' id='par_1_117' title="bbox 2323 5395 3897 5466">
     <span class='ocr_line' id='line_1_117' title="bbox 2323 5395 3897 5466; baseline 0.001 -17"><span class='ocrx_word' id='word_1_986' title='bbox 2323 5397 2482 5451; x_wconf 88' lang='lat' dir='ltr'><strong>modo</strong></span> <span class='ocrx_word' id='word_1_987' title='bbox 2511 5396 2672 5465; x_wconf 88' lang='lat' dir='ltr'><strong>igitur</strong></span> <span class='ocrx_word' id='word_1_988' title='bbox 2708 5395 2811 5450; x_wconf 88' lang='lat' dir='ltr'><strong>hoc</strong></span> <span class='ocrx_word' id='word_1_989' title='bbox 2831 5396 3027 5449; x_wconf 89' lang='lat' dir='ltr'><strong>malum</strong></span> <span class='ocrx_word' id='word_1_990' title='bbox 3059 5395 3313 5464; x_wconf 79' lang='lat' dir='ltr'><strong>eﬂ‘ugeris</strong></span> <span class='ocrx_word' id='word_1_991' title='bbox 3338 5396 3361 5449; x_wconf 85' lang='lat'><strong>?</strong></span> <span class='ocrx_word' id='word_1_992' title='bbox 3387 5395 3444 5451; x_wconf 91' lang='lat' dir='ltr'><strong>Si</strong></span> <span class='ocrx_word' id='word_1_993' title='bbox 3477 5405 3654 5451; x_wconf 90' lang='lat' dir='ltr'><strong>tecum</strong></span> <span class='ocrx_word' id='word_1_994' title='bbox 3679 5406 3897 5466; x_wconf 77' lang='lat' dir='ltr'><strong>reputes</strong></span> 
     </span>
    </p>
   </div>
   <div class='ocr_carea' id='block_1_118' title="bbox 2328 5485 3895 5556">
    <p class='ocr_par' dir='ltr' id='par_1_118' title="bbox 2328 5485 3895 5556">
     <span class='ocr_line' id='line_1_118' title="bbox 2328 5485 3895 5556; baseline -0.001 -14"><span class='ocrx_word' id='word_1_995' title='bbox 2328 5499 2569 5542; x_wconf 87' lang='lat' dir='ltr'><strong>naturam</strong></span> <span class='ocrx_word' id='word_1_996' title='bbox 2598 5497 2762 5552; x_wconf 90' lang='lat' dir='ltr'><strong>tuam,</strong></span> <span class='ocrx_word' id='word_1_997' title='bbox 2789 5487 2834 5541; x_wconf 78' lang='lat' dir='ltr'><strong>si</strong></span> <span class='ocrx_word' id='word_1_998' title='bbox 2861 5497 3201 5556; x_wconf 87' lang='lat' dir='ltr'><strong>peccatorum</strong></span> <span class='ocrx_word' id='word_1_999' title='bbox 3231 5485 3623 5540; x_wconf 88' lang='lat' dir='ltr'><strong>multitudinem</strong></span> <span class='ocrx_word' id='word_1_1000' title='bbox 3657 5526 3673 5552; x_wconf 87' lang='lat'><strong>,</strong></span> <span class='ocrx_word' id='word_1_1001' title='bbox 3701 5487 3750 5541; x_wconf 88' lang='lat' dir='ltr'><strong>si</strong></span> <span class='ocrx_word' id='word_1_1002' title='bbox 3778 5502 3895 5541; x_wconf 85' lang='lat' dir='ltr'><strong>ma-</strong></span> 
     </span>
    </p>
   </div>
   <div class='ocr_carea' id='block_1_119' title="bbox 2324 5576 3900 5648">
    <p class='ocr_par' dir='ltr' id='par_1_119' title="bbox 2324 5576 3900 5648">
     <span class='ocr_line' id='line_1_119' title="bbox 2324 5576 3900 5648; baseline 0.001 -16"><span class='ocrx_word' id='word_1_1003' title='bbox 2324 5577 2654 5648; x_wconf 70' lang='lat' dir='ltr'><strong>gnitudinem</strong></span> <span class='ocrx_word' id='word_1_1004' title='bbox 2697 5579 3066 5637; x_wconf 84' lang='lat' dir='ltr'><strong>cruciatuum:</strong></span> <span class='ocrx_word' id='word_1_1005' title='bbox 3100 5579 3145 5633; x_wconf 90' lang='lat' dir='ltr'><strong>si</strong></span> <span class='ocrx_word' id='word_1_1006' title='bbox 3192 5576 3508 5646; x_wconf 76' lang='lat' dir='ltr'><strong>cogitaveris</strong></span> <span class='ocrx_word' id='word_1_1007' title='bbox 3551 5591 3711 5647; x_wconf 85' lang='lat' dir='ltr'><strong>quam</strong></span> <span class='ocrx_word' id='word_1_1008' title='bbox 3756 5577 3900 5634; x_wconf 78' lang='lat' dir='ltr'><strong>fluxa</strong></span> 
     </span>
    </p>
   </div>
   <div class='ocr_carea' id='block_1_120' title="bbox 2325 5666 3906 5743">
    <p class='ocr_par' dir='ltr' id='par_1_120' title="bbox 2325 5666 3906 5743">
     <span class='ocr_line' id='line_1_120' title="bbox 2325 5666 3906 5743; baseline -0.005 -16"><span class='ocrx_word' id='word_1_1009' title='bbox 2325 5675 2430 5727; x_wconf 86' lang='lat' dir='ltr'><strong>sint</strong></span> <span class='ocrx_word' id='word_1_1010' title='bbox 2456 5684 2520 5727; x_wconf 87' lang='lat' dir='ltr'><strong>ea</strong></span> <span class='ocrx_word' id='word_1_1011' title='bbox 2549 5685 2667 5741; x_wconf 75' lang='lat' dir='ltr'><strong>quae</strong></span> <span class='ocrx_word' id='word_1_1012' title='bbox 2697 5670 2752 5726; x_wconf 92' lang='lat' dir='ltr'><strong>in</strong></span> <span class='ocrx_word' id='word_1_1013' title='bbox 2780 5672 2882 5728; x_wconf 86' lang='lat' dir='ltr'><strong>hoc</strong></span> <span class='ocrx_word' id='word_1_1014' title='bbox 2908 5671 3107 5727; x_wconf 85' lang='lat' dir='ltr'><strong>mundo</strong></span> <span class='ocrx_word' id='word_1_1015' title='bbox 3154 5666 3430 5743; x_wconf 87' lang='lat' dir='ltr'><strong>splendida</strong></span> <span class='ocrx_word' id='word_1_1016' title='bbox 3458 5668 3711 5726; x_wconf 82' lang='lat' dir='ltr'><strong>videntur</strong></span> <span class='ocrx_word' id='word_1_1017' title='bbox 3725 5679 3848 5723; x_wconf 82' lang='lat' dir='ltr'><strong>esse</strong></span> <span class='ocrx_word' id='word_1_1018' title='bbox 3881 5709 3906 5741; x_wconf 74' lang='grc'>,</span> 
     </span>
    </p>
   </div>
  </div>
