4370 6306
411 492 475 547 ἰδ
1508 478 1571 533 ΙΝ
1611 473 1920 533 JOANNEM
1960 473 2137 529 HOMII

1960 473 2188 530 HOMIL.
2230 476 2298 532 Χ.
2338 478 2411 535 al.
2454 481 2546 539 IX.
3614 498 3674 553 74

411 618 630 676 queque
679 599 893 655 facilius
940 602 1289 658 marcescunt,
1330 603 1494 662 quam
1515 590 1666 645 verni
1697 588 1879 645 liores.
1935 587 1991 643 Si

413 698 510 752 has
548 696 857 762 frequenter
886 689 1235 759 cogitationes
1263 685 1443 739 animo
1469 697 1750 739 versemus
1769 723 1784 746 ,
1810 681 1853 735 si
1882 696 1992 736 me-

414 788 577 843 moria
623 792 934 853 rcpetamus
961 795 1055 835 eos
1082 778 1175 848 qui
1218 779 1269 832 in
1309 776 1506 831 virtute
1536 776 1768 831 maxime
1793 774 1992 828 ﬂorue-

416 886 539 931 runt
560 918 575 939 ,
608 890 713 928 non
741 872 898 926 facile
932 869 1175 925 diabolus
1195 882 1295 923 nos
1324 866 1516 923 efferre
1544 866 1738 936 poterit
1767 905 1783 930 ,
1819 880 1991 935 quan-

414 967 605 1022 tumvis
631 963 966 1026 contendat,
1002 974 1192 1036 neque
1242 959 1378 1014 inire
1429 959 1567 1011 viam
1606 973 1707 1026 qua
1736 971 1834 1010 nos
1868 970 1994 1023 sup-

415 1057 633 1126 plantet.
668 1056 807 1109 Deus
833 1062 1013 1107 autem
1044 1050 1345 1115 humilium,
1371 1048 1628 1118 benignus
1654 1048 1741 1102 ille
1769 1054 1823 1101 et
1844 1061 1994 1099 man-

413 1166 2303 1191 ___________________________________

2096 601 2298 656 suetus,
2326 603 2381 647 et
2410 594 2560 650 vobis
2580 605 2634 651 et
2652 598 2803 653 nobis
2828 615 2921 655 cur
2947 606 3231 660 contritum
3257 615 3309 662 ct
3342 608 3673 667 humiliatmu

2096 683 2309 739 tribuat.
2356 684 2446 741 Sic
2491 687 2635 742 enim
2681 692 2975 757 poterimus
3023 706 3216 751 ctutera
3259 715 3472 769 quoque
3520 704 3674 759 facile

2100 784 2375 844 pratstare,
2409 776 2473 830 ad
2495 778 2717 847 gloriam
2753 780 2960 836 Domini
2991 789 3156 841 nostri
3186 788 3310 843 Jesu
3340 790 3556 859 Christi,
3584 811 3680 865 per

2050 898 2061 907 ι
2096 881 2254 934 quem
2281 876 2478 921 etcum
2515 884 2620 937 quo
2652 870 2793 925 Patri
2827 889 3037 944 unaque
3079 877 3299 946 Spiritui
3347 894 3532 939 sancto
3554 888 3669 956 glu-

2095 957 2194 1021 ria,
2231 958 2282 1012 in
2312 960 2501 1013 satcula
2531 962 2871 1018 smeulorum.
2904 969 3098 1022 Amen.

2306 1168 3683 1209 _________________________

1855 1227 2188 1289 HOMILIA
2232 1230 2314 1291 X.

573 1385 641 1438 In
665 1373 871 1454 propria
897 1380 1047 1443 venit,
1076 1388 1122 1431 et
1150 1378 1229 1430 sui
1259 1393 1372 1429 eum
1403 1392 1500 1428 non
1526 1381 1835 1442 receperunt.

482 1479 535 1531 1.
578 1474 718 1528 Deus
743 1489 835 1527 nos
864 1472 934 1524 ad
962 1473 1191 1525 virtutem
1218 1468 1450 1537 impellit,
1501 1467 1663 1520 illma
1708 1473 1880 1518 nostra
1928 1461 1993 1515 li-

410 1572 619 1621 bertate.
651 1564 824 1618 Bonus
847 1562 1109 1633 probatur,
1138 1560 1288 1613 etiam
1326 1575 1441 1612 eum
1479 1557 1730 1626 supplicia
1754 1555 1992 1608 minatur.

413 1660 584 1724 Quam
633 1670 875 1726 generosa
923 1650 1204 1707 Saluatoris
1251 1652 1453 1702 caritas.
1494 1677 1567 1687 —
1609 1647 1769 1708 Deus,
1815 1654 1997 1712 utpote

407 1751 650 1804 clemens
678 1756 731 1801 et
760 1746 1051 1808 benelicus,
1073 1743 1266 1798 dilecte
1292 1744 1335 1808 ι,
1364 1740 1495 1795 nihil
1526 1754 1629 1794 non
1658 1738 1764 1808 agit
1789 1746 1842 1791 et
1868 1751 1997 1805 ope-

410 1852 582 1906 ratur,
616 1848 675 1893 ut
706 1855 804 1894 nos
833 1840 1033 1892 virtute
1059 1835 1319 1905 splendidi
1349 1834 1550 1897 simus;
1582 1831 1722 1902 quod
1751 1845 1848 1884 nos
1868 1829 1998 1883 velit

409 1944 663 2002 acceptos
692 1932 1052 2002 probatosque
1076 1943 1197 1984 esse
1221 1943 1237 1992 ;
1282 1926 1439 1996 idque
1466 1940 1571 1979 non
1600 1924 1647 1976 vi
1675 1931 1766 1976 aut
1797 1936 1992 1976 neces-

410 2026 593 2087 sitate,
628 2021 723 2077 sed
762 2022 1013 2076 suasione
1056 2028 1110 2074 et
1153 2016 1431 2072 beneficiis
1475 2014 1585 2068 suis
1612 2013 1848 2068 volentes
1878 2026 1997 2065 om-

411 2130 510 2169 nes
554 2114 724 2168 allicit
765 2121 821 2166 et.
863 2110 931 2164 ad
974 2124 1033 2165 se
1081 2107 1262 2163 trahit.
1303 2104 1660 2174 Quamobrem
1698 2102 1997 2157 venientem

410 2206 563 2259 illum
590 2203 683 2258 alii
716 2209 1056 2271 receperunt,
1104 2198 1195 2252 alii
1239 2210 1414 2251 secus.
1465 2194 1677 2249 Nullum
1718 2193 1861 2247 enim
1887 2190 2002 2245 vult

411 2295 638 2349 invitum
666 2293 752 2347 vel
782 2290 1103 2346 necessitate
1121 2295 1364 2343 coactum
1392 2299 1606 2339 servum
1634 2282 1832 2337 habere
1856 2298 1869 2345 ;
1905 2280 1999 2335 sed

409 2400 605 2439 omnes
634 2384 865 2438 libenter
892 2392 947 2436 et
972 2396 1038 2435 ex
1066 2376 1353 2433 voluntatis
1382 2375 1654 2445 proposito
1687 2372 1889 2436 venire,
1939 2386 2002 2425 ac

409 2477 479 2531 de
508 2476 603 2529 tali
629 2474 889 2530 servitute
917 2471 1135 2541 gratiam
1165 2470 1263 2539 ipsi
1291 2468 1510 2522 habere.
1560 2466 1815 2521 llomiues
1858 2462 1999 2518 enim

410 2579 698 2621 servorum
724 2561 1025 2619 ministerio
1053 2576 1187 2629 opus
1214 2559 1496 2623 habentes,
1542 2557 1687 2626 ipsos
1708 2558 1729 2588 ²
1752 2555 1837 2609 vel
1865 2554 2004 2608 iuvi-

415 2667 498 2710 tos
545 2654 824 2709 servitutis
853 2653 954 2721 legi
985 2650 1276 2720 subjiciunt
1304 2667 1316 2703 :
1349 2648 1493 2704 Deus
1514 2656 1692 2702 autem
1711 2661 1831 2701 cum
1858 2645 2003 2700 nullo

415 2749 678 2819 indigeat,
709 2746 947 2815 nullique
973 2743 1299 2808 necessitati,
1342 2757 1443 2811 qua
1473 2741 1721 2794 homines
1751 2752 2001 2808 premun-

420 2850 528 2904 tur,
554 2840 624 2892 sit
656 2836 951 2905 subjectus,
1002 2843 1197 2888 nostra:
1234 2830 1422 2887 salutis
1454 2845 1617 2886 causa
1653 2838 1857 2884 tantum
1886 2843 2005 2883 om-

417 2932 502 2984 nia
529 2929 680 2995 facit,
728 2930 935 2997 hocque
967 2935 1151 2980 nostro
1173 2923 1394 2979 arbitrio
1416 2933 1469 2977 et
1496 2921 1752 2979 voluntati
1787 2922 2005 2990 permit-

416 3022 479 3074 tit
513 3038 529 3074 :
562 3019 794 3087 ideoque
818 3017 1122 3071 nolentibus
1159 3014 1359 3068 nullam
1387 3014 1494 3067 vim
1517 3020 1608 3065 aut
1633 3009 2003 3066 necessitatem

416 3112 602 3165 infert.
654 3108 736 3163 Ad
774 3115 1013 3162 nostram
1057 3106 1199 3161 enim
1248 3103 1422 3159 solmn
1464 3109 1670 3172 spectat
1697 3101 1998 3156 utilitatem.

418 3199 550 3253 Nam
586 3198 783 3251 invitos
811 3196 877 3251 ad
905 3197 1043 3250 hanc
1069 3194 1207 3249 trahi
1235 3194 1630 3257 necessitatem,
1681 3192 1819 3246 idem
1860 3199 2007 3246 esset

417 3307 479 3345 ac
510 3289 671 3344 nullo
697 3286 859 3342 modo
889 3288 1109 3342 servire.
1138 3286 1245 3341 Cur
1276 3300 1426 3354 ergo,
1455 3285 1684 3353 inquies,
1728 3282 1878 3352 punit
1912 3295 2006 3335 eos

416 3382 509 3452 qui
543 3381 744 3436 nolunt
768 3379 866 3448 ipsi
891 3378 1113 3448 obsequi
1135 3377 1159 3430 t
1184 3385 1239 3431 et
1265 3391 1361 3431 cur
1388 3376 1684 3446 gehennam
1710 3374 2005 3429 commina-

418 3485 502 3528 tus
522 3482 615 3529 est
635 3473 725 3537 iis,
740 3475 829 3541 qui
855 3472 970 3541 ejus
999 3479 1261 3540 prrecepta
1290 3485 1394 3525 non
1421 3468 1678 3523 audiunt?
1696 3467 1830 3535 Quia
1846 3468 2005 3521 etiam

419 3566 579 3619 nobis
605 3578 717 3617 non
748 3562 1238 3632 obtemperantibus
1262 3601 1276 3625 ,
1322 3574 1568 3629 magnam
1614 3559 1782 3613 nostri
1821 3571 2004 3612 curam

417 3657 577 3726 gerit,
633 3664 821 3724 utpote
867 3652 1073 3717 bonus;
1120 3652 1229 3706 imo
1268 3651 1422 3706 nobis
1458 3650 1820 3706 resilientibus
1845 3648 2007 3704 etfu-

417 3748 715 3817 gientibus,
765 3761 869 3799 non
909 3745 1167 3800 abscedit.
1211 3744 1345 3811 Quia
1393 3745 1553 3814 igitur
1595 3744 1825 3813 priorem
1860 3738 2007 3797 illam

420 3838 673 3894 beneﬁcii
719 3837 860 3891 viam
895 3835 1043 3891 adire
1081 3836 1374 3901 noluimus,
1421 3850 1520 3889 nec
1548 3834 1783 3889 suasioni
1809 3833 2009 3890 beneﬂ-

419 3930 629 3999 riisque
672 3927 933 3982 cessimus
966 3943 980 3982 ε
1011 3926 1234 3981 alteram
1277 3927 1484 3980 induxit
1521 3940 1617 3996 per
1654 3925 1909 3995 supplicia
1952 3933 2007 3980 et

420 4022 730 4085 cruciatus;
781 4034 899 4089 qme
946 4017 1287 4074 acerbissima
1318 4017 1534 4087 quidem
1562 4026 1663 4083 est,
1695 4017 1789 4071 sed
1831 4026 2007 4073 tamen
2060 4042 2063 4043 ν

424 4110 759 4166 ηθοεεςετὶε.
807 4108 991 4163 Priore
1018 4123 1247 4178 namque
1272 4116 1601 4177 contempta,
1632 4108 1863 4163 secunda
1906 4123 2003 4163 ne-

421 4201 665 4255 cessario
715 4198 1004 4254 inducitur.
1067 4197 1198 4252 Nam
1237 4207 1290 4253 et
1324 4198 1500 4269 legum
1548 4199 1743 4254 latores
1791 4213 2008 4270 magnas

421 4304 723 4358 gravesque
749 4298 936 4343 contra
969 4297 1250 4357 peccantes
1277 4290 1605 4344 constituunt
1633 4304 1815 4358 poenas
1866 4308 1879 4344 :
1918 4306 2009 4346 ne-

425 4395 530 4447 que
572 4389 756 4434 tamen
800 4379 920 4434 ideo
947 4380 1066 4434 illos
1094 4393 1422 4445 aversamur,
1454 4380 1562 4434 imo
1586 4382 1751 4451 magis
1780 4381 2010 4435 honora-

425 4485 548 4525 mus
580 4471 859 4525 constituti
902 4470 1145 4540 supplicii
1189 4485 1368 4536 causa,
1413 4480 1467 4525 et
1497 4471 1636 4539 quod
1663 4471 1803 4524 nulla
1830 4480 2008 4525 nostra

427 4576 487 4616 re
517 4563 839 4632 indigentes,
864 4562 972 4614 imo
1001 4576 1143 4628 Saepe
1166 4562 1327 4616 nescii
1355 4563 1567 4631 quinam
1596 4562 1769 4631 legum
1792 4576 2008 4615 suarum

426 4667 529 4722 cpe
568 4653 796 4724 juvandi
841 4653 966 4719 sint,
1014 4662 1245 4706 attamen
1275 4654 1414 4708 bono
1443 4654 1564 4707 vitae
1594 4662 1789 4707 nostra:
1819 4660 1872 4708 et
1900 4653 2009 4707 rei-

432 4744 665 4811 publicze
695 4744 871 4797 ordini
904 4743 1284 4812 advigilarttnt,
1303 4745 1496 4799 virtute
1528 4745 1776 4810 prazditos
1801 4744 2005 4800 honore

424 4834 751 4901 allicientes,
798 4835 1073 4904 improbos
1112 4844 1289 4889 autem
1322 4842 1379 4890 et
1408 4844 1707 4903 protervos,
1755 4836 1843 4905 qui
1880 4836 2008 4890 reli-

426 4942 661 4997 quorum
690 4929 925 4998 quietem
967 4927 1202 4991 turbant,
1241 4944 1335 4997 per
1378 4928 1634 4996 supplicia
1679 4937 2009 4982 coercentes.

430 5019 583 5086 Quod
614 5020 659 5073 si
689 5019 790 5073 hos
816 5019 1142 5073 admiramur
1176 5027 1232 5073 et
1272 5018 1573 5089 diligimus,
1623 5032 1801 5073 nonne
1846 5017 2014 5072 multo

432 5110 604 5179 magis
627 5110 770 5164 Deus
796 5108 864 5164 ob
879 5117 1078 5163 tantam
1109 5108 1380 5163 hominum
1402 5123 1583 5163 curam
1602 5117 1656 5163 et
1679 5107 2018 5163 admirandus

436 5210 489 5251 et
511 5198 784 5255 amandus
809 5199 924 5253 est?
953 5199 1271 5253 Immensum
1299 5199 1495 5269 quippe
1521 5199 1804 5254 discrimen
1833 5206 1915 5252 est
1939 5199 2022 5252 in-

439 5298 516 5343 ter
537 5290 759 5344 illorum
782 5300 837 5345 et
859 5289 955 5345 Dei
984 5304 1108 5359 erga
1138 5305 1233 5344 nos
1263 5288 1647 5359 providentiam
1677 5307 1691 5343 :
1725 5289 2021 5345 ineffabiles

439 5380 678 5447 profecto
704 5388 761 5435 et
786 5394 949 5448 supra
980 5388 1215 5433 mentem
1241 5392 1459 5434 omnem
1485 5387 1610 5433 sunt
1633 5378 1831 5433 divitia:
1863 5378 2019 5433 boni-

438 5471 563 5524 tatis
590 5470 756 5525 illius.
787 5468 891 5525 llic
914 5469 1154 5523 animum
1183 5468 1395 5525 adhibe.
1424 5468 1492 5522 In
1514 5469 1721 5539 propria
1742 5469 1893 5536 venit,
1917 5482 2023 5525 non

440 5561 777 5616 necessitatis
801 5576 916 5615 suae
942 5574 1107 5615 causa
1155 5559 1174 5628 (
1203 5560 1346 5616 Deus
1374 5561 1591 5632 quippe,
1624 5570 1682 5616 ut
1710 5560 1841 5627 dixi,
1880 5561 2025 5616 nullo

440 5650 701 5724 indiget),
730 5654 824 5707 sed
850 5653 919 5706 ad
946 5651 1202 5706 beneﬁcia
1232 5653 1342 5707 suis
1368 5653 1684 5723 praestanda.
1723 5653 1827 5711 Sed
1859 5670 2028 5726 neque

498 5785 519 5874 ξ
794 5784 1053 5908 imo“;
1058 5782 1227 5846 habet,
1249 5782 1428 5837 dilecti.

2110 1374 2187 1428 sic
2216 1374 2286 1429 illi
2314 1377 2401 1446 qui
2429 1379 2507 1433 sui
2532 1390 2703 1449 erant,
2740 1384 2789 1436 in
2820 1388 3031 1455 propria
3061 1406 3154 1458 pro
3189 1392 3425 1461 ipsorum
3460 1400 3683 1456 utilitate

2103 1466 2427 1561 venientem,
2463 1482 2777 1540 receperunt
2802 1492 2958 1531 eum:
2994 1480 3100 1532 imo
3139 1485 3447 1553 repulerunt
3473 1508 3486 1545 :
3511 1508 3685 1561 neque

2105 1556 2205 1612 hoc
2227 1561 2355 1614 satis
2382 1562 2508 1630 ipsis
2539 1564 2656 1626 fuit,
2683 1566 2775 1621 sed
2806 1577 2952 1624 extra
2977 1572 3185 1628 vineam
3217 1577 3444 1645 ejectum
3476 1556 3686 1639 occide-

2109 1658 2235 1741 runt
2261 1650 2477 1715 (Matth.
2506 1653 2597 1709 2|.
2626 1656 2739 1725 59).
2769 1657 2950 1728 Neque
2978 1672 3151 1718 tamen
3183 1668 3259 1721 sic
3292 1669 3434 1738 ipsos
3460 1688 3487 1725 a
3516 1677 3687 1741 pteui-

2105 1740 2268 1793 tentia
2299 1742 2544 1805 exclusit,
2576 1746 2670 1800 sed
2700 1751 2968 1805 concessit
2999 1754 3103 1807 illis
3134 1766 3210 1821 ut,
3234 1759 3276 1810 si
3314 1771 3431 1828 post
3477 1740 3681 1819 mutum

2108 1828 2322 1925 facinus
2349 1835 2551 1925 scelera
2586 1851 2681 1891 sua
2708 1839 2928 1895 abluere
2960 1844 3159 1899 vellent
3187 1862 3282 1916 per
3310 1851 3467 1905 fidem
3504 1854 3554 1908 in
3602 1857 3681 1925 ip-

2104 1930 2243 1982 Sum,
2290 1920 2354 1973 iis
2390 1923 2476 1991 qui
2510 1925 2639 1979 nihil
2666 1928 2768 1981 tale
2791 1930 3154 2000 admisissent,
3202 1940 3307 1991 imo
3347 1920 3687 2000 amicissimis

2104 2008 2203 2063 sibi
2252 2025 2404 2079 pares
2448 2012 2640 2069 forent.
2694 2017 2846 2086 Quod
2873 2032 3050 2078 autem
3079 2042 3183 2080 non
3215 2032 3383 2096 gratis
3410 2033 3491 2087 vel
3521 2038 3683 2090 animi

2105 2113 2264 2155 causa
2296 2102 2345 2156 id
2373 2103 2566 2167 dicam.
2605 2106 2717 2163 haec
2739 2110 2881 2164 clara
2910 2128 3041 2169 voce
3071 2119 3424 2176 testiﬁcantur
3450 2123 3536 2178 illa
3565 2141 3683 2180 om-

2106 2190 2190 2244 nia
2216 2207 2333 2261 qure
2359 2194 2515 2249 beato
2539 2197 2701 2253 Paulo
2729 2202 3066 2272 contigerunt
3094 2225 3105 2259 :
3131 2210 3216 2276 qui
3240 2221 3515 2283 postquam
3539 2216 3688 2271 Citri-

2110 2291 2250 2336 stum
2281 2294 2398 2349 post
2426 2287 2542 2354 ejus
2574 2299 2797 2347 mortem
2835 2307 3186 2364 persequutus
3223 2300 3413 2370 fuerat,
3462 2305 3688 2378 ejusque

2108 2384 2392 2446 martyrem
2447 2379 2778 2449 Stephanum
2837 2387 3123 2445 multorum
3178 2396 3423 2452 manibus
3477 2397 3679 2466 lapida-

2109 2475 2255 2558 verat
2287 2466 2395 2539 (α),
2443 2471 2561 2537 quia
2607 2476 2967 2542 paenitentiam
3024 2482 3150 2548 egit,
3183 2494 3235 2537 et
3289 2496 3462 2540 errata
3510 2492 3686 2558 priora

2107 2554 2396 2622 damnavit,
2446 2569 2604 2631 atque
2647 2563 2711 2618 ad
2761 2581 2881 2619 emn
2920 2584 3078 2637 quem
3130 2585 3485 2643 persequutus
3512 2554 3687 2632 fuerat

2112 2647 2352 2713 protinus
2378 2653 2623 2716 accessit,
2653 2655 2833 2707 statim
2866 2657 3004 2710 inter
3027 2660 3246 2720 amicos,
3272 2671 3321 2716 et
3347 2665 3562 2731 quidem
3592 2668 3690 2735 pri-

2111 2736 2308 2791 marios
2353 2738 2592 2793 adlectus
2637 2752 2720 2796 est
2760 2759 2789 2796 a
2834 2744 3044 2799 Christo
3070 2750 3158 2816 qui
3193 2749 3363 2819 ipsum
3391 2771 3689 2823 pra‘conem

2114 2827 2380 2897 totiusque
2411 2830 2557 2885 orbis
2585 2831 2858 2887 dortoreut
2903 2839 3214 2906 constituit;
3257 2844 3347 2912 qui
3385 2846 3527 2913 prius
3572 2848 3688 2902 bla-

2111 2916 2388 2984 sphemus,
2422 2930 2773 2989 persequutor
2797 2933 2850 2977 et
2876 2928 3292 2985 contumeliosus
3319 2932 3517 2989 fuerat:
3555 2947 3606 2991 ul
3635 2949 3692 2993 et

2112 3009 2226 3076 ipse
2252 3009 2317 3063 de
2347 3010 2436 3065 Dei
2472 3011 2797 3081 benignitate
2838 3018 3132 3085 exsultans,
3167 3024 3282 3077 sine
3310 3025 3508 3081 rubore
3536 3030 3687 3082 testi-

2113 3095 2297 3152 ficatus
2328 3108 2428 3153 est.
2462 3099 2573 3155 lmo
2604 3112 2657 3157 et
2688 3104 2801 3173 ipse
2823 3107 2995 3176 priora
3022 3109 3253 3166 facinora
3284 3130 3375 3169 sua
3407 3117 3457 3170 in
3480 3119 3692 3187 scriptis

2113 3188 2225 3241 suis
2251 3189 2400 3258 quasi
2430 3189 2481 3243 in
2510 3191 2662 3260 cippo
2684 3202 2920 3260 exarata,
2946 3200 3191 3255 omnibus
3219 3203 3506 3261 declaravit
3538 3226 3550 3261 :
3582 3224 3695 3262 nte-

2114 3275 2217 3329 lius
2256 3286 2448 3346 putans
2498 3278 2631 3343 fore,
2684 3282 2727 3336 si
2774 3285 2919 3352 prior
2948 3287 3049 3341 vita
3082 3304 3176 3343 sua
3207 3293 3344 3358 apud
3372 3308 3558 3351 omnes
3587 3305 3693 3351 tra-

2114 3365 2414 3433 duceretur,
2450 3379 2506 3423 ut
2532 3370 2696 3426 divini
2726 3371 2852 3429 doni
2881 3379 3186 3447 magnitudo
3208 3380 3507 3453 elfulgeret,
3531 3400 3691 3456 quam

2114 3457 2159 3509 si
2188 3457 2322 3526 ipse,
2349 3473 2415 3512 ne
2438 3468 2611 3514 errata
2634 3476 2728 3515 sna
2755 3466 3005 3521 omnibus
3032 3469 3348 3540 declararet,
3373 3475 3691 3531 inelfabilem

2119 3545 2211 3599 Dei
2239 3546 2615 3616 benignitatem
2646 3551 2942 3621 obtegeret.
2990 3555 3296 3626 Propterea,
3327 3567 3696 3634 persequutio-

2116 3650 2229 3699 nes,
2275 3636 2514 3704 insidias,
2557 3640 2697 3694 bella
2726 3653 2910 3697 contra
2938 3645 3230 3702 Ecclesiam
3278 3652 3506 3708 excitata
3550 3671 3696 3726 saepe

2116 3727 2308 3797 saepius
2335 3741 2737 3796 commemorat,
2772 3735 2932 3789 modo
2959 3737 3183 3794 dicens:
3219 3740 3339 3796 Non
3376 3761 3487 3799 sum
3513 3748 3695 3819 dignus

2116 3819 2283 3871 vocari
2310 3821 2587 3889 apostolus,
2618 3824 2736 3893 quia
2768 3838 3089 3897 persequutus
3121 3846 3233 3885 sum
3278 3832 3557 3890 Ecclesium
3598 3838 3695 3894 Dei

2119 3906 2193 3977 (l.
2225 3908 2340 3963 Cor.
2369 3910 2454 3967 15.
2486 3910 2580 3980 9);
2634 3915 2790 3968 modo
2819 3926 3017 3985 autem,
3060 3918 3207 3976 Venit
3232 3924 3385 3980 Iesus
3410 3939 3694 3997 peceatores

2117 3999 2281 4052 salvas
2306 4000 2489 4069 facere,
2517 4019 2727 4072 quorum
2758 4008 2948 4074 primus
2977 4026 3067 4081 ego
3097 4029 3205 4065 sum
3237 4016 3312 4082 (l.
3338 4016 3470 4070 Tim.
3491 4020 3539 4073 l.
3571 4022 3692 4091 15);

2119 4102 2182 4141 ac
2211 4103 2447 4156 rursum,
2502 4092 2729 4149 Audistis
2764 4102 3188 4156 conservationem
3220 4122 3380 4159 meant
3421 4108 3697 4179 aliquando

2121 4179 2173 4231 in
2207 4179 2487 4247 judaismo,
2529 4185 2765 4248 quoniam
2809 4203 2964 4255 supra
3006 4192 3209 4244 modum
3238 4197 3565 4265 persequebar
3594 4197 3698 4253 Ec-

2123 4271 2326 4324 clesium
2355 4270 2471 4338 Dei,
2500 4283 2545 4326 et
2572 4276 2921 4346 expugnabam
2949 4279 3093 4335 illam
3128 4282 3266 4352 (Gal.
3296 4287 3344 4339 l.
3371 4288 3479 4354 15).

2190 4362 2246 4416 2.
2289 4363 2444 4417 Velut
2493 4366 2634 4419 enim
2678 4369 2959 4436 quamdam
3003 4374 3169 4428 vicem
3212 4376 3424 4434 Christo
3467 4382 3699 4438 reddens

2126 4455 2197 4509 ob
2229 4456 2536 4523 patientiam
2567 4472 2723 4527 quam
2754 4474 2935 4514 secum
2962 4464 3294 4533 exhibuerat,
3344 4480 3399 4523 ιιι
3445 4474 3698 4529 ostende-

2125 4557 2206 4601 ret
2244 4546 2475 4616 qualem,
2521 4558 2575 4602 et
2611 4551 2877 4617 quomodo
2917 4553 3122 4608 hostem
3153 4567 3204 4611 et
3229 4559 3499 4617 inimicum
3526 4564 3699 4621 salute

2130 4639 2382 4693 donasset
2409 4656 2423 4693 :
2453 4641 2529 4694 sic
2557 4641 2721 4695 libere
2745 4643 2935 4698 bellum
2968 4646 3095 4701 illud
3124 4651 3394 4719 praedicat,
3417 4670 3523 4724 quo
3544 4656 3696 4711 Chri-

2139 4741 2278 4786 stum
2320 4733 2370 4785 in
2400 4733 2661 4801 principio
2690 4735 2938 4791 ardenter
2967 4739 3325 4810 impugnabat.
3374 4747 3506 4802 lline
3527 4759 3702 4804 autem

2135 4822 2538 4890 desperantibus
2564 4838 2710 4893 spem
2741 4825 2932 4881 bonam
2964 4829 3114 4884 indit.
3154 4831 3281 4886 Nam
3311 4837 3384 4889 ait
3412 4837 3530 4892 ideo
3552 4839 3705 4894 Chri-~

2143 4922 2281 4967 stum
2330 4929 2388 4968 se
2435 4915 2835 4983 resipiscentem
2877 4920 3173 4987 admisisse,
3224 4935 3279 4978 ut
3332 4928 3382 4981 in
3431 4945 3491 4984 se
3531 4932 3705 4998 primo

2139 5003 2443 5059 ostenderet
2482 5020 2693 5059 omnem
2726 5008 3055 5074 patientiam,
3102 5023 3152 5067 et
3179 5015 3464 5074 immensas
3491 5020 3699 5075 bonita-

2132 5095 2200 5148 tis
2252 5109 2362 5148 sute
2402 5094 2634 5160 divitias,
2679 5097 2729 5150 in
2765 5101 3068 5165 exemplum
3104 5118 3285 5158 eorum
3325 5110 3411 5176 qui
3443 5119 3622 5178 postea
3654 5113 3703 5165 in

2134 5184 2302 5254 ipsum
2332 5185 2585 5241 credituri
2632 5198 2783 5241 erant
2826 5189 2875 5242 in
2921 5193 3079 5245 vitam
3121 5204 3398 5251 aeternam.
3446 5199 3700 5255 Graviora

2135 5279 2328 5348 quippe
2358 5278 2425 5332 ab
2461 5279 2589 5349 ipsis
2626 5281 2855 5335 admissa
2887 5282 3134 5352 fuerant,
3167 5305 3319 5356 quam
3351 5307 3468 5359 qnse
3498 5295 3706 5350 veniam

2134 5380 2499 5433 mererentur;
2523 5386 2641 5440 quae
2669 5371 2946 5428 declarans
2975 5378 3297 5446 evangelista
3330 5379 3538 5437 dicebat
3587 5403 3601 5440 :
3646 5384 3709 5440 In

2133 5463 2338 5532 prapria
2376 5463 2526 5526 venit,
2573 5473 2618 5516 et
2643 5465 2722 5516 sui
2751 5480 2865 5517 eum
2890 5482 2990 5518 non
3018 5481 3327 5536 receperunt.
3375 5470 3526 5529 Unde
3569 5479 3710 5531 venit

2135 5553 2182 5607 is
2209 5554 2297 5624 qui
2329 5554 2506 5608 omnia
2532 5554 2740 5624 implet,
2781 5556 2869 5623 qui
2900 5557 3095 5624 ubique
3125 5573 3358 5626 praesens
3395 5568 3512 5619 est?
3554 5586 3706 5637 quem

2135 5646 2310 5700 locum
2358 5644 2591 5713 reliquit,
2643 5645 2732 5713 qui
2780 5646 2959 5699 omnia
2986 5662 3146 5702 manu
3180 5658 3322 5706 tenet
3351 5665 3402 5708 et
3429 5660 3666 5711 enminet
3694 5660 3710 5710 Ρ

2202 5787 2274 5848 (α)
2307 5783 2478 5833 Paulus
2517 5781 2773 5856 multorum
2816 5784 3037 5833 manibus
3073 5789 3364 5850 Stephanum
3399 5791 3707 5853 lapidaverat,

2135 5851 2252 5899 dum
2278 5858 2444 5897 eorum
2470 5851 2755 5896 vestimenta
2781 5856 3019 5897 servaret.
