4370 6306
698 321 768 379 75
1404 316 1459 372 5.
1501 315 1779 372 JOANNIS
1812 310 2288 371 CHRYSOSTOMI
2328 310 2642 370 ARCHIEP.
2681 317 3217 379 CONSTANTINOP.
3894 351 3967 403 τῦ

699 440 898 497 ιιοοιιιη
945 435 1154 507 quidem
1205 433 1404 489 nullum
1453 433 1689 503 reliquit,
1745 430 2050 504 (quomodo
2091 434 2272 499 posset

692 529 917 600 enim?)
962 541 1061 582 suo
1098 534 1277 579 autem
1322 524 1389 578 ad
1433 538 1531 577 nos
1568 523 1828 577 descensu
1869 522 1920 575 id
1963 519 2105 575 fecit.
2138 520 2269 586 Quia

696 622 838 675 enim
871 620 923 673 in
955 617 1158 671 mundo
1187 632 1308 669 cum
1345 622 1511 679 esset,
1565 630 1669 668 non
1712 613 1989 667 videbatur
2037 607 2227 666 adesse
2253 651 2268 676 ,

694 709 836 779 quod
884 706 1118 762 nondum
1164 713 1578 774 cognosceretur
1607 720 1622 770 ;
1666 713 1847 773 postea
1876 716 2004 756 vero
2030 703 2265 771 seipsum

693 799 952 864 ostendit,
983 814 1103 851 cum
1137 810 1372 850 noStram
1405 795 1627 850 induere
1651 809 1865 849 carnem
1888 794 2132 864 dignatus
2156 803 2266 848 est:

695 891 835 944 hanc
862 887 1348 942 manifestationem
1377 894 1428 941 ct
1456 885 1793 947 descensum,
1841 886 2126 939 adventum
2171 899 2268 953 ap-

694 982 878 1048 pellat.
911 979 1103 1033 Mirum
1139 988 1223 1032 est
1248 977 1566 1046 discipulum
1598 992 1702 1031 non
1734 977 2049 1032 erubescere
2078 976 2144 1030 de
2168 991 2271 1029 ma-

693 1072 845 1139 gistri
871 1070 1215 1136 contumelia,
1245 1069 1337 1123 sed
1369 1084 1485 1124 eam
1514 1069 1680 1138 ipsam
1702 1069 2078 1123 contumeliam
2102 1068 2269 1122 ﬁden-

695 1174 776 1217 ter
807 1162 975 1231 literis
1003 1161 1275 1214 mandare.
1323 1159 1379 1213 id
1425 1173 1554 1213 vero
1593 1174 1698 1211 non
1731 1173 1915 1227 parum
1940 1158 2269 1212 demonstrat

692 1267 848 1321 quam
877 1266 1062 1305 amans
1092 1250 1331 1304 veritatis
1357 1258 1518 1303 esset.
1548 1248 1792 1317 Alioquin
1820 1257 1998 1302 autem
2022 1249 2089 1316 is,
2108 1264 2265 1319 quem

692 1347 850 1412 pudet
889 1347 1319 1410 conviciantium,
1367 1362 1473 1401 non
1522 1345 1686 1416 pudet
1727 1345 1863 1416 ejus,
1896 1347 1987 1417 qui
2011 1347 2266 1402 conviciis

695 1449 948 1505 oneratus
974 1447 1073 1492 est.
1107 1438 1201 1492 Hic
1225 1439 1421 1508 quippe
1444 1437 1546 1492 hac
1572 1438 1777 1493 ratione
1803 1439 1999 1494 clarior
2025 1438 2141 1503 fuit,
2172 1440 2262 1509 qui

692 1539 811 1597 post
872 1530 1252 1585 contumeliam
1304 1529 1816 1584 contumeliosarum
1880 1530 2263 1599 providentiam

689 1621 852 1687 gessit
885 1639 899 1675 :
928 1621 1001 1674 illi
1028 1635 1158 1676 vero
1188 1622 1379 1690 ingrati
1411 1629 1467 1673 et
1496 1620 1708 1675 scelesti
1753 1620 1892 1690 apud
1936 1635 2124 1674 omnes
2166 1621 2263 1674 visi

688 1719 831 1774 sunt,
863 1711 950 1780 qui
991 1726 1135 1777 emn,
1162 1710 1248 1779 qui
1282 1719 1359 1764 tot
1385 1709 1524 1763 bona
1549 1711 1808 1765 allaturus
1844 1720 2083 1773 venerat,
2114 1710 2263 1780 quasi

691 1802 966 1855 inimicuu‘l
995 1813 1049 1854 et
1078 1802 1283 1855 hostem
1315 1800 1655 1869 expulerunt.
1696 1799 1878 1870 Neque
1924 1799 2053 1854 illud
2094 1815 2262 1855 uocu-

688 1891 850 1943 tuenti
900 1897 1101 1943 tantum
1150 1899 1494 1958 acceperunt,
1550 1889 1642 1944 sed
1685 1890 1843 1943 etiam
1885 1889 2025 1959 quod
2063 1905 2125 1944 ea
2155 1904 2264 1945 non

683 1982 1034 2046 obtinuerint,
1082 1996 1201 2051 quae
1248 1981 1564 2050 consequuti
1605 1990 1729 2036 sunt
1769 1980 1802 2034 ii
1847 1982 1935 2050 qui
1969 1982 2138 2050 ipsum
2170 1997 2262 2037 ac-

683 2068 959 2141 ceperunt.
1008 2074 1264 2139 Quaenam
1306 2072 1359 2126 hi
1408 2072 1724 2142 consequuti
1767 2072 2048 2127 sunt‘HB.
2098 2074 2261 2140 Quot-

688 2175 808 2230 quot
832 2174 999 2217 autem
1028 2174 1317 2232 receperunt
1345 2180 1455 2218 eum
1476 2206 1492 2230 ,
1547 2165 1685 2218 dedit
1710 2165 1780 2219 eis
1810 2174 2103 2233 potestatem
2129 2165 2263 2233 ﬁlios

690 2256 783 2309 Dei
810 2256 941 2325 ﬁeri,
971 2256 1161 2325 inquit.
1189 2255 1298 2310 Cur
1328 2270 1433 2309 non
1466 2271 1651 2310 narras
1676 2256 1849 2321 nobis,
1886 2272 1918 2309 ο
1946 2258 2116 2322 beate,
2171 2273 2264 2313 eo-

685 2363 800 2399 rum
831 2347 1174 2415 supplicium,
1219 2347 1308 2416 qui
1336 2362 1441 2401 non
1471 2355 1788 2416 receperunt
1814 2348 1960 2402 illum
1988 2363 2005 2413 ;
2050 2348 2145 2403 sed
2171 2363 2263 2405 eos

681 2439 813 2493 dicis
842 2453 967 2493 suos
992 2437 1175 2505 fuisse,
1207 2445 1262 2492 et
1311 2439 1366 2492 in
1398 2438 1608 2508 propria
1632 2440 1932 2494 venientem
1979 2454 2086 2494 non
2113 2455 2265 2495 rece-

684 2530 864 2597 Ilinsc;
910 2539 964 2583 et
1003 2530 1131 2599 quid
1177 2529 1276 2584 hac
1310 2529 1377 2584 de
1406 2544 1566 2584 causa
1594 2530 1824 2600 passuri,
1866 2531 2115 2601 quodque
2134 2546 2260 2602 sup-

683 2620 898 2687 plirium
924 2621 1145 2674 subituri
1177 2621 1285 2673 siut
1314 2636 1420 2674 non
1445 2619 1731 2689 adjecisti?
1758 2621 1921 2692 Atqui
1949 2624 2116 2693 magis
2141 2622 2262 2678 illos

686 2712 755 2765 ita
798 2713 1099 2776 terruisses,
1148 2721 1201 2766 et
1245 2728 1339 2781 per
1381 2714 1853 2770 comminationem
1899 2715 2065 2781 illam,
2106 2729 2257 2769 arro-

684 2804 878 2872 gantiae
918 2802 1164 2857 duritiem
1213 2804 1589 2859 emollivisses.
1635 2802 1743 2858 Cur
1766 2818 1896 2873 ergo
1923 2804 1974 2858 id
2003 2805 2261 2859 tacuisti?

687 2893 923 2964 Ecquod,
957 2893 1179 2963 inquiet,
1226 2895 1401 2963 majus
1430 2894 1531 2949 hoc
1555 2892 1818 2963 supplicio
1845 2893 2020 2958 fuerit,
2050 2893 2260 2963 quando

686 2995 947 3055 potestate
978 2986 1107 3054 ipsis
1128 2985 1249 3039 data
1277 2992 1335 3039 ut
1365 2984 1459 3038 ﬁlii
1486 2985 1578 3039 Dei
1606 2983 1815 3049 ﬁerent,
1864 2984 1960 3053 ipsi
2002 2982 2115 3038 ﬁeri
2159 3000 2259 3038 no-

688 3080 855 3141 luere,
900 3076 996 3133 sed
1026 3086 1171 3132 tanta
1199 3091 1259 3132 se
1288 3076 1585 3140 nobilitate,
1639 3085 1785 3131 tanto
1813 3091 1871 3131 se
1916 3076 2121 3132 honore
2164 3091 2259 3132 sua

683 3177 877 3237 sponte
920 3166 1232 3236 privarunt?
1282 3165 1476 3220 Verum
1508 3182 1613 3221 non
1642 3165 1744 3221 hoc
1769 3175 1971 3221 tantum
1997 3167 2260 3238 supplicio

681 3258 1005 3321 afﬁcientur,
1032 3257 1172 3323 quod
1198 3257 1301 3311 hoc
1325 3255 1521 3310 bonum
1551 3271 1657 3310 non
1677 3258 2015 3326 acceperint;
2046 3257 2139 3311 sed
2164 3271 2260 3311 eos

681 3351 840 3404 etiam
874 3348 1325 3418 inexstinguibilis
1353 3348 1489 3416 ignis
1528 3347 1778 3417 excipiet,
1826 3347 1878 3401 id
1907 3347 2048 3416 quod
2076 3355 2258 3417 postea

679 3441 873 3496 clarius
900 3440 1127 3509 aperuit.
1153 3439 1372 3495 Interim
1396 3454 1524 3494 vero
1549 3439 1831 3494 ineffabilia
1860 3440 1996 3494 bona
2021 3449 2253 3507 enarrat,

681 3532 832 3602 queis
875 3529 1108 3585 donandi
1158 3537 1283 3584 sunt
1321 3529 1394 3583 illi
1436 3530 1525 3598 qui
1557 3544 1681 3583 eum
1711 3539 2068 3599 receperunt;
2099 3529 2257 3600 idque

682 3621 829 3676 brevi
858 3619 1064 3690 profert
1089 3619 1173 3673 his
1200 3620 1328 3688 ipsis
1358 3620 1534 3674 verbis
1570 3637 1585 3674 :
1617 3619 1871 3688 Quotquot
1913 3630 2078 3674 autent
2120 3637 2258 3675 rece-

681 3720 859 3778 perunt
888 3728 1023 3774 eum,
1067 3711 1202 3764 dedit
1232 3712 1302 3766 eis
1341 3721 1634 3782 potestatem
1660 3712 1794 3779 ﬁlios
1824 3712 1918 3766 Dei
1945 3714 2076 3781 fieri.
2131 3714 2255 3768 Sive

678 3805 819 3859 servi
849 3804 962 3859 sive
994 3804 1166 3867 liberi,
1200 3805 1313 3858 sive
1340 3803 1511 3859 Gnaei
1552 3804 1664 3858 sive
1707 3805 1940 3864 barbari.
1991 3806 2073 3860 vel
2122 3806 2254 3877 Scy-

680 3896 806 3961 thze,
862 3896 976 3949 sive
1023 3894 1332 3964 insipientes
1383 3894 1497 3949 sive
1547 3894 1838 3964 sapientes,
1873 3896 1988 3949 sive
2016 3897 2111 3950 viri
2141 3901 2254 3953 sive

677 3987 950 4054 mulieres,
988 3987 1101 4042 sive
1141 3987 1291 4056 pueri
1321 3986 1434 4041 sive
1463 3990 1723 4053 seniores,
1770 3987 1882 4043 sive
1908 3987 2113 4043 nobiles
2137 3989 2254 4044 sive

678 4080 957 4150 ignobiles,
1012 4080 1131 4134 sive
1160 4078 1355 4134 divites
1380 4078 1494 4134 sive
1521 4094 1801 4149 pauperes,
1847 4081 1961 4136 sive
1985 4080 2253 4149 principes

682 4173 797 4227 sive
817 4172 1028 4242 privati,
1059 4172 1258 4241 inquit,
1286 4171 1477 4226 eodem
1504 4187 1689 4227 omnes
1715 4172 1999 4242 dignantur
2022 4173 2249 4229 honore.

676 4263 833 4319 Fides
858 4265 1001 4319 enim
1029 4272 1082 4318 et
1104 4263 1332 4332 Spiritus
1351 4264 1540 4334 gratia,
1589 4263 1956 4319 conditionum
1994 4263 2254 4318 humana-

673 4372 790 4409 rnm
823 4355 1236 4425 inmqualitatem
1267 4355 1481 4418 tollens,
1534 4354 1587 4407 in
1636 4369 1796 4409 unam
1844 4369 2033 4409 omnes
2060 4355 2253 4424 redigit

680 4443 928 4509 formam,
960 4451 1015 4497 et
1044 4456 1149 4496 uno
1185 4443 1332 4510 regio
1358 4441 1669 4495 charactere
1719 4450 1891 4496 notat.
1948 4442 2087 4507 Quid
2127 4443 2252 4498 huic

679 4532 988 4603 benignitati
1034 4546 1128 4599 par
1167 4529 1368 4583 fuerit?
1393 4530 1507 4583 Rex
1550 4529 1767 4598 quidem
1805 4546 1868 4584 ex
1914 4531 2103 4585 eodem
2145 4546 2252 4600 quo

680 4640 778 4679 nos
811 4625 919 4677 luto
951 4622 1232 4686 formatus,
1295 4634 1584 4675 conservos
1615 4635 1742 4675 suos
1766 4621 1855 4689 qui
1880 4622 2123 4677 eamdem
2152 4638 2251 4676 na-

682 4726 853 4770 turam
884 4713 1220 4783 participant,
1250 4727 1312 4767 ac
1340 4727 1483 4781 smpe
1521 4711 1827 4766 melioribus
1857 4711 2110 4782 prmditos
2139 4728 2252 4767 mo-

679 4809 848 4872 ribus,
883 4821 988 4863 non
1016 4805 1263 4875 dignatur
1289 4805 1340 4858 in
1369 4802 1663 4858 exercitum
1694 4803 1895 4873 regium
1923 4802 2248 4872 adscribere,

676 4901 718 4954 si
748 4901 887 4956 servi
930 4898 1144 4968 quidem
1193 4897 1268 4951 illi
1312 4894 1547 4959 fuerint;
1595 4897 1895 4966 unigenitus
1936 4906 2110 4952 autem
2157 4898 2251 4953 Dei

677 4990 843 5045 Filius
889 4988 1202 5060 publicanos
1249 5001 1355 5040 non
1402 4985 1742 5055 dedignatur,
1791 5001 1993 5057 magos,
2042 5002 2249 5056 servos,

673 5083 1020 5151 nntttiumque
1064 5077 1480 5149 ignobilissimos
1509 5078 1527 5109 ⁸
1551 5120 1567 5142 ,
1604 5079 1799 5133 multos
1839 5080 1998 5133 etiam
2027 5094 2253 5150 corpore

677 5171 914 5235 mutilos,
940 5169 1022 5226 vel
1051 5184 1239 5239 magna
1270 5165 1656 5232 aﬂectoslabe,
1703 5170 1754 5223 in
1797 5169 2028 5225 ﬁliorum
2064 5187 2252 5227 nume-

678 5278 796 5316 rum
825 5261 1151 5316 adscribere.
1198 5259 1367 5315 Tanta
1400 5268 1480 5315 est
1510 5258 1630 5314 ﬁdei
1664 5259 1715 5314 in
1742 5259 2015 5317 Christum
2044 5262 2248 5329 virtus;

675 5364 817 5408 tanta
874 5355 1060 5425 gratiae
1106 5352 1439 5424 magnitudo.
1502 5354 1579 5407 Ac
1618 5353 2070 5422 quemadmodum
2111 5355 2252 5426 ignis

675 5455 886 5509 natura,
938 5445 982 5499 si
1031 5446 1369 5500 metallorum
1420 5453 1616 5500 terram
1662 5432 2105 5516 attigerit,illam
2143 5447 2252 5502 cito

672 5553 858 5593 annum
889 5537 1098 5601 reddit;
1132 5538 1229 5604 sic,
1263 5539 1372 5592 imo
1395 5538 1549 5609 longe
1580 5538 1772 5609 magis,
1804 5537 2087 5607 baptisma,
2118 5553 2252 5607 quos

673 5631 857 5693 alilnit,
908 5644 1100 5684 aureos
1138 5645 1205 5685 ex
1251 5630 1407 5685 luteis
1453 5629 1646 5698 reddit,
1693 5628 1892 5700 Spiritu
1920 5628 2055 5700 ignis
2084 5628 2252 5684 instar

735 5730 749 5757 ι
787 5723 928 5777 Saril.
950 5724 1099 5787 addit,
1118 5732 1163 5777 et
1187 5722 1534 5788 pauperrimos.

2386 426 2476 482 illo
2509 438 2746 499 tempore
2791 434 2841 487 in
2887 434 3093 490 animas
3120 446 3333 494 nostras
3373 439 3658 507 incidente,
3716 455 3773 501 et
3819 446 3967 502 lutea

2378 533 2648 592 assumpta
2695 525 2942 596 imagine,
2996 530 3265 585 cadestem
3307 548 3499 588 novam
3544 545 3598 589 et
3626 537 3967 605 splendidam

2378 615 2705 686 imaginem,
2739 620 2891 688 quasi
2935 634 2998 674 ex
3051 622 3348 678 conﬁatura
3398 626 3771 695 splendentem
3823 632 3969 687 rele-

2377 718 2548 762 rente.
2576 709 2643 763 Et
2672 725 2771 765 cur
2800 726 2904 765 non
2950 712 3104 777 dixit,
3152 715 3298 771 Fecit
3329 717 3446 773 illos
3489 718 3626 775 ﬁlios
3657 723 3748 777 Dei
3776 741 3791 790 ;
3840 727 3964 791 sed,

2375 795 2526 851 Dedit
2553 799 2656 853 illis
2696 811 2990 870 potestatem
3033 804 3167 872 ﬁlios
3206 804 3303 861 Dei
3331 808 3491 876 ﬁeri?
3538 810 3611 867 Ut
3651 815 3970 870 ostenderet

2373 890 2541 944 multa
2570 892 2720 946 nobis
2751 907 2892 963 opus
2930 909 3051 951 esse
3076 896 3368 967 diligentia,
3399 910 3455 954 ut
3491 902 3798 973 adoptionis
3826 908 3967 961 ima-

2372 981 2549 1050 ginem
2591 981 2642 1035 in
2668 981 2986 1052 baptismate
3012 987 3168 1041 nobis
3194 989 3534 1058 impressam,
3561 993 3961 1052 immaculatam

2373 1084 2585 1140 semper
2614 1082 2667 1127 et
2694 1075 2945 1128 intactam
2979 1091 3257 1133 servemus
3283 1095 3298 1146 ;
3332 1081 3601 1152 simulque
3633 1085 3959 1156 declararet,

2374 1161 2509 1217 hanc
2539 1172 2853 1232 potestatem
2885 1182 2913 1219 a
2946 1169 3158 1223 nemine
3181 1171 3334 1226 nobis
3377 1175 3577 1228 auferri
3621 1192 3800 1245 posse,
3855 1183 3959 1235 nis.

2373 1255 2517 1324 prius
2543 1256 2641 1324 ipsi
2673 1257 2813 1311 illam
2839 1259 2993 1314 nobis
3018 1260 3420 1318 abstulerimus.
3449 1265 3504 1321 Si
3535 1268 3678 1321 enim
3708 1269 3740 1323 ii
3769 1272 3859 1341 qui
3888 1274 3961 1326 ab

2372 1345 2674 1403 hominibus
2707 1351 3079 1406 auctoritatem
3122 1355 3407 1423 quamdam
3436 1371 3784 1429 acceperunt,
3835 1373 3954 1418 tan-

2372 1447 2480 1490 tum
2533 1438 2674 1493 illam
2731 1438 2841 1494 fere
2899 1451 3140 1506 servant,
3193 1456 3448 1513 quantum
3503 1452 3593 1517 qui
3643 1450 3951 1517 dederunt;

2369 1528 2539 1581 multo
2572 1529 2741 1598 magis
2787 1545 2886 1584 nos
2926 1532 3015 1601 qui
3046 1547 3074 1584 a
3110 1533 3218 1588 Deo
3251 1534 3392 1591 hunc
3421 1543 3736 1608 consequuti
3768 1557 3957 1598 sumus

2371 1614 2652 1679 honorem,
2686 1618 2730 1671 si
2764 1618 2895 1672 nihil
2919 1619 3016 1674 hac
3045 1621 3316 1691 indignum
3351 1635 3617 1694 potestate
3648 1631 3952 1699 fecerimus,

2368 1708 2608 1761 omnium
2636 1710 2989 1777 potentissimi
3021 1713 3244 1779 erimus,
3293 1731 3359 1770 eo
3387 1718 3528 1787 quod
3556 1722 3794 1776 omnium
3838 1740 3954 1779 ma-

2368 1798 2548 1853 ximus
2590 1801 2928 1870 optimusque
2969 1804 3039 1856 sit
3088 1804 3154 1869 is,
3205 1807 3294 1875 qui
3349 1823 3447 1863 nos
3493 1810 3594 1865 hoc
3622 1811 3831 1869 honore
3867 1816 3952 1871 di-

2366 1899 2556 1958 gnatus
2584 1900 2686 1944 est.
2719 1890 2884 1945 Simul
2914 1902 3092 1948 autem
3118 1897 3232 1949 vult
3257 1897 3553 1964 declarare,
3582 1903 3811 1971 gratiam
3846 1922 3952 1960 non

2367 1980 2421 2032 in
2450 1981 2740 2049 quemlibet
2778 1989 2986 2037 temere
3030 1983 3254 2049 infundi,
3288 1987 3381 2041 sed
3429 1988 3480 2041 in
3513 2006 3608 2046 eos
3638 1993 3730 2062 qui
3759 1996 3951 2049 volun-

2367 2071 2490 2124 tatis
2518 2073 2846 2141 propositum
2875 2082 2929 2127 et
2955 2073 3280 2145 diligentiam
3311 2077 3567 2134 adhibent
3598 2100 3614 2136 :
3659 2084 3712 2137 in
3760 2084 3951 2140 horum

2366 2159 2513 2213 enim
2556 2170 2825 2230 poteState
2874 2163 3037 2218 situm
3092 2173 3178 2219 est
3216 2177 3273 2220 ut
3322 2167 3415 2221 ﬁlii
3478 2169 3571 2225 Dei
3640 2170 3791 2227 ﬁant.
3839 2173 3952 2229 Nisi

2366 2250 2508 2305 enim
2544 2252 2832 2321 voluerint,
2885 2253 3087 2310 donum
3130 2273 3238 2311 non
3280 2259 3517 2326 advenit,
3562 2277 3663 2318 nec
3691 2276 3951 2335 operatur

2365 2339 2656 2410 quidpiam.

2444 2434 2499 2487 ὅ.
2540 2433 2747 2503 Ubique
2794 2435 2952 2505 igitur
3000 2440 3369 2495 necessitatem
3416 2443 3552 2498 tollit
3580 2454 3636 2499 et
3662 2447 3950 2503 voluntatis

2363 2524 2640 2579 arbitrium
2661 2525 2841 2591 effert;
2877 2528 2928 2582 id
2952 2529 3091 2599 quod
3125 2547 3268 2585 nunc
3296 2533 3447 2587 dixit.
3479 2533 3534 2587 lu
3566 2536 3650 2601 his
3687 2541 3831 2592 enim
3859 2556 3947 2595 ar-

2362 2615 2530 2680 canis,
2559 2615 2701 2670 aliud
2734 2617 2825 2672 Dei
2852 2626 2956 2682 est,
2999 2637 3191 2692 nempe
3216 2622 3345 2678 dare
3371 2625 3631 2694 gratiam;
3660 2629 3804 2683 aliud
3845 2631 3945 2684 ho-

2362 2706 2543 2774 minis,
2585 2707 2793 2764 scilicet
2836 2710 2992 2766 ﬁdem
3032 2713 3307 2769 exhibere.
3338 2715 3392 2770 In
3443 2718 3789 2790 subsequenti
3820 2740 3947 2779 vero

2365 2803 2602 2865 tempore
2627 2798 2789 2852 tuulta
2815 2814 2950 2868 opus
2984 2809 3068 2856 est
3106 2802 3400 2873 diligentia.
3435 2806 3549 2860 Non
3577 2809 3721 2863 enim
3748 2812 3945 2869 sufﬁcit

2362 2886 2429 2942 ad
2457 2887 2703 2960 puritatis
2743 2891 3039 2945 custodiam
3065 2892 3321 2962 baptizari
3362 2896 3535 2951 solum
3580 2908 3633 2954 et
3673 2904 3896 2957 credere
3928 2922 3941 2960 :

2362 2979 2453 3033 sed
2482 2979 2528 3034 si
2560 2979 2784 3035 velimus
2812 2997 3023 3052 semper
3053 2983 3176 3038 lteto
3204 3000 3424 3042 munere
3451 2987 3575 3049 frui.
3606 2989 3701 3044 illo
3727 2991 3943 3062 dignam

2361 3079 2572 3139 oportet
2607 3072 2862 3129 exhibere
2903 3075 3085 3131 vitam.
3129 3075 3243 3131 Hoc
3285 3087 3463 3132 autem
3496 3080 3664 3135 voluit
3701 3083 3843 3140 Deus
3891 3087 3943 3141 in

2362 3171 2540 3216 nostra
2571 3162 2729 3217 situm
2758 3178 2876 3220 esse
2906 3174 3185 3234 potestate.
3214 3166 3278 3223 Ut
3301 3170 3523 3241 mystica
3553 3174 3695 3227 enim
3720 3189 3948 3245 genera-

2361 3252 2508 3308 tione
2534 3268 2836 3322 nascamur,
2871 3266 2923 3311 et
2963 3266 3181 3325 peccata
3211 3268 3335 3313 ante
3363 3259 3595 3316 admissa
3636 3265 3941 3331 abluamus,

2362 3343 2414 3397 id
2445 3359 2539 3413 per
2578 3343 2896 3414 baptismum
2936 3346 3199 3414 efﬁcitur;
3249 3360 3306 3403 ut
3353 3366 3482 3406 vero
3521 3353 3773 3425 deinceps
3825 3363 3941 3427 puri

2360 3449 2684 3500 maneamus,
2719 3445 2774 3491 et
2803 3438 3000 3491 nullam
3031 3438 3168 3494 ultra
3206 3440 3547 3499 admittamus
3575 3447 3860 3514 maculam,
3891 3451 3942 3503 id

2359 3523 2413 3578 in
2440 3534 2621 3579 nostra
2659 3525 2817 3580 sitmn
2847 3538 2929 3582 est
2953 3538 3215 3597 potestate
3241 3546 3306 3586 ac
3331 3532 3623 3602 diligentia.
3653 3536 3860 3594 idcirco
3887 3553 3943 3595 et

2358 3618 2714 3685 generationis
2745 3619 2959 3673 modum
3004 3631 3282 3686 memorat,
3331 3633 3387 3677 et
3416 3624 3551 3679 facta
3592 3641 3712 3681 cum
3739 3635 3943 3687 carnali

2361 3716 2514 3772 partu
2553 3709 2985 3775 comparatione,
3031 3709 3150 3780 ejus
3199 3713 3567 3768 excellentiam
3609 3716 3941 3776 demonstrat

2360 3792 2441 3848 his
2489 3795 2711 3850 verbis:
2744 3798 2830 3852 15.
2882 3797 2982 3863 Qui
3019 3815 3119 3853 non
3161 3816 3225 3854 ea:
3259 3804 3617 3873 sanguinibus,
3670 3824 3830 3874 neque
3879 3828 3943 3866 ea:

2357 3883 2611 3938 voluntate
2660 3889 2859 3952 carnis,
2922 3905 3081 3954 neque
3128 3907 3192 3945 ea:
3245 3894 3502 3947 voluntate
3547 3896 3674 3962 viri,
3731 3900 3823 3954 sed
3878 3920 3941 3956 es:

2358 3975 2469 4029 Deo
2516 3976 2623 4029 nati
2668 3986 2803 4031 sunt.
2875 3979 2984 4034 lloc
3027 3990 3205 4037 autem
3254 3983 3406 4048 fecit,
3462 3996 3518 4040 ut
3566 3988 3759 4057 prioris
3812 4008 3940 4062 par.

2359 4074 2444 4122 tus
2491 4081 2557 4121 ex
2615 4070 2960 4138 sanguinibus
2998 4082 3052 4124 et
3102 4088 3166 4127 ex
3213 4073 3483 4130 voluntate
3532 4080 3709 4133 carnis
3758 4084 3940 4136 vilita-

2360 4170 2464 4215 tem
2521 4161 2715 4226 cdocti,
2759 4178 2820 4216 ac
2868 4164 3088 4219 secundi
3133 4166 3219 4234 qui
3261 4182 3355 4235 per
3401 4170 3621 4237 gratiam
3670 4173 3726 4225 lit
3771 4175 3942 4227 subli-

2357 4252 2540 4306 mitate
2586 4252 2965 4323 nobilitateque
3007 4265 3276 4326 percepta,
3333 4257 3455 4313 hinc
3496 4276 3739 4331 magnam
3780 4263 3942 4334 hujus

2356 4350 2411 4397 et
2434 4342 2738 4413 generantis
2766 4343 2908 4397 dono
2949 4344 3163 4414 dignam
3192 4348 3500 4415 opinionem
3545 4352 3937 4422 concipiamus,

2357 4435 2682 4503 multamque
2711 4444 2893 4502 postea
2932 4434 3258 4505 diligentiam
3303 4438 3673 4495 exhibeamus.
3722 4442 3942 4512 Magno-

2358 4538 2484 4591 pere
2533 4526 2675 4576 enim
2726 4524 3016 4578 timendum
3065 4534 3168 4592 est,
3223 4544 3290 4583 ne
3331 4528 3428 4583 hac
3473 4531 3691 4600 pulchra
3742 4533 3941 4590 foedata

2357 4616 2515 4679 stola,
2550 4618 2618 4671 ob
2655 4617 2916 4686 ignaviam
2943 4626 2998 4672 et
3036 4621 3239 4674 scelera
3282 4631 3459 4676 nostra
3489 4639 3552 4678 ex
3580 4625 3816 4680 thalamo
3845 4629 3945 4697 eji-

2357 4709 2595 4763 ciamur:
2627 4709 2847 4778 perinde
2889 4719 3047 4778 atque
3070 4711 3301 4780 quinque
3332 4712 3433 4767 illae
3465 4714 3699 4784 virgines
3742 4718 3902 4772 fatuae
3928 4737 3943 4781 ;

2360 4810 2416 4854 ut
2438 4802 2599 4854 etiam
2634 4800 2721 4854 ille
2764 4815 2869 4853 non
2902 4799 3103 4854 habens
3132 4810 3331 4856 vestem
3381 4805 3694 4873 nuptialem.
3723 4805 3857 4861 Nam
3888 4820 3943 4864 et

2360 4894 2448 4949 ille
2475 4909 2538 4947 ex
2579 4894 2818 4947 convivis
2859 4901 2994 4956 erat,
3024 4893 3382 4964 invitatusque
3414 4894 3587 4951 fuerat
3614 4916 3628 4951 :
3658 4900 3782 4969 quia
3809 4915 3942 4954 vero

2359 4995 2478 5054 post
2516 4985 2846 5039 vocationem
2878 4995 2931 5038 et
2962 4994 3167 5039 tantum
3211 4983 3492 5053 honorem,
3538 5001 3597 5042 se
3627 4988 3941 5045 invitantem

2358 5075 2676 5130 contumelia
2719 5073 2915 5138 ali'ecit,
2960 5074 3082 5129 audi
3116 5090 3249 5144 quas
3295 5091 3480 5144 ptenas
3508 5076 3736 5144 dederit,
3776 5095 3940 5151 quam

2358 5164 2627 5220 luctuosas
2646 5174 2699 5217 et
2720 5164 2966 5235 lacrymis
2985 5164 3192 5235 dignas.
3217 5165 3296 5220 Ad
3319 5176 3424 5220 tam
3443 5164 3777 5237 splendidam
3793 5171 3937 5227 enim

2359 5263 2414 5313 et
2437 5263 2544 5309 tam
2572 5253 2770 5308 lautam
2797 5270 3035 5310 mensam
3055 5255 3342 5322 admissus,
3370 5272 3473 5312 non
3502 5258 3673 5313 solum
3695 5261 3944 5314 convivio

2359 5343 2680 5410 excluditur,
2701 5344 2794 5400 sed
2825 5354 2880 5399 ct
2899 5344 3075 5416 ligatis
3103 5346 3350 5403 manibus
3379 5357 3434 5405 et
3460 5349 3682 5418 pedibus
3708 5350 3760 5403 in
3792 5358 3943 5405 tene-

2361 5439 2485 5492 bras
2524 5438 2824 5492 exteriores
2853 5438 3095 5502 mittitur,
3131 5440 3220 5494 ubi
3261 5451 3550 5510 perpetuus
3578 5450 3661 5496 est
3690 5439 3848 5497 ﬂetus
3888 5453 3944 5497 et

2359 5527 2558 5583 stridor
2585 5526 2844 5581 dentium.
2872 5527 2949 5583 Ne
2977 5529 3175 5599 itaque,
3198 5528 3398 5593 dilecti,
3429 5530 3586 5585 ﬁdem
3615 5531 3681 5584 ad
3709 5531 3942 5586 salutem

2361 5619 2515 5676 nobis
2543 5621 2672 5675 satis
2692 5614 2814 5677 esse
2839 5622 3223 5678 existimemus.
3248 5621 3358 5676 Nisi
3387 5623 3530 5677 enim
3561 5623 3721 5676 vitam
3754 5636 3941 5692 put-am

2363 5712 2783 5780 cxhibuerimus,
2810 5714 2905 5771 sed
2935 5714 3173 5772 vestibus
3200 5714 3298 5770 hac
3322 5713 3475 5769 beata
3516 5713 3746 5785 indignis
3774 5726 3940 5768 voca-
