4370 6306
666 301 728 354 τι
1339 307 1394 360 s.
1431 303 1714 360 mmxxs
1752 305 2241 358 cmn'sosrom
2279 305 2595 361 ARCHlEP.
2633 304 3177 365 coxannNop.
3871 278 3939 378 τέ

655 418 839 488 πητοί,
874 420 1008 488 μηδὲ
1040 421 1200 489 ήμεῖς
1224 420 1532 488 νομίζωμεν
1552 431 1574 459 α
1603 420 1793 488 ἀρκεῖν
1813 419 1941 486 ήμῖν
1974 417 2106 486 πρὸς
2138 434 2243 468 σω-

660 502 851 572 τηρίαν
879 502 977 572 τὴν
1008 502 1211 555 πίστιν.
1250 503 1346 554 Ἂν
1404 500 1511 570 γάρ
1566 502 1638 571 μὴ
1693 499 1806 569 βίον
1845 497 2241 568 ὲπιδειξὼμεθα

661 586 919 656 καθαρὸν,
959 587 1080 640 ἀλλ’·
1103 587 1298 651 ἀνάξια
1326 587 1426 654 τῆς
1467 583 1741 654 μακαρίας
1769 583 2013 652 κλήσεως
2040 583 2244 653 ταύτης

664 667 854 736 ἱμάτια
889 670 1297 740 ἀμφιασάμενοι
1331 665 1794 735 παραγενώμεθα.
1844 665 1996 718 οὐδὲν
2045 665 2243 718 κωλύει

661 752 751 803 καί
780 754 925 822 ἡμᾶς
965 754 1157 805 παθεῖν
1191 752 1258 802 τὰ
1308 751 1467 807 αὐτὰ.
1501 749 1643 817 ἆπερ
1692 750 1898 809 ἐκεῖνος
1938 748 1965 799 ὁ
1994 746 2240 808 δείλαιος.

664 834 769 887 Καὶ
799 835 909 905 γὰρ
937 835 1156 889 ἄτοπον.
1191 832 1353 886 αὐτὸν
1395 832 1514 901 μὲν,
1541 830 1673 884 Θεὸν
1699 831 1827 883 ὅντα
1860 832 1954 883 καί
1995 829 2243 899 βασιλέα,

661 915 979 986 ἀνθρώπους
1009 915 1265 977 εὐτελεῖς,
1294 915 1389 966 καὶ
1418 913 1681 984 ἀγύρτας.
1704 915 1792 966 καὶ
1817 913 2043 982 μηδενὸς
2063 913 2245 979 ἀξίους

661 998 818 1061 όντας
850 998 923 1068 μὴ
945 996 1365 1067 ἐπαισχύνεσθαι
1386 998 1434 1061 ι),
1465 996 1601 1049 ἀλλά
1628 997 1752 1059 τοὺς
1781 996 1889 1049 ἀπὸ
1916 996 2013 1065 τῆς
2033 996 2243 1067 τριόδου

663 1078 798 1149 πρὸς
821 1079 919 1148 τὴν
947 1079 1227 1148 τράπεζαν
1255 1079 1410 1148 ἄγειν
1443 1079 1688 1149 ἐκείνην·
1721 1080 1868 1150 ήμᾶς
1887 1079 1941 1131 δὲ
1978 1078 2243 1147 τοσαύτην

661 1161 1016 1230 ἀναισθησίαν
1049 1162 1474 1223 ἐπιδείκνυσθαι,
1502 1162 1576 1225 ὡς
1610 1161 1739 1232 μηδὲ
1771 1164 1835 1231 τῇ
1854 1160 2089 1234 τοσαύτῃ
2112 1165 2242 1232 τιμῇ

661 1244 917 1311 γενέσθαι
954 1244 1214 1313 βελτίους,
1255 1245 1389 1298 ἀλλά
1412 1246 1506 1298 καί
1531 1245 1667 1314 μετά
1685 1243 1781 1315 τὴν
1811 1243 2002 1314 κλῆσιν
2031 1244 2122 1296 ἐπὶ
2145 1243 2245 1312 τῆς

661 1328 831 1398 αὐτῆς
863 1326 1045 1396 μένειν
1072 1329 1290 1390 κακίας,
1331 1331 1410 1391 εἰς
1438 1327 1533 1398 τὴν
1570 1327 1773 1397 ἄφατον
1794 1326 1886 1379 τοῦ
1916 1326 2243 1396 κεκληκότος

662 1409 1129 1481 ἐμπαροινοῦντας
1182 1411 1611 1479 φιλανθρωπίαν.
1657 1409 1790 1463 Οὐδὲ
1818 1410 1927 1482 γὰρ
1970 1409 2057 1462 διὰ
2087 1406 2245 1461 τοῦτο

663 1496 808 1566 ἡμᾶς
839 1497 930 1549 ἐπὶ
970 1495 1068 1567 τὴν
1099 1494 1471 1566 πνευματικὴν
1504 1494 1706 1564 ταύτην
1749 1494 1843 1547 καὶ
1869 1493 2102 1565 φρικτὴν
2136 1492 2245 1545 τῶν

666 1580 981 1651 μυστηρίων
997 1580 1221 1634 ἐκάλεσε
1245 1579 1552 1641 κοινωνίαν,
1574 1578 1663 1631 ῖνα
1688 1576 1826 1648 μετὰ
1851 1577 1948 1647 τῆς
1974 1576 2244 1647 προτέρας

664 1662 1039 1733 εἰσερχώμεθα
1072 1663 1293 1727 κακίας,
1324 1662 1438 1715 ἀλλ’
1466 1662 1553 1716 ῐνα
1587 1661 1983 1728 ἀποδυσάμενοι
2019 1658 2116 1729 τὴν
2160 1661 2242 1711 αἰ-

666 1745 957 1815 σχρότητα,
987 1744 1495 1816 μεταμφιασώμεθα
1519 1743 1556 1799 ά
1586 1745 1712 1807 τοὺς
1739 1744 1796 1797 ἐν
1814 1746 1926 1805 τοῖς
1958 1741 2247 1811 βασιλείοις

664 1827 1027 1898 ἑστιωμένους
1048 1827 1354 1898 ήμφιάσθαι
1369 1829 1498 1898 χρή.
1523 1828 1587 1880 Εἰ
1607 1828 1664 1881 δὲ
1692 1826 1766 1897 μὴ
1785 1823 2104 1895 βουλοίμεθα
2122 1822 2248 1887 ἀξια

664 1911 764 1982 τῆς
791 1911 1039 1983 κλήσεως
1076 1909 1279 1982 πρᾶξαι
1297 1911 1532 1981 ἐκείνης,
1562 1910 1663 1963 οὐκ
1691 1909 1807 1962 ἐστι
1835 1919 1858 1947 ο
1908 1907 2065 1960 τοῦτο
2096 1904 2247 1975 παρά

665 1995 756 2049 τὸν
785 1995 1141 2066 τετιμηκότα,
1186 1994 1323 2048 ἀλλά
1354 1997 1483 2065 παρ’
1521 1996 1686 2065 ἡμᾶς.
1721 1993 1854 2048 Οὐδὲ
1890 1992 2000 2062 γὰρ
2042 1994 2248 2053 ἐκεῖνος

662 2081 812 2150 ἡμᾶς
838 2079 1091 2135 ἐκϐάλλει
1114 2080 1209 2133 τοῦ
1238 2078 1551 2148 θαυμαστοῦ
1574 2080 1681 2133 τῶν
1700 2078 2035 2148 δαιτυμόνων
2059 2073 2242 2146 χοροῦ,

661 2162 780 2216 ἀλλ’
808 2165 971 2233 ἡμεῖς
1005 2161 1249 2225 ἑαυτούς.
1266 2163 1327 2215 '0
1355 2163 1453 2231 μὲν
1476 2162 1584 2232 γὰρ
1610 2162 1670 2215 τὸ
1693 2160 1886 2215 ἑαυτοῦ
1920 2163 2028 2214 πᾶν
2055 2161 2242 2230 ήνυσε.

724 2257 753 2287 ⁸
786 2257 867 2319 SI_c
892 2257 1066 2319 Morel.
1103 2257 1252 2306 Savil.
1284 2256 1419 2317 ἡμεῖς
1450 2257 1723 2319 ἀρκεῖν-ᾐμ.
1748 2273 1799 2319 π.
1825 2273 1873 2319 σἶ
1896 2273 1939 2304 τ.
1961 2273 2013 2303 π.
2038 2256 2232 2311 ἐλπίζω-

663 2335 765 2379 μιν.
831 2314 860 2355 1³
880 2317 1030 2368 Savil.
1053 2319 1209 2375 ἀξίους
1227 2320 1290 2381 μή
1311 2314 1388 2367 ἐπ.
1455 2314 1585 2366 (Sic
1608 2314 1728 2366 Mcir.
1766 2317 1914 2366 Savil.
1941 2319 2028 2365 οὐκ
2061 2318 2144 2367 ἔτι.

2349 418 2457 469 Καὶ
2497 419 2603 487 γὰρ
2651 419 2777 480 τοὺς
2825 419 3037 489 γάμους
3083 419 3326 489 ἐποίησε,
3377 420 3471 473 καὶ
3517 420 3617 491 τὴν
3661 422 3937 492 τράπεζαν

2348 501 2747 573 παρεσκεύασε,
2776 512 2868 554 και
2898 504 3026 565 τοὺς
3046 502 3381 566 καλέσαντας
3416 502 3649 572 ἔπεμψε,
3694 505 3787 558 καὶ
3831 522 3937 559 πα-

2347 584 2742 655 ραγενομένους
2787 584 3038 651 ἐδέξατο,
3080 586 3174 640 καί
3202 587 3303 656 τὴν
3338 585 3504 655 ἀλλην
3541 585 3760 640 ἃπασαν
3798 590 3942 642 τετί-

2348 684 2490 738 μηκε
2537 669 2738 738 τιμήν·
2787 670 2949 737 ἡμεῖς
2985 668 3041 720 δὲ
3095 670 3190 722 καί
3231 671 3310 732 εἰς
3350 670 3534 732 αὑτὸν,
3572 669 3665 723 καί
3706 672 3786 735 είς
3812 673 3939 734 τούς

2346 749 2641 819 παρόντας,
2668 749 2763 803 καὶ
2788 752 2868 812 εἰς
2889 750 2981 806 τὸν
3013 750 3191 821 γάμον
3225 751 3548 821 ὑϐρίσαντες
3570 752 3658 804 διὰ
3688 752 3798 804 τῶν
3837 756 3935 823 ῥυ-

2345 832 2535 901 παρῶν
2581 831 2827 903 ἱματίων,
2864 833 3129 896 τουτέστι,
3151 832 3262 885 τῶν
3300 833 3628 904 ἀκαθάρτων
3660 834 3933 906 πράξεων,

2348 914 2573 977 εἰκότως
2590 914 2967 985 ἐκϐαλλόμεθα
2986 914 3384 987 λοιπόν.Ταύτῃ
3401 916 3510 987 γὰρ
3526 916 3621 970 καί
3641 917 3733 968 τὸν
3757 918 3934 987 γάμον

2343 995 2538 1065 τιμῶν,
2559 998 2652 1049 καὶ
2677 997 2801 1060 τοὺς
2829 997 3218 1066 κεκλημένους,
3250 997 3543 1050 ἀπελαύνει
3562 1000 3689 1062 τοὺς
3710 1000 3937 1070 ἰταμοὺς

2345 1079 2440 1131 καὶ
2487 1078 2613 1141 τοὺς
2656 1079 3049 1149 ἀναισχύντους
3089 1079 3352 1143 ἐκείνους.
3381 1078 3444 1132 Εἰ
3478 1081 3587 1151 γὰρ
3614 1081 3767 1134 εἴασε
3806 1083 3935 1144 τοὺς

2346 1161 2523 1213 έκεῖνο
2549 1160 2961 1230 ἠμφιεσμένους
2990 1160 3051 1213 τὸ
3082 1160 3319 1231 ἱμάτιον,
3358 1161 3519 1224 αὐτὸς
3555 1162 3622 1216 ἂν
3655 1162 3801 1228 ἔδοξε
3840 1165 3935 1217 καὶ

2343 1243 2469 1305 τούς
2489 1242 2683 1306 ἄλλους
2710 1243 2973 1314 ὑϐρίζειν.
3013 1244 3171 1298 Ἀλλά
3212 1244 3415 1316 μηδένα
3446 1247 3656 1311 γένοιτο
3686 1246 3932 1300 τοιούτου

2344 1324 2672 1396 πειραθῆναι
2696 1325 2792 1379 τοῦ
2812 1326 3162 1397 κεκληκότος,
3200 1328 3335 1397 μήτε
3354 1327 3535 1397 ήμῶν,
3568 1330 3705 1397 μήτε
3729 1329 3931 1401 ἑτέρων

2344 1406 2526 1460 τινῶν.
2549 1407 2648 1460 Διὰ
2668 1407 2778 1479 γὰρ
2808 1407 2987 1471 τοῦτο,
3024 1410 3153 1480 πρὶν
3185 1410 3218 1479 ἦ
3246 1409 3498 1477 γενέσθαι
3531 1409 3703 1463 ταῦτα
3729 1412 3926 1477 πάντα,

2345 1490 2771 1561 ἀναγέγραπται·
2805 1490 2891 1544 ἵνα
2923 1493 2982 1544 ὲν
3002 1494 3069 1562 τῇ
3102 1491 3210 1545 τῶν
3237 1492 3583 1562 γραμμάτων
3605 1493 3802 1564 ἀπειλῇ
3824 1510 3932 1546 σω-

2346 1585 2747 1656 φρονισθέντες,
2776 1587 2848 1657 μὴ
2881 1587 3326 1657 συγχωρήσωμεν
3343 1586 3424 1648 εἰς
3443 1585 3603 1656 ἔργον
3624 1586 3803 1640 ἐλθεῖν
3830 1589 3930 1658 τὴν

2347 1669 2569 1738 ἀτιμίαν
2607 1668 2698 1721 καὶ
2724 1669 2823 1737 τὴν
2840 1669 3061 1722 κόλασιν
3082 1670 3304 1739 ταύτην,
3334 1668 3449 1721 ἀλλ’
3480 1670 3574 1721 ἐπὶ
3597 1668 3707 1722 τῶν
3747 1671 3928 1741 ῥημά-

2343 1768 2451 1806 των
2475 1752 2643 1822 αὐτὴν
2674 1755 2958 1823 στήσωμεν
2981 1753 3162 1822 μόνον,
3203 1753 3299 1805 καὶ
3324 1751 3463 1822 μετά
3495 1752 3756 1824 λαμπρᾶς
3796 1754 3927 1807 ἔκα-

2345 1851 2469 1897 στος
2492 1835 2684 1906 στολῆς
2705 1837 2785 1898 εἰς
2810 1834 2905 1906 τὴν
2931 1837 3121 1906 κλῆσιν
3146 1836 3361 1905 ἐκείνην
3380 1836 3841 1907 παραγενὼμεθαο
3863 1832 3930 1908 ἦς

2344 1916 2651 1970 ἀπολαῦσαι
2688 1917 2896 1984 γένοιτο
2928 1919 3133 1980 πάντας
3165 1919 3314 1988 ἡμᾶς
3333 1956 3348 1980 ,
3396 1917 3582 1988 χάριτι
3613 1920 3708 1971 καὶ
3740 1918 3929 1987 φιλαν-

2343 1999 2557 2071 θρωπίᾳ
2580 1998 2676 2053 τοῦ
2713 2000 2917 2073 Κυρίου
2951 2001 3106 2071 ήμῶν
3152 2000 3327 2072 Ἰησοῦ
3372 2002 3630 2071 Χριστοῦ,
3670 2003 3791 2073 μεθ’
3814 1995 3876 2056 οὗ
3901 2002 3924 2041 δ

2341 2080 2420 2151 τῷ
2445 2084 2620 2154 Πατρί
2641 2083 2758 2153 ἅμα
2782 2083 2863 2153 τῷ
2886 2084 3026 2152 ἁγίῳ
3050 2082 3329 2152 Πνεύματι
3351 2083 3497 2150 δόξα,
3522 2085 3746 2154 κράτος,
3771 2085 3927 2156 τιμὴ,

2343 2164 2437 2229 νῦν
2464 2165 2556 2219 καί
2594 2166 2701 2227 ἀεὶ,
2727 2167 2821 2218 καὶ
2853 2168 2933 2229 είς
2960 2166 3088 2227 τοὺς
3116 2165 3319 2229 αἰῶνας
3352 2166 3458 2218 τῶν
3484 2166 3713 2221 αἰώνων.
3733 2169 3925 2239 Ἀμήν.

2356 2278 2368 2289 υ
2406 2258 2434 2296 d
2457 2258 2741 2326 Lecqunejn
2780 2259 2932 2326 S_avil_._
2977 2266 3031 2326 gr.
3072 2260 3188 2311 Cod.
3231 2260 3325 2309 705
3364 2263 3617 2323 expressit
3656 2264 3926 2326 interpres,

2332 2333 2543 2393 nempe,
2571 2321 2630 2368 δι’
2655 2320 2710 2368 οὐ
2731 2322 2813 2369 καὶ
2837 2323 2935 2383 μεθ’
2955 2321 3028 2369 οὗ.

1990 2478 2104 2551 [σε]
2139 2481 2378 2534 OMIAIA
2409 2479 2512 2534 IA’.

668 2572 781 2627 Καὶ
814 2573 846 2626 d
877 2574 1070 2639 Λόγος
1113 2569 1269 2640 σὰρξ
1317 2570 1589 2650 ἐγένετο,
1640 2569 1737 2622 καὶ
1776 2569 2131 2636 ἐσκήνωσεν
2173 2570 2243 2624 ἐν
2281 2561 2284 2564 ’

1381 2640 1543 2708 ἡμῖν.

735 2753 791 2792 α.
816 2737 963 2792 Μίαν
979 2737 1121 2807 ὑμᾶς
1139 2737 1381 2799 ἅπαντας
1398 2735 1620 2804 αἰτῆσαι
1641 2732 1897 2804 βούλομαι
1916 2735 2096 2804 χάριν,
2114 2735 2244 2802 πρὶν

665 2821 697 2891 ῆ
728 2818 838 2872 τῶν
861 2817 1231 2886 εὐαγγελικῶν
1265 2816 1506 2887 άψασθαι
1534 2817 1822 2887 ῥημάτων
1851 2816 1988 2869 ἀλλά
2013 2817 2088 2886 μὴ
2115 2816 2245 2869 ἀναο

663 2901 890 2972 νεύσητε
921 2902 1056 2973 πρὸς
1079 2900 1177 2970 τὴν
1208 2900 1443 2970 αἴτησιν.
1477 2897 1615 2952 Οὔτε
1645 2897 1754 2970 γὰρ
1782 2897 1919 2969 βαρύ
1942 2915 1996 2950 τι
2026 2899 2117 2951 καί
2143 2898 2244 2950 ὲπ-

663 2986 826 3056 αχθὲς
852 2986 1007 3045 αἰτῶ.
1032 2983 1141 3037 οὐτ’
1177 2983 1301 3054 ἐμοὶ
1328 2982 1407 3052 τῷ
1435 2982 1761 3053 λαμϐάνοντι
1791 2983 1947 3053 μόνον
1975 2983 2244 3053 χρήσιμον

664 3070 816 3122 ἔσται
840 3067 903 3120 τὸ
946 3066 1241 3135 διδόμενον,
1280 3064 1415 3118 ἀλλὰ
1456 3067 1552 3118 καί
1586 3065 1715 3135 ὑμῖν
1755 3067 1867 3127 τοῖς
1910 3064 2238 3136 παρέχουσι’

665 3151 760 3206 καὶ
792 3150 932 3220 τάχα
961 3148 1140 3219 πολλῷ
1171 3148 1336 3200 πλέον
1369 3147 1519 3216 ὑμῖν.
1554 3147 1619 3200 Τί
1652 3148 1774 3200 ποτ’
1803 3143 1896 3201 οὖν
1928 3149 2075 3200 ἐστιν
2104 3149 2242 3218 ὅπερ

666 3232 926 3304 αἰτοῦμαι
969 3233 1147 3303 ὑμᾶςς
1179 3231 1337 3285 Κατά
1372 3230 1502 3300 μίαν
1554 3229 1867 3295 Σαϐϐάτων,
1904 3231 1936 3302 ἢ
1969 3231 2064 3284 καί
2101 3231 2242 3285 κατά

665 3315 960 3376 Σάϐϐατον,
993 3313 1089 3383 τὴν
1125 3312 1425 3384 μέλλουσαν
1455 3314 1511 3365 ὲν
1544 3312 1674 3383 ὑμῖν
1721 3312 2241 3384 ἀναγνωσθήσεσθαι

662 3399 771 3454 τῶν
806 3395 1148 3465 Εὐαγγελίων
1178 3395 1507 3465 περικοπὴν.
1533 3394 1736 3466 ταύτην
1770 3394 1877 3467 πρὸ
1898 3395 2103 3449 τούτων
2131 3396 2241 3449 τῶν

661 3480 889 3552 ἡμερῶν
932 3478 1069 3549 μετὰ
1097 3480 1283 3550 χεῖρας
1327 3477 1617 3547 λαμϐάνων
1651 3477 1879 3540 ἕκαστος
1919 3479 2057 3531 οῖκοι
2105 3479 2239 3532 καθ-

663 3564 862 3633 ήμενος
883 3560 1300 3628 ἀναγινωσκέτω
1318 3560 1574 3631 συνεχῶς,
1591 3561 1684 3614 καὶ
1706 3559 1965 3624 πολλάκις
1986 3577 2242 3631 περισκο·

665 3646 835 3700 πείτω
865 3645 1002 3715 μετά
1031 3643 1315 3714 ἀκριϐείας
1345 3644 1416 3697 τά
1447 3644 1764 3714 ὲγκείμενα,
1789 3644 1882 3697 καὶ
1906 3642 2241 3713 βασανιζέτω

663 3729 834 3783 ταῦτα
863 3727 1042 3790 καλῶς
1062 3745 1075 3758 ο
1130 3727 1223 3782 καί
1251 3727 1304 3780 τί
1339 3727 1436 3797 μὲν
1467 3729 1655 3796 σαφὲς,
1681 3727 1735 3779 τί
1763 3727 1820 3781 δὲ
1845 3727 2036 3798 ἄδηλον
2062 3740 2110 3791 ι,
2146 3745 2242 3799 ση-

668 3810 945 3882 μειούσθω
957 3829 971 3843 ·
991 3811 1043 3863 τι
1063 3809 1121 3863 δὲ
1136 3809 1313 3864 αὐτῶν
1327 3811 1567 3864 ἐναντίον
1584 3806 1723 3863 εἰναι
1737 3809 1947 3871 δοκοῦν,
1962 3810 2061 3863 οὐκ
2085 3810 2144 3864 δν
2158 3811 2235 3863 δέ·

666 3894 761 3948 καί
784 3894 961 3947 πάντα
994 3891 1180 3956 ἁπλῶς
1219 3891 1736 3957 διακωδωνίσαντες,
1765 3890 1938 3955 οὕτως
1964 3893 2238 3947 ἀπαντᾶτε

666 3977 802 4049 πρὸς
832 3979 931 4049 τὴν
956 3977 1242 4048 ἀκρόασιν.
1264 3976 1338 4031 Οὐ
1372 3976 1481 4047 γὰρ
1513 3974 1705 4047 μικρὸν
1731 3975 1840 4028 ἀπὸ
1860 3976 1961 4046 τῆς
1988 3976 2242 4046 τοιαύτης

666 4060 903 4130 σπουδῆς
920 4060 1014 4114 καί
1036 4060 1164 4131 ὑμῖν
1188 4060 1282 4113 καὶ
1298 4060 1429 4130 ἡμῖν
1446 4060 1597 4111 ἐσται
1619 4057 1679 4110 τὸ
1695 4056 1902 4129 κέρδος.
1937 4059 2127 4129 Ἡμεῖς
2142 4060 2242 4129 μὲν

664 4142 772 4215 γὰρ
798 4142 859 4197 οὐ
887 4142 1084 4196 πολλοῦ
1117 4140 1424 4213 δεησόμεθα
1456 4139 1618 4193 πόνου
1654 4140 1791 4209 πρὸς
1823 4140 1883 4192 τὸ
1912 4141 2057 4210 σαφῆ
2083 4142 2242 4210 ποιῆ-

668 4244 758 4280 σαι
797 4225 904 4279 τῶν
932 4225 1240 4297 λεγομένων
1270 4225 1370 4296 τὴν
1417 4222 1668 4294 δύναμιν,
1704 4222 1804 4292 τῆς
1833 4222 2070 4285 διανοίας
2114 4223 2242 4292 ὑμῖν

663 4311 762 4381 ἢδη
794 4306 1275 4379 προοικειωθείσης
1299 4309 1367 4376 τῇ
1393 4305 1502 4358 τῶν
1540 4304 1801 4376 ῥημάτων
1828 4303 2027 4373 γνώσει
2048 4323 2061 4338 ο
2086 4305 2243 4374 ὑμεῖς

663 4392 720 4445 δὲ
748 4392 994 4462 ὀξύτεροι
1022 4389 1118 4442 καὶ
1141 4387 1584 4455 διορατικώτεροι
1610 4387 1784 4456 τούτῳ
1826 4387 1904 4457 τῷ
1933 4388 2120 4457 τρόπῳ
2151 4404 2243 4456 γε-

664 4474 915 4543 νήσεσθε,
947 4473 1008 4526 οὐ
1041 4470 1174 4541 πρὸς
1204 4470 1300 4539 τὴν
1335 4471 1597 4539 ἀκρόασιν
1628 4471 1807 4540 μόνον,
1833 4470 1954 4523 οὐδὲ
1978 4471 2113 4542 πρὸς
2142 4472 2242 4543 τὴν

670 4557 927 4627 μάθησιν,
964 4554 1099 4608 ἀλλά
1122 4554 1214 4606 καὶ
1240 4552 1376 4622 πρὸς
1397 4552 1457 4605 τὸ
1480 4552 1687 4617 διδάξαι
1718 4551 1957 4622 ἑτέρους.
1995 4554 2148 4606 Ἐπεὶ
2168 4553 2243 4616 ὦς

667 4654 731 4707 γε
755 4637 849 4690 νῦν
876 4637 925 4689 οἰ
961 4636 1144 4690 πολλοί
1159 4634 1266 4689 τῶν
1289 4635 1521 4688 ἐνταῦθα
1542 4636 1995 4704 παραγινομένων
2016 4635 2244 4696 ἀκούου-

670 4737 775 4783 σιν,
804 4718 939 4789 όμοῦ
966 4719 1140 4773 πάντα
1163 4718 1597 4787 ἀναγκαζόμενοι
1623 4717 1893 4787 μαθεῖντά
1913 4734 1972 4770 τε
1999 4717 2064 4786 ρή
2075 4733 2241 4786 ματα,

666 4805 736 4858 τά
760 4820 819 4856 τε
849 4803 980 4874 παρ’
998 4802 1152 4873 ἡμῶν
1174 4803 1254 4865 εἰς
1276 4802 1415 4855 αὐτά
1443 4800 1735 4871 λεγόμενα,
1765 4799 1872 4852 οὐδ’
1897 4799 1964 4854 ἂν
1993 4802 2040 4853 εἰ
2063 4803 2243 4854 ἐνιαυο

665 4890 756 4940 τὸν
782 4886 901 4940 ὅλον
934 4887 1091 4938 τοῦτο
1118 4884 1397 4947 ποιοῦντες
1426 4882 1824 4953 διατελοίημεν,
1855 4883 1996 4954 μέγα
2023 4900 2075 4937 τι
2105 4900 2241 4953 καρ-

668 4972 939 5025 πώσονται
972 4969 1181 5040 κέρδος.
1227 4967 1351 5030 Πῶς
1395 4966 1526 5038 γὰρ,
1554 4968 1684 5021 ὅταν
1722 4968 1787 5021 ἐκ
1831 4968 2112 5040 παρέργου
2147 4970 2242 5022 καὶ

669 5055 902 5109 ἐνταῦθα
922 5055 1081 5125 μόνον
1108 5052 1247 5105 κατά
1268 5051 1357 5102 τὸν
1377 5051 1583 5120 βραχὺν
1599 5051 1785 5105 τοῦτον
1800 5054 1911 5115 τοῖς
1929 5052 2238 5123 λεγομένοις

668 5139 971 5208 σχολάζωσι
1000 5135 1219 5206 καιρόν;
1249 5133 1310 5187 Εἰ
1336 5134 1392 5186 δέ
1422 5152 1565 5198 τινες
1596 5135 1894 5207 πράγματα
1914 5137 2192 5190 αἰτιῶνται
2212 5138 2238 5178 δ

667 5221 761 5274 καί
791 5219 1097 5291 φροντίδας,
1126 5218 1220 5271 καὶ
1242 5216 1440 5287 πολλὴν
1472 5219 1568 5287 τήν
1598 5234 1656 5270 τε
1686 5219 1794 5270 τῶν
1824 5219 2114 5273 πολιτικῶν
2146 5221 2239 5273 καὶ

666 5304 773 5356 τῶν
808 5302 1093 5355 ἰδιωτικῶν
1134 5301 1387 5372 ἀσχολίαν
1410 5319 1422 5332 ·
1484 5301 1699 5373 πρῶτον
1757 5303 1857 5374 μὲν
1908 5304 2040 5357 αὐτὸ
2084 5305 2242 5359 τοῦτο

667 5386 917 5455 ἔγκλημα
943 5387 1003 5439 οὑ
1028 5386 1242 5456 μικρὸν,
1264 5388 1326 5440 τὸ
1352 5386 1679 5441 κυκλοῦσθαι
1702 5388 1970 5441 τοσούτων
1987 5392 2242 5459 πραγμά-

666 5486 774 5522 των
822 5468 1037 5536 πλήθει,
1082 5471 1316 5534 καὶτοῖς
1352 5472 1625 5541 βιωτικοῖς
1662 5470 1804 5524 οὕτω
1860 5472 2240 5543 προσηλῶσθαι

665 5551 978 5616 διαπαντὸς,
1006 5551 1083 5615 ὡς
1111 5552 1245 5624 μηδὲ
1279 5554 1480 5624 μικράν
1510 5556 1588 5618 εἰς
1616 5556 1682 5609 τά
1714 5555 1929 5607 πάντων
1951 5556 2242 5623 ἀναγκαιό-

726 5696 754 5724 ⁸
777 5695 981 5762 Quidam
1062 5697 1115 5762 δὲ
1132 5694 1344 5762 εῦδῃλον.
1361 5695 1746 5762 lbidemﬂorcl.
1761 5699 1895 5762 addit
1919 5699 2237 5762 σημειούσθω,

701 5760 929 5822 ergilque
963 5760 1008 5807 τί
1032 5759 1084 5809 δὲ
1115 5758 1273 5806 αὐτῶν
1294 5759 1517 5822 ζναντίον.
1550 5759 1741 5822 Ibidem
1779 5758 2228 5822 διακωδωνίσαντεε,

686 5820 957 5883 τοῴιεὴιει·
981 5825 1273 5883 ιτεοιεηιεςι,
1290 5821 1596 5876 ἱιιεοηεηιρε,
1621 5833 1681 5883 ει
1710 5820 2021 5883 ιὶνηιὶηιιείιιιιι
2048 5824 2228 5869 tinnitu

667 5880 772 5930 ἀοι(
791 5891 889 5932 mla
912 5883 1212 5945 metaphora.
1238 5880 1353 5930 Hm
1374 5894 1465 5945 vn}
1503 5893 1597 5945 non
1633 5882 1855 5929 ἰηςοιρης
1872 5889 1945 5929 est
1966 5884 2090 5943 apud
2112 5885 2235 5931 scri-

670 5951 853 6005 ptores.
919 5945 946 5986 δ
972 5943 1057 5994 Sui
1070 5944 1121 5995 il.
1152 5950 1204 5992 ot
1230 5950 1338 5994 cod.
1374 5943 1465 5992 7035
1508 5944 1742 6006 αἰτιῷντο.

2342 2588 2476 2640 τερα
2496 2570 2649 2639 ἄγειν
2667 2573 3029 2644 σχολήν.Ἒπε
3039 2589 3125 2626 ιτα
3155 2572 3236 2625 ὅτι
3254 2572 3456 2642 σκῆψις
3479 2571 3653 2625 ταῦτα
3678 2572 3774 2626 καὶ
3792 2575 3924 2645 πρό·

2344 2672 2527 2724 φασις.
2550 2657 2828 2725 κατηγορή
2839 2673 2990 2711 σαιεν
3017 2657 3083 2709 ἃν
3106 2656 3283 2709 αὐτῶν
3308 2657 3399 2709 καί
3430 2656 3600 2724 φίλων
3621 2658 3922 2722 συνουσίαι,

2344 2740 2435 2792 καὶ
2471 2741 2526 2791 αἰ
2550 2743 2608 2790 ὲν
2637 2741 2750 2803 τοῖς
2794 2738 3042 2810 θεάτροις
3082 2738 3377 2810 διατριϐαὶ,
3422 2738 3518 2791 καὶ
3549 2739 3618 2792 τά
3651 2740 3810 2792 συνέδ
3906 2778 3923 2801 ,

2344 2821 2485 2874 άπερ
2513 2819 2641 2874 θέας
2666 2820 2852 2874 ἕνεκεν
2879 2823 2979 2874 τῆς
3011 2820 3121 2873 τῶν
3148 2821 3332 2874 ἵππων
3362 2820 3598 2874 ἁμίλλης
3626 2757 3922 2874 πιοῦνιῗί.

2344 2821 2485 2890 άπερ
2513 2819 2641 2883 θέας
2666 2820 2852 2874 ἕνεκεν
2879 2823 2979 2891 τῆς
3011 2820 3121 2873 τῶν
3148 2821 3332 2874 ἵππων
3362 2820 3598 2890 ἁμίλλης
3626 2819 3922 2879 ποιοῦντῐι.

2353 2902 2412 2952 ὲν
2446 2896 2533 2963 αἷς
2583 2902 2843 2966 πολλάκις
2878 2902 3095 2973 ἡμέρας
3126 2903 3413 2972 ἀνήλωσαν
3454 2902 3779 2972 ὁλοκλήρους
3811 2903 3926 2975 [καὶ

2345 2984 2519 3052 φίλοις
2559 2985 2910 3053 συνεγένεσθε
2958 2985 3190 3038 ἐπιπολὺ
3208 2985 3250 3056 ],
3295 2985 3389 3039 καί
3421 2983 3659 3054 οὐδαμοῦ
3689 2984 3789 3055 τὴν
3819 2985 3925 3039 τῶν

2346 3066 2684 3137 πραγμάτων
2711 3066 2968 3136 ἀσχολίαν
2991 3067 3252 3138 ᾐτιάσατό
3274 3083 3365 3130 τις,
3391 3067 3450 3119 ὲν
3474 3067 3686 3129 τούτοις
3714 3067 3916 3120 αὐτῶν.

2350 3144 2483 3202 Εἶτα
2512 3150 2571 3201 ὲν
2608 3151 2706 3220 μὲν
2739 3153 2852 3213 τοῖς
2885 3150 3157 3203 εὐτελέσιν
3188 3151 3584 3219 ἀπροφάσιστοι
3617 3150 3919 3220 πανταχοῦ,

2345 3231 2442 3284 καὶ
2460 3230 2655 3301 σχολὴν
2675 3230 2829 3300 ἄγειν
2848 3231 3069 3301 βαθεῖαν
3089 3232 3317 3285 δύνασθε
3335 3248 3348 3262 ’
3368 3234 3415 3284 εἰ
3446 3231 3503 3284 δὲ
3530 3234 3646 3295 τοῖς
3669 3231 3765 3284 τοῦ
3789 3232 3924 3286 Θεοῦ

2342 3313 2451 3366 δέοι
2477 3313 2790 3384 προσέχειν,
2816 3315 3069 3368 τοσοῦτον
3091 3315 3220 3383 ὑμῖν
3245 3312 3418 3367 ταῦτα
3445 3313 3806 3384 περιττότερα
3830 3317 3925 3367 καί

2343 3396 2643 3466 ἀτιμότερα
2672 3398 2887 3450 πάντων
2913 3393 3050 3451 εἶναι
3082 3397 3245 3460 δοκεῖ,
3272 3397 3347 3461 ὠς
3374 3397 3507 3468 μηδὲ
3538 3398 3740 3468 μικρὰν
3760 3409 3782 3437 ε
3815 3401 3924 3452 ofe-

2345 3477 2468 3532 σθαι
2496 3477 2608 3550 [65]
2636 3479 2747 3532 δεῖν
2765 3480 3064 3550 ἀπονέμειν
3077 3480 3260 3543 αὐτοῖς
3281 3480 3624 3550 σχολήν.Καί
3647 3480 3765 3545 πῶς
3776 3481 3925 3547 ἀξιον

2342 3559 2485 3613 οὕτω
2502 3561 2878 3632 διακειμένους
2901 3563 3178 3625 ἀναπνεῖν,
3201 3561 3234 3631 ἢ
3266 3561 3356 3614 τὸν
3373 3563 3522 3632 ἥλιον
3548 3562 3737 3615 τοῦτον
3767 3564 3921 3634 όρᾷνς

2348 3644 2504 3697 Ἔστι
2538 3644 2633 3697 καί
2663 3645 2825 3715 ἑτέρα
2863 3645 3138 3715 πρόφασις
3169 3647 3283 3707 τοῖς
3325 3643 3468 3698 οὕτω
3505 3644 3769 3715 ῥᾳθύμοις
3804 3646 3926 3699 ἀλο-

2344 3727 2585 3797 γωτάτη,
2622 3727 2683 3779 τὸ
2725 3726 2800 3797 μὴ
2849 3727 3148 3797 κεκτῆσθαι
3201 3727 3334 3797 μηδὲ
3368 3728 3513 3797 ἔχειν
3561 3728 3760 3798 βιϐλία.
3818 3730 3922 3782 Καὶ

2347 3809 2483 3880 πρὸς
2506 3811 2605 3879 μὲν
2626 3812 2750 3872 τοὺς
2775 3810 3160 3874 πλουτοῦντας,
3185 3811 3358 3878 γέλως
3382 3812 3520 3883 ὑπὲρ
3547 3812 3752 3878 ταύτης
3777 3814 3923 3884 ἡμᾶς

2343 3892 2721 3946 ἀποτείνεσθαι
2739 3893 2836 3962 τῆς
2864 3894 3192 3963 προφάσεως
3213 3910 3225 3922 ο
3257 3894 3517 3966 ἐπειδὴδὲ
3546 3896 3654 3947 τῶν
3678 3897 3923 3949 πενεστέ-

2344 3991 2453 4044 ρων
2497 3974 2723 4037 πολλοὺς
2770 3970 2925 4045 οἶμαι
2960 3976 3409 4046 κατακεχρῆσθαι
3462 3978 3598 4047 αὐτῇ
3656 3978 3920 4047 συνεχῶς,

2341 4058 2516 4110 ἐκεῖνο
2547 4057 2613 4111 ἂν
2643 4056 2814 4128 ἡδέως
2842 4057 3072 4127 ἐροίμην
3102 4058 3323 4121 αὐτοὺς,
3347 4061 3395 4111 εἰ
3429 4059 3505 4129 μὴ
3538 4059 3715 4112 πάντα
3739 4061 3808 4112 τὸ.
3826 4061 3921 4129 τῆς

2342 4140 2537 4209 τέχνης
2575 4140 2804 4209 ὄργανα,
2845 4137 2911 4213 ἧς
2939 4142 3169 4204 ἕκαστός
3200 4143 3315 4194 ἐστι
3346 4141 3696 4213 δημιουργὸς,
3738 4142 3919 4213 πλήρη

2346 4224 2438 4276 καί
2470 4223 2740 4294 ὁλόκληρα
2767 4223 2901 4293 ἔχει,
2930 4224 3034 4277 κᾶν
3063 4224 3231 4296 μυρία
3261 4224 3444 4294 κωλύῃ
3473 4227 3651 4278 πενία.
3675 4225 3799 4288 Πῶς
3826 4222 3918 4278 οὖν

2342 4306 2441 4359 οὐκ
2467 4306 2687 4369 ἄτοπον,
2709 4307 2825 4358 ἐκεῖ
2848 4306 2945 4375 μὲν
2971 4305 3045 4374 μὴ
3063 4306 3337 4359 αἰτιᾶσθαι
3360 4306 3563 4370 πενίαν,
3584 4306 3723 4361 ἀλλά
3747 4309 3923 4360 πάντα

2343 4388 2603 4460 πράττειν
2634 4388 2770 4458 πρὸς
2799 4389 2859 4441 τὸ
2901 4387 3065 4458 μηδὲν
3093 4388 3346 4455 γενέσθαι
3379 4389 3636 4457 ἐμπόδιον
3673 4388 3921 4459 μηδαμό-

2343 4472 2459 4523 θεν·
2498 4471 2791 4540 μέλλοντας
2834 4471 2889 4523 δὲ
2915 4469 3184 4541 τοσαύτην
3232 4471 3501 4539 ὠφέλειαν
3548 4471 3920 4541 καρποῦσθαι.

2284 4616 2307 4638 ο
2343 4552 2598 4638 ἀσχολίαν
2626 4553 2994 4638 ἀποδύρεσθαι
3025 4553 3121 4638 καί
3160 4554 3385 4617 πενίανς
3415 4555 3561 4638 Πλὴν
3592 4554 3727 4607 ἀλλά
3753 4556 3851 4638 καὶ
3876 4556 3925 4608 εί

2342 4651 2486 4697 τινες
2510 4633 2652 4688 οὑτω
2678 4635 2908 4706 πένητες
2934 4632 3064 4699 εἷεν,
3099 4635 3304 4689 ἔνεστιν
3333 4639 3397 4688 ὲκ
3425 4637 3524 4706 τῆς
3554 4636 3816 4706 συνεχοῦς
3840 4640 3924 4690 ὲν-

2343 4715 2514 4769 ταῦθα
2537 4718 2828 4788 γινομένης
2864 4717 3227 4784 ἀναγνώσεως
3261 4718 3426 4788 μηδὲν
3450 4720 3664 4786 ἀγνοεῖν
3692 4719 3804 4772 τῶν
3830 4721 3925 4786 ὲγ-

2344 4798 2609 4869 κειμένων
2632 4801 2688 4852 ὲν
2710 4804 2830 4864 ταῖς
2856 4799 3028 4862 θείαις
3049 4800 3312 4872 Γραφαῖς.
3340 4802 3401 4853 Εἰ
3427 4801 3483 4852 δὲ
3511 4801 3773 4855 ἀδύνατον
3795 4802 3925 4872 ὑμῖν

2342 4881 2499 4935 τοῦτο
2523 4877 2661 4935 εἶναι
2686 4883 2852 4942 δοκεῖ,
2885 4881 3117 4944 εἰκότως
3128 4880 3286 4934 τοῦτο
3307 4881 3472 4935 δοκεῖ.
3498 4882 3634 4934 (λύδὲ
3653 4883 3763 4952 γὰρ
3787 4884 3923 4952 μετά

2343 4962 2540 5035 πολλῆς
2580 4965 2763 5018 πολλοί
2803 4964 3193 5036 παραγίνονται
3231 4965 3332 5034 τῆς
3367 4966 3673 5036 προθυμίας
3706 4965 3818 5019 τῶν
3838 4967 3925 5019 λε-

2342 5046 2588 5117 γομένων
2617 5047 3030 5117 ἀκροασόμενοι,
3065 5046 3201 5100 ἀλλά
3258 5048 3389 5099 αὐτὸ
3425 5047 3583 5101 τοῦτο
3616 5047 3777 5118 μόνον
3818 5048 3923 5117 ἀφ-

2335 5130 2692 5200 οσιωσάμενοι
2710 5130 2845 5199 πρὸς
2859 5130 2956 5200 τὴν
2972 5130 3183 5201 ἡμέραν
3193 5127 3243 5192 ἀ,
3265 5129 3469 5193 εὐθέως
3488 5130 3923 5202 ὑποστρέφουσιν

2338 5211 2538 5266 οίκαδε.
2571 5214 2633 5266 Εἰ
2659 5212 2717 5265 δέ
2745 5230 2889 5276 τινες
2918 5213 3012 5266 καὶ
3041 5212 3462 5282 ἐνδιατρίψαιεν,
3490 5213 3598 5267 τῶν
3630 5214 3920 5286 ἀναχωρη-

2341 5297 2549 5350 σάντων
2578 5297 2729 5350 οὐδὲν
2768 5297 2987 5367 ἄμεινον
3032 5294 3353 5359 διάκεινται,
3383 5295 3463 5366 τῷ
3511 5294 3724 5367 σώματι
3759 5298 3922 5367 μόνον

2341 5379 2573 5433 ἐνταῦθα
2603 5380 2870 5450 παρόντες
2900 5382 3051 5451 ἡμῖν.
3101 5379 3240 5432 Ἀλλ’
3275 5379 3363 5432 ῖνα
3398 5379 3472 5450 μὴ
3512 5379 3772 5433 ἑπιπλέον
3798 5382 3918 5439 ταῖς

2342 5473 2540 5534 αἰτίαις
2569 5473 2713 5541 ὑμᾶς
2751 5472 3071 5544 βαρύνωμεν
3096 5482 3144 5532 θ.
3178 5472 3273 5525 καί
3302 5474 3360 5525 ἐν
3394 5475 3513 5534 ταῖς
3561 5471 3803 5543 μέμψεσι
3829 5472 3921 5524 τὸν

2344 5562 2530 5633 καιρὸν
2552 5561 2917 5633 ἀναλώσωμεν
2947 5562 3179 5628 ἅπαντα,
3208 5560 3377 5631 ἴωμεν
3404 5562 3496 5616 ἐπὶ
3526 5562 3592 5614 τά
3625 5561 3716 5615 τοῦ
3739 5563 3919 5630 Εὐαγ-

2342 5652 2522 5718 γελίου
2565 5653 2810 5722 ῥήματα·
2859 5652 2977 5723 ὥρα
3024 5654 3132 5724 γὰρ
3164 5654 3348 5706 λοιπὸν
3375 5655 3451 5716 εἰς
3479 5653 3546 5705 τὰ
3583 5654 3922 5725 προκείμενα

2401 5824 2422 5851 ε
2464 5820 2632 5869 Morel.
2659 5821 2786 5869 δοκεῖ
2808 5822 3011 5883 ὄτιίοὺδὲ
3033 5819 3210 5883 μικραί.
3236 5882 3239 5883 γ
3280 5820 3305 5857 (1
3338 5818 3415 5883 Sic
3438 5817 3610 5883 Mgroi,
3639 5816 3794 5883 Sa‘il.
3838 5832 3919 5883 39-

2343 5884 2419 5930 IM
2449 5884 2562 5943 πρὸς
2594 5885 2733 5942 ἦμᾶς.
2805 5887 2828 5912 ι’
2854 5882 2895 5930 Μ
2920 5880 3162 5935 δι’σδΙζταῖς
3202 5882 3290 5927 αῐτ.
3332 5882 3435 5943 βαρ.
3478 5880 3629 5926 S.'I\‘il.
3679 5881 3780 5935 ταῖς
3822 5880 3917 5929 αῐτ.

2343 5942 2584 6007 ὐμιῖινβαρ
2627 5947 2810 5991 ()mnm
2834 5958 2961 6005 [mne
2988 5957 3099 5991 nm.
3126 5945 3245 6004 ὑμᾶς
3277 5942 3475 5990 habent.
