4370 6306
247 386 318 441 τη
376 374 379 377 λ
1377 380 1451 439 ιιΝ
1490 382 1799 443 summa
1840 387 1973 444 non

1840 387 2071 446 nemo
2125 389 2210 446 χι.
2245 393 2313 446 nl.
2359 391 2425 448 χ.
3464 410 3532 470 τε

250 503 397 559 tione
423 498 594 554 induti
630 497 1043 562 accesserimus,
1088 495 1220 551 nihil
1265 496 1516 564 impediet
1554 498 1840 567 quominus

249 593 439 647 eadem
470 593 584 661 ipsa
615 591 900 660 patiamur,
934 604 1053 657 qua:
1081 589 1245 642 miser
1275 589 1361 644 ille
1388 604 1574 658 passus
1601 600 1702 645 est.
1731 591 1840 645 Ab-

246 685 467 737 surdum
486 685 643 738 enim
667 691 770 748 est,
800 682 925 734 dum
955 680 1062 747 ille,
1090 681 1179 749 qui
1212 682 1354 735 Deus
1384 690 1437 735 et
1466 680 1575 735 Rex
1604 691 1705 745 est,
1739 683 1835 734 ho-

255 776 423 828 mines
466 775 604 828 viles
636 784 701 828 et
745 773 943 827 nullius
974 771 1126 841 pretii
1158 786 1348 826 vocare
1382 787 1497 826 non
1543 776 1833 838 erubescit,

245 864 339 917 sed
369 879 400 918 e
441 864 598 918 trivio
625 865 746 918 illos
769 864 840 918 ad
872 877 1109 918 mensam
1152 878 1305 918 suam
1341 863 1547 929 invitat,
1588 880 1686 919 nos
1717 875 1834 918 tau-

244 962 355 1005 tam
383 953 646 1022 ignaviam
687 954 969 1017 exhibere,
1021 960 1174 1007 utne
1213 953 1428 1021 quidem
1478 963 1595 1022 post
1624 962 1828 1008 tantum

245 1044 507 1099 honorem
539 1045 791 1100 meliores
811 1046 1124 1109 evadamus,
1157 1044 1250 1100 sed
1275 1054 1475 1114 etpost
1498 1046 1833 1100 vocationem

243 1134 517 1189 in-eadem
541 1135 777 1203 nequitia
808 1149 1231 1204 perseveremus,
1275 1135 1701 1205 ineﬂ‘ahilemque
1742 1151 1835 1190 vo-

238 1225 417 1278 euntis
446 1224 825 1294 benignitatem
850 1225 1273 1294 pessumdemns.
1306 1225 1421 1279 Non
1444 1227 1594 1281 enim
1628 1242 1725 1279 nos
1763 1228 1829 1282 ad

236 1315 582 1384 spiritualcm
609 1316 749 1371 hanc
771 1326 823 1371 et
863 1314 1181 1370 horrendam
1213 1316 1589 1388 mysteriorum
1618 1317 1832 1386 partici-

238 1409 517 1475 pationem
558 1408 787 1473 vocavit,
819 1417 876 1464 ut
914 1424 1037 1463 cum
1067 1394 1245 1478 priore
1274 1409 1510 1478 nequitia
1561 1410 1827 1480 ingredia-

235 1518 384 1566 tttttF,
426 1502 523 1556 sed
551 1510 606 1556 ut
628 1501 837 1569 abiecta
869 1502 958 1556 illa
986 1500 1333 1571 turpitudine,
1364 1501 1428 1555 iis
1454 1501 1692 1555 vestibus
1743 1503 1827 1555 in-

233 1591 497 1658 duaumr,
529 1608 648 1662 qua:
679 1592 746 1646 ad
765 1593 980 1662 regium
1004 1602 1224 1647 vocatos
1244 1593 1547 1647 convivium
1578 1592 1822 1647 det-eant.

231 1684 334 1737 Sin
375 1685 614 1739 nolimus
640 1685 798 1755 digna
827 1685 913 1738 tali
947 1685 1227 1739 vocatione
1257 1696 1530 1754 praestare,
1562 1685 1611 1739 id
1645 1702 1750 1739 non
1776 1685 1826 1740 ei

231 1776 328 1844 qui
360 1792 462 1830 nos
505 1775 585 1831 sic
624 1777 926 1842 honoravit,
971 1778 1064 1832 sed
1094 1778 1251 1833 nobis
1279 1778 1664 1847 imputandum.
1709 1778 1824 1834 Non

232 1870 383 1923 enim
416 1870 505 1924 ille
551 1884 651 1924 nos
680 1885 756 1925 rex
801 1869 1115 1926 admirando
1154 1871 1245 1925 illo
1273 1871 1614 1926 convivarum
1658 1871 1825 1926 choro

226 1958 418 2039 ejicit,
461 1958 559 2013 sed
599 1974 696 2014 nos
723 1959 875 2029 ipsos
916 1959 1179 2029 ejieimus.
1217 1960 1310 2014 Ille
1337 1960 1478 2029 quod
1519 1975 1672 2015 suum
1709 1969 1822 2015 erat

227 2049 490 2117 vrzestitit
529 2051 786 2120 :noptias
820 2049 970 2115 fecit,
1011 2066 1254 2106 mensam
1276 2052 1510 2121 paravit,
1530 2052 1628 2121 qui
1661 2066 1821 2106 voca-

224 2149 356 2195 rent
395 2141 562 2206 misit,
589 2141 867 2196 venientes
911 2141 1141 2211 excepit,
1188 2151 1243 2196 et
1288 2141 1434 2196 nullo
1472 2156 1578 2196 non
1621 2141 1821 2197 honore

1950 503 2126 559 aﬂ'ecit
2157 522 2170 560 :
2200 522 2297 559 nos
2339 517 2515 561 autem
2548 509 2741 577 ipsum,
2770 512 3040 578 convivas,
3077 508 3308 583 nuptias,
3342 520 3527 575 surdi-

1943 594 2133 650 darum
2168 598 2422 664 vestium,
2454 590 2565 654 'hoc
2591 610 2695 666 est,
2721 616 3015 670 pravorum
3048 614 3300 673 merum,
3325 618 3525 664 ‘contu-

1944 687 2102 741 melia
2143 687 2459 755 allicientes,
2495 689 2621 759 .jure
2663 691 2877 748 demum
2926 695 3191 765 ejieimnr.
3231 694 3350 753 'noc
3380 703 3525 756 enim

1944 789 2117 846 pacto,
2150 788 2205 832 et
2226 780 2438 847 nuptias
2458 790 2512 834 et
2543 781 2791 837 invitatos
2821 783 3111 852 honorans,
3149 784 3446 857 petulantes
3474 799 3532 846 et

1942 868 2272 937 impudentes
2294 870 2412 925 illos
2435 871 2597 940 ejicit.
2629 870 2759 926 Nam
2786 875 2830 928 si
2861 873 3162 944 huiusmodi
3188 890 3334 934 veste
3362 881 3517 936 indu-

1942 968 2024 1015 tus
2054 961 2398 1030 relinqueret,
2435 963 2571 1016 alios
2598 962 2872 1019 videretur
2917 969 3242 1024 contumelia
3283 970 3521 1030 allicere.

1941 1049 2133 1106 Verum
2158 1051 2288 1109 faxit
2317 1053 2476 1117 Deus,
2518 1063 2574 1107 ut
2606 1069 2765 1109 nemo
2793 1056 2874 1110 vel
2905 1067 3146 1112 nostrum
3186 1060 3267 1114 vel
3294 1061 3521 1117 aliorum

1930 1143 2099 1198 talem
2143 1146 2448 1213 experiatur
2490 1148 2846 1201 vocationem.
2892 1146 3023 1204 ’ldeo
3069 1150 3184 1205 inec
3230 1162 3520 1224 antequam

1938 1228 2122 1289 tierent
2151 1234 2320 1289 literis
2367 1236 2614 1290 mandata
2658 1247 2806 1304 sunt,
2856 1248 2908 1292 ut
2930 1239 3230 1311 Scriptu‘rae
3262 1243 3420 1297 minis
3450 1245 3519 1298 ad

1937 1323 2129 1379 bonam
2152 1324 2357 1395 frugem
2398 1327 2623 1391 reducti,
2659 1338 2946 1399 numquam
2981 1331 3032 1385 in
3065 1337 3263 1386 tantam
3295 1333 3522 1404 ignomi-

1937 1417 2099 1481 niam,
2132 1417 2184 1471 in
2214 1427 2523 1489 tantumque
2549 1421 2863 1489 supplicium
2893 1418 3206 1489 incidamus,
3226 1424 3329 1480 sed
3354 1425 3518 1481 verbo

1936 1517 2141 1562 tantum
2172 1517 2325 1564 tenus
2355 1509 2469 1565 hinc
2509 1512 2883 1579 experiamur;
2913 1529 2976 1568 ac
3003 1512 3281 1583 splendida
3321 1516 3516 1586 singuli

1934 1607 2083 1655 veste
2101 1598 2300 1665 induti,
2326 1600 2393 1656 ad
2415 1601 2612 1665 locum,
2636 1618 2742 1672 quo
2770 1605 2939 1659 vocati
2968 1616 3176 1671 sumus,
3210 1605 3518 1675 proﬁcisca-

1934 1705 2080 1754 mur,-
2110 1704 2218 1760 quo
2244 1706 2341 1745 nos
2367 1706 2555 1748 omnes
2593 1691 2693 1746 l'rui
2722 1693 3015 1761 contingat,
3046 1695 3219 1765 gratia
3261 1704 3316 1750 et
3356 1696 3513 1753 beni-

1930 1779 2130 1847 gnitate
2159 1779 2366 1834 Domini
2407 1780 2570 1835 nostri
2598 1779 2969 1846 Jesu'Cbris‘ti,
3005 1799 3098 1853 per
3124 1799 3280 1855 quem
3312 1794 3365 1840 et
3392 1801 3513 1840 cum

1931 1884 2037 1939 quo
2059 1869 2203 1924 Patri
2225 1870 2384 1925 simul
2414 1882 2469 1925 et
2499 1864 2721 1941 Spiritui
2758 1881 2945 1928 sant-to
2969 1872 3160 1944 gloria,
3190 1874 3382 1938 honor,
3413 1875 3512 1929 im-

1932 1959 2161 2029 perium,
2200 1976 2342 2016 nunc
2386 1969 2442 2017 ct
2483 1975 2715 2032 semper,
2746 1970 2800 2017 et
2841 1963 2893 2018 in
2933 1964 3128 2019 szct‘nia
3165 1965 3509 2019 seculorum.

1931 2054 2122 2109 Anien.

1674 2349 2024 2414 HOMILIA
2072 2353 2184 2413 Χι.

264 2493 353 2547 η.
391 2492 456 2547 Et
490 2485 707 2548 Verbum
733 2480 1062 2564 rarefactum
1083 2504 1174 2559 est,
1204 2498 1250 2549 et
1273 2495 1509 2549 habitavit
1540 2495 1589 2548 in
1621 2487 1782 2548 nobis.

306 2586 359 2639 1.
394 2582 590 2638 Locum
617 2583 879 2656 Ermtgelii
909 2585 1263 2655 explicandum
1291 2594 1409 2638 ante
1435 2584 1821 2654 explicationem

229 2676 401 2748 legere
448 2678 717 2741 hortatur;
758 2677 1092 2748 quor-nitidam
1138 2678 1423 2732 socordiam
1471 2676 1524 2729 in
1566 2676 1822 2730 audienda

228 2770 508 2837 Scriptura
526 2770 725 2840 arguit;
752 2769 933 2823 deinde
964 2769 1216 2837 explicare
1238 2767 1387 2832 illud,
1421 2766 1655 2821 Verbum
1693 2781 1820 2822 caro

227 2861 429 2913 {actum
461 2868 565 2924 est,
590 2859 907 2930 aggreditur.
934 2886 1004 2898 --
1034 2858 1205 2914 Unam
1226 2873 1262 2912 ea
1286 2857 1434 2913 vobis
1472 2859 1701 2927 gratiam
1729 2869 1819 2927 pe-

230 2959 361 3014 tam,
393 2940 685 3019 antequam
710 2949 776 3004 ad
800 2949 956 3005 verba
979 2950 1184 3003 veniam
1205 2948 1507 3019 evangelica
1532 2964 1546 3013 ;
1574 2947 1667 3003 sed
1688 2958 1818 3018 rogo

226 3054 297 3092 ne
317 3041 646 3107 pustulatum
671 3041 890 3111 negetis.
912 3040 1092 3110 Neque
1107 3042 1247 3097 enim
1265 3056 1424 3111 grave
1444 3039 1713 3110 quidpiam
1733 3040 1817 3093 vel

229 3146 522 3185 onerosum
543 3132 779 3201 requiro,
808 3148 986 3202 neque
1012 3133 1292 3202 accipienti
1318 3132 1452 3187 mihi
1484 3131 1654 3186 solum
1684 3131 1818 3187 utile

222 3223 349 3285 erit,
380 3223 478 3278 sed
509 3232 564 3278 et
590 3222 952 3293 praebentibus
978 3225 1162 3287 vobis;
1198 3224 1305 3279 imo
1334 3223 1471 3279 forte
1495 3225 1642 3279 vobis
1662 3224 1818 3293 longe

224 3317 429 3370 utilius.
462 3315 602 3383 Quid
633 3317 790 3386 igitur
816 3332 847 3371 a
878 3316 1028 3371 vobis
1056 3316 1304 3386 postulo?
1334 3315 1402 3372 Ut
1438 3330 1538 3370 una
1570 3316 1816 3370 sabbato-

228 3426 346 3463 mm
377 3409 476 3479 (α),
521 3409 605 3464 vel
652 3409 705 3463 in
758 3408 874 3478 ipso
918 3408 1177 3469 sabbato.
1223 3408 1371 3462 illam
1419 3408 1814 3477 evangeliorum

225 3514 436 3570 partem
466 3518 587 3572 qua:
618 3502 769 3557 vobis
795 3503 847 3556 in
877 3501 1135 3557 concione
1158 3500 1381 3571 legenda
1410 3508 1492 3556 est
1513 3516 1620 3569 prce
1649 3499 1818 3553 manis

230 3595 328 3648 bns
373 3594 570 3663 singuli
621 3593 966 3661 accipientes,
1016 3592 1159 3646 domi
1212 3591 1458 3646 sedentes
1508 3590 1816 3660 frequen-ter

229 3687 436 3753 legatis,
485 3699 548 3738 ac
574 3685 714 3738 dicta
743 3698 889 3752 saepe
935 3682 1229 3751 explorctis
1271 3691 1324 3736 ct
1367 3682 1682 3736 cxaminelis
1709 3696 1724 3734 :
1753 3695 1814 3734 ac

228 3775 351 3843 quid
391 3777 619 3839 clarum,
652 3775 778 3844 quid
822 3773 1110 3829 obscurum
1152 3773 1224 3826 sit
1262 3773 1556 3836 annotetis;
1587 3764 1712 3841 quid
1761 3771 1811 3824 in

229 3865 406 3918 verbis
452 3876 690 3934 pugnare
733 3864 995 3926 videatur,
1044 3864 1167 3917 licet
1212 3877 1317 3916 non
1368 3873 1604 3932 pugnet:
1633 3862 1813 3930 sicque

227 3955 477 4009 munibus
506 3954 814 4024 frequenter
836 3953 1107 4022 expensis,
1137 3953 1201 4007 ad
1238 3952 1555 4007 concionem
1585 3952 1812 4007 acceda-

229 4050 311 4099 tis.
346 4045 536 4113 Neque
558 4045 709 4100 enim
753 4045 1019 4098 modicum
1060 4060 1123 4098 ex
1159 4044 1246 4097 tali
1277 4044 1452 4098 studio
1477 4053 1532 4098 et
1560 4043 1717 4097 nobis
1759 4052 1812 4095 et

230 4138 375 4192 vobis
400 4138 613 4191 lucrum
642 4134 882 4191 acet-det.
932 4135 1095 4191 Nobis
1139 4136 1279 4189 enim
1331 4149 1435 4187 non
1474 4134 1640 4187 nmlto
1678 4149 1810 4203 Opus

232 4229 329 4282 erit
361 4229 546 4282 labore
571 4226 636 4281 ad
669 4227 774 4280 vim
801 4226 1183 4291 δωιιριιιὶθιυυιιι
1218 4225 1367 4278 vobis
1401 4222 1805 4294 explauandam,

232 4328 404 4373 mente
430 4319 540 4388 jam
571 4318 718 4372 vobis
760 4317 828 4371 ad
855 4318 1119 4371 dictorum
1154 4316 1395 4370 notitiam
1426 4325 1638 4370 assueta
1669 4333 1681 4368 :
1716 4326 1809 4369 ves

232 4420 404 4464 autem
439 4410 712 4463 acutiores
741 4418 795 4463 et
820 4409 1240 4478 perspicaciorcs
1285 4407 1383 4459 hoc
1414 4406 1571 4459 modo
1611 4405 1809 4459 ellieie-

234 4503 377 4568 mini,
420 4518 527 4555 non
568 4500 730 4556 modo
772 4509 830 4554 ut
867 4500 1095 4554 audiatis
1139 4508 1194 4554 ct
1234 4498 1476 4564 discatis,
1513 4498 1607 4550 sed
1648 4497 1807 4551 etiam

233 4602 283 4645 ut
313 4602 548 4647 caeteros
588 4591 847 4647 doceatis.
894 4590 1166 4660 Siquidem
1209 4589 1300 4644 illo
1332 4604 1436 4658 quo
1468 4603 1609 4642 nunc
1648 4588 1807 4657 agitis

232 4685 405 4747 modo,
458 4682 611 4735 niiilti
653 4682 996 4751 praesentium
1045 4681 1205 4735 verba
1246 4680 1533 4747 Scriptura:
1570 4680 1727 4733 simul
1754 4690 1808 4734 et

229 4773 613 4840 evplicationes
642 4780 852 4826 nostras
874 4771 1117 4826 ediscere
1147 4772 1352 4837 coacti,
1397 4787 1463 4825 ne
1505 4772 1717 4840 quidem
1759 4773 1803 4825 si

233 4875 424 4914 annum
462 4862 726 4930 integrum
770 4860 853 4914 his
876 4862 1227 4928 insumamus,
1258 4876 1503 4930 magnum
1534 4862 1806 4930 quidpiam

232 4951 350 5003 lucri
378 4953 636 5006 referent.
682 4951 963 5018 Quomodo
995 4960 1216 5020 possent
1264 4952 1429 5015 enim,
1477 4966 1596 5003 cum
1633 4952 1806 5004 obiter

233 5053 426 5098 tantum
452 5053 507 5098 et
537 5044 683 5099 brevi
724 5055 966 5113 tempore
1006 5044 1164 5098 dictis
1207 5044 1523 5098 attendant?
1561 5042 1711 5113 Quod
1761 5046 1804 5098 si

229 5135 307 5197 qui
350 5134 565 5203 negotia
595 5133 931 5203 praetendant
967 5143 1022 5188 ct
1053 5134 1460 5198 sollicitudines,
1507 5133 1549 5187 si
1585 5134 1802 5188 multam

231 5222 275 5273 in
304 5224 527 5291 publicis
556 5224 881 5292 privatisque
913 5225 1073 5278 rebus
1098 5240 1314 5294 Operam
1344 5241 1358 5288 ;
1394 5226 1567 5294 primo
1591 5225 1800 5294 quidem

232 5327 323 5366 non
354 5314 489 5369 levis
516 5315 670 5384 culpa
701 5314 817 5369 han:
842 5326 943 5379 Cal,
970 5330 1091 5370 sese
1114 5326 1256 5369 tanta
1284 5319 1615 5385 negotiorum
1650 5316 1801 5370 turba

232 5407 467 5472 obruere,
494 5418 550 5462 et
574 5407 922 5463 smcnlarilms
963 5409 1124 5461 rebus
1176 5407 1244 5460 ita
1290 5424 1503 5477 semper
1543 5408 1701 5478 attigi,
1749 5419 1805 5463 nt

234 5512 290 5548 ne
328 5500 611 5554 minimum
641 5502 857 5570 quidem
887 5500 1046 5554 studii
1091 5500 1425 5569 impendatur
1454 5501 1516 5553 iis
1541 5517 1658 5570 qua:
1686 5516 1798 5554 ma-

261 5616 531 5687 .lnLlllud,
555 5630 652 5685 uno
679 5616 988 5687 sabbqtqrnm
1010 5620 1163 5687 tua;
1186 5620 1295 5679 μίαν
1319 5621 1618 5687 σᾳῇᾅάτων),
1644 5628 1806 5687 potest

237 5675 524 5729 significare.
562 5675 1067 5740 priimthbdonmda'
1097 5675 1198 5735 die,
1244 5688 1296 5725 ut
1330 5677 1466 5736 alibi,
1502 5675 1599 5729 uno
1630 5675 1807 5730 subba-

239 5741 382 5804 ternm
428 5737 877 5804 (μίᾳραεὸἀτων)
927 5737 1129 5799 primam
1172 5741 1488 5789 hebdomadzc
1537 5740 1799 5803 sicnilivat.

245 5799 303 5844 cli
316 5814 373 5846 na
409 5800 542 5852 apud
568 5799 984 5855 Chrvsostomum.

544 5884 811 5946 Ps'rnou
863 5881 975 5940 (in.
1031 5881 1093 5939 LI
1112 5882 1183 5938 Χ.

1934 2481 2076 2546 xime
2102 2496 2399 2546 necessaria
2431 2495 2575 2548 stin't.
2609 2486 2818 2551 Deinde
2847 2497 2988 2567 quod
3031 2497 3143 2553 lure
3181 2499 3288 2554 sint
3321 2498 3512 2555 ohlen~

1929 2594 2012 2639 tus
2049 2593 2110 2638 et
2146 2584 2534 2650 simulationes,
2581 2596 2806 2656 arguunt
2835 2588 3099 2657 colloquia
3128 2605 3250 2644 cum
3278 2591 3463 2645 amicis
3489 2633 3507 2656 ,

1929 2675 2252 2729 theatrorum
2290 2669 2783 2743 ‘l'requezita'tiones,
2830 2690 3114 2732 consessus
3152 2678 3218 2733 ad
3247 2694 3509 2750 equorum

1927 2766 2247 2819 certantium
2274 2756 2599 2834 spectacula,
2647 2767 2698 2820 in
2725 2768 2917 2837 quibus
2946 2783 3089 2839 saepe
3124 2769 3238 2825 dies
3271 2766 3508 2842 integros

1917 2863 2280 2923 “consumunt,
2328 2864 2499 2923 neque
2549 2864 2723 2912 tamen
2757 2859 2810 2912 in
2842 2858 2927 2913 his
2967 2860 3299 2930 negotiorum
3332 2863 3504 2918 moles

1920 2956 2158 3016 cuquam
2186 2945 2509 3000 obtenditur.
2545 2947 2597 2999 In
2630 2947 2820 3001 vilibus
2860 2949 3017 3019 igitur
3062 2950 3363 3020 hujusmodi
3414 2969 3491 3007 re-

1924 3035 2022 3090 bus
2067 3028 2263 3090 nullam
2308 3036 2595 3091 obtenditis
2626 3039 3030 3108 occupationem
3072 3058 3084 3093 :
3127 3042 3380 3097 siautem
3423 3045 3503 3098 di-

1926 3128 2063 3181 vinis
2110 3126 2269 3180 rebus
2317 3127 2385 3181 sit
2433 3126 2882 3193 incumhcndum,
2940 3130 3053 3185 lure
3079 3131 3216 3186 adeo
3237 3133 3385 3187 vobis
3412 3148 3505 3188 sn-

1916 3207 2124 3287 perbua
2150 3225 2202 3269 et
2228 3211 2423 3270 nullius
2453 3219 2608 3286 pretii
2642 3219 2890 3274 videntur
2914 3234 3070 3289 esse,
3117 3235 3178 3276 ut
3221 3238 3287 3277 ne
3336 3225 3494 3278 mini-

1925 3324 2067 3362 nmm
2130 3308 2342 3378 quidem
2415 3308 2648 3362 studium
2704 3310 2756 3362 in
2818 3310 2900 3366 his
2962 3309 3322 3368 adhibendum
3383 3328 3502 3367 esse

1914 3398 2145 3452 vincatis.
2188 3400 2266 3452 Au
2312 3407 2585 3454 merentur
2618 3400 2705 3468 qui
2752 3400 2832 3455 s‘ic
2881 3397 3055 3457 allecti
3108 3412 3234 3457 sunt
3283 3403 3365 3457 vel
3418 3419 3503 3458 re-

1925 3484 2154 3562 spirare,
2203 3491 2286 3547 vel
2332 3491 2472 3546 lmuc
2516 3492 2684 3546 solem
2730 3493 3011 3562 aspicere?
3052 3495 3146 3549 Est
3183 3503 3237 3547 rt
3264 3495 3363 3548 alia
3394 3505 3499 3549 tam

1922 3584 2126 3653 ignaxis
2174 3582 2477 3637 hominibus
2526 3582 2856 3651 ineptissimo
2899 3585 3204 3649 excusatio,
3241 3584 3500 3639 librorum

1918 3675 2118 3728 scilicet
2161 3672 2357 3742 inopia.
2400 3674 2475 3727 A‘c
2518 3673 2773 3727 divitibus
2802 3673 3017 3743 quidem
3047 3672 3329 3729 ridiculum
3357 3684 3501 3729 esset

1918 3782 1976 3818 ea
2008 3766 2075 3819 de
2117 3780 2174 3820 re
2202 3766 2360 3819 verba
2386 3764 2563 3821 facere
2593 3772 2815 3820 :‘verum
2845 3766 2967 3835 quia
3012 3763 3207 3820 multos
3237 3781 3505 3836 pauperes

1920 3856 2018 3909 hac
2063 3858 2371 3925 lrequeutcr
2418 3857 2766 3916 excusatione
2813 3857 2884 3910 uti
2932 3864 3082 3925 puto,
3131 3857 3237 3911 hoc
3281 3858 3349 3911 ab
3394 3857 3500 3912 illis

1920 3948 2121 4016 placide
2167 3947 2427 4002 sciscitari
2471 3948 2654 4026 velim,
2701 3961 2878 4001 annon
2928 3947 3119 4017 singuli
3168 3947 3299 4003 artis
3354 3962 3498 4006 sese,

1915 4052 2072 4106 quam
2105 4046 2375 4101 exercent,
2403 4037 2753 4092 instrumenta
2784 4052 2910 4091 sana
2939 4046 2991 4091 et
3018 4038 3219 4107 integra
3246 4039 3504 4094 habeant.

1915 4139 1969 4183 et
1992 4131 2036 4184 si
2064 4142 2303 4183 extrema
2336 4130 2513 4198 inopia
2541 4138 2874 4198 premantur.
2923 4128 3201 4194 Quomodo
3237 4143 3364 4197 ergo
3391 4142 3496 4182 non

1915 4219 2203 4274 absurdum
2248 4219 2423 4284 fuerit,
2470 4218 2576 4273 illic
2618 4226 2982 4289 paupertatem
3026 4233 3130 4271 non
3180 4218 3490 4277 obtendere.

1914 4327 1976 4365 ac
2002 4310 2130 4364 nihil
2160 4325 2264 4365 non
2287 4324 2447 4381 agere
2467 4309 2533 4364 ad
2564 4322 2750 4365 omnes
2778 4310 3131 4364 removendos
3162 4309 3375 4374 obices;
3406 4311 3490 4364 ubi

1913 4411 2089 4457 autem
2118 4411 2261 4455 tanta
2294 4400 2630 4470 deccrpenda
2656 4409 2740 4456 est
2770 4399 2989 4466 utilitas,
3029 4402 3405 4471 occupationes
3441 4412 3497 4455 et

1914 4493 2148 4562 inopiam
2180 4489 2699 4547 deﬂerc?C:eterum
2731 4491 2886 4561 siqui
2911 4491 2976 4544 ita
3011 4506 3272 4560 pauperes
3293 4505 3486 4558 essent,

1915 4597 2128 4654 possent
2153 4601 2214 4641 ex
2252 4586 2465 4641 assidua
2496 4586 2582 4640 hic
2612 4585 2721 4640 fieri
2758 4586 2912 4639 solita
2944 4585 3195 4651 lectione,
3248 4584 3379 4638 nihil
3426 4600 3492 4638 ev

1912 4684 1977 4736 iis
2007 4700 2126 4753 quze
2171 4684 2363 4739 divina:
2403 4682 2693 4751 Scripturm
2720 4681 2999 4736 continent
3038 4681 3305 4751 ignorare.
3340 4678 3490 4745 Quod

1910 4774 1953 4826 si
1986 4774 2036 4828 id
2062 4766 2393 4845 impossibile
2429 4774 2579 4828 vobis
2611 4773 2858 4827 videatur
2884 4788 3024 4836 esse,
3079 4789 3184 4825 non
3228 4772 3497 4825 immerito

1911 4864 2138 4921 videtur.
2181 4866 2320 4919 lllulti
2370 4865 2511 4918 enim
2558 4881 2663 4917 non
2717 4878 2960 4933 magnam
2994 4864 3206 4917 lettioui
3237 4863 3491 4917 attentio-

1911 4971 2033 5010 nem
2063 4955 2336 5019 adhibent,
2366 4956 2459 5008 sed
2493 4950 2722 5009 lectione
2763 4953 3121 5022 perfunctorie
3146 4954 3344 5018 audita,
3384 4963 3495 5007 sta-

1910 5047 2003 5099 tim
2031 5045 2251 5100 domum
2290 5059 2350 5099 se
2391 5044 2675 5114 recipiunt.
2720 5043 2870 5110 Quod
2905 5045 2949 5097 si
2986 5045 3073 5113 qui
3106 5044 3418 5105 manserint,
3453 5043 3488 5096 ii

1909 5153 2014 5191 non
2058 5136 2279 5191 meliore
2307 5144 2432 5189 sunt
2455 5135 2784 5199 conditione,
2814 5149 2972 5204 quam
3004 5137 3093 5203 qui
3128 5143 3482 5198 recesserunt,

1906 5239 2136 5294 corpore
2175 5225 2348 5279 solum
2382 5234 2696 5294 prteseutes.
2736 5222 2844 5277 Sed
2872 5238 2938 5277 ne
2964 5222 3191 5291 amplius
3218 5222 3488 5290 querimo-

1909 5319 2008 5371 niis
2037 5333 2131 5372 vos
2161 5317 2319 5370 tmdio
2345 5317 2661 5380 aﬂiciamus,
2712 5330 2847 5369 neve
2887 5316 2938 5368 in
2969 5314 3477 5382 reprehensionibus

1908 5415 2298 5475 totumtempus
2325 5416 2576 5469 teramus,
2601 5404 2874 5474 Evangelii
2898 5403 3055 5456 verba
3079 5404 3479 5473 aggrediamur:

1910 5509 2118 5568 tempus
2146 5498 2288 5550 enim
2317 5507 2399 5551 e-t
2433 5509 2487 5549 ut
2512 5513 2622 5549 rem
2661 5494 2983 5563 propositam
3011 5494 3349 5561 attingamus.
3377 5492 3483 5546 Sed

1907 5593 2140 5645 animout
2168 5590 2433 5652 adhibete,
2482 5605 2547 5640 ne
2579 5587 2703 5655 quid
2735 5602 2829 5640 vos
2864 5586 3125 5640 dictorum
3151 5586 3384 5656 cllngiat.
3419 5586 3484 5638 ιζ(

1909 5684 2107 5734 rerbinu
2146 5697 2263 5733 coro
2300 5680 2486 5746 factum
2529 5690 2623 5741 est,
2658 5688 2702 5730 et
2741 5677 2985 5731 habitarit
3027 5678 3079 5729 in
3123 5679 3280 5730 nobis.
3330 5676 3484 5727 Post-

1908 5788 2068 5841 quam
2099 5771 2297 5823 dixerat
2326 5771 2436 5821 ilius
2470 5770 2555 5836 qui
2585 5783 2705 5823 cum
2737 5780 3075 5838 receperunt.
3108 5785 3170 5818 οἳ
3202 5770 3302 5819 μεθ
3334 5776 3490 5818 natos

3127 5883 3156 5909 υ
