4370 6306
644 349 723 405 ’το
1406 339 1463 394 s.
1494 336 1776 394 JOANNIS
1813 332 2278 391 cunvsosronl
2316 333 2628 390 ARClliEP.
2671 298 3197 392 coasraa'rtxor.
3863 340 3932 397 to

654 473 706 515 et
741 462 833 517 Dei
862 460 999 514 lilios
1024 471 1142 512 esse
1164 496 1180 522 ,
1233 452 1515 509 inell‘abilis
1553 451 1710 521 hujus
1755 448 1977 504 honoris
2012 461 2229 502 causam

655 553 828 620 al‘I‘ert,
879 551 1015 605 hanc
1042 563 1255 619 nempe,
1285 547 1428 617 quod
1454 544 1695 600 Verbum
1714 556 1859 597 Icaro
1890 541 2085 595 factum
2127 541 2231 607 sit,

657 654 711 699 et
737 642 1010 697 Dominus
1030 640 1173 695 servi
1203 637 1430 692 formam
1454 633 1746 702 acceperit.
1768 631 1945 685 “Filius
1970 630 2112 684 enim
2136 627 2233 683 ho-

609 783 614 799 ,
656 734 811 788 minis
855 730 1078 786 effectus
1116 738 1218 793 est,
1248 742 1391 783 (cum
1434 738 1594 780 verus
1637 718 1927 777 Dei-filius
1953 728 2127 786 ιεςρι,
2176 727 2237 772 ut

659 816 904 878 homines
945 820 1040 875 Dei
1083 818 1218 873 lilios
1263 817 1521 871 el'liceret.
1561 813 1799 868 Sublime
1845 824 2074 879 namque
2112 823 2234 862 cum

656 913 846 970 humili
870 925 1109 974 versans,
1133 908 1266 964 nihil
1293 908 1345 961 iu
1370 906 1538 977 gloria
1570 906 1669 958 sua"
1688 903 1917 967 laeditur,
1949 898 2080 953 illud
2109 914 2235 953 vero

654 1023 721 1062 ex
766 1008 928 1061 multa
970 1003 1128 1074 erigit
1174 1000 1530 1055 humilitate:
1571 995 1710 1067 quod
1743 1004 1795 1050 et
1823 994 1873 1048 in
1901 993 2114 1047 Christo
2145 990 2222 1044 fa-

653 1108 799 1152 ctum
846 1104 949 1151 est.
984 1093 1236 1149 Naturam
1273 1091 1469 1160 quippe
1503 1101 1652 1142 suam
1696 1085 1787 1139 tali
1831 1084 2094 1139 descensu
2125 1095 2231 1135 non

656 1188 879 1253 minuit;
908 1200 1110 1255 nosque
1137 1185 1224 1254 qui
1250 1183 1302 1237 in
1335 1180 1623 1252 ignominia
1650 1187 1709 1234 ct
1746 1175 2068 1232 intenebris
2090 1188 2231 1229 sem-

659 1292 756 1349 per
795 1272 1160 1339 versabamur,
1206 1272 1272 1327 ad
1300 1271 1522 1342 gloriam
1553 1269 1723 1324 erexit
1749 1266 2097 1321 ineffabilem.
2146 1264 2235 1318 Sic

657 1379 713 1424 et
738 1384 829 1424 rex
857 1383 977 1424 eum
1010 1378 1297 1436 pauperem
1341 1371 1395 1418 et
1440 1360 1740 1417 mendicum
1784 1356 2232 1427 alloquiturwm

660 1458 839 1515 studio
864 1467 918 1515 et
958 1454 1350 1522 benevolentia,
1391 1452 1519 1508 nihil
1549 1461 1704 1521 turpe
1731 1450 1879 1513 facit,
1925 1449 2073 1503 illum
2107 1462 2234 1502 vero

663 1551 801 1621 apud
846 1563 1034 1606 omnes
1074 1549 1335 1604 illustrem
1385 1562 1446 1601 ac
1487 1544 1824 1615 splendidum
1857 1540 2049 1597 reddit.
2082 1537 2234 1605 Quod

655 1640 702 1696 si
747 1640 801 1697 in
845 1641 932 1696 illa
977 1640 1264 1695 adventitia
1289 1651 1510 1709 prorsus
1536 1635 1812 1689 hominum
1844 1633 2104 1702 dignitate
2136 1631 2235 1683 ho-

659 1732 982 1786 noratiorem
1053 1745 1174 1785 cum
1244 1727 1419 1784 viliori
1470 1724 1804 1781 consuetudo
1856 1724 1987 1779 nihil
2030 1721 2232 1785 'l:edit:

660 1822 828 1876 multo
873 1822 1051 1876 minus
1093 1818 1448 1875 immortalem
1495 1833 1555 1872 ac
1587 1816 1796 1873 beatam
1823 1816 1968 1870 illam
2000 1815 2240 1869 substan-

661 1914 809 1980 tiam,
841 1927 959 1983 qua:
988 1912 1118 1967 nihil
1146 1910 1494 1968 adventitium
1522 1909 1709 1975 habet,
1743 1909 1874 1964 nihil
1903 1907 2045 1978 quod
2074 1908 2238 1962 modo

658 2002 817 2067 adsit,
865 2002 1024 2057 modo
1059 2001 1218 2068 absit,
1261 2000 1356 2056 sed
1386 2000 1562 2054 omnia
1589 1999 1726 2053 bona
1754 2001 1972 2053 immota
2000 2006 2054 2053 et
2079 1997 2143 2051 ad
2173 1998 2236 2051 li-

658 2107 781 2148 nem
825 2107 992 2164 usque
1037 2091 1332 2148 manentia.
1366 2089 1549 2160 Itaque
1578 2104 1703 2145 cum
1731 2088 1985 2155 audieris,
2006 2087 2238 2143 ’Verbmtt

658 2202 778 2240 caro
818 2191 1007 2257 factum
1051 2195 1159 2249 est,
1188 2201 1276 2241 ene
1325 2186 1577 2251 turbet-is,
1633 2200 1701 2240 ne
1745 2182 2014 2240 concidas.
2052 2182 2238 2253 Neqtte

660 2275 805 2328 enim
844 2275 1143 2331 substantia
1185 2275 1386 2330 decidit
1427 2276 1480 2329 in
1531 2290 1746 2331 carnem
1786 2274 2045 2345 (impium
2092 2274 2236 2328 enim

661 2372 804 2418 esset
835 2362 885 2418 id
913 2363 995 2420 vel
1024 2364 1331 2435 cogitare),
1377 2363 1473 2419 seti
1525 2379 1750 2420 tnaucns
1790 2363 1937 2436 quod
1983 2371 2118 2428 erat,
2161 2362 2240 2418 sic

660 2452 884 2508 fortnam
915 2456 1055 2510 servi
1085 2455 1313 2526 accepit.

728 2543 783 2597 Ξ.
811 2542 919 2598 Cur
936 2553 1112 2599 autem
1149 2544 1241 2599 illo
1270 2544 1452 2609 verbo,
1480 2540 1704 2599 Factum
1733 2555 1825 2612 est,
1860 2560 1986 2600 usus
2014 2555 2097 2601 est
2116 2541 2241 2601 ?‘Ut

662 2633 1032 2689 haereticorum
1059 2649 1150 2689 ora
1190 2634 1491 2691 Obstrueret
1519 2633 1781 2706 (a).;Quia
1821 2637 1961 2690 enim
2002 2643 2127 2691 sunt
2152 2637 2240 2706 qui

660 2724 862 2788 dicant,
884 2740 944 2781 ea
967 2742 1084 2797 quae
1105 2727 1520 2783 incarnationem
1539 2736 1870 2797 spectarent,
1911 2729 2240 2798 phantasiam

663 2822 718 2869 et
747 2814 1049 2882 ﬁgmentum
1075 2830 1216 2880 esse,
1248 2824 1301 2870 ut
1351 2831 1535 2871 eorum
1570 2816 1949 2886 blasphemiam
1977 2818 2042 2872 de
2069 2816 2242 2872 medio

665 2903 852 2959 tollere
874 2914 1233 2974 prteverterct,
1257 2905 1380 2960 illud
1406 2904 1645 2970 verbum,
1674 2904 1885 2959 Factum
1911 2914 2001 2971 est,
2026 2906 2198 2974 posuit
2226 2924 2238 2959 :

666 3009 771 3049 non
812 3004 870 3049 ιιι
919 2995 1262 3052 mutationem
1304 2997 1634 3062 substantiae,
1664 2996 1830 3061 absit,
1872 2995 1965 3049 sed
2012 3006 2069 3049 ut
2105 3010 2244 3050 verte

662 3085 839 3139 carnis
854 3086 1271 3156 assumptionem
1289 3086 1604 3141 declararet.
1628 3086 2080 3155 Quemadmodum
2100 3087 2241 3142 enim

662 3188 785 3228 cum
827 3174 976 3241 dicit,
1023 3174 1249 3230 Christus
1293 3193 1385 3231 nos
1420 3177 1647 3231 liberat-it
1688 3178 1751 3231 de
1783 3177 2048 3232 tttaledicto
2088 3176 2241 3248 legis,

661 3263 828 3332 factus
857 3281 950 3336 pro
978 3265 1118 3320 nobis
1147 3267 1464 3321 maledictum
1501 3266 1643 3336 (ϐαι.
1674 3268 1726 3322 '5.
1761 3266 1867 3336 t5),
1897 3282 2003 3322 non
2042 3267 2244 3338 signiﬁ-

664 3365 750 3409 cat
786 3356 1132 3412 substantiam
1161 3371 1312 3412 suam
1341 3372 1370 3411 a
1397 3357 1564 3428 gloria
1604 3357 1994 3422 abscedentem,
2038 3359 2088 3412 iu
2128 3374 2243 3412 ma—

668 3446 918 3503 ledictum
956 3462 1162 3503 versam
1201 3463 1321 3504 esse
1348 3447 1501 3519 (illud
1540 3450 1679 3503 enim
1713 3465 1779 3504 ne
1815 3449 2086 3504 diemones
2124 3450 2243 3520 qui-

663 3536 807 3602 dem,
840 3553 1013 3609 noque
1042 3539 1127 3596 vel
1166 3539 1464 3595 SlulliSsittti
1495 3548 1549 3595 et
1584 3551 1826 3595 amentes
1863 3539 2241 3611 cogitaverim;

668 3638 865 3684 tantam
899 3645 1089 3701 nempe
1120 3630 1258 3701 sapit
1302 3630 1428 3686 illud
1457 3646 1579 3686 cum
1609 3631 1877 3702 impietate
1904 3632 2243 3702 conjunctam

665 3717 965 3791 stultitiam)
996 3736 1010 3774 :
1042 3735 1148 3777 non
1189 3722 1347 3792 igitur
1371 3720 1473 3777 hoc
1498 3723 1644 3785 dicit,
1688 3723 1783 3777 sed
1804 3723 1987 3792 ipsum
2029 3733 2246 3796 accepto

666 3809 777 3876 illo,
805 3811 945 3881 quod
970 3822 1157 3866 contra
1185 3827 1280 3866 nos
1306 3820 1440 3879 erat,
1462 3811 1772 3877 maledicto,
1808 3828 1912 3867 non
1947 3814 2122 3869 sinere
2147 3832 2247 3870 nos

664 3903 891 3971 amplius
921 3903 1232 3959 maledictos
1258 3917 1376 3958 esse
1408 3921 1421 3959 :
1454 3905 1531 3958 sic
1555 3912 1608 3957 ct
1643 3903 1744 3958 hoc
1772 3902 1889 3958 loco
1912 3904 2041 3958 dicit
2074 3905 2243 3976 ipsum

665 4006 879 4048 carnem
916 3993 1106 4049 factum
1134 4010 1272 4059 esse,
1303 4010 1407 4048 non
1441 4005 1638 4049 mutata
1670 3993 1960 4049 iuearucm
1997 3995 2244 4050 substan-

666 4083 757 4148 tia,
791 4084 884 4139 sed
916 4093 1034 4153 post
1070 4096 1341 4157 acceptam
1369 4101 1586 4142 carnem
1628 4084 1716 4141 illa
1752 4086 1944 4142 intacta
1973 4097 2243 4142 manente.

666 4173 819 4240 Quod
847 4175 891 4228 si
922 4174 1170 4239 dixerint,
1205 4177 1369 4231 Deum
1405 4186 1459 4230 ut
1498 4177 1586 4246 qui
1616 4176 1792 4231 omnia
1831 4178 2012 4245 possit,
2047 4178 2100 4232 in
2131 4192 2245 4231 ear-

666 4281 789 4322 nem
834 4266 1082 4326 decidere
1124 4269 1363 4340 potuisse
1409 4284 1422 4321 :
1467 4268 1909 4338 respondebimus
1953 4268 2077 4336 illis,
2124 4285 2246 4324 eum

667 4360 844 4414 omnia
876 4374 1031 4429 posse
1052 4360 1226 4416 donec
1251 4368 1428 4415 manet
1454 4359 1634 4426 Deus;
1675 4360 1768 4416 sed
1810 4359 1853 4414 si
1899 4361 2243 4416 mutationem

665 4450 958 4516 admiserit,
989 4452 1095 4506 imo
1122 4451 1469 4506 mutationem
1500 4452 1555 4506 in
1600 4454 1770 4522 pejus,
1800 4452 2066 4522 quomodo
2109 4452 2246 4508 Deus

667 4537 865 4595 fuerit?
888 4538 1020 4594 Nam
1050 4540 1263 4605 nmtari,
1298 4539 1453 4611 longe
1483 4548 1567 4595 est
1593 4540 1662 4595 ab
1702 4542 1987 4595 immortali
2022 4542 2107 4595 illa
2148 4559 2213 4596 na
2234 4573 2246 4581 ο

668 4637 804 4681 tura.
830 4629 1164 4698 Quapropter
1183 4628 1439 4700 propheta
1467 4629 1675 4685 dicebat
1703 4631 1928 4687 :Omnea
1948 4631 2074 4685 sicut
2103 4632 2248 4686 reui-

667 4724 887 4769 mcnluot
930 4728 1253 4781 reterascem,
1303 4730 1349 4773 et
1387 4718 1514 4774 sicut
1550 4720 1856 4790 opertorium
1892 4720 2105 4773 mulabis
2139 4738 2242 4784 eos,

664 4816 711 4861 et
740 4812 1078 4864 mutabuntur.
1114 4807 1194 4865 Tu
1217 4818 1382 4865 natlem
1410 4811 1543 4864 idem
1575 4812 1683 4880 ipse
1704 4828 1778 4876 es,
1804 4821 1852 4865 et
1877 4812 2000 4864 anni
2029 4812 2102 4864 tui
2145 4828 2248 4865 non

665 4898 898 4968 deﬁciam
919 4897 1087 4969 (Prol.
1124 4902 1244 4957 101.
1267 4900 1383 4973 27).
1415 4902 1536 4956 Ihec
1565 4904 1759 4973 quippe
1787 4904 2078 4959 substantia
2098 4903 2243 4959 omni

663 4990 956 5045 tnutatiouc
994 4992 1238 5060 superior
1275 5002 1374 5046 est.
1424 4991 1605 5063 Neque
1646 4993 1786 5046 aliud
1840 4994 2109 5065 quidpiam
2155 4995 2245 5048 illo

663 5081 853 5136 melius
884 5090 987 5147 est,
1020 5092 1075 5138 ut
1109 5082 1435 5154 proﬁciendo
1473 5085 1640 5156 possit
1679 5084 1743 5141 ad
1772 5086 1897 5140 illud
1938 5089 2240 5157 pervenire.

723 5253 796 5317 (α)
829 5256 911 5305 llic
941 5254 1051 5321 illos
1082 5258 1345 5321 insectatur
1366 5257 1640 5315 hazretieos,
1661 5258 1746 5321 qui
1783 5266 2012 5321 [murem
2042 5259 2241 5309 simula-

662 5322 758 5388 tam
793 5328 906 5388 esse
941 5317 1352 5388 Incuruationom;
1377 5332 1557 5388 nempe
1589 5317 1898 5388 simulatione
1931 5329 1982 5371 et
2014 5323 2241 5388 σψὶιιίοιιιε

662 5384 848 5445 tantum
873 5380 920 5427 iu
941 5381 1371 5445 carneadvenisse
1394 5380 1633 5445 Ve_rbum_
1657 5380 1959 5445 eti'tttientes,
1986 5380 2131 5443 δωρεσιι
2152 5384 2243 5432 sci-

662 5434 793 5494 licet,
826 5451 938 5494 qute
962 5452 1053 5488 vox
1091 5442 1225 5490 initio
1258 5443 1501 5491 nascentis
1532 5441 1759 5490 Ecclesia:
1790 5454 1817 5490 a
1851 5434 2158 5492 uorhtorilms
2177 5446 2244 5490 in-

659 5495 806 5569 ducta
838 5495 954 5556 fuit,
987 5503 1242 5569 ut_\’i_deas
1262 5503 1397 5569 apud
1424 5502 1667 5569 lgnatium
1702 5502 1916 5564 Epistula
1948 5504 2008 5551 ad
2043 5503 2241 5552 Trallia-

662 5569 770 5628 ιιοο,
797 5560 1014 5622 ἰιοιικιιιθ
1037 5560 1191 5628 Epist:
1215 5563 1276 5612 ad
1294 5560 1560 5628 Smyru'geos
1605 5560 1927 5628 lliatn'attten
1952 5578 2122 5613 vocem
2158 5572 2241 5628 Ia-

662 5622 765 5669 tiue
788 5622 1090 5686 conversam
1117 5622 1269 5686 babes
1300 5622 1425 5684 apud
1462 5624 1725 5678 lreuzeum.
1749 5626 1832 5674 ubi
1867 5632 2014 5683 δοκήσιι
2038 5623 2242 5686 putatire

661 5682 949 5747 exprimitur
974 5681 1105 5747 libro
1127 5684 1239 5741 I,ct
1268 5681 1608 5745 mouentibus.
1634 5681 2052 5747 Subindcque—aiii
2165 5695 2242 5736 Pa-

662 5746 765 5792 tres
789 5744 910 5793 hanc
934 5745 1160 5795 haeresim
1182 5744 1636 5794 commentorarunt.

2340 448 2476 516 Quid
2503 447 2622 502 dico
2661 448 2889 504 melius?
2928 449 3065 505 Nihil
3093 452 3141 504 ei
3182 466 3279 521 par
3305 463 3404 517 est,
3451 454 3530 508 vel
3572 454 3839 510 tantillum
3863 459 3935 513 ad

2340 541 2487 594 iilum
2513 541 2729 596 accedit.
2767 540 3020 612 Sequitur
3041 557 3170 613 ergo
3201 544 3370 614 ipsum
3399 545 3451 598 in
3484 545 3634 615 pejus
3666 557 3927 603 mutatum

2341 644 2460 685 esse
2480 631 2784 686 si'mutatus
2809 635 2895 686 sit.
2930 632 3041 688 Hoc
3060 642 3240 688 autem
3274 648 3378 689 non
3408 644 3583 705 potest
3611 636 3754 691 Deus
3789 651 3925 692 esse.

2342 720 2446 776 Sed
2481 722 2806 792 blasphemia
2837 723 2888 777 in
2914 734 3072 793 caput
3099 741 3306 790 eorum,
3349 729 3437 796 qui
3481 726 3596 782 hmc
3629 727 3928 797 proferunt,

2324 820 2595 866 'vcrtalur.
2617 811 2768 878 Quod
2788 814 2939 869 enim
2975 815 3127 880 illud,
3166 815 3383 870 Factum
3410 826 3509 884 est,
3569 817 3692 874 ideo
3728 819 3929 874 dictum

2327 905 2429 971 sit,
2462 914 2520 960 ut
2545 921 2611 961 ne
2641 905 2972 976 phantasiam
2996 922 3115 963 esse
3141 910 3447 978 suspiceris,
3479 910 3843 966 animadverte
3862 927 3929 966 ex

2341 995 2404 1050 iis
2430 1012 2550 1067 qua:
2575 1007 2889 1067 sequuntur,
2919 1000 3186 1069 quomodo
3235 1010 3290 1055 et
3323 1002 3520 1056 dictum
3553 1002 3680 1056 illud
3706 1011 3763 1057 et
3804 1018 3929 1072 pra-

2339 1100 2459 1141 vam
2492 1088 2626 1143 hanc
2675 1090 3029 1158 suspicionem
3075 1101 3358 1163 expurget.
3410 1091 3599 1148 Subdit
3646 1093 3813 1158 enim,
3859 1092 3925 1146 Et

2316 1177 2580 1232 =Imbitavit
2605 1179 2657 1232 in
2683 1180 2845 1245 nobis,
2876 1194 2941 1235 ac
2981 1181 3024 1234 si
3056 1181 3255 1237 diceret
3284 1199 3301 1238 :
3329 1183 3471 1238 Nihil
3501 1183 3793 1238 absurdum
3835 1199 3926 1238 su-

2340 1269 2561 1339 spiceris
2581 1284 2646 1324 ex
2669 1270 2769 1326 hoc
2793 1271 2962 1338 dicto,
2993 1272 3207 1327 Factum
3230 1285 3320 1330 est.
3361 1274 3478 1330 Non
3507 1277 3649 1331 enim
3676 1277 3927 1332 immuta-

2318 1359 2462 1413 'bilis
2509 1369 2711 1415 natura:
2759 1364 3140 1430 mutationem,
3200 1365 3294 1421 sed
3353 1365 3736 1422 habitationem
3788 1368 3926 1422 dixi.

2342 1449 2604 1505 Habitatio
2624 1460 2802 1507 autem
2847 1468 2952 1507 non
2993 1454 3218 1524 idipsum
3247 1465 3328 1512 est
3371 1456 3512 1527 quod
3540 1456 3923 1522 habitaculum,

2340 1539 2434 1594 sed
2463 1539 2626 1595 aliud.
2654 1541 2808 1598 Aliud
2838 1543 2980 1599 enim
3006 1544 3057 1598 in
3084 1544 3189 1600 alio
3212 1545 3408 1600 habitat
3433 1562 3447 1612 ;
3479 1546 3613 1601 alias
3646 1547 3790 1602 enim
3819 1563 3921 1602 non

2341 1640 2483 1686 esset
2511 1630 2765 1687 habitatio
2798 1651 2812 1687 :
2842 1634 2975 1689 nihil
3015 1636 3156 1690 enim
3201 1636 3253 1691 in
3297 1637 3477 1707 seipse
3509 1635 3734 1692 habitat.
3768 1638 3923 1692 Aliud

2344 1736 2469 1774 vero
2493 1720 2605 1775 dixi
2630 1722 2918 1778 secundum
2945 1724 3317 1780 substantiam.
3347 1726 3479 1781 Nam
3502 1727 3705 1782 unitate
3727 1736 3926 1782 et‘con-

2338 1810 2611 1879 junctione
2639 1812 2779 1868 Deus
2810 1813 3040 1870 Verbum
3071 1824 3125 1871 et
3147 1832 3274 1871 caro
3296 1833 3460 1873 unum
3480 1827 3608 1873 sunt
3633 1835 3647 1872 :
3676 1818 3795 1872 sine
3825 1818 3926 1873 ulia

2342 1899 2671 1969 confusione,
2692 1903 2774 1958 vel
2795 1905 3207 1961 substantiarum
3230 1908 3518 1974 ablatione,
3541 1908 3635 1963 sed
3655 1923 3748 1977 per
3771 1907 3927 1961 unio-

2344 2006 2463 2048 nem
2486 1993 2804 2050 ineffabilem
2845 1997 3392 2069 iuexplicabilcmque.
3433 1999 3715 2066 Quomodo
3747 2010 3926 2056 autem

2343 2083 2394 2139 id
2447 2086 2532 2140 llat
2584 2100 2650 2149 ne
2686 2102 2928 2157 quaeras;
2977 2087 3171 2145 factum
3200 2099 3282 2144 est
3311 2090 3453 2145 enim
3498 2101 3556 2145 ut
3597 2091 3712 2159 ipse
3758 2092 3923 2145 novit.

2342 2173 2621 2242 Quodnam
2654 2191 2782 2247 ergo
2821 2177 2920 2233 fuit
2966 2178 3347 2243 habitaculum,
3391 2181 3444 2234 in
3486 2195 3592 2251 quo
3634 2180 3928 2235 habitavit?

2344 2266 2480 2321 Audi
2527 2267 2838 2337 prophetam
2884 2268 3148 2323 dicentem
3195 2286 3208 2322 :
3252 2269 3516 2324 Suscitabo
3546 2269 3927 2324 tabernaculum

2344 2355 2530 2425 David,
2555 2359 2690 2429 quod
2715 2360 2890 2415 cecidit
2912 2360 3108 2430 (.imos.
3132 2361 3183 2417 9.
3216 2361 3324 2432 11).
3356 2361 3494 2417 Vere
3522 2378 3756 2431 namque
3780 2363 3925 2417 ceci-

2344 2448 2439 2509 dit,
2467 2450 2657 2504 cecidit
2694 2459 2877 2505 natura
2909 2461 3086 2506 nostra
3137 2468 3264 2507 casu
3294 2454 3593 2519 iucurabili,
3637 2462 3687 2507 et
3719 2456 3923 2523 potemi

2347 2539 2433 2595 illa
2463 2557 2620 2596 manu
2648 2543 2761 2596 sola
2787 2543 2997 2614 egebat.
3030 2543 3210 2614 Neque
3233 2546 3372 2599 enim
3404 2555 3612 2614 poterat
3634 2546 3742 2599 alio
3767 2546 3927 2601 modo

2345 2651 2645 2706 resurgere,
2676 2637 2776 2690 nisi
2807 2636 2852 2691 is
2880 2636 2968 2707 qui
2997 2636 3047 2691 in
3075 2638 3335 2708 principio
3361 2638 3503 2693 illam
3529 2637 3923 2701 cﬂ'ormaterat,

2347 2726 2446 2794 ἰ,ιε,ἱ
2478 2741 2691 2781 manum
2718 2727 3062 2796 perrexisset,
3086 2737 3135 2782 et
3158 2744 3389 2797 superne
3416 2728 3557 2782 illam
3585 2731 3927 2783 reformasset

2347 2830 2443 2884 per
2470 2830 2619 2887 aqua:
2660 2818 3114 2887 regenerationem
3157 2827 3213 2874 et
3247 2818 3494 2888 Spiritus.
3525 2818 3593 2874 Et
3635 2818 3755 2873 vide
3794 2817 3923 2871 mihi

2332 2907 2672 2963 horrendum
2700 2916 2754 2962 ct
2776 2923 3027 2964 arcanum
3049 2910 3381 2982 mysterium.
3403 2910 3628 2979 Semper
3644 2909 3844 2962 habitat
3872 2908 3925 2961 it:

2348 2997 2449 3053 hoc
2504 3000 2845 3054 tabernaculo
2879 3020 2892 3057 :
2922 3014 3140 3058 carnem
3194 3002 3391 3072 quippe
3445 3010 3677 3055 nostram
3735 3000 3925 3062 ind..it,

2349 3107 2452 3144 non
2485 3102 2538 3145 ut
2576 3102 2755 3160 postea
2799 3092 3142 3163 relinqueret,
3188 3092 3280 3149 sed
3312 3092 3453 3146 illaut
3495 3106 3707 3161 semper
3745 3106 3927 3146 secum

2350 3182 2639 3237 habiturus.
2675 3183 2783 3237 Nisi
2815 3184 2959 3239 enim
2981 3183 3083 3239 hoc
3101 3191 3264 3246 esset,
3296 3198 3400 3238 non
3432 3183 3574 3237 illam
3606 3182 3754 3252 regio
3791 3180 3931 3235 solio

2348 3277 2593 3346 dignatus
2609 3285 2772 3342 esset,
2796 3290 2968 3347 neque
2985 3276 3150 3345 ipsam
3173 3274 3348 3331 ferens
3365 3274 3681 3329 adoraretur
3696 3274 3765 3328 ab
3784 3273 3927 3327 omni

2347 3369 2543 3423 molesti
2590 3368 2850 3434 exercitu,
2892 3365 3222 3437 ab‘angelis,
3271 3365 3642 3443 archangelis,
3698 3364 3924 3427 tbronis,

2348 3459 2833 3526 dominationibus,
2894 3458 3314 3530 principatibus,
3373 3459 3741 3528 potestatibus.
3799 3456 3931 3525 Quis

2347 3566 2546 3615 sermo,
2572 3567 2690 3621 qum
2711 3566 2885 3617 mens,
2920 3560 3122 3606 tantum
3165 3551 3310 3604 illum
3337 3548 3595 3605 honorem
3624 3549 3804 3619 generi
3834 3564 3929 3603 no-

2340 3652 2460 3697 stro
2482 3643 2755 3707 collatum,
2804 3642 3265 3712 supernaturalem
3315 3641 3461 3695 illum
3506 3649 3561 3695 et
3605 3638 3929 3695 horrendum

2348 3733 2615 3802 explicare
2646 3734 2878 3802 poterit?
2927 3732 3056 3800 Quis
3098 3733 3350 3804 angelus?
3377 3731 3496 3802 quis
3535 3730 3931 3800 archangelus?

2344 3824 2536 3879 Nullus
2563 3825 2891 3895 usquam‘vel
2919 3826 2969 3879 in
3000 3825 3132 3881 casio
3163 3825 3242 3880 vel
3283 3824 3336 3879 in
3366 3832 3529 3880 terra.
3557 3824 3703 3879 Talia
3733 3826 3932 3894 quippe

2349 3924 2475 3971 sunt
2495 3916 2588 3972 Dei
2620 3932 2803 3987 opera,
2831 3927 2972 3971 tanta
3003 3927 3216 3989 tamque
3240 3917 3659 3987 supernaturalia
3686 3916 3804 3985 ejus
3835 3916 3929 3970 bc-

2350 4006 2559 4071 nciicia,
2585 4017 2641 4062 nt
2668 4024 2771 4062 non
2802 4009 2959 4063 modo
2980 4008 3263 4064 humanam
3288 4009 3541 4077 linguam,
3565 4007 3658 4062 sed
3684 4014 3742 4062 et
3764 4020 3931 4076 ange-

2351 4099 2506 4157 licam
2553 4100 2801 4155 virtutem
2854 4108 3070 4170 superet
3120 4114 3308 4156 eorum
3365 4106 3612 4154 accurata
3673 4100 3928 4154 narratio.

2351 4188 2706 4257 Quamobrem
2734 4204 2833 4245 nos
2861 4191 3172 4245 concionem
3197 4190 3333 4245 hanc
3353 4189 3567 4245 silentio
3594 4187 3927 4255 claudemus,

2350 4298 2468 4337 eum
2510 4298 2606 4337 vos
2653 4284 3034 4349 nlonnerimus,
3077 4293 3138 4339 ut
3176 4283 3506 4339 benefactori
3554 4290 3708 4338 tanto
3756 4283 3930 4338 vicem

2352 4375 2674 4444 rependatis,
2703 4375 2856 4444 cujus
2889 4376 2965 4430 rei
2993 4376 3198 4430 lucrum
3238 4383 3408 4429 totum
3442 4375 3595 4429 nobis
3626 4383 3809 4443 postea
3836 4390 3930 4429 re-

2352 4464 2827 4533 pendeturNicem
2845 4476 3020 4519 autem
3036 4464 3395 4535 rependimus,
3420 4465 3463 4518 si
3482 4480 3723 4535 magnam
3738 4464 3932 4519 anima:

2353 4565 2548 4609 nostra:
2596 4569 2777 4609 curam
2823 4553 3136 4609 habeamus.
3184 4554 3316 4609 Nam
3346 4563 3400 4609 et
3434 4553 3542 4609 hoc
3590 4555 3933 4625 benignitatis

2352 4647 2493 4703 illius
2518 4663 2655 4718 Opus
2690 4659 2804 4715 est,
2856 4658 2911 4703 ut
2950 4664 3072 4703 cum
3120 4648 3266 4703 nullo
3317 4657 3559 4703 nostrum
3607 4657 3779 4719 egeat,
3830 4649 3931 4702 sibi

2352 4740 2518 4796 vicem
2547 4740 2763 4810 rependi
2803 4740 2965 4801 dicat,
3008 4755 3131 4795 cum
3172 4755 3269 4795 nos
3295 4741 3527 4794 animam
3555 4749 3793 4795 nostram
3825 4754 3932 4794 non

2350 4831 2686 4903 negligimus.
2715 4829 3068 4897 Quamobrem
3099 4839 3353 4885 extrema:
3390 4829 3640 4885 amentia:
3677 4838 3842 4894 esset,
3881 4841 3937 4886 et

2349 4921 2640 4976 immmcris
2659 4920 2874 4992 dignum
2897 4920 3189 4990 suppliciis,
3223 4929 3426 4974 tantum
3446 4927 3805 4991 consequutus
3838 4918 3938 4973 ho~

2350 5029 2555 5077 IIOI'CIII,
2590 5026 2694 5067 non
2722 5027 2783 5067 ea
2810 5025 2930 5081 quat
2952 5026 3114 5081 penes
3146 5025 3240 5065 IIOS
3269 5020 3394 5064 sunt
3416 5010 3642 5076 referre,
3673 5024 3797 5065 cum
3823 5026 3938 5064 ma-

2351 5103 2491 5158 xime
2536 5111 2642 5156 tota
2684 5101 2761 5157 rei
2808 5101 3005 5157 utilitas
3033 5103 3084 5155 in
3126 5117 3223 5156 nos
3251 5101 3535 5165 redtmdct,
3570 5110 3625 5156 et
3652 5100 3933 5155 innumera

2352 5195 2503 5250 nobis
2530 5194 2581 5249 in
2607 5192 2764 5263 huius
2787 5192 2868 5247 rei
2901 5192 3201 5249 mercedem
3224 5191 3458 5260 reposita
3490 5191 3628 5246 bona
3670 5193 3796 5245 sint.
3832 5190 3936 5243 l‘ro

2350 5284 2432 5342 Itis
2465 5302 2592 5341 vero
2639 5284 2884 5341 omnibus
2930 5283 3159 5353 gloriam
3209 5282 3503 5339 referamus
3554 5283 3938 5351 benignissimo

2351 5374 2480 5443 Deo,
2510 5392 2615 5431 non
2638 5377 2815 5430 verbis
2843 5384 3067 5431 tantum.
3111 5374 3203 5428 scd
3244 5374 3412 5429 multo
3451 5373 3619 5444 magis
3655 5371 3932 5442 Operibus.

2350 5477 2407 5521 ut
2436 5468 2608 5521 futura
2657 5479 3048 5534 consequamur
3094 5464 3231 5517 bona
3271 5482 3285 5518 :
3324 5478 3445 5534 qua:
3495 5464 3697 5517 utinam
3740 5476 3935 5516 omnes

2349 5555 2723 5625 adipiscamur,
2756 5554 2925 5623 gratia
2954 5563 3007 5607 et
3034 5552 3356 5622 benignitate
3388 5551 3595 5606 Domini
3620 5551 3787 5606 nostri
3806 5549 3935 5605 Jesu

2347 5643 2568 5709 Christi,
2595 5658 2690 5713 per
2713 5657 2870 5713 quem
2898 5652 2951 5698 et
2990 5657 3110 5697 cum
3139 5657 3245 5711 quo
3274 5640 3412 5695 Patri
3441 5640 3633 5709 gloria,
3663 5639 3936 5710 simulque

2352 5736 2571 5807 Spiritut
2592 5746 2798 5804 sancto,
2829 5736 2881 5793 in
2907 5734 3101 5791 stecula
3134 5733 3470 5789 saeculorum.
3505 5734 3694 5787 Amen.
