2185 3153
55 86 222 98 κβ..-

243 29 1079 91 κνκκίίκκ-

175 272 204 301 ες
733 262 766 289 IN
788 261 942 290 JOANMZM
959 259 1072 287 ll0.\lll..
1094 259 1150 286 Xll.
1172 260 1205 285 al.
1228 258 1272 285 Kl.
1773 262 1807 289 εξ

177 341 211 346 ,_.
215 330 741 343 s____.._..____—-__._.____..___
746 329 779 333 __.

869 363 1040 393 HOMILIA
1073 363 1143 394 ΧΠ.

178 449 208 477 Et
232 448 338 475 vidimus
361 447 467 482 gloriam
486 446 549 480 ejus,
577 443 684 479 gloriam
704 441 776 475 quasi
801 437 928 474 Uuigruili
948 445 963 462 a

213 523 216 525 λ
336 491 421 522 Patre,
436 491 537 525 plenum
550 489 638 524 gratia:
652 493 674 514 et
688 486 807 513 ueritatis.

213 541 239 566 l.
255 538 335 566 Forte
353 537 412 571 plus
432 544 510 571 quam
533 543 579 570 par
592 537 651 562 erat
665 533 740 560 vobis
758 539 842 565 nuper
859 530 964 557 onerosi

178 591 203 613 et
219 584 322 612 molesti
338 583 445 613 ruimus,
462 582 556 608 acriori
573 581 612 607 usi
625 587 758 610 sermone,
774 583 801 605 et
816 579 892 613 longa
907 585 966 604 con-

179 636 217 657 tra
234 629 377 656 multorum
400 627 528 654 desidiam
542 625 663 651 oratione
677 624 776 651 habita.
792 622 889 649 Verum
903 622 925 649 si
941 621 965 648 id

180 674 317 703 mordendi
337 674 423 701 solent
444 680 522 699 causa
536 671 699 703 fecissemus,
712 670 772 704 jure
782 669 858 696 nobis
871 668 966 702 singuli

180 723 383 750 succensereut;
396 719 417 746 si
434 726 496 745 vero
513 716 653 744 utilitatem
670 720 784 742 vestram
802 717 966 749 spectantes,

180 765 329 792 auditorum
341 764 451 799 gratiam
463 763 530 789 inire
541 769 594 788 non
604 760 765 793 curavimus,
781 759 884 786 etiamsi
896 759 968 785 illam

181 810 315 845 profectus
328 808 409 836 vestri
428 815 530 840 curam,
540 814 619 842 quam
632 806 771 841 gessimus,
779 808 913 839 acceptam
924 803 969 830 ha-

183 857 245 883 bere
260 855 360 888 nolitis,
383 854 466 881 amori
484 853 577 881 saltem
593 857 685 879 nostro
699 851 803 878 veniam
818 849 970 877 concedatis

182 905 295 935 Oportet.
306 900 453 927 Admodum
466 899 534 925 enim
545 899 678 929 timemus,
689 905 721 923 ne
729 896 804 923 nobis
814 902 873 922 cum
883 894 970 921 studio

184 948 266 973 multo
281 945 508 977 conciouautibus,
531 944 606 970 vobis
625 947 712 969 autem
733 941 811 969 dictis
833 941 970 967 attendere

185 993 386 1027 negligentibus.
398 992 532 1025 graviores
546 990 619 1016 vobis
630 989 745 1015 rationes
755 986 897 1014 reddendm
907 987 969 1013 sint.

185 1039 246 1066 ldco
259 1046 340 1072 cogor
355 1045 401 1063 vos
421 1036 572 1071 frequenter
587 1035 702 1062 excitare
715 1038 741 1060 et
757 1032 970 1067 expergefaccre,

187 1084 355 1110 uedictornm
364 1081 496 1116 quidpiam
506 1080 632 1107 inutiliter
641 1078 741 1106 efﬂuat.
751 1078 806 1105 lloc
815 1078 884 1104 euitn
896 1081 972 1111 pacto

186 1129 273 1156 licebit
287 1128 362 1155 vobis
375 1127 486 1154 lidenler
500 1131 526 1153 ct
538 1126 580 1153 hic
595 1125 693 1157 vivere,
709 1129 736 1151 et
751 1124 776 1151 in
793 1123 838 1150 illo
855 1123 898 1150 die
912 1127 973 1149 ante

187 1173 301 1201 tribunal
320 1173 418 1200 Christi
434 1173 550 1199 adstare.
569 1171 634 1204 Quia
654 1170 732 1204 igitur
748 1176 794 1195 vos
814 1176 897 1201 nui-er
910 1168 973 1194 satis

187 1220 400 1254 perstrinximus,
415 1226 462 1253 age
477 1218 555 1245 hodie
570 1218 658 1244 statim
673 1217 727 1250 ipsa
748 1215 826 1242 verba
844 1221 974 1249 proporta-

188 1273 256 1292 Inus.
267 1264 421 1296 Etvidiuma,
432 1258 708 1298 inquit,gl‘oriamejm,
719 1260 901 1296 gloriantqttasi
913 1258 975 1286 Uni-

187 1312 264 1347 genili
272 1320 288 1337 a
302 1310 389 1337 Patre.
404 1310 546 1344 Postquam
561 1309 665 1335 dixerat
679 1315 727 1334 nos
737 1307 804 1333 ﬁlios
813 1305 859 1333 Dei
868 1305 976 1332 cll'ectos

187 1365 257 1390 esse,
273 1361 300 1384 et
314 1356 467 1384 ostenderat
484 1362 535 1382 nan
549 1354 601 1381 alio
615 1353 694 1381 modo
709 1353 734 1379 id
749 1352 881 1382 evertisse,
898 1358 976 1384 quam

189 1402 260 1437 quod
271 1402 386 1429 Verbum
393 1409 455 1428 caro
467 1401 562 1428 factum
573 1404 652 1431 esset,
662 1398 731 1425 aliud
742 1398 802 1424 hinc
811 1397 976 1423 emolument-

190 1454 245 1475 tum
258 1448 411 1483 provcnisse
425 1447 458 1473 di.
469 1447 497 1473 it.
508 1446 645 1479 Quodnam
656 1444 718 1473 illud
728 1448 766 1469 est
774 1443 786 1469 ?
795 1442 910 1471 .l'irlimus
920 1441 977 1476 plo-

190 1495 256 1520 riam
265 1494 329 1528 (jus,
339 1493 444 1527 gloriam
459 1492 530 1527 quasi
545 1490 672 1525 Uuigeuiti
686 1497 701 1515 α
717 1488 809 1516 Patre:
824 1496 875 1514 non
888 1487 979 1521 utique

192 1538 284 1570 visuri,
301 1538 348 1564 nisi
366 1545 412 1572 per
424 1537 524 1564 socium
538 1536 593 1563 sibi.
602 1543 699 1570 corpus
709 1535 784 1561 nobis
802 1533 978 1568 apparuisset.

192 1585 257 1612 Nam
271 1584 292 1611 si
303 1584 401 1619 Moysis
415 1589 515 1610 natura:
537 1587 634 1609 noslrm
652 1581 766 1608 hominis
788 1580 888 1606 vultum
912 1578 981 1606 ferre

195 1634 392 1665 nou.poteraut.
413 1629 482 1656 illius
497 1628 623 1662 temporis
650 1626 780 1659 homines,
804 1626 874 1661 quod
898 1626 981 1660 gloria

195 1676 380 1706 illustraretur,
391 1675 442 1703 srd
466 1675 524 1701 vclo
541 1682 607 1708 optts
625 1673 717 1700 habuit
739 1673 778 1699 vir
799 1673 896 1707 justus,
912 1671 981 1706 quod

196 1722 304 1757 gloriam
325 1721 544 1755 illauLiugeutetn
562 1719 745 1750 obtuubraret,
762 1725 792 1745 ac
806 1720 896 1744 mitem
910 1717 992 1744 biau—v

196 1768 309 1802 damqne
321 1766 456 1801 prophctm
471 1765 562 1792 faciem
579 1764 731 1791 ostenderet
746 1764 754 1778 τ
771 1773 777 1789 ;
790 1762 923 1797 quomodo
936 1769 984 1789 uu-

197 1814 255 1839 dam
270 1813 446 1843 divinitatem,
460 1810 522 1845 ipsis
533 1810 654 1844 supernis
663 1808 803 1835 virtutibus
812 1808 982 1838 inaccessam,

199 1867 247 1887 nos
260 1859 324 1885 lutei
341 1864 366 1885 et
381 1857 562 1886 terrenilerre
574 1865 580 1891 ι
590 1855 771 1883 otuissemus?
786 1854 846 1881 Ideo
859 1854 985 1881 habitavit

200 1904 326 1937 iunobis,
341 1908 371 1931 ut
392 1903 478 1937 ipsum
501 1902 584 1935 adire,
608 1901 716 1936 alloqui,
740 1908 799 1928 cum
815 1900 873 1934 ipso
887 1900 987 1927 versari

201 1951 281 1977 libere
296 1957 444 1986 possemus.

236 1994 324 2022 Gloria
344 1995 416 2031 quasi
439 1994 566 2029 L-‘nigeniti
578 1992 896 2028 quid,sitslutperalorum
910 1999 987 2018 orna-

202 2045 240 2066 Iua
254 2045 276 2067 et
292 2038 502 2072 cttllus.—Qnid
516 2044 604 2065 autem
626 2038 676 2064 sibi
699 2038 754 2064 vult
778 2036 854 2068 illud,
875 2036 987 2063 Gloriatu

204 2087 272 2120 quasi
300 2085 428 2120 L'nigeniti
452 2093 468 2111 α
494 2084 592 2111 Putre?
613 2085 678 2118 Quia
702 2084 777 2110 multi
798 2084 987 2118 prophetarum

204 2132 283 2166 gloria
297 2131 362 2158 clari
384 2130 499 2163 fuerunt,
516 2134 544 2156 ut
559 2130 614 2163 ipse
629 2130 742 2164 Moyses,
766 2129 847 2162 Elias,
864 2129 989 2161 Elismus;

206 2177 247 2204 ille
259 2178 337 2212 igneo
350 2185 430 2203 curru
444 2180 534 2203 vectus
548 2195 555 2205 .
582 2175 624 2203 hic
642 2181 769 2211 receptus
789 2184 795 2203 :
825 2179 852 2202 et
865 2175 991 2209 postillos

207 2222 294 2249 Daniel
304 2227 331 2249 et
343 2226 396 2248 tres
410 2222 493 2256 pueri,
511 2221 607 2256 aliique
626 2221 741 2255 plurimi,
767 2225 896 2255 quotquot
913 2221 990 2248 ntim-

207 2268 261 2295 cnla
277 2272 425 2302 patrarunt,
449 2267 532 2301 gloria
555 2265 685 2301 splendidi
708 2265 781 2292 fuere
796 2274 802 2291 :
820 2266 905 2300 angeli
924 2273 990 2300 quo-

207 2321 266 2347 que,
279 2313 323 2347 qui
339 2313 489 2339 hominibus
503 2315 691 2346 apparuerunt,
707 2315 733 2342 et
749 2315 850 2338 natura:
868 2319 922 2338 sum
942 2311 993 2339 [ul-

207 2367 295 2393 goretn
312 2359 463 2387 hominibus
482 2357 656 2385 exhibueruut
673 2367 679 2384 τ
695 2366 780 2392 neque
799 2358 884 2393 angeli
896 2359 993 2390 solum,

208 2404 251 2430 sed
266 2404 346 2431 etiam
367 2403 510 2431 Cherubini
522 2408 551 2431 et
570 2402 708 2437 Serapltini
721 2411 780 2430 ctmt
801 2403 883 2438 gloria
901 2411 993 2437 magna

210 2449 342 2484 prophetze
358 2456 505 2483 apparuere
524 2457 530 2475 :
552 2449 584 2475 ab
597 2448 680 2475 .hisee
706 2456 784 2483 porro
806 2448 928 2475 omnibus
947 2457 996 2475 nos

210 2500 333 2522 avertens
349 2494 520 2529 evangelista,
536 2499 613 2528 atque
627 2502 642 2521 a
656 2499 839 2521 creaturarum
851 2501 995 2521 conservo-

211 2548 320 2575 rumque
336 2545 486 2566 nostrorum
506 2539 647 2574 splendore
668 2544 782 2567 mentem
800 2540 934 2566 adducens
947 2548 996 2566 no-

211 2589 302 2618 stram,
318 2585 344 2612 iu
363 2586 420 2619 ipso
437 2592 485 2611 nos
504 2585 632 2612 bonorum
648 2585 761 2611 culmine
778 2584 923 2611 constituit.
940 2584 996 2610 Non

213 2631 279 2657 enim
297 2630 446 2665 propheta‘,
463 2638 515 2656 non
531 2631 627 2665 augt-li,
642 2638 693 2657 nou
709 2630 871 2665 archangeli,
886 2638 937 2657 nou
953 2637 998 2656 su,-

215 2683 354 2708 pernarum
379 2676 515 2706 virtutum,
531 2683 583 2702 non
605 2676 712 2702 alterius
727 2680 823 2702 creata:
844 2679 954 2707 natura‘,
977 2675 999 2700 si

214 2729 260 2754 qua
274 2721 306 2747 sit
320 2721 388 2753 alia;
413 2721 459 2747 sed
478 2721 560 2754 ipsius
583 2721 695 2753 Domini,
711 2721 793 2755 irsius
814 2720 902 2755 llegis,
918 2720 1000 2754 ipsius

217 2774 274 2793 vere
288 2767 414 2802 unigeniti
428 2767 497 2799 Filii,
512 2767 629 2793 omnium
642 2772 759 2793 nostrum
774 2767 875 2793 Domini
889 2767 1000 2801 gloriam

219 2810 337 2839 vidimus.
354 2812 419 2840 Illud
441 2817 541 2845 autem,
563 2812 657 2844 Quasi,
674 2820 724 2839 non
748 2812 925 2839 similitudinis
949 2817 1001 2843 est,

247 2924 255 2939 ’
269 2923 301 2961 lu
317 2926 396 2961 \torrel.
410 2926 511 2961 legium,
525 2931 548 2952 at
559 2928 622 2956 quod
635 2926 658 2952 in
669 2928 743 2959 ipsius
755 2932 850 2960 πενίη-ιιι
869 2934 921 2954 erat
940 2929 1003 2953 iri/oo

218 2952 228 2976 Ιι
238 2955 319 2983 milli;
332 2957 393 2981 Iolcr.
406 2952 451 2982 1ιηύ
466 2966 483 2983 ι’(
493 2952 526 2983 ιίιι
543 2952 586 2983 nl.

1021 446 1106 474 neque
1126 440 1268 474 parabolte,
1291 441 1337 469 sed
1361 442 1573 470 confirmationis
1598 449 1624 470 ct
1646 444 1809 471 definitionis

1018 484 1083 511 nulli
1097 484 1177 512 dubio
1187 485 1326 519 obnoxim;
1341 494 1372 514 ac
1382 488 1404 515 si
1418 487 1539 515 diceret:
1557 489 1675 516 Vidimus
1685 490 1807 524 gloriam,

1019 531 1122 566 qualem
1137 531 1247 560 decebat
1262 532 1360 561 habere
1375 534 1538 569 unigenitum
1553 540 1577 561 et
1592 543 1747 569 germanum
1764 535 1808 562 Fi-

1020 578 1083 604 lium
1099 577 1155 610 Dei,
1178 578 1361 605 universorqu
1384 579 1472 614 llegis.
1488 579 1514 607 Id
1532 579 1557 606 in
1573 587 1648 607 more
1664 584 1705 607 est
1726 580 1810 615 pluri-

1019 623 1085 653 mis:
1101 631 1186 658 neque
1200 624 1270 651 enim
1289 624 1418 652 recusabo
1432 632 1446 652 ιι
1460 625 1594 652 communi
1616 625 1810 652 consuetudine

1019 668 1045 695 id
1056 675 1185 696 asserere.
1201 669 1303 696 Etenim
1316 677 1367 696 non
1383 669 1415 695 ad
1429 669 1571 697 verborum
1585 671 1712 705 speciem,
1725 678 1810 705 neque

1019 714 1052 742 ad
1067 715 1146 742 serici
1157 720 1277 742 ornatum
1292 715 1362 749 loqui
1378 716 1403 742 iu
1416 717 1550 751 proposito
1562 716 1700 750 habemus,
1717 716 1763 744 sed
1777 717 1810 744 ad

1021 765 1134 787 vestram
1153 761 1238 788 solum
1260 761 1416 792 utilitatem;
1442 766 1604 796 quapropter
1622 761 1687 788 nihil
1710 762 1808 793 ol'licit.

1020 807 1161 840 quominus
1182 813 1196 831 a
1216 807 1348 833 conuuuui
1371 806 1564 833 consuetudine
1585 806 1610 833 id
1627 807 1810 833 conﬁrmetur.

1021 851 1148 884 Quasnam
1156 856 1196 878 est
1206 851 1247 878 illa
1258 851 1401 878 multorum
1411 851 1592 878 consuetudo?
1600 851 1711 885 Quidam
1722 859 1811 887 regem

1022 898 1219 924 ornatissimum
1229 897 1358 929 videntes,
1370 901 1396 924 et
1408 898 1531 932 pretiosis
1541 897 1657 932 undique
1670 897 1812 932 fulgentem

1024 942 1162 976 lapidibus,
1176 942 1306 976 siquando
1319 942 1389 969 illam
1402 942 1634 977 pulchritudinem,
1647 942 1719 969 illum
1732 950 1812 969 orna-

1024 993 1088 1020 ttuu,
1104 988 1212 1022 gloriati)
1232 988 1303 1015 illam
1323 988 1381 1015 aliis
1402 995 1529 1015 enarrare
1548 988 1638 1019 velint,
1664 996 1712 1023 pro
1734 988 1813 1015 modo

1024 1042 1072 1061 suo
1085 1035 1239 1069 depingunt,
1258 1041 1381 1069 purpura:
1403 1034 1506 1068 ﬂorem,
1531 1042 1694 1068 gemmarum
1710 1034 1813 1069 magni—

1026 1080 1152 1111 tudinem,
1175 1080 1305 1106 Iuniarum
1327 1080 1462 1112 alborem,
1485 1080 1578 1114 jugum
1601 1087 1721 1110 aureum,
1739 1079 1815 1105 strati

1026 1125 1154 1159 fulgorem
1173 1130 1282 1160 :poslea
1294 1133 1357 1152 vero
1372 1125 1412 1152 his
1426 1125 1537 1160 alisque
1559 1125 1650 1152 multis
1667 1125 1814 1156 recensitis,

1026 1179 1085 1197 eum
1109 1179 1161 1197 non
1185 1176 1294 1205 possunt
1313 1175 1396 1198 totum
1420 1171 1588 1205 splendorem
1611 1170 1699 1197 verbis
1718 1179 1816 1204 τοίη-πε-

1026 1221 1141 1249 seutare,
1151 1217 1276 1244 continuo
1290 1216 1390 1243 addunt
1408 1225 1414 1243 :
1430 1217 1496 1249 Quid
1512 1216 1602 1243 tnttltis
1616 1224 1682 1251 opus
1696 1217 1752 1242 est?
1764 1224 1816 1242 uuu

1029 1261 1108 1287 verbo
1125 1262 1224 1293 dicant,
1244 1262 1317 1296 quasi
1342 1269 1387 1289 rex
1407 1271 1412 1287 :
1433 1270 1531 1296 perque
1557 1262 1631 1294 illud.
1653 1262 1739 1296 quasi,
1763 1269 1816 1288 non

1029 1307 1091 1340 regi.
1104 1308 1218 1334 similent
1238 1307 1389 1346 describere
1404 1307 1506 1338 volunt,
1528 1307 1574 1334 scd
1596 1308 1680 1342 ipsum
1697 1315 1760 1334 vere
1773 1315 1817 1334 rc-

1029 1361 1101 1387 gem.
1115 1354 1159 1380 Sic
1173 1354 1251 1387 igitur
1263 1354 1424 1388 evangelista
1441 1353 1514 1384 illud,
1532 1354 1619 1386 Quasi,
1632 1354 1719 1387 posuit
1733 1358 1758 1379 ut
1776 1353 1818 1379 in-

1030 1400 1233 1434 comparabilem
1251 1400 1322 1427 illam
1336 1404 1361 1426 ct
1378 1399 1578 1433 prmer-lleutenr
1587 1399 1697 1433 gloriam
1708 1399 1818 1426 exhibe~

1031 1450 1081 1473 ret.
1096 1446 1144 1473 .-\lii
1162 1446 1260 1480 quippe
1272 1452 1372 1475 omnes,
1389 1445 1484 1479 angeli,
1497 1445 1657 1479 archangeli,
1674 1444 1817 1479 prophetat.

1030 1492 1095 1526 jussi
1110 1492 1197 1519 omnia
1212 1491 1341 1518 faciebant
1356 1500 1361 1517 :
1380 1491 1434 1525 ipse
1453 1498 1515 1517 vero
1536 1498 1595 1517 eum
1613 1495 1742 1524 potestate
1761 1498 1820 1525 qum

1033 1546 1120 1573 regem
1134 1543 1160 1565 et
1175 1538 1310 1565 dominanti
1323 1538 1430 1564 deceret
1444 1546 1450 1563 :
1464 1537 1488 1564 id
1502 1536 1572 1571 quod
1587 1537 1666 1564 etiam
1681 1536 1764 1563 turbze
1775 1537 1820 1563 Ini-

1034 1585 1168 1616 rahanlur,
1186 1584 1254 1618 quod
1269 1584 1374 1610 doceret
1389 1587 1524 1617 tamquam
1536 1587 1692 1617 potestatem
1711 1581 1820 1608 habens.

1068 1630 1095 1656 2.
1106 1630 1245 1657 Discrimen
1254 1629 1317 1656 inter
1327 1628 1453 1656 Christum
1460 1632 1481 1655 et
1491 1629 1593 1662 angelos
1601 1628 1627 1654 in
1636 1633 1701 1654 terra
1710 1628 1821 1661 aliquau-

1035 1677 1239 1702 tloconuersatos.
1249 1674 1572 1702 Circutttstaulireadventus
1578 1674 1641 1709 ejus.
1650 1673 1732 1708 lpsitu
1741 1684 1748 1707 ι
1757 1679 1824 1700 oleu-

1035 1723 1080 1754 tiu,
1095 1723 1121 1749 in
1136 1722 1224 1749 ordine
1236 1721 1351 1757 physico,
1365 1722 1465 1752 morali,
1479 1721 1675 1755 suprruaturali.
1687 1735 1723 1740 —
1733 1721 1822 1755 Appa-

1036 1770 1147 1797 rue'runt
1170 1770 1269 1803 itaque,
1290 1774 1315 1795 ut
1341 1768 1404 1799 dixi,
1422 1768 1507 1802 angeli
1528 1768 1552 1794 iu
1578 1773 1645 1794 terra
1665 1767 1764 1801 cunth
1786 1766 1823 1793 ria

1037 1815 1130 1847 multa,
1160 1817 1202 1841 ut.
1217 1813 1330 1844 Danieli,
1355 1812 1457 1843 Davidi,
1476 1812 1574 1847 Moysi;
1600 1812 1646 1838 sed
1673 1816 1701 1838 ut
1715 1812 1784 1838 servi
1798 1817 1825 1838 et

1037 1859 1146 1886 domino
1165 1858 1341 1893 obsequentes
1360 1857 1449 1884 omnia
1473 1856 1602 1884 faciebant
1618 1865 1624 1883 :
1649 1857 1705 1891 ipse
1720 1865 1783 1883 vero
1798 1862 1827 1883 ut

1038 1904 1161 1932 dominus
1173 1908 1200 1931 et
1212 1904 1330 1932 onmitun
1346 1904 1500 1938 imperator,
1520 1902 1571 1930 etsi
1583 1902 1634 1930 sub
1647 1902 1690 1929 vili
1706 1902 1790 1929 ful'llla
1800 1907 1827 1929 et

1041 1952 1131 1979 habitu
1145 1951 1297 1986 apparuerit
1314 1958 1321 1976 :
1335 1955 1451 1977 attamen
1469 1949 1507 1977 sic
1520 1957 1625 1984 quoque
1636 1954 1758 1976 creatura
1774 1949 1827 1975 Do-

1040 1999 1225 2025 miuumsuum
1234 1997 1349 2031 agnovit.
1361 1995 1516 2029 Quomodo?
1524 1995 1605 2023 Stella
1617 1995 1650 2021 de
1661 1995 1727 2022 caelo
1738 2002 1828 2028 magos

1041 2044 1153 2075 vocavit,
1170 2044 1255 2078 ipsum
1270 2042 1443 2075 adoratuvos;
1460 2042 1615 2076 angelorqu
1625 2045 1829 2073 C(l'llISIllﬂgllllI

1042 2090 1158 2123 undique
1171 2089 1271 2116 el'l'usus
1286 2088 1397 2115 Dotuiuo
1416 2095 1464 2114 suo
1478 2086 1674 2117 ministrabant,
1691 2086 1830 2119 ipsumque

1043 2135 1148 2169 hymnis
1160 2133 1359 2165 celebrabant';
1373 2137 1400 2160 et
1413 2133 1455 2158 alii
1471 2136 1580 2165 repente
1593 2138 1729 2165 pratcoucs
1744 2131 1831 2157 insur-

1044 2180 1149 2214 gclmnl,
1172 2185 1317 2212 omnesque
1341 2177 1420 2204 simul
1443 2177 1492 2203 sibi
1516 2177 1627 2203 invicem
1650 2181 1830 2208 occurrentes,

1044 2232 1169 2252 arcanum
1186 2224 1237 2250 hoc
1258 2223 1411 2257 mysterium
1433 2222 1596 2253 nuntiabant,
1619 2221 1769 2256 pastoribus
1782 2229 1830 2247 an-

1045 2271 1106 2306 geli,
1121 2270 1222 2298 civibus
1236 2273 1372 2304 pastores;
1386 2268 1492 2296 Gabriel
1507 2267 1594 2294 alatize
1612 2273 1637 2294 et
1656 2267 1832 2297 Elisobethm;

1047 2319 1077 2345 iis
1089 2316 1134 2352 qui
1151 2316 1175 2343 in
1189 2316 1286 2351 templo
1300 2320 1375 2342 erant
1386 2316 1459 2342 Anna
1475 2320 1500 2341 et
1515 2314 1631 2342 Simeon.
1648 2313 1700 2341 Nec
1714 2314 1761 2340 \iri
1777 2321 1834 2340 um-

1048 2364 1178 2397 lieresque
1190 2361 1274 2389 solum
1291 2361 1383 2387 laatitia
1393 2367 1487 2394 magna
1499 2365 1559 2387 sunt
1574 2359 1672 2392 allecti,
1692 2359 1738 2387 sed
1754 2359 1834 2387 etiam

1049 2409 1173 2442 puerulus
1191 2407 1309 2435 nondum
1337 2415 1368 2434 ex
1391 2406 1467 2433 vulva
1481 2413 1613 2440 egressus,
1640 2406 1694 2438 ille,
1717 2406 1835 2440 inquam,

1048 2455 1144 2482 deserti
1160 2455 1256 2485 cultor,
1270 2453 1439 2487 evangelistm
1460 2452 1636 2487 cognominis,
1657 2451 1799 2478 exsultavit
1813 2451 1837 2476 iu

1049 2506 1124 2527 utero
1137 2500 1249 2526 matris:
1267 2506 1411 2533 omnesque
1431 2505 1478 2532 spe
1490 2498 1522 2524 ad
1546 2498 1659 2524 laturum
1677 2502 1781 2531 partum
1799 2498 1837 2523 in-

1050 2545 1167 2571 hiabant.
1185 2545 1218 2571 Et
1231 2545 1286 2571 haec
1297 2544 1402 2579 quidem
1416 2543 1486 2570 circa
1502 2548 1593 2577 partus
1607 2546 1721 2576 tempus;
1734 2543 1839 2576 quando

1050 2595 1138 2618 autem
1164 2590 1279 2625 seipsum
1295 2590 1378 2625 magis
1391 2589 1520 2620 exhibuit,
1536 2596 1627 2616 rursus
1640 2588 1690 2614 alia
1713 2588 1839 2615 miracula

1052 2635 1185 2671 prioribus
1196 2636 1294 2670 majora
1308 2635 1509 2670 splenducrunt.
1528 2634 1584 2660 Non
1599 2634 1665 2660 ultra
1677 2634 1747 2660 enim
1764 2635 1839 2661 stella

1053 2687 1079 2708 et
1092 2681 1197 2712 etelum,
1219 2689 1270 2708 non
1293 2681 1379 2714 angeli
1396 2686 1423 2707 et
1443 2679 1606 2713 archangeli,
1627 2686 1678 2705 non
1694 2679 1800 2706 Gabriel
1816 2683 1840 2706 et

1054 2727 1182 2759 Michael;
1197 2727 1242 2754 sed
1259 2727 1314 2760 ipse
1331 2727 1407 2753 Pater
1423 2733 1536 2759 superne
1550 2730 1576 2751 et
1588 2732 1619 2751 ex
1635 2725 1700 2752 caelo
1715 2725 1839 2760 praedica-

1054 2772 1096 2799 bat
1114 2773 1196 2803 illum,
1214 2776 1240 2799 et
1255 2779 1313 2798 cum
1332 2772 1408 2797 l'atrc
1422 2771 1573 2797 Paraclctus
1586 2771 1712 2797 advolans
1726 2771 1757 2796 ad
1771 2771 1843 2797 illuui

1055 2825 1114 2844 cum
1129 2825 1203 2849 voce,
1221 2824 1382 2850 ntaueuSque
1397 2824 1474 2850 supra
1491 2816 1585 2851 ipsum.
1614 2817 1680 2844 Vere
1705 2822 1843 2851 propterea

1056 2862 1121 2890 dixit
1135 2871 1141 2889 :
1165 2862 1276 2888 Vidimus
1289 2862 1395 2896 gloriam
1407 2862 1471 2895 eius,
1485 2862 1591 2897 gloriam
1604 2862 1676 2895 quasi
1692 2862 1817 2893 Uuigeuiti
1831 2871 1844 2886 n

1088 2932 1094 2947 ί
1115 2931 1141 2954 iu
1160 2929 1238 2954 \torel.
1263 2929 1360 2957 legitur,
1375 2928 1450 2954 lurl'rt!
1473 2930 1577 2954 ra'li'stca
1597 2928 1733 2959 angelorum
1745 2928 1765 2951 iu
1777 2930 1849 2950 Imra.‘

1058 2962 1113 2987 πίω
1128 2965 1182 2985 sunt
1200 2961 1297 2985 I'UlillllO
1307 2960 1501 2988 ministrmuium,
1515 2960 1659 2989 hymnosque
1672 2959 1817 2983 (ιιιιινιιίιιίιιι.
