4370 6306
481 324 552 380 93
1184 322 1238 379 S
1277 321 1554 382 IOAXNIS
1589 321 2058 379 CllRYSOSTOMl
2100 320 2415 377 AnClllEl’.
2455 322 2990 382 CONSTANTINOP.
3687 335 3752 387 Μ

487 443 667 504 [ναν-θ,
687 442 869 514 Neque
893 449 1107 514 propter
1136 440 1220 495 illa
1248 439 1440 500 solum,
1464 438 1556 493 sed
1581 448 1875 508 propterea
1902 437 2060 491 etiam

485 547 603 602 quae
649 543 871 605 sequuta
915 544 1057 587 sunt.
1086 529 1198 587 Non
1230 531 1364 585 ultra
1396 531 1539 586 enim
1573 540 1813 600 pastores
1840 537 2065 591 tantum,

488 625 567 678 vel
619 624 811 689 vidum,
865 622 953 677 vel
997 637 1154 679 senes
1204 620 1359 677 nobis
1407 621 1553 675 illum
1596 620 1942 684 annuntiant;
1970 617 2062 672 sed

482 718 647 779 etiam
693 716 802 785 ipsa
848 728 1027 769 rerum
1074 714 1441 769 natura’tuba
1485 713 1682 767 clarius
1725 712 1980 766 clamans.
2014 723 2069 766 et

490 819 594 863 tam
624 806 728 861 alta
756 822 910 871 voce,
942 815 999 861 ut
1025 805 1143 875 ejus
1168 819 1334 859 sonus
1359 804 1538 859 statim
1582 803 1854 872 hucusque
1882 819 2069 872 pertre-

487 899 648 962 ucrit.
677 897 929 956 Pervenit
962 896 1127 960 enim,
1163 896 1356 966 inquit,
1384 910 1551 965 usque
1597 895 1651 955 in
1693 894 1901 965 Syriam
1929 895 2063 948 fama

483 990 601 1061 eius
628 989 839 1064 (Matth.
873 990 927 1044 ι.
954 986 1073 1058 ιιι),
1104 1003 1220 1057 qua:
1266 988 1438 1057 ipsum
1467 987 1719 1043 omnibus
1763 986 2020 1041 reri-lavit
2050 1003 2063 1039 :

482 1081 666 1141 unmia
676 1079 913 1149 undique
925 1078 1242 1141 clamabant,
1270 1093 1448 1147 regem
1464 1078 1713 1137 caelorum
1730 1076 1795 1130 ad
1809 1100 1818 1123 ς
1833 1084 2064 1132 cutasse.

645 1171 922 1227 daemones
944 1169 1177 1240 undique
1204 1168 1474 1240 fugiebant
1513 1178 1566 1223 et
1589 1168 1914 1232 resiliebant,
1949 1169 2064 1222 dia-

485 1263 645 1326 bolus
667 1263 950 1321 obvolutus
970 1262 1271 1326 recedebat,
1299 1260 1413 1329 ipsa
1430 1275 1579 1320 mors
1597 1259 1807 1330 repulsa
1832 1259 2064 1325 interim,

485 1368 673 1418 postea
715 1358 926 1427 penitus
963 1355 1160 1411 abolita
1192 1368 1312 1411 cst:
1344 1368 1503 1409 omne
1547 1353 1869 1416 infirmitatis
1898 1368 2067 1423 genus

415 1501 419 1506 .
486 1450 723 1510 solutum
743 1457 845 1514 est;
871 1456 1211 1505 monumenta
1231 1455 1472 1503 uuirtucs
1492 1446 1825 1508 emittebant,
1850 1445 2065 1499 insanos

484 1542 754 1598 daunonia
791 1541 1181 1612 relinquebant,
1229 1538 1401 1594 morbi
1442 1538 1685 1592 inﬁrmos
1711 1536 2063 1601 desert-bant;

486 1634 771 1705 viderisque
798 1642 915 1690 erat
940 1650 1027 1690 res
1069 1633 1358 1703 stupendas
1396 1640 1450 1686 et
1480 1630 1774 1693 mirabiles,
1804 1646 1921 1702 qua:
1943 1633 2066 1700 jure

486 1725 760 1797 prophetat
805 1725 1182 1781 desiderabant
1207 1725 1409 1791 videre,
1454 1733 1509 1779 ct
1536 1739 1641 1777 non
1670 1723 1937 1780 viderunt.
1973 1722 2064 1775 Vi-

484 1817 614 1874 dere
663 1826 783 1873 erat
837 1816 1093 1875 formatos
1142 1817 1347 1883 oculos,
1397 1824 1452 1871 et
1503 1816 1634 1871 illud
1676 1823 1781 1869 tam
1811 1815 2063 1885 optabile,

483 1907 639 1977 cujus
683 1921 872 1963 ornues
924 1915 1251 1977 spectatores
1295 1921 1416 1962 esse
1460 1905 1765 1976 cupiebant,
1796 1904 2065 1975 quomodo

484 1999 746 2058 Adamum
773 1999 840 2059 de
863 2007 1002 2054 terra
1028 1999 1305 2055 furmasset
1336 1999 1494 2063 Deus,
1524 1999 1574 2053 id
1602 1998 1747 2054 brevi
1778 2007 1831 2052 et
1853 1997 1903 2051 in
1931 2011 2069 2066 prae.

481 2092 745 2151 stanliore
799 2090 1039 2160 corporis
1106 2098 1257 2159 parte
1320 2089 1690 2145 ostendentcm
1750 2087 2061 2152 Christum;

480 2183 721 2243 membra
746 2183 961 2252 insuper
987 2181 1214 2252 paralysi
1245 2181 1416 2237 soluta
1445 2189 1501 2234 et
1527 2180 1803 2245 dissoluta,
1832 2179 1941 2249 jam
1974 2194 2061 2231 rc—

480 2276 661 2339 stitnta
717 2287 770 2332 ct
822 2275 1031 2329 caeteris
1077 2274 1344 2343 copulata,
1374 2288 1563 2328 manus
1604 2281 1877 2328 emortuas
1915 2281 2061 2326 motu

476 2366 792 2434 gaudentes,
841 2362 1005 2433 pedes
1052 2363 1259 2419 solutos
1301 2374 1521 2433 repente
1546 2363 1876 2429 exsilientes,
1902 2376 2062 2417 aures

476 2457 776 2517 obstructis
800 2456 909 2525 jam
936 2465 1167 2525 apertas,
1201 2464 1256 2513 et
1282 2454 1512 2524 linguam
1553 2469 1745 2524 magno
1771 2454 1946 2509 sonitu
1976 2454 2060 2507 lo.

475 2556 749 2618 quentem,
779 2563 898 2618 qua:
930 2548 1076 2619 prius
1102 2556 1247 2602 muta
1266 2555 1398 2600 erat.
1424 2545 1885 2616 Quemadmodum
1914 2544 2055 2599 enim

473 2642 705 2709 optimus
728 2639 1073 2702 architectus,
1101 2639 1320 2695 domum
1349 2648 1609 2695 vetustate
1635 2637 1902 2695 labantem
1933 2657 1946 2692 :
1979 2637 2059 2693 sic

473 2733 564 2787 ille
593 2731 882 2795 humanam
926 2742 1167 2786 naturam
1214 2732 1464 2796 restituit,
1511 2742 1688 2800 partes
1729 2731 1925 2787 fractas
1964 2746 2051 2785 re-

473 2824 652 2889 sarsit,
709 2822 1005 2893 disiunctas
1053 2832 1108 2879 et
1158 2822 1446 2879 dissolutas
1497 2822 1788 2892 copulavit,
1844 2822 2056 2892 penitus

472 2916 649 2983 lapsas
671 2915 859 2971 erexit.
889 2913 1024 2983 Quid
1047 2914 1337 2971 dixerimus
1358 2915 1426 2971 de
1445 2916 1638 2969 animae
1657 2912 2052 2976 reformatione,

472 3007 744 3076 corporeis
794 3007 1158 3067 curationibus
1207 3007 1366 3077 longe
1421 3004 1827 3081 praestantiore?
1867 3003 2051 3073 Magna

473 3112 558 3157 res
608 3109 755 3156 certe
804 3107 887 3156 est
937 3099 1178 3168 corporis
1229 3098 1494 3164 valetudo,
1548 3096 1643 3151 sed
1691 3096 1859 3150 multo
1886 3094 2056 3164 major

470 3188 696 3255 unione;
750 3197 1009 3259 tantoque
1045 3190 1238 3258 major,
1269 3197 1470 3257 quanto
1511 3186 1686 3241 anima
1720 3185 2054 3256 prmstantior

469 3291 552 3337 cst
577 3297 843 3355 corpore:
877 3297 1051 3353 neque
1106 3281 1206 3338 hac
1254 3288 1456 3337 tantum
1511 3279 1737 3346 ratione,
1791 3278 1886 3335 sed
1930 3278 2052 3348 quia

469 3386 755 3443 Corporum
806 3382 1028 3440 natura,
1077 3385 1414 3444 quocumque
1455 3370 1597 3429 illam
1651 3372 1782 3429 velit
1830 3365 2056 3428 Greater

470 3479 657 3535 agere,
696 3464 956 3536 sequitur,
1007 3480 1107 3521 nec
1145 3465 1387 3530 resistit;
1426 3464 1602 3518 anima
1652 3478 1784 3519 vero
1823 3479 1941 3535 quze
1970 3466 2053 3521 sui

469 3555 679 3615 arbitrii
716 3566 819 3623 est,
863 3566 918 3613 ct
960 3557 1012 3611 in
1051 3557 1257 3616 actibus
1307 3558 1605 3621 libertatem
1638 3558 1816 3628 habet,
1861 3576 1965 3614 non
1999 3560 2049 3614 in

469 3647 718 3708 omnibus
740 3648 1073 3720 obtemperat
1099 3651 1227 3715 Deo,
1257 3651 1302 3705 si
1328 3651 1542 3721 quidem
1571 3653 1719 3708 nolit.
1742 3652 1888 3708 illam
1908 3653 2050 3711 enim

471 3737 696 3799 invitam
717 3753 823 3799 non
852 3740 966 3796 vult
994 3740 1135 3797 Dens
1165 3756 1260 3812 per
1292 3743 1395 3807 vim
1425 3751 1481 3798 et
1509 3744 1900 3805 necessitatem,
1932 3747 2050 3815 pul-

470 3829 740 3889 chramet
768 3830 961 3889 virtute
1004 3832 1278 3901 prmditam
1328 3834 1598 3892 reddere:
1626 3837 2050 3908 quandoquidem

471 3922 598 3981 illud
625 3922 796 3981 virtus
826 3939 931 3979 non
957 3932 1102 3980 esset
1130 3939 1145 3984 :
1173 3925 1266 3980 sed
1299 3925 1371 3982 illi
1396 3926 1597 3982 volenti
1615 3936 1668 3982 et
1696 3926 1895 3984 lubenti
1925 3941 2050 3983 sua-

469 4014 720 4081 dendum,
752 4024 809 4070 ut
839 4016 962 4072 talis
984 4017 1288 4074 efficiatur:
1322 4017 1374 4073 id
1414 4019 1555 4089 quod
1587 4019 1742 4090 longe
1781 4019 2052 4076 difficilius

468 4119 547 4169 est
575 4124 741 4179 quam
768 4109 859 4167 illa
881 4110 981 4167 alia
1010 4112 1233 4165 curatio.
1270 4110 1326 4177 id
1371 4120 1547 4169 tamen
1578 4110 1704 4167 fecit
1730 4112 1840 4179 ille,
1892 4126 2053 4187 atque

470 4200 723 4271 nequitia:
745 4215 924 4271 genus
940 4216 1101 4264 omne
1127 4201 1403 4271 depulsmn
1431 4211 1532 4258 est.
1558 4205 1634 4258 Ac
1659 4204 1796 4260 sicut
1824 4219 2049 4274 corpora

468 4294 610 4353 bene
651 4302 834 4351 curata
875 4309 980 4348 non
1024 4294 1091 4350 ad
1123 4294 1483 4353 valetudinem
1529 4298 1712 4363 modo,
1743 4297 1839 4355 sed
1867 4297 1932 4351 ad
1960 4314 2052 4352 su-

469 4400 710 4453 premum
736 4385 977 4447 sanitatis
993 4395 1187 4447 statum
1215 4386 1426 4442 reduxit
1457 4404 1471 4440 :
1502 4388 1578 4443 sic
1598 4398 1653 4443 et
1679 4390 1906 4456 animas,
1942 4405 2047 4450 non

468 4478 721 4540 tundoab
747 4489 982 4537 extrema
1016 4478 1252 4546 nequitia
1279 4479 1494 4546 eripuit,
1525 4479 1618 4534 sed
1647 4481 1711 4535 ad
1744 4482 1913 4552 ipsum
1947 4482 2052 4537 vir-

468 4571 595 4631 tutis
622 4569 846 4625 culmen
886 4567 1077 4623 erexit.
1130 4566 1453 4625 Publicanus
1508 4567 1675 4623 factus
1714 4579 1799 4629 est
1836 4582 2052 4641 προεισε-

468 4668 583 4728 tus;
616 4667 991 4731 pcrscquutor,
1019 4658 1363 4727 blasphemus
1381 4666 1437 4713 et
1464 4661 2051 4723 conttuueliosusmrlus

467 4752 788 4825 pmrdicatur
831 4749 970 4806 fuit:
1017 4748 1175 4819 magi.
1228 4748 1536 4807 iud-corum
1582 4750 1863 4816 doctores;
1893 4752 2045 4818 latro,

469 4843 695 4914 paradisi
724 4843 889 4907 civis;
922 4842 1195 4905 meretrix,
1229 4842 1333 4897 fide
1361 4858 1549 4915 nmgna
1576 4844 1812 4910 refulsit;
1845 4846 2052 4901 Chunu-

468 4952 578 4990 u.ca
603 4947 660 4992 et
679 4935 1013 4993 Samaritana
1034 4935 1306 5001 mulieres,
1337 4950 1559 5015 quarum
1584 4946 1848 5006 postrema
1879 4955 2050 4993 mere-

469 5032 565 5085 trix
592 5039 737 5097 erat;
766 5046 833 5090 ex
859 5029 962 5096 bis,
988 5031 1227 5100 inquam,
1259 5029 1573 5085 mulieribus
1598 5031 1765 5091 altera
1796 5033 2051 5102 praedica-

469 5126 663 5176 tionem
714 5120 854 5190 apud
902 5119 1235 5181 contribules
1286 5134 1417 5174 suos
1462 5121 1718 5192 suscepit,
1777 5130 2049 5193 totamque

469 5214 738 5268 rivitatetn
764 5192 917 5279 quasi
946 5227 1139 5282 sagena
1169 5221 1379 5280 captata
1410 5212 1475 5273 ad
1502 5212 1779 5273 Christum
1801 5192 2044 5281 adduxit;

468 5304 632 5363 altera
662 5311 840 5356 autem
868 5299 971 5357 fide
995 5310 1050 5356 ct
1070 5299 1382 5358 assiduitate
1412 5300 1462 5353 id
1489 5299 1684 5367 edi-cit,
1729 5313 1789 5359 ut
1836 5304 2045 5359 da-mou

466 5392 727 5463 malignus
751 5406 816 5445 cx
845 5389 965 5445 ﬁlia:
989 5405 1100 5445 sua:
1126 5390 1299 5453 anima
1337 5392 1647 5461 pelleretur.
1691 5395 1794 5449 Alii
1836 5412 2052 5467 quoque

466 5485 621 5553 longe
643 5483 727 5537 his
757 5482 968 5554 pejores
1017 5482 1068 5535 in
1115 5481 1498 5552 discipulorum
1547 5500 1827 5546 numerum
1866 5490 2044 5545 statim

463 5574 901 5637 admittebantur.
927 5572 1116 5635 Omnia
1140 5574 1298 5629 simul
1323 5580 1833 5646 transmutabautur,
1859 5595 2045 5651 corpo-

537 5749 552 5779 ‘
595 5756 737 5815 Esvil.
773 5756 914 5822 legit,
940 5754 1043 5819 ipsa
1072 5769 1234 5806 rerum
1257 5767 1362 5805 ms.

2175 453 2291 491 rum
2319 438 2679 507 :rgritudiues,
2703 441 2874 495 morbi
2903 442 3221 510 animarmu,
3247 460 3365 514 quae
3386 447 3450 500 ad
3469 450 3751 504 sultilatertt

2174 527 2569 599 perfectamque
2589 530 2835 586 virtutem
2862 531 3272 591 reducebantur.
3296 536 3403 592 Nec
3417 538 3522 593 duo
3550 551 3752 595 tantum

2174 625 2437 691 homines,
2479 638 2567 683 aut
2614 639 2743 697 tres,
2792 642 2883 687 aut
2911 636 3169 706 quinque,
3216 638 3297 691 vel
3326 637 3535 704 decem,
3565 639 3648 693 vel
3681 639 3754 692 vi-

2171 716 2326 785 ginti,
2361 719 2442 771 vel
2469 722 2682 774 centum
2705 723 3062 793 solummodo,
3114 728 3207 782 εοιΙ
3249 728 3469 800 integra:
3512 731 3754 785 civitates

2172 817 2220 859 ct
2250 819 2436 877 gentes
2485 809 2735 867 facillime
2765 819 3273 874 transmutabantur.
3299 819 3430 887 Quis
3456 836 3584 875 vero
3612 837 3752 892 prae-

2171 909 2447 964 ct‘plorluu
2488 901 2830 969 sapientiam,
2890 907 3181 962 cmicstium
3232 909 3406 981 legum
3459 911 3708 966 virtutem
3739 955 3751 974 ,

2171 991 2425 1059 angelica:
2494 994 2615 1048 vita:
2682 997 2923 1052 ordinem
2973 999 3131 1069 digne
3191 1000 3576 1073 descripserit?
3625 1004 3755 1060 Tale

2172 1080 2368 1151 quippe
2395 1081 2602 1138 induxit
2630 1085 2750 1139 vita:
2775 1102 2964 1156 geuus,
3010 1092 3141 1146 tales
3181 1093 3334 1147 nobis
3374 1096 3645 1150 Constituit
3681 1097 3754 1151 le-

2171 1186 2286 1239 ges,
2321 1172 2481 1226 talem
2511 1188 2719 1229 morum
2747 1176 2998 1242 formam,
3028 1190 3085 1235 ut
3108 1182 3194 1252 qui
3219 1183 3285 1237 iis
3310 1193 3548 1252 utuntur,
3579 1188 3751 1256 angeli

2170 1263 2349 1313 statim
2404 1262 2723 1331 efﬁciantur,
2776 1277 2829 1321 et
2878 1280 3132 1340 quantum
3194 1271 3394 1330 homini
3448 1275 3591 1343 licet,
3647 1278 3754 1331 lleo

2172 1354 2373 1406 similes
2400 1397 2412 1417 ,
2454 1357 2552 1411 etsi
2594 1360 2832 1413 omnium
2877 1362 3147 1417 hominum
3188 1366 3498 1435 nequissimi
3535 1367 3750 1423 fuerint.

2244 1446 2295 1499 5.
2322 1446 2384 1499 lu
2405 1448 2581 1508 quibus
2605 1450 2711 1504 visa
2735 1453 2799 1505 sil
2815 1454 2977 1521 gloria
3002 1454 3188 1511 Christi
3207 1460 3351 1528 quasi
3366 1460 3529 1530 gloria
3561 1460 3751 1533 linige-

2173 1536 2264 1589 niti
2292 1554 2322 1587 α
2351 1536 2522 1592 Putre.
2568 1539 2891 1595 Dirinitatem
2912 1544 3099 1600 Christi
3117 1557 3337 1613 potestas
3357 1551 3467 1618 ejus
3488 1554 3749 1620 prwdicut.

2174 1626 2349 1682 Gloria
2386 1628 2574 1685 Christi
2611 1633 2663 1685 in
2708 1635 2845 1688 cwlis
2886 1647 3077 1707 quanta
3101 1653 3119 1698 ;
3146 1639 3214 1691 ad
3239 1639 3330 1693 illa
3369 1640 3640 1709 fruendum
3670 1661 3755 1696 ro-

2173 1720 2269 1771 cati
2308 1737 2500 1775 stnuus.
2540 1753 2607 1764 —-
2636 1723 2761 1779 llzcc
2788 1726 2963 1796 itaque
2993 1730 3169 1783 omnia
3202 1732 3453 1787 miracula
3494 1735 3755 1806 Colligens

2171 1813 2516 1881 evangelista,
2550 1830 2669 1885 qua:
2696 1816 2749 1870 in
2789 1820 3124 1888 corporibus,
3152 1836 3270 1892 qua:
3301 1824 3351 1877 in
3382 1825 3594 1889 animis,
3634 1845 3752 1896 qua:

2169 1903 2222 1957 in
2271 1904 2584 1972 elementis;
2644 1923 2851 1963 necnon
2907 1923 3193 1982 przrccpta,
3250 1914 3389 1970 dona
3425 1916 3509 1969 illa
3556 1934 3749 1972 arcana

2170 1996 2298 2065 ipsis
2324 1998 2469 2052 cadis
2500 1998 2834 2064 sublimiora,
2869 2001 3035 2072 leges,
3068 2005 3189 2059 vita:
3237 2006 3559 2074 institutum,
3588 2010 3747 2064 obse-

2166 2090 2460 2155 quentium,
2493 2090 2791 2147 futurorum
2823 2096 3228 2165 promissiones,
3281 2100 3502 2170 ejusque
3544 2105 3751 2159 erm-ia-

2169 2187 2266 2236 tus.
2323 2180 2460 2235 hanc
2517 2183 2814 2239 mirabilem
2867 2195 2921 2241 et
2976 2187 3191 2243 sublimi
3247 2190 3487 2247 doctrina
3537 2196 3745 2265 plenam

2166 2271 2343 2325 emisit
2370 2288 2553 2328 vorem
2586 2290 2599 2327 :
2640 2273 2868 2331 Vidimus
2914 2278 3130 2348 gloriam
3185 2282 3312 2348 eius,
3363 2284 3577 2353 gloriam
3603 2290 3748 2353 quasi

2169 2361 2428 2431 Uniqeuiti
2474 2381 2506 2417 α
2555 2363 2729 2430 Patre,
2785 2369 2988 2436 plenum
3039 2373 3218 2441 gratia:
3262 2383 3308 2426 et
3360 2377 3598 2432 veritatis.
3633 2378 3744 2432 Non

2163 2454 2304 2506 enim
2349 2463 2568 2524 propter
2611 2457 2864 2512 miracula
2914 2468 3115 2515 tantum
3146 2462 3315 2532 ipsum
3346 2466 3620 2531 miramur,
3652 2470 3744 2523 sed

2161 2544 2319 2598 etiam
2366 2555 2582 2617 propter
2610 2550 2914 2617 cruciatus;
2963 2561 3019 2605 ut
3058 2569 3178 2607 cum
3226 2555 3417 2609 affixus
3457 2556 3550 2610 fuit
3576 2562 3742 2625 cruci,

2162 2635 2473 2706 flagellatus,
2508 2639 2677 2709 alapis
2702 2655 2893 2706 c:esus,
2924 2652 3233 2712 consputus,
3264 2654 3458 2701 etcum
3488 2648 3537 2700 in
3558 2651 3744 2705 maxil-

2160 2729 2225 2784 lis
2254 2732 2434 2801 plagas
2458 2736 2663 2805 acccpit
2707 2736 2774 2790 ab
2819 2735 2882 2789 iis
2908 2751 3043 2806 quos
3070 2736 3340 2795 hem-ficiis
3368 2740 3633 2796 affecerat.
3678 2745 3744 2797 At

2159 2823 2300 2873 cnlm
2330 2820 2378 2874 in
2412 2821 2495 2877 his
2520 2838 2731 2893 quoque
2758 2840 2877 2893 qua:
2907 2826 3256 2894 ignominiosa
3298 2829 3563 2894 videntur,
3599 2832 3737 2887 idem

2161 2911 2331 2980 ipsum
2360 2912 2560 2968 dictum
2601 2916 2845 2985 apposite
2875 2916 3199 2986 proferatur,
3230 2922 3657 2994 quandoquidem
3688 2937 3743 2982 et

2159 3001 2273 3070 ipse
2302 3018 2413 3058 rem
2441 3005 2605 3072 illam,
2633 3006 2857 3077 gloriam
2887 3010 3197 3079 appellavit.
3241 3012 3355 3067 Non
3386 3015 3530 3070 enim
3561 3021 3739 3087 provi-

2158 3092 2351 3148 dcntizc
2385 3103 2584 3150 tantum
2613 3104 2667 3151 et
2692 3098 2932 3153 caritatis
2960 3100 3047 3154 illa
3101 3112 3271 3168 erant,
3304 3104 3395 3160 sccl
3426 3107 3586 3161 etiam
3641 3110 3741 3163 im-

2158 3197 2357 3239 mensa:
2405 3185 2704 3255 potestatis.
2734 3186 2885 3244 Tunc
2913 3190 3055 3244 enim
3088 3199 3142 3246 et
3171 3208 3316 3249 mors
3345 3195 3739 3267 destrucbatur,

2157 3283 2210 3329 ct
2238 3276 2541 3332 maledictio
2569 3278 2895 3346 solvebatur,
2941 3280 3213 3339 dzrmones
3255 3288 3737 3361 etmfuudebautur,

2157 3367 2327 3438 deque
2347 3369 2474 3440 ipsis
2498 3370 2942 3441 triumphabatur,
2971 3384 3024 3429 et
3048 3375 3459 3449 chirographum
3489 3394 3741 3452 peccato-

2159 3473 2275 3512 rum
2302 3459 2442 3513 rruci
2467 3459 2801 3531 affigebatnr.
2832 3463 3052 3532 Deinde,
3086 3467 3206 3535 quia
3236 3467 3349 3524 lure
3377 3471 3629 3528 miracula
3661 3475 3742 3531 in-

2157 3548 2436 3604 visibiliter
2478 3552 2824 3621 patrabantur
2853 3596 2868 3620 ,
2916 3556 3157 3625 quaedam
3205 3559 3485 3616 visibilitcr
3525 3577 3738 3634 peracta

2156 3648 2317 3705 sunt,
2370 3656 2489 3712 qum
2535 3641 2969 3700 demonstrarent
3022 3646 3193 3717 ipsqu
3239 3664 3359 3706 esse
3409 3652 3736 3725 unigenitum

2159 3735 2348 3789 Filium
2385 3736 2511 3803 Dei,
2546 3738 2812 3808 totiusque
2852 3748 3055 3796 natura:
3099 3743 3399 3800 Dominum.
3441 3745 3573 3802 Nam
3613 3764 3734 3804 cum

2158 3827 2369 3882 beatum
2400 3842 2592 3898 corpus
2633 3829 2808 3886 adhuc
2843 3831 2894 3886 in
2927 3848 3086 3890 cruce
3117 3836 3372 3905 penderet
3393 3827 3414 3905 ,’
3439 3839 3517 3893 sol
3561 3841 3738 3897 radios

2156 3919 2367 3983 avertit,
2393 3927 2534 3974 terra
2562 3922 2778 3975 tremuit
2799 3931 2851 3977 et
2878 3925 3108 3980 tenebris
3134 3928 3342 3998 oppleta
3368 3939 3469 3997 c5t,
3494 3933 3737 4002 sepulcra

2156 4024 2337 4082 aperta
2364 4057 2378 4081 ,
2413 4023 2566 4071 terrm
2596 4016 2766 4075 solum
2795 4032 3110 4074 concussum
3138 4032 3218 4076 est
3242 4064 3256 4084 ,
3290 4034 3620 4079 mortuorum
3654 4026 3736 4080 iu-

2159 4121 2375 4160 numera
2416 4106 2698 4170 multitudo
2739 4108 2969 4175 cxsiliit,
3001 4120 3055 4165 et
3094 4112 3143 4165 iu
3184 4112 3451 4168 civitatem
3499 4115 3734 4186 ingressa

2156 4204 2237 4251 est
2267 4214 2281 4249 :
2306 4210 2368 4250 ac
2391 4195 2516 4255 dum
2550 4199 2873 4252 monumenti
2920 4199 3083 4271 ipsius
3124 4200 3325 4271 lapides
3355 4204 3541 4259 loculis
3570 4208 3734 4275 aptati

2158 4296 2452 4352 manerent,
2482 4295 2536 4341 ct
2562 4288 2831 4358 signacula
2864 4299 3087 4357 starent,
3120 4293 3350 4349 surrexit
3379 4305 3621 4350 mortuus
3649 4298 3737 4352 ille

2155 4381 2242 4448 qui
2270 4379 2412 4436 cruci
2441 4380 2602 4437 clavis-
2629 4380 2817 4437 affixus
2846 4382 3035 4442 fuerat.
3064 4400 3125 4439 ac
3152 4386 3345 4441 virtute
3372 4389 3597 4457 quadam
3627 4408 3738 4444 Ina-

2154 4488 2252 4541 gua
2294 4472 2524 4541 repletas
2567 4472 2808 4528 undecim
2852 4474 3140 4542 discipulos
3181 4477 3325 4532 misit
3366 4480 3614 4534 omuilms
3646 4498 3739 4552 per

2154 4564 2340 4617 urbem
2369 4562 2671 4621 hominibus
2690 4606 2704 4628 ,
2736 4580 3048 4622 connuunes
3080 4576 3281 4623 natura:
3314 4570 3472 4624 totius
3502 4573 3737 4627 medicus

2156 4654 2380 4717 futuros,
2410 4654 2498 4725 qui
2531 4655 2690 4711 vitam
2722 4656 2992 4711 hominum
3021 4660 3388 4726 etttcndarcut,
3418 4663 3738 4718 caelestium-

2153 4760 2258 4815 que
2286 4746 2590 4817 dogmatum
2636 4747 2873 4801 notitiam
2927 4749 3119 4819 ubique
3148 4750 3561 4807 disseminareut
3582 4796 3599 4821 ,
3632 4757 3739 4809 «Ιςυ-

2156 4853 2370 4899 monum
2411 4838 2744 4909 tyrannidem
2776 4840 3084 4906 solverent,
3128 4858 3421 4913 magnaque
3450 4853 3504 4899 et
3543 4863 3736 4900 arcana

2157 4928 2289 4980 bona
2317 4928 2557 4985 homines
2578 4930 2835 4989 docerent
2860 4948 2871 4983 :
2892 4931 3083 4986 animm
3106 4932 3559 4989 immortalitatem
3585 4938 3738 4991 nobis

2156 5020 2543 5086 praedicarent,
2590 5020 2936 5091 corporisque
2980 5022 3138 5075 vitam
3183 5035 3477 5091 a-teruam,
3522 5028 3737 5095 prmtuia

2155 5117 2387 5163 tuentem
2437 5111 2806 5178 cxsoperanlia
2856 5121 2907 5167 et
2956 5128 3221 5183 nunquam
3266 5114 3423 5169 finem
3470 5116 3735 5172 habitura.

2155 5199 2279 5255 ll.rc
2308 5215 2489 5255 seettm
2531 5210 2785 5274 reputans
2815 5201 2998 5258 beatus
3031 5204 3115 5258 ille
3140 5248 3153 5270 ,
3184 5215 3237 5261 et
3264 5207 3363 5267 alia
3397 5207 3543 5276 plura
3571 5249 3586 5273 ,
3619 5226 3738 5278 qua:

2155 5294 2268 5362 ipse
2311 5292 2525 5355 quidem
2568 5304 2820 5357 noverat,
2851 5295 2942 5348 sed
2983 5296 3216 5351 scribere
3255 5298 3453 5363 noluit,
3485 5302 3623 5369 quod
3675 5319 3736 5356 ra

2155 5386 2381 5449 mundus
2404 5402 2508 5440 non
2525 5396 2737 5454 caperet
2762 5386 2903 5456 (nam
2926 5389 3127 5455 tuttuia,
3157 5388 3344 5458 inquit,
3372 5390 3431 5444 Si
3451 5391 3738 5446 u-ribuutur

2155 5493 2243 5546 per
2269 5476 2489 5544 singula,
2519 5493 2608 5529 nec
2638 5478 2800 5546 ipsum
2830 5479 3048 5531 arbitror
3074 5481 3313 5535 mundum
3341 5497 3518 5551 capere
3544 5500 3625 5535 eos
3651 5487 3737 5552 qui

2152 5569 2398 5623 scribendi
2425 5578 2536 5621 sunt
2568 5568 2720 5623 libros
2743 5568 2930 5641 [Ιοαη.
2958 5571 3018 5624 2|
3036 5611 3047 5623 .
3170 5572 3182 5644 ]
3205 5574 3223 5643 )
3251 5592 3262 5625 :
3294 5573 3405 5628 lure
3430 5614 3443 5634 ,
3481 5572 3691 5641 inquam
3717 5613 3735 5636 ,

2154 5661 2331 5718 omnia
2377 5659 2615 5728 rogitans
2658 5661 3018 5721 exclamavit:
3061 5663 3285 5715 Vidimus
3328 5663 3540 5733 gloriam
3588 5664 3734 5729 ejus,

2153 5753 2367 5821 gloriam
2397 5751 2538 5820 quasi
2572 5750 2827 5824 lfuigeuili
2855 5771 2885 5805 η
2918 5753 3067 5807 l’utre
3092 5797 3103 5818 ,
3134 5756 3335 5825 plenum
3372 5755 3548 5823 gnuitr
3576 5768 3623 5809 et
3651 5770 3734 5807 rt:-
