4370 6306
259 498 325 553 85
1333 500 1401 554 ΙΝ
1434 501 1740 557 JU.\NN.E.\I
1783 500 1985 556 liOiill.

1784 500 2005 556 ΙΙΟΜΙΙ..
2055 502 2186 556 XIII.
2231 504 2298 557 al.
2343 503 2455 557 κη.
3444 505 3510 556 illi

254 613 439 666 r'tatis.
469 610 567 680 Qui
601 628 728 682 ergo
756 622 830 668 tot
856 615 1196 685 spectaculis,
1228 613 1524 683 hujttsumdi
1551 615 1790 670 doctrina
1810 657 1826 680 ,

264 713 408 758 tanto
434 720 656 759 munere
680 706 875 776 dignati
904 717 1045 772 sunt,
1079 706 1236 760 vitam
1263 705 1593 776 dogmatibus
1617 707 1829 778 dignam

261 793 548 848 exhibeant
570 803 779 863 oportet
799 838 814 861 ,
846 805 901 850 ut
933 796 1034 849 illis
1063 795 1303 851 fruantur
1328 797 1499 851 b0nis.
1530 797 1656 852 Ideo
1682 813 1832 852 nam-

267 900 365 953 que
391 884 603 940 advenit
640 887 890 942 Dominus
919 898 1101 943 noster
1125 888 1280 942 Jesus
1304 887 1545 944 Christus
1564 931 1579 951 .
1611 906 1835 943 nonsa-

270 973 376 1027 lum
408 985 459 1027 ut
491 975 576 1030 hic
604 975 719 1043 ejus
742 977 986 1046 gloriam,
1016 976 1108 1031 sed
1141 978 1298 1032 etiam
1328 986 1383 1031 ut
1409 977 1634 1032 futuram
1662 978 1835 1033 videa~

269 1080 408 1119 mus.
453 1066 737 1136 Propterea
783 1068 916 1121 dixit
945 1086 956 1120 τ
999 1066 1121 1122 Volo
1156 1078 1208 1122 ut
1245 1070 1326 1122 ubi
1359 1086 1470 1124 sum
1499 1086 1589 1139 ego
1612 1112 1626 1134 ,
1659 1080 1706 1123 et
1742 1070 1841 1138 ipsi

269 1155 399 1220 sint,
424 1166 479 1209 ut
507 1158 701 1211 rideant
725 1160 937 1228 gloriam
968 1175 1129 1212 meam
1155 1158 1328 1229 (Joan.
1361 1161 1447 1213 17.
1477 1158 1588 1231 24).
1618 1160 1768 1227 Quod
1793 1162 1838 1216 si

272 1245 386 1301 lucc
413 1247 582 1316 gloria
620 1258 724 1303 tam
755 1248 1030 1318 splendida
1056 1291 1071 1315 ,
1105 1259 1209 1304 tam
1237 1252 1519 1320 conspicua
1548 1251 1644 1304 fuit
1669 1293 1684 1315 ,
1716 1252 1839 1320 quid

270 1337 339 1390 de
388 1337 473 1390 illa
519 1337 846 1392 dixerimus?
892 1338 1007 1394 Non
1050 1339 1191 1393 enim
1237 1339 1287 1392 in
1333 1348 1471 1393 terra
1517 1340 1843 1410 corruptioai

272 1426 499 1482 obnoxia
532 1428 795 1483 videbitur
817 1469 831 1493 ,
863 1447 968 1485 non
1010 1430 1164 1485 nobis
1202 1432 1253 1485 in
1297 1430 1435 1486 lium
1473 1447 1699 1501 corpore
1728 1450 1842 1487 ma-

274 1518 555 1583 nentibus;
586 1518 677 1573 sed
706 1520 756 1573 in
785 1520 1066 1575 irntnortali
1105 1527 1165 1573 et
1197 1530 1452 1590 perpetua
1484 1531 1724 1575 creatura
1745 1562 1765 1587 ,
1792 1530 1847 1577 et

271 1622 394 1662 cum
417 1617 568 1665 tanto
590 1596 892 1678 splendore.
922 1618 981 1664 ut
1006 1610 1151 1664 nullo
1176 1611 1335 1680 possit
1365 1612 1565 1680 explica
1576 1614 1617 1665 ri
1644 1627 1847 1667 sermo-

272 1715 363 1753 ne.
394 1698 440 1755 Ο
468 1699 605 1755 beati
632 1743 647 1766 ,
682 1710 759 1756 ter
787 1703 923 1755 beati
953 1701 1297 1769 ,,s:epiusquc
1336 1702 1472 1755 beati
1499 1744 1515 1767 ,
1546 1703 1634 1772 qni
1665 1704 1846 1773 gloria:

274 1790 416 1844 illius
446 1800 772 1859 spectatores
799 1807 917 1847 esse
945 1793 1330 1863 dignabnntur!
1363 1794 1435 1848 Dc
1461 1794 1559 1849 hac
1592 1795 1845 1864 propheta

271 1883 443 1937 dicit:
474 1882 713 1938 Tollatur
755 1885 947 1955 impius
965 1927 991 1951 ,_
1029 1902 1097 1941 ne
1145 1886 1323 1942 videat
1365 1888 1589 1956 gloriam
1640 1889 1845 1943 Domini

277 1972 427 2038 (Isai.
452 1975 543 2030 26.
569 1975 656 2031 10.
680 1977 730 2029 in
756 1976 976 2048 Greece).
1002 1978 1104 2032 Sed
1130 1978 1289 2041 absit,
1315 1988 1370 2031 ut
1390 1979 1580 2047 aliquis
1608 1989 1845 2033 nostrum

276 2065 629 2132 tollatur,ue
670 2069 810 2127 illam
857 2084 1104 2139 umquam
1150 2069 1341 2123 videat.
1368 2068 1475 2126 Nisi
1519 2072 1660 2124 enim
1704 2071 1846 2126 illam

274 2161 653 2229 t:ousequuturi
680 2175 921 2215 essemus
941 2203 954 2223 ,
983 2172 1277 2231 opportune
1304 2177 1331 2214 a
1362 2163 1515 2219 nobis
1539 2163 1806 2219 diceretur
1832 2180 1846 2216 :

279 2250 480 2306 Bonum
511 2259 633 2306 erat
664 2252 848 2313 nobis,
881 2254 925 2306 si
964 2253 1070 2307 nati
1114 2269 1217 2307 non
1258 2254 1561 2309 fuissemus.
1596 2254 1726 2309 Nam
1757 2271 1853 2311 cur

277 2342 505 2396 vivimus
529 2384 543 2406 ,
573 2358 668 2396 cur
698 2344 1057 2412 respiramus?
1086 2344 1209 2413 quid
1239 2359 1424 2398 sumus
1448 2387 1461 2411 ,
1490 2346 1533 2399 si
1565 2346 1854 2415 illoprive-

276 2446 397 2484 mur
436 2430 692 2500 aspectu?
730 2432 776 2485 si
822 2432 1099 2489 Dominum
1141 2442 1377 2488 nostrum
1411 2450 1567 2489 nemo
1596 2436 1852 2490 concedat

277 2538 529 2593 umquam
562 2522 780 2579 videre?
809 2524 936 2580 Nam
979 2525 1023 2578 si
1059 2526 1148 2594 qui
1187 2524 1414 2581 solarem
1440 2526 1609 2581 lucem
1638 2543 1744 2581 non
1770 2529 1851 2582 vi-

275 2612 428 2678 dent,
456 2622 626 2668 morte
653 2613 982 2671 miseriorem
1018 2615 1172 2668 vitam
1200 2614 1430 2685 degunt;
1463 2617 1589 2685 quid
1615 2633 1708 2672 eos
1736 2633 1855 2688 per-

276 2703 381 2771 peti
419 2701 607 2759 credas
632 2744 651 2767 ,
678 2704 765 2773 qui
795 2704 889 2757 tali
916 2705 1032 2759 luce
1060 2704 1371 2774 privantur?
1427 2705 1525 2763 Hic
1572 2707 1713 2762 enim
1755 2707 1854 2762 da-

278 2809 462 2847 mnum
485 2794 538 2849 in
560 2793 659 2848 hoc
677 2809 781 2848 uno
797 2803 1031 2861 constat,
1049 2794 1153 2855 illic
1170 2810 1295 2850 vero
1316 2811 1420 2849 non
1439 2796 1560 2850 item
1579 2814 1591 2847 :
1615 2797 1856 2867 quamvis

276 2885 320 2938 si
347 2885 477 2941 illud
505 2886 673 2939 solum
701 2885 912 2942 adesset
936 2884 1059 2941 mali
1081 2928 1096 2949 .
1126 2901 1230 2941 non
1263 2901 1358 2956 par
1385 2888 1651 2942 cruciatus
1678 2897 1814 2941 esset
1838 2928 1853 2953 ,

274 2978 372 3033 sed
400 2988 548 3032 tanto
570 2979 797 3049 gravior,
823 2988 1019 3049 quanto
1042 2977 1123 3034 sol
1154 2978 1243 3034 ille
1268 2978 1370 3035 hoc
1395 2987 1578 3036 nostro
1601 2988 1858 3049 pra-stan-

1939 618 2041 671 tinr
2060 625 2163 671 est:
2183 632 2362 670 verum
2383 617 2521 672 aliud
2542 634 2751 688 quoque
2768 619 3081 687 supplicium
3098 620 3510 688 exspectandum

1942 716 2042 759 est.
2073 705 2202 759 Nam
2232 705 2277 759 is
2302 706 2387 775 qui
2418 707 2586 761 lucem
2615 707 2756 761 illam
2784 723 2888 761 non
2916 708 3121 777 aspicit,
3155 724 3258 762 non
3290 709 3339 762 in
3367 719 3514 763 teneo

1941 795 2062 848 bras
2085 794 2427 850 abducendus
2453 804 2653 850 tantum
2678 806 2777 858 est,
2805 797 2898 852 sed
2925 809 3181 867 perpetuo
3200 799 3518 853 comburen-

1940 885 2060 951 dus,
2090 887 2160 940 ita
2189 895 2243 939 ιιι
2273 886 2526 948 tabescat,
2558 887 2808 942 dentibus
2837 889 3090 954 strideat,
3122 891 3516 960 innumerisque

1941 977 2059 1030 aliis
2080 977 2356 1032 tormentis
2377 979 2727 1033 cxcrucietur.
2747 978 2824 1033 Ne
2846 981 3021 1044 itaque
3040 980 3262 1034 salutem
3280 990 3513 1035 nostram

1945 1070 2013 1122 ita
2044 1078 2448 1124 contemnamus
2473 1111 2488 1135 ,
2518 1078 2574 1124 ut
2612 1084 2706 1139 per
2775 1070 3038 1124 revissimi
3069 1069 3321 1139 temporis
3351 1071 3511 1140 negli-

1943 1160 2176 1230 gentiam
2219 1171 2377 1228 atque
2422 1160 2719 1225 desidiam,
2777 1160 2829 1214 in
2876 1168 3131 1214 :etcrnum
3176 1161 3516 1229 conjiciantur

1945 1252 2299 1322 supplicium;
2338 1252 2431 1306 sed
2464 1252 2741 1321 vigilemus
2767 1292 2781 1316 ,
2820 1252 2982 1307 Sobrii
3020 1253 3185 1307 simus
3208 1293 3224 1319 ,
3256 1253 3384 1307 nihil
3413 1268 3517 1308 non

1946 1358 2161 1411 agamus
2191 1351 2243 1396 et
2267 1357 2572 1411 operemur,
2607 1353 2663 1397 ut
2694 1343 2798 1398 illis
2824 1341 3058 1397 fruamur
3082 1343 3233 1397 bonis
3258 1385 3273 1408 ,
3301 1358 3365 1400 ac
3394 1359 3516 1413 pro-

1948 1436 2030 1489 eul
2062 1436 2228 1489 simus
2256 1434 2325 1487 ab
2355 1435 2443 1489 illo
2468 1433 2628 1489 ﬂuvio
2653 1433 2829 1505 igneo,
2856 1434 2943 1504 qui
2974 1450 3093 1489 eum
3123 1436 3288 1489 multa
3315 1434 3522 1506 fragore

1950 1525 2076 1579 liuet
2104 1536 2227 1581 ante
2256 1525 2484 1578 tribunal
2513 1523 2855 1580 horrendum.
2884 1523 2982 1591 Qui
3013 1524 3178 1579 semel
3209 1524 3298 1578 illo
3326 1525 3522 1578 ἱιιρίιΙτ·ι

1953 1618 2049 1681 rit,
2099 1617 2167 1670 ibi
2212 1624 2466 1685 perpetuo
2503 1622 2713 1669 maneat
2754 1622 2997 1683 Oportet,
3041 1628 3198 1668 nemo
3235 1614 3335 1668 erit
3368 1615 3456 1683 qui
3493 1631 3521 1667 a

1950 1707 2211 1776 supplich
2237 1706 2459 1776 eripiat,
2488 1721 2592 1760 non
2630 1712 2808 1773 pater,
2837 1719 2941 1758 non
2972 1714 3141 1757 mater
3160 1743 3174 1765 ,
3206 1718 3307 1756 non
3339 1702 3520 1757 frater.

1955 1799 2065 1853 lloc
2101 1798 2374 1868 prOphetaa
2400 1797 2663 1859 clamant;
2697 1795 2833 1850 alius
2857 1795 2984 1849 dicit
3015 1814 3028 1847 :
3062 1794 3241 1848 Frater
3263 1811 3361 1847 non
3387 1794 3524 1846 redi-

1953 1891 2060 1953 mit,
2085 1888 2290 1942 redimet
2320 1888 2466 1941 Itomo
2495 1886 2513 1958 (
2535 1884 2678 1940 Psal.
2700 1887 2788 1941 48.
2812 1885 2919 1954 8)?
2949 1884 3192 1940 Ezechiel
3219 1900 3343 1940 vero
3370 1884 3519 1952 quid-

1954 1983 2090 2052 piam
2121 1981 2347 2050 amplius
2374 1981 2524 2034 ell‘ert
2560 1980 2640 2034 his
2670 1978 2848 2033 verbis
2873 1997 2887 2032 :
2918 1977 2979 2033 Si
3004 1978 3190 2032 steterit
3218 1976 3333 2031 Noe
3357 1988 3404 2031 et
3429 1975 3528 2030 Job

1954 2083 2000 2126 et
2029 2071 2211 2125 Daniel
2232 2112 2247 2136 ,
2281 2070 2415 2139 ﬁlios
2446 2087 2562 2125 suos
2586 2080 2632 2123 et
2657 2071 2792 2136 ﬁlias
2829 2086 2927 2122 non
2957 2069 3164 2139 eripient
3192 2066 3403 2137 (Emit.
3439 2069 3525 2123 14.

1962 2164 2024 2218 14
2071 2175 2115 2218 et
2145 2162 2254 2234 16).
2284 2162 2458 2218 Unum
2487 2162 2626 2217 enim
2659 2161 2727 2215 ibi
2758 2170 2957 2215 tantum
2981 2160 3149 2229 juvat,
3183 2173 3375 2228 nempe
3398 2174 3527 2227 ope-

1957 2272 2073 2309 rum
2100 2254 2479 2324 patrocinium,
2495 2268 2599 2323 quo
2624 2252 2715 2322 qui
2742 2253 2991 2316 caruerit,
3017 2252 3120 2305 alio
3145 2250 3305 2305 modo
3329 2252 3529 2305 servari

1958 2362 2062 2401 non
2089 2347 2303 2416 poterit.
2336 2346 2459 2399 lla'c
2488 2345 2673 2413 itaque}
2693 2350 2947 2413 perpetuo
2978 2351 3249 2396 versantes
3276 2350 3325 2395 et
3355 2341 3530 2394 uobis-

1957 2453 2077 2491 cum
2114 2446 2418 2506 reputantes
2441 2478 2454 2495 .
2489 2437 2647 2490 vitam
2679 2448 3038 2505 espurgcmus
3060 2474 3074 2497 ,
3102 2444 3154 2488 et
3190 2432 3530 2501 conspicuam

1959 2526 2282 2592 reddamus,
2322 2534 2377 2579 ut
2420 2541 2539 2581 cum
2588 2523 2774 2577 fiducia
2817 2522 3091 2576 videamus
3135 2521 3409 2575 Dominum
3436 2560 3451 2581 ,
3480 2529 3532 2572 et

1961 2618 2218 2686 promissa
2264 2630 2653 2684 consequamur
2694 2613 2830 2667 bona
2857 2653 2870 2673 ,
2908 2613 3180 2680 gratimet
3214 2609 3534 2679 benignitate

1963 2710 2169 2764 Domini
2216 2708 2381 2763 nostri
2427 2706 2550 2761 Jesu
2592 2704 2817 2767 Christi,
2856 2717 2949 2770 per
2986 2709 3233 2769 quamet
3271 2714 3391 2754 cum
3428 2714 3534 2767 quo

1962 2801 2100 2856 l’atri
2127 2800 2314 2869 gloria,
2339 2811 2439 2849 una
2462 2810 2579 2849 cum
2611 2801 2796 2849 sancto
2819 2791 3035 2860 Spiritu,
3050 2803 3207 2855 nunc
3225 2800 3279 2845 et
3300 2803 3533 2858 semper,

1960 2903 2011 2947 et
2040 2892 2091 2945 in
2120 2890 2312 2944 sacuia
2339 2887 2674 2946 seculorum.
2704 2886 2895 2946 Amen.

306 3103 2742 3135 mm

1584 3185 1927 3249 HOMILIA
1970 3185 2146 3246 XIII.

271 3327 376 3380 15.
407 3324 633 3380 Joannes
672 3327 1005 3381 testimonium
1047 3327 1266 3396 perhibet
1305 3327 1368 3381 de
1399 3326 1545 3396 ipso,
1585 3336 1632 3380 et
1669 3327 1859 3385 clamat

346 3418 521 3473 dicens
548 3433 566 3471 :
591 3416 690 3471 Hic
716 3429 821 3472 erat
858 3435 1002 3489 quem
1041 3418 1148 3472 dixi
1180 3433 1199 3471 :
1230 3417 1330 3485 Qui
1371 3427 1481 3487 post
1519 3433 1598 3471 me
1626 3427 1860 3475 venturas

344 3517 440 3569 est,
469 3518 587 3561 ante
613 3525 692 3563 me
715 3511 877 3580 [actus
902 3518 995 3569 est,
1028 3509 1148 3577 quia
1174 3508 1314 3575 prior
1342 3523 1420 3561 me
1447 3516 1574 3563 erat.

346 3603 371 3653 1
388 3639 404 3652 .
431 3600 617 3653 Doctor
658 3617 720 3654 ea:
747 3601 1033 3653 auditorum
1047 3600 1252 3672 segnitie
1268 3601 1527 3670 prazmiam
1543 3617 1642 3655 non
1659 3602 1858 3654 amittit.

274 3691 467 3746 Pastor
486 3693 762 3762 spiritualis
785 3691 1029 3763 quomodo
1051 3692 1238 3745 Itwrere
1266 3690 1438 3745 debeat
1471 3693 1734 3747 animabus
1768 3691 1863 3746 sibi

268 3783 579 3836 commissis.
612 3783 879 3851 Audientes
917 3782 1138 3837 stimulat
1175 3779 1577 3852 CIuysostonms.
1607 3812 1676 3821 -—
1697 3781 1859 3835 Num—

264 3875 408 3943 quid
453 3873 646 3929 frustra
690 3874 989 3937 currimus,
1026 3883 1077 3927 et
1127 3872 1319 3927 frustra
1356 3872 1693 3927 laboramus?
1734 3888 1858 3925 num

266 3983 437 4035 supra
468 3974 651 4036 petras
676 3979 857 4019 semen
881 3963 1141 4032 iacimus?
1170 3979 1293 4016 num
1321 3977 1477 4017 secus
1505 3962 1640 4016 viam
1672 3961 1751 4015 vel
1784 3962 1860 4015 in-

268 4071 357 4113 ter
387 4059 573 4126 spinas
598 4057 735 4126 jacta
763 4055 961 4110 semina
992 4054 1194 4109 latent?
1224 4054 1424 4107 Anxius
1450 4069 1564 4107 sum
1593 4061 1647 4107 et
1676 4053 1855 4115 timeo,

266 4165 341 4204 ne
394 4148 600 4203 inutilis
638 4147 787 4201 nobis
826 4144 1150 4215 agricultura
1189 4145 1290 4207 sit;
1335 4142 1539 4199 etiamsi
1574 4142 1772 4199 nullum
1806 4142 1860 4195 in

267 4241 502 4309 hujusce
538 4239 732 4294 laboris
758 4237 1003 4294 mercede
1030 4236 1400 4292 dctrimentmu
1428 4250 1679 4306 passurus
1714 4234 1816 4288 sim
1843 4251 1855 4287 :

264 4346 384 4385 non
410 4332 556 4386 enim
583 4329 767 4385 eadem
792 4328 1110 4392 conditione,
1139 4342 1242 4398 qua
1266 4326 1542 4395 agricolas,
1569 4335 1691 4380 sunt
1712 4324 1857 4379 verbi

262 4421 548 4476 doctores.
580 4420 822 4491 Agricola
851 4419 994 4474 enim
1036 4427 1153 4488 post
1190 4433 1395 4472 annuos
1434 4432 1576 4486 sape
1612 4416 1818 4470 labores
1842 4455 1857 4479 ,

264 4522 397 4580 post
426 4522 627 4567 tantmn
654 4513 920 4567 miseriam
949 4520 1003 4567 et
1031 4510 1271 4574 sudores,
1305 4512 1347 4565 si
1379 4520 1518 4564 terra
1550 4509 1679 4562 nihil
1710 4508 1860 4561 labo-

261 4605 424 4657 ribus
453 4604 558 4657 illis
587 4603 801 4673 dignum
835 4602 1046 4668 tulerit,
1075 4616 1104 4656 a
1140 4603 1354 4658 nemine
1380 4601 1484 4655 alio
1515 4599 1709 4669 poterit
1735 4612 1862 4653 con-

257 4696 597 4749 solationem
632 4695 906 4764 accipere;
937 4693 1028 4748 sed
1066 4708 1186 4748 cum
1226 4693 1435 4748 tristitia
1473 4701 1524 4746 et
1559 4690 1765 4762 pudore
1794 4689 1861 4744 ab

256 4800 393 4839 area
426 4786 646 4839 domum
673 4795 969 4840 revertetur
995 4783 1059 4839 ad
1090 4799 1309 4838 uxorem
1339 4792 1393 4838 et
1428 4782 1566 4837 filios
1591 4825 1605 4846 ,
1636 4770 1796 4852 atque
1828 4795 1857 4834 a

254 4878 494 4931 nemine
521 4876 755 4930 diuturni
798 4876 991 4928 laboris
1031 4875 1329 4930 mercedem
1366 4883 1605 4942 repetere
1645 4872 1857 4942 poterit.

251 4969 440 5021 Nobis
482 4976 664 5022 autem
710 4967 840 5022 nihil
891 4966 1187 5036 hujusmodi
1232 4965 1469 5031 accidet;
1520 4964 1613 5019 sed
1653 4964 1860 5019 etiamsi

246 5063 410 5114 enlta
462 5071 604 5115 terra
643 5059 841 5113 nullum
885 5057 1112 5113 fructum
1151 5058 1368 5123 tulerit,
1404 5058 1447 5111 si
1490 5056 1723 5111 laborem
1764 5070 1862 5110 nos

249 5168 490 5207 omnem
519 5150 922 5205 cxbibuerimus
942 5192 955 5213 ,
985 5150 1073 5203 ille
1097 5157 1149 5204 et
1177 5158 1331 5203 term.-
1358 5156 1411 5203 et
1434 5147 1650 5203 cultoris
1683 5147 1861 5200 Domi-

251 5261 363 5299 sus
397 5259 511 5297 non
539 5243 681 5297 sinet
701 5256 798 5296 nos
824 5257 943 5296 cum
971 5254 1100 5294 vana
1124 5255 1217 5309 spe
1243 5238 1510 5304 recedere,
1537 5238 1630 5293 sed
1660 5252 1860 5292 merce—

1964 3334 2207 3393 Oporteat
2229 3324 2505 3387 ._animam
2537 3317 2980 3382 suamJiberavit,
3008 3317 3248 3388 quamvis
3275 3330 3437 3371 nemo
3461 3324 3538 3369 at-

1968 3418 2166 3476 tendat.
2193 3419 2437 3471 Attamen
2466 3415 2588 3474 licet
2615 3412 2750 3466 hanc
2777 3409 2981 3467 ﬁrmam
3004 3408 3419 3464 consolationem
3444 3405 3539 3460 ha-

1966 3509 2366 3576 beamus,|icet
2402 3507 2469 3562 de
2504 3504 2851 3561 cetributione
2894 3502 3119 3557 fidamus
3141 3541 3158 3568 ,
3196 3500 3407 3568 quando
3442 3512 3540 3552 vos

1964 3599 2093 3658 nihil
2132 3614 2294 3667 opere
2334 3597 2591 3666 prolicere
2630 3594 2871 3649 videmus
2895 3632 2909 3655 ,
2942 3590 3107 3645 nihilo
3144 3590 3334 3644 melius
3363 3586 3537 3641 affici-

1965 3707 2099 3753 mnr,
2133 3705 2289 3759 quam
2324 3686 2589 3755 agricola},
2614 3685 2703 3754 qui
2744 3692 2961 3755 gemunt
2986 3692 3037 3737 et
3073 3681 3447 3750 laetymanlttr,
3476 3693 3539 3732 ac

1964 3782 2163 3853 pudore
2186 3780 2479 3847 ruboreqttc
2500 3776 2817 3835 afficiuntur.
2846 3773 2956 3828 Hoc
2977 3771 3209 3826 doctoris
3235 3771 3535 3824 miscricor-

1963 3871 2044 3925 dia
2072 3913 2087 3938 ,
2123 3869 2220 3923 hoc
2251 3868 2415 3939 patris
2441 3882 2567 3922 cura
2604 3874 2705 3922 est.
2738 3865 2944 3919 Etenim
2981 3862 3139 3933 Moysi
3161 3875 3186 3915 s
3211 3874 3328 3914 cum
3361 3860 3427 3914 ab
3455 3860 3535 3913 in-

1964 3981 2109 4042 grata
2136 3970 2434 4025 JUtltCOI'lltll
2462 3976 2618 4037 gente
2643 3963 2854 4020 liberari
2885 3971 3081 4033 posset,
3105 3960 3537 4028 Splendidiusipte

1962 4079 2023 4118 ac
2048 4063 2212 4117 multo
2239 4060 2410 4130 majus
2441 4060 2492 4113 in
2520 4057 2676 4113 aliam
2703 4063 2917 4126 gentem
2947 4053 3226 4122 imperium
3255 4051 3495 4104 obtinere
3520 4066 3532 4101 :

1964 4172 2085 4211 nam
2114 4155 2187 4208 ait
2217 4152 2375 4215 Deus,
2409 4149 2617 4203 Dimitte
2638 4164 2736 4213 me,
2760 4156 2803 4200 et
2830 4144 3003 4199 delebo
3035 4159 3119 4197 eos
3139 4183 3154 4206 ,
3186 4141 3466 4211 faciamque
3492 4149 3539 4191 te

1962 4248 2015 4299 in
2043 4254 2237 4315 gentem
2264 4244 2357 4295 hac
2384 4243 2623 4310 majorem
2651 4235 2838 4307 (Exod
2890 4233 2975 4287 52.
3015 4233 3141 4302 l0);
3174 4231 3293 4299 quia
3323 4236 3537 4283 sanctus

1961 4346 2076 4392 erat
2095 4344 2147 4391 et
2174 4334 2263 4389 Dei
2289 4347 2496 4396 servus,
2520 4330 2641 4398 quia
2664 4342 2787 4381 vere
2812 4325 3014 4380 amicus
3040 4334 3087 4377 et
3117 4321 3311 4391 probus
3336 4321 3374 4385 ί,
3402 4320 3536 4373 hanc

1963 4443 2143 4483 vocem
2173 4441 2237 4479 ne
2261 4423 2441 4478 auditu
2467 4420 2680 4491 quidem
2709 4419 2861 4481 tulit;
2889 4415 2980 4469 sed
3015 4414 3185 4482 perire
3210 4412 3392 4464 maluit
3414 4427 3533 4463 cum

1961 4530 2117 4593 gente
2139 4519 2237 4573 sibi
2268 4515 2433 4570 semel
2462 4511 2685 4576 credita,
2707 4523 2864 4579 quam
2894 4506 3009 4561 sine
3036 4506 3123 4559 illa
3146 4503 3366 4567 servari,
3389 4512 3441 4555 et
3469 4500 3531 4553 ad

1965 4615 2217 4681 majorem
2243 4608 2548 4679 dignitatem
2571 4601 2789 4658 assumi.
2816 4599 2997 4655 Talem
3026 4603 3234 4668 oportet
3252 4611 3371 4649 cum
3393 4609 3533 4657 e~se,

1963 4706 2046 4760 cui
2071 4704 2364 4758 animarum
2387 4696 2668 4755 commissa
2694 4709 2820 4750 cura
2846 4699 2944 4746 est.
2975 4689 3271 4743 Ahsurdum
3298 4687 3438 4740 enim
3460 4701 3536 4739 es-

1963 4807 2062 4862 set,
2082 4797 2206 4852 dum
2224 4807 2508 4866 pravorum
2533 4789 2759 4842 filiorum
2784 4791 2933 4854 pater
2955 4798 3056 4835 non
3078 4779 3183 4832 vult
3207 4778 3356 4838 alios,
3376 4791 3532 4846 quam

1962 4893 2029 4945 ab
2058 4905 2115 4944 se
2147 4888 2353 4958 genitos
2376 4925 2392 4950 ,
2423 4881 2557 4936 filios
2586 4893 2710 4934 suos
2737 4875 2840 4930 diei
2862 4916 2877 4940 ,
2906 4870 3223 4928 commissos
3251 4867 3534 4935 diSt'lPlthS

1964 4996 2174 5050 semper
2204 4987 2407 5031 mutare
2428 5013 2444 5040 ,
2472 4987 2533 5026 ac
2560 4985 2699 5024 nunc
2728 4967 2845 5033 hos,
2878 4980 3018 5018 nunc
3049 4963 3180 5016 alios
3206 5002 3219 5023 ,
3250 4971 3535 5027 posteaque

1964 5048 2131 5125 novos
2157 5066 2459 5122 adscribere
2479 5104 2492 5126 ,
2523 5071 2681 5130 atque
2709 5072 2830 5125 erga
2855 5055 3027 5109 nullos
3051 5051 3278 5105 amicitia
3305 5048 3536 5101 benevo-

1966 5161 2228 5228 lentiaque
2249 5155 2408 5209 affici.
2435 5152 2630 5205 Verum
2650 5149 2785 5203 absit
2815 5157 2870 5199 ut
2892 5146 3010 5199 talia
3031 5143 3096 5197 de
3119 5139 3268 5193 vobis
3289 5148 3533 5228 umquam

1965 5224 2313 5318 susiiicemur.
2346 5241 2676 5298 Conlidimus
2704 5237 2844 5292 enim
2875 5249 2969 5289 vos
2996 5230 3162 5300 magis
3187 5225 3452 5281 abundare
3484 5224 3538 5277 iu

1968 5316 2072 5395 lidc
2114 5341 2164 5392 in
2214 5337 2491 5392 Dominum
2539 5341 2776 5386 nostrum
2820 5327 3001 5382 Iesum
3050 5322 3347 5380 Christum,
3388 5323 3442 5370 et
3487 5316 3538 5367 in

1965 5434 2184 5487 caritate
2219 5438 2396 5482 mutua
2427 5440 2550 5493 erga
2578 5436 2761 5475 omnes
2797 5420 2815 5488 (
2834 5419 2887 5471 2.
2916 5415 3030 5469 Cor.
3060 5412 3112 5466 8.
3143 5412 3235 5478 7).
3268 5409 3392 5462 Ha-e
3417 5424 3542 5460 vero

1965 5523 2189 5577 dicimus
2222 5529 2276 5573 ut
2303 5517 2533 5571 studium
2564 5522 2794 5567 vestrum
2824 5520 3110 5575 augeamus
3135 5545 3149 5567 ,
3180 5510 3236 5556 et
3265 5500 3384 5552 vitzc
3415 5513 3542 5567 pro-

1969 5615 2182 5666 bitatem
2214 5611 2264 5663 in
2294 5609 2410 5663 dies
2435 5617 2739 5660 accrescere
2764 5612 3029 5652 curemus.
3060 5595 3149 5647 Sic
3170 5592 3309 5646 etiim
3334 5588 3399 5643 ad
3426 5603 3541 5639 vcr-

1969 5705 2153 5756 bnrum
2183 5700 2434 5754 horumce
2461 5690 2778 5764 profundum
2812 5695 2989 5741 mente
3021 5684 3318 5756 pertingere
3346 5676 3538 5749 poteri-

245 5336 385 5389 dem
425 5334 648 5389 tribuet.
681 5331 1033 5402 Unusquisque
1056 5331 1209 5395 enim,
1234 5331 1421 5396 inquit,
1451 5332 1706 5399 prOpriatn
1733 5344 1862 5381 mer-

243 5429 446 5481 cedem
472 5426 684 5494 accipiet
712 5423 987 5479 secundum
1015 5422 1275 5491 propriam
1305 5421 1521 5477 laborem
1552 5419 1627 5489 (ι.
1657 5418 1773 5473 Cor.
1805 5419 1858 5472 '5.

241 5518 328 5589 3).
357 5534 483 5572 non
506 5517 799 5571 secundum
823 5513 899 5569 rei
924 5513 1098 5567 finem.
1129 5512 1194 5566 Et
1213 5512 1350 5581 quod
1374 5513 1442 5565 ita
1467 5526 1552 5565 res
1569 5526 1627 5565 se
1648 5508 1858 5573 habeat,

242 5610 379 5663 audi
420 5627 439 5662 :
471 5606 540 5661 Et
569 5616 655 5672 tu,
698 5606 898 5676 inquit,
933 5602 1039 5657 Fili
1074 5603 1318 5667 hominis,
1352 5601 1635 5655 testificare
1667 5599 1859 5668 pOpulo

244 5700 384 5754 huic
409 5741 427 5763 ,
464 5699 507 5751 si
533 5702 665 5769 forte
687 5696 918 5760 audiant,
942 5695 985 5749 si
1016 5698 1145 5764 forte
1172 5693 1453 5761 intelligant
1480 5690 1690 5762 (Ezcclt.
1716 5691 1770 5742 2.
1807 5691 1860 5744 5.

240 5793 323 5861 5).
365 5792 447 5846 Et
480 5805 570 5858 per
597 5788 931 5844 Ezechielcm
982 5785 1130 5854 (Cap.
1166 5786 1218 5839 5.
1248 5784 1334 5853 l9)
1373 5784 1421 5836 id
1446 5783 1681 5837 ediscere
1709 5783 1858 5835 licet:

238 5887 297 5940 δξ
343 5884 676 5954 speculator
716 5881 1019 5952 praedixerit
1042 5921 1055 5944 ,
1089 5878 1210 5949 quid
1244 5879 1451 5946 fugere,
1492 5875 1613 5945 quid
1663 5876 1856 5944 eligere
2034 5880 2047 5909 ί
2088 5876 2139 5925 in
2167 5871 2328 5923 ποῖαι.
2360 5870 2553 5930 legitur,
2582 5866 2690 5930 quia
2717 5877 2821 5915 rere
2839 5876 2999 5914 serens
3024 5867 3067 5910 ct
3092 5851 3285 5921 probas.
