4370 6306
627 308 694 362 87
799 249 805 254 ψ
1365 301 1417 356 S.
1458 298 1745 356 JOANNIS
1786 292 2275 352 CllltYSOSTOMl
2318 291 2630 347 ARClllEP.
2674 286 3207 348 CONSTAN'IINOP.
3835 301 3900 355 93

628 423 721 485 tis,
747 419 790 475 si
819 419 967 474 nulla
994 418 1247 487 nequitiae
1273 415 1541 487 lippitudo
1568 415 1760 469 oculos
1785 414 1981 469 mentis
2007 420 2200 466 restire

628 512 907 576 obscuret,
967 510 1200 580 ejusque
1232 509 1701 580 perspicuitatem
1736 506 2015 560 obtttrbet.
2057 503 2196 570 Quid

632 602 797 667 igitur
826 601 986 657 nobis
1007 602 1170 657 hodie
1199 603 1524 671 proponitur
1545 599 1819 654 ?Joauues
1845 597 2200 653 testimonium

626 694 855 763 perhibet
874 694 938 748 de
961 696 1097 763 ipse,
1117 703 1165 749 et
1186 695 1381 747 clamat
1405 692 1616 746 dicens:
1642 691 1688 744 Η
1695 693 1740 744 ic
1761 699 2041 759 eratquem
2063 688 2199 741 dixi:

626 785 729 853 Qui
753 795 868 854 post
896 802 978 840 me
1007 787 1169 851 venit,
1208 793 1330 838 aute
1357 801 1436 838 me
1466 784 1640 853 factus
1668 793 1765 847 est,
1790 783 1910 852 quia
1941 781 2089 850 prior
2120 795 2202 833 me

627 885 764 932 erat.
799 877 957 946 Saepe
997 875 1083 930 hic
1115 875 1447 942 evangelista
1476 873 1739 927 Joannem
1773 874 1916 926 ultro
1949 872 2200 940 citraque

626 976 828 1025 versat.
845 969 1073 1036 ejusque
1096 967 1462 1019 testimonium
1488 966 1825 1020 circumfert.
1851 963 1906 1017 Id
1938 978 2070 1019 vero
2091 977 2199 1017 non

616 1059 733 1111 sine
775 1070 934 1110 causa
959 1099 974 1121 ,
1007 1056 1101 1111 sed
1144 1054 1429 1108 admodum
1468 1049 1755 1120 prudenter
1794 1056 2029 1119 perstat.
2067 1047 2199 1115 Quia

617 1150 760 1202 cutim
791 1144 960 1203 Juda‘i
990 1147 1161 1202 virum
1191 1161 1350 1215 supra
1378 1143 1593 1198 modum
1626 1140 1953 1195 mirabantur
1978 1138 2120 1211 (eam
2149 1147 2203 1193 et

616 1237 880 1307 Jusephus
905 1253 971 1293 ex
997 1237 1116 1306 ejus
1142 1251 1271 1291 nece
1298 1234 1498 1290 bellum
1519 1241 1693 1287 ortum
1723 1240 1925 1295 narrat,
1957 1231 2202 1299 illiusque

617 1330 733 1384 neri
783 1328 1152 1399 metropoleos-
1185 1328 1448 1384 excidium
1497 1324 1758 1380 adst-nihil.
1784 1323 1898 1393 (τι),
1939 1338 2001 1376 ac
2045 1322 2210 1390 longe

617 1440 862 1477 sermone
895 1422 1078 1477 laudes
1103 1421 1219 1490 ejus
1248 1417 1641 1489 proseiluitur),
1674 1427 1724 1469 ttt
1756 1413 1969 1471 Jttdatos
1998 1412 2215 1484 pudore

615 1513 902 1579 suil'undat,
919 1511 1199 1568 Prodrnnti
1226 1509 1709 1568 testimouinmiliis
1731 1506 2037 1575 frequenter
2055 1519 2209 1560 coma

614 1614 893 1658 memorat.
927 1603 995 1657 Et
1021 1602 1111 1657 alii
1141 1600 1352 1671 quidem
1383 1599 1723 1669 evangelistm
1743 1639 1758 1662 ,
1793 1597 1937 1655 facta
1959 1605 2199 1651 veterum

615 1696 995 1763 propbetarum
1025 1693 1315 1758 mentione,
1340 1690 1404 1744 ad
1433 1690 1649 1759 singula.
1662 1699 1807 1760 gesta
1830 1688 2202 1744 eoa-emittunt

615 1779 910 1832 auditorem
941 1794 954 1832 :
983 1792 1047 1831 ac
1085 1776 1298 1847 quando
1329 1783 1484 1829 natus
1513 1783 1595 1828 est
1633 1774 1815 1828 dicunt
1846 1789 1860 1826 :
1893 1770 2007 1829 Hoc
2033 1781 2215 1829 autem.

617 1877 773 1921 totum
814 1869 1004 1938 factum
1049 1874 1162 1931 est,
1189 1875 1243 1919 ut
1284 1864 1578 1936 impleretur
1620 1864 1757 1935 quod
1793 1863 1980 1917 dictum
2011 1874 2082 1918 est
2112 1880 2208 1934 per.

617 1959 804 2013 Isaiam
832 1959 1132 2028 prophetam
1158 1958 1403 2011 dicentem
1425 1974 1444 2011 :
1468 1957 1599 2012 Ecce
1634 1957 1786 2029 Virgo
1812 1956 1866 2010 in
1894 1964 2034 2010 utero
2055 1954 2201 2009 habe.

615 2050 701 2116 bit,
732 2063 778 2104 et
806 2051 966 2118 pariet
993 2052 1155 2119 [ilium
1176 2049 1389 2119 (Matth.
1422 2051 1444 2103 1
1480 2048 1594 2105 .92.
1618 2049 1709 2107 25.
1749 2048 1875 2103 Isai.
1910 2049 1962 2102 7.
1991 2048 2103 2118 M).
2134 2048 2213 2102 Et‘

616 2158 735 2195 eum
778 2143 986 2198 insidiis
1023 2150 1401 2212 appeteretur,
1438 2150 1492 2198 et
1531 2143 1603 2196 ita
1641 2142 1931 2211 diligenter.
1967 2140 2199 2210 nudique

615 2232 1051 2303 perquireretnr,
1090 2241 1151 2287 ut
1194 2233 1473 2291 immatura
1515 2233 1674 2289 etiam
1721 2243 1850 2288 :rtas
1889 2233 1957 2287 ab
1988 2232 2199 2287 llerode

611 2323 962 2393 jugularetur,
994 2322 1282 2379 Jeremiam
1314 2323 1460 2377 iilum
1491 2323 1965 2394 olimpropltetam
1998 2324 2049 2379 in
2079 2338 2217 2378 me~-

614 2414 759 2469 dium
802 2413 1069 2468 adducunt
1107 2412 1371 2469 dicentem
1406 2430 1419 2467 :
1460 2411 1573 2467 Vox
1602 2414 1656 2467 in
1689 2414 1852 2468 [tanta
1880 2414 2058 2467 audita
2086 2421 2216 2479 est,~

615 2504 926 2569 lamentatio,
953 2502 1193 2572 ploratus.
1208 2511 1255 2556 et
1283 2502 1509 2561 ululatus
1534 2503 1742 2568 multus,
1769 2502 2203 2573 Rat-hetplorans

613 2592 749 2660 [ilics
774 2610 891 2647 suos
917 2592 1052 2663 (Jer.
1080 2594 1169 2649 5|.
1200 2593 1332 2662 15),;
1362 2601 1416 2649 et
1444 2608 1573 2649 eum.
1594 2607 1661 2648 ex
1695 2592 1928 2669 Egypto
1958 2594 2197 2661 rediret,

613 2683 805 2739 Oscam
848 2683 1120 2753 proferunt
1160 2685 1238 2739 sie
1276 2684 1584 2754 loquentem
1610 2724 1625 2749 ,
1654 2684 1739 2740 Ea:
1765 2684 1997 2764 Empta
2025 2687 2198 2747 uocari

615 2776 777 2843 ﬁlium
824 2793 987 2830 meum
1029 2775 1198 2850 (Osee
1239 2777 1325 2837 li,
1368 2776 1429 2849 l)
1469 2794 1483 2831 :
1524 2787 1577 2832 et
1616 2778 1811 2847 ubique
1839 2779 1904 2832 ad
1949 2779 2089 2832 inme
2118 2777 2195 2834 fa-

614 2868 760 2921 ciunt
799 2868 1031 2922 modum.
1074 2868 1170 2925 Hie
1196 2884 1322 2924 vero
1343 2912 1356 2936 ,
1389 2879 1573 2940 utpote
1601 2869 1710 2940 qui.
1729 2870 2008 2933 sublimius
2036 2884 2218 2940 quam

613 2959 699 3013 alii
734 2959 1010 3030 loquatur,
1038 2962 1231 3021 clarius
1258 2972 1416 3032 atque
1443 2963 1713 3018 recentius
1741 2962 2016 3033 proferens
2047 2962 2197 3018 testis

613 3050 849 3105 monium
872 3092 886 3115 ,
915 3067 1020 3113 nun
1049 3062 1286 3106 mortuos
1316 3062 1516 3107 tantum
1538 3093 1551 3117 ,
1581 3052 1673 3109 sed
1703 3061 1758 3107 et
1784 3053 2048 3108 viventem
2068 3093 2081 3115 ,
2105 3053 2192 3122 qui

612 3155 736 3194 eum
765 3151 817 3195 et
848 3151 1160 3211 praesentem
1191 3142 1501 3197 ostenderat
1523 3153 1576 3198 et
1605 3142 1981 3212 baptizavcrat,
2012 3144 2061 3204 in
2092 3158 2202 3201 ιηθι

611 3229 756 3283 dium
800 3230 1104 3302 frequenter
1139 3233 1351 3288 adducit
1376 3249 1537 3300 ;7non
1583 3249 1688 3304 quo
1731 3234 2010 3289 Dominum
2053 3236 2215 3293 servi.

612 3322 916 3376 testimonio
948 3322 1051 3379 fide
1080 3323 1299 3394 dignum
1328 3323 1863 3395 comprobaret,,_sed
1898 3334 1957 3379 ut
1981 3325 2191 3386 audito-

609 3432 725 3470 rum
752 3416 1044 3473 infirmitati
1085 3433 1142 3472 se
1170 3427 1570 3488 attemperaret.
1599 3417 1749 3473 Sicut
1776 3418 1916 3475 enim
1949 3418 2047 3472 nisi
2080 3416 2191 3472 for.-

609 3522 749 3562 mam
797 3511 951 3570 δεμ-ἰ,
987 3511 1320 3580 accepisset,
1373 3526 1477 3565 non
1525 3521 1777 3581 acceptus
1820 3511 2192 3583 admissusque

610 3600 829 3660 fuisset:
854 3604 1227 3665 sieuisiserri
1244 3619 1392 3659 voce
1414 3619 1794 3659 conservorum
1823 3620 1981 3660 aures
2010 3619 2193 3660 assue-

609 3693 862 3758 fecisset,
892 3694 1125 3752 maxima
1160 3710 1280 3764 pars
1322 3689 1628 3753 Judteornm
1655 3698 1933 3759 ,sermoni
1966 3713 2070 3759 non
2097 3698 2189 3757 ob;

607 3793 978 3855 temperasset.

675 3880 733 3932 2.
774 3876 879 3931 Cur
912 3885 956 3931 et
986 3878 1236 3948 quomodo
1261 3876 1487 3933 Joannes
1518 3876 1744 3947 Baptista
1774 3877 2026 3935 Christ-nm
2062 3897 2193 3949 prir—

606 3969 756 4023 dicet.
780 3998 850 4008 —
872 3968 949 4022 Ad
980 3967 1093 4023 ltzec
1119 3968 1260 4024 aliud
1289 3968 1655 4041 apparabatur.
1674 3985 1921 4039 magnum
1950 3981 2001 4024 et
2033 3972 2190 4025 mira~

607 4061 732 4116 bile.
766 4059 899 4129 Quia
944 4061 1125 4126 enim,
1168 4061 1255 4132 qui
1299 4060 1367 4116 de
1410 4061 1588 4131 seipse
1626 4058 1875 4132 maguum
1919 4061 2188 4131 quidpiam

605 4149 799 4217 effert,
839 4158 1120 4221 suspectus
1159 4160 1276 4216 est,
1316 4161 1370 4206 et
1407 4151 1707 4206 auditorum
1752 4152 2010 4222 plurimos
2048 4167 2190 4224 sape

606 4242 861 4309 offendit;
890 4242 1009 4300 ideo
1032 4244 1168 4298 alius
1193 4245 1258 4298 de
1285 4244 1374 4299 illo
1401 4245 1774 4305 testificaturus
1794 4246 2019 4301 accedit.
2044 4246 2190 4301 Alioe

605 4336 732 4407 quin
759 4343 936 4390 autem
962 4377 978 4403 ,
1007 4335 1128 4406 quia
1160 4336 1298 4391 solet
1325 4335 1606 4390 multitudo
1642 4336 1708 4390 ad
1740 4335 2051 4391 familiarem
2088 4337 2189 4392 sibi

605 4435 659 4480 et
682 4425 914 4480 innatam
941 4440 1125 4480 vocem
1155 4441 1461 4492 accurrere,
1487 4434 1669 4494 utpote
1692 4440 1851 4497 quam
1876 4427 2067 4482 melius
2094 4441 2201 4482 no-.

606 4515 820 4570 reriut:
852 4516 971 4569 ideo
1001 4529 1100 4571 vox
1143 4514 1210 4570 de
1249 4515 1381 4569 caele
1410 4515 1574 4568 semel
1614 4522 1707 4568 aut
1748 4514 1826 4568 bis
1855 4514 2031 4569 audita
2065 4525 2147 4570 cst
2170 4556 2199 4579 ,_

602 4620 707 4659 vox
758 4618 885 4659 vero
930 4604 1152 4659 Joannis
1197 4603 1644 4675 frequentissime.
1695 4602 1825 4658 Nam
1872 4604 1962 4674 qni
2008 4606 2186 4675 pepuli

604 4694 1018 4756 imbecillitatem
1059 4696 1419 4765 superabant,
1459 4704 1514 4751 et
1552 4710 1581 4749 a
1624 4697 1908 4752 sensilibus
1942 4698 2189 4753 onmibus

601 4789 835 4858 exempli
864 4798 1037 4851 erant,
1072 4788 1267 4858 quique
1295 4803 1580 4858 supernam
1613 4802 1797 4843 vocem
1824 4790 2008 4846 audire
2038 4800 2187 4860 pote-

599 4889 720 4936 rant
740 4921 754 4942 ,
783 4895 888 4933 non
915 4879 1201 4934 admodum
1233 4895 1367 4949 opus
1397 4880 1663 4935 habebant
1693 4881 1921 4936 humana
1946 4898 1960 4947 ;
1991 4883 2187 4955 quippe

591 4969 693 5039 ιμιί,
712 4969 836 5024 lmie
852 4972 1071 5023 omnino
1092 4971 1546 5041 obtemperabant,
1567 4980 1618 5025 et
1639 4970 1704 5026 ab
1727 4972 1812 5027 illa
1834 4972 2182 5028 ducebantur.

600 5059 707 5127 Qui
752 5076 880 5115 vero
912 5060 1086 5115 adhuc
1116 5061 1256 5116 circa
1298 5061 1476 5115 infima
1513 5063 1896 5130 versabantur,
1927 5072 1983 5120 et
2018 5063 2184 5118 multa

664 5216 745 5277 (α)
759 5217 899 5288 Quod
916 5217 994 5268 hic
1024 5217 1142 5268 dicit
1163 5217 1557 5288 _Cltrysostomus,
1580 5219 1842 5288 ἶιοειιῃΙηειιι
1863 5223 2185 5288 Jerosol‘ymo-

600 5291 709 5344 rum
742 5279 985 5328 excidium
1008 5281 1205 5344 Joannis
1225 5279 1448 5342 Baptism
1483 5281 1591 5331 neci
1626 5279 1924 5344 adscribere,
1951 5279 2183 5335 non'om-

604 5341 979 5408 ttino_cettsOttat
1009 5354 1119 5390 eum
1167 5343 1226 5408 iis
1256 5341 1367 5404 qua:
1400 5349 1563 5408 narrat
1592 5341 2014 5408 JeselhuslﬁtB.
2038 5360 2083 5397 c.
2120 5350 2179 5408 6,

602 5402 682 5455 ubi
714 5401 845 5456 dicit,
868 5408 1021 5449 totum
1055 5404 1255 5452 tterodis
1274 5401 1551 5452 exercitum
1573 5401 1753 5453 caesuin
1784 5405 1938 5455 fuisse
1960 5401 2180 5459 abAreta

604 5462 790 5523 Arabia;
814 5467 1011 5511 Petra-az
1029 5475 1153 5523 rege
1172 5477 1185 5512 ε
1214 5474 1265 5514 et
1288 5464 1410 5513 hanc
1427 5464 1634 5521 cladem,
1650 5474 1921 5516 nouantem
1939 5470 2181 5519 excidium

599 5521 1022 5587 Jerosolymorum,
1045 5521 1251 5587 Joannis,
1287 5529 1506 5587 Baptista:
1542 5530 1647 5575 neci
1681 5528 1923 5576 adscribit.
1960 5536 2056 5577 Non
2089 5532 2180 5579 de-

602 5585 894 5650 sftutantem
916 5586 1044 5634 inter
1068 5586 1197 5633 viros
1223 5585 1393 5650 doctus
1417 5587 1507 5650 qui
1544 5588 1669 5636 lutnc
1699 5596 1827 5650 Joset
1847 5589 1893 5636 hi
1917 5590 1981 5637 de
1998 5598 2180 5641 Joanne

599 5645 805 5715 Baptista
843 5647 998 5695 locum
1029 5653 1312 5715 suspectum
1354 5645 1580 5715 habeant.
1615 5650 1704 5700 sed
1742 5645 1845 5699 haec
1879 5650 2034 5701 alsius
2064 5665 2178 5715 per-

602 5708 741 5769 sequi
779 5722 872 5757 non
907 5715 982 5758 est
1016 5710 1277 5769 prtescntis
1300 5708 1522 5763 instituti.

2312 412 2641 457 terrenarum
2674 418 2850 456 rerum
2880 403 3105 473 caligine
3139 403 3529 473 obtvgel-antur
3549 447 3565 473 ,
3599 407 3698 462 hac
3726 406 3900 465 luunt-

2311 492 2445 548 liore
2470 493 2692 559 egebant
2723 507 2869 547 voce.
2902 494 2990 548 Sic
3012 509 3140 564 ergo
3166 493 3402 550 Joannes
3422 536 3434 554 .
3465 497 3585 566 quia
3613 499 3900 556 sensilibus

2309 600 2368 641 se
2393 587 2623 656 undique
2647 588 2814 652 exuit,
2842 588 3108 657 magistris
3139 587 3443 645 hominibus
3466 592 3480 622 ¹
3506 607 3638 661 opus
3665 609 3769 646 nou
3800 592 3898 647 ha-

2308 676 2443 741 buit,
2475 677 2569 733 sed
2599 694 2664 732 ex
2692 678 2827 734 etelo
2855 679 3096 734 eruditus
3122 688 3224 735 est.
3257 681 3386 734 Nam
3414 683 3508 749 ait,
3536 682 3635 749 Qui
3663 685 3795 738 misit
3824 703 3903 740 me

2309 766 2565 836 baptizare
2600 768 2652 821 in
2692 784 2826 838 aqua
2848 808 2863 831 ,
2903 768 2991 823 ille
3030 771 3156 823 mihi
3196 771 3325 824 dixit
3346 786 3367 825 :
3392 771 3561 843 Super
3587 790 3734 842 quem
3764 776 3892 828 vide-

2306 857 2378 910 ris
2417 856 2666 927 Spiritum
2706 856 2803 912 Dei
2841 858 3217 914 darendentem
3241 902 3255 925 ,
3303 861 3385 915 hic
3427 871 3519 916 est.
3560 862 3727 919 Juda-i
3772 881 3901 919 vero

2307 946 2482 1001 adhuc
2526 947 2792 1015 infantes,
2823 949 2912 1019 qui
2960 949 3027 1004 ad
3070 949 3405 1005 altitudinem
3454 951 3598 1007 illam
3637 954 3911 1023 attingere

2308 1038 2544 1093 nondum
2588 1049 2870 1109 poterant,
2910 1041 3178 1096 hominem
3233 1027 3501 1099 habebant
3545 1047 3854 1117 magistrum
3880 1091 3896 1111 ,

2308 1141 2413 1181 non
2457 1143 2552 1183 sua
2583 1129 2661 1183 eis
2685 1169 2698 1193 ,
2730 1130 2822 1185 sed
2860 1130 3091 1185 ca'lestia
3134 1133 3560 1189 annuutiantem.
3601 1136 3736 1202 Quid
3768 1152 3897 1207 ergo

2308 1217 2393 1273 hic
2419 1218 2690 1289 loquitur?
2714 1219 2740 1273 1
2748 1237 2837 1290 pse
2857 1222 3192 1275 testimonium
3214 1224 3437 1294 perhibet
3457 1226 3521 1280 de
3540 1242 3617 1291 eo,
3644 1236 3690 1280 et
3709 1229 3898 1283 clamat

2307 1309 2496 1362 dicens.
2525 1310 2661 1379 Quid
2688 1311 2788 1365 sibi
2813 1312 2919 1365 vult
2948 1312 3098 1379 illud,
3122 1311 3320 1367 Clamat
3337 1315 3363 1368 .9
3382 1314 3517 1387 Cum
3538 1316 3748 1382 fiducia,
3771 1334 3894 1373 cum

2307 1400 2552 1461 libertate
2573 1444 2586 1468 ,
2618 1405 2761 1458 omni
2791 1404 2996 1474 abjecta
3025 1404 3306 1461 formidine
3335 1409 3611 1477 pratdieat.
3644 1410 3780 1479 Quid
3813 1421 3895 1467 te-

2305 1503 2476 1551 statur
2505 1505 2559 1551 et
2582 1496 2810 1551 clamat?
2842 1495 2942 1550 Hic
2968 1507 3097 1565 erat,
3122 1498 3312 1569 inquit,
3337 1515 3483 1570 quem
3510 1501 3638 1567 diti,
3668 1505 3754 1570 qui
3783 1516 3896 1573 post

2305 1605 2390 1642 me
2409 1592 2559 1655 reuit,
2588 1598 2708 1643 ante
2728 1606 2807 1644 me
2829 1590 2994 1659 [actus
3017 1598 3109 1659 est,
3131 1591 3250 1662 quia
3277 1591 3418 1662 prior
3440 1609 3517 1646 me
3540 1603 3666 1647 erat.
3692 1592 3894 1649 0bsen~

2305 1694 2425 1735 rum
2463 1688 2544 1734 est
2576 1681 2935 1736 testimonium
2961 1723 2976 1748 ,
3008 1691 3062 1735 et
3088 1681 3265 1737 adhuc
3295 1683 3451 1738 valde
3482 1684 3682 1743 humile
3710 1700 3772 1739 ac
3801 1684 3896 1740 dc-

2306 1771 2548 1825 missum.
2572 1770 2705 1826 -Νυη
2731 1772 2871 1827 enim
2896 1772 3034 1826 dixit
3058 1814 3074 1838 ,
3105 1773 3201 1828 llic
3226 1783 3307 1829 est
3338 1773 3503 1829 Filius
3537 1776 3626 1829 Dei
3655 1776 3897 1847 unigeni-

2307 1870 2390 1917 tus
2412 1862 2434 1893 ³
2460 1878 2473 1915 :
2507 1861 2600 1917 sed
2631 1861 2797 1932 quid?
2830 1861 2928 1916 Hic
2953 1873 3061 1917 erat
3095 1880 3240 1934 quem
3271 1864 3382 1919 dixi
3404 1906 3418 1928 ,
3447 1867 3538 1938 qui
3575 1876 3686 1935 post
3720 1869 3850 1921 venit
3876 1909 3891 1934 ,

2304 1962 2422 2007 ante
2443 1970 2521 2007 me
2539 1955 2703 2024 factus
2731 1965 2825 2022 est,
2857 1957 2974 2026 quia
3005 1958 3144 2024 ptiar
3172 1974 3249 2010 me
3277 1969 3402 2012 erat.
3432 1958 3891 2026 Quemadmodum

2303 2047 2446 2100 enim
2472 2048 2795 2103 avicularum
2836 2058 3033 2103 matres
3068 2050 3243 2120 pullos
3269 2066 3397 2106 suos
3435 2065 3540 2106 non
3579 2053 3760 2106 statim
3796 2068 3893 2107 nec

2305 2150 2411 2195 uno
2451 2136 2537 2192 die
2565 2138 2773 2193 volandi
2804 2146 2972 2193 artem
3013 2148 3173 2193 totam
3215 2140 3441 2195 edocent
3463 2184 3476 2208 ,
3503 2142 3595 2196 sed
3628 2143 3802 2212 primo
3826 2159 3893 2198 ex

2304 2227 2429 2285 nido
2456 2229 2687 2285 educunt
2717 2238 2941 2293 tantum,
2969 2229 3163 2286 deinde
3189 2248 3217 2284 a
3247 2232 3423 2286 volatu
3456 2233 3793 2303 requiescere
3822 2235 3894 2289 si.-

2305 2330 2459 2385 unnt,
2486 2330 2604 2391 post
2627 2321 2691 2375 ad
2706 2322 2949 2377 volatum
2976 2333 3247 2390 exercent,
3275 2324 3464 2395 dieque
3486 2335 3696 2395 postera
3725 2328 3895 2383 multo

2303 2412 2475 2481 majus
2501 2412 2714 2469 volandi
2742 2415 3055 2470 exercitium
3082 2416 3304 2485 addunt,
3339 2419 3521 2486 sicque
3551 2420 3801 2490 paulatim
3829 2438 3894 2477 ac

2302 2504 2503 2558 sensim
2544 2504 2608 2561 ad
2659 2515 3042 2576 congruentem
3096 2508 3433 2564 altitudinem
3478 2510 3711 2569 educunt
3760 2531 3772 2565 :
3820 2515 3889 2567 ita

2305 2597 2489 2652 beatus
2513 2597 2746 2656 Joannes
2777 2615 2883 2654 non
2912 2600 3090 2655 statim
3123 2600 3190 2655 ad
3220 2602 3463 2656 sublimia
3492 2603 3705 2658 «ἶιιάευοε
3731 2605 3891 2661 dedit.

2300 2686 2413 2753 xit;
2444 2688 2537 2743 sed
2567 2690 2835 2760 paululum
2857 2706 2891 2746 e
2916 2700 3056 2746 terra
3083 2692 3262 2748 educit
3283 2704 3336 2748 et
3361 2696 3540 2749 volare
3562 2695 3735 2759 docet,
3764 2711 3917 2755 cuin.

2301 2777 2412 2841 ait,
2438 2776 2709 2833 Christum
2735 2795 2793 2835 se
2819 2780 3095 2836 meliorem
3130 2797 3268 2837 esse.
3302 2783 3485 2855 Neque
3515 2786 3658 2840 enim
3702 2801 3887 2856 parum

2300 2864 2533 2921 interim.
2565 2868 2694 2925 illud
2735 2878 2884 2936 erat,
2920 2871 3061 2939 quod
3098 2872 3370 2928 auditores
3411 2874 3631 2931 credere
3670 2886 3889 2946 possent

2301 2956 2473 3022 illum,
2502 2960 2589 3029 qni
2621 2961 2853 3014 nondum
2887 2961 3031 3017 visus
3060 2962 3265 3031 fuerat,
3297 2980 3394 3021 nec
3424 2966 3673 3022 miracula
3702 2968 3888 3024 edide-

2299 3058 2400 3112 rat,
2422 3063 2541 3102 esse
2565 3050 2817 3119 majorem
2838 3051 3062 3113 Joanne.
3084 3062 3190 3108 tam
3216 3055 3440 3110 mirabili
3463 3066 3516 3111 et
3538 3058 3729 3112 illustri
3751 3060 3886 3123 viro,

2298 3139 2364 3192 ad
2394 3156 2552 3209 quem
2580 3156 2766 3197 omnes
2791 3145 3179 3212 aceurrebant,
3210 3163 3472 3219 quemque
3498 3151 3743 3219 angelum
3769 3167 3889 3206 esse

2301 3231 2575 3299 putabant.
2610 3232 2823 3291 Interim
2859 3237 3074 3291 vero..id
3114 3239 3413 3293 auditorum
3442 3241 3635 3297 animis
3662 3242 3890 3299 Suadere

2298 3322 2591 3378 conabatur
2614 3340 2808 3393 ,cum,
2838 3326 2906 3384 de
2934 3344 3038 3398 quo
3071 3331 3433 3386 testimonium
3467 3333 3849 3403 pet-bibebatur
3869 3379 3887 3404 ,

2298 3416 2612 3494 perl‘iiliente
2646 3417 2902 3488 majorem
2939 3434 3081 3487 esse,
3119 3438 3183 3475 eo
3231 3422 3317 3492 qui
3352 3423 3462 3492 jam
3500 3434 3719 3480 venerat
3764 3444 3895 3483 eum

2298 3508 2385 3576 qui
2414 3517 2668 3563 venturus
2699 3518 2846 3577 erat,
2875 3511 3164 3580 conspiqu
3189 3520 3242 3566 et
3272 3512 3463 3568 illustri
3490 3531 3611 3570 eum
3637 3517 3727 3587 qui
3756 3533 3891 3579 non-

2298 3598 2423 3655 dum
2450 3607 2766 3669 apparuerat
2797 3602 3389 3670 essepratstantioretn.
3423 3604 3556 3661 Vide
3579 3622 3737 3677 quam
3764 3625 3881 3679 pru-

2298 3687 2883 3747 dentertestimonium
2919 3690 3174 3760 proferat.
3213 3692 3687 3762 Nonprzeseutem
3729 3700 3894 3755 modo

2297 3779 2548 3846 ostendit,
2568 3782 2662 3837 sed
2680 3792 2966 3854 antequam
2987 3794 3241 3853 appareat
3264 3786 3537 3856 priedieat.
3563 3787 3697 3845 Illud
3719 3792 3882 3855 cnint,

2305 3870 2399 3925 llic
2438 3881 2510 3926 est
2550 3888 2697 3936 quem
2735 3873 2974 3941 dixi,_id
3017 3876 3318 3947 significat,
3351 3883 3799 3948 quemadmodum
3835 3896 3890 3940 rt

2300 3960 2575 4019 Mattbmus
2614 3961 2688 4016 ait
2720 3981 2734 4018 :
2761 3961 3018 4023 Omnibus
3056 3966 3144 4036 qui
3191 3967 3255 4020 ad
3307 3984 3366 4023 se
3404 3971 3690 4029 veniebant
3738 3973 3887 4028 diee-

2296 4049 2387 4109 bat
2418 4069 2430 4103 :
2465 4049 2571 4118 Ego
2599 4052 2800 4123 quidem
2831 4054 3031 4122 baptizo
3059 4073 3144 4112 vos
3170 4058 3222 4111 iu
3251 4075 3385 4131 aqua
3413 4077 3431 4115 :
3459 4062 3547 4133 qui
3578 4074 3747 4116 autem
3776 4077 3887 4134 post

2296 4158 2375 4194 me
2401 4143 2551 4210 venit,
2579 4144 2759 4213 fortior
2783 4161 2862 4199 me
2886 4156 2978 4214 est,
3007 4150 3157 4214 cujus
3183 4166 3273 4221 ego
3301 4168 3402 4210 non
3432 4169 3543 4207 sum
3571 4155 3756 4224 dignus
3784 4157 3887 4209 sol-

2295 4247 2405 4286 uere
2435 4235 2703 4306 corrigiam
2736 4235 3062 4292 calceameuti
3092 4238 3320 4310 (Matth.
3362 4242 3415 4297 5.
3449 4243 3506 4297 ‘ll
3538 4242 3577 4313 ).
3618 4244 3725 4300 Cur
3753 4260 3883 4314 ergo

2294 4334 2579 4395 antequam
2605 4335 2923 4398 appareret,
2958 4330 3025 4383 ita
3065 4330 3314 4401 loquutus
3344 4332 3464 4389 est?
3494 4333 3564 4389 Ut
3606 4345 3899 4405 acceptum

2294 4424 2437 4469 esset
2463 4418 2768 4486 apparentis
2784 4420 3157 4479 testimonium
3181 4464 3195 4488 ,
3220 4421 3327 4492 jam
3357 4423 3664 4479 auditorum
3692 4428 3885 4482 animis

2293 4504 2359 4558 ad
2386 4504 2489 4563 hoc
2512 4508 2785 4576 apparatis
2805 4523 2898 4578 per
2917 4508 3137 4566 Joannis
3155 4526 3461 4567 sermonem
3484 4530 3498 4579 ;
3531 4530 3663 4570 neve
3684 4513 3891 4571 Clu-isti

2295 4594 2398 4649 vile
2428 4595 2791 4652 indumentum
2818 4597 3060 4655 officeret
3096 4601 3197 4670 ipsi
3225 4601 3266 4653 ³.
3299 4601 3431 4659 Nam
3460 4604 3563 4658 nisi
3593 4605 3790 4674 aliquid
3818 4606 3887 4661 de

2294 4685 2504 4739 Christo
2527 4686 2802 4742 audissent
2828 4697 3111 4758 antequam
3143 4691 3288 4745 illttm
3319 4692 3582 4759 viderent,
3614 4694 3714 4750 nisi
3746 4696 3886 4749 testi-

2292 4777 2526 4831 monium
2550 4778 2676 4834 illud
2702 4794 2950 4850 magnum
2973 4790 3025 4835 et
3054 4781 3297 4836 mirabile
3319 4782 3385 4838 de
3412 4784 3505 4839 illo
3525 4786 3882 4856 accepissent,

2292 4868 2503 4925 habitus
2535 4870 2816 4926 humilitas.
2836 4873 3012 4927 statim
3045 4872 3306 4929 dictorum
3336 4866 3684 4947 magnitudini
3714 4877 3884 4932 obsti-

2292 4962 2462 5017 tisset.
2497 4962 2906 5019 C'tristnsenim
2936 4973 3040 5019 tam
3075 4967 3231 5021 trivio
3258 4977 3312 5022 et
3340 4971 3541 5039 vulgari
3575 4969 3758 5025 ltabitu
3798 4972 3880 5025 in-

2289 5053 2511 5107 cedebat
2532 5099 2546 5119 ,
2575 5062 2634 5107 ut
2662 5062 2715 5108 et
2750 5054 3099 5109 Samaritana:
3126 5056 3380 5113 mulieres
3399 5102 3412 5125 ,
3441 5067 3496 5115 et
3531 5060 3879 5126 meretrices,

2289 5152 2345 5197 et
2374 5143 2639 5212 publicani
2670 5158 2790 5198 cum
2833 5160 3022 5213 magna
3053 5146 3297 5203 libertate
3322 5164 3385 5204 ac
3415 5149 3601 5205 fiducia
3632 5150 3697 5205 ad
3731 5150 3886 5207 illum

2292 5231 2610 5289 accederent
2639 5234 2921 5307 ipsumque
2946 5236 3365 5307 alloquerentur.

2353 5412 2371 5479 ξ
2405 5411 2545 5479 sarit.
2580 5412 3017 5479 habet,nm,qistris
3038 5415 3163 5467 aliis.

2287 5472 2572 5595 ﬁli’ttsl.dem’
2598 5482 2705 5536 pou
2749 5472 3055 5537 mu'erbat
3087 5482 3172 5531 Μ
3210 5479 3494 5545 unigena»,
3531 5481 3699 5544 adJit,
3731 5497 3871 5536 rem:

2352 5595 2373 5626 ³
2389 5593 2600 5666 ﬂuidam
2625 5596 2885 5666 habitae...
2907 5598 3117 5666 alliceret
3141 5599 3234 5663 ipsi
3248 5630 3263 5655 ε
3284 5602 3371 5652 sed
3395 5610 3624 5666 atposset
3640 5605 3874 5656 timorem

2286 5652 2349 5701 ab
2381 5652 2622 5726 [remittunt
2656 5660 2829 5711 animis
2851 5652 3035 5712 urc'ére.
3066 5663 3117 5713 In
3145 5652 3303 5724 textu,
3339 5652 3479 5713 savil:
3503 5673 3556 5715 et
3580 5652 3866 5726 sialiter;

2289 5728 2393 5767 tutos
2414 5730 2681 5779 sequimur.
