4370 6306
362 397 421 452 3-)
1415 392 1478 447 IN
1517 390 1825 446 JOANNEH
1869 386 2097 443 IIOMII..
2131 390 2268 447 XIII.
2303 393 2372 447 al.
2416 393 2531 450 XII.
3014 342 3016 346 ι
3560 409 3630 460 ﬁll

422 515 473 568 5.
501 514 571 569 Ct
600 523 732 581 ergo
771 509 880 564 dixi
907 549 921 568 ,
963 506 1006 560 si
1052 505 1165 558 base
1193 504 1349 559 verba
1383 504 1539 558 simul
1581 504 1851 559 audissent
1882 512 1936 556 et

360 606 521 675 ipsum
544 601 825 661 vidissent,
849 598 1066 653 Joannis
1089 597 1447 650 testimonium
1474 596 1781 650 irrisissent.
1799 596 1932 648 Cum

358 707 478 748 vero
505 701 629 746 ante
657 690 858 745 Christi
889 688 1172 742 adventum
1205 686 1254 739 id
1283 701 1426 755 smpe
1453 685 1761 752 audissent,
1791 695 1843 740 et
1869 702 1932 740 ex

357 786 504 840 dictis
533 782 748 838 videndi
792 780 1041 849 cupidine
1083 776 1331 832 Concitati
1361 785 1574 840 essent,
1604 776 1933 831 contrarium

355 876 543 930 accidit
567 893 580 928 :
604 888 778 942 neque
809 873 925 924 viso
953 869 1045 924 illo
1075 867 1141 922 de
1171 880 1278 938 quo
1307 866 1667 921 testimonium
1691 867 1931 937 perbibi-

358 977 461 1020 tum
494 965 701 1025 funerat,
745 961 864 1031 ejus
899 959 1195 1014 doctrinam
1224 956 1566 1026 abjecerum,
1614 956 1709 1012 sed
1737 973 1800 1012 ex
1834 957 1935 1011 ﬁde

354 1072 507 1127 quam
546 1071 613 1109 ex
642 1053 800 1107 dictis
829 1058 1223 1120 conceperant,
1273 1048 1446 1117 ipsum
1473 1047 1750 1104 clariorem
1779 1058 1929 1115 puta-

354 1157 495 1204 runt.
528 1145 661 1201 lllud
691 1154 894 1210 autem,
928 1143 1028 1207 Qui
1054 1150 1164 1211 post
1194 1156 1273 1194 me
1297 1151 1536 1195 venturus
1565 1149 1656 1206 est,
1686 1140 1786 1194 hoc
1813 1149 1895 1194 est
1916 1180 1930 1203 ,

354 1240 773 1311 praalicaturus,
829 1248 966 1299 nou,
1019 1233 1243 1286 futurus.
1304 1231 1416 1287 Hoc
1459 1231 1602 1286 etiim
1655 1229 1933 1285 Mattha‘us

349 1344 559 1401 quoque
578 1326 857 1397 signiﬁcat
898 1338 1017 1378 cum
1046 1322 1149 1385 ait,
1186 1321 1309 1376 Post
1338 1337 1418 1375 me
1440 1322 1705 1387 venit'vir;
1735 1337 1838 1375 non
1865 1321 1933 1375 de

350 1425 463 1491 ejus
487 1436 552 1474 ex
576 1415 1106 1487 Mariageneratione
1133 1414 1376 1483 loquens,
1404 1411 1498 1467 sed
1520 1410 1589 1467 de
1610 1412 1840 1467 adventu
1865 1412 1931 1466 ad

349 1508 771 1581 pmdicandtun.
802 1506 933 1561 Nam
958 1506 1002 1559 si
1029 1505 1096 1559 de
1123 1504 1469 1574 generatione
1494 1503 1742 1573 loquutus
1767 1512 1929 1569 esset,

350 1618 453 1656 non
474 1601 698 1655 dixisset
717 1599 786 1653 de
808 1596 1076 1667 prarsenti,
1109 1595 1203 1651 sed
1228 1593 1296 1648 de
1324 1594 1594 1664 praeterito
1618 1609 1632 1654 :
1652 1594 1760 1663 jam
1788 1597 1930 1649 enim

347 1705 505 1751 natus
531 1702 651 1749 erat
678 1692 925 1747 Christus
948 1731 963 1755 ,
997 1705 1117 1744 eum
1146 1688 1263 1744 hare
1291 1688 1523 1744 Joannes
1546 1687 1750 1743 diceret
1794 1687 1930 1755 Quid

345 1796 522 1842 autem
565 1782 836 1854 signiﬁcat
884 1780 1043 1847 illud,
1092 1780 1223 1833 Ante
1267 1795 1345 1833 me
1382 1779 1548 1847 [actus
1592 1779 1701 1833 est?
1723 1778 1933 1833 Clarior

348 1889 543 1944 nempe
588 1888 652 1928 ac
693 1869 1042 1941 splendidior.
1086 1868 1218 1923 Nam
1264 1868 1403 1939 quod
1449 1869 1597 1937 prior
1637 1867 1931 1937 praedicans

346 1967 585 2036 reuerita
604 1978 727 2035 ego,
756 1978 827 2018 ne
855 1977 941 2017 mc
961 1961 1081 2016 ideo
1102 1959 1358 2030 majorem
1379 1973 1501 2015 esse
1522 1959 1752 2030 putetis:
1775 1959 1931 2029 longe

344 2060 524 2115 minor
549 2072 651 2127 ego
678 2070 796 2111 sum
818 2096 834 2122 ,
863 2062 919 2109 et
944 2066 1111 2123 usque
1141 2051 1278 2106 adeo
1304 2052 1481 2107 minor
1499 2093 1514 2119 ,
1542 2061 1601 2107 ut
1626 2066 1693 2107 ne
1714 2052 1930 2123 quidem

344 2152 488 2205 illius
516 2163 708 2205 servus
742 2145 953 2202 censeri
998 2145 1189 2215 dignus
1232 2144 1352 2200 sim.
1397 2143 1453 2199 ld
1498 2145 1639 2199 enim
1669 2145 1931 2214 signiﬁcat

341 2242 472 2297 illud
494 2283 508 2300 .
543 2243 674 2294 Ante
701 2254 781 2291 me
819 2238 983 2308 factus
1022 2243 1092 2289 est
1123 2252 1140 2290 :
1171 2234 1311 2305 quod
1350 2235 1455 2289 alio
1497 2234 1730 2289 declarat
1772 2234 1930 2290 modo

341 2330 630 2386 Mattiacas
661 2327 744 2382 his
769 2326 948 2381 Verbis
971 2365 990 2389 ,
1040 2323 1162 2379 Non
1199 2341 1308 2380 sum
1336 2325 1521 2396 dignus
1547 2325 1739 2380 solvere
1766 2327 1928 2380 corri-

339 2425 476 2493 giam
506 2417 837 2475 calceamenti
864 2419 993 2489 ejus.
1025 2416 1177 2484 Quod
1207 2432 1336 2472 vero
1376 2416 1525 2485 illud,
1576 2418 1705 2473 Ante
1731 2435 1810 2473 me
1849 2421 1929 2490 ρι-

338 2526 449 2566 ctus
473 2520 564 2575 est,
596 2525 703 2565 non
732 2510 1055 2578 intelligatur
1074 2507 1140 2562 de
1161 2506 1359 2562 Christi
1385 2516 1523 2572 ortu,
1556 2523 1619 2563 ex
1648 2508 1749 2564 hoc
1774 2508 1926 2563 addi-

341 2611 582 2656 tamenta
607 2609 772 2671 patet.
806 2598 939 2654 Nam
959 2599 1004 2652 si
1026 2597 1077 2653 id
1098 2598 1278 2653 dicere
1299 2599 1570 2663 voluisset,
1601 2599 1926 2671 superﬂuum

341 2694 531 2748 fui5set
554 2691 607 2746 id
629 2691 771 2762 quod
797 2689 1031 2754 additur,
1058 2687 1191 2753 Quia
1215 2688 1355 2758 prior
1378 2706 1456 2744 me
1474 2699 1599 2744 erat.
1633 2689 1763 2758 Quis
1785 2692 1925 2745 enim

339 2785 413 2839 ita
429 2785 627 2840 stultus
648 2791 702 2837 et
723 2780 983 2851 insipiens
1002 2786 1085 2834 est
1110 2788 1167 2833 ut
1193 2779 1422 2849 ignoret,
1452 2796 1575 2835 cum
1602 2781 1689 2850 qui
1720 2790 1843 2837 ante
1869 2796 1928 2836 se

338 2876 511 2931 factus
541 2876 701 2929 fuerit
728 2889 787 2928 se
814 2873 1043 2942 priorem
1062 2872 1239 2925 esse?
1275 2871 1424 2938 Quod
1449 2872 1492 2926 si
1523 2872 1572 2926 id
1601 2873 1667 2927 de
1699 2874 1782 2928 illa
1810 2891 1927 2944 qua:

335 2981 464 3022 ante
492 2966 694 3021 szecula
720 2974 801 3019 est
824 2963 1133 3019 easistcutia
1151 2963 1503 3034 intelligatur,
1536 2964 1664 3018 nihil
1687 2966 1827 3019 aliml
1850 2967 1926 3020 si-

333 3060 560 3129 gniﬁcat
585 3056 785 3111 dictum
814 3053 962 3120 illud,
992 3053 1091 3108 nisi
1123 3051 1246 3119 hoc,
1271 3052 1372 3118 Qui
1399 3063 1509 3123 post
1531 3070 1611 3108 me
1634 3056 1785 3121 venit,
1812 3067 1929 3112 ante

333 3167 414 3204 me
434 3153 606 3221 {actus
624 3157 720 3202 est.
741 3145 990 3215 Alioquin
1008 3153 1184 3200 autem
1203 3143 1305 3199 hoc
1321 3144 1710 3200 inconsiderate
1730 3146 1927 3202 dictum

334 3252 521 3308 esset,
572 3249 630 3295 et
671 3252 832 3294 causa
863 3246 1063 3293 temere
1090 3239 1325 3307 projecta
1344 3236 1560 3293 ﬁnisset.
1592 3237 1722 3292 Nam
1754 3241 1797 3292 si
1826 3240 1928 3294 hoc

330 3330 647 3403 signiﬁcare
673 3328 929 3384 voluisset
948 3369 963 3395 ,
994 3327 1276 3383 contrario
1307 3325 1466 3382 modo
1493 3340 1581 3383 res
1603 3327 1927 3383 enuntianda

329 3434 473 3489 erat,
500 3422 607 3491 Qui
636 3429 758 3491 post
790 3435 876 3475 me
902 3419 1065 3485 venit,
1098 3418 1246 3489 prior
1266 3433 1353 3472 me
1373 3427 1510 3485 erat,
1541 3419 1666 3489 quia
1691 3428 1815 3474 ante
1843 3435 1927 3474 me

330 3516 507 3571 factus
524 3524 633 3569 est.
650 3511 788 3567 Nam
811 3509 950 3580 quod
971 3508 1185 3579 quidam
1214 3508 1359 3577 prior
1383 3508 1474 3575 sit,
1503 3508 1625 3577 jure
1650 3509 1770 3579 quis
1795 3509 1928 3565 hanc

327 3621 555 3661 causam
601 3601 813 3659 dederit
833 3642 848 3666 ,
895 3600 1038 3671 quod
1080 3598 1228 3670 prior
1258 3597 1432 3654 factus
1460 3599 1530 3653 sit
1550 3599 1567 3630 ¹
1590 3616 1603 3652 :
1629 3600 1769 3669 quod
1800 3616 1929 3655 vero

331 3702 491 3768 prior
530 3698 707 3753 factus
736 3696 843 3758 sit,
876 3710 981 3748 non
1012 3692 1063 3749 id
1103 3693 1154 3747 in
1184 3707 1346 3747 causa
1386 3700 1469 3747 est
1490 3692 1636 3763 quod
1662 3693 1733 3747 sit
1760 3694 1925 3763 prior.

327 3790 488 3857 Quod
520 3802 652 3843 vero
678 3801 778 3841 nos
815 3785 1039 3840 dicimus
1059 3826 1074 3849 ,
1108 3784 1259 3837 ﬁrma
1299 3783 1507 3838 ratione
1536 3784 1740 3839 nititur.
1768 3783 1928 3840 Scitis

328 3884 533 3952 quippe
558 3895 773 3944 omnes,
808 3894 923 3933 'nou
965 3876 1400 3939 manifestat-um,
1440 3876 1535 3931 sed
1580 3876 1925 3932 obscurorum

330 3986 555 4025 causam
585 3984 709 4025 esse
739 3983 952 4037 semper
979 3965 1324 4021 aﬁerendam.
1351 3965 1501 4033 Quod
1525 3967 1572 4019 si
1601 3966 1671 4021 de
1695 3967 1926 4021 essentia

328 4078 520 4118 sermo
543 4071 710 4126 esset,
743 4076 851 4115 non
880 4067 1024 4115 esset
1054 4059 1364 4122 obscurum,
1406 4072 1528 4111 cum
1559 4058 1647 4126 qui
1677 4058 1823 4126 prior
1853 4056 1930 4111 fa-

330 4163 454 4208 ctus
474 4155 567 4208 sit.
588 4152 823 4222 priorem
847 4165 966 4205 esse
985 4158 1270 4220 eporlere;
1298 4148 1420 4217 quia
1442 4158 1619 4203 autem
1641 4148 1708 4203 de
1726 4148 1930 4203 boziore

329 4246 578 4306 disserit,
605 4244 729 4313 jure
754 4257 872 4298 eam
890 4257 1019 4312 qua:
1045 4240 1328 4295 videbatur
1358 4238 1536 4294 inesse
1562 4238 1927 4294 difﬁcultatem

330 4336 517 4389 solvit.
548 4333 683 4388 Nam
713 4332 1001 4387 verisimile
1022 4341 1122 4395 est,
1155 4329 1354 4385 multos
1382 4328 1434 4383 in
1462 4327 1682 4383 dubium
1711 4339 1929 4382 vocatu-

331 4443 429 4481 τος
458 4442 605 4492 esse,
633 4440 732 4480 cur
754 4434 808 4479 et
826 4439 929 4493 qua
950 4423 1018 4478 de
1037 4436 1197 4477 causa
1229 4422 1275 4477 is
1299 4421 1388 4491 qui
1412 4422 1675 4489 posterior
1695 4420 1927 4481 advenit,

328 4520 490 4586 prior
530 4519 630 4583 sit;
679 4515 731 4570 id
758 4523 841 4569 est
861 4555 878 4583 ,
922 4513 1292 4568 honorabilior
1322 4513 1467 4565 visus
1493 4512 1583 4565 sit.
1613 4510 1781 4579 llujus
1805 4526 1933 4577 ergo

324 4610 657 4681 qua-stionis
685 4607 865 4663 statim
890 4621 1112 4661 causam
1157 4614 1211 4659 et
1243 4604 1560 4658 solutionem
1591 4603 1765 4665 aﬁ'ert,
1800 4603 1933 4668 Quia

323 4704 483 4771 prior
509 4718 590 4755 me
614 4709 745 4754 erat.
776 4698 958 4765 Neque
1000 4696 1141 4751 enim
1164 4737 1179 4759 ,
1212 4696 1400 4764 inquit,
1432 4694 1659 4763 quodam
1694 4693 1930 4762 profectu

320 4805 551 4855 auctus,
583 4809 670 4846 me
697 4792 874 4861 priore
897 4801 1188 4845 retrorsum
1211 4787 1441 4855 abjecto.
1465 4786 1608 4855 prior
1634 4786 1746 4853 ipse
1770 4786 1935 4838 factus

322 4896 456 4949 cst;
491 4892 588 4939 sed
622 4882 779 4936 Prior
805 4898 883 4934 me
904 4890 1032 4947 erat,
1063 4879 1163 4934 etsi
1198 4876 1465 4948 posterior
1490 4876 1761 4930 adveniat.

421 4973 697 5045 Propheta
734 4971 909 5041 futura
946 4979 1000 5023 ut
1029 4970 1144 5040 jam
1175 4968 1313 5037 [acta
1339 4982 1474 5036 saepe
1502 4966 1755 5019 nuntiant.
1776 4995 1848 5006 —
1869 4963 1937 5018 Et

323 5063 651 5134 quomodo,
704 5062 949 5132 inquies,
995 5060 1041 5114 si
1091 5058 1160 5114 de
1196 5059 1488 5128 conspicuo
1524 5056 1643 5128 ejus
1671 5056 1930 5120 adventu,

326 5159 515 5227 deque
559 5156 731 5228 gloria
773 5153 948 5224 ipsum
993 5159 1284 5221 exceptura
1332 5163 1510 5205 sermo
1546 5157 1648 5214 est,
1700 5147 1751 5202 id
1795 5147 1935 5217 quod

332 5247 583 5301 nondum
620 5246 783 5300 ﬁnem
814 5253 1099 5312 acceperat
1145 5250 1203 5295 ut
1240 5243 1350 5312 jam
1394 5241 1588 5296 factum
1637 5239 1800 5295 dicit?
1833 5256 1938 5292 non

330 5337 490 5390 enim
515 5336 680 5398 dicit,
714 5335 865 5398 Fiet;
906 5334 1037 5399 sed,
1081 5331 1272 5386 Factus
1316 5342 1408 5385 est.
1435 5330 1568 5397 Quia
1601 5329 1650 5384 id
1677 5330 1785 5399 jam
1811 5330 1935 5382 olim

336 5427 629 5496 prophetis
653 5427 707 5480 in
736 5440 886 5479 more
908 5424 1023 5486 fuit,
1043 5422 1131 5492 qui
1158 5422 1228 5477 de
1255 5421 1448 5476 futuris
1475 5421 1635 5475 rebus
1658 5420 1808 5490 quasi
1828 5419 1935 5486 jam

330 5518 502 5574 factis
529 5519 845 5588 loquuntur.
879 5515 1008 5569 Nam
1054 5514 1214 5569 Isaias
1244 5513 1312 5569 de
1354 5528 1487 5568 nece
1517 5513 1658 5567 illius
1686 5512 1935 5582 loqurns,

333 5625 459 5662 ιιοιι
496 5610 651 5673 dixit,
704 5607 1004 5675 Tamquam
1043 5608 1158 5660 ovis
1201 5606 1266 5660 ad
1312 5607 1636 5659 occisionem
1679 5605 1935 5667 ducetur,

332 5699 492 5769 quod
523 5700 764 5754 futurum
797 5706 943 5760 erat;
970 5697 1082 5763 sed,
1114 5696 1386 5767 Tamquam
1415 5698 1519 5750 oris
1545 5696 1613 5748 ad
1642 5697 1936 5750 occisionem

408 5837 427 5864 ι
474 5829 604 5894 Ilaec,
634 5828 766 5896 quod
790 5827 927 5891 prior
951 5829 1101 5888 [nctus
1132 5829 1217 5889 sit,
1238 5829 1412 5879 desunt
1442 5829 1488 5876 iu
1511 5825 1653 5876 ξείνη.

2044 504 2225 558 ductus
2271 516 2343 560 est
2383 506 2535 581 (1εαί.
2585 510 2674 564 55.
2725 509 2807 578 7).
2852 512 3013 581 Atqui
3053 515 3287 569 nondum
3320 515 3627 572 incarnatus

2043 608 2184 661 erat;
2215 598 2307 654 sed
2331 600 2383 654 id
2405 600 2544 670 quod
2575 600 2808 657 futurum
2826 615 2963 668 erat,
2991 606 3246 675 propheta
3264 609 3412 679 quasi
3433 608 3627 665 factum

2043 698 2242 744 narrat.
2293 691 2355 746 Et
2387 692 2550 746 David
2592 709 2808 751 crucem
2835 696 3172 765 signiﬁcans,
3204 715 3307 753 non
3336 700 3498 756 dixit:
3521 702 3625 756 Fo-

2041 779 2189 835 dient
2233 797 2422 837 manus
2462 799 2609 839 meas
2651 794 2705 839 ct
2753 785 2916 855 pedes
2953 801 3133 852 meos;
3183 788 3310 853 sed,
3363 789 3628 845 Foderunt

2039 889 2219 928 manus
2257 891 2392 929 meas
2436 884 2483 929 et
2520 876 2671 945 pedes
2710 892 2880 943 meos;
2917 885 2991 943 et,
3038 876 3325 932 Divisrrunt
3352 881 3449 933 sibi
3473 885 3625 935 vesti-

2040 974 2205 1017 menta
2223 979 2351 1029 mea,
2375 973 2419 1017 et
2440 982 2590 1035 super
2609 976 2787 1021 vestem
2812 983 2970 1021 meant
2993 970 3233 1021 miserunt
3252 978 3434 1022 sortem
3450 971 3467 1037 (
3478 969 3620 1025 l’sal.

2037 1054 2126 1107 2|.
2158 1056 2247 1110 17.
2276 1064 2323 1108 et
2354 1054 2465 1125 l9).
2519 1055 2586 1111 Et
2629 1055 2699 1110 de
2747 1058 3017 1125 proditore
3059 1057 3219 1112 verba
3258 1058 3491 1123 faciens,
3533 1061 3622 1129 qni

2040 1148 2272 1202 nondum
2311 1156 2468 1203 natus
2509 1158 2657 1213 erat,
2699 1150 2778 1205 sic
2815 1150 2920 1203 ait:
2944 1149 3043 1217 Qui
3072 1150 3246 1204 edebat
3274 1167 3427 1220 panes
3454 1165 3620 1217 ineas,

2039 1239 2379 1309 magnificavit
2408 1256 2560 1310 super
2599 1256 2680 1295 me
2705 1241 3163 1310 supplantationem
3188 1240 3360 1313 (Psal.
3388 1242 3477 1298 40.
3509 1242 3620 1312 16).

2039 1328 2296 1382 Similiter
2325 1338 2379 1383 et
2403 1328 2471 1382 de
2508 1329 2574 1383 iis
2610 1345 2729 1399 qua:
2767 1330 2818 1383 in
2845 1344 3004 1384 cruce
3032 1331 3371 1401 contigerunt
3396 1331 3621 1401 loquens

2037 1418 2201 1471 dicit:
2228 1417 2484 1471 Dederunt
2508 1419 2561 1471 in
2586 1434 2750 1472 escam
2776 1435 2936 1472 nteant
2967 1418 3057 1489 fel,
3084 1429 3131 1472 et
3160 1421 3212 1472 iu
3238 1422 3320 1474 siti
3346 1437 3456 1474 mea
3477 1432 3622 1490 pota-

2038 1516 2215 1561 rerttnt
2242 1523 2319 1561 me
2340 1517 2479 1560 aceto
2505 1506 2676 1575 (Psal.
2707 1508 2798 1562 68.
2825 1507 2943 1577 22).

2108 1599 2158 1653 4.
2191 1598 2465 1653 Conclusio
2489 1614 2508 1653 :
2528 1600 2628 1653 vita
2661 1600 2788 1652 bona
2808 1639 2823 1664 ,
2863 1599 3142 1669 gratiarum
3185 1600 3317 1654 actio
3337 1640 3354 1668 ,
3406 1602 3621 1663 caritas,

2037 1690 2469 1743 conuueudanlur.
2514 1689 2662 1743 Dona
2702 1706 2765 1743 ea:
2802 1690 2984 1760 rapina
3024 1689 3389 1759 improbantur.
3408 1720 3481 1731 —
3500 1691 3622 1745 \'uI«

2038 1780 2175 1834 tisne
2213 1779 2316 1833 alia
2358 1778 2673 1834 inducamus
2694 1820 2708 1847 ,
2742 1794 2808 1834 an
2837 1778 2953 1834 lucc
2983 1778 3132 1834 vobis
3158 1789 3283 1835 sunt
3313 1780 3479 1835 satis?
3502 1781 3621 1851 Ego

2035 1888 2165 1928 sane
2193 1872 2443 1928 arbitror.
2469 1872 2600 1929 Nam
2624 1873 2668 1928 si
2695 1888 2800 1928 non
2829 1872 2984 1928 latins
3006 1873 3179 1928 lorum
3200 1874 3616 1944 exploravimus

2035 1981 2166 2021 sane
2189 1965 2503 2036 profundius
2520 1966 2749 2021 scrutati
2772 1979 2956 2021 sumus
2984 1983 2997 2020 :
3024 1980 3121 2021 nec
3149 1966 3324 2021 minor
3345 1966 3443 2021 bac
3464 1967 3514 2020 in
3537 1982 3616 2027 rc,

2036 2075 2197 2129 quam
2229 2058 2281 2113 in
2310 2058 2430 2124 illa,
2460 2058 2611 2113 labor
2636 2067 2750 2125 est;
2784 2072 3139 2128 vercmurque
3166 2072 3233 2113 ne
3262 2058 3305 2112 si
3336 2073 3428 2110 ros
3454 2058 3505 2111 in
3536 2059 3618 2109 his

2035 2151 2150 2205 sine
2167 2149 2328 2206 modo
2343 2149 2697 2217 detitreamus,
2720 2148 2987 2204 fastidium
3008 2148 3396 2217 ingeneremus.
3421 2146 3618 2215 Quam-

2037 2244 2251 2308 obrem,
2280 2242 2354 2296 uti
2393 2257 2488 2311 par
2537 2249 2650 2308 est,
2691 2240 2852 2295 ﬁnem
2890 2239 3099 2295 dicendi
3144 2238 3421 2294 faciamus.
3478 2238 3611 2307 Quis

1984 2380 1989 2383 _
2039 2348 2198 2404 porro
2222 2332 2341 2387 linis
2366 2340 2449 2388 est
2476 2330 2890 2403 congruentior?
2912 2330 2965 2386 Si
2992 2328 3173 2385 debita
3204 2329 3313 2384 Deo
3336 2328 3505 2399 gloria
3534 2344 3618 2382 re-

2038 2423 2267 2489 feratur;
2300 2439 2405 2477 non
2430 2421 2606 2478 verbis
2647 2430 2850 2476 tantum
2872 2462 2886 2485 .
2918 2419 3014 2475 sed
3058 2420 3226 2474 multo
3249 2419 3415 2488 magis
3440 2422 3616 2488 operi-

2037 2516 2154 2571 bus.
2191 2515 2409 2581 Luceat,
2454 2515 2661 2585 inquit,
2691 2515 2781 2568 lux
2819 2523 2982 2568 vestra
3007 2529 3176 2567 coram
3216 2511 3529 2574 hominibus,
3562 2519 3617 2560 ut

2037 2610 2233 2663 videant
2255 2625 2407 2679 Opera
2428 2616 2587 2660 vestra
2607 2606 2753 2669 bona,
2785 2614 2830 2659 et
2856 2601 3136 2676 gloriﬁcent
3169 2598 3373 2655 Patrem
3402 2610 3614 2655 vestrum

2035 2702 2123 2770 qui
2149 2702 2199 2753 in
2225 2700 2452 2768 cwlisest
2471 2696 2682 2767 (Matth.
2706 2697 2760 2752 5.
2788 2697 2898 2766 16).
2926 2694 3062 2750 Nihil
3089 2695 3229 2749 enim
3253 2691 3580 2761 Splendidius
3599 2731 3612 2751 ,

2035 2791 2246 2855 dilecte,
2279 2789 2482 2860 optimo
2511 2788 2631 2841 vita:
2673 2786 2939 2841 instituto.
2983 2785 3095 2840 lloc
3132 2784 3346 2853 sapiens
3389 2782 3478 2836 ille
3515 2779 3610 2833 de-

2035 2884 2203 2940 clarat
2227 2901 2238 2935 :
2268 2881 2377 2936 Via:
2403 2889 2568 2936 autem
2582 2881 2841 2950 jnslorum
2868 2887 2921 2931 ut
2946 2878 3034 2932 lita:
3057 2876 3321 2947 splendent
3353 2872 3530 2945 (Prov.
3557 2872 3611 2924 4.

2039 2976 2148 3045 18).
2190 2971 2487 3044 Splendeut
2528 2980 2676 3026 certe
2723 2984 2828 3024 non
2871 2969 2934 3023 iis
2979 2968 3140 3022 modo
3182 2965 3270 3036 qui
3321 2980 3412 3033 per
3453 2978 3613 3034 opera

2037 3068 2213 3122 lumen
2245 3063 2565 3127 accendunt,
2608 3072 2661 3115 et
2701 3061 2765 3116 ad
2798 3070 2996 3115 rectam
3027 3059 3226 3114 ducunt
3253 3059 3411 3123 riam,
3440 3056 3532 3111 sed
3561 3066 3617 3109 et

2038 3158 2223 3215 vicinis
2253 3171 2455 3212 eorum.
2503 3155 2844 3208 Infnndamus
2870 3168 2996 3223 ergo
3027 3153 3202 3207 oleum
3236 3150 3383 3205 hisee
3408 3150 3610 3217 lampa-

2035 3249 2211 3313 dibus,
2247 3257 2300 3302 ut
2330 3246 2609 3301 sublimior
2634 3245 2699 3298 sit
2730 3244 2885 3314 ignis,
2911 3251 2965 3298 et
2990 3244 3077 3298 lux
3104 3250 3357 3312 appareat
3381 3239 3614 3308 locuple-

2038 3342 2156 3395 tior.
2193 3341 2303 3395 Iloc
2332 3338 2472 3393 enim
2500 3338 2673 3391 oleum
2704 3351 2806 3389 non
2836 3350 2976 3389 nunc
3007 3343 3207 3388 tantum
3238 3346 3481 3403 magnam
3510 3334 3613 3383 vim

2037 3431 2216 3496 habet,
2245 3429 2337 3484 sed
2373 3443 2496 3483 cum
2526 3428 2685 3480 etiam
2735 3425 2992 3480 sacriﬁcia
3038 3424 3311 3488 ﬂorerent,
3344 3422 3534 3476 mirum
3566 3424 3615 3472 iu

2037 3517 2249 3577 modum
2286 3520 2533 3574 \irtutcm
2583 3518 2794 3570 illorum
2839 3515 3079 3583 probavit
3104 3533 3116 3568 :
3143 3529 3265 3567 natu
3301 3512 3409 3565 ait:
3437 3511 3616 3564 Oleum

2036 3616 2166 3666 enim
2212 3610 2322 3664 t'olo
2368 3618 2411 3661 et
2454 3624 2552 3661 non
2592 3604 2995 3674 sacri/irittttt(a)
3036 3604 3191 3675 (Osee
3228 3608 3280 3655 (ι.
3329 3603 3382 3656 6.
3424 3600 3608 3653 Matth.

2035 3702 2090 3758 9.
2134 3701 2245 3766 15).
2280 3698 2345 3752 Ει
2387 3697 2579 3751 merito
2608 3694 2843 3762 quidem.
2884 3693 3015 3748 Illud
3062 3694 3203 3748 enim
3250 3694 3416 3745 altare
3447 3692 3615 3744 inani-

2037 3801 2234 3846 tuatum
2276 3797 2411 3847 emt,
2449 3787 2548 3841 hoc
2575 3801 2701 3840 vero
2725 3786 3016 3839 animatum
3046 3796 3126 3840 est
3153 3803 3164 3836 :
3190 3795 3242 3839 et
3274 3785 3378 3838 illic
3402 3783 3613 3854 quidem

2036 3878 2286 3951 quidquid
2318 3877 2621 3948 impositum
2650 3886 2750 3941 est,
2783 3877 2899 3945 igne
2927 3878 3275 3939 consumitur,
3306 3875 3354 3928 in
3380 3876 3616 3930 cinerem

2034 3972 2178 4035 abit,
2222 3979 2380 4039 atque
2409 3967 2696 4023 effunditur
2720 4009 2733 4033 ,
2765 3967 3163 4036 dissidutusqne
3195 3966 3367 4019 innuis
3398 3967 3449 4017 in
3476 3965 3614 4017 aenis

2035 4072 2280 4118 naturam
2312 4061 2503 4115 transit
2527 4078 2539 4112 :
2568 4060 2653 4113 hic
2682 4074 2811 4115 vero
2837 4059 2968 4113 nihil
2998 4059 3205 4121 simile;
3236 4057 3329 4111 sed
3358 4057 3491 4110 alios
3520 4055 3620 4107 [νη

2038 4157 2261 4208 fruetus.
2286 4152 2413 4206 “me
2435 4150 2628 4204 Paulus
2653 4149 2976 4212 declaravit;
3007 4164 3125 4201 cum
3152 4148 3294 4201 enim
3318 4146 3618 4200 Corinthio-

2037 4260 2188 4312 rum,
2223 4244 2312 4313 qui
2346 4256 2635 4312 pauperum
2668 4239 2889 4295 studiosi
2921 4248 3073 4293 erant
3094 4280 3109 4303 ,
3154 4239 3434 4293 thesauros
3458 4252 3618 4290 enar-

2038 4342 2201 4397 raret,
2230 4333 2346 4385 lucc
2368 4331 2583 4397 scripsit
2608 4346 2620 4382 :
2649 4328 2902 4392 Quoniam
2937 4328 3266 4380 ministerium
3299 4327 3448 4396 hujus
3475 4326 3621 4395 ofﬁcii

2038 4441 2138 4477 non
2181 4425 2342 4477 solum
2381 4421 2581 4490 supplet
2624 4437 2682 4473 ea
2721 4434 2835 4489 qua:
2882 4419 3061 4472 desunt
3088 4419 3308 4480 sanctis,
3353 4416 3443 4470 sed
3469 4418 3618 4469 etiam

2039 4513 2260 4566 abundat
2291 4528 2379 4581 per
2404 4510 2587 4563 multas
2611 4510 2887 4579 gratiarum
2917 4509 3139 4562 actiones
3178 4506 3283 4560 D.o
3312 4506 3386 4576 (ἓ.
3414 4504 3534 4562 Cor.
3564 4508 3615 4560 9.

2042 4601 2160 4674 l2);
2193 4616 2255 4655 ac
2282 4615 2515 4662 rursum,
2545 4598 2899 4668 Gloriftcantes
2924 4597 3085 4651 Deum
3114 4598 3165 4651 iu
3193 4598 3471 4651 obedientia
3496 4614 3620 4650 ron-

2039 4693 2268 4762 fessionis
2294 4703 2468 4746 vestra:
2510 4692 2561 4745 in
2593 4692 2869 4762 crangclio,
2900 4702 2945 4745 et
2984 4692 3307 4761 simplicitate
3348 4694 3625 4744 communi-

2039 4785 2249 4837 cationis
2290 4794 2468 4838 vestrae
2512 4785 2562 4835 in
2612 4784 2749 4849 illos,
2795 4795 2839 4836 et
2876 4784 2928 4836 in
2971 4799 3178 4848 omnes,
3220 4794 3265 4836 et
3306 4785 3357 4837 iu
3400 4785 3625 4854 ipsorur-

2036 4876 2380 4929 obsecratione
2410 4890 2501 4944 pro
2535 4874 2669 4927 vobis
2691 4915 2704 4937 ,
2733 4874 3124 4928 desiderantium
3150 4890 3236 4927 vos
3264 4874 3423 4945 (Ibid.
3454 4890 3501 4929 υ.
3540 4875 3622 4928 I5.

2044 4978 2094 5020 et
2130 4968 2241 5036 Η).
2275 4966 2462 5020 Videu‘
2485 4967 2634 5019 illum
2665 4966 2715 5019 in
2747 4967 3033 5036 gratiarum
3066 4967 3328 5020 actionem
3356 4967 3622 5028 desinere,

2105 5146 2179 5210 (tt)
2216 5145 2269 5195 In
2293 5152 2454 5195 Grzeco
2472 5152 2614 5210 textu
2638 5145 2837 5210 legitur,
2864 5157 3016 5210 ﬂeam...
3035 5157 3167 5210 accipit
3192 5157 3330 5200 συσιιν,
3346 5144 3619 5194 misericor-

2043 5204 2255 5269 diem...
2270 5214 2317 5269 et
2335 5219 2427 5255 non
2450 5204 2761 5269 sacriﬁcium.
2788 5206 2859 5255 Ex
2886 5207 3205 5269 similitudine
3226 5220 3392 5269 vocum
3411 5216 3508 5255 ῑλιον
3534 5219 3619 5252 nn-

2043 5268 2375 5331 sericordiam,
2399 5275 2451 5317 et
2474 5267 2591 5317 ante;
2607 5267 2786 5331 aleam,
2811 5281 2921 5329 qua:
2942 5267 3274 5331 Chrysostomi
3297 5274 3519 5326 tempore
3546 5282 3628 5331 eo-

2041 5330 2154 5379 dem
2187 5330 2359 5389 model
2381 5329 2796 5385 rmuntialmntur,
2824 5327 3109 5386 factum,'ut
3133 5327 3355 5388 qua‘dam
3380 5339 3540 5389 exemi
3563 5328 3628 5374 Ia-

2044 5392 2112 5439 ria
2135 5398 2297 5439 (amca
2320 5387 2397 5438 hic
2421 5403 2535 5440 ίλαιιν
2562 5390 2820 5444 baberent,
2848 5398 2900 5437 et
2923 5387 3213 5438 fortassis’in
3236 5389 3402 5450 priscis
3420 5387 3626 5450 Chryso-

2043 5452 2186 5500 stomi
2212 5451 2575 5511 exennlarilzus
2599 5462 2716 5501 ξλαιςν
2762 5451 2841 5499 hic
2872 5450 3152 5511 legebatur.
3190 5455 3332 5511 Certe
3357 5448 3627 5510 liquet'l'mt

2046 5510 2150 5561 Ioco
2181 5512 2343 5560 oleum
2364 5509 2606 5572 intelligi,
2635 5521 2686 5561 et
2718 5514 2841 5560 hanc
2876 5509 3136 5572 lectionem
3173 5511 3248 5572 hic
3267 5509 3630 5572 Cltrys:,stt)titus

2046 5575 2286 5630 adhibuit,
2310 5575 2394 5635 qui
2428 5571 2580 5621 altera
2599 5574 2726 5635 alibi
2752 5573 3020 5635 utitur,uln
3054 5571 3130 5635 de
3155 5571 3494 5635 tniseriuirdta
3519 5586 3625 5629 agi-

2047 5643 2141 5694 Iur,
2167 5644 2217 5683 ut
2240 5637 2297 5682 ad
2318 5631 2573 5696 atagit‘ium
2599 5633 2630 5680 Ι.
2666 5636 2703 5690 l,
2730 5642 2859 5681 ’l‘om.
2880 5632 3027 5690 l,eol.
3045 5631 3152 5696 157,
3169 5640 3218 5682 et
3242 5632 3384 5696 alibi;
3410 5633 3497 5680 sed
3522 5647 3629 5691 qma

2047 5697 2125 5744 hic
2159 5709 2274 5745 ἱλαιςν
2299 5694 2453 5744 oleant
2479 5695 2535 5742 ad
2561 5696 2739 5741 srriem
2776 5707 2911 5741 suam
2943 5695 3214 5755 aptabatur,
3241 5694 3363 5741 hanc
3385 5705 3622 5753 sf‘qtml-ta’

2053 5778 2127 5812 est
2154 5767 2430 5826 lectionem.
2477 5764 2529 5826 In
2561 5764 2771 5811 "aluum
2808 5773 2971 5813 autem
3017 5765 3196 5826 legitur
3226 5761 3404 5813 ’ντὶϊίἵῖ
3421 5761 3529 5808 'iDI'i
3556 5762 3630 5820 τ),

2057 5842 2166 5893 φίλι
2188 5825 2314 5876 misr.
2334 5824 2567 5874 tt‘tn‘tlittut
2596 5826 2733 5874 τοίω.
