4370 6306
744 247 806 303 9|
1482 236 1537 293 S.
1577 234 1855 291 JOANNIS
1893 228 2364 287 CllliYSOSTOlll
2397 229 2712 284 Mltillllil’.
2745 231 3273 287 CONSTANTINUP.
3963 242 4031 293 ω

749 370 801 414 et
830 358 884 411 in
920 354 1012 410 Dei
1043 349 1282 419 laudent;
1316 351 1368 405 in
1401 351 1707 421 frequentes
1736 361 1922 403 eorum
1954 345 2327 417 precationes,

750 448 838 518 qui
873 443 1128 501 beneﬁcia
1155 450 1495 515 acceperunt,
1527 441 1577 495 in
1611 439 1987 496 ferventiorem
2016 436 2331 493 caritatem?

749 536 1122 592 Sacrilieemus
1151 549 1312 605 ergo,
1343 534 1521 589 dilecti
1550 574 1564 598 ,
1612 530 1977 586 sacriﬁcemus
2015 528 2251 598 quotidie
2278 527 2329 581 in

751 628 898 683 hisce
925 628 1055 680 aris.
1088 626 1199 680 lloe
1223 626 1419 695 quippe
1443 624 1764 679 sacriﬁcium
1782 662 1798 687 ,
1829 632 1882 677 et
1910 621 2154 690 precibus
2178 629 2232 675 et
2253 620 2334 688 je-

744 718 898 785 junio
923 727 975 772 et
1009 716 1191 770 multis
1229 715 1348 770 aliis
1378 714 1717 785 pnestantius
1746 720 1864 776 est;
1911 711 2036 766 dum
2082 725 2148 765 ex
2185 710 2332 779 justo

751 809 922 875 lucro,
969 824 1034 863 ex
1078 805 1238 877 justis
1290 807 1562 861 laboribus
1603 803 1886 874 procedat,
1934 814 1989 858 et
2038 802 2212 858 omnis
2263 802 2335 856 sit

747 916 942 969 expers
970 898 1234 961 avaritiae,
1271 915 1322 952 ra
1332 899 1490 967 ιιίιιπι,
1524 896 1808 951 violentiae.
1836 895 1993 950 Tales
2016 895 2159 950 enim
2187 894 2334 949 obla-

750 993 921 1044 tiones
964 990 1195 1045 admittit
1239 991 1429 1055 lleus';
1480 998 1703 1043 ceteras
1742 997 1924 1041 autem
1963 996 2241 1040 aversatur
2280 993 2334 1038 et

752 1081 883 1134 odit.
924 1081 1107 1151 Neque
1148 1080 1290 1135 enim
1321 1079 1433 1133 vult
1473 1095 1535 1133 ex
1563 1079 1789 1133 aliorum
1819 1077 2209 1131 calamitatibus
2239 1076 2335 1128 hoc

753 1174 951 1229 norari.
974 1174 1240 1243 lmpnrum
1266 1187 1493 1241 namque
1516 1173 1901 1239 profauutnque
1923 1179 2005 1224 est
2030 1167 2331 1238 huju-modi

748 1265 1090 1331 sacrificium,
1122 1266 1395 1333 Deumque
1428 1264 1600 1332 potius
1627 1262 1931 1324 irritaverit,
1962 1276 2123 1331 quam
2158 1260 2334 1329 placa-

751 1357 905 1411 verit.
957 1356 1295 1424 Quapropter
1336 1355 1481 1408 onmi
1530 1353 1706 1408 studio
1750 1351 2058 1407 enitendum
2101 1362 2213 1416 est,
2268 1366 2335 1406 ne

751 1448 925 1502 cultus
954 1448 1189 1510 nomine,
1217 1460 1375 1516 quem
1405 1443 1668 1498 honorare
1695 1443 1962 1508 volumus,
1994 1441 2190 1511 probro
2216 1440 2333 1494 affi-

750 1542 972 1602 ciamus.
996 1540 1051 1591 Si
1074 1540 1217 1592 euim
1235 1538 1387 1602 Cain,
1404 1538 1491 1608 qui
1510 1552 1573 1592 ea
1591 1552 1709 1606 quae
1730 1536 1996 1591 inferioris
2012 1535 2334 1590 conditionis

751 1637 906 1684 erant
928 1629 1142 1695 obtulit,
1176 1643 1273 1683 nec
1299 1628 1603 1698 quempiam
1635 1628 1863 1690 latserat,
1895 1635 2163 1681 extremas
2187 1624 2336 1681 dedit

754 1735 973 1789 pinnas;
1002 1734 1124 1774 eum
1155 1718 1281 1789 quid
1304 1732 1371 1773 ex
1394 1718 1578 1788 rapina
1609 1726 1663 1772 et
1689 1718 1906 1771 avaritia
1936 1715 2286 1771 obtulerimus
2308 1755 2326 1781 ,

754 1826 929 1867 annon
958 1812 1206 1883 graviora
1240 1810 1545 1881 patiemur?
1588 1809 1714 1865 Ideo
1749 1823 1977 1878 namque
2012 1808 2151 1864 Deus
2176 1806 2335 1878 hujus

757 2011 828 2120 ’κς
866 2008 923 2058 ιη
944 2007 1107 2060 Morel.
1132 2008 1314 2073 legitur
1339 2023 1351 2058 :
1380 2008 1512 2060 Tales
1528 2007 1657 2060 cnim
1677 2007 1831 2060 solum
1847 2005 2107 2059 oblationes
2124 2005 2335 2059 admittit

825 2083 896 2120 us.

825 2083 896 2120 ηε.

2439 343 2688 413 prtecepti
2720 345 2980 400 rationem
3001 385 3017 409 ,
3052 346 3207 400 nobis
3235 346 3546 415 declaravit,
3567 358 3625 404 ut
3652 351 4027 420 misereantur,

2438 449 2540 488 non
2570 444 2626 486 ut
2652 449 2943 490 conservos
2971 444 3349 506 torqueamus;
3376 437 3467 506 qui
3491 449 3671 494 autem
3696 441 3866 497 aliena
3888 446 4030 513 rapit

2437 534 2490 578 ct
2513 524 2668 579 alteri
2691 525 2804 593 dat,
2829 526 2876 581 is
2898 542 3003 581 non
3026 527 3449 583 misericordiam
3471 533 3732 598 exercuit,
3753 535 3847 589 sed
3868 535 4027 601 Iussit,

2438 626 2491 670 et
2518 625 2810 671 extremam
2843 626 3096 686 operatus
3135 618 3468 688 iniquitatem
3507 632 3609 676 est.
3643 622 3714 679 Ut
3738 640 3866 694 ergo
3892 625 4030 695 lapis

2442 724 2729 778 numquam
2768 708 2945 765 oleum
2980 710 3186 779 pariat,
3233 710 3309 765 sic
3338 726 3438 767 nec
3467 713 3757 769 crudelitas
3787 715 4031 770 humani-

2439 808 2620 853 tatem.
2663 799 2792 854 Cum
2841 800 2983 855 enim
3031 800 3152 855 talis
3187 801 3256 856 sit
3292 801 3461 868 radix,
3488 818 3775 874 numquam
3803 806 3853 861 id
3878 808 4027 862 elec-

2439 905 2661 959 mosyua
2707 890 2884 945 fuerit.
2937 890 3296 956 Quamobrem
3351 896 3577 949 obsecro
3626 911 3693 950 ne
3737 912 3804 952 eo
3850 898 4027 954 solum

2437 991 2742 1051 spectemus
2769 991 2823 1038 ut
2850 982 3252 1055 eleemosynam
3284 999 3568 1055 erogemus
3587 1029 3603 1053 ,
3644 988 3739 1044 sed
3780 989 3941 1046 etiam
3973 997 4028 1046 ut

2441 1087 2509 1127 ne
2531 1088 2597 1128 ex
2625 1075 2808 1143 rapina
2838 1074 3144 1145 largiamur.
3172 1075 3305 1131 Nam
3335 1088 3453 1132 esto
3484 1077 3629 1134 Unus
3652 1080 3737 1148 qui
3760 1091 3992 1152 precetur
4010 1123 4024 1147 ,

2437 1165 2568 1217 alter
2594 1166 2679 1234 qui
2707 1166 3037 1234 imprecetur;
3065 1168 3226 1222 utrius
3247 1183 3414 1223 vocem
3438 1171 3608 1224 audiet
3633 1170 3878 1230 Dominus
3896 1173 4023 1246 (Rei

2438 1258 2524 1311 cli.
2548 1258 2632 1312 54.
2659 1257 2791 1327 29)?
2818 1257 2874 1313 Si
2902 1274 2999 1314 nos
3026 1260 3104 1315 sie
3128 1260 3410 1331 diligenter
3439 1264 3795 1331 instituamus,
3821 1283 3916 1336 per
3932 1267 4025 1323 Dei

2439 1348 2663 1415 gratiam
2697 1350 2988 1419 poterimus
3018 1351 3238 1406 multam
3269 1353 3649 1423 benignitatem
3673 1397 3688 1421 ,
3721 1358 4025 1414 misericor-

2438 1440 2577 1494 diam
2607 1449 2660 1494 et
2686 1441 2892 1495 veniam
2924 1442 3162 1496 omnium
3182 1484 3197 1508 ,
3227 1459 3344 1513 qua:
3376 1444 3476 1500 hoc
3501 1445 3759 1502 diuturno
3785 1459 4025 1520 tempore

2438 1532 2770 1598 admisimus,
2801 1544 3139 1603 peccatorum
3166 1537 3444 1605 consequi,
3474 1552 3539 1593 ac
3567 1537 3783 1595 ﬂuvium
3812 1542 4024 1609 igneum

2440 1622 2707 1692 efl‘ugere;
2741 1640 2769 1676 a
2799 1639 2906 1695 quo
2929 1626 3120 1695 erepti,
3149 1627 3348 1681 utinam
3379 1643 3475 1682 nos
3494 1644 3680 1684 onlnes
3709 1631 3775 1686 ad
3803 1648 4024 1703 regnum

2437 1715 2690 1769 ca-lurum
2717 1717 3122 1779 ascendamus‘.
3145 1719 3313 1788 gratia
3341 1731 3392 1774 et
3420 1721 3787 1778 misericordia
3818 1725 4023 1780 Domini

2441 1807 2609 1861 nostri
2636 1806 2762 1862 Jesu
2782 1807 3001 1875 Christi,
3032 1825 3128 1879 per
3148 1826 3306 1880 quem
3329 1821 3381 1867 et
3400 1827 3522 1867 eum
3543 1830 3651 1884 quo
3673 1815 3814 1871 Patri
3835 1818 4023 1885 gloria,

2438 1896 2597 1952 simul
2623 1908 2677 1953 et
2701 1908 2889 1955 saneto
2906 1899 3146 1969 Spiritui,
3172 1902 3224 1956 iu
3248 1903 3439 1958 sa-cula
3462 1906 3802 1961 smculorutn.
3830 1907 4021 1963 Amen.

2504 2009 2541 2072 ‘_
2558 2015 2702 2058 Juxta
2725 2008 2890 2072 Morel.
2916 2010 3185 2072 legendum
3209 2021 3364 2072 esset,
3400 2013 3582 2065 utinam
3604 2027 3689 2067 nos
3721 2016 3772 2066 in
3795 2018 4025 2068 calorum

2441 2068 2650 2127 tludamo
2673 2068 3023 2122 recumbanzds.

759 2174 4024 2204 ww

2098 2277 2442 2341 HOMILIA
2497 2279 2667 2343 XIV.

758 2429 842 2484 l6.
875 2427 939 2483 Et
984 2430 1048 2484 de
1092 2427 1404 2500 plenitudine
1441 2427 1551 2497 ejus
1592 2442 1684 2479 nos
1708 2440 1878 2478 omnes
1916 2423 2204 2493 accepimus
2227 2464 2240 2485 ,
2289 2430 2336 2474 et

1271 2518 1488 2590 gratiam
1514 2532 1605 2588 pro
1630 2516 1814 2587 gratia.

833 2634 885 2687 ι.
941 2632 1120 2701 Nuper
1148 2631 1454 2687 dicebamus
1510 2630 1809 2696 Joannem,
1855 2636 1912 2683 ut
1954 2627 2336 2682 dubitationem

759 2738 945 2777 eorum
986 2722 1222 2777 solveret
1240 2724 1265 2789 ,’
1287 2722 1376 2791 qui
1405 2720 1544 2790 apud
1591 2734 1649 2774 se
1697 2719 1971 2789 qua~situri
2001 2727 2192 2782 erant,
2245 2729 2340 2775 cur

760 2813 1003 2869 Christus
1031 2812 1119 2882 qui
1152 2812 1417 2880 posterior
1445 2811 1510 2863 ad
1540 2808 1938 2880 praedicandum
1979 2807 2155 2870 venit,
2197 2805 2341 2873 prior

760 2914 814 2959 ct
833 2903 1157 2973 splendidior
1187 2902 1278 2958 illo
1307 2902 1484 2966 fuerit,
1510 2901 1610 2955 hoc
1625 2899 1914 2962 addidisse,
1942 2898 2075 2965 Quia
2101 2898 2240 2966 prior
2265 2911 2343 2949 nte

764 3005 891 3050 erat.
924 2994 988 3049 Et
1016 2994 1130 3048 lucc
1161 3008 1262 3047 una
1293 3008 1453 3047 causa
1482 3003 1564 3047 est
1590 3008 1602 3044 :
1632 2992 1724 3045 sed
1753 2990 1931 3045 subdit
1961 2990 2118 3044 aliam
2146 2988 2212 3043 de
2239 3003 2343 3058 qua

765 3100 906 3140 mute
925 3084 1096 3154 agitur
1126 3083 1164 3136 ¹.
1196 3084 1452 3147 Quasnam
1493 3081 1580 3135 illa
1612 3083 1733 3136 est?
1764 3080 1839 3134 De
1867 3079 2213 3149 plenitudine,
2260 3080 2341 3134 in-

763 3175 910 3244 quit,
943 3174 1052 3243 eius
1079 3190 1168 3228 nos
1193 3190 1364 3228 omnes
1389 3174 1671 3244 accepimus
1696 3183 1742 3226 et
1768 3173 1986 3242 gratiam
2007 3189 2100 3243 pro
2139 3173 2303 3243 gratia
2326 3190 2343 3235 ;

763 3276 817 3321 et
843 3267 960 3335 po'st
982 3264 1095 3320 luce
1126 3269 1316 3320 iterum
1342 3265 1521 3318 aliam.
1552 3264 1719 3331 Quam
1751 3264 1893 3317 illam
1918 3262 1942 3314 7
1981 3264 2112 3327 Quia
2143 3264 2228 3317 lca:
2256 3279 2344 3330 per

767 3355 992 3426 Moysem
1012 3356 1133 3409 data
1157 3364 1266 3422 est,
1289 3354 1454 3425 gratia
1492 3363 1537 3406 et
1565 3353 1749 3407 veritas
1772 3368 1861 3420 per
1883 3349 2064 3405 Iesum
2087 3348 2344 3406 Christum

763 3448 899 3514 facta
925 3456 1017 3501 est.
1050 3445 1111 3500 Et
1139 3445 1265 3516 quid
1292 3455 1405 3510 est,
1441 3443 1650 3512 inquies
1678 3485 1693 3505 ,
1727 3441 1880 3508 illud,
1929 3441 2011 3496 Ex
2033 3443 2345 3510 plenitudine

765 3536 876 3605 ejus
923 3552 1015 3589 nos
1064 3552 1235 3590 omnes
1258 3534 1582 3603 accepimus?
1624 3533 1756 3587 Nam
1802 3548 1867 3586 eo
1908 3533 2119 3587 interim
2169 3548 2347 3588 sermo

772 3625 1079 3680 referendus
1099 3634 1202 3679 est.
1225 3625 1340 3679 Non
1364 3625 1543 3689 habet,
1577 3623 1766 3693 inquit,
1789 3622 1913 3677 doni
1936 3623 2187 3692 erogandi
2217 3639 2347 3677 con-

766 3726 965 3771 sortem
990 3757 1006 3782 ,
1035 3717 1129 3770 sed
1159 3717 1271 3786 ipse
1303 3717 1419 3772 fons
1439 3757 1453 3781 ,
1490 3719 1600 3786 ipsc
1631 3716 1783 3771 radix
1821 3726 1903 3770 est
1932 3716 2193 3771 bonorum
2222 3732 2340 3770 om-

770 3807 913 3859 nium
932 3847 946 3870 ,
980 3807 1090 3876 ipsa
1125 3807 1225 3861 vita
1247 3849 1260 3872 ,
1288 3808 1397 3876 ipsa
1427 3808 1512 3861 lux
1534 3848 1549 3871 ,
1581 3807 1690 3875 ipsa
1715 3808 1909 3861 veritas
1927 3848 1943 3871 ,
1974 3808 2061 3877 qui
2089 3810 2347 3864 bonorqu

766 3897 981 3952 divitias
1002 3912 1104 3953 non
1136 3900 1186 3952 in
1218 3914 1276 3953 se
1299 3899 1515 3965 retinet,
1545 3898 1639 3953 sed
1660 3898 1711 3952 in
1740 3897 1874 3952 alios
1894 3912 2082 3952 onmes
2104 3898 2346 3965 cll‘undit;

769 3997 821 4041 et
847 3996 1121 4058 postquam
1153 3989 1358 4055 ell‘udit,
1382 3989 1573 4059 plenus
1594 3997 1862 4056 remanet,
1888 3987 2016 4042 nihil
2049 3991 2222 4044 minus
2253 3989 2347 4043 Ita-

768 4082 898 4135 bens
919 4094 1193 4152 posmuam
1207 4083 1324 4137 aliis
1340 4082 1592 4153 elargitus
1604 4093 1704 4149 est,
1719 4082 1812 4139 sed
1830 4083 2350 4151 scmperscaturiens

766 4182 820 4225 et
851 4173 967 4228 aliis
994 4174 1131 4228 bona
1151 4175 1479 4244 impertiens,
1505 4174 1555 4228 in
1584 4176 1774 4231 eadem
1797 4185 1975 4230 tnanet
1998 4174 2346 4243 perfectione.

767 4264 918 4331 Quod
948 4278 1124 4321 autem
1150 4282 1249 4336 ego
1275 4267 1387 4322 leto
1411 4268 1674 4336 particeps
1691 4266 1836 4332 boni,
1861 4267 1928 4320 ab
1948 4267 2054 4321 alio
2074 4267 2275 4335 accepi.
2298 4277 2351 4323 et

768 4356 956 4423 exigua
986 4372 1105 4424 pars
1131 4359 1291 4410 totius
1309 4368 1392 4412 est
1415 4397 1428 4420 ,
1460 4366 1516 4411 et
1541 4357 1690 4426 quasi
1714 4356 1853 4411 stilla
1875 4358 2068 4428 abysso
2097 4359 2349 4415 ineffabili

767 4456 820 4495 et
844 4445 1031 4512 pelago
1073 4447 1333 4500 intmen~o
1382 4458 1685 4514 comparata
1719 4463 1733 4499 :
1764 4447 1869 4512 inut
1904 4462 1971 4501 ne
2010 4448 2110 4502 hoc
2133 4450 2348 4519 quidem

768 4533 1069 4605 evomplum
1121 4544 1289 4602 potest
1334 4535 1465 4587 satis
1491 4534 1757 4603 explicare
1789 4535 1839 4590 id
1880 4541 2019 4604 quod
2070 4552 2351 4595 recensere

769 4636 1045 4676 conamur.
1083 4623 1289 4678 Etenim
1332 4624 1378 4678 si
1427 4624 1626 4678 stillam
1654 4639 1719 4679 ex
1762 4625 1950 4695 pelago
2002 4624 2237 4694 haurias,
2285 4644 2351 4685 eo

772 4712 887 4779 ipso
932 4713 1147 4781 pelagus
1186 4712 1462 4781 minuisti,
1508 4714 1716 4769 etiamsi
1763 4716 2062 4771 imminutio
2113 4718 2198 4772 illa
2233 4721 2347 4776 visu

769 4818 876 4858 non
908 4805 1248 4875 percipiatur.
1293 4806 1368 4862 De
1392 4805 1536 4862 futue
1563 4818 1740 4863 autem
1777 4809 1878 4863 isto
1903 4809 1952 4863 id
1975 4809 2080 4864 dici
2110 4814 2298 4882 nequit
2325 4830 2340 4878 ;

765 4894 859 4949 sed
876 4904 1361 4966 quantumcumque
1388 4897 1645 4963 hauseris,
1669 4909 1848 4954 manet
1877 4909 2054 4955 tamen
2084 4903 2214 4956 nihil
2244 4905 2347 4957 ἰηι-

767 4987 1022 5043 minutus.
1051 4988 1226 5055 Quare
1244 4989 1349 5044 alio
1385 4990 1629 5061 exempla
1657 4993 1910 5047 utendum
1939 5010 1951 5047 :
1990 4993 2132 5063 quod
2165 5004 2343 5049 tamen

769 5080 1036 5135 inﬁrmum
1056 5090 1137 5136 est
1156 5123 1171 5148 ,
1202 5095 1300 5135 nec
1322 5089 1494 5149 potest
1515 5098 1629 5138 rem
1651 5084 1926 5154 qutesitam
1945 5082 2344 5149 demonstrare;

766 5173 859 5227 sed
893 5174 1060 5243 magis
1085 5189 1242 5244 quam
1287 5174 1515 5244 primum
1542 5174 1608 5229 ad
1634 5177 1963 5246 propositam
2008 5189 2106 5229 nos
2134 5175 2350 5229 adducit

767 5265 1106 5317 sententiam.
1154 5263 1529 5334 Supponamus
1577 5280 1698 5319 esse
1743 5266 1952 5332 igneum
2006 5265 2204 5318 totnem
2240 5281 2345 5320 :ex

768 5367 873 5420 quo
904 5351 1048 5407 fonte
1079 5354 1223 5407 mille
1244 5395 1257 5415 ,
1288 5353 1370 5409 bis
1396 5355 1573 5416 mille,
1603 5362 1684 5407 ter
1705 5355 1871 5413 mille.
1902 5365 1954 5406 et
1988 5353 2142 5422 longe
2171 5355 2348 5422 plures

767 5442 999 5499 lucerna:
1020 5444 1422 5499 accenduntur:
1454 5460 1629 5498 annon
1662 5460 1812 5513 :rque
1838 5444 2027 5512 plenus
2056 5446 2189 5515 ignis
2232 5461 2347 5498 nta-

834 5577 848 5605 ¹
886 5572 1025 5622 savll.
1060 5573 1242 5642 habet,
1263 5575 1349 5623 sed
1393 5586 1485 5623 non
1517 5587 1575 5624 ea
1609 5580 1885 5635 contentus,
1913 5572 2074 5624 subdit
2115 5573 2261 5625 aliam
2285 5576 2347 5625 de

765 5647 862 5693 qua
885 5646 1010 5683 nunc
1032 5642 1211 5699 agstur.

2448 2434 2539 2478 net
2562 2465 2576 2482 .
2609 2431 2886 2494 postquam
2914 2435 2990 2481 tot
3017 2427 3135 2482 aliis
3158 2428 3261 2482 vim
3297 2447 3445 2485 suam
3481 2431 3709 2487 indidit?
3738 2435 3796 2489 Id
3826 2441 4027 2497 nemini

2443 2531 2549 2570 non
2587 2531 2767 2569 notum
2804 2531 2906 2573 est.
2953 2520 3105 2587 Quod
3134 2522 3177 2574 si
3221 2523 3273 2574 in
3311 2525 3625 2593 corporibus
3649 2527 4024 2596 di\‘isibililms,

2443 2623 2561 2675 qum
2588 2624 2680 2677 per
2696 2611 3088 2680 ademptioncm
3108 2614 3435 2683 minuuntur,
3454 2618 3722 2688 quidpiam
3744 2622 3920 2678 simile
3949 2640 4028 2677 re»

2447 2700 2664 2766 pCl'lllll‘,
2703 2702 2844 2769 quod
2892 2712 3170 2773 postquam
3200 2705 3322 2760 aliis
3350 2723 3468 2776 qua:
3499 2722 3594 2763 sua
3621 2724 3773 2767 erant
3803 2714 3992 2771 indidit
4012 2756 4028 2779 ,

2447 2788 2575 2842 nihil
2609 2799 2782 2845 tamen
2814 2793 3088 2861 minuitur,
3124 2797 3291 2851 tnulto
3323 2799 3490 2869 magis
3539 2800 3590 2854 in
3636 2802 3950 2873 incorporea
3977 2817 4033 2862 et

2449 2881 2731 2938 immortali
2763 2884 2851 2939 illa
2882 2887 3115 2955 potentia
3146 2887 3248 2945 hoc
3272 2891 3565 2962 continget.
3594 2893 3725 2949 Nam
3756 2896 3800 2950 si
3829 2913 3952 2953 cum
3980 2899 4030 2955 id

2448 2974 2587 3041 quod
2621 2975 2967 3046 participatur
2995 2989 3078 3035 est
3102 2980 3398 3038 substantia
3420 2993 3477 3039 et
3504 2999 3718 3055 corpus,
3752 2998 3806 3043 et
3839 2989 4033 3044 dividi~

2449 3073 2555 3129 tur,
2584 3075 2639 3121 et
2665 3082 2770 3122 non
2800 3068 3053 3124 dividitur
3083 3088 3096 3123 :
3130 3072 3296 3126 multo
3327 3076 3498 3145 magis
3519 3090 3640 3131 eum
3665 3076 3734 3132 de
3761 3079 3808 3132 vi
3840 3076 4031 3150 agendi

2447 3169 2626 3211 sermo
2654 3167 2768 3223 est,
2814 3158 2990 3231 deque
3017 3162 3068 3216 vi
3106 3163 3297 3232 agendi
3340 3164 3665 3236 incorporea:
3688 3168 4030 3240 substantiis,

2455 3247 2786 3316 exploratum
2809 3259 2893 3304 est
2922 3250 2973 3305 id
2999 3252 3235 3308 evenire.

2520 3336 2663 3394 Illud
2682 3382 2696 3405 ,
2736 3341 2809 3396 De
2839 3341 3171 3413 plenitudine
3201 3345 3317 3415 ejus
3346 3348 3651 3417 accepimus
3670 3390 3686 3413 ,
3715 3365 4032 3408 commenta-

2449 3440 2547 3485 tur.
2573 3464 2640 3474 --
2666 3432 2790 3488 Ideo
2814 3434 3052 3491 Joannes
3077 3435 3291 3491 dicebat
3310 3480 3324 3503 ,
3357 3437 3433 3492 De
3457 3441 3769 3511 plenitudine
3795 3445 3907 3514 ejus
3944 3464 4035 3500 nos

2450 3543 2620 3582 omnes
2650 3529 2974 3597 accepimus;
2999 3538 3054 3584 et
3082 3529 3443 3586 testimonium
3465 3548 3619 3588 suum
3647 3534 3898 3605 Baptisttc
3926 3549 4037 3593 tcso

2453 3621 2673 3674 timonio
2702 3622 2989 3677 connectit.
3018 3621 3148 3676 Nam
3182 3622 3331 3689 illud,
3362 3623 3436 3678 De
3457 3624 3774 3695 plenitudine
3798 3630 3910 3698 ejus
3939 3647 4033 3684 nos

2452 3726 2622 3764 omnes
2650 3709 2936 3781 accepimus
2955 3752 2971 3777 ,
3009 3727 3115 3767 non
3144 3717 3487 3782 prmcursoris
3506 3757 3522 3782 ,
3552 3715 3646 3771 sed
3670 3714 3915 3788 discipuli
3950 3721 4034 3774 di-

2451 3812 2593 3855 ctum
2626 3812 2727 3856 est.
2759 3803 2871 3858 lloc
2893 3813 3069 3859 autem
3097 3805 3205 3859 vult
3233 3806 3565 3876 signiﬁcare:
3589 3807 3667 3863 Ne
3700 3811 3897 3878 putetis
3916 3827 4035 3872 nos,

2451 3892 2539 3961 qni
2567 3892 2735 3946 multo
2758 3902 2996 3963 tempore
3017 3911 3136 3949 cum
3162 3896 3253 3951 illo
3278 3898 3470 3951 versati
3491 3913 3698 3966 sumus,
3722 3911 3776 3954 et
3795 3900 4041 3968 ejusdem

2453 3997 2652 4036 mensa:
2683 3994 2964 4040 consortes
3004 3986 3230 4053 fuimus,
3270 4004 3334 4043 ex
3363 3990 3532 4058 gratia
3562 3990 3737 4060 aliqua
3788 3994 4041 4047 testimo-

2454 4073 2599 4127 nium
2630 4073 2787 4129 l'erre.
2817 4074 2947 4129 Nam
2979 4076 3212 4133 Joannes
3233 4120 3247 4143 ,
3270 4080 3360 4149 qui
3388 4080 3535 4135 illum
3564 4091 3719 4137 antea
3747 4097 3854 4137 non
3882 4084 4041 4139 vides

2455 4173 2538 4218 rat
2559 4205 2572 4225 .
2606 4180 2705 4221 nec
2735 4180 2853 4220 cum
2882 4167 2975 4223 illo
3005 4180 3247 4225 versatus
3276 4168 3488 4238 fuerat,
3514 4170 3608 4227 sed
3638 4188 3757 4228 cum
3794 4174 4040 4244 baptiza-

2454 4265 2535 4311 ret
2566 4265 2766 4311 tantum
2786 4297 2801 4324 ,
2836 4258 2949 4328 ipso
2979 4274 3099 4314 cmn
3128 4262 3340 4316 ett-teris
3366 4273 3676 4334 conspecto,
3715 4264 3837 4320 inde
3857 4269 4043 4321 omnia

2454 4348 2719 4417 accipiens
2736 4390 2750 4416 ,
2775 4351 3125 4415 exclamavit,
3159 4350 3311 4405 Prior
3331 4369 3409 4406 me
3434 4364 3561 4408 erat.
3586 4354 3694 4409 Nos
3716 4366 3894 4410 autem
3919 4374 4040 4411 ttin-

2455 4454 2570 4502 nes,
2601 4440 2910 4508 duolecim,
2945 4443 3163 4496 trecenti
3189 4485 3204 4503 ,
3236 4444 3543 4514 quingenti,
3571 4454 3653 4501 ter
3684 4446 3856 4507 mille,
3882 4448 4048 4517 Quins

2453 4532 2603 4601 quies
2627 4533 2772 4587 mille
2793 4577 2807 4601 ,
2833 4535 3011 4588 multae
3034 4534 3336 4589 Jud:eorum
3361 4536 3649 4607 myriades,
3673 4538 3846 4592 omnis
3871 4540 4048 4607 pleni-

2456 4622 2582 4677 ludo
2609 4623 2880 4689 fidelium,
2927 4625 3015 4694 qui
3048 4634 3173 4679 tunc
3203 4625 3349 4680 fuere
3372 4664 3388 4692 ,
3419 4627 3507 4697 qui
3539 4643 3712 4693 nunc,
3753 4628 3843 4697 qui
3876 4631 4045 4682 futuri

2452 4723 2609 4777 sunt,
2658 4712 2727 4769 de
2771 4714 3099 4782 plenitudine
3141 4716 3258 4785 ejus
3302 4718 3630 4785 accepimus.
3675 4718 3811 4782 Quid
3858 4728 4049 4773 autem

2452 4802 2789 4873 accepimus?
2817 4802 3053 4858 Gratiam
3086 4820 3180 4874 pro
3210 4807 3399 4874 gratia.
3435 4808 3602 4878 Quam
3630 4822 3725 4876 pro
3755 4822 3857 4876 qua
3882 4808 3904 4860 ?
3934 4809 4052 4862 Pr.»

2455 4897 2621 4950 veteri
2650 4910 2864 4949 novam.
2895 4895 3040 4951 Sicut
3061 4897 3201 4951 enim
3238 4909 3355 4953 erat
3380 4898 3581 4967 justitia
3607 4909 3663 4953 et
3686 4898 3918 4969 justitia,
3942 4900 4051 4955 Se-

2452 4988 2669 5039 anulum
2678 4988 2953 5057 justitiam,
2983 4990 3170 5059 inquit,
3190 5006 3304 5057 qua:
3324 4991 3374 5045 in
3399 4988 3504 5062 lege
3521 5002 3611 5055 est,
3636 4993 3799 5062 [actus
3820 4992 4049 5063 irrepre—

2452 5079 2709 5133 hensibilis
2736 5078 2992 5149 (Philipp.
3026 5082 3079 5134 5.
3105 5082 3161 5152 ϐ)
3187 5098 3201 5146 ;
3244 5083 3368 5136 item
3399 5083 3531 5136 fides
3559 5092 3613 5136 et
3645 5081 3775 5137 fides
3801 5093 3885 5136 est
3900 5098 3929 5137 ’Ζ
3963 5083 4056 5137 Es

2452 5172 2554 5239 ﬁde
2590 5170 2642 5224 in
2670 5170 2822 5239 [idem
2860 5171 3036 5243 (Rom.
3087 5176 3134 5227 l.
3180 5172 3288 5239 l7);
3326 5174 3543 5242 adop:io
3576 5188 3787 5244 quoque
3827 5185 3878 5229 et
3911 5176 4057 5228 ado-

2453 5263 2604 5331 ptio:
2661 5262 2889 5330 Quorum
2931 5265 3137 5333 adoptio
3183 5264 3342 5332 (Ibid.
3389 5265 3442 5320 9.
3485 5264 3562 5333 4).
3617 5264 3820 5334 inquit;
3869 5267 4054 5335 gloria

2451 5370 2660 5423 quoque
2685 5356 2875 5424 duplex
2910 5372 2923 5408 :
2958 5355 3020 5410 Si
3059 5355 3188 5408 enini
3227 5356 3361 5423 quod
3407 5367 3677 5409 evacuatur
3704 5372 3793 5427 per
3821 5358 4057 5426 gloriam

2451 5455 2545 5511 est,
2569 5445 2724 5498 multo
2746 5446 2908 5516 magis
2928 5445 3064 5513 quod
3087 5457 3250 5496 manet
3272 5447 3322 5497 in
3344 5446 3508 5515 gloria
3528 5446 3607 5513 (2.
3631 5445 3748 5500 Cur.
3772 5447 3825 5499 5.
3852 5449 3905 5500 ll
3929 5462 3962 5511 i;
3995 5458 4061 5503 rt

2452 5536 2534 5591 les
2579 5537 2771 5606 duplex
2804 5555 2816 5590 :
2850 5552 2969 5590 nam
3003 5536 3094 5596 ait,
3128 5535 3236 5589 Lex
3283 5538 3495 5606 spiritus
3530 5541 3641 5590 viae
3692 5539 3922 5591 liberavit
3967 5560 4059 5594 me

2457 5626 2630 5697 (Rom.
2662 5629 2714 5682 8.
2745 5629 2801 5697 2)
2828 5646 2841 5692 ;
2870 5636 2918 5682 et
2948 5627 3117 5679 cultus
3144 5626 3361 5699 duplex,
3405 5628 3627 5695 Quorum
3661 5628 3871 5679 srrtitus
3891 5672 3902 5689 ,
3946 5645 4058 5685 seu

4173 1349 4176 1467 ἱ

4173 1504 4176 1719 I

4173 2012 4175 2141 ι
