4370 6306
534 317 601 374 ss
1172 338 1180 345 -
1559 301 1622 364 IN
1652 292 1964 364 resumit
2017 290 2244 360 noluit.
2285 302 2427 359 xw.
2468 305 2539 360 al.
2582 302 2713 360 xm.
3733 315 3802 372 ωε

532 429 734 491 cultus;
751 433 805 481 et
820 432 1058 490 rursum,
1078 422 1275 492 Spiritu
1292 420 1395 477 Deo
1412 423 1674 476 servientes
1691 422 1732 489 ‘(
1745 417 1937 489 Philip.
1956 418 2006 471 5.
2030 418 2106 485 5);

536 518 726 588 duplex
755 524 971 586 quoque
1014 524 1390 571 testamentum
1420 532 1433 567 :
1468 512 1743 583 Disponttm
1785 510 1921 565 vobis
1963 519 2112 562 testa-

536 620 753 665 mentum
779 624 985 673 novum,
1017 622 1118 661 non
1144 606 1420 660 secundum
1450 614 1798 659 testamentum
1825 601 1961 673 quod
2001 600 2110 653 dis-

538 703 676 772 posui
740 716 856 753 cum
919 697 1145 766 patribus
1197 699 1372 751 uestris
1423 694 1555 767 (Jer.
1606 697 1696 752 5|.
1749 697 1868 765 5|);
1916 694 2109 763 duplex

571 805 741 858 noque
784 788 1170 851 sanctiﬁcatio,
1213 786 1406 855 duplex
1450 786 1747 853 baptisma,
1790 784 1982 854 duplex
2019 798 2110 838 sa-

528 879 788 934 criﬁcium
808 917 825 944 ,
857 876 1054 946 duplex
1079 877 1366 944 templum,
1395 875 1595 944 duplex
1637 874 2005 938 circumcisio;
2033 872 2111 928 sic

535 979 586 1024 et
614 969 813 1038 duplex
845 968 1033 1037 gratia.
1079 966 1186 1022 Sed
1233 966 1319 1020 illa
1362 966 1575 1035 quidem
1603 982 1699 1021 ceu
1742 966 1906 1035 ﬁgura
1947 973 2106 1028 sunt;

535 1060 647 1115 bam
686 1067 743 1113 ut
792 1061 1030 1114 veritas:
1063 1073 1181 1126 quae
1228 1057 1546 1128 homonyma
1589 1057 1833 1126 quidem,
1867 1054 1959 1111 sed
2003 1070 2108 1109 non

535 1164 824 1219 synonyma
850 1157 991 1203 sunt.
1021 1147 1153 1201 Nam
1195 1147 1247 1200 in
1281 1147 1417 1217 typis
1446 1155 1495 1201 et
1541 1145 1855 1216 imaginibus
1879 1145 1970 1215 qui
2014 1158 2109 1199 co-

537 1239 647 1293 lore
667 1237 786 1292 albo
814 1245 869 1291 et
894 1238 1042 1306 nigro
1064 1237 1315 1306 pingitur,
1338 1236 1497 1288 homo
1524 1243 1762 1298 vocatur,
1788 1242 1846 1287 ut
1867 1244 1922 1289 et
1951 1247 2111 1287 verus

536 1332 693 1380 homo
718 1327 897 1380 nativo
919 1327 1100 1381 colore
1128 1326 1414 1380 instructus
1443 1342 1459 1381 :
1488 1325 1538 1378 in
1560 1324 1747 1378 statuis
1769 1338 1978 1393 quoque
2008 1338 2106 1376 au-

534 1431 620 1471 n‘a
651 1415 871 1486 perinde
915 1428 1074 1485 atque
1121 1414 1332 1484 ﬁglina,
1372 1419 1543 1469 statua
1596 1413 1824 1478 dicitur;
1868 1412 1962 1468 sed
2014 1410 2103 1467 illa

538 1517 693 1580 typus
719 1519 879 1571 sunt,
909 1507 1022 1562 hac
1048 1510 1262 1562 Veritas.

600 1598 653 1649 2.
689 1597 831 1650 Inter
856 1605 1020 1651 cetera
1059 1606 1106 1649 et
1147 1610 1275 1648 noua
1314 1595 1600 1648 discrimen.
1631 1621 1704 1633 -—
1731 1592 1806 1647 Ne
1851 1592 2009 1662 igitur
2044 1607 2108 1647 ex

534 1689 806 1742 nominum
835 1689 1106 1742 consortio
1124 1727 1139 1751 ,
1170 1700 1257 1740 res
1277 1686 1493 1740 easdem
1513 1727 1526 1749 ,
1558 1683 1653 1740 sed
1682 1699 1851 1753 neque
1874 1684 2111 1738 diversas

533 1795 651 1835 esse
680 1790 855 1848 putes.
904 1778 1037 1832 Nam
1066 1778 1114 1833 si
1161 1788 1317 1849 typus
1351 1786 1497 1842 erat,
1543 1790 1650 1831 non
1692 1784 1807 1831 erat
1835 1776 2040 1830 alienus
2078 1791 2107 1830 a

533 1869 791 1934 veritate;
835 1869 1151 1943 siumbram
1197 1866 1482 1931 servabat,
1512 1866 1688 1919 minor
1714 1874 1827 1919 erat
1866 1865 2106 1919 veritate.

535 1960 669 2026 Quid
715 1974 845 2030 ergo
868 1959 1188 2013 discriminis
1230 1967 1311 2012 est
1359 1958 1496 2012 inter
1541 1957 1653 2011 hare
1697 1957 1909 2011 omnia?
1941 1957 2110 2012 Vultis

533 2064 692 2106 unum
710 2062 796 2105 aut
818 2051 923 2104 duo
944 2065 1006 2106 ex
1024 2048 1180 2104 dictis
1196 2049 1503 2103 tractemus?
1524 2049 1612 2103 Sic
1626 2056 1817 2103 caetera
1833 2048 1983 2104 vobis
1999 2064 2111 2104 ma-

535 2143 721 2198 nifesta
751 2150 907 2198 erunt
933 2160 947 2197 :
970 2140 1371 2211 videbimnsqne
1400 2140 1483 2193 illa
1514 2154 1799 2209 puerorum
1822 2149 2107 2209 prarcepta,

532 2233 646 2289 haec
663 2235 894 2288 virorum
925 2231 1137 2286 fortium
1156 2230 1338 2294 inisse;
1358 2229 1607 2300 illaquasi
1644 2229 1967 2289 hominibus.
1997 2229 2110 2284 haec

534 2327 681 2396 quasi
708 2325 911 2395 angelis
930 2323 1245 2380 constituta.
1278 2321 1427 2377 Unde
1457 2322 1614 2390 igitur
1643 2321 1951 2377 ordiemur?
1981 2320 2107 2376 Vul-

536 2419 603 2473 tis
631 2417 699 2471 ab
726 2417 838 2487 ipsa
869 2414 1154 2484 adOptione
1181 2411 1495 2468 ordiamur?
1526 2413 1660 2479 Quid
1687 2413 2006 2468 discriminis
2031 2413 2111 2467 in-

539 2521 618 2565 ter
644 2512 782 2563 hanc
810 2516 867 2563 et
893 2508 1033 2560 illam
1064 2506 1184 2561 est?
1209 2506 1297 2560 Illa
1323 2505 1533 2560 nomine
1561 2514 1713 2561 tenus
1740 2516 1881 2571 erat;
1914 2507 2026 2561 hare
2052 2521 2110 2562 re

538 2600 671 2668 ipsa.
706 2600 783 2653 De
808 2598 894 2652 illa
923 2597 1138 2663 dicitur,
1171 2595 1280 2666 Ego
1309 2596 1415 2650 dixi
1436 2636 1450 2662 ,
1487 2596 1570 2649 Dii
1597 2598 1741 2661 estis,
1773 2606 1819 2650 ct
1840 2597 1933 2664 ﬁlii
1956 2595 2112 2650 Altis-

535 2690 649 2743 simi
676 2704 850 2742 omnes
879 2686 1051 2755 (Psat.
1080 2688 1167 2741 8L
1198 2688 1276 2757 (ὃ).
1309 2686 1382 2741 De
1407 2685 1506 2741 hac
1525 2697 1701 2742 autem
1722 2729 1737 2753 ,
1766 2685 1848 2742 Ea:
1872 2687 1977 2742 Dea
2004 2689 2112 2743 nati

534 2790 669 2835 sunt.
695 2778 977 2847 Quomodo
1006 2785 1060 2833 et
1093 2792 1195 2847 qua
1246 2777 1491 2831 ratione?
1518 2778 1619 2833 Per
1644 2779 1912 2833 lavacrum
1956 2794 2110 2849 rege-

536 2871 825 2926 nerationis
840 2880 896 2924 et
913 2869 1270 2924 renovationis
1283 2868 1510 2938 Spiritus
1526 2869 1715 2923 sancti.
1731 2869 1798 2923 Et
1812 2870 1882 2923 illi
1897 2871 2110 2940 quidem

538 2975 815 3037 postquam
835 2964 925 3019 ﬁlii
945 2962 1191 3035 appellati
1213 2973 1357 3028 sunt,
1377 2962 1621 3031 spiritum
1652 2962 1921 3017 servitutis
1937 2963 2111 3018 adhuc

537 3059 803 3113 habebant
836 3074 851 3110 :
895 3072 1015 3110 nam
1041 3056 1178 3110 servi
1206 3070 1324 3109 eum
1354 3064 1566 3121 essent,
1617 3055 1715 3109 hac
1758 3056 2110 3125 appellat'oue

536 3148 866 3204 ornabantur
892 3164 907 3213 ;
938 3162 1036 3201 nos
1062 3155 1240 3202 autem
1289 3145 1443 3200 liberi
1469 3155 1597 3201 tunc
1622 3145 1790 3200 eﬂ'ecti
1815 3187 1830 3213 ,
1878 3162 1981 3200 non
2011 3162 2111 3199 no-

536 3239 711 3305 mine,
743 3238 840 3292 sed
872 3252 929 3292 re
957 3237 1213 3290 honorem
1242 3235 1561 3303 accepimus.
1595 3235 1660 3290 Et
1686 3235 1784 3289 hoc
1809 3224 2001 3290 Paulus
2025 3235 2110 3289 di-

537 3328 690 3384 cebat
719 3345 735 3383 :
770 3326 895 3381 Non
931 3328 1062 3382 enim
1103 3326 1367 3396 accepistis
1393 3326 1624 3395 spiritum
1648 3327 1895 3381 servitutis
1931 3327 2112 3380 iterum

536 3424 589 3475 in
615 3423 826 3485 timore,
851 3420 941 3473 sed
963 3420 1224 3489 accepistis
1251 3417 1501 3486 Spiritum
1527 3418 1813 3489 adoptionis
1851 3418 2074 3487 ﬁliorum
2093 3461 2105 3483 ,

536 3511 588 3563 in
614 3527 715 3578 quo
739 3510 1041 3573 clamamus,
1072 3507 1213 3561 Abba
1237 3506 1394 3560 Pater
1425 3506 1598 3578 (Rom.
1627 3508 1679 3562 8.
1710 3508 1819 3579 15).
1863 3508 2111 3563 Generali

538 3614 765 3670 namque
810 3614 1080 3669 superne,
1127 3607 1183 3654 et
1239 3608 1295 3653 ut
1334 3598 1404 3652 ita
1432 3599 1638 3663 dicam,
1682 3598 1990 3664 reformati,
2037 3600 2113 3656 sic

538 3692 706 3745 vocati
744 3704 931 3745 sumus
986 3690 1099 3743 ﬁlii.
1148 3686 1455 3743 Sanetitotis
1493 3704 1620 3742 vero
1664 3688 1875 3742 modum
1907 3691 1950 3743 si
1995 3689 2113 3759 quis

538 3780 781 3836 didicerit
801 3820 817 3845 ,
849 3780 967 3849 quis
994 3779 1099 3843 hic,
1131 3779 1249 3848 quis
1275 3778 1383 3842 ille,
1414 3778 1632 3831 multam
1667 3777 1751 3831 hic
1775 3794 1985 3849 quoque
2014 3779 2111 3833 dif-

541 3871 817 3926 ierentiam
846 3870 1064 3924 videbit.
1096 3870 1169 3923 Illi
1198 3883 1425 3938 namque
1450 3868 1661 3938 quando
1686 3869 1823 3923 idola
1851 3885 1953 3926 non
1971 3871 2114 3925 cole-'-

542 3965 682 4031 bant,
714 3980 836 4020 cum
865 3978 966 4018 nec
990 3962 1405 4024 fornicabantur,
1436 3976 1535 4016 nec
1562 3962 1983 4030 intecltahantur,
2012 3960 2113 4019 hoc

540 4056 865 4111 Vocabantur
910 4054 1124 4108 nomine
1156 4069 1169 4103 :
1199 4068 1296 4106 nos
1343 4061 1522 4107 autem
1572 4066 1675 4106 non
1705 4052 2018 4108 abstinendo
2047 4055 2114 4107 ah

543 4148 645 4204 illis
672 4148 837 4203 rebus
868 4155 1070 4200 tantum
1098 4187 1114 4212 ,
1143 4144 1235 4199 sed
1263 4152 1314 4198 et
1345 4143 1542 4212 majora
1586 4142 1904 4213 possidendo
1944 4145 2113 4198 sancti

542 4238 819 4294 efﬁcimur.
853 4237 922 4291 Et
966 4239 1135 4306 primo
1159 4234 1371 4305 quidem
1401 4246 1467 4288 ex
1514 4233 1629 4303 ipso
1656 4233 1882 4304 Spiritus
1926 4235 2111 4303 illapsu

543 4325 644 4385 hoc
689 4327 1071 4397 consequimur
1117 4325 1311 4379 donum
1358 4341 1371 4378 ε
1426 4323 1619 4377 deinde
1669 4340 1738 4378 ex
1804 4325 1909 4376 vita
1962 4325 2113 4393 longe

545 4420 917 4491 prmstantiore
942 4433 1097 4487 quam
1125 4415 1362 4471 Jutlaiea.
1392 4415 1458 4468 Et
1497 4430 1562 4467 ne
1586 4427 1653 4468 ex
1684 4414 1933 4483 jactantia
1975 4414 2111 4468 dicta

546 4522 733 4582 putes,
786 4509 910 4563 andi
957 4508 1082 4578 quid
1111 4507 1213 4559 illis
1236 4507 1416 4561 dicat:
1452 4504 1629 4558 Nolite
1679 4505 1912 4577 lustrare,
1961 4516 2116 4575 neque

577 4604 819 4671 uriﬁcare
870 4601 1004 4669 ﬁlios
1055 4609 1259 4665 vestros,
1310 4599 1429 4666 quia
1473 4599 1689 4667 populus
1733 4609 1936 4651 sanctus
2000 4598 2115 4653 estis

548 4690 731 4760 (Deut.
763 4690 850 4744 18.
876 4688 989 4758 10).
1036 4688 1213 4756 Itaque
1238 4688 1372 4754 apud
1402 4687 1521 4740 illos
1546 4686 1657 4740 lucc
1686 4688 1939 4741 sanctitas
1964 4697 2076 4741 erat
2096 4728 2111 4755 ,

542 4784 608 4838 ab
634 4782 898 4838 idolorum
951 4779 1154 4847 legibus
1196 4778 1497 4844 abstinere;
1526 4778 1664 4847 apud
1714 4794 1808 4832 nos
1834 4794 1962 4833 vero
2008 4793 2113 4833 non

542 4875 632 4938 ita,
654 4872 771 4937 sed,
797 4871 865 4926 Ut
885 4870 947 4924 sit
971 4879 1163 4935 sancta,
1185 4870 1369 4938 inquit,
1394 4882 1603 4938 corpore
1629 4879 1674 4923 et
1700 4871 1876 4940 spiritu
1895 4871 1972 4940 (1.
1996 4870 2111 4925 Cor.

544 4965 592 5017 7.
620 4965 751 5035 54).
791 4962 983 5017 Pacem
1030 4962 1379 5031 persequimini
1405 4972 1450 5013 et
1489 4963 1969 5030 sancti/irationem,
2013 4966 2116 5017 sine

541 5074 637 5127 qua
660 5073 803 5112 uento
842 5055 1024 5109 videbit
1070 5053 1339 5108 Dominum
1365 5051 1544 5124 (Hebr.
1572 5054 1655 5108 12.
1683 5055 1785 5124 14)
1811 5073 1825 5119 ;
1856 5065 1908 5108 et
1928 5097 1940 5117 ,
1988 5053 2116 5108 Per-

544 5148 760 5215 ﬁciantes
790 5146 1237 5213 sahctiﬁcationem
1274 5146 1326 5198 in
1353 5146 1527 5198 timore
1551 5144 1646 5198 Dei
1688 5145 1781 5215 (Ξ.
1807 5145 1923 5199 Cor.
1953 5135 2004 5198 7.
2040 5144 2111 5216 l).

542 5236 651 5292 Non
683 5238 827 5293 enim
859 5236 961 5290 hoc
986 5250 1176 5289 nomen
1202 5278 1216 5301 ,
1242 5240 1453 5289 sanctus
1478 5278 1490 5296 ,
1521 5237 1571 5289 in
1597 5237 1870 5303 omnibus,
1904 5237 1970 5291 de
1995 5238 2112 5305 qni-

545 5326 638 5382 hus
686 5326 902 5391 dicitur,
960 5325 1198 5380 eamdem
1252 5327 1407 5381 habet
1460 5327 1923 5396 signiﬁcationem.
1984 5328 2112 5381 Nam

544 5417 676 5470 Deus
700 5425 920 5471 sanctus
966 5413 1176 5479 dicitur,
1206 5416 1299 5469 sed
1330 5431 1431 5470 non
1460 5417 1596 5470 sicut
1625 5428 1741 5472 nos.
1792 5417 1920 5473 Cum
1967 5418 2109 5472 enim

541 5507 797 5577 propheta
837 5505 978 5559 hanc
1006 5519 1185 5558 vocem
1228 5521 1257 5558 a
1284 5506 1588 5575 Seraphinis
1613 5508 1812 5562 audivit
1839 5548 1852 5573 ,
1895 5509 2110 5563 attende

610 5702 627 5734 ⁸
664 5707 805 5751 Juxta
842 5700 966 5750 alios
998 5700 1257 5761 legendum
1282 5710 1432 5758 essm,
1467 5703 1662 5765 Spiritui
1698 5705 1783 5753 Dei
1806 5705 2080 5773 servientes.

872 5781 1142 5842 Pnaon.
1187 5785 1301 5843 Gn.
1355 5784 1419 5843 LI
1438 5788 1511 5844 Χ.

2227 416 2352 486 quid
2374 416 2593 472 dixerit:
2617 418 2713 472 Hei
2733 409 2873 484 mihi,
2901 422 3049 475 miser
3073 437 3161 494 ego
3180 423 3218 490 ¹,
3237 423 3354 490 quia
3379 423 3529 479 homo
3547 431 3659 479 cum
3681 430 3794 491 'sim,

2219 510 2418 579 impura
2450 510 2581 563 labia
2610 511 2767 564 habeo
2787 554 2802 575 ,
2846 522 2890 565 et
2931 514 2981 567 in
3009 516 3172 568 medio
3198 517 3373 586 populi
3423 518 3625 586 impura
3666 518 3799 574 labia

2219 601 2444 654 habentis
2468 616 2557 673 ego
2587 596 2754 669 liabin
2780 602 2930 675 (lsai.
2982 604 3033 660 6.
3066 607 3144 673 5).
3173 606 3284 661 Etsi
3312 607 3399 664 ille
3424 617 3477 663 et
3507 612 3721 666 sanctus
3748 621 3800 665 et

2218 706 2381 760 purus
2425 701 2588 746 esset.
2640 691 2835 747 Verum
2884 695 2931 749 si
2977 704 3212 749 nostram
3263 713 3383 752 eum
3431 712 3660 769 superna
3709 701 3797 755 illa

2215 781 2547 835 sanctitatem
2576 797 2969 852 comparemus,
3010 785 3200 854 impuri
3225 803 3429 841 sumus.
3459 789 3641 847 Sancti
3666 802 3791 847 sunt

2216 870 2410 940 angeli,
2440 872 2609 927 sancti
2631 881 2757 926 sunt
2779 873 3106 941 archangeli,
3128 885 3185 930 'et
3206 876 3493 932 Chernbim
3516 890 3676 950 atque
3695 882 3796 937 sc-

2215 962 2419 1030 raphim
2448 977 2464 1028 ;
2494 961 2590 1017 sed
2621 962 2776 1031 hujus
2804 966 3101 1019 sanctitatis
3126 965 3227 1020 alia
3254 982 3463 1022 rursum
3490 970 3789 1027 diﬁ‘ercntia

2214 1059 2296 1105 est
2325 1050 2462 1105 inter
2483 1067 2578 1107 nos
2605 1053 2851 1108 videlicet
2875 1062 2928 1107 et
2956 1056 3259 1124 superiores
3291 1058 3409 1111 illas
3430 1069 3721 1128 potestates
3747 1065 3792 1120 ἐ

2215 1140 2432 1198 Possem
2458 1153 2652 1199 caetera
2681 1146 2859 1199 omnia
2889 1146 3158 1217 persequi,
3189 1148 3280 1203 sed
3308 1150 3464 1205 video
3492 1153 3789 1208 orationem

2215 1231 2423 1301 longius
2476 1248 2852 1305 progressam;
2928 1249 3254 1309 quapmpter
3306 1241 3559 1297 ulteridre
3634 1245 3792 1299 missa

2214 1325 2628 1393 perquisitione,
2689 1327 2839 1382 vobis
2906 1336 3099 1383 cretera
3150 1332 3474 1399 eXploranda
3525 1333 3794 1405 rt-lEnquec

2216 1429 2354 1467 mus.
2388 1414 2551 1469 Vobis
2577 1416 2716 1469 enim
2746 1416 2867 1470 licet
2890 1417 3033 1471 domi
3064 1419 3176 1473 haec
3194 1420 3513 1491 colligendo,
3542 1425 3794 1480 diﬁ'e’ren;

2218 1503 2340 1556 tiam
2369 1505 2755 1570 internoscere,
2800 1513 2854 1560 et
2894 1508 3103 1577 reliqua
3130 1509 3379 1565 similiter
3405 1512 3672 1583 indagare.
3711 1514 3793 1568 Da

2214 1595 2449 1662 sapienti,
2489 1596 2676 1666 inquit,
2714 1598 3058 1662 occasionem,
3098 1608 3145 1653 et
3183 1602 3456 1670 sapientior
3483 1605 3574 1654 erit
3607 1594 3787 1673 (Prov.

2213 1686 2267 1740 9.
2296 1686 2371 1754 9).
2403 1686 2614 1741 Initium
2643 1702 2869 1758 namque
2904 1703 2935 1743 a
2960 1690 3111 1744 nobis
3144 1700 3246 1755 est,
3282 1691 3401 1747 ﬁnis
3428 1694 3530 1749 erit
3556 1710 3589 1749 a
3619 1695 3789 1753 vobis;

2212 1776 2401 1847 Operae
2426 1779 2655 1846 pretium
2676 1790 2854 1834 autem
2885 1788 2967 1835 est
2993 1782 3185 1836 seriem
3211 1784 3479 1853 persequi.

2296 1868 2523 1923 Gratiam
2551 1887 2643 1941 pro
2669 1872 2834 1941 gratia
2862 1871 2985 1943 quid
3012 1874 3289 1944 signiﬁcet.
3306 1876 3515 1931 —-Cum
3546 1872 3787 1944 dixisset;

2222 1956 2301 2013 De
2339 1962 2647 2030 plenitudine
2670 1973 2837 2017 autem
2863 1965 2975 2038 ejus
3016 1976 3106 2019 nos
3135 1982 3305 2019 onmes
3330 1970 3636 2038 accepimus,
3665 1970 3789 2023 snh-

2212 2051 2365 2119 didit,
2393 2053 2456 2107 Et
2476 2056 2691 2124 gratiam
2714 2072 2805 2125 pro
2825 2058 2989 2126 gr‘atia
3011 2058 3328 2113 :ostendens
3347 2060 3559 2116 Judaco‘s
3580 2067 3790 2132 quoque

2213 2157 2313 2211 per
2336 2144 2561 2214 gratiam
2606 2146 2784 2200 salvos
2813 2146 2993 2202 fuisse.
3023 2147 3137 2202 Non
3178 2151 3317 2204 enim
3348 2151 3488 2221 quod
3537 2154 3790 2224 multipli-

2211 2233 2313 2289 cati
2342 2233 2497 2301 sitis,
2549 2235 2640 2290 sed
2683 2246 2900 2307 propter
2942 2246 3119 2308 patres
3162 2247 3369 2294 vestros
3408 2240 3543 2309 elegi
3589 2258 3704 2297 vos.
3733 2243 3786 2297 Si

2213 2338 2340 2393 ergo
2366 2339 2471 2379 non
2498 2341 2563 2380 ex
2594 2328 2822 2396 pr0priis
2847 2328 3052 2383 meritis
3076 2343 3106 2382 a
3134 2327 3243 2383 Deo
3266 2330 3418 2385 electi
3445 2340 3586 2398 sunt,
3613 2335 3785 2402 palam

2212 2428 2306 2467 eos
2356 2428 2453 2483 per
2473 2416 2698 2484 gratiam
2729 2415 2870 2472 hunc
2890 2432 3008 2472 esse
3034 2428 3388 2488 consequutos
3411 2419 3687 2476 honorem.
3725 2424 3789 2478 Et

2212 2520 2310 2559 nos
2340 2517 2551 2575 quoque
2578 2506 2745 2577 gratia
2788 2509 2922 2562 salvi
2948 2507 3071 2563 facti
3101 2524 3285 2564 sumus
3313 2527 3324 2562 :
3355 2513 3449 2565 sed
3481 2528 3586 2566 non
3626 2514 3782 2567 simili

2215 2595 2393 2650 modo.
2440 2597 2621 2666 Neque
2664 2599 2804 2652 enim
2850 2598 3035 2653 iisdem
3084 2601 3134 2653 in
3176 2601 3372 2665 rebus,
3403 2602 3495 2655 sed
3525 2603 3575 2656 in
3620 2604 3785 2658 multo

2213 2685 2503 2755 majoribus
2525 2696 2577 2741 et
2598 2687 3015 2743 sublimioribus.
3046 2689 3160 2744 Non
3187 2691 3364 2760 itaque
3395 2692 3515 2747 talis
3536 2702 3617 2747 est
3646 2685 3783 2763 apud

2214 2791 2312 2830 nos
2353 2776 2541 2847 gratia.
2587 2775 2769 2846 Neque
2815 2777 2953 2831 enim
3002 2786 3336 2847 peccatorum
3390 2789 3590 2834 tantum
3633 2785 3783 2836 venia

2214 2866 2368 2922 nobis
2393 2867 2583 2923 collata
2612 2878 2730 2933 est;
2764 2868 2920 2938 hujus
2963 2885 3188 2940 namque
3218 2886 3337 2925 cum
3369 2871 3471 2926 illis
3510 2885 3785 2928 consortes

2213 2971 2395 3015 sumus
2428 2977 2441 3013 :
2473 2970 2660 3015 omnes
2704 2962 2846 3015 enim
2888 2968 3277 3031 peccaverunt;
3305 2963 3397 3018 sed
3427 2964 3583 3019 datur
3626 2966 3785 3020 etianl

2208 3053 2409 3122 justitia
2436 3093 2451 3118 ,
2483 3053 2837 3107 sanctiﬁcatio
2858 3093 2873 3119 ,
2900 3055 3145 3123 adoptio,
3172 3054 3399 3125 Spiritus
3420 3058 3588 3126 gratia
3634 3056 3787 3129 longe

2213 3144 2545 3216 Splendidior
2589 3155 2642 3200 et
2694 3144 2929 3199 ‘uherior.
2974 3146 3079 3201 Per
3105 3147 3242 3201 hanc
3278 3149 3500 3218 gratiam
3532 3148 3640 3204 Deo
3678 3151 3786 3205 cari

2216 3236 2334 3290 laeti
2360 3251 2571 3299 sumus,
2599 3250 2705 3290 non
2737 3234 2871 3290 ultra
2906 3238 2965 3291 ut
2989 3238 3125 3292 servi
3154 3245 3356 3294 tantum
3379 3282 3393 3305 ,
3422 3240 3513 3294 sed
3542 3241 3701 3296 etiam
3730 3239 3789 3294 ut

2217 3326 2308 3381 ﬁlii
2336 3335 2389 3381 et
2409 3327 2585 3381 amici.
2612 3326 2735 3380 Ideo
2762 3327 2953 3397 inquit,
2980 3327 3209 3381 Gratiam
3239 3346 3330 3398 pro
3352 3332 3536 3400 gratia.
3574 3331 3780 3385 Etenim

2214 3417 2399 3487 legalia
2430 3431 2639 3487 quoque
2667 3433 2730 3471 ex
2752 3418 2918 3486 gratia
2943 3427 3116 3485 erant,
3142 3434 3346 3475 necnon
3370 3421 3509 3491 quod
3531 3437 3594 3475 ex
3623 3421 3789 3475 nihilo

2218 3509 2337 3563 facti
2368 3509 2534 3564 simus
2564 3526 2575 3560 :
2600 3524 2707 3562 non
2729 3509 2870 3563 enim
2896 3524 2959 3563 ex
2983 3511 3407 3580 praecedentibus
3430 3514 3630 3568 meritis
3654 3512 3790 3567 hanc

2214 3600 2695 3654 remunerationem
2741 3600 3084 3669 accepimus:
3116 3601 3387 3671 quomodo
3433 3605 3575 3658 enim
3601 3646 3617 3670 ,
3663 3612 3782 3659 euut

2215 3704 2319 3744 non
2333 3686 2603 3744 essemus?
2618 3688 2709 3743 sed
2726 3688 2863 3743 Deus
2883 3699 3092 3759 semper
3107 3690 3380 3747 beneﬁciis
3397 3704 3495 3747 nos
3514 3697 3787 3763 prrevcnit;

2215 3772 2329 3832 Non
2352 3777 2510 3832 modo
2523 3793 2642 3832 cum
2665 3793 2763 3833 nos
2791 3794 2854 3833 ex
2883 3780 3049 3834 nihilo
3072 3781 3336 3850 produxit,
3361 3784 3453 3837 s’ed
3479 3785 3635 3838 etiam
3667 3794 3787 3840 cum

2215 3869 2405 3923 creatis
2418 3870 2504 3922 dat
2519 3878 2568 3922 ut
2586 3885 2701 3939 quae
2715 3869 3057 3940 agenda,qu:e
3074 3888 3176 3926 non
3196 3874 3395 3942 agenda
3412 3886 3532 3929 sunt
3549 3877 3776 3929 s‘ciamm

2216 3970 2269 4015 et
2292 3961 2425 4015 hanc
2457 3962 2507 4015 in
2533 3971 2719 4015 natura
2746 3962 2913 4029 legem
2944 3964 3313 4017 nanciscamnr
3341 3983 3352 4016 :
3382 3968 3593 4033 etquod
3640 3968 3789 4019 nobis

2217 4053 2557 4106 conseientim
2589 4053 2818 4105 tribunal
2849 4054 3209 4120 incorruptum
3233 4055 3499 4120 indiderit,
3531 4057 3581 4109 id
3610 4060 3791 4125 gratiae.

2216 4145 2461 4196 maximae
2504 4150 2559 4196 et
2608 4142 2888 4196 iuell'ahilis
2936 4143 3274 4212 benignitatis
3320 4145 3434 4198 fuit.
3466 4146 3616 4211 Quod
3666 4149 3788 4202 item

2218 4232 2354 4286 hanc
2385 4232 2555 4301 legem
2595 4231 2703 4298 jam
2735 4240 3037 4299 corruptam
3062 4273 3074 4295 ,
3103 4247 3198 4300 per
3222 4234 3469 4302 scriptam
3503 4234 3669 4306 legem
3701 4255 3789 4293 re-

2218 4323 2555 4383 staurave‘rit,
2586 4321 2634 4375 id
2666 4322 2850 4388 gratia“:
2880 4330 3012 4374 erat.
3048 4320 3176 4375 Nam
3207 4332 3616 4381 consentaneum
3638 4339 3750 4384 erat
3773 4374 3788 4396 ,

2222 4423 2278 4466 ut
2306 4413 2393 4482 qui
2427 4411 2591 4465 semel
2623 4410 2798 4464 datam
2826 4412 2991 4481 legem
3022 4412 3430 4480 adulterass‘ent,
3458 4419 3714 4486 supplicio
3740 4431 3793 4473 et

2221 4502 2403 4556 ultioni
2445 4501 2804 4556 traderentur.
2837 4501 2950 4554 Non
2984 4500 3085 4556 hoc
3112 4512 3290 4557 autem
3325 4505 3516 4559 factum
3561 4517 3670 4571 est;
3699 4512 3790 4563 sed

2219 4607 2468 4647 concessa
2498 4602 2577 4646 est
2601 4591 2924 4656 emendatio,
2958 4602 3008 4647 et
3041 4594 3192 4647 ’venia
3224 4610 3328 4649 non
3358 4595 3555 4660 debita,
3585 4600 3676 4653 sed
3701 4616 3794 4669 per

2219 4683 2635 4739 misericordiam
2668 4685 2722 4737 et
2747 4684 2968 4752 gratiam
3001 4683 3141 4738 data.
3175 4684 3326 4751 Quod
3349 4688 3486 4741 enlm
3515 4688 3564 4741 id
3591 4705 3652 4745 ex
3676 4701 3791 4759 gra-

2222 4775 2288 4827 tia
2320 4784 2370 4828 et
2394 4774 2753 4827 misericordia
2775 4774 3048 4841 prodierit,
3072 4774 3190 4828 audi
3210 4776 3456 4830 David‘em
3485 4779 3748 4834 dicentem
3776 4799 3790 4835 :

2221 4864 2436 4918 Faciens
2484 4866 2855 4918 misericordias
2890 4864 3140 4919 Dominus
3163 4908 3177 4932 ,
3223 4876 3269 4921 et
3284 4870 3537 4937 judicium
3566 4873 3797 4927 omnibus

2218 4956 2456 5026 injuriam
2484 4956 2807 5023 patientibus.
2844 4955 3006 5009 Notas
3042 4959 3158 5026 fecit
3181 4958 3285 5012 vias
3313 4975 3431 5011 suas
3460 4959 3644 5030 Moysi,
3673 4964 3794 5029 ﬁliis

2221 5045 2382 5099 Israel
2410 5047 2687 5099 voluntates
2708 5053 2827 5099 suas
2850 5047 2868 5118 (
2893 5045 3038 5100 Psal.
3072 5047 3193 5101 l02.
3222 5048 3275 5102 6.
3301 5059 3345 5101 et
3365 5045 3398 5101 7
3419 5050 3462 5119 ).
3491 5049 3558 5102 Et
3577 5051 3791 5106 iterum:

2223 5135 2401 5188 Dulcis
2457 5144 2502 5187 et
2541 5147 2707 5187 rectus
2759 5134 3047 5197 Dominus:
3084 5147 3287 5203 propter
3315 5137 3410 5190 hoc
3445 5138 3602 5207 legem
3654 5141 3795 5194 dabit

2220 5226 2616 5295 delinquentibus
2642 5227 2693 5280 in
2721 5227 2800 5279 via
2828 5227 2843 5291 (
2878 5225 3011 5279 Ibid.
3036 5226 3125 5279 ει.
3158 5226 3190 5280 8
3212 5228 3257 5295 ).

2285 5403 2299 5434 ³
2340 5407 2448 5448 Post
2471 5399 2605 5456 illud,
2630 5396 2775 5447 miser
2790 5396 2893 5458 eda,
2920 5384 3083 5445 Morel.
3111 5403 3161 5445 et
3177 5404 3283 5444 Mss.
3305 5399 3439 5457 pauci
3466 5398 3664 5458 addunt,
3691 5407 3794 5451 um-

2217 5462 2348 5534 ajinte
2378 5451 2712 5522 compunctus;
2739 5451 2956 5507 sed'h'aac
2977 5459 3155 5505 desunt
3180 5458 3225 5505 in
3250 5451 3387 5508 Sa'vil.
3418 5468 3468 5509 et
3490 5464 3535 5509 in
3560 5451 3664 5510 Mss:
3693 5464 3790 5524 plu-

2218 5535 2488 5647 "mstsjuxta
2512 5578 2697 5633 Μητρὶ,
2724 5577 2986 5647 legendum
3022 5587 3185 5647 esset,
3204 5580 3288 5629 sed
3313 5582 3537 5632 sanctitas
3580 5583 3664 5631 Dei
3696 5590 3794 5633 tmn

2216 5642 2457 5692 sanctitati
2479 5649 2653 5689 nostra:
2675 5647 2775 5704 tum
2800 5640 3037 5704 sanctitati
3062 5648 3361 5703 potestatum,
3388 5656 3499 5704 qua:
3536 5655 3684 5704 supra
3708 5658 3790 5693 nos

2218 5711 2341 5765 sunt,
2369 5708 2562 5766 prtestat
2586 5708 2632 5749 et
2651 5697 2901 5749 dissimilis
2924 5709 3012 5750 est.

3396 5795 3436 5853 6
