4370 6306
577 295 639 351 95
948 256 955 262 Ω
1284 296 1336 353 S.
1377 296 1652 354 JOANNIS
1690 292 2162 354 CllleSOSTOMI
2202 297 2512 355 ARCHIEP.
2541 296 3074 364 CONSTANTINOP.
3774 310 3847 367 96

646 420 697 471 5.
740 416 1117 471 Misericordia:
1162 414 1319 485 igitur
1352 425 1407 470 et
1451 415 1851 470 miserationum
1883 422 1937 468 et
1968 413 2154 483 gratia:

580 522 714 575 opus
757 506 887 561 illud
917 517 994 560 est
1017 546 1035 572 ,
1068 505 1236 575 legem
1277 507 1541 575 accipere.
1592 505 1716 560 Ideo
1743 519 1862 559 cum
1893 504 2152 571 dixisset,

577 598 805 651 Gratiam
832 615 924 669 pro
944 598 1127 668 gratia,
1161 596 1532 652 vehementius
1560 597 1575 627 ¹
1609 594 1956 664 magnitudini
1984 594 2154 649 dono-

575 706 691 745 rum
740 691 993 745 insistens
1038 689 1312 759 subjungit
1340 704 1355 743 :
1388 689 1473 743 l7.
1508 686 1615 742 Lea:
1650 703 1740 758 per
1769 687 1995 759 Magum
2034 687 2155 741 data

570 791 676 847 est,
731 781 895 851 gratia
939 790 987 834 et
1032 779 1215 834 veritas
1243 795 1334 848 per
1370 777 1548 832 Iesum
1590 777 1846 833 Clu-istum
1876 776 2013 846 facta
2056 785 2149 831 est.

576 870 759 926 Videte
794 886 952 939 quam
984 869 1194 940 placide
1223 884 1285 925 ac
1307 869 1561 939 paulatim
1592 883 1698 924 uno
1722 869 1889 924 verbo
1916 876 1971 924 et
1997 867 2154 924 Joan-

575 976 673 1016 nes
719 960 959 1030 Baptista
1001 969 1055 1016 et
1087 960 1381 1031 discipulus
1422 960 1488 1016 ad
1539 976 1841 1031 supremam
1880 960 2150 1016 auditores

572 1054 931 1124 cognitionem
972 1052 1197 1109 evehant
1219 1095 1232 1119 ,
1263 1063 1542 1123 postquam
1580 1068 1673 1107 eos
1701 1052 1753 1107 in
1781 1052 2149 1107 humilioribus

569 1149 929 1201 exercitarunt
944 1147 970 1199 τ
992 1144 1085 1202 ille
1108 1160 1337 1215 namque
1356 1154 1633 1216 postquam
1655 1159 1833 1200 secum
1855 1145 2151 1201 contulerat

571 1250 718 1302 eum,
742 1235 832 1304 qui
867 1237 983 1288 sine
1011 1235 1412 1305 comparatione
1439 1248 1627 1289 omnes
1653 1235 1901 1300 excedit,
1932 1235 2010 1289 sic
2034 1234 2150 1304 ejus

571 1335 751 1395 postea
792 1326 1160 1381 excellentiam
1209 1325 1443 1380 ostendit
1489 1324 1713 1381 dicens:
1765 1325 1865 1391 Qui
1909 1334 2026 1378 ante
2069 1340 2150 1378 me

569 1420 734 1488 factus
776 1427 882 1481 est;
914 1416 1105 1471 deinde
1133 1415 1370 1471 subdens
1401 1414 1551 1480 illud,
1587 1412 1739 1469 Prior
1767 1431 1846 1468 me
1881 1423 1991 1468 erat
2013 1431 2032 1468 :
2058 1413 2147 1468 hic

569 1523 695 1562 vero
721 1508 886 1562 multo
912 1508 1089 1577 majus
1118 1507 1384 1576 praestitit,
1414 1508 1588 1562 minus
1623 1516 1797 1562 tamen
1824 1522 1980 1578 quam
2009 1502 2144 1562 Uni-

565 1600 726 1669 geniti
754 1599 982 1669 dignitas
1015 1599 1329 1679 pqstularet.
1364 1598 1480 1654 Non
1512 1601 1657 1654 enim
1682 1599 1872 1653 Joanni
1893 1639 1908 1664 ,
1941 1598 2034 1654 sed
2062 1598 2140 1667 ei,

563 1691 653 1758 qui
681 1689 869 1759 majori
894 1705 1052 1760 quam
1085 1690 1320 1745 Joannes
1347 1690 1486 1760 apud
1515 1689 1732 1744 Iudaeos
1763 1700 1877 1744 erat
1907 1689 2131 1744 admirao

560 1782 719 1847 tiani,
749 1782 913 1854 Moysi
942 1797 1157 1852 nempe,
1184 1784 1356 1852 ipsum
1383 1792 1658 1853 comparat
1683 1783 1887 1849 dicens,
1920 1782 2028 1838 Lex
2056 1801 2145 1854 per

566 1872 800 1944 Moysen:
825 1874 952 1928 data
974 1884 1066 1941 est,
1095 1876 1263 1946 gratia
1290 1884 1337 1930 et
1362 1875 1545 1929 veritas
1573 1892 1661 1945 per
1688 1876 1719 1929 Ι
1727 1892 1864 1930 esum
1889 1874 2141 1930 Christum

564 1970 701 2037 facta
728 1975 820 2020 est.
851 1967 917 2020 Et
941 1965 1062 2020 vide
1098 1965 1457 2037 prudentiam.
1489 1965 1601 2021 Non
1648 1981 2015 2035 personarum,
2044 1967 2140 2023 sed

563 2071 740 2111 rerum
768 2055 1201 2126 disquisitionem
1230 2056 1375 2111 facit.
1403 2056 1533 2111 Nam
1562 2072 1683 2111 cum
1717 2071 1802 2111 res
1828 2058 1955 2127 ipsa:
1986 2057 2141 2127 longe

563 2147 794 2217 majores
819 2147 1335 2213 demonstrarentur,
1366 2148 1672 2203 necessario
1695 2148 1883 2218 ingrati
1915 2149 1990 2203 illi
2012 2163 2139 2203 scn-

556 2239 781 2293 tentiam
823 2250 877 2294 et
905 2241 1212 2309 opinionem
1239 2240 1307 2295 de
1323 2239 1546 2303 Christo
1575 2242 1824 2311 excipere
1849 2241 2136 2298 debebant.

557 2330 696 2385 lem
721 2331 863 2387 enim
880 2332 1210 2403 orera'ipsa,
1235 2348 1352 2402 quae
1371 2333 1569 2387 nullam
1594 2332 1826 2389 habeant
1847 2334 1926 2389 vcl
1954 2335 2138 2404 gratia:

559 2420 644 2475 vel
689 2421 795 2477 odii
844 2421 1205 2491 suspicionem
1231 2461 1247 2487 ,
1288 2422 1690 2489 testiﬁcantur,
1724 2437 1927 2478 certum
1977 2425 2137 2479 etiam

557 2511 955 2581 impudentibus
980 2513 1224 2581 praebent
1252 2511 1526 2568 indicium.
1552 2510 1688 2569 Nam
1727 2515 1901 2586 qualia
1928 2516 2013 2571 illa
2039 2531 2135 2571 au-

557 2613 734 2659 ctores
769 2603 1051 2660 ediderunt
1077 2644 1094 2672 ,
1137 2605 1262 2661 talia
1304 2616 1524 2662 manent
1564 2617 1617 2664 et
1655 2610 1938 2679 conspicua
1969 2618 2133 2666 sunt:

555 2697 902 2767 quamobrem
927 2697 1071 2752 omni
1106 2698 1409 2769 suSpicione
1436 2709 1490 2755 et
1518 2702 1834 2773 exceptione
1862 2702 2032 2773 majus
2057 2713 2138 2759 est

557 2788 771 2844 illorum
807 2790 1189 2847 testimonium.
1222 2792 1600 2849 Animadverte
1629 2803 1805 2849 autem
1833 2810 1989 2864 quam
2016 2811 2134 2851 mo-

553 2880 759 2936 dcstam
782 2879 937 2935 iaciat
963 2883 1415 2953 comparationem
1441 2884 1603 2939 etiam
1626 2884 1766 2953 apud
1792 2884 2132 2941 infirmiores.

552 2970 671 3026 Non
691 2971 831 3027 enim
850 2973 1218 3029 excellentiam
1246 2974 1391 3030 illam
1413 2975 1593 3029 verbis
1612 2975 1840 3043 extollit,
1863 2976 1955 3030 sed
1978 2975 2135 3032 nudis

551 3062 856 3119 nominibus
907 3063 1259 3120 diﬂ‘erentiam
1307 3065 1582 3132 ostendit,
1639 3065 1766 3121 dum
1810 3066 2034 3136 gratiam
2077 3076 2133 3124 et

549 3153 847 3219 veritatem,
878 3153 1001 3224 legi,
1033 3163 1087 3209 et
1117 3154 1253 3210 hanc
1278 3170 1483 3223 vocem,
1516 3155 1679 3210 Facta
1704 3167 1797 3224 est,
1820 3154 1965 3221 huic,
1994 3156 2133 3214 Data

548 3253 655 3308 est,
686 3245 928 3315 opponit.
956 3245 1173 3300 Multum
1204 3255 1382 3301 autem
1433 3255 1517 3302 est
1543 3246 1684 3302 inter
1712 3257 1991 3320 utramque
2015 3249 2129 3307 dis-

546 3337 768 3392 crimen.
797 3336 930 3393 Nam
965 3337 1114 3406 illud,
1138 3337 1273 3393 Data
1296 3347 1388 3407 est,
1422 3338 1648 3395 ministri
1673 3350 1805 3405 erat,
1830 3340 1917 3412 qui
1939 3343 2005 3397 ab
2023 3340 2130 3400 alio

545 3438 825 3499 acceptum
851 3427 998 3483 dedit
1019 3429 1211 3499 quibus
1228 3430 1407 3500 jussus
1435 3440 1586 3496 erat;
1615 3430 1746 3486 illud
1772 3446 1897 3487 vero
1919 3473 1935 3499 ,
1967 3433 2128 3488 Facta

548 3530 622 3573 est
646 3562 661 3586 ,
692 3523 859 3591 gratia
886 3530 940 3579 et
963 3523 1161 3579 veritas
1185 3565 1200 3591 ,
1247 3524 1407 3596 Regis
1445 3535 1527 3582 est
1571 3526 1659 3597 qui
1704 3543 1824 3583 cum
1868 3537 2127 3598 potestate

546 3620 769 3679 peccata
815 3614 998 3668 omnia
1024 3615 1279 3683 dimittit,
1322 3626 1378 3672 et
1417 3615 1613 3673 donum
1648 3628 1911 3689 praeparat
1948 3637 2124 3677 suum.

544 3702 903 3768 Quamobrem
931 3704 1162 3771 dicebat,
1190 3707 1527 3762 Dimittuntur
1571 3710 1657 3763 tibi
1689 3722 1892 3781 peccata
1920 3711 1939 3784 (
1957 3712 2122 3769 Marc.

543 3793 599 3847 2.
631 3792 686 3865 9)
711 3811 724 3859 ;
744 3804 797 3850 et
826 3810 1054 3864 rursum,
1078 3796 1147 3852 Ut
1170 3809 1335 3853 autem
1354 3801 1524 3855 sciatis
1542 3802 1660 3871 quia
1675 3812 1965 3872 potestatem
1981 3807 2129 3860 habet

551 3888 721 3946 Filius
759 3890 976 3946 hominis
1015 3893 1069 3946 in
1108 3902 1240 3949 terra
1266 3896 1548 3951 dimittendi
1592 3910 1830 3968 peccata,
1866 3902 1938 3955 ait
1975 3919 2127 3973 para-

544 3984 721 4054 lytico:
738 3983 777 4041 S
784 4000 966 4055 urgens
980 3986 1099 4041 tolle
1116 3987 1296 4043 lectum
1312 3997 1470 4055 tuum,
1493 3999 1539 4044 et
1556 3994 1679 4045 vade
1698 3991 1749 4045 in
1765 3992 1968 4047 domum
1986 4004 2125 4049 tuam

526 4075 701 4147 .-(l.bid.
735 4092 781 4132 υ.
816 4077 902 4133 10.
935 4087 980 4131 et
1008 4078 1067 4134 ιι
1103 4077 1145 4149 ).
1179 4079 1367 4136 Viden‘
1394 4082 1663 4150 quomodo
1686 4085 1853 4155 gratia
1888 4100 1981 4155 per
2000 4101 2120 4143 eum

532 4168 673 4221 Διὶςιιὶθ
701 4167 1003 4225 Veritatem
1030 4186 1244 4242 quoque
1269 4171 1411 4228 vide.
1435 4171 1673 4229 Gratiam
1705 4175 1899 4245 igitur,
1928 4186 1982 4232 et
2007 4176 2122 4232 lucc

539 4264 593 4311 et
621 4272 741 4327 qute
767 4256 833 4312 ad
863 4258 1122 4316 latronem
1144 4270 1411 4332 spectant,
1440 4272 1495 4318 et
1525 4262 1858 4334 baptismatis
1879 4265 2079 4322 donum
2100 4308 2117 4336 ,

538 4346 839 4417 et'Spiritus
865 4351 1032 4420 gratia
1047 4366 1148 4421 per
1170 4354 1340 4422 ipsum
1368 4353 1525 4407 data'
1555 4356 1842 4411 ostendunt
1867 4373 1881 4423 ;
1911 4373 2118 4413 necnon

537 4438 641 4492 alia
686 4439 909 4509 plurima
944 4457 957 4492 :
991 4442 1265 4496 veritatem
1314 4452 1491 4497 autem
1546 4444 1876 4501 manifestius
1919 4448 2119 4503 intelli-

548 4542 757 4597 gemus,
785 4529 828 4582 si
854 4528 1046 4598 ﬁguras
1065 4529 1426 4585 didicerimus.
1460 4531 1591 4587 Nam
1618 4550 1737 4603 qua:
1763 4534 1815 4589 in
1843 4535 1991 4592 Novo
2016 4538 2119 4593 Te-

539 4624 810 4671 stamento
834 4615 1193 4686 diSpenSanda
1243 4629 1396 4674 erant
1416 4661 1431 4686 ,
1462 4621 1643 4691 ﬁgura:
1672 4625 1818 4693 prius
1857 4635 1912 4679 ut
1940 4626 2120 4697 ﬁgura:

534 4705 954 4776 descripserant;
975 4707 1217 4764 Christus
1250 4718 1427 4766 autem
1450 4713 1669 4768 veniens
1705 4718 2115 4774 consummavit.

526 4796 729 4855 Paucis
750 4810 878 4867 ergo
899 4796 1097 4867 ﬁguras
1120 4799 1237 4855 illas
1259 4800 1550 4857 videamus.
1577 4802 1761 4875 Neque
1779 4806 1920 4861 enim
1939 4808 2117 4863 omnia

539 4889 628 4944 illa
652 4902 954 4945 recensere
987 4891 1263 4958 pra:seutis
1290 4900 1372 4945 est
1398 4894 1689 4962 temporis;
1721 4910 1753 4950 a
1779 4897 1961 4964 paucis
1998 4913 2117 4968 qua:

538 4983 1186 5052 nuncproieramcattera
1218 4984 1545 5053 intelligetis.
1584 4987 1751 5043 Vultis
1769 4988 1833 5041 ab
1855 4989 1966 5058 ipsa
1996 5004 2117 5060 pas-

536 5073 688 5129 sione
730 5073 1082 5146 incipiamus?
1109 5072 1244 5142 Quid
1288 5074 1363 5129 ait
1404 5074 1571 5146 ﬁgura
1605 5079 1885 5148 :Aceipite
1922 5095 2115 5151 agnum

538 5180 633 5233 per
657 5164 879 5232 domos,
920 5175 976 5222 et
1018 5165 1319 5233 immutate,
1360 5174 1416 5222 et
1461 5167 1616 5222 facite
1661 5178 1718 5221 ut
1758 5172 2017 5241 .praacepit
2060 5178 2119 5227 et

534 5254 717 5309 statuit
766 5254 1020 5312 Dominus
1049 5257 1068 5329 (
1095 5255 1266 5311 Exod.
1311 5254 1398 5312 i2.
1431 5256 1523 5327 5).
1553 5257 1797 5313 Christus
1836 5276 1963 5314 vero
2010 5275 2114 5315 non

535 5346 642 5410 sic;
686 5359 859 5415 neque
900 5346 1041 5402 enim
1071 5347 1309 5418 pnecipit
1358 5347 1458 5403 hoc
1482 5363 1639 5419 agere
1671 5367 1687 5404 :
1714 5349 1808 5405 sed
1839 5350 1950 5418 ipse
1997 5365 2116 5407 sese

536 5435 858 5492 oblationem
887 5446 943 5493 et
971 5437 1195 5494 hostiam
1226 5439 1369 5495 Patri
1396 5438 1570 5495 oﬁ‘ert.

596 5592 615 5654 9
650 5587 788 5654 Alias
816 5587 1016 5654 legitur,
1042 5590 1239 5654 clarius.
1263 5607 1369 5654 pro,
1405 5594 1741 5647 vehementius.

593 5653 617 5687 '
650 5652 902 5723 slc‘Savilf,
930 5661 984 5723 et
1014 5652 1537 5723 plttrinti_LtSS.;'atort-l.
1562 5672 1679 5709 vero
1712 5658 1893 5720 habet,
1920 5665 1965 5708 et
1995 5655 2116 5723 ﬁlio-

531 5736 642 5775 rum
665 5716 860 5781 αιιομιὲο
876 5715 1117 5780 ιιοῡὶερει·
1139 5716 1365 5781 Spiritum
1391 5722 1518 5769 (trra.

2338 414 2392 468 4.
2439 416 2566 472 Vide
2594 433 2701 488 quo
2728 432 2882 489 pacto
2911 421 3073 490 ﬁgura
3103 431 3201 492 per
3226 418 3460 496 Moyscm
3490 427 3613 481 data
3639 428 3727 490 sit.
3753 447 3845 487 ve-

2264 504 2393 558 ritas
2419 514 2594 567 autem
2627 524 2724 577 per
2742 509 2926 564 .lesum
2947 510 3218 566 Christum
3247 513 3383 568 facta
3425 517 3516 570 sit.
3542 519 3607 573 Et
3632 535 3843 577 rursum

2261 594 2313 649 in
2343 605 2527 651 monte
2555 596 2703 665 Sina,
2732 614 2854 654 cum
2891 602 3203 657 Amalecitre
3231 614 3418 660 contra
3449 606 3706 665 llebrteos
3749 628 3846 680 pn-

2256 701 2415 756 gnam
2438 690 2854 757 committerent,
2900 706 3090 748 manus
3116 693 3311 765 Moysis
3355 696 3424 751 ab
3450 698 3662 754 Aarone
3685 711 3739 755 et
3768 702 3844 757 Οι-

2260 778 2509 849 utrinque
2531 791 2767 837 extensa:
2787 784 3223 852 sustinebantur;
3250 787 3499 845 Christus
3527 801 3702 848 autem
3727 798 3844 864 ipse

2258 884 2353 938 per
2374 884 2495 926 sese
2519 886 2708 928 manus
2735 882 2984 928 extensus
3003 876 3170 930 tenuit
3199 876 3253 931 in
3281 893 3461 934 cruce.
3495 880 3680 937 Viden‘
3707 900 3842 954 quo-

2255 960 2414 1015 modo
2440 961 2604 1031 ﬁgura
2634 962 2777 1028 data,
2815 966 3010 1021 veritas
3035 976 3212 1022 autem
3237 969 3373 1025 facta
3398 970 3502 1025 sit?
3528 972 3732 1029 Rursus
3753 975 3841 1029 lex

2252 1050 2486 1118 dicebat,
2511 1052 2818 1108 Maledictus
2847 1057 3011 1110 omnis
3053 1058 3140 1126 qui
3180 1076 3284 1113 non
3323 1071 3488 1115 manet
3523 1063 3574 1116 in
3622 1064 3686 1117 iis
3725 1080 3843 1136 qua

2252 1142 2442 1211 scripta
2465 1146 2655 1197 suntin
2688 1144 2815 1198 libro
2847 1146 2941 1199 hoc
2986 1147 3161 1216 (Deut.
3196 1149 3287 1214 27,
3325 1150 3455 1219 26);
3497 1154 3662 1223 gratia
3709 1170 3840 1210 vero

2251 1233 2376 1302 quid
2403 1233 2570 1288 dicit?
2606 1233 2779 1290 Venite
2798 1237 2867 1290 ad
2894 1253 2973 1291 me
2999 1255 3173 1293 onmes
3190 1242 3275 1310 qui
3300 1242 3548 1297 laboratis
3571 1254 3619 1298 et
3639 1249 3841 1299 mter-uti

2251 1323 2388 1387 estis,
2426 1333 2473 1377 et
2511 1340 2602 1394 ego
2641 1326 2866 1397 reﬁciam
2902 1343 2987 1382 vos
3030 1328 3240 1398 (Matth.
3272 1331 3359 1386 11.
3393 1333 3516 1404 28);
3545 1344 3599 1389 et
3619 1335 3835 1400 Paulus,

2252 1410 2482 1467 Christus
2508 1430 2597 1468 nos
2612 1415 2818 1469 redemit
2839 1416 2902 1471 de
2922 1418 3188 1473 maledicto
3220 1418 3363 1492 legis,
3386 1422 3553 1490 factus
3576 1440 3668 1493 pro
3694 1425 3837 1479 nobis

2249 1503 2569 1561 maledictum
2600 1506 2741 1581 (Gal.
2783 1510 2837 1564 5.
2873 1511 2984 1580 i3).
3037 1512 3168 1579 Quia
3220 1514 3564 1584 igiturttanta
3611 1515 3836 1571 fruimur

2246 1600 2416 1669 gratia
2451 1612 2504 1654 et
2529 1601 2773 1668 veritate,
2803 1602 3030 1658 obsecro
3058 1620 3124 1659 ne
3167 1614 3385 1675 propter
3412 1607 3539 1662 doni
3571 1610 3836 1679 magnitu-

2250 1691 2429 1746 dinem
2461 1693 2736 1761 segniores
2761 1693 3070 1748 evadamus.
3108 1694 3317 1763 Quanto
3344 1699 3532 1766 majori
3564 1699 3705 1752 enim
3747 1700 3832 1752 di—

2245 1784 2389 1851 gnati
2404 1796 2590 1837 sumus
2615 1782 2842 1850 honore,
2865 1792 3012 1837 tanto
3029 1785 3285 1855 majorem
3301 1787 3554 1843 virtutem
3577 1788 3833 1843 exhibere

2249 1880 2508 1927 tenemur.
2536 1872 2666 1926 Nam
2693 1875 2781 1944 qui
2810 1874 2984 1942 parvis
3005 1875 3238 1944 acceptis
3264 1876 3537 1931 beneficiis
3563 1893 3723 1946 parva
3747 1893 3834 1932 re.

2246 1961 2446 2027 tulerit,
2480 1976 2585 2016 non
2629 1977 2798 2033 usque
2839 1963 2975 2019 adeo
3014 1964 3310 2033 culpandus
3335 1976 3450 2021 est:
3483 1968 3571 2037 qui
3603 1983 3731 2023 vero
3760 1969 3829 2022 ad

2243 2065 2552 2121 supremum
2583 2053 2802 2108 honoris
2829 2054 3042 2110 cuhnen
3075 2056 3336 2122 ascendit,
3385 2066 3678 2129 posteaque
3705 2060 3828 2116 vilia

2243 2142 2539 2213 exiguaque
2582 2144 2848 2215 rependit,
2895 2145 3052 2214 longe
3080 2146 3267 2217 majori
3311 2149 3416 2203 erit
3459 2150 3721 2221 supplicio
3748 2154 3832 2209 di-

2242 2251 2398 2307 gnus.
2432 2237 2538 2292 Sed
2583 2237 2743 2306 absit,
2776 2253 2845 2294 ne
2887 2237 2955 2293 de
2983 2239 3132 2294 vobis
3161 2239 3284 2294 talia
3313 2255 3565 2312 umquam
3590 2244 3830 2314 suspice-

2242 2342 2384 2381 mur.
2407 2326 2738 2384 Conﬁdimus
2758 2328 2903 2383 enim
2927 2328 2981 2383 in
3010 2329 3255 2397 Domino,
3282 2345 3377 2386 vos
3397 2333 3602 2389 animas
3621 2345 3830 2393 vestras

2242 2433 2430 2474 versus
2456 2418 2643 2474 caelum
2666 2433 2763 2474 ceu
2789 2420 2891 2475 alis
2913 2420 3228 2491 quibusdam
3256 2422 3531 2488 extulisse,
3556 2433 3609 2480 et
3632 2440 3663 2480 a
3687 2435 3827 2482 terra

2243 2508 2590 2578 abstraxisse,
2621 2523 2686 2566 ac
2714 2510 2842 2565 dum
2873 2510 2925 2565 in
2951 2510 3153 2567 mundo
3202 2513 3512 2580 versamini,
3557 2516 3826 2572 mundana

2242 2617 2347 2655 non
2379 2610 2626 2657 tractare.
2660 2591 2907 2657 Attamen
2935 2602 3059 2658 licet
3090 2603 3178 2657 tali
3208 2603 3451 2659 instructi
3479 2605 3690 2675 ﬁducia,
3718 2623 3826 2664 non

2241 2706 2514 2747 cessamus
2541 2707 2637 2747 vos
2664 2690 2973 2762 frequenter
2987 2693 3056 2748 de
3081 2693 3268 2749 iisdem
3288 2695 3673 2765 ipsismonere.
3691 2697 3822 2755 Nam

2239 2792 2296 2839 et
2320 2783 2372 2838 in
2398 2785 2635 2841 externis
2661 2784 2765 2839 illis
2794 2785 3174 2841 certaminibus
3205 2801 3312 2841 non
3356 2797 3673 2857 prostratos,
3715 2806 3823 2846 non

2239 2875 2459 2945 supinos
2483 2876 2747 2947 jacentes,
2779 2875 2874 2931 sed
2899 2885 3166 2942 strenuos,
3200 2888 3500 2945 currentes,
3542 2878 3826 2937 hortantur

2240 2976 2571 3037 spectatores
2591 2982 2798 3023 omnes.
2829 2966 2956 3023 lllos
2976 2969 3118 3023 enim
3139 2968 3305 3023 semel
3331 2984 3361 3024 a
3391 2970 3611 3026 victoria
3636 2972 3822 3027 excluo

2238 3070 2348 3123 sos,
2379 3058 2470 3128 qui
2503 3058 2651 3113 nullo
2682 3059 2888 3129 possint
2919 3059 3131 3113 hortatu
3160 3061 3290 3115 moti
3312 3076 3554 3133 surgere,
3584 3079 3650 3120 ne
3684 3079 3822 3121 vane

2238 3147 2502 3216 laborent,
2548 3148 2731 3204 sinunt
2758 3148 3015 3205 decussos
3039 3149 3256 3219 jacere:
3287 3150 3374 3207 hic
3403 3135 3585 3208 autem
3618 3170 3722 3208 non
3749 3155 3819 3211 de

2236 3243 2388 3301 vobis
2417 3243 2576 3299 modo
2605 3244 2693 3315 qui
2729 3244 2979 3315 vigilatis,
3008 3244 3103 3301 sed
3129 3246 3289 3299 etiam
3315 3245 3382 3301 de
3405 3246 3470 3301 iis
3486 3247 3574 3318 qui
3598 3248 3818 3318 collapsi

2234 3343 2380 3403 sunt,
2427 3343 2510 3391 est
2549 3335 2749 3406 aliquid
2779 3334 3124 3405 sperandum,
3173 3335 3219 3391 si
3270 3335 3586 3407 resipiscere
3629 3338 3813 3395 velint.

2233 3425 2593 3494 Quamobrem
2619 3424 2753 3480 nihil
2783 3440 2887 3480 non
2918 3424 3145 3495 agimus,
3194 3435 3465 3497 rogantes,
3519 3427 3814 3494 hortantes,

2231 3518 2636 3590 exprobrantes,
2667 3519 3027 3588 increpantes,
3057 3517 3357 3581 laudantes,
3389 3527 3446 3573 ut
3473 3529 3702 3575 vestram
3725 3537 3814 3576 sa-

2232 3609 2398 3665 lutem
2425 3622 2730 3679 operemur.
2756 3607 2831 3663 Ne
2859 3608 3035 3678 itaque
3056 3608 3471 3678 frequentiorem
3500 3609 3565 3665 ad
3591 3611 3811 3680 probam

2232 3699 2392 3753 vitam
2418 3698 2775 3753 hortationem
2804 3713 2945 3768 aegre
2974 3692 3178 3753 fEratis.
3211 3696 3326 3755 Non
3357 3701 3498 3754 ettim
3528 3701 3598 3754 ita
3630 3702 3812 3772 loqui-

2232 3806 2352 3844 mur
2376 3799 2433 3844 ut
2460 3805 2556 3845 vos
2585 3791 2634 3843 in
2660 3788 2880 3844 desidia:
2907 3789 3111 3846 crimen
3134 3806 3407 3853 vocemus,
3431 3792 3523 3847 sed
3559 3793 3691 3848 bona
3717 3809 3811 3864 spe

2230 3882 2343 3936 fulti
2368 3896 2669 3938 monemus.
2692 3881 2872 3952 Neque
2897 3881 2964 3936 ad
2988 3896 3083 3936 vos
3103 3882 3298 3948 solum,
3329 3883 3421 3937 sed
3445 3883 3510 3938 ad
3530 3900 3625 3938 nos
3649 3887 3808 3940 etiam

2228 3982 2472 4046 spectant
2497 3983 2551 4030 et
2578 3974 2691 4028 haec
2712 3984 2766 4029 et
2790 3990 2909 4045 qua:
2949 3983 3132 4043 postea
3181 3973 3460 4031 dicentur:
3487 3973 3683 4031 etenim
3712 3991 3809 4031 nos

2229 4081 2440 4137 quoque
2471 4064 2570 4121 hac
2598 4080 2817 4136 egemus
2854 4064 3115 4121 doctrina.
3159 4065 3383 4121 Etiamsi
3427 4068 3570 4121 enim
3599 4084 3628 4122 a
3656 4069 3808 4123 nobis

2227 4158 2492 4223 dicantur,
2520 4156 2648 4211 nihil
2681 4164 2858 4211 tamen
2889 4165 3032 4212 vetat
3060 4157 3348 4226 quominus
3379 4157 3493 4213 haec
3522 4174 3621 4214 nos
3647 4161 3805 4215 etiam

2227 4253 2510 4325 attingant.
2538 4252 2730 4308 Sermo
2760 4267 2989 4322 namque
3020 4252 3251 4321 peccatis
3295 4251 3584 4306 obnoxium
3633 4253 3804 4307 corri—

2226 4344 2331 4415 git;
2363 4345 2589 4415 probum
2633 4359 2762 4399 vero
2800 4358 2864 4398 ac
2902 4342 3108 4398 scelere
3149 4357 3376 4397 vacuum
3404 4343 3471 4399 ab
3499 4358 3565 4398 eu
3599 4343 3805 4414 longius

2226 4438 2459 4493 adducit.
2488 4438 2670 4507 Neque
2695 4437 2834 4490 enim
2855 4450 2994 4490 nosa
3023 4437 3254 4505 peceatis
3283 4436 3397 4504 puri
3425 4437 3807 4491 sumus.Com-

2225 4529 2400 4584 munis
2424 4536 2508 4581 est
2531 4527 2815 4593 medicina,
2849 4527 3083 4582 remedia
3128 4528 3374 4581 omnibus
3416 4538 3682 4596 prostant;
3711 4528 3802 4583 scd

2225 4619 2432 4672 curatio
2455 4632 2558 4671 non
2587 4616 2887 4672 communis
2917 4626 3020 4684 est,
3050 4617 3177 4671 licet
3202 4632 3327 4672 usus
3357 4618 3687 4687 singulorum
3714 4633 3804 4673 ar-

2227 4707 2386 4761 bitrio
2429 4706 2786 4776 permittatur.
2830 4707 3164 4776 Quapropter
3193 4707 3235 4761 is
3276 4708 3366 4776 qui
3401 4716 3453 4761 ut
3484 4722 3580 4777 par
3606 4717 3687 4763 est
3719 4723 3802 4763 rc-

2226 4796 2405 4852 medio
2432 4799 2613 4863 utitur,
2640 4798 2996 4851 valetudinem
3027 4806 3338 4866 recuperat;
3364 4797 3451 4867 qui
3489 4798 3690 4852 vulneri
3718 4814 3803 4853 rc-

2225 4888 2459 4943 medium
2505 4904 2611 4942 non
2658 4888 2923 4951 admovet,
2957 4888 3153 4943 malum
3185 4898 3364 4957 auget,
3396 4897 3450 4942 et
3479 4888 3544 4943 ad
3575 4888 3803 4943 deterio-

2225 4995 2339 5035 rem
2358 4980 2517 5033 ﬁnem
2541 4978 2731 5048 vergit.
2752 4978 2827 5032 Ne
2845 4979 3023 5048 itaque
3043 4978 3360 5034 medicinam
3389 4993 3530 5049 :rgrc
3549 4978 3801 5045 feramus;

2225 5072 2333 5127 imo
2364 5073 2536 5142 potius
2562 5071 2908 5142 gaudeamus,
2953 5072 2999 5125 si
3040 5071 3295 5125 doctrina:
3327 5072 3516 5126 modus
3555 5073 3801 5127 acerbum

2226 5164 2414 5217 inierat
2444 5162 2682 5216 dulozem
2711 5179 2723 5213 :
2759 5176 2878 5215 nam
2909 5161 3281 5214 suavissimum
3313 5170 3493 5229 postea
3524 5163 3677 5215 nobis
3695 5162 3805 5215 fru-

2226 5267 2369 5308 etum
2402 5254 2606 5307 afferet.
2638 5252 2776 5306 Nihil
2809 5254 2873 5305 ad
2904 5251 3004 5305 hoc
3029 5267 3131 5304 non
3154 5266 3392 5320 agamus,
3423 5259 3481 5305 ιιι
3508 5268 3535 5303 a
3564 5252 3727 5322 plagis
3752 5265 3804 5308 et

2225 5344 2556 5408 vulneribus,
2587 5360 2705 5412 qua:
2736 5343 2938 5413 peccati
2971 5341 3380 5395 dt'lllCS‘ﬂltitllII}
3426 5341 3685 5411 infligunt,
3738 5342 3802 5394 li-
3838 5406 3843 5417 _

2225 5435 2359 5499 beri,
2409 5434 2473 5488 ad
2524 5442 2778 5488 mternattt
2825 5434 2982 5488 vitam
3037 5433 3465 5503 proficiscamur;
3516 5442 3571 5485 ut
3608 5434 3802 5486 Christi

2224 5537 2513 5595 conspectu
2539 5524 2704 5594 digni,
2730 5540 2795 5578 ne
2824 5524 3102 5578 ultricibus
3122 5522 3547 5591 immanibusque
3571 5532 3802 5590 potcs‘ta-

2226 5618 2365 5672 tibus
2397 5617 2486 5671 illo
2514 5616 2600 5671 die
2630 5615 2920 5680 tradantur,
2948 5614 3041 5670 sed
3074 5614 3175 5669 illis
3200 5627 3317 5681 qua:
3339 5628 3436 5667 nos
3457 5612 3523 5665 ad
3548 5613 3799 5666 eat-lorum

2228 5710 2577 5766 hereditatem
2605 5708 2874 5779 inducant,
2906 5725 3023 5780 quae
3052 5715 3344 5780 purpurata
3370 5705 3433 5758 iis
3460 5716 3537 5759 est
3567 5706 3655 5775 qui
3677 5704 3795 5758 diii-
