4068 6136
361 316 430 371 97
608 322 611 325 ’
1411 310 1474 363 IN
1513 307 1829 365 JOANNEM
1884 306 2121 363 HOMIL.
2160 306 2277 362 XV.
2315 305 2384 358 al.
2424 303 2561 359 XIV.
3531 304 3617 360 93.

361 442 495 502 gunt
539 430 689 484 illum
725 446 740 482 :
778 445 940 500 quam
989 429 1191 482 utinam
1242 443 1341 481 nos
1386 443 1575 482 omnes
1625 441 1930 497 consequa-

365 536 502 585 mur,
528 519 702 591 gratia
735 527 788 575 et
820 519 1146 590 benignitate
1179 517 1388 573 Domini
1417 518 1589 574 nostri
1618 517 1745 574 Jesu
1770 517 1929 573 Chri-

2039 425 2132 491 sti,
2166 425 2253 480 cui
2297 426 2468 496 gloria
2512 431 2578 478 et.
2613 421 2894 492 imperium
2928 422 2981 475 in
3030 422 3226 477 saecula
3258 420 3607 477 sateulorum.

2036 516 2228 572 Amen.

358 636 3614 664 ._____________________________________________________.___.._

1664 723 2010 787 HOMILIA
2034 720 2195 782 ‘XV.

359 863 439 917 t8.
471 861 639 918 Deum
665 880 807 918 nemo
842 864 964 918 vidit
990 882 1229 936 umquam
1253 882 1269 920 :
1297 866 1597 938 Unigenitus
1629 864 1812 933 Filius,
1851 867 1936 937 qui

675 963 746 1008 est
775 955 827 1008 in
851 955 964 1009 sinu
992 954 1191 1023 Patris,
1213 957 1321 1026 ipse
1345 958 1616 1011 enarravit.

434 1048 487 1104 1.
526 1045 642 1100 Non
671 1060 732 1100 ea
763 1055 844 1100 est
887 1046 979 1101 Dei
1032 1046 1302 1112 Voluntas,
1334 1055 1391 1100 ut
1432 1060 1599 1101 sacra:
1647 1046 1936 1117 Scripturze

364 1139 572 1195 nomina
605 1147 807 1192 tantum
839 1146 894 1192 et
923 1138 1079 1193 verba
1104 1137 1401 1204 audiamus,
1428 1138 1519 1194 sed
1547 1147 1602 1192 ut
1623 1154 1744 1193 cum
1773 1139 1937 1193 multa

366 1231 641 1301 prudentia
672 1231 1049 1302 intelligamus.
1074 1228 1198 1285 Ideo
1226 1231 1414 1286 beatus
1436 1230 1597 1284 David
1625 1231 1939 1301 plerumque

369 1325 445 1378 sic
472 1323 715 1378 Psalmos
738 1336 866 1378 suos
897 1321 1167 1391 inscripsit
1193 1362 1207 1384 ,
1241 1318 1305 1374 In
1333 1319 1636 1375 intellectum
1661 1362 1674 1386 ,
1704 1327 1759 1373 et
1788 1320 1937 1375 dice-

370 1414 456 1467 bat
484 1428 498 1464 :
533 1410 718 1466 Revela
744 1412 917 1465 oculos
946 1426 1101 1474 meos,
1148 1418 1197 1464 et
1231 1409 1560 1464 considerabo
1601 1409 1854 1463 mirabilia
1879 1410 1942 1463 de

366 1504 471 1574 tege
493 1511 581 1556 tua
604 1501 777 1571 (Psal.
811 1503 934 1559 118.
965 1503 1078 1573 IS).
1112 1502 1237 1557 Post
1257 1503 1431 1571 ipsum
1456 1500 1593 1556 Illius
1622 1500 1735 1572 ejus
1764 1502 1939 1568 docet,

369 1593 688 1662 sapientiam
731 1593 883 1663 quasi
929 1602 1206 1662 argentum
1232 1590 1617 1661 exquirendum
1646 1607 1802 1658 esse;
1836 1593 1943 1647 imo

371 1686 649 1755 plusquam
680 1699 868 1738 aurum
894 1684 1306 1753 comparandam
1327 1683 1346 1754 (
1370 1681 1523 1738 Prov.
1557 1683 1644 1738 16.
1677 1682 1805 1751 16).
1838 1682 1942 1738 Do-

371 1776 543 1831 minus
564 1791 693 1830 vero
716 1775 928 1831 Judmos
955 1775 1197 1830 hortatur
1223 1816 1237 1842 ,
1267 1787 1324 1829 ut
1347 1784 1651 1831 scrutentur
1699 1775 1942 1845 Scriptuo

373 1882 478 1934 ras,
509 1867 575 1922 ad
602 1868 968 1936 majoremque
999 1881 1097 1922 nos
1131 1865 1331 1920 inducit
1359 1866 1818 1936 perquisitionem.
1840 1865 1945 1921 Ne-

369 1976 470 2032 que
517 1962 662 2015 enim
707 1961 785 2015 sic
827 1960 1075 2029 loquutus
1123 1958 1327 2022 fuisset,
1370 1957 1414 2013 si
1465 1957 1642 2013 statim
1689 1974 1720 2012 a
1774 1958 1944 2028 prima

370 2053 597 2109 lectione
623 2052 738 2107 haec
763 2051 983 2121 intelligi
1035 2060 1269 2120 possent.
1302 2049 1457 2116 Quod
1491 2051 1633 2103 enim
1686 2050 1738 2103 in
1770 2049 1947 2104 medio

372 2144 596 2213 positum
628 2144 813 2198 statim
836 2143 1142 2213 percipitur,
1171 2154 1330 2197 nemo
1355 2149 1619 2195 scrutatus
1637 2140 1790 2195 luerit
1814 2155 1826 2202 ;
1851 2138 1944 2194 sed

371 2234 421 2289 id
450 2242 653 2289 tantum
685 2233 823 2303 quod
855 2232 1137 2288 obscurum
1167 2240 1248 2286 est
1273 2240 1327 2286 et
1355 2230 1522 2284 multo
1543 2239 1661 2300 eget
1678 2230 1944 2285 examine.

371 2325 494 2381 Ideo
519 2325 826 2379 thesaurum
850 2321 1219 2377 absconditum
1239 2322 1544 2391 Scriptores
1567 2335 1687 2376 esse
1712 2320 1860 2387 dicit,
1892 2328 1949 2375 ut

372 2419 437 2473 ad
468 2416 865 2488 inquisitionem
886 2430 985 2470 nos
1010 2415 1230 2469 excitet.
1271 2413 1396 2468 Iimc
1436 2421 1614 2468 autem
1649 2411 1769 2467 ideo
1806 2411 1948 2466 dixi-

373 2522 513 2573 mus,
544 2514 606 2562 ut
646 2520 716 2561 ne
761 2505 936 2560 obiter
971 2512 1027 2559 et
1065 2503 1428 2573 perfunctorie
1473 2501 1762 2571 Scriptura:
1788 2500 1948 2557 verba

371 2597 761 2669 aggrediamur,
782 2595 876 2649 sed
906 2608 1027 2649 eum
1055 2592 1392 2647 aecuratione
1407 2590 1590 2645 multa.
1616 2591 1671 2646 Si
1690 2590 1948 2661 quispiam

371 2690 514 2745 enim
539 2690 657 2743 sine
682 2686 928 2744 examine
948 2684 1063 2755 ejus
1090 2684 1228 2738 dicta
1260 2682 1459 2749 audiat,
1481 2690 1537 2737 et
1560 2682 1734 2736 omnia
1761 2695 1950 2736 secun-

371 2781 739 2834 dumlitteram
769 2778 1021 2847 accipiat,
1037 2775 1264 2832 absurda
1295 2776 1459 2829 multa
1491 2775 1559 2829 de
1590 2774 1697 2829 Deo
1718 2773 1951 2842 suspica-

376 2869 536 2924 bitur.
561 2868 878 2944 Nam’illum
923 2866 1197 2922 hominem
1237 2878 1377 2931 esse,
1410 2872 1464 2919 et
1498 2877 1727 2929 aeneum,
1751 2864 1953 2917 iracun-

372 2960 521 3025 dum,
567 2958 911 3014 furibundum
947 2957 1171 3027 putabit,
1217 2963 1270 3011 et
1320 2957 1402 3011 his
1438 2955 1702 3010 deteriora
1750 2954 1818 3009 de
1859 2954 1952 3009 illo

371 3053 621 3122 dogmata
651 3050 899 3120 excipiet.
933 3049 989 3104 Si
1027 3063 1153 3104 vero
1198 3045 1510 3117 profundam
1556 3046 1670 3116 ejus
1716 3053 1949 3101 mentem

375 3140 676 3204 edidicerit,
691 3138 937 3195 absurdis
963 3137 1262 3208 lmjusmodi
1293 3135 1633 3205 opinionibus
1671 3134 1802 3189 liber
1826 3135 1948 3189 erit.

373 3234 505 3290 Nam
528 3233 591 3289 in
614 3232 714 3286 hac
739 3230 1006 3301 preposita
1034 3230 1260 3285 lectione
1279 3229 1418 3283 Deus
1445 3229 1638 3282 dicitur
1661 3227 1834 3282 sinam
1859 3226 1953 3279 ha-

375 3329 521 3389 bere,
575 3321 720 3393 quod
762 3331 846 3377 est
887 3320 1200 3389 corporibus
1241 3317 1535 3388 proprium.
1575 3318 1645 3371 At
1679 3330 1837 3371 nemo
1880 3316 1951 3369 ita

370 3417 565 3471 stultus
590 3421 694 3480 est,
724 3423 775 3466 ut
804 3413 1171 3480 incorporeum
1192 3422 1387 3478 corpus
1413 3421 1533 3463 esse
1560 3416 1724 3476 putet.
1758 3405 1824 3462 Ut
1850 3406 1951 3459 ita-

370 3523 475 3579 que
502 3506 686 3563 omnia
715 3504 975 3574 spirituali
1005 3517 1167 3558 sensu
1212 3500 1569 3570 percipiamus
1594 3539 1609 3565 ,
1654 3512 1751 3569 age
1795 3497 1952 3552 altius

372 3602 513 3657 hunc
528 3601 705 3654 locum
734 3597 1087 3666 exploremus.
1114 3594 1272 3648 Deum
1296 3608 1439 3647 uenio
1455 3592 1576 3646 vidit
1592 3606 1845 3661 umquam.
1871 3588 1952 3644 Ex

371 3706 475 3763 qua
503 3688 636 3746 illud
681 3687 1062 3756 consequentia
1104 3684 1426 3754 evangelista
1469 3682 1636 3737 dicit?
1669 3682 1952 3750 Postquam

370 3781 683 3839 ostenderat
707 3787 905 3833 tantam
948 3777 1089 3832 illam
1119 3776 1377 3831 donorum
1409 3773 1602 3830 Christi
1631 3772 1950 3843 magnitudi-

374 3890 515 3938 nem,
540 3881 596 3927 et
637 3884 798 3941 quam
845 3870 1105 3924 immenso
1136 3867 1251 3921 haec
1285 3866 1592 3921 discrimine
1630 3864 1716 3919 illa
1759 3877 1877 3933 qua:
1920 3876 1951 3916 a

373 3966 555 4035 Itoyse
592 3962 899 4030 dispensata
946 3957 1159 4014 fuerant
1206 3965 1538 4026 superarent,
1580 3955 1691 4009 vult
1737 3954 1951 4009 demum

370 4061 787 4111 consentaneum
827 4048 1138 4106 differentia
1171 4062 1386 4102 causam
1416 4045 1645 4116 aperire.
1674 4045 1769 4100 Ille
1808 4044 1950 4100 enim

372 4160 561 4203 servus
589 4158 713 4200 cum
738 4150 921 4208 esset,
971 4140 1309 4196 humiliorem
1349 4154 1523 4193 rerum
1554 4138 1797 4193 minister
1818 4137 1947 4203 fuit;

374 4239 460 4293 hic
484 4252 612 4292 vero
639 4234 913 4296 Dominus,
949 4247 1042 4286 rex
1066 4272 1080 4295 ,
1133 4231 1273 4301 regis
1318 4229 1519 4296 Filius,
1557 4229 1714 4299 longe
1748 4229 1949 4298 majora

375 4328 527 4384 nobis
553 4325 752 4391 attulit,
778 4324 868 4394 qui
897 4337 1018 4378 cum
1052 4330 1200 4392 patre
1228 4335 1440 4390 semper
1464 4329 1547 4375 est
1572 4329 1627 4375 et
1655 4320 1802 4374 videt
1826 4334 1948 4375 eum

372 4428 652 4491 perpetuo.
681 4416 966 4485 Propterea
985 4412 1101 4468 haec
1121 4412 1314 4478 intulit,
1343 4410 1507 4464 Deum
1533 4426 1677 4464 nemo
1699 4410 1819 4462 vidit
1839 4426 1953 4463 uni-

374 4527 544 4579 quam.
576 4507 717 4575 Quid
758 4521 887 4577 ergo
911 4506 1151 4561 dicemus
1171 4503 1508 4560 vocalissimo
1531 4503 1679 4557 Isaiae
1706 4501 1902 4557 dicenti
1934 4522 1946 4559 :

386 4599 497 4653 Vidi
517 4598 797 4653 Dominum
816 4596 1067 4650 sedentem
1082 4610 1234 4665 super
1257 4593 1437 4648 saliunt
1457 4593 1705 4647 excelsum
1723 4602 1771 4647 et
1783 4592 1950 4646 eleva-

374 4691 513 4761 tum(
544 4689 675 4745 Isai.
708 4690 760 4744 ϐ.
786 4690 812 4744 1
847 4689 904 4758 )?
934 4687 1061 4757 quid
1091 4686 1280 4742 Joanni
1309 4686 1610 4740 testiﬁcanti
1634 4686 1802 4756 ipsum
1836 4685 1951 4740 hmo

372 4781 592 4845 dixisse,
621 4778 835 4849 quando
863 4777 995 4831 vidit
1032 4776 1252 4846 gloriam
1280 4775 1437 4845 ejus?
1473 4774 1598 4845 quid
1645 4774 1951 4830 Ezechieli?

375 4886 495 4925 nam
516 4881 573 4925 et
594 4871 711 4939 ipse
745 4883 908 4939 super
953 4866 1244 4922 Cheruhim
1285 4866 1559 4921 sedentem
1605 4866 1752 4919 illum
1776 4865 1949 4920 vidit:

374 4963 498 5032 quid
521 4962 752 5029 Danieti,
783 4962 873 5032 qui
903 4970 957 5015 et
986 4960 1099 5029 ipse
1134 4959 1294 5023 dicit,
1326 4960 1575 5030 Antiquas
1605 4960 1799 5013 dierum
1824 4960 1949 5015 sedit

373 5054 534 5120 (Dan.
565 5055 620 5107 Ἰ.
643 5051 745 5124 9)?
773 5051 900 5122 quid
921 5060 975 5105 et
998 5050 1097 5119 ipsi
1124 5049 1290 5129 Moysi
1319 5049 1536 5115 dicenti,
1573 5050 1794 5105 Ostende
1830 5051 1952 5104 milii

372 5142 587 5213 glorians
613 5151 776 5208 tuam,
806 5150 862 5195 ut
888 5140 1153 5209 manifeste
1187 5140 1385 5194 videam
1413 5149 1460 5194 te
1485 5139 1677 5210 (Exod.
1705 5143 1788 5197 '55.
1826 5143 1951 5212 15)?

368 5232 533 5290 Jaeob
562 5247 693 5289 vero
719 5231 847 5286 hinc
872 5231 1281 5301 appellationem
1324 5235 1547 5301 accepit,
1594 5233 1753 5288 Israel
1789 5248 1948 5287 voca-

370 5333 456 5379 tas
485 5342 500 5378 :
530 5323 697 5379 Israel
724 5323 891 5387 enim,
921 5321 1107 5378 videns
1136 5323 1325 5389 Deum,
1371 5323 1653 5393 signiﬁcat.
1686 5324 1787 5378 Alii
1818 5339 1951 5393 quo-

364 5430 473 5484 que
496 5415 673 5486 ipsum
701 5413 970 5469 viderunt.

440 5506 581 5562 Deus
609 5505 891 5561 secundum
916 5504 1105 5559 nudum
1146 5504 1471 5560 substantiam
1517 5522 1549 5557 a
1585 5509 1782 5558 nemine
1817 5501 1947 5558 visus

365 5607 461 5651 est.
491 5627 564 5640 —
592 5597 737 5665 Quid
777 5612 907 5666 ergo
931 5596 1164 5652 Joannes
1191 5598 1287 5662 ait,
1321 5596 1482 5650 Deum
1507 5614 1651 5651 nemo
1682 5598 1802 5650 vidit
1831 5614 1944 5649 um-

363 5685 560 5756 quam?
615 5686 681 5744 Ut
735 5685 1040 5742 ostenderet
1096 5688 1182 5742 illa
1228 5688 1404 5744 omnia
1451 5690 1940 5759 attcinpcratiouem

2043 862 2327 934 quamdam
2354 874 2493 924 esse,
2532 873 2634 913 non
2668 858 2822 913 nuda:
2844 858 3156 914 substantia:
3183 861 3460 915 visionem.
3491 859 3623 914 Nam

2045 952 2087 1007 si
2118 953 2284 1022 ipsam
2336 960 2580 1006 naturam
2641 950 2917 1015 vidissent,
2961 964 3066 1003 non
3113 950 3327 1004 diverso
3369 951 3628 1005 vidissent

2042 1044 2221 1099 modo.
2255 1043 2492 1112 Simplex
2528 1043 2670 1096 enim
2706 1041 2793 1096 illa
2825 1048 2927 1108 est,
2954 1040 3073 1095 sine
3102 1041 3287 1110 ﬁgura,
3330 1041 3445 1096 sine
3474 1056 3620 1096 com-

2042 1136 2325 1208 positione,
2354 1133 2851 1203 incircumscripta;
2887 1144 2991 1187 non
3014 1133 3185 1199 sedet,
3232 1148 3335 1187 non
3364 1142 3484 1193 stat.
3520 1150 3626 1190 non

2042 1226 2297 1281 ambulat.
2343 1225 2468 1280 Haec
2514 1227 2707 1295 quippe
2757 1222 2935 1279 omnia
2965 1225 3034 1279 ad
3061 1240 3284 1295 corpora
3334 1227 3619 1296 pertinent.

2042 1318 2321 1386 Quomodo
2358 1326 2533 1372 autem
2584 1319 2686 1383 sit,
2729 1317 2843 1387 ipse
2890 1317 3036 1372 solus
3080 1320 3242 1373 novit.
3299 1320 3367 1373 Et
3399 1319 3503 1374 huc
3533 1336 3628 1391 per

2047 1408 2360 1480 prOphetam
2388 1408 2672 1479 quemdam
2712 1409 2825 1478 ipse
2865 1409 3006 1464 Deus
3051 1420 3105 1465 et
3131 1401 3290 1465 Pater
3314 1411 3621 1466 declaravit.

2048 1499 2178 1573 Ego,
2210 1502 2411 1571 inquit,
2454 1502 2669 1555 visiones
2699 1502 3053 1571 multiplicuvi,
3089 1510 3136 1556 et
3165 1504 3216 1556 in
3246 1503 3475 1558 inanibus
3505 1519 3627 1574 pro-

2047 1594 2315 1664 phetarum
2341 1592 2652 1648 assimilatas
2672 1610 2784 1647 sum
2812 1592 2832 1664 (
2862 1593 2989 1648 Osee
3018 1594 3104 1649 Β.
3135 1595 3204 1650 10
3228 1595 3249 1666 )
3274 1612 3288 1659 ;
3319 1595 3369 1649 id
3397 1604 3478 1652 est
3501 1637 3515 1661 ,
3549 1597 3629 1651 Mc

2045 1685 2414 1755 attemperavi,
2447 1701 2618 1755 neque
2646 1685 2697 1739 id
2725 1686 2866 1756 quod
2888 1701 3031 1741 eram
3054 1689 3296 1757 apparui.
3321 1688 3452 1755 Quia
3485 1692 3627 1744 enim

2046 1776 2210 1831 Filius
2235 1775 2349 1846 ejus
2381 1778 2431 1831 in
2462 1793 2584 1831 vera
2611 1792 2772 1833 carne
2802 1778 2955 1834 nobis
2981 1779 3309 1834 adventuros
3347 1789 3493 1847 erat,
3516 1782 3629 1851 jam

2046 1866 2175 1920 olim
2209 1867 2331 1921 illos
2355 1866 2704 1933 exercitabat,
2757 1876 2815 1923 ut
2845 1868 2939 1925 Dei
2968 1869 3315 1925 substantiam
3348 1871 3627 1937 viderent,

2046 1971 2299 2029 quantum
2327 1959 2506 2014 videre
2534 1968 2798 2030 poterant.
2826 1959 2957 2015 Nam
2983 1962 3033 2016 id
3061 1964 3202 2032 quod
3230 1963 3370 2018 Deus
3398 1974 3500 2031 est,
3523 1981 3629 2019 non

2050 2050 2207 2106 modo
2245 2050 2538 2121 prephctae,
2569 2051 2662 2106 sed
2707 2066 2804 2106 nec
2852 2053 3025 2123 angeli
3057 2068 3157 2108 nec
3200 2054 3504 2126 archangeli
3547 2057 3630 2110 vi—

2048 2140 2171 2195 dent
2206 2158 2219 2194 :
2250 2140 2345 2195 sed
2385 2141 2430 2196 si
2472 2142 2769 2211 interroges
2801 2142 2939 2209 illos,
2968 2143 3101 2198 nihil
3128 2142 3197 2199 de
3225 2146 3519 2201 substantia
3542 2164 3631 2204 rc-

2049 2230 2373 2300 spondentes
2398 2231 2604 2297 audies,
2630 2232 2722 2286 Sed
2743 2241 2943 2287 tantum
2969 2242 3241 2300 canentes,
3268 2233 3443 2289 Gloria
3466 2238 3518 2289 in
3545 2255 3632 2291 ex-

2050 2322 2195 2377 celsis
2225 2322 2399 2377 Deoet
2428 2324 2480 2377 in
2505 2334 2637 2377 terra
2678 2340 2799 2393 pax,
2846 2325 2899 2378 in
2939 2326 3221 2381 hominibus
3249 2328 3377 2383 bona
3403 2330 3633 2385 voluntas

2052 2412 2202 2487 (Luc.
2229 2414 2284 2467 2.
2319 2413 2433 2484 ll).
2474 2413 2580 2470 Sia
2633 2413 2955 2469 Cherubinis
2996 2425 3047 2471 et
3079 2416 3387 2487 Seraphinis
3432 2418 3661 2491 aliquid

2052 2504 2295 2559 ediscere
2323 2504 2476 2570 velis,
2525 2505 2810 2574 mysticum
2851 2506 3288 2561 sanctificationis
3332 2508 3501 2562 melos
3539 2525 3633 2563 au-

2052 2592 2186 2658 dies,
2214 2600 2287 2658 ει,
2325 2593 2472 2646 Pleni
2501 2603 2618 2646 sunt
2644 2595 2759 2647 cwli
2786 2604 2830 2647 et
2872 2604 3004 2647 terra
3046 2596 3213 2666 gloria
3237 2597 3346 2666 ejus
3371 2600 3390 2667 (
3412 2596 3541 2652 Isai.
3576 2598 3628 2654 6.

2053 2683 2129 2753 3).
2161 2683 2216 2739 Si
2246 2697 2506 2753 supernas
2535 2684 2755 2739 virtutes
2777 2686 3124 2754 perconteris,
3157 2687 3286 2741 nihil
3311 2688 3450 2743 aliud
3480 2705 3631 2745 com-

2056 2774 2251 2843 peries,
2284 2774 2384 2828 nisi
2431 2783 2598 2829 totum
2643 2775 2746 2830 illis
2799 2790 2932 2846 opus
2982 2790 3101 2832 esse
3150 2777 3313 2832 Deum
3366 2778 3630 2838 laudare:

2054 2861 2305 2931 baudate,
2338 2865 2529 2935 inquit,
2564 2880 2697 2932 eunt,
2730 2882 2901 2922 omnes
2931 2867 3133 2924 virtutes
3158 2869 3306 2942 ejus(
3337 2869 3478 2926 Psal.
3506 2872 3637 2929 M8.

2053 2952 2133 3026 2).
2161 2954 2317 3010 Solus
2365 2970 2495 3026 ergo
2520 2955 2684 3012 Filius
2716 2959 2888 3027 ipsum
2919 2958 3096 3026 videt,
3130 2960 3363 3033 itemque
3404 2962 3634 3035 Spiritus

2054 3056 2291 3104 sanctus.
2342 3047 2529 3103 Creata
2583 3050 2780 3121 quippe
2811 3060 2997 3107 natura
3028 3055 3296 3123 quomodo
3339 3057 3632 3114 iucreatum

2054 3136 2235 3192 videre
2257 3137 2467 3207 possit?
2491 3137 2623 3193 Nam
2654 3141 2698 3193 si
2731 3140 3103 3210 iucorpoream
3148 3146 3440 3214 quamlibet
3471 3149 3634 3203 virtu-

2058 3237 2187 3297 tem,
2217 3231 2406 3286 etsiea
2440 3240 2618 3287 creata
2648 3234 2750 3298 sit,
2786 3234 2929 3289 clare
2963 3237 3272 3306 conspicere
3316 3241 3629 3310 nequimus,

2055 3328 2110 3374 et
2135 3320 2236 3375 hoc
2280 3334 2421 3390 saepe
2453 3323 2504 3376 In
2555 3324 2758 3393 angelis
2796 3332 3069 3381 ostensum
3105 3336 3206 3395 est,
3253 3329 3421 3384 multo
3460 3332 3633 3386 niiuus

2056 3410 2424 3480 incorpoream
2463 3421 2516 3468 et
2555 3428 2659 3468 non
2692 3413 2884 3470 factam
2918 3425 3158 3472 naturam
3205 3420 3385 3475 videre
3434 3424 3633 3490 poteri-

2056 3513 2197 3554 mus.
2236 3498 2357 3555 ldeo
2388 3500 2586 3557 Paulus
2611 3517 2820 3573 quoque
2866 3503 2940 3558 ait
2974 3521 2987 3558 :
3017 3504 3177 3573 Quem
3204 3524 3346 3561 nemo
3377 3510 3634 3564 hominum

2055 3592 2198 3656 vidit,
2220 3608 2378 3663 neque
2403 3592 2570 3647 videre
2593 3603 2753 3665 potest
2781 3594 2856 3666 (I.
2887 3593 3021 3649 Tim.
3045 3597 3096 3651 6.
3129 3598 3241 3667 16).
3271 3598 3451 3655 Soliue
3480 3602 3634 3671 igitur

2058 3682 2199 3739 Patri
2251 3683 2352 3739 hoc
2396 3683 2721 3754 prtecipuum
2768 3686 3044 3755 competit,
3091 3702 3198 3742 non
3246 3698 3421 3744 autem
3459 3691 3635 3748 Filio?

2055 3775 2479 3847 Apagezetiam'
2515 3775 2650 3830 Filio
2688 3776 2843 3831 inest.
2893 3776 3044 3845 Quod
3092 3787 3147 3833 et
3195 3779 3269 3834 illi
3315 3781 3458 3845 insit,
3514 3784 3634 3838 audi

2056 3867 2278 3923 Paulum
2319 3866 2721 3923 declarantem:
2756 3867 2858 3933 Qui
2908 3876 2986 3924 est
3035 3869 3201 3941 imago
3236 3870 3333 3926 Del
3375 3872 3637 3928 invisibilis

2058 3957 2078 4030 (
2106 3957 2298 4013 Coloss.
2329 3959 2380 4012 1.
2411 3958 2477 4013 15
2505 3955 2546 4031 ).
2569 3958 2674 4025 Qui
2709 3966 2885 4014 autem
2920 3958 3196 4015 invisibilis
3230 3961 3404 4032 imago
3432 3973 3549 4027 est,
3583 3975 3636 4019 et

2056 4049 2171 4122 ipse
2202 4049 2483 4105 invisibilis
2509 4060 2624 4114 est;
2675 4050 2806 4104 alias
2838 4066 2942 4104 non
2988 4061 3130 4105 esset
3176 4053 3366 4122 imago.
3392 4054 3543 4119 Quod
3591 4060 3633 4110 si

2055 4142 2184 4196 alibi
2203 4141 2344 4196 dicat
2377 4159 2389 4193 :
2421 4140 2561 4195 Deus
2586 4142 2937 4210 nianifestatus
2966 4143 3109 4196 estin
3137 4159 3286 4197 carne
3311 4145 3386 4214 (1.
3418 4146 3548 4199 Tim.
3578 4148 3631 4203 5.

2059 4230 2182 4303 l6);
2215 4246 2281 4286 ne
2309 4232 2518 4285 mireris
2552 4249 2564 4283 :
2594 4246 2716 4285 nam
2747 4230 3109 4286 manifestatio
3140 4248 3234 4301 per
3250 4248 3492 4302 carnem,
3528 4253 3632 4292 non

2056 4322 2348 4378 secundum
2369 4321 2657 4376 essentiam
2689 4320 2828 4375 facta
2856 4328 2958 4375 est.
2988 4319 3263 4389 Siquidem
3301 4326 3471 4392 ipsum
3504 4327 3636 4381 iuvi-

2056 4413 2264 4469 sibilem
2297 4426 2439 4477 esse,
2464 4425 2570 4465 non
2600 4410 2760 4465 modo
2789 4410 3113 4471 hominibus,
3146 4412 3237 4469 sed
3261 4413 3420 4469 etiam
3444 4431 3633 4486 super-

2056 4506 2140 4561 nis
2166 4504 2469 4569 virtutibus,
2497 4501 2732 4558 ostendit
2760 4500 2974 4556 Paulus.
3026 4501 3161 4558 Cum
3201 4504 3424 4561 dixisset
3466 4508 3631 4574 enim,

2057 4596 2414 4667 Manifestalus
2434 4604 2505 4649 est
2530 4595 2583 4649 in
2603 4610 2770 4659 carne,
2801 4591 3053 4661 subdidit,
3082 4592 3230 4650 Visus
3257 4605 3328 4651 est
3352 4598 3563 4669 angelis.

2125 4688 2180 4744 2.
2214 4688 2393 4757 Itaque
2423 4695 2547 4741 tunc
2580 4685 2781 4757 angelis
2829 4684 2973 4740 visus
2998 4693 3100 4753 est,
3143 4701 3265 4742 cum
3298 4699 3514 4745 carnem
3555 4689 3639 4745 iu-

2055 4776 2206 4834 duit:
2239 4788 2392 4834 antea
2423 4787 2601 4834 autem
2631 4778 2800 4846 ipsum
2832 4793 2936 4831 non
2969 4779 3038 4831 ita
3066 4778 3338 4844 videbant,
3370 4781 3632 4852 siquidem

2056 4870 2349 4926 substantia
2377 4869 2504 4938 ipsis
2534 4868 2809 4923 invisibilis
2835 4876 2969 4922 erat.
3004 4866 3070 4922 Et
3089 4869 3378 4937 quomodo,
3405 4872 3628 4941 inquiens,

2057 4961 2185 5015 dicit
2208 4961 2472 5025 Christus,
2507 4959 2588 5012 Ne
2630 4960 2956 5013 contemnatis
2993 4974 3147 5012 unum
3182 4976 3244 5012 ea:
3282 4961 3368 5013 Itis
3387 4963 3585 5029 pns’llis
3621 4978 3635 5015 :

2057 5054 2168 5106 dico
2196 5054 2327 5106 en’m
2368 5051 2519 5115 vobis,
2565 5050 2700 5119 quod
2734 5049 2900 5120 angeli
2929 5065 3100 5102 corum
3127 5064 3321 5117 semper
3356 5050 3520 5103 vident
3549 5055 3634 5119 fa-

2057 5144 2179 5196 ciem
2214 5139 2382 5194 Patris
2411 5142 2539 5205 mei,
2562 5140 2645 5210 qui
2673 5141 2723 5193 in
2750 5139 2885 5193 aclis
2911 5149 2981 5193 est
3004 5136 3216 5207 (Matth.
3249 5138 3336 5192 18.
3361 5138 3477 5208 l0)?
3493 5139 3628 5208 Quid

2058 5233 2237 5289 enim?
2263 5248 2385 5286 num
2419 5232 2605 5286 faciem
2648 5230 2806 5285 habet
2843 5231 2999 5295 Deus,
3032 5236 3086 5282 et
3127 5229 3178 5281 in
3218 5228 3363 5282 caelis
3406 5232 3632 5286 circum-

2057 5322 2346 5378 scribitur?
2380 5320 2573 5375 Verum
2619 5334 2777 5374 nemo
2828 5318 2898 5373 ita
2938 5317 3184 5381 insaniat,
3214 5326 3271 5373 ut
3313 5317 3427 5374 haec
3464 5321 3624 5376 dicat.

2054 5414 2189 5482 Quid
2232 5428 2359 5483 ergo
2400 5426 2538 5466 nunc
2584 5408 2813 5465 dicitur?
2854 5407 3311 5474 Quemadmodum
3354 5425 3473 5466 cum
3516 5414 3628 5466 ait:

2056 5503 2196 5557 Beati
2226 5504 2412 5555 mundo
2439 5502 2605 5565 corde,
2629 5499 2863 5568 quoniam
2882 5498 2979 5566 ipsi
2999 5496 3160 5551 Deum
3178 5498 3627 5569 videbuntUIatt/z.

2055 5597 2106 5649 5.
2141 5596 2228 5664 8);
2257 5596 2322 5648 de
2366 5594 2449 5646 illa
2478 5606 2595 5659 (pne
2625 5589 2918 5644 secundum
2945 5599 3177 5644 mentem
3209 5602 3292 5646 est
3318 5594 3521 5646 visione
3554 5593 3627 5645 Io-

2059 5688 2255 5756 quitur,
2285 5684 2436 5740 nobis
2468 5681 2722 5752 possibili,
2751 5690 2805 5736 et
2828 5679 2895 5738 de
2920 5681 3236 5751 cogitatione
3268 5682 3431 5737 Deum
3465 5695 3629 5747 respi-
