4068 6136
442 304 512 367 9!
1138 307 1197 376 δ.
1235 308 1508 383 JOANNIS
1542 308 2017 380 CIIRYSOSTOLII
2053 311 2371 371 ARCHIEP.
2412 316 2940 391 CONSTANTINOP.

443 417 665 476 ciente:
706 417 787 475 sic
826 428 879 488 et
916 418 983 487 de
1026 419 1228 490 angelis
1265 419 1553 482 dicendum
1597 430 1701 488 est,
1747 421 1892 493 ipsos
1935 437 2033 493 per

445 524 633 581 puram
663 522 718 567 et
762 512 973 582 vigilem
1014 520 1260 586 naturam
1308 525 1458 585 suam
1498 513 1629 583 nihil
1673 513 1840 586 aliud,
1872 497 2029 584 quam

448 598 634 665 Deum,
666 590 876 682 sempér
908 600 1205 673 imaginari.
1230 601 1356 660 Ideo
1384 604 1498 673 ipse
1517 618 1731 675 quoque
1748 605 1840 669 alt,
1866 603 2031 682 Nemo

445 692 581 747 novit
605 676 820 763 pauent.
850 692 947 753 nisi
973 691 1138 749 Filius
1162 692 1381 762 (Matth.
1411 693 1640 765 11.27).
1670 695 1805 762 Quid
1833 676 2030 766 igitur?

443 797 706 849 omnesne
732 785 786 846 in
828 785 1130 857 ignorantia
1154 786 1378 851 sumus?
1406 786 1562 845 Absit
1590 806 1604 844 :
1633 788 1726 846 sed
1759 803 1925 852 nemo
1952 788 2031 853 sic

441 875 610 941 novit,
639 885 697 929 ut
719 874 906 947 Filius.
936 874 1006 932 Ut
1029 876 1188 954 igitur
1208 877 1359 950 multi
1385 877 1403 909 ί
1430 893 1526 947 pro
1550 886 1707 949 captu
1727 893 1826 933 suo
1856 879 2028 949 ipsum

444 964 714 1033 viderunt,
743 965 1093 1037 substantiam
1134 980 1273 1035 vero,
1306 981 1473 1044 nemo,
1494 966 1657 1034 vidit;
1697 967 1777 1022 sic
1802 976 1858 1022 et
1887 981 2030 1022 nunc

441 1068 632 1125 omnes
669 1055 838 1127 Deum
891 1057 1157 1132 novimus,
1205 1056 1559 1117 substantiam
1605 1072 1733 1114 vero
1760 1057 1875 1127 ejus
1909 1073 2029 1129 quae

441 1148 513 1213 sit
536 1161 694 1217 nemo
718 1149 887 1219 novit,
919 1148 1021 1217 nisi
1065 1149 1111 1211 is
1139 1147 1230 1218 qui
1277 1163 1345 1204 ex
1382 1148 1500 1219 ipso
1528 1156 1682 1204 natus
1706 1158 1809 1205 est.
1837 1147 2030 1219 Cogni-

442 1237 642 1308 tipnem
672 1236 824 1313 enim.
858 1237 946 1293 hic
989 1236 1120 1314 dicit
1156 1245 1358 1313 certam
1396 1238 1656 1294 visionem
1685 1248 1741 1294 et
1779 1252 2028 1307 compre-

445 1326 783 1403 heusionem,
827 1327 1093 1400 talemque
1129 1327 1337 1398 qualem
1376 1326 1535 1383 Pater
1569 1328 1638 1383 de
1679 1326 1815 1383 Filio
1846 1327 2024 1381 habet.

444 1419 591 1491 Sicut
611 1421 745 1489 enim
771 1421 1028 1497 cognoscit
1054 1436 1132 1475 me
1155 1418 1333 1495 Pater,
1363 1420 1553 1492 inquit,
1592 1428 1639 1475 et
1663 1436 1754 1491 ego
1782 1435 2027 1492 cognosco

445 1507 651 1583 Patrem
677 1507 735 1587 (1
737 1527 852 1572 oan,
878 1510 964 1566 10.
992 1511 1014 1565 l
1025 1507 1104 1585 5),

513 1600 745 1676 C/tristus
770 1603 907 1682 quod
927 1603 1117 1673 insinu
1134 1600 1310 1676 Patris
1335 1604 1419 1671 sit,
1441 1612 1678 1673 accurate
1707 1601 1912 1672 Patrem
1934 1617 2029 1660 no-

441 1694 532 1763 uit.
559 1724 629 1734 —
653 1695 989 1769 Quapropter
1028 1694 1161 1764 vide,
1188 1710 1311 1762 cum
1347 1704 1543 1781 quanta
1584 1697 1870 1770 securitate
1894 1695 1914 1728 ³
1949 1697 2027 1762 lo-

442 1792 638 1863 quatur
677 1784 1023 1859 evangelista.
1066 1782 1199 1859 cum
1238 1785 1459 1847 dixisset
1485 1787 1651 1861 enim,
1694 1783 1859 1840 Deum
1884 1802 2028 1859 uento

446 1876 567 1943 cidit
597 1893 852 1947 umquam,
888 1891 992 1946 non
1022 1875 1242 1949 addidit,
1271 1876 1438 1938 Filius
1461 1877 1551 1965 qui
1579 1876 1728 1951 vidit,
1755 1876 2025 1947 narravit;

441 1966 541 2037 sed
571 1967 777 2041 aliquid
799 1967 942 2022 aliud
963 1968 1211 2039 amplius,
1241 1982 1400 2043 quam
1438 1967 1645 2042 videre,
1672 1967 1870 2042 posuit,
1905 1982 2029 2038 cum

441 2057 596 2131 dixit,
625 2057 727 2136 Qui
751 2068 799 2129 et
823 2059 876 2113 in
905 2058 1020 2136 sinu
1044 2057 1215 2132 Patris
1238 2059 1441 2129 :ntulto
1460 2058 1605 2127 enim
1622 2059 1849 2129 amplius
1868 2073 2026 2131 quam

442 2135 754 2219 videre,'cst
776 2164 895 2222 esse
926 2151 985 2225 in
1007 2151 1127 2222 sinu
1168 2150 1359 2206 Patris.
1388 2148 1519 2206 Nam
1549 2149 1638 2220 qui
1664 2152 1835 2206 solum
1862 2149 2024 2219 videt,

443 2256 553 2316 non
580 2252 880 2317 accuratam
908 2242 1127 2311 omnino
1156 2241 1234 2297 rei
1258 2242 1382 2297 visae
1423 2241 1777 2312 cognitionem
1823 2241 2023 2297 habet:

444 2330 535 2419 qui
564 2342 740 2405 autem
766 2331 818 2403 in
847 2332 966 2406 sinu
992 2341 1259 2398 versatur,
1285 2331 1417 2387 nihil
1445 2330 1766 2402 ignoraverit
1807 2330 1883 2386 Ne
1899 2346 2028 2402 ergo

442 2423 689 2494 audiens,
734 2421 900 2494 Nemo
935 2426 1070 2479 novit
1100 2421 1341 2491 Patrem,
1383 2424 1481 2479 nisi
1521 2420 1710 2493 Filius,
1756 2423 1924 2496 dicas,
1971 2423 2027 2481 Si

441 2515 671 2588 amplius
698 2529 860 2586 quam
890 2514 985 2591 alii
1011 2514 1191 2583 novit,
1231 2526 1287 2570 at
1323 2529 1429 2571 non
1460 2515 1607 2587 novit
1649 2526 1885 2588 quantus,
1920 2517 2023 2584 sit;

444 2606 566 2664 ideo
604 2606 934 2683 evangelista
967 2606 1097 2664 dicit
1125 2607 1298 2679 ipsum
1339 2607 1391 2670 in
1421 2608 1540 2663 sinu
1571 2607 1744 2673 Patris
1786 2609 2023 2680 versari;

443 2700 665 2773 ipseque
687 2684 932 2775 Christus
962 2714 1020 2763 se
1051 2707 1252 2765 tantum
1286 2699 1430 2769 illum
1465 2713 1625 2764 nosse
1664 2700 1814 2770 dicit,
1851 2715 2022 2772 quan-

441 2800 555 2861 tum
598 2790 758 2864 Pater
805 2791 1020 2864 Filium.
1068 2791 1529 2865 Contradicenlem
1563 2808 1691 2862 ergo
1716 2795 2023 2869 interroga:

441 2884 788 2958 cognoscitne
818 2882 976 2952 Pater
1002 2882 1236 2956 Filium?
1262 2883 1651 2953 Respondebit,
1681 2883 1879 2951 Etiam,
1921 2884 2025 2939 nisi

441 2975 693 3048 insaniat.
724 2974 927 3045 Deinde
955 2975 1285 3049 interrogare
1327 2988 1648 3046 pergamus:
1691 2976 2023 3047 Accura‘tane

445 3067 650 3138 visione
675 3076 729 3122 et
748 3066 1054 3141 cognitione
1080 3066 1251 3134 ipsum
1269 3065 1411 3133 novit
1427 3073 1481 3125 et
1500 3065 1665 3132 videt,
1687 3080 1750 3132 ac
1767 3067 2023 3137 quidnam

439 3158 513 3226 sit
540 3158 694 3227 plane
730 3154 1043 3226 cognoscit?
1073 3155 1203 3210 Illud
1242 3155 1404 3210 etiam
1443 3152 1714 3211 fatebitur.
1748 3155 1880 3212 Hinc
1905 3156 2022 3213 col-

446 3248 551 3335 lige
576 3255 880 3315 accuratam
904 3244 1025 3322 If‘ilii
1050 3243 1118 3301 de
1148 3245 1303 3301 Patre
1322 3245 1700 3316 cognitionem.
1730 3245 1846 3318 Ipse
1867 3262 2021 3302 nam-

439 3356 545 3410 que
571 3339 729 3415 dixit,
758 3339 910 3407 Sicut,
932 3338 1069 3409 novit
1109 3353 1190 3392 me
1234 3335 1424 3405 Pater,
1454 3338 1528 3392 ita
1560 3348 1607 3393 et
1645 3354 1736 3410 ego
1774 3354 2020 3410 cognosco

438 3430 686 3505 Putrem;
712 3440 766 3486 et
789 3429 936 3501 alibi,
964 3427 1128 3499 Deum
1152 3445 1296 3505 nemo
1319 3429 1463 3497 uidit,
1491 3429 1587 3484 nisi
1609 3431 1697 3501 qui
1719 3439 1794 3486 est
1819 3446 1882 3485 ea:
1909 3429 2020 3486 Deo

437 3520 730 3593 (Joan._10.
762 3521 921 3589 l5,et
965 3520 1018 3577 6.
1065 3520 1179 3598 {6).
1230 3519 1373 3589 Ideo,
1416 3529 1470 3580 ul
1511 3520 1647 3587 dixi,
1696 3521 2018 3592 evangelista

433 3613 609 3681 sinum
634 3618 1045 3687 continentorat1
1071 3611 1249 3679 qmnia
1282 3612 1383 3679 hoc
1412 3628 1517 3666 uno
1563 3612 1725 3681 verbo
1752 3613 1905 3671 nobis
1925 3613 2021 3669 de-

433 3705 678 3778 ciamus,
696 3703 839 3774 quod
867 3704 1037 3773 multa
1082 3704 1154 3773 sit
1191 3702 1507 3777 substantiae
1541 3704 1788 3777 cognatio
1813 3714 1869 3761 et
1894 3704 2017 3767 uni-

592 3775 738 3865 quod
786 3792 1008 3868 omnino
1048 3807 1145 3862 par
1185 3794 1256 3856 sit
1290 3775 1544 3863 utrinque
1588 3775 1844 3865 cognitio,
1872 3792 2015 3864 quod

432 3866 809 3960 paripotestas”.
851 3866 966 3954 Non
1008 3866 1161 3957 enim
1191 3882 1424 3952 aliquem
1458 3881 1677 3936 alterius
1703 3881 2016 3944 substantia:

431 3975 591 4049 Pater
618 3976 671 4031 in
701 3975 830 4045 sinu.
849 3973 1098 4045 habuerit
1123 3990 1139 4028 :
1165 3988 1339 4044 neque
1366 3972 1457 4028 ille
1481 3972 1722 4039 auderet,
1754 3973 1798 4028 si
1825 3988 2014 4041 servus

425 4076 484 4123 et
504 4081 572 4135 ex
608 4066 839 4138 aliorum
879 4079 1102 4138 nurnetjo
1130 4073 1296 4132 esset,
1324 4063 1376 4129 in
1404 4064 1521 4135 sinu
1552 4061 1724 4135 Patris
1762 4064 1961 4119 versari
1994 4083 2008 4119 :

428 4158 532 4226 hoc
559 4159 702 4230 enim
727 4158 839 4223 veri
869 4159 960 4213 lilii
985 4169 1190 4228 tantum
1213 4166 1317 4224 cst,
1354 4156 1446 4226 qui
1478 4156 1643 4226 multa
1671 4154 1859 4227 ﬁducia
1888 4171 2009 4219 cum

426 4262 577 4325 patre
597 4261 799 4320 utatur,
843 4250 1081 4321 nihilque
1118 4250 1297 4306 minus
1344 4264 1503 4320 quam
1545 4247 1633 4320 ille
1672 4248 1883 4320 habeat.
1918 4248 2009 4317 Yis

420 4347 778 4405 aeternitatem
809 4345 928 4415 ejus
953 4343 1197 4411 discere?
1223 4341 1361 4398 Audi
1392 4357 1511 4413 qum
1532 4340 1673 4396 dicat
1710 4341 1919 4412 Moyses
1940 4341 2008 4398 de

423 4438 600 4495 Patre.
654 4435 787 4492 Cum
834 4435 979 4497 enim
1020 4434 1410 4503 interrogaret,
1458 4431 1607 4502 quid,
1646 4432 2007 4501 qumremibus

420 4525 707 4598 IEgyptiis,
727 4526 844 4596 quis
865 4526 1041 4594 ipsum,
1063 4523 1314 4587 misisset.
1333 4535 1687 4591 responsurus
1707 4522 1820 4590 ipse
1838 4531 2001 4588 esset,

417 4616 601 4686 jussus
644 4622 728 4684 est
770 4613 973 4677 dicere,
1023 4611 1125 4681 Qui
1165 4619 1259 4678 est,
1302 4611 1434 4672 misit
1464 4626 1543 4679 nte
1570 4609 1765 4681 (Exod.
1797 4611 1851 4666 5.
1884 4611 2002 4682 μ).

418 4704 553 4762 Illud
581 4713 780 4775 autem,
815 4704 914 4774 Qui
944 4713 1041 4779 est,
1080 4704 1252 4773 ipsqm
1295 4717 1507 4774 Semper
1546 4717 1667 4759 esse
1713 4703 2001 4779 signiticet,

416 4806 577 4869 atque
603 4796 765 4863 etiam
793 4796 912 4865 sine
941 4795 1221 4866 principio,
1244 4809 1371 4861 vere
1400 4804 1453 4849 ct
1486 4795 1699 4871 proprie
1722 4811 1863 4860 esse.
1889 4798 2004 4872 IIoc

414 4889 682 4961 significat
723 4888 884 4944 etiam
930 4886 1101 4955 illud,
1140 4885 1210 4942 In
1252 4886 1502 4959 principio
1549 4897 1677 4954 erat,
1720 4889 2001 4963 ipsumque

416 4995 631 5053 semper
654 4994 776 5037 esse
821 4979 1039 5049 indicat.
1084 4978 1198 5034 Hoc
1242 4979 1402 5049 igitur
1441 4979 1584 5035 dicto
1622 4980 1710 5037 hic
1754 4996 1880 5037 usus
1917 4991 2002 5038 est

415 5076 669 5140 Joannes,
698 5073 987 5139 ostendens
1006 5072 1201 5142 Filium
1228 5072 1345 5128 sine
1365 5072 1623 5143 principio
1641 5082 1697 5128 et
1710 5073 1778 5127 ab
1796 5082 1999 5144 interno

416 5167 469 5223 in
496 5167 615 5221 sinu
649 5166 819 5222 Patris
840 5179 982 5221 esse.
1009 5163 1086 5219 Ne
1112 5164 1291 5234 itaque
1318 5163 1388 5217 oh
1413 5162 1643 5218 nominis
1668 5165 1996 5221 consortium

414 5269 631 5330 putares
661 5258 812 5320 illum
827 5274 892 5311 ex
928 5271 1114 5325 eorum
1145 5270 1370 5327 numcco
1393 5269 1510 5311 esse
1535 5255 1626 5328 qui
1651 5269 1747 5325 per
1767 5255 1994 5330 gratiam

414 5350 507 5407 lilii
537 5357 679 5414 sunt,
724 5349 875 5409 adest
911 5348 1174 5420 articulus,
1205 5347 1299 5420 qui
1333 5347 1624 5417 distinguat
1660 5346 1805 5408 illum
1834 5345 1902 5401 ab
1929 5347 1994 5401 iis

412 5443 504 5513 qui
536 5457 631 5512 per
658 5440 880 5511 gratiam
917 5449 1045 5505 sunt
1086 5441 1202 5495 lilii.
1238 5438 1389 5507 Quod
1430 5440 1474 5494 si
1515 5439 1616 5495 hoc
1654 5438 1751 5503 tibi
1788 5452 1894 5493 non
1924 5437 1993 5509 sit

477 5598 493 5663 ξ
530 5593 880 5663 gorel._ltahet
908 5628 922 5652 ,
946 5591 1209 5663 prophetis,
1244 5607 1348 5655 pro,
1372 5593 1527 5663 multi.

477 5661 498 5693 ³
532 5657 669 5710 Idem
701 5656 841 5719 legit,
857 5656 1184 5713 accuratum,
1211 5668 1315 5719 pro,
1336 5656 1604 5712 securitate.

3625 333 3733 391 1οῦ

2138 426 2289 518 satis,
2322 437 2377 501 et
2413 430 2457 489 si
2484 430 2660 500 adhuc
2686 448 2873 491 versus
2900 445 3094 492 terram
3125 452 3326 518 pronus
3355 442 3578 509 incedis,
3613 462 3727 504 ma-

2136 513 2218 585 gis
2241 519 2515 589 proprium
2547 522 2670 577 audi
2703 539 2919 593 nomen,
2952 513 3272 599 Unigenitus.
3302 528 3400 597 Sin,
3424 532 3597 589 adhuc
3626 535 3728 589 hu-

2138 623 2284 680 mum
2311 612 2555 683 respicis,
2587 629 2692 684 non
2733 616 2988 674 dubitabo
3027 620 3318 676 humanum
3360 622 3427 680 de
3458 621 3567 679 Deo
3603 643 3727 696 pro-

2136 698 2280 757 ferre
2310 704 2553 771 verbum,
2600 722 2792 778 nempe
2833 710 3042 779 sinum;
3089 722 3293 768 tantum
3339 733 3406 772 ne
3449 720 3722 788 quidpiam

2135 790 2334 871 humile
2358 796 2665 871 suspiceris.
2694 798 2937 860 Vidistin’
2955 802 3339 874 benignitatem
3362 816 3416 861 ct
3438 809 3722 876 providen—

2135 883 2261 938 tiam
2289 885 2540 941 Domini?
2566 887 2813 962 Indignas
2833 891 2935 946 sibi
2961 906 3118 948 voces
3146 895 3402 951 adscribit
3428 899 3444 930 ⁸
3474 899 3634 966 Deus,
3663 910 3721 955 ut

2133 974 2219 1030 vel
2247 976 2325 1031 sic
2350 976 2562 1050 videas,
2585 995 2648 1045 ac
2695 996 2952 1052 magnum,
2983 983 3109 1054 quid
3146 994 3199 1040 et
3226 986 3452 1042 sublime
3479 991 3718 1059 cogites;

2132 1074 2188 1123 et
2215 1077 2272 1123 tu
2312 1069 2456 1124 humi
2488 1072 2674 1142 repis?
2716 1072 2810 1138 Dic
2838 1075 2982 1131 enim
3011 1077 3137 1147 mihi
3164 1093 3260 1134 cur
3286 1079 3437 1136 sinus
3481 1080 3566 1146 hic
3604 1098 3719 1148 mc-

2133 1172 2394 1229 moratur,
2426 1164 2569 1234 quod
2597 1179 2837 1223 crassum
2866 1177 2924 1223 et
2946 1169 3161 1224 carnale
3187 1185 3382 1231 nomen
3413 1173 3539 1228 est?
3559 1190 3637 1229 an
3662 1186 3720 1231 ut

2133 1252 2300 1308 Deum
2327 1268 2447 1310 esse
2485 1270 2681 1327 corpus
2719 1259 3096 1328 suspicemur?
3120 1261 3292 1330 Absit,
3342 1264 3566 1336 inquies.
3606 1266 3718 1326 Cur

2130 1346 2298 1415 ergo?
2322 1346 2456 1403 Nam
2497 1349 2541 1403 si
2572 1364 2666 1419 per
2703 1350 2807 1408 hoc
2836 1352 3054 1408 verbum
3085 1370 3184 1410 nec
3213 1371 3371 1412 verus
3398 1356 3567 1414 Filius
3594 1373 3716 1419 csse

2131 1437 2412 1507 probatur,
2470 1455 2571 1496 nec
2630 1441 2801 1498 Deum
2848 1444 3222 1515 incorporeum
3272 1463 3394 1505 esse
3440 1452 3711 1517 statuitur.

2132 1524 2325 1583 frustra
2343 1529 2575 1598 jactatur
2599 1531 2701 1588 hoc
2723 1533 2923 1590 dictum
2949 1536 3144 1593 nullius
3173 1554 3320 1595 usus.
3348 1538 3456 1595 Cur
3479 1557 3609 1612 ergo
3631 1541 3715 1597 di-

2129 1626 2272 1671 ctum
2299 1620 2424 1675 est?
2471 1636 2645 1692 neque
2686 1625 2830 1680 enim
2868 1626 2936 1682 ab
2975 1626 3078 1683 hac
3113 1630 3410 1700 qumstione
3434 1632 3710 1690 desistam.

2131 1709 2322 1777 Annon
2354 1712 2525 1782 palam
2569 1724 2652 1770 est
2694 1717 2815 1772 ideo
2864 1719 3127 1788 prolatum
3165 1736 3307 1787 esse,
3340 1734 3395 1779 ut
3425 1741 3530 1780 non
3569 1727 3711 1784 aliud

2129 1814 2196 1867 ex
2229 1801 2327 1863 illa
2350 1804 2725 1876 percipiamus,
2767 1823 2924 1879 quam
2953 1810 3094 1880 quod
3140 1812 3230 1869 ille
3258 1813 3329 1868 sit
3359 1830 3484 1870 vere
3510 1815 3709 1889 Unige-

2129 1891 2295 1961 nitus,
2326 1895 2466 1965 quod
2507 1905 2804 1962 comtermts
2835 1900 3025 1969 Patri?
3058 1903 3161 1959 Ille
3200 1908 3474 1975 enarravit,
3517 1910 3707 1980 inquit.

2130 1985 2266 2059 Quid
2296 1989 2597 2051 enarravit?
2621 1989 2783 2046 Deum
2822 2010 2967 2048 nemo
2993 1995 3114 2050 uidit
3155 2013 3411 2069 umquam.
3450 2000 3602 2059 Unus
3627 2014 3709 2060 est

2131 2076 2289 2136 Deus.
2318 2078 2423 2134 Sed
2463 2079 2567 2137 hoc
2609 2090 2663 2137 ct
2709 2083 2897 2154 reliqui
2941 2086 3236 2157 prophette,
3274 2099 3329 2145 ct
3369 2091 3580 2163 Moyses
3606 2095 3710 2153 fre~

2128 2167 2482 2236 quenlissime
2511 2172 2707 2228 clamat
2738 2192 2751 2228 :
2797 2173 3051 2233 Dominus
3080 2176 3219 2234 Deus
3259 2188 3373 2236 tuus
3397 2223 3414 2249 ,
3459 2182 3711 2242 Dominus

2132 2273 2265 2313 unus
2288 2271 2360 2314 est
2388 2261 2567 2331 (Deut.
2600 2264 2651 2319 ϐ.
2676 2263 2731 2336 4)
2754 2283 2787 2333 ;λ
2808 2275 2861 2322 et
2891 2266 3073 2337 Isaias,
3120 2268 3247 2325 Ante
3287 2289 3365 2328 me
3401 2285 3596 2329 nonest
3622 2279 3709 2347 {a-

2129 2359 2239 2405 ctus
2262 2351 2395 2406 alius
2427 2352 2579 2422 Deus,
2612 2365 2659 2409 ct
2683 2367 2794 2428 post
2823 2376 2901 2415 me
2926 2378 3028 2416 non
3055 2372 3128 2418 est
3150 2363 3304 2435 (Isai.
3330 2364 3418 2420 43.
3452 2364 3562 2436 10).

2202 2444 2256 2499 3.
2289 2445 2437 2511 Qua’,
2466 2447 2721 2515 quomodo
2745 2460 2793 2503 et
2817 2467 2940 2520 quos
2964 2453 3188 2508 docuerit
3216 2454 3383 2511 Filius
3413 2456 3526 2512 Dei.
3555 2457 3707 2532 Cari-

2134 2544 2211 2592 tas
2255 2540 2659 2598 commendatur.
2693 2540 2971 2598 Christiani
2996 2563 3152 2600 unum
3183 2563 3369 2616 corpus
3404 2560 3541 2618 sunt,
3570 2554 3706 2623 quod

2127 2636 2208 2681 est
2237 2630 2514 2690 maximum
2553 2632 2790 2687 amicitiae
2826 2634 3102 2692 vinculum.
3125 2668 3198 2681 ——
3221 2638 3357 2705 Quid
3388 2656 3517 2711 ergo
3561 2643 3705 2699 aliud

2126 2731 2157 2771 a
2182 2718 2319 2774 Filio
2345 2721 2647 2788 didicimus,
2682 2734 2862 2794 utpote
2889 2728 2980 2796 qui
3010 2728 3078 2783 sit
3102 2730 3154 2785 in
3182 2719 3302 2785 sinu
3331 2731 3503 2788 Patris
3526 2734 3551 2788 ?
3574 2736 3701 2805 quid

2125 2809 2195 2865 ab
2242 2809 2530 2883 Unigcnito
2549 2813 2584 2866 νυ
2614 2813 2793 2877 Primo
2818 2816 2959 2886 quod
2998 2818 3113 2875 haec
3137 2820 3245 2875 sint
3281 2836 3345 2877 ex
3373 2824 3490 2894 ejus
3516 2841 3705 2896 opera~

2129 2898 2313 2957 tione:
2339 2901 2552 2967 deinde.
2585 2919 2684 2959 nos
2713 2906 2869 2977 longe
2901 2907 3184 2966 clariorem
3210 2914 3481 2982 accepisse
3505 2914 3705 2970 doctri-

2127 3006 2274 3059 nam,
2305 3000 2360 3049 et
2381 3008 2704 3083 cognoscere
2744 2999 2885 3067 quod
2914 2998 3147 3069 Spiritus
3175 3002 3246 3058 sit
3271 3005 3443 3071 Deus,
3471 3017 3527 3062 et
3563 3009 3705 3079 quod

2125 3084 2215 3153 qui
2247 3083 2466 3140 adorant
2498 3101 2648 3157 omn,
2680 3089 2729 3142 in
2761 3090 2953 3161 spiritu
2997 3099 3053 3146 et
3092 3094 3314 3152 veritate
3342 3095 3569 3154 adorare
3605 3098 3706 3155 de-

2124 3174 2289 3232 beant
2334 3194 2349 3231 :
2396 3178 2718 3250 insuperque
2761 3180 2898 3240 illud
2948 3182 3159 3252 ipsum,
3213 3186 3544 3256 impossibile
3586 3204 3707 3248 esse

2124 3265 2291 3322 Deum
2339 3267 2557 3334 videre,
2598 3279 2653 3325 et
2698 3273 2962 3333 neminem
3005 3275 3177 3343 ipsum
3215 3294 3561 3351 cognoscere,
3603 3281 3705 3337 nisi

2124 3356 2316 3413 Filium
2348 3358 2543 3431 (Joan.
2574 3362 2629 3417 4.
2655 3362 2764 3435 25)
2795 3381 2810 3418 :
2842 3368 3065 3435 etquod
3089 3368 3157 3424 sit
3191 3369 3350 3426 Pater
3375 3371 3487 3426 veri
3514 3370 3706 3440 Unige-

2123 3449 2219 3503 niti
2254 3466 2268 3515 ;
2296 3460 2351 3506 et
2387 3468 2740 3525 qumcumque
2771 3457 2874 3512 alia
2905 3458 2973 3514 de
3001 3460 3092 3516 illo
3120 3471 3365 3518 enarrata
3395 3473 3540 3519 sunt.
3568 3464 3703 3522 Illud

2122 3550 2338 3609 autem,
2392 3543 2696 3612 Enarravit,
2745 3548 3029 3606 clariorem
3074 3561 3128 3606 et
3171 3555 3493 3623 apertiorem
3550 3555 3704 3613 effert

2121 3631 2416 3690 doctrinam
2442 3675 2459 3702 ,
2490 3652 2648 3708 quam
2691 3655 2796 3694 non
2826 3640 3022 3697 Judaeis
3052 3644 3212 3699 modo
3236 3686 3253 3712 ,
3288 3645 3384 3702 sed
3411 3646 3574 3703 etiam
3604 3648 3699 3707 toti

2119 3725 2235 3781 orbi
2281 3726 2497 3783 tradidit
2531 3737 2586 3784 et
2615 3732 2920 3802 complevit.
2957 3734 3240 3805 Prophetis
3268 3747 3413 3795 certe
3437 3754 3506 3794 ne
3530 3738 3700 3798 ιυάωι

2119 3816 2335 3884 quidem
2378 3834 2567 3875 onmes
2604 3823 2986 3891 attendebaut;
3033 3824 3321 3897 Unigcuito
3381 3837 3563 3885 autem
3605 3829 3698 3886 Dei

2119 3914 2262 3961 totus
2303 3908 2451 3964 orbis
2497 3910 2661 3966 cessit
2695 3920 2753 3967 et
2778 3913 3025 3969 credidit.
3067 3914 3351 3973 Enarratio
3395 3918 3575 3989 itaque
3611 3918 3699 3975 hic

2117 3994 2371 4054 doctrina:
2414 3999 2735 4057 evidentiam
2767 4003 3028 4075 signiﬁcat
3064 4022 3079 4062 :
3126 4009 3355 4078 ideoque
3382 4018 3438 4066 et
3465 4009 3695 4065 Verbum

2114 4087 2330 4157 dicitur,
2359 4102 2413 4147 et
2442 4093 2618 4164 magni
2647 4097 2857 4151 consilii
2885 4098 3137 4166 Angelus.
3161 4100 3422 4167 Quoniam
3454 4103 3615 4173 igitur
3640 4110 3697 4159 et

2114 4180 2319 4247 majore
2345 4192 2400 4236 ct
2437 4184 2756 4253 perfectiore
2803 4185 3043 4244 doctrina
3087 4189 3289 4259 dignati
3333 4206 3541 4259 sumus,
3585 4192 3694 4248 Deo

2113 4285 2219 4325 non
2266 4272 2403 4327 ultra
2454 4288 2550 4344 per
2578 4277 2903 4346 prophetas,
2943 4279 3038 4334 sed
3076 4295 3170 4349 per
3196 4282 3469 4354 proprium
3498 4282 3687 4339 Filium

2111 4363 2265 4417 nobis
2294 4367 2550 4423 extremis
2581 4366 2731 4423 hisce
2767 4369 2956 4424 diebus
2984 4370 3270 4441 loquente,
3313 4374 3437 4430 vita:
3477 4375 3690 4433 institu—

2111 4463 2220 4509 tum
2248 4455 2407 4527 longe
2431 4458 2644 4524 melius,
2687 4468 2742 4514 et
2781 4469 2929 4515 tanto
2958 4460 3163 4520 honore
3187 4464 3404 4535 dignum
3431 4466 3690 4523 exhibea-

2110 4560 2250 4601 mus.
2281 4547 2583 4603 Absurdum
2609 4551 2754 4606 enim
2779 4563 2944 4620 esset,
2973 4553 3016 4608 si
3051 4569 3172 4609 cum
3196 4556 3309 4625 ipse
3335 4567 3537 4612 tantum
3590 4558 3691 4614 de-

2107 4635 2398 4704 scenderit,
2426 4647 2485 4693 ut
2512 4653 2616 4693 non
2644 4641 2782 4695 ultra
2826 4656 2921 4710 per
2960 4656 3146 4701 servos
3190 4660 3318 4702 suos
3356 4662 3455 4703 nos
3478 4648 3677 4717 alloqui

2107 4726 2275 4793 velit,
2306 4727 2400 4782 sed
2431 4742 2530 4797 per
2563 4729 2796 4799 seipsum
2827 4746 2964 4788 :nos
2993 4733 3126 4795 nihil
3164 4737 3394 4804 amplius
3422 4752 3582 4808 quam
3608 4739 3686 4796 illi

2106 4818 2315 4890 priores
2334 4820 2732 4877 exhiberemus.
2762 4821 2843 4878 illi
2865 4823 3125 4895 Moysem,
3155 4844 3252 4883 nos
3283 4828 3479 4900 Moysis
3507 4831 3687 4886 Domi-

2105 4927 2230 4966 num
2274 4912 2546 4968 doctorem
2575 4913 2854 4971 habemus.
2889 4915 3047 4973 Tanti
3067 4933 3195 4988 ergo
3222 4919 3443 4985 honoris
3469 4921 3685 4993 dignam

2104 5003 2499 5074 philosophiam
2537 5006 2911 5074 proferamus,
2961 5008 3199 5079 nihilque
3241 5011 3536 5067 habeamus
3564 5028 3685 5069 eum

2103 5105 2242 5151 terra
2268 5109 2575 5152 commune.
2615 5095 2740 5152 Ideo
2769 5112 3001 5169 namque
3027 5098 3115 5154 ille
3133 5098 3205 5156 de
3229 5101 3376 5159 caelis
3411 5103 3565 5158 nobis
3587 5102 3688 5159 do-

2100 5190 2326 5243 ctrinam
2340 5188 2536 5253 attulit,
2552 5196 2611 5243 ut
2624 5204 2689 5245 eo
2698 5190 3072 5260 cogitationem
3091 5202 3325 5248 nostram
3346 5194 3684 5262 transferret,

2097 5290 2155 5336 et
2178 5296 2275 5353 pro
2299 5280 2436 5337 virili
2464 5290 2642 5344 nostra
2684 5280 2976 5339 imitatores
3003 5282 3245 5340 Doctoris
3286 5286 3454 5341 nostri
3491 5287 3679 5342 simus.

2101 5375 2166 5430 Et
2191 5375 2459 5444 quomodo
2507 5388 2789 5445 possumus
2812 5417 2828 5443 ,
2866 5376 3102 5445 inquies,
3144 5377 3441 5433 imitatores
3480 5377 3680 5434 Christi

2099 5483 2219 5523 esse
2247 5469 2271 5521 ?
2301 5468 2358 5524 Si
2413 5468 2592 5523 omnia
2637 5468 2709 5523 ad
2748 5483 3086 5524 communem
3117 5469 3397 5525 utilitatem
3428 5470 3681 5528 faciamus

2099 5578 2199 5617 nec
2236 5576 2355 5630 qua:
2394 5570 2575 5614 nostra
2622 5570 2747 5615 sunt
2794 5575 3114 5629 quaeramus.
3178 5559 3317 5615 Nam
3361 5570 3412 5614 et
3448 5558 3677 5618 Christus

2077 5717 2081 5721 .
2166 5676 2184 5713 ι
2218 5672 2311 5739 Alii
2337 5676 2388 5725 ct
2409 5668 3036 5735 Itorel.,adscrt'bcresolet.
