4068 6136
499 315 602 369 1υὸ

495 444 662 489 mum,
697 428 866 495 ipsum
917 425 1095 478 cibum
1131 421 1517 490 parvipcndens
1539 461 1553 484 ,
1589 419 1640 472 in
1684 419 1901 472 deserto
1925 429 2081 472 antea

498 527 742 574 versatus
790 517 980 569 fuerat.
1035 513 1278 568 Christus
1307 520 1490 566 contra
1519 551 1534 574 ,
1573 509 1660 562 vili
1687 523 1882 578 genere
1929 516 2082 561 natus

498 619 634 673 erat,
668 608 718 663 id
749 607 890 677 quod
923 608 1021 677 ipsi
1047 621 1189 675 smpe
1215 605 1297 658 his
1320 603 1493 659 verbis
1509 602 1871 672 objicit-bant:
1898 600 2082 655 Nonne

497 700 578 753 hic
605 708 676 753 est
702 697 836 769 fabri
863 697 1042 766 ﬁlius?
1080 711 1247 749 nonne
1283 704 1444 749 mater
1472 696 1580 765 ejus
1607 695 1793 749 dicitur
1815 693 2002 756 Maria,
2032 702 2082 747 et

487 790 670 860 fratres
699 790 808 859 ejus
846 787 1069 842 Jacobus
1096 798 1140 841 et
1163 785 1313 840 loses
1341 786 1556 849 (Matth.
1592 788 1677 842 15.
1705 787 1838 856 55)?
1867 791 1943 841 Ac
1963 801 2081 855 qua:

494 881 776 936 videbatur
820 880 935 948 ejus
967 895 1090 934 esse
1137 878 1303 948 patria
1352 881 1422 932 ita
1448 880 1813 948 vituperabilis
1858 888 1993 945 erat,
2023 889 2082 934 ut

486 974 648 1028 etiam
681 971 978 1028 Nathanacl
1029 972 1234 1026 diceret
1265 990 1277 1024 :
1311 971 1395 1025 Ea:
1440 971 1668 1026 Nazaret
1695 981 1854 1044 potest
1884 972 2079 1040 aliquid

485 1062 604 1116 boni
630 1077 737 1116 esse
756 1063 781 1115 ξ’
801 1062 879 1116 Ad
905 1063 1042 1126 haec,
1063 1065 1183 1115 vitae
1203 1077 1369 1132 genus
1387 1064 1686 1117 communis
1711 1103 1727 1130 ,
1757 1064 2075 1118 vestimenta

487 1155 746 1224 vulgaria.
789 1153 970 1224 Neque
1033 1155 1174 1208 enim
1250 1169 1381 1208 zona
1443 1155 1668 1224 pellicea
1731 1155 2072 1225 cingebatur,

493 1260 666 1316 neque
713 1261 778 1301 ex
811 1245 932 1314 pilis
979 1256 1219 1314 paratum
1267 1246 1643 1300 vestimentum
1676 1244 1875 1308 habuit,
1901 1260 2075 1315 neque

499 1337 659 1393 melle
685 1347 738 1392 et
789 1336 1010 1392 locustis
1040 1335 1354 1390 vescebatur
1381 1353 1396 1401 ;
1426 1335 1522 1392 sed
1549 1334 1749 1403 vulgari
1777 1335 1944 1387 victus
1979 1350 2073 1402 ge-

491 1443 620 1482 nere
675 1442 804 1482 usus
833 1469 848 1493 ,
909 1427 1070 1482 etiam
1121 1426 1486 1495 improborum
1537 1424 1813 1478 hominum
1862 1438 1925 1478 ac
1974 1439 2073 1492 pu-

493 1519 825 1572 blicanorum
867 1517 1124 1572 conviviis
1163 1517 1453 1581 intererat,
1495 1523 1552 1568 ut
1590 1515 1707 1568 illos
1750 1515 2065 1572 atlnahcrct.

483 1609 635 1673 Quod
683 1622 787 1662 non
831 1607 1186 1675 intelligentes
1239 1606 1436 1667 Judaei,
1491 1605 1589 1673 ipsi
1633 1605 2066 1675 exprobrabant,

484 1707 542 1750 ιιι
594 1704 648 1750 et
706 1697 820 1766 ipse
873 1695 999 1750 ait:
1059 1695 1202 1749 Venit
1260 1694 1428 1749 Filius
1493 1696 1709 1749 hominis
1756 1697 2070 1750 manducans

481 1798 526 1839 ct
582 1788 784 1853 bibens,
826 1796 871 1840 et
925 1786 1096 1840 dicunt
1131 1802 1149 1840 :
1180 1783 1311 1839 Ecce
1364 1787 1509 1840 homo
1565 1803 1720 1840 vorax
1768 1798 1815 1840 et
1870 1796 2070 1858 potator

481 1878 603 1938 vini,
641 1878 1023 1947 publicanum»:
1051 1886 1097 1930 ct
1143 1885 1458 1946 peccatorum
1490 1879 1682 1930 anticus
1713 1877 1731 1950 (
1758 1877 1948 1934 Matth.
1976 1881 2064 1934 11.

481 1969 606 2037 19).
653 1970 783 2023 Cum
811 1983 940 2038 ergo
967 1968 1274 2037 frequenter
1314 1968 1546 2023 Joannes
1575 1971 1642 2023 ab
1671 1984 1730 2024 se
1757 1969 1972 2026 Judzcos
1999 1972 2064 2026 ad

479 2060 753 2114 Christum
787 2061 1040 2127 mitteret,
1071 2061 1158 2129 qui
1188 2059 1465 2115 videbatur
1487 2061 1591 2114 illis
1615 2061 1819 2117 Joanne
1842 2062 2066 2119 inferior

481 2164 637 2213 esse;
669 2164 790 2205 cum
831 2148 1098 2220 pudefacti
1148 2161 1202 2204 et
1227 2166 1366 2220 aegre
1395 2151 1628 2207 ferentes
1655 2153 1875 2208 mallent
1903 2155 2067 2210 Joan-

483 2255 604 2294 nem
634 2241 832 2295 haberc
861 2241 1137 2295 doctorem
1162 2282 1178 2308 ,
1209 2242 1258 2295 id
1289 2251 1463 2296 tamen
1513 2253 1697 2312 aperte
1724 2244 1908 2301 dicere
1948 2247 2064 2302 ausi

482 2347 587 2384 non
607 2339 765 2396 Stult;
788 2330 883 2385 sed
907 2331 1119 2384 mittunt
1141 2331 1206 2386 ad
1233 2331 1401 2398 illum,
1422 2342 1700 2402 sperantes
1721 2350 1780 2390 se
1799 2351 1894 2405 per
1921 2336 2056 2390 adu-

489 2423 742 2477 lationem
764 2437 925 2492 posse
954 2423 1100 2477 illum
1118 2424 1354 2491 allicere,
1384 2437 1438 2479 ut
1458 2440 1518 2480 se
1543 2426 1888 2483 confiteretur
1905 2428 2060 2483 Chri~

482 2523 642 2566 stum.
701 2513 816 2568 Non
868 2515 1062 2569 intima:
1118 2517 1277 2570 sortis
1324 2517 1568 2574 homines
1617 2520 1852 2586 mittunt,
1895 2529 1952 2576 ut
1997 2520 2065 2576 ad

483 2604 752 2657 Clu-istum
775 2645 788 2668 ,
815 2620 934 2658 cum
965 2605 1159 2660 vellent
1189 2621 1310 2661 eum
1337 2622 1530 2678 capere
1570 2611 1620 2663 in
1646 2594 1926 2677 sermone;
1949 2626 2054 2666 ser-

485 2710 580 2746 vos
625 2695 766 2748 enim
813 2695 1091 2761 miserunt,
1117 2697 1308 2753 deinde
1349 2698 1679 2756 Herodianos
1718 2703 2067 2774 ejusdemque

495 2785 680 2840 farina:
731 2785 975 2841 homines
1008 2804 1023 2842 :
1054 2787 1138 2843 hic
1177 2799 1354 2844 autem
1385 2791 1690 2846 sacerdotes
1716 2805 1769 2846 et
1820 2793 2072 2861 Levites;

488 2891 584 2929 nee
610 2875 875 2946 quoslibet
900 2877 1237 2945 sacerdotes,
1261 2879 1356 2933 sed
1381 2879 1445 2934 ab
1469 2880 1817 2952 Jerosolymis
1840 2921 1855 2949 ,
1881 2881 1935 2937 id
1958 2893 2062 2950 est,

491 2965 915 3022 honorabiliores
937 2969 1136 3039 (ireque
1156 2971 1298 3024 enim
1339 2970 1456 3024 sine
1475 2985 1634 3025 causa
1663 2969 1776 3025 haec
1797 2973 2065 3044 significa-

485 3059 925 3130 vitcvangelista)
955 3069 1044 3116 :et
1073 3061 1311 3128 mittunt,
1336 3069 1394 3114 ut
1417 3061 1827 3132 interrogarent,
1855 3063 1932 3118 Tu
1953 3065 2067 3135 quis

483 3151 578 3206 es?
606 3149 822 3205 Natales
850 3150 1046 3220 quippe
1075 3150 1194 3220 ejus
1237 3151 1307 3204 ita
1353 3151 1626 3221 conspicui
1669 3161 1843 3221 erant,
1874 3162 1930 3208 ut
1954 3170 2067 3209 om-

487 3258 581 3297 nes
609 3240 849 3298 dicerent
879 3256 894 3293 :
927 3240 1050 3307 Quis
1081 3249 1231 3310 putas
1276 3258 1402 3310 puer
1432 3243 1526 3295 iste
1549 3243 1643 3296 erit
1674 3241 1823 3317 (Luc.
1854 3245 1906 3299 1.
1932 3243 2069 3316 66)?

486 3345 540 3388 et
569 3349 664 3403 per
689 3332 870 3387 omnia
909 3343 1163 3386 montana
1208 3335 1322 3386 haac
1349 3333 1774 3402 divulgabantur.
1805 3333 2068 3390 Rursum-

487 3442 592 3494 que
622 3440 745 3480 cum
774 3426 921 3480 venit
947 3424 1013 3477 ad
1066 3423 1376 3486 Jordancm,
1409 3438 1598 3480 omnes
1635 3425 1880 3480 civitates
1909 3424 2071 3480 advo-

487 3518 686 3586 larunt,
729 3523 782 3570 et
828 3529 895 3571 ex
950 3514 1246 3570 Jerusalem
1297 3516 1546 3585 omnique
1597 3515 1778 3571 Judaea
1809 3515 2069 3572 Joannem

487 3607 703 3661 adibant
750 3614 808 3661 ut
855 3606 1272 3683 baptizarentur.
1317 3607 1380 3661 Hi
1421 3607 1598 3677 itaque
1643 3623 1784 3664 nunc
1841 3610 2073 3666 interro-

488 3708 638 3768 gant,
666 3714 772 3757 non
800 3700 940 3776 quod
969 3700 1210 3772 ignorent
1246 3700 1264 3768 (
1294 3700 1561 3770 quomodo
1595 3702 1736 3754 enim
1766 3701 2072 3772 ignorarent

490 3803 613 3843 cum
643 3789 730 3858 qui
762 3797 840 3844 tot
869 3788 1042 3844 modis
1063 3789 1376 3846 manifestus
1408 3789 1624 3862 erat?),
1646 3790 1742 3847 sed
1773 3800 1829 3847 ut
1853 3807 1978 3848 eum
2004 3793 2072 3850 ad

491 3880 566 3943 id,
595 3879 734 3950 quod
751 3894 910 3953 supra
940 3879 1071 3946 dixi,
1102 3881 1435 3947 inducerent.

560 3969 618 4025 Ξ.
655 3970 791 4025 Audi
821 3985 945 4041 ergo
973 3971 1241 4041 quomodo
1280 3971 1465 4030 beatus
1503 3973 1590 4033 hic
1631 3973 1698 4028 ad
1728 3975 2076 4047 interrogan-

493 4063 622 4118 tium
653 4072 910 4132 mentem,
939 4079 1042 4120 non
1070 4064 1138 4119 ad
1169 4065 1335 4132 ipsam
1361 4067 1828 4134 interrogationem
1851 4085 2072 4140 respon-

491 4156 633 4211 deat.
660 4157 960 4212 Dicentibus
979 4157 1143 4222 enim,
1179 4155 1254 4208 Tu
1275 4158 1389 4228 quis
1401 4156 1495 4211 es?
1529 4173 1636 4212 non
1664 4159 1934 4229 respondit
1961 4169 2070 4216 sta-

494 4247 586 4300 tim
605 4245 656 4301 id
676 4245 817 4316 quod
842 4255 982 4301 recte
1005 4245 1429 4316 respondendum
1448 4257 1590 4317 erat,
1607 4247 1717 4318 Ego
1741 4266 1836 4305 vox
1849 4250 2074 4305 claman-

492 4339 556 4394 tis
585 4338 636 4392 in
663 4337 855 4393 deserto
883 4336 1062 4411 (Joan.
1097 4337 1149 4391 1.
1177 4337 1268 4406 25)
1288 4379 1301 4402 ,
1335 4337 1430 4393 sed
1455 4338 1616 4407 quid?
1641 4339 1697 4394 ld
1725 4342 1865 4409 quod
1890 4341 1962 4396 illi
1982 4355 2074 4395 su.

492 4426 833 4497 spicabantur
871 4427 1086 4480 amovit.
1133 4425 1264 4479 Nam
1310 4425 1686 4495 interrogatus,
1715 4427 1794 4482 Tu
1839 4432 1952 4499 quis
1985 4429 2075 4485 es?

495 4518 684 4585 inquit,
715 4515 803 4570 20.
837 4513 1110 4584 Confessus
1138 4523 1233 4580 est,
1259 4520 1307 4566 et
1335 4531 1434 4567 non
1463 4517 1659 4585 negavit
1686 4532 1708 4580 ;
1741 4527 1788 4570 et
1816 4519 2073 4587 confessus

494 4616 591 4674 cst,
621 4607 741 4678 quia
784 4621 884 4658 non
911 4621 1022 4657 sum
1049 4619 1139 4672 ego
1167 4599 1414 4657 Christus.
1458 4605 1522 4658 Et
1567 4605 1688 4660 vide
1733 4607 2074 4676 evangelista:

499 4697 830 4764 sapientiam.
863 4694 969 4747 Ter
996 4693 1224 4762 idipsum
1253 4692 1413 4760 dicit,
1447 4703 1506 4749 ut
1535 4704 1590 4749 et
1618 4697 1870 4766 Baptistae
1905 4700 2073 4753 virtu-

497 4795 606 4842 tem
631 4826 645 4850 ,
675 4792 730 4840 ct
763 4785 1052 4853 nequitiam
1083 4784 1446 4855 insaniamque
1484 4787 1694 4842 illorum
1725 4789 2072 4848 demonstret.

495 4879 668 4947 Lucas
694 4894 820 4932 vero
843 4877 987 4942 dicit,
1010 4875 1150 4946 quod
1176 4892 1296 4932 cum
1323 4879 1488 4935 turba:
1511 4881 1903 4951 suspicarentur
1928 4884 2074 4940 illum

497 4987 618 5027 esse
649 4969 916 5026 Christum
939 5008 958 5037 ,
990 4969 1102 5038 ipse
1153 4967 1289 5024 hanc
1342 4973 1601 5028 amoverit
1651 4975 2006 5044 suspicionem
2032 4977 2071 5032 ί.

498 5063 612 5116 lloc
642 5059 776 5130 frugi
815 5060 955 5116 servi
995 5059 1229 5116 officium
1274 5070 1356 5116 est
1377 5102 1392 5126 ,
1425 5077 1528 5118 non
1568 5065 1728 5121 modo
1759 5067 1964 5121 Domini
1995 5068 2076 5123 sui

496 5155 722 5225 gloriam
751 5170 858 5210 noa
895 5154 1173 5223 abripere,
1204 5154 1297 5208 sed
1327 5156 1488 5211 etiam
1518 5156 1749 5212 oblatam
1776 5175 1802 5214 ιι
1835 5160 2076 5215 multitu-

497 5246 622 5300 dine
646 5245 936 5315 depellere.
971 5245 1165 5300 Verum
1196 5246 1362 5301 turba:
1388 5263 1454 5304 ex
1480 5248 1816 5319 simplicitate
1843 5262 1898 5308 et
1924 5253 2079 5324 igno-

499 5336 670 5390 rantia
699 5337 750 5390 in
781 5335 918 5399 banc
959 5351 1154 5393 venere
1181 5340 1537 5410 suspicionem
1571 5357 1586 5395 :
1619 5341 1673 5396 hi
1711 5352 1888 5400 autem
1915 5347 2076 5414 malo,

567 5472 587 5540 ξ
620 5471 696 5519 sic
715 5469 858 5520 sevit.
904 5478 958 5540 et
996 5478 1137 5533 Msa;
1163 5473 1211 5522 in
1237 5471 1401 5540 ator-el.
1426 5482 1589 5540 autem
1611 5476 1683 5526 sic
1705 5475 1886 5540 legitur
1912 5477 2081 5530 :Idem

505 5529 672 5601 videre
694 5541 764 5582 est
786 5535 926 5603 apud
949 5529 1141 5603 nuc-am,
1167 5535 1248 5603 qui
1280 5533 1467 5586 inducit
1485 5545 1732 5603 _Joatment
1754 5529 2082 5603 dicentem’iis

503 5592 587 5673 qui
609 5591 733 5673 inter
754 5605 806 5673 se
819 5591 1068 5673 aptet-ain
1090 5591 1134 5643 si
1155 5597 1276 5655 forte
1297 5604 1418 5648 esset
1439 5597 1673 5673 (aristas,
1687 5618 1708 5646 ι
1729 5600 1859 5650 Venit
1883 5601 1965 5673 qui
1987 5591 2084 5665 for-

505 5653 613 5764 (mro
636 5661 822 5765 meq“,
847 5653 877 5698 ἱ
899 5659 943 5705 et
980 5666 1064 5716 per
1087 5653 1273 5717 ecqua:
1309 5659 1591 5725 respondet,
1615 5653 1740 5716 hanc
1763 5653 2082 5726 suspicionem

505 5728 533 5764 a
616 5728 639 5763 r
685 5729 696 5763 t
759 5729 811 5764 ιι.

499 5728 811 5764 antortvuem.

1243 307 1298 364 S.
1340 303 1615 362 JOANNIS
1651 301 2119 360 CHRYSOSTOMI
2157 300 2472 358 AltClllEP.
2514 303 3042 365 CONSTANTINOI‘.

3675 312 3778 367 101

2196 426 2251 470 ιιι
2278 417 2407 481 dixi,
2435 418 2614 473 animo
2642 418 3045 489 interrogabant
3077 435 3216 488 cum,
3248 431 3524 491 sperantes
3555 436 3613 479 se
3643 424 3780 478 adu-

2194 507 2390 564 latione
2436 509 2486 563 id
2535 510 2674 579 quod
2733 511 2984 580 optabant
3031 523 3453 582 consequuturos
3497 530 3636 569 esse.
3666 514 3777 570 Ni-i

2191 601 2334 655 enim
2375 601 2474 654 hoc
2500 611 2838 672 sperassent,
2870 618 2975 658 non
3017 606 3196 659 statim
3223 605 3290 660 ad
3320 607 3476 662 aliam
3504 609 3776 663 venissent

2190 691 2686 762 interrogationem,
2720 694 2815 748 sed
2861 694 3116 766 ntdignati
3151 696 3293 766 quod
3335 697 3403 752 ad
3444 699 3776 768 propositum

2188 798 2294 836 non
2327 784 2727 853 respondisset,
2758 786 3021 841 dixissent
3047 804 3060 842 :
3089 787 3222 842 Num
3253 789 3352 843 hoc
3390 791 3640 859 suspicati
3681 804 3775 844 su-

2187 875 2340 930 mus?
2366 891 2490 930 num
2524 877 2625 932 hoc
2653 889 3018 947 percontatum
3047 881 3334 935 venimus?
3359 881 3470 936 Sed
3504 883 3653 952 quasi
3684 899 3777 938 ca-

2186 967 2259 1034 pti
2304 982 2366 1020 ac
2407 967 2724 1036 deprehensi
2747 969 2813 1024 ad
2839 970 2994 1023 aliam
3023 971 3240 1025 veniunt
3266 971 3774 1042 interrogationem:

2183 1058 2274 1111 21.
2319 1058 2452 1124 Quid
2481 1061 2640 1130 ergo?
2670 1059 2811 1115 Elias
2838 1078 2889 1115 es
2919 1063 3013 1115 tu?
3039 1062 3106 1115 Et
3137 1063 3432 1132 respondit,
3463 1062 3584 1118 Non
3634 1082 3769 1120 sum.

2182 1147 2314 1202 Nam
2343 1157 2395 1202 et
2420 1149 2560 1204 hunc
2590 1160 2866 1204 venturum
2891 1166 3012 1207 esse
3041 1153 3344 1222 sperabant,
3371 1161 3495 1208 utet
3521 1153 3769 1210 Christus

2180 1239 2274 1292 ait.
2324 1238 2454 1293 Nam
2506 1241 2953 1310 interrogantibus
2998 1243 3316 1312 discipulis:
3353 1244 3617 1310 Quomodo
3648 1263 3767 1317 ergo

2179 1329 2355 1383 scriba:
2382 1331 2593 1398 dicunt,
2635 1333 2770 1403 quod
2810 1343 3042 1403 oporteat
3083 1334 3252 1388 Elian:
3301 1337 3516 1405 primum
3558 1339 3772 1392 venire?

2177 1418 2291 1486 ipse
2318 1421 2588 1488 respondit
2613 1439 2626 1475 :
2659 1422 2806 1477 Elias
2827 1425 3028 1492 quidem
3054 1428 3227 1490 veniet,
3255 1438 3302 1480 et
3342 1429 3567 1482 restituet
3595 1432 3768 1484 omnia

2178 1509 2389 1578 (Matth.
2414 1512 2587 1567 17.10
2611 1510 2650 1582 ).
2675 1513 2871 1567 Deinde
2898 1515 3223 1586 interrogant
3255 1534 3267 1570 :
3306 1515 3560 1586 PrOpheta
3587 1536 3638 1572 es
3670 1521 3765 1573 tu?

2177 1601 2242 1654 Et
2273 1603 2568 1673 respondit,
2599 1603 2739 1659 Non.
2770 1606 2836 1660 Et
2863 1615 3035 1662 tamen
3063 1607 3318 1679 propheta
3343 1617 3478 1664 erat.
3504 1609 3613 1665 Cur
3636 1627 3767 1680 ergo

2175 1691 2227 1745 id
2270 1695 2464 1765 negat?
2503 1695 2708 1752 Rursus
2748 1697 3182 1767 interrogantium
3237 1710 3470 1755 mentem
3521 1703 3761 1770 rcSpiclt.

2173 1780 2469 1850 Sperabam
2498 1785 2637 1839 enim
2663 1787 2972 1856 prophetam
2995 1789 3278 1858 quemdam
3299 1791 3550 1845 eximium
3574 1805 3763 1847 ventu-

2173 1888 2290 1928 rum
2318 1889 2455 1940 esse,
2477 1877 2618 1948 quod
2650 1878 2856 1948 Moyses
2875 1879 3128 1934 dixisset:
3155 1879 3463 1948 PrOphetani
3493 1884 3632 1938 vobis
3651 1902 3757 1940 sus-

2169 1965 2336 2018 citabit
2372 1965 2618 2024 Dominus
2663 1969 2798 2023 Deus
2839 1986 2901 2022 ea:
2944 1971 3183 2039 fratribus
3219 1973 3410 2038 vestris,
3445 1974 3572 2027 sicut
3632 1991 3711 2028 me
3738 1992 3759 2031 :

2169 2058 2334 2127 ipsum
2361 2061 2531 2114 audite
2556 2060 2734 2134 (Deut.
2769 2061 2852 2116 18.
2882 2059 2989 2134 15).
3023 2063 3116 2116 llic
3142 2073 3319 2117 autem
3350 2072 3464 2118 erat
3488 2065 3756 2120 Christus.

2169 2146 2292 2203 Ideo
2322 2164 2423 2204 non
2454 2150 2655 2216 dicunt,
2675 2152 2934 2222 Propheta
2959 2168 3016 2208 es
3044 2154 3139 2207 tu?
3160 2153 3236 2222 (a)
3265 2154 3349 2225 [ex
3381 2171 3601 2210 numero
3632 2173 3760 2225 pro-

2169 2238 2484 2308 phetarum;
2545 2241 2640 2297 sed
2677 2258 2798 2298 cum
2845 2245 3068 2298 articulo
3102 2265 3115 2297 :
3148 2244 3412 2315 Propheta
3442 2248 3530 2302 ille
3558 2263 3616 2303 es
3657 2248 3758 2319 tu],

2169 2328 2310 2396 quia
2337 2329 2518 2400 Moyse
2550 2332 2937 2400 praenuntiatus
2975 2344 3056 2388 est
3078 2334 3106 2388 ?
3128 2334 3329 2389 idcirco
3373 2337 3585 2406 negavit
3625 2338 3714 2393 ille
3737 2381 3753 2406 ,

2169 2433 2274 2473 non
2322 2433 2382 2473 se
2425 2419 2736 2494 prophetam
2778 2437 2897 2478 esse
2922 2466 2935 2489 ,
2969 2424 3064 2478 sed
3113 2425 3262 2479 illum
3297 2425 3628 2494 prophetam.
3660 2428 3752 2482 22.

2167 2505 2421 2563 Dixerunt
2460 2526 2577 2581 ergo
2607 2511 2654 2565 ei
2675 2528 2693 2565 :
2727 2512 2853 2579 Quis
2903 2515 3001 2568 es?
3043 2524 3098 2568 ut
3124 2532 3417 2584 responsum
3465 2517 3640 2574 demus
3689 2520 3754 2573 iis

2167 2598 2254 2668 qui
2283 2599 2530 2655 miserunt
2571 2616 2682 2654 nos.
2717 2601 2854 2668 Quid
2895 2603 3020 2657 dicis
3070 2605 3132 2658 de
3177 2607 3381 2675 teipso?
3412 2606 3596 2661 Viden’
3637 2609 3756 2662 illcs

2168 2691 2382 2759 quidem
2415 2693 2676 2748 instantes
2705 2703 2758 2748 et
2787 2695 3191 2766 interrogantes,
3213 2713 3384 2766 neque
3413 2699 3752 2763 desistentes;

2169 2779 2317 2835 illttm
2347 2796 2477 2837 vero
2503 2781 2780 2839 moderate
2818 2784 2966 2853 prius
3006 2787 3226 2841 remotis
3265 2787 3412 2842 falsis
3439 2790 3756 2858 suspicioni-

2169 2869 2290 2939 bus,
2319 2887 2498 2928 veram
2525 2875 2842 2929 sententiam
2865 2884 3207 2932 statuentem.
3234 2878 3365 2932 Nam
3389 2880 3462 2933 ait
3489 2897 3503 2933 :
3531 2879 3622 2936 23.
3647 2881 3755 2951 Ego

2169 2976 2266 3015 vox
2307 2961 2574 3018 clamantis
2621 2965 2674 3018 in
2720 2965 2950 3030 deserto;
2980 2977 3156 3036 parate
3193 2968 3325 3024 viam
3373 2968 3597 3036 Domini,
3626 2971 3756 3025 sicut

2169 3051 2299 3105 dixit
2321 3050 2487 3107 Isaias
2515 3054 2778 3124 prapheta.
2799 3055 2931 3132 Quia
2959 3058 3099 3120 enim
3131 3075 3376 3129 maguum
3407 3072 3458 3117 et
3481 3063 3752 3124 excelsum

2170 3141 2436 3212 quidpiam
2465 3143 2532 3197 de
2553 3142 2766 3199 Christo
2794 3145 3042 3215 loquutus
3065 3157 3162 3213 est,
3199 3150 3405 3204 illorum
3431 3166 3488 3206 se
3516 3154 3754 3221 Opinioni

2169 3240 2549 3302 attemperans,
2573 3234 2639 3289 ad
2661 3226 2974 3306 prephetam
3003 3239 3179 3295 statim
3205 3241 3459 3312 confugit,
3492 3244 3615 3300 hinc
3636 3261 3757 3301 ver-

2169 3323 2254 3378 bis
2278 3323 2387 3380 suis
2417 3324 2576 3379 fidem
2608 3328 2920 3384 concilians.
2952 3329 3042 3385 24.
3077 3329 3142 3385 Et
3166 3333 3251 3400 qui
3268 3333 3404 3387 missi
3429 3336 3649 3406 fuerant,
3677 3337 3756 3390 in-

2171 3415 2306 3484 quit,
2339 3421 2478 3480 erant
2508 3432 2570 3470 ea:
2596 3415 2874 3479 Pharisteis
2901 3435 2921 3474 :
2947 3419 3037 3476 25.
3059 3429 3106 3475 et
3149 3423 3581 3495 interrogaverunt
3616 3444 3753 3491 eunt,

2173 3515 2218 3558 et
2268 3506 2499 3568 dixerunt
2523 3507 2568 3561 ei
2597 3523 2616 3562 :
2647 3507 2784 3575 Quid
2812 3526 2928 3580 ergo
2956 3511 3214 3587 baptizas,
3243 3515 3288 3571 si
3317 3524 3368 3568 tu
3400 3531 3501 3570 non
3527 3535 3582 3572 es
3609 3519 3756 3572 Chri.

2172 3607 2313 3665 stus,
2339 3613 2498 3667 neque
2548 3596 2714 3663 Elius,
2741 3616 2899 3678 neque
2947 3603 3238 3678 propheta?
3276 3604 3463 3668 Viden’
3508 3622 3596 3669 me
3647 3624 3754 3661 non

2176 3697 2374 3745 temere
2403 3689 2624 3757 dixisse,
2657 3691 2803 3760 ipsos
2832 3707 2897 3747 eo
2926 3693 3176 3751 inducere
3201 3695 3348 3750 illum
3377 3699 3611 3754 voluisse
3637 3700 3660 3752 ἲ
3690 3701 3755 3755 Ει

2171 3777 2324 3834 initio
2349 3779 2561 3848 quidem
2595 3781 2652 3843 id.
2676 3798 2784 3836 non
2813 3783 3080 3850 dicebant,
3109 3800 3178 3841 ne
3201 3786 3269 3840 ab
3298 3789 3543 3844 omnibus
3571 3791 3753 3860 depre-

2175 3869 2555 3924 henderentur.
2585 3871 2785 3928 Deinde
2826 3874 2948 3942 quia
2997 3875 3163 3942 dixit,
3197 3876 3318 3931 Νοη
3363 3896 3476 3934 sum
3503 3879 3751 3948 Christus,

2173 3976 2384 4016 rursum
2435 3962 2510 4022 illi
2539 3971 2598 4017 ut
2637 3979 2700 4018 ea
2743 3981 2862 4033 qua:
2901 3967 3044 4022 intus
3072 3971 3513 4029 machinabantur
3541 3975 3756 4045 obtege-

2175 4065 2316 4122 rent,
2343 4055 2410 4110 ad
2455 4055 2625 4110 Etiam
2659 4058 2877 4112 veniunt
2898 4100 2914 4124 ,
2943 4069 2999 4115 et
3045 4061 3110 4116 ad
3163 4065 3500 4134 prophetam.
3534 4065 3602 4122 Ut
3631 4081 3756 4122 vero

2174 4145 2326 4212 dixit,
2358 4161 2416 4202 se
2443 4156 2688 4202 neutrum
2711 4165 2895 4205 eorum
2922 4165 3062 4216 esse,
3092 4153 3237 4209 dubii
3267 4155 3481 4211 demum
3511 4166 3562 4213 et
3586 4160 3753 4227 posita

2175 4237 2340 4306 larva,
2372 4249 2554 4310 aperte
2597 4240 2835 4297 dolosam
2865 4259 3014 4304 suam
3046 4256 3275 4302 mentem
3302 4248 3550 4320 detegunt
3577 4251 3756 4307 dicen-

2179 4341 2257 4388 tes
2290 4353 2303 4388 :
2332 4332 2467 4408 Quid
2492 4350 2608 4404 ergo
2636 4335 2879 4404 baptizas,
2913 4337 2955 4390 si
2976 4345 3030 4390 tu
3056 4354 3159 4392 non
3179 4355 3233 4392 cs
3257 4337 3483 4394 Christus
3503 4343 3529 4395 .9
3555 4342 3756 4397 Deinde

2175 4438 2384 4478 rursum
2411 4423 2637 4479 obscure
2665 4424 2962 4493 loquentes,
2980 4427 3114 4482 alios
3135 4427 3354 4495 addunt,
3377 4430 3543 4485 Eliam
3567 4447 3757 4501 nempe

2175 4523 2229 4567 et
2261 4512 2590 4581 prephctam.
2618 4514 2750 4580 Quia
2791 4515 2932 4569 enim
2967 4516 3270 4573 adulatione
3299 4519 3470 4589 ipsum
3501 4521 3756 4590 supplan-

2177 4610 2290 4656 tare
2318 4617 2423 4655 non
2451 4612 2733 4671 potuerant
2755 4646 2770 4670 ,
2801 4618 3084 4675 sperarunt
3130 4623 3190 4664 se
3233 4611 3572 4668 accusatione
3603 4628 3760 4683 posse

2178 4692 2326 4746 illum
2357 4707 2547 4763 cogere
2586 4694 2650 4749 ad
2687 4695 2737 4749 id
2782 4696 2848 4751 dc
2890 4712 2948 4754 se
2989 4700 3374 4769 confitendum,
3406 4704 3546 4773 quod
3575 4721 3757 4760 verum

2179 4795 2283 4835 non
2311 4791 2454 4836 esset
2482 4801 2494 4837 :
2523 4793 2576 4838 at
2614 4800 2717 4840 non
2754 4796 3062 4857 potuerunt.
3093 4791 3137 4846 0
3180 4794 3465 4847 amentiam
3492 4796 3506 4849 Ξ
3538 4811 3572 4850 o
3612 4810 3762 4851 arro-

2177 4875 2412 4945 gantiam
2456 4883 2510 4929 et
2561 4877 2990 4948 intempestivam
3021 4883 3382 4942 curiositatem
3412 4887 3426 4940 ι
3455 4886 3603 4944 Missi
3631 4887 3761 4942 estis

2180 4975 2238 5020 ut
2285 4965 2566 5023 disceretis
2609 4967 2677 5023 ab
2705 4984 2790 5037 eo,
2827 4971 2945 5040 quis
2973 4981 3026 5027 et
3066 4974 3205 5030 unde
3233 4985 3376 5031 esset
3420 4976 3571 5047 ipse;
3605 4992 3760 5032 num-

2181 5059 2306 5129 quid
2353 5059 2495 5131 leges
2540 5061 2641 5130 ipsi
2689 5065 3084 5132 prazscribetis?
3112 5069 3222 5125 Hoc
3268 5071 3409 5125 enim
3458 5073 3760 5142 cogentium

2180 5160 2295 5205 erat
2316 5191 2332 5216 ,
2365 5161 2420 5205 ut
2449 5166 2508 5207 se
2550 5151 2818 5208 Christum
2851 5170 2970 5212 esse
2995 5159 3359 5217 confiteretur.
3389 5162 3635 5217 Attamen
3669 5178 3762 5218 ne-

2182 5257 2287 5311 que
2311 5259 2452 5298 nunc
2480 5243 2799 5314 indignatur,
2828 5261 3000 5317 neque
3027 5259 3083 5303 ut
3110 5264 3204 5319 par
3223 5265 3343 5307 esse
3369 5252 3647 5307 videbatur
3670 5253 3765 5306 ali-

2182 5330 2307 5400 quid
2333 5334 2530 5402 profert
2557 5334 2732 5391 simile
2761 5353 2774 5391 :
2806 5338 2885 5390 An
2919 5353 3012 5393 vos
3057 5339 3184 5394 mihi
3212 5342 3532 5411 praecipitis,
3566 5342 3764 5412 legem-

2183 5435 2287 5489 que
2341 5422 2612 5478 statuitis?
2678 5440 2862 5480 verum
2926 5431 3144 5484 multam
3195 5447 3405 5485 rursum
3453 5432 3765 5490 modesuant

2186 5511 2417 5566 exhibet.
2441 5513 2570 5567 Nam
2601 5515 2673 5569 ait
2721 5533 2735 5570 :
2779 5518 2868 5571 9.6.
2905 5517 3017 5588 Ego
3045 5521 3243 5588 quidem
3270 5521 3468 5590 baptiso
3495 5522 3550 5576 in
3587 5539 3719 5592 aqua
3738 5539 3755 5576 :

2251 5667 2322 5739 (a)
2357 5676 2468 5739 Qua;
2500 5671 2684 5739 uncinis
2705 5669 2990 5726 clauduntur
3007 5712 3020 5735 ,
3047 5675 3181 5738 lapsu
3203 5677 3546 5739 tytmgrapnico
3577 5675 3769 5730 deside-

2195 5736 2360 5779 rantur
2387 5732 2433 5779 in
2454 5731 2614 5782 Morel.
