4068 6136
322 332 415 387 105

316 448 501 502 medius
528 452 696 496 autem
728 449 940 494 vestrum
967 445 1084 502 stat,
1115 449 1257 504 quem
1303 447 1387 484 vos
1426 428 1641 482 nescitis.
1673 424 1761 478 9.7.
1801 417 1897 475 Hic

1382 314 1446 370 IN
1482 308 1812 368 JOANNEM.
1854 304 2081 360 IIOMIL.
2129 308 2261 363 XVI.
2301 313 2369 366 al.
2411 313 2526 369 XV.

3478 308 3576 366 I06

2008 425 2129 481 tetis
2158 435 2322 483 totum
2347 429 2397 482 in
2428 431 2740 499 baptismate
2781 446 2903 487 meo
2935 429 3136 503 perﬁci.
3166 426 3221 484 Si
3265 427 3367 481 hoc
3395 425 3573 495 perle-

315 550 385 592 est
403 537 489 609 qui
520 544 634 605 post
664 550 744 585 me
770 539 1002 585 venturus
1025 536 1117 591 est,
1149 526 1234 596 qui
1258 533 1373 576 ante
1407 538 1485 574 me
1503 524 1666 591 factus
1690 526 1781 580 est,
1810 531 1901 566 cu—
2003 526 2144 570 ctum
2176 526 2339 585 esset,
2368 534 2472 573 non
2517 521 2652 576 alius
2678 531 2797 592 post
2822 537 2908 577 me
2930 520 3157 586 veniret,
3188 518 3409 572 alterum
3439 512 3575 568 atlas
3601 532 3624 614 ί

312 632 395 702 jus
422 646 521 681 non
547 643 661 680 sum
688 625 874 695 dignus
896 629 951 673 ut
972 620 1163 672 solvam
1188 616 1454 685 corrigiam
1481 609 1825 666 calceamenti.

388 720 440 773 Ξ.
474 719 687 773 Judteos
707 713 1043 770 testimonium
1062 708 1278 762 Joannis
1298 704 1360 759 Β.
1396 704 1721 776 postulantes,
1754 715 1899 754 suam

317 811 419 880 ipsi
436 807 811 862 accusationem
843 798 1179 872 postularunt.
1208 825 1280 835 -ο
1308 788 1454 860 Quid
1500 793 1581 846 his
1629 803 1899 859 opponere

322 879 544 970 possunt
567 893 779 951 Juda-i?
801 891 998 946 Contra
1024 888 1159 941 hanc
1188 884 1582 939 accusationem
1613 895 1679 935 ne
1706 879 1899 936 mutirc

319 990 536 1060 quidem
565 991 810 1056 possunt,
852 979 1122 1035 damnatio
1144 976 1284 1030 nulla
1308 974 1458 1028 venia
1478 972 1648 1027 averti
1682 977 1856 1038 potest
1880 1008 1895 1035 ,

322 1056 423 1149 ipsi
478 1087 662 1132 contra
712 1074 916 1142 seipsos
963 1068 1277 1123 sententiam
1322 1065 1570 1118 tulerunt.
1623 1056 1900 1139 Quomodo

321 1183 376 1225 et
396 1186 497 1241 qua
527 1168 731 1222 ratione
755 1167 779 1217 ’ἐ
811 1163 937 1221 Fide
956 1162 1172 1231 dignum
1203 1157 1456 1229 putabant
1477 1169 1594 1210 esse
1616 1153 1897 1218 Joannem,

323 1269 380 1315 et
407 1260 476 1312 ita
507 1271 771 1317 veracem,
807 1262 862 1307 ut
889 1266 993 1305 non
1035 1248 1194 1304 modo
1220 1262 1342 1302 cum
1361 1246 1429 1301 de
1450 1245 1591 1308 aliis,
1617 1242 1711 1298 sed
1736 1241 1896 1295 etiam

321 1364 444 1405 cum
475 1348 544 1404 de
572 1348 751 1416 seipse
778 1344 1175 1405 testiﬁcaretur,
1206 1338 1504 1399 credendus
1532 1343 1694 1391 esset.
1715 1332 1900 1403 Neque

320 1440 489 1505 enim,
520 1438 621 1493 nisi
650 1451 709 1491 ea
733 1436 951 1489 fuissent
977 1433 1246 1503 opiniOne,
1273 1430 1545 1483 misissent
1566 1426 1652 1496 qui
1675 1425 1902 1479 interro-

321 1537 513 1600 ειη-θυι
563 1529 711 1582 illum
742 1525 812 1581 de
845 1526 1042 1594 seipse.
1073 1524 1233 1580 Scitis
1267 1524 1408 1577 enim
1437 1535 1535 1575 nos
1565 1520 1671 1573 illis
1697 1524 1901 1571 tantum

320 1619 388 1674 de
407 1618 602 1687 seipsis
625 1616 965 1687 loquentibus
988 1614 1229 1678 credere,
1258 1626 1392 1682 quos
1410 1610 1645 1665 omnium
1666 1606 1900 1661 veracis-

320 1714 487 1764 simos
520 1721 644 1763 esse
689 1717 956 1776 putamus.
1000 1703 1184 1773 Neque
1229 1701 1357 1756 illud
1408 1709 1609 1754 tantum
1665 1698 1899 1767 ipsorum

321 1799 555 1854 obstruit
577 1812 696 1863 ora,
726 1796 823 1850 sed
873 1795 1082 1848 animus
1129 1807 1341 1862 quoque
1384 1804 1491 1861 quo
1530 1788 1676 1842 illum
1726 1785 1898 1840 adorti

320 1899 467 1945 sunt.
488 1889 628 1943 Cum
658 1884 964 1942 vehementi
994 1899 1221 1953 namque
1238 1881 1413 1936 studio
1438 1880 1609 1950 ipsum
1629 1876 1896 1941 adierunt,

323 1984 447 2037 licet
468 1991 653 2052 postea
684 1979 872 2034 mutati
908 1979 1038 2032 sint.
1094 1977 1223 2044 Quae
1244 1974 1400 2029 ambo
1426 1970 1727 2042 signiﬁcans
1749 1967 1901 2022 Chri-

328 2085 442 2128 stus
465 2071 679 2127 dicebat
702 2088 719 2125 :
748 2070 849 2124 Ille
873 2079 976 2123 erat
999 2068 1204 2122 lucerna
1226 2066 1409 2119 ardens
1430 2104 1449 2131 ,
1494 2072 1542 2118 et
1569 2077 1653 2115 vos
1680 2059 1901 2114 voluistis

323 2166 391 2219 ad
426 2165 606 2218 lteram
643 2163 895 2217 exsultare
922 2163 976 2215 in
1022 2161 1132 2232 ejus
1173 2159 1284 2213 luce
1327 2158 1522 2228 (Joan.
1554 2157 1607 2212 5.
1636 2156 1705 2210 55
1749 2152 1791 2224 ).
1834 2153 1902 2207 Et

323 2255 602 2325 responsio
639 2254 756 2324 ejus
804 2253 960 2307 ﬁdem
1008 2251 1106 2322 ipsi
1137 2250 1456 2306 conciliabat
1481 2249 1757 2317 majorem.
1800 2245 1901 2314 Qui

323 2347 453 2400 enim
476 2363 577 2399 non
597 2346 778 2418 qurerit
807 2344 1019 2415 gloriam
1039 2358 1215 2407 suam,
1245 2341 1434 2409 inquit,
1461 2355 1613 2395 verax
1636 2347 1726 2402 est,
1746 2347 1795 2390 et
1817 2338 1899 2389 in-

322 2437 515 2509 iustitia
536 2438 589 2489 in
621 2437 711 2489 itto
740 2452 840 2488 non
868 2443 936 2487 est
966 2432 986 2505 (
1013 2430 1151 2486 Ibid.
1198 2433 1253 2487 7.
1285 2431 1353 2487 I8
1374 2432 1415 2502 ).
1471 2430 1567 2485 llic
1612 2442 1743 2483 vero
1793 2443 1898 2483 non

322 2528 590 2598 quwsivit,
621 2526 714 2581 sed
742 2525 808 2579 ad
836 2525 995 2578 alium
1031 2525 1174 2594 ipsos
1195 2522 1357 2577 misit.
1390 2521 1456 2576 Et
1486 2522 1573 2590 qui
1605 2519 1750 2573 missi
1775 2517 1893 2572 lue-

325 2627 441 2671 rant
466 2633 531 2672 ex
567 2616 671 2670 ﬁde
701 2614 1028 2685 dignioribus
1055 2613 1192 2683 apud
1226 2612 1368 2684 ipsos
1414 2621 1468 2665 et
1512 2626 1576 2665 ex
1633 2607 1901 2679 primariis

324 2707 449 2761 viris
468 2714 643 2771 erant,
661 2715 719 2759 ut
747 2705 890 2759 nulla
928 2706 1055 2773 ipsis
1081 2710 1383 2772 superesset
1402 2700 1671 2757 excusatio
1699 2709 1786 2752 aut
1814 2713 1902 2752 ve-

324 2798 408 2851 nia
437 2796 580 2867 quod
609 2796 824 2850 Christo
845 2810 949 2849 non
976 2794 1318 2849 crediderint.
1361 2791 1468 2848 Cur
1491 2792 1632 2847 enim
1661 2805 1766 2844 non
1808 2788 1903 2844 0b-

326 2888 667 2957 temperastis
692 2888 760 2941 iis
797 2902 913 2957 qua)
933 2885 1166 2942 Joannes
1192 2885 1259 2939 de
1290 2884 1379 2938 illo
1407 2881 1647 2938 dicebat?
1667 2881 1775 2937 Vos
1797 2881 1900 2935 mi-

322 2980 468 3035 sistis
498 2980 763 3049 primores
790 2988 1022 3042 vestros,
1075 2992 1170 3030 vos
1202 2975 1437 3045 ipsorum
1482 2989 1643 3044 opera
1673 2973 1901 3028 interro-

322 3071 525 3139 gastis!
553 3084 651 3124 vos
695 3068 915 3123 audistis
939 3066 1065 3136 quid
1096 3066 1328 3136 Baptista
1356 3064 1706 3133 responderit.
1733 3062 1903 3119 Omne

320 3162 582 3229 studium,
612 3177 826 3217 omnem
855 3160 1181 3231 diligentiam
1218 3158 1291 3211 illi
1314 3156 1689 3221 adhibuerunt,
1722 3155 1900 3211 omnia

321 3257 543 3311 scrutati
569 3263 717 3321 sunt,
738 3267 1029 3322 omnesque
1051 3250 1396 3322 protulerunt
1422 3262 1555 3317 quos
1585 3246 1893 3317 suspicaba-

325 3349 499 3406 mini:
543 3358 600 3404 et
622 3357 798 3402 tamen
830 3345 1061 3401 illecum
1103 3344 1350 3398 libertate
1389 3354 1579 3410 magna
1623 3337 1903 3393 confessus

323 3451 425 3502 est.
455 3457 517 3497 se
546 3456 649 3495 nec
668 3438 956 3503 Christum,
990 3451 1089 3491 nec
1121 3435 1314 3501 Eliam,
1347 3448 1451 3489 nec
1502 3432 1816 3502 prophetam
1841 3431 1903 3485 il-

327 3535 437 3589 lum
483 3548 628 3589 esse.
660 3531 844 3601 Neque
866 3530 973 3597 hoc
997 3537 1303 3592 contentus,
1342 3526 1461 3597 quis
1502 3526 1614 3597 ipse
1643 3534 1785 3579 esset
1808 3524 1905 3579 do-

326 3626 456 3690 cuit,
485 3634 542 3679 et
576 3623 646 3678 de
675 3621 1013 3694 baptismatis
1062 3620 1144 3674 sui
1195 3626 1383 3673 natura
1425 3617 1710 3683 disseruit,
1763 3615 1903 3687 quod

327 3732 520 3787 nempe
543 3716 794 3786 exiguum
821 3721 875 3769 et
909 3714 1014 3768 vile
1039 3720 1201 3778 esset,
1230 3718 1286 3766 et
1313 3718 1507 3780 praeter
1536 3725 1729 3780 aquam
1774 3708 1904 3762 nihil

329 3809 558 3879 amplius
579 3808 801 3862 haberet
826 3846 840 3870 ,
864 3804 1151 3861 ostendens
1179 3802 1592 3872 praecellentiam
1625 3801 1907 3869 baptisma-

331 3904 401 3957 tis
421 3917 451 3956 a
477 3900 698 3956 Christo
722 3898 852 3953 dati.
883 3896 1109 3952 Protulit
1128 3910 1338 3965 quoque
1365 3895 1552 3948 Isaiam
1582 3894 1898 3965 prophetam

337 3993 427 4048 diu
452 4002 610 4047 antea
646 3990 1043 4053 testiﬁcantem,
1072 3987 1220 4046 illum
1253 3985 1555 4050 Dominum,
1603 3985 1741 4039 hunc
1791 3998 1907 4039 scr-

333 4099 455 4138 vum
471 4093 526 4138 et
550 4083 852 4136 ministrum
877 4087 1181 4134 vocantem.
1210 4077 1344 4145 Quid
1363 4078 1573 4131 demum
1597 4075 1909 4146 supererat?

333 4187 507 4227 annon
536 4179 595 4227 ut
615 4170 900 4226 crederent
928 4169 977 4223 ei
1004 4167 1071 4224 de
1100 4184 1206 4237 quo
1234 4156 1591 4221 testimonium
1621 4165 1907 4233 ferebatur,

337 4274 395 4319 ut
420 4264 706 4319 adorarent
729 4278 875 4327 eum,
895 4270 947 4315 et
967 4260 1350 4315 conﬁterentur
1376 4259 1540 4314 Deum
1563 4259 1586 4313 ‘t
1611 4258 1761 4327 Quod
1811 4275 1909 4311 au-

337 4363 443 4408 tem
477 4352 841 4408 teStimonium
874 4365 977 4404 non
1006 4364 1070 4403 ex
1101 4348 1424 4412 adulatione,
1458 4346 1551 4401 sed
1595 4362 1657 4401 ex
1692 4347 1913 4401 veritate

338 4443 672 4514 procederet,
718 4440 770 4495 id
814 4447 871 4494 et
914 4453 1093 4493 mores
1124 4446 1178 4493 et
1209 4437 1541 4507 philosophia
1586 4435 1915 4490 testilicantis

324 4535 714 4591 ‘ostendcbant.
747 4530 877 4587 Inde
900 4545 1027 4585 vero
1072 4530 1247 4601 palam
1295 4530 1344 4584 id
1377 4537 1512 4593 erat,
1562 4529 1703 4600 quod
1758 4543 1915 4582 nemo

341 4628 639 4697 proximum
663 4622 760 4679 sibi
782 4622 1049 4693 prmferat,
1075 4637 1245 4691 neque
1267 4621 1308 4675 si
1340 4621 1507 4690 possit
1535 4621 1790 4674 honorem
1815 4619 1914 4673 sibi

339 4719 654 4781 conciliare,
682 4716 835 4770 alteri
868 4715 1014 4769 illum
1061 4713 1253 4780 cedat,
1308 4728 1427 4767 cum
1472 4714 1702 4766 maxime
1742 4720 1917 4766 tantus

342 4818 481 4865 esset
512 4810 710 4862 honor.
742 4806 925 4875 Itaque
966 4803 1234 4869 Joannes,
1283 4804 1382 4856 nisi
1435 4804 1675 4858 Christus
1732 4803 1920 4857 fuisset

347 4900 501 4963 Deus,
528 4911 819 4966 numquam
870 4895 974 4950 hoc
1016 4894 1378 4949 testimonium
1428 4893 1753 4961 protulisset.
1784 4891 1915 4945 Nam

344 4991 388 5044 si
417 4990 561 5043 hunc
589 4988 875 5053 honorem,
904 4997 1087 5057 utpote
1118 4995 1358 5040 naturam
1392 5001 1544 5040 suam
1582 4984 1738 5055 longe
1764 5000 1922 5039 exsu—

351 5089 651 5151 perantem,
702 5078 769 5133 ab
799 5092 858 5134 se
883 5079 1115 5147 repulit:
1141 5088 1285 5133 certe
1308 5093 1412 5132 non
1435 5078 1522 5131 alii
1550 5086 1753 5130 naturae
1782 5076 1919 5130 inlc-

345 5173 471 5227 riori
520 5173 674 5227 illum
729 5171 1023 5225 tribuisset.
1084 5169 1283 5224 Medius
1319 5180 1485 5223 autem
1531 5179 1745 5224 vestrum
1785 5176 1920 5233 stat,

349 5280 490 5333 quem
534 5279 624 5319 vos
667 5263 888 5317 nescitis.
917 5260 1033 5316 Hoc
1066 5261 1216 5325 dixit,
1243 5263 1361 5330 quia
1388 5261 1500 5326 ille,
1546 5271 1600 5315 ut
1632 5275 1726 5331 par
1771 5268 1885 5315 erat
1909 5301 1923 5325 ,

348 5356 496 5424 quasi
529 5368 671 5409 unus
693 5368 724 5408 e
753 5353 905 5407 turba
932 5352 1127 5422 populo
1169 5350 1580 5416 admisccbatur,
1630 5359 1810 5420 utpote
1838 5350 1925 5418 qui

352 5447 547 5516 ubique
576 5455 631 5501 et
659 5445 828 5501 fastus
876 5453 930 5498 et
978 5457 1189 5513 pompae
1236 5451 1600 5511 contemptum
1659 5441 1926 5495 edoceret.

351 5536 724 5607 Cognitionem
785 5542 966 5589 autem
1016 5532 1107 5586 hic
1145 5531 1273 5586 dicit
1319 5531 1607 5599 perfectam
1651 5530 1888 5584 nozitiam
1915 5571 1928 5594 ,

354 5643 543 5698 nempe
575 5627 702 5697 quis
725 5634 907 5692 esset,
951 5623 1090 5679 unde
1137 5621 1394 5675 venisset.
1429 5620 1562 5673 Illud
1603 5636 1728 5674 vero
1751 5662 1764 5686 ,
1810 5619 1934 5674 Post

352 5730 691 5775 meaenturus
732 5729 828 5786 est,
864 5731 1009 5787 saepe
1033 5714 1248 5786 posuit,
1278 5727 1341 5766 ac
1370 5711 1411 5767 si
1441 5712 1643 5767 diceret
1669 5731 1680 5767 :
1730 5713 1804 5768 Ne
1833 5729 1931 5783 pu-

2001 616 2188 672 turus;
2242 611 2334 665 sed
2374 609 2475 665 hoc
2501 610 2566 667 ad
2611 612 2740 667 illud
2787 622 2869 667 est
2915 614 3233 681 praeparatio
3300 604 3614 677 qmedam.i

2001 700 2195 756 Nostra
2247 711 2371 758 sunt
2396 704 2581 759 umbra
2607 713 2660 759 et
2686 705 2891 777 imago;
2934 704 3093 759 alium
3123 701 3308 758 venire
3333 704 3571 770 oportet,

1998 794 2088 865 qui
2111 794 2388 850 veritatem
2437 795 2640 851 all'erat.
2672 796 2856 865 Itaque
2897 795 3024 850 illud
3051 836 3064 859 ,
3116 794 3241 847 Post
3274 809 3352 847 me
3387 792 3571 852 veniet,

1999 887 2113 959 ejus
2142 886 2454 957 dignitatem
2484 889 2713 943 maxime
2742 887 2995 943 ostendit.
3022 885 3153 941 Nam
3185 884 3231 939 si
3263 883 3367 939 hoc
3393 881 3566 952 perle-

1999 987 2141 1032 ctum
2169 989 2329 1046 esset,
2355 996 2460 1035 non
2491 979 2783 1035 secundum
2814 987 3161 1051 quaereretur,
3206 975 3334 1030 Ante
3366 990 3444 1027 me
3473 975 3557 1043 fa-

2000 1082 2110 1127 ctus
2150 1083 2252 1141 est;
2297 1074 2398 1130 hoc
2443 1085 2519 1131 est
2552 1117 2567 1143 ,
2626 1090 2711 1130 me
2753 1073 3115 1130 honorabilior
3148 1078 3203 1125 et
3222 1067 3414 1123 clarior
3468 1071 3570 1118 est.

2002 1162 2204 1219 Deinde
2243 1180 2310 1219 ne
2340 1174 2588 1235 putarent
2628 1163 3040 1236 prmcellentiam
3084 1176 3149 1215 ex
3174 1153 3573 1226 comparatione

2000 1253 2245 1321 indicari,
2286 1263 2342 1310 ut
2374 1256 2570 1310 nullam
2623 1269 2741 1309 esse
2790 1251 3242 1323 comparationem
3295 1244 3568 1305 declaret,

2001 1345 2184 1415 adjicit
2211 1364 2224 1400 :
2251 1342 2409 1417 Cujus
2434 1362 2535 1399 non
2563 1362 2673 1398 sum
2700 1345 2883 1415 dignus
2909 1341 3098 1397 solvere
3135 1336 3440 1409 corrigiam;
3470 1332 3573 1387 hoc

2001 1445 2086 1495 est
2106 1479 2120 1503 ,
2148 1436 2261 1492 Non
2292 1438 2461 1492 solum
2487 1445 2609 1491 ante
2640 1452 2723 1491 me
2754 1435 2920 1490 factus
2964 1442 3044 1488 est
3069 1472 3085 1499 ,
3122 1430 3214 1485 sed
3247 1428 3316 1482 ita
3344 1439 3431 1481 res
3461 1431 3568 1484 est,

2002 1537 2061 1583 ut
2094 1543 2161 1584 ne
2183 1528 2398 1598 quidem
2422 1529 2560 1583 inter
2601 1529 2812 1583 ultimos
2838 1527 2953 1597 ejus
3006 1522 3229 1577 famulos
3274 1514 3570 1587 computari

1999 1634 2243 1685 merear;
2291 1620 2710 1675 calceamentnm
2740 1619 2935 1688 quippe
2972 1615 3217 1677 solvere,
3270 1617 3565 1665 extremum

2000 1708 2355 1764 ministerium
2389 1717 2493 1765 est.
2550 1708 2701 1777 Quod
2746 1708 2791 1762 si
2834 1707 3065 1761 Joannes
3110 1716 3216 1756 non
3246 1706 3329 1753 est
3379 1695 3571 1764 dignus

2001 1798 2088 1869 qui
2119 1798 2400 1869 corrigiam
2423 1799 2619 1863 solvat,
2651 1797 2884 1852 Joannes
2905 1809 3011 1866 quo
3035 1791 3213 1847 nullus
3233 1787 3403 1857 major
3431 1785 3573 1837 inter

2000 1898 2153 1945 natos
2183 1890 2460 1945 mulierum
2508 1889 2680 1961 (Luc.
2705 1889 2756 1941 7.
2785 1888 2874 1942 28.
2916 1886 3103 1940 Matth.
3152 1881 3240 1937 II.
3286 1876 3390 1947 11)
3421 1893 3435 1929 :
3465 1886 3571 1943 quo

1999 1996 2098 2037 nos
2128 1982 2225 2051 ipsi
2249 1982 2365 2035 loco
2386 1978 2682 2050 ponemus?
2708 1976 2763 2034 Si
2783 1978 2826 2031 is
2839 1977 2925 2048 qui
2942 1974 3058 2030 orbi
3087 1973 3328 2043 aequalis,
3357 1971 3463 2025 imo
3481 1967 3571 2020 illo

1999 2075 2169 2144 major
2191 2082 2306 2127 erat
2332 2072 2347 2104 ¹
2372 2071 2391 2144 (
2418 2071 2661 2139 Quorum,
2692 2067 2893 2139 inquit,
2940 2066 3122 2137 dignus
3152 2081 3253 2119 non
3287 2071 3394 2118 erat
3419 2076 3567 2116 mun-

1999 2166 2094 2217 dus
2132 2160 2324 2235 [Ηειν.
2362 2163 2448 2216 lt.
2480 2159 2570 2234 58]
2594 2160 2635 2227 ),
2686 2176 2744 2215 se
2775 2158 3044 2227 indignum
3071 2170 3189 2211 esse
3218 2154 3291 2208 ait
3315 2153 3403 2223 qui
3434 2152 3574 2205 inter

2001 2256 2217 2313 ultimos
2258 2254 2374 2325 ejus
2414 2253 2685 2308 ministros
2712 2259 3088 2320 computetur:
3122 2246 3247 2319 quid
3282 2260 3380 2301 nos
3423 2245 3571 2300 dice-

2001 2360 2139 2411 mus,
2171 2346 2259 2416 qui
2284 2345 2433 2401 malis
2462 2343 2759 2400 innumeris
2784 2342 2959 2396 onusti
3003 2353 3217 2404 sumus,
3248 2337 3338 2408 qui
3368 2345 3569 2391 tantum

2002 2438 2263 2495 distamus
2298 2452 2329 2494 a
2381 2435 2601 2493 Joannis
2639 2435 2837 2490 virtute
2867 2473 2883 2501 ,
2928 2442 3184 2500 quantum
3224 2438 3363 2484 terra
3412 2424 3573 2482 distat

2002 2544 2031 2584 a
2058 2529 2234 2585 caelo?

2075 2622 2129 2676 ὁ.
2181 2620 2277 2675 IIic
2303 2632 2430 2690 ergo
2451 2633 2510 2675 se
2531 2617 2803 2689 indignum
2835 2629 2955 2670 esse
2983 2614 3055 2669 ait
3082 2612 3171 2684 qui
3200 2612 3371 2668 solvat
3396 2608 3565 2667 corri-

2001 2714 2141 2784 giam
2166 2713 2530 2768 calceamenti.
2557 2710 2759 2766 Inimici
2789 2718 2966 2765 autem
2993 2707 3230 2762 veritatis
3272 2707 3324 2760 in
3372 2712 3569 2759 tantam

2005 2813 2361 2877 prorumpunt
2399 2805 2659 2861 insaniam
2683 2845 2698 2869 ,
2732 2812 2792 2858 ut
2819 2802 3000 2857 dicant
3028 2816 3085 2855 se
3111 2814 3268 2854 nosse
3295 2798 3442 2852 illum
3467 2837 3482 2861 ,
3511 2802 3570 2849 ut

2004 2898 2118 2969 ipse
2139 2911 2198 2953 se
2222 2897 2386 2951 novit.
2414 2896 2527 2963 Qua
2561 2894 2789 2949 amentia
2824 2891 2949 2962 quid
2977 2889 3257 2947 deterius?
3284 2903 3387 2959 qua
3416 2902 3568 2942 arro-

2003 2990 2180 3059 gantia
2202 2988 2326 3057 quid
2354 2984 2652 3043 furiosius?
2698 2984 2841 3040 Bene
2866 2983 3000 3039 dixit
3039 2982 3255 3051 sapiens
3308 2979 3520 3050 quidam
3556 2996 3569 3034 :

2006 3078 2325 3147 Principium
2345 3076 2592 3145 superbiae
2636 3091 2735 3129 non
2780 3089 2924 3128 nosse
2966 3071 3241 3127 Dominum
3268 3067 3451 3138 (Eccli.
3482 3065 3569 3122 10.

2004 3171 2073 3228 14
2089 3168 2129 3242 ).
2160 3168 2274 3224 Non
2301 3169 2540 3238 dejectus
2569 3182 2667 3222 nec
2691 3166 2936 3222 diabolus
2964 3162 3183 3219 effectus
3230 3161 3418 3216 fuisset
3459 3158 3570 3213 dia-

2004 3263 2159 3318 belus
2181 3261 2289 3328 ille,
2316 3261 2406 3332 qui
2431 3270 2553 3315 ante
2580 3259 2824 3315 diabolus
2864 3272 2968 3312 non
2995 3264 3130 3319 erat,
3168 3253 3267 3309 nisi
3291 3252 3392 3308 hoc
3434 3266 3575 3306 more

2003 3357 2073 3413 ho
2100 3366 2287 3426 captus
2310 3354 2516 3409 fuisset.
2546 3352 2657 3408 Hoc
2678 3352 2821 3406 illum
2849 3366 2878 3405 a
2906 3350 3126 3421 pristina
3148 3346 3338 3402 ﬁducia
3359 3343 3570 3414 dejccit,

2006 3449 2107 3502 hoc
2132 3448 2183 3500 in
2205 3444 2500 3518 gehennam
2552 3442 2786 3505 demisit,
2843 3441 2942 3495 hoc
2987 3440 3085 3509 ipsi
3141 3446 3298 3507 caput
3339 3435 3574 3492 omnium

2006 3540 2269 3594 malorum
2299 3535 2418 3591 fuit.
2449 3535 2560 3617 Hoc
2580 3533 2773 3604 quippe
2796 3531 2979 3586 vitium
3021 3544 3235 3584 omnem
3281 3525 3442 3582 animi
3472 3522 3578 3577 vir-

2008 3638 2171 3685 tutem
2201 3616 2521 3692 labefactat,
2551 3625 2947 3695 elccmosynam
2996 3634 3207 3690 nempe,
3256 3616 3572 3678 orationem,

2003 3722 2285 3793 jejunium,
2307 3717 2514 3789 quidvis
2538 3716 2701 3772 aliud.
2733 3713 3003 3769 Excetsum
3045 3711 3099 3765 in
3151 3708 3453 3773 hominibus,
3496 3706 3577 3760 in-

2009 3816 2142 3885 quit,
2166 3814 2423 3882 impurum
2444 3819 2518 3866 est
2542 3809 2680 3881 apud
2710 3806 3003 3860 Dominum.

2081 3903 2333 3973 Superbia
2361 3901 2497 3956 omni
2524 3902 2641 3954 vitio
2685 3900 2847 3970 pejor.
2889 3894 3058 3951 Homo
3102 3909 3345 3964 arrogans
3386 3889 3567 3943 acriter

2010 3996 2349 4066 rcdarguittu‘.
2375 3993 2562 4048 -—Non
2593 3991 2869 4047 fornicatio
2893 3991 3051 4058 igitur
3074 4027 3090 4051 ,
3124 4000 3228 4038 non
3260 3982 3575 4037 adulterium

2014 4098 2214 4143 tantum
2243 4087 2510 4140 hominem
2546 4082 2770 4153 polluit,
2817 4081 2910 4135 sed
2943 4081 3100 4134 etiam
3128 4086 3181 4130 et
3218 4075 3382 4129 multo
3414 4071 3578 4141 magis

2012 4179 2278 4250 superbia.
2312 4174 2527 4242 Quare?
2554 4173 2814 4240 Quoniam
2860 4168 3137 4224 lornicatio
3169 4166 3293 4219 licet
3316 4163 3468 4218 venia
3499 4164 3579 4216 iu-

2013 4274 2169 4343 digna
2217 4272 2321 4335 sit,
2354 4277 2525 4337 potest
2571 4277 2745 4319 tamen
2775 4264 2892 4334 quis
2924 4258 3407 4328 concupiscentiam
3438 4270 3579 4323 prce-

2017 4362 2235 4418 tendere
2267 4377 2281 4414 :
2309 4355 2611 4427 arrogantia
2636 4369 2764 4410 vero
2791 4352 2985 4406 nullam
3020 4349 3175 4402 habet
3209 4360 3445 4407 causam,
3475 4359 3580 4397 non

2015 4457 2290 4510 obtentum
2315 4493 2330 4514 ,
2380 4465 2485 4520 quo
2532 4449 2613 4505 vel
2654 4447 2821 4502 venia:
2862 4445 3102 4499 umbram
3145 4449 3453 4497 mereatur:
3492 4438 3584 4493 sed

2019 4546 2152 4602 nihil
2176 4544 2320 4600 aliud
2347 4552 2432 4599 est
2457 4556 2612 4611 quam
2643 4541 2836 4595 mentis
2859 4537 3068 4592 eversio
3091 4575 3106 4601 ,
3136 4533 3352 4589 morbus
3379 4530 3587 4600 gravis-

2019 4638 2185 4693 simus
2213 4651 2279 4692 ex
2306 4650 2407 4689 una
2436 4631 2735 4702 insipientia
2776 4638 2942 4684 ortus.
2977 4626 3115 4681 Nihil
3139 4625 3282 4680 enim
3330 4621 3586 4689 insipien-

2020 4730 2124 4784 tius
2153 4736 2433 4797 arrogante
2476 4725 2691 4779 homine
2714 4766 2730 4790 ,
2757 4725 2860 4777 etsi
2893 4720 3328 4791 Opulentissimus
3358 4717 3456 4780 sit,
3486 4712 3589 4768 etsi

2022 4828 2240 4874 externa
2272 4818 2358 4871 illa
2385 4816 2640 4884 sapientia
2668 4812 2949 4868 admodum
2980 4814 3284 4873 instructus,
3317 4813 3591 4876 quantum-

2023 4913 2102 4967 vis
2132 4920 2337 4980 potens,
2386 4907 2593 4962 etiamsi
2635 4921 2696 4960 ea
2726 4903 2901 4959 omnia
2946 4917 3065 4971 qua:
3094 4899 3396 4955 hominibus
3432 4910 3592 4964 expc-

2026 5000 2182 5056 tenda
2209 4999 2456 5053 videntur
2481 4996 2740 5050 obtineat.
2767 4992 2898 5047 Nam
2927 4992 2970 5045 si
2998 4992 3042 5044 is
3066 4991 3155 5059 qui
3177 4989 3245 5043 de
3274 4985 3412 5041 veris
3440 4985 3591 5037 benis

2025 5091 2282 5161 superbit,
2305 5088 2483 5142 infelix
2504 5101 2566 5140 ac
2589 5086 2769 5149 tniser,
2797 5081 3033 5135 omnium
3061 5079 3269 5133 illorum
3293 5072 3591 5129 mercedem

2027 5186 2270 5247 amittat;
2300 5182 2388 5250 qui
2415 5179 2481 5233 de
2512 5177 2574 5232 iis
2613 5193 2730 5247 qua:
2775 5174 2904 5229 nihil
2935 5181 3057 5228 sunt
3097 5168 3382 5231 extollitur,
3412 5164 3502 5235 qui
3530 5180 3593 5219 ex

2031 5277 2214 5329 umbra
2241 5281 2294 5327 et
2339 5272 2460 5325 lieni
2490 5269 2638 5335 flore,
2671 5267 2720 5322 id
2747 5270 2889 5323 enim
2930 5273 3008 5319 est
3039 5262 3208 5316 inanis
3248 5259 3412 5329 gloria
3434 5300 3448 5324 ,
3479 5273 3596 5312 sese

2034 5369 2210 5429 inﬂat,
2241 5363 2507 5434 quomodo
2533 5378 2639 5416 non
2682 5361 2916 5413 omnium
2966 5356 3196 5410 maxime
3224 5350 3478 5407 ridiculus
3502 5351 3565 5404 sit
3587 5392 3599 5412 ,

2036 5478 2153 5518 cum
2187 5459 2413 5529 idipsum
2454 5465 2575 5526 agat
2620 5453 2757 5523 quod
2805 5464 3003 5520 pauper
3041 5455 3097 5500 et
3149 5443 3421 5500 mendicus
3447 5483 3461 5509 ,
3512 5442 3600 5511 qui

2102 5598 2116 5628 ³
2153 5603 2265 5651 Quae
2289 5594 2411 5640 intra
2434 5587 2757 5651 parcnthcses
2788 5581 3115 5651 includuntur,
3134 5578 3281 5651 aliter
3297 5573 3601 5651 habenturiﬂ

2039 5632 2265 5711 Morel:
2292 5632 2509 5712 nitida";
2530 5632 2714 5696 istiuas
2751 5644 2896 5705 enim,
2919 5643 2984 5712 .de
3021 5632 3167 5705 jurtis
3199 5642 3392 5703 loquens
3418 5669 3433 5697 ,
3469 5632 3605 5688 dicit,

2052 5706 2296 5776 «quorum
2319 5706 2489 5772 (lignus
2522 5721 2612 5758 non
2644 5714 2747 5758 erat
2780 5706 3000 5757 mundus.
3039 5723 3061 5750 ι
