4068 6136
498 263 597 318 107

497 394 711 449 semper
757 377 1029 435 famelicus
1052 415 1072 444 ,
1100 374 1147 429 si
1188 373 1354 430 semel
1402 371 1582 426 laetum
1611 369 1876 425 somnium
1919 372 2081 421 noctu

504 470 698 525 viderit
717 509 733 537 ,
763 468 884 522 ideo
908 464 1216 537 glorietur?
1238 462 1425 519 Infelix
1459 470 1514 517 et
1533 462 1699 516 miser
1715 501 1732 529 ,
1752 459 1877 515 dum
1902 458 2077 513 anima

502 569 591 614 tua
618 557 934 629 gravissimo
955 555 1145 611 morbo
1168 554 1551 624 corrumpitur,
1578 561 1818 608 extrema
1843 565 2076 622 pauper-

497 657 605 702 tate
633 648 913 711 laborans,
952 646 1124 700 altum
1172 645 1357 716 sapis,
1405 643 1547 714 quod
1594 652 1674 698 tot
1717 642 1913 698 talenta
1959 640 2077 698 auri

496 737 716 803 habeas,
741 741 872 806 quot
907 749 1191 791 servorum
1220 734 1464 790 turbam!
1498 733 1690 790 Verum
1718 732 1834 789 hmo
1859 747 1963 789 non
1990 742 2077 788 tua

493 838 639 885 sunt.
663 828 719 883 Si
741 827 872 883 mihi
897 842 1002 884 non
1028 827 1225 892 credis,
1250 827 1477 882 aliorum
1502 825 1724 880 divitum
1747 825 2077 895 experientia

494 919 551 977 id
575 919 775 976 edisce.
798 917 893 974 Sin
938 918 1009 973 ita
1050 917 1233 974 ebrius
1260 932 1340 983 es,
1368 925 1429 972 ut
1467 915 1772 986 hujusmodi
1819 915 2076 985 exemplis

496 1028 607 1069 non
635 1012 929 1068 insﬁtuaris
951 1053 966 1077 ,
996 1011 1273 1082 paululum
1310 1017 1560 1080 exspecta
1585 1049 1599 1075 ,
1630 1016 1685 1063 et
1709 1008 2077 1078 experimento

500 1113 592 1161 tuo
622 1103 850 1167 edisces,
875 1102 1007 1157 nihil
1035 1103 1157 1156 hinc
1178 1100 1270 1155 tibi
1295 1099 1536 1154 utilitatis
1560 1098 1838 1165 accedere,
1866 1097 2077 1169 quando

498 1195 729 1250 animam
758 1185 974 1259 efﬂans,
1004 1206 1103 1248 nec
1128 1191 1274 1247 hora:
1310 1205 1410 1245 nec
1433 1189 1688 1245 momenti
1716 1190 1873 1244 unius
1901 1189 2075 1244 domi-

497 1300 638 1350 nus,
666 1275 783 1339 ιιωο
812 1274 1006 1338 invitus
1029 1282 1381 1353 praesentibus
1408 1280 1674 1349 relinques
1697 1321 1711 1345 ,
1741 1280 1909 1350 iisque
1933 1295 2077 1350 saepe

495 1375 687 1444 quibus
716 1367 908 1428 nolles.
939 1363 1117 1427 Multis
1143 1371 1284 1426 enim
1313 1384 1413 1424 nec
1441 1368 1509 1424 de
1548 1369 1612 1424 iis
1637 1368 1924 1438 disponere
1954 1383 2075 1438 per—

496 1465 717 1520 missum
751 1464 872 1530 fuit,
904 1462 998 1517 sed
1051 1470 1270 1531 repente
1319 1460 1651 1530 migrarunt,
1694 1458 1819 1514 dum
1870 1458 1934 1513 iis
1968 1458 2074 1513 l‘rui

493 1556 776 1625 optarent,
810 1567 908 1608 nec
936 1566 1249 1610 concessum
1277 1551 1384 1606 illis
1413 1560 1527 1617 est,
1553 1550 1648 1605 sed
1687 1551 1939 1606 abstracti
1965 1592 1981 1618 ,
2011 1566 2074 1606 ac

494 1662 590 1715 per
615 1647 720 1700 vim
746 1644 957 1699 abducti
981 1686 996 1709 ,
1028 1644 1180 1708 aliis,
1206 1642 1398 1712 quibus
1445 1642 1666 1696 minime
1694 1641 1978 1709 volebant,
2007 1656 2072 1696 ea

492 1738 839 1806 reliquerunt.
862 1734 1012 1801 Quod
1045 1748 1113 1789 ne
1150 1732 1305 1787 nobis
1347 1730 1584 1794 accidat,
1618 1729 1742 1785 hinc
1766 1730 1878 1800 jam
1901 1772 1917 1799 ,
1943 1729 2071 1786 dum

494 1844 592 1900 per
608 1826 967 1882 valetudinem
992 1825 1134 1890 licet,
1157 1824 1431 1878 mittamus
1452 1822 1506 1876 in
1526 1822 1794 1876 civitatem
1812 1830 2072 1877 nostram.

494 1919 591 1973 lllo
614 1917 757 1972 enim
784 1924 984 1969 tantum
1014 1913 1174 1969 modo
1204 1912 1291 1967 his
1320 1911 1424 1966 frui
1450 1910 1778 1981 poterimus,
1808 1909 1942 1966 alias
1965 1909 2066 1966 mi-

1261 257 1320 314 S.
1358 254 1635 314 JOANNIS
1671 247 2140 311 CHRYSOSTOMI
2178 246 2493 304 ARCIIIEP.
2536 241 3069 305 CONS'I‘ANTINOP.

3672 258 3774 314 I08

2190 361 2332 418 nime
2361 379 2374 416 :
2402 363 2482 418 sic
2525 363 2576 418 in
2625 364 2949 420 tutissimum
2997 365 3173 422 locum
3223 369 3600 430 recendemus.
3634 373 3771 430 Nihil

2186 454 2361 521 enim,
2417 455 2550 510 nihil
2600 457 2782 527 utique
2835 466 3011 527 potest
3061 474 3123 514 ea
3177 460 3336 516 istinc
3374 463 3619 531 auferre,
3666 474 3772 522 neu

2183 560 2361 612 mors,
2389 562 2495 602 non
2532 556 2883 616 testamenta,
2934 565 3039 605 non
3066 550 3427 608 hereditatum
3464 559 3773 627 successio,

2182 651 2290 692 non
2321 639 2685 710 sycophantiae
2711 640 2795 696 vel
2841 641 3047 697 insidia:
3077 660 3091 707 ;
3120 644 3213 699 sed
3243 646 3330 714 qui
3359 645 3484 701 hinc
3533 648 3776 707 abscedit

2181 728 2348 783 multa
2377 744 2560 785 secum
2608 729 2817 796 ferens,
2851 732 2915 787 iis
2940 742 3194 803 perpetuo
3223 734 3447 791 fruetur.
3476 738 3606 806 Quis
3646 757 3777 812 ergo

2181 823 2261 876 sic
2284 823 2453 878 miser
2479 831 2593 890 est,
2621 824 2710 894 qui
2752 826 2884 881 nolit
2925 841 3047 881 cum
3089 831 3330 898 pecuniis
3357 833 3470 886 suis
3512 843 3772 889 aeternum

2181 911 2455 967 deliciari?
2487 912 2893 971 Transferamus
2939 931 3069 987 ergo
3109 918 3326 975 divitias
3368 922 3584 979 nostras
3608 967 3625 991 ,
3666 928 3776 983 illic

2183 1005 2536 1076 deponamus.
2584 1009 2700 1065 Non
2742 1011 2898 1067 nobis
2940 1027 3075 1083 opus
3118 1013 3223 1070 erit
3273 1018 3473 1083 asinis,
3515 1024 3775 1092 eamelis,

2182 1096 2458 1164 curribus,
2507 1112 2613 1153 non
2664 1101 2886 1157 navibus
2932 1102 3000 1157 ad
3048 1104 3161 1160 haec
3207 1102 3600 1165 transvehenda
3632 1131 3645 1166 :
3678 1113 3778 1169 liae

2181 1184 2494 1244 difﬁcultate
2519 1204 2617 1245 nos
2642 1192 2836 1262 eripuit
2872 1192 3045 1261 Deus;
3088 1196 3183 1251 sed
3211 1213 3346 1266 Opus
3377 1210 3578 1256 tantum
3608 1204 3777 1260 habe-

2179 1291 2299 1330 mus
2326 1279 2650 1349 pauperibus
2674 1322 2689 1347 ,
2719 1282 2924 1338 claudis
2949 1324 2965 1353 ,
2994 1286 3181 1352 cmcis,
3229 1288 3478 1348 inﬁrmis.
3534 1294 3625 1348 llis
3656 1297 3775 1351 talis

2179 1371 2532 1437 comportatio
2556 1371 2872 1429 demandata
2895 1383 2977 1430 est
3001 1394 3015 1430 :
3046 1377 3097 1431 hi
3122 1380 3376 1448 pecunias
3405 1386 3775 1443 transmittunt

2180 1458 2233 1515 in
2257 1463 2480 1530 caelum;
2510 1464 2563 1518 lii
2592 1466 2775 1521 talium
2810 1484 3150 1538 possessores
3175 1489 3337 1543 opum
3365 1475 3417 1530 in
3443 1486 3771 1535 aeternorum

2179 1550 2532 1611 hereditatem
2575 1557 2840 1614 bonorum
2884 1562 3220 1630 perducunt;
3258 1584 3415 1637 quam
3460 1586 3557 1626 nos
3585 1588 3776 1631 omnes

2178 1647 2391 1716 assequi
2422 1649 2693 1720 contingat
2723 1652 2892 1722 gratia
2919 1663 2975 1709 et
3002 1654 3329 1726 benignitate
3361 1660 3572 1716 Domini
3598 1668 3768 1721 nostri

2177 1732 2308 1790 Jesu
2346 1735 2577 1804 Christi,
2628 1755 2727 1810 per
2759 1758 2918 1813 quem
2967 1754 3022 1800 et
3067 1761 3189 1802 cum
3216 1763 3323 1819 quo
3370 1750 3513 1806 Patri
3556 1754 3726 1823 gloria
3753 1797 3769 1822 ,

2174 1839 2281 1881 una
2322 1841 2442 1883 cum
2471 1829 2671 1900 Spiritu
2703 1845 2918 1902 sancto,
2950 1853 3091 1895 nunc
3132 1850 3186 1896 et
3222 1857 3439 1915 semper
3460 1887 3477 1915 ,
3511 1857 3565 1902 et
3592 1848 3644 1902 in
3670 1863 3776 1905 ste.

2178 1915 2297 1971 cula
2326 1918 2665 1977 saeculorum.
2695 1924 2887 1981 Amen.

1812 2123 2160 2188 HOMILIA
2200 2126 2404 2193 XVII.
2766 2188 2775 2197 .

501 2268 592 2330 28.
632 2263 755 2329 lites
782 2274 923 2343 facta
955 2274 1071 2327 sunt
1096 2271 1147 2325 iu
1173 2266 1421 2325 Bethania
1440 2271 1456 2303 ¹
1488 2278 1627 2325 trans
1651 2264 1965 2336 Iordanem,
1995 2268 2082 2323 ubi

566 2374 676 2419 erat
703 2362 931 2418 Joannes
960 2363 1241 2434 baptizans.
1284 2360 1376 2417 29.
1408 2360 1581 2414 Altera
1624 2367 1796 2414 autem
1841 2358 1924 2413 die
1950 2359 2081 2414 videt

571 2454 749 2508 Jesum
773 2455 1047 2509 venientem
1070 2453 1139 2506 ad
1162 2469 1236 2516 se,
1258 2461 1306 2506 et
1326 2453 1398 2507 ait
1421 2466 1440 2507 :
1467 2450 1600 2506 Ecce
1625 2460 1787 2522 agnus
1815 2448 1942 2517 Dei,
1971 2465 2082 2506 ecce

565 2548 651 2619 qui
679 2547 809 2600 tollit
839 2555 1046 2616 peccata
1070 2544 1287 2601 mundi:

496 2642 507 2651 ‘
574 2640 627 2693 1.
667 2637 913 2708 Magnum
957 2637 1156 2693 bonum
1201 2636 1393 2693 ﬁducia
1437 2645 1492 2692 et
1528 2634 1778 2707 loquendi
1826 2632 2076 2702 libertas,

503 2727 787 2797 omniaque
826 2727 1025 2782 Christi
1064 2725 1387 2782 confessioni
1439 2734 1800 2797 postponere;
1845 2725 1917 2780 ita
1965 2734 2081 2780 ma-

500 2825 663 2887 g’num
690 2825 745 2872 et
769 2816 1034 2882 mirabile,
1062 2824 1121 2871 ut
1147 2816 1313 2871 Filius
1336 2816 1430 2871 Dei
1461 2817 1766 2886 unigenitus
1797 2816 1955 2871 talem
1976 2814 2077 2870 ho-

506 2907 704 2964 minem
731 2923 911 2963 coram
952 2907 1109 2963 Patre
1155 2907 1408 2978 praedicet
1441 2923 1454 2959 :
1484 2906 1585 2961 etsi
1612 2921 1717 2961 non
1758 2908 1978 2977 aequalis
2002 2908 2074 2964 sit

501 3010 727 3054 merces.
758 2997 836 3054 Tu
864 2998 1005 3054 enim
1035 2998 1310 3053 conﬁteris
1336 2998 1389 3051 in
1424 3005 1601 3063 terra;
1633 2998 1723 3052 ille
1750 3012 1879 3053 vero
1905 3000 2077 3053 conli-

501 3092 639 3145 tetur
664 3090 715 3143 iu
745 3090 889 3145 caelis
916 3097 1008 3143 :tu
1033 3089 1337 3144 hominibus
1363 3087 1747 3157 praesentibus;
1780 3088 1869 3144 ille
1897 3096 2077 3144 coram

501 3180 657 3234 Patre
695 3188 749 3234 et
791 3176 994 3249 angelis
1034 3178 1303 3233 omnibus.
1348 3177 1494 3232 Talis
1520 3185 1636 3232 erat
1663 3177 1898 3233 Joannes
1929 3193 1943 3231 :
1972 3190 2078 3234 non

502 3266 914 3337 multitudinem,
946 3285 1050 3325 nou
1080 3271 1332 3341 gloriam,
1361 3282 1466 3324 non
1499 3269 1640 3325 aliud
1667 3270 1879 3341 quidvis
1909 3270 2081 3342 respi-

498 3361 701 3427 ciebat;
733 3360 826 3416 sed
858 3360 973 3415 hare
999 3361 1177 3416 omnia
1222 3359 1497 3426 calcabat,
1527 3367 1584 3415 et
1612 3375 1734 3415 cum
1763 3374 1825 3415 ea
1853 3375 1956 3431 qua
1982 3374 2080 3430 par

496 3460 611 3507 erat
636 3450 880 3507 libertate
908 3461 1027 3521 qua:
1043 3450 1238 3507 Christi
1268 3461 1420 3505 erant
1448 3449 1699 3505 omnibus
1728 3450 2074 3521 praedicabat.

497 3543 619 3597 ideo
646 3543 818 3598 locum
846 3541 1041 3597 indicat
1069 3542 1417 3613 evangelista,
1450 3549 1509 3596 ut
1534 3540 1858 3598 voealissiml
1883 3556 2078 3612 praeco-

498 3636 579 3689 nis
614 3633 859 3689 ﬁduciam
889 3632 1218 3689 ostenderet.
1261 3632 1376 3687 Non
1398 3633 1577 3699 domi,
1620 3646 1725 3688 non
1757 3633 1809 3687 in
1844 3632 2073 3703 angulo,

506 3740 611 3779 non
663 3724 716 3778 in
765 3724 982 3779 deserto
1025 3725 1068 3789 ²,
1119 3723 1211 3777 sed
1239 3722 1303 3777 ad
1329 3722 1613 3778 Iordanem
1646 3723 1697 3778 in
1727 3722 1906 3778 medio
1936 3722 2076 3777 mul-

497 3814 758 3882 titudinis,
785 3815 1244 3886 praesentibusque
1278 3815 1524 3869 omnibus
1544 3814 1633 3884 qui
1660 3814 1728 3869 ab
1755 3816 1872 3885 ipso
1900 3814 2075 3885 bapti-

494 3907 753 3961 zabantur
780 3908 798 3972 (
820 3904 1044 3960 aderant
1066 3905 1207 3960 enim
1244 3904 1414 3960 Judati
1436 3906 1478 3975 ),
1506 3905 1802 3960 mirabilem
1836 3905 1976 3960 illam
2005 3904 2074 3962 de

493 3996 711 4052 Christo
735 3995 1045 4069 prtedicavit
1074 3995 1465 4052 confessionem
1496 3995 1835 4063 sublimibus,
1867 3998 2072 4067 magnis

489 4089 802 4159 arcanisque
832 4088 1041 4159 plenam
1071 4086 1409 4159 dogmatibus
1428 4129 1442 4154 ,
1471 4087 1613 4158 quod
1648 4104 1755 4144 non
1784 4097 1927 4144 esset
1959 4089 2072 4158 ipse

489 4182 682 4253 dignus
708 4182 795 4252 qui
823 4181 1106 4252 corrigiam
1128 4181 1478 4236 calceamenti
1506 4180 1623 4252 ejus
1646 4182 1899 4236 solveret.
1930 4182 2073 4247 Quo-

489 4273 650 4329 modo
679 4282 856 4328 autem
899 4271 951 4328 id
977 4272 1120 4343 agit?
1151 4272 1244 4328 llis
1273 4288 1467 4343 nempe
1493 4273 1672 4328 verbis
1697 4290 1710 4326 :
1740 4271 1865 4325 llwc
1892 4272 1943 4325 iu
1975 4271 2071 4326 Bc-

489 4366 667 4420 tltania
692 4370 827 4436 facta
856 4374 995 4418 sunt.
1039 4365 1382 4420 Accuratiora
1413 4374 1590 4418 autem
1622 4364 1943 4433 exemplaria
1972 4362 2069 4417 ha-

487 4457 649 4523 bent,
682 4457 747 4509 In
796 4454 1102 4509 Bctltabara.
1153 4454 1284 4509 Nam
1331 4454 1586 4508 Bethania
1634 4468 1738 4507 non
1785 4464 1869 4509 est
1925 4464 2070 4510 trans

485 4548 796 4612 Jordanem,
823 4560 996 4614 neque
1023 4545 1073 4597 in
1102 4544 1338 4608 deserto,
1357 4544 1449 4597 sed
1474 4558 1636 4614 prope
1655 4544 2065 4616 Jerosolymam.

489 4637 625 4690 Lora
678 4644 855 4689 autem
917 4634 1018 4687 alia
1066 4633 1228 4688 etiam
1274 4634 1344 4689 de
1405 4648 1562 4688 causa
1607 4635 1889 4704 signiﬁcat.
1934 4637 2066 4691 Cum

484 4728 629 4781 enim
659 4741 746 4781 res
773 4739 875 4779 non
902 4725 1181 4794 antiquas,
1222 4724 1318 4780 setl
1346 4741 1465 4796 qum
1496 4725 1652 4794 paulo
1678 4734 1802 4781 ante
1830 4728 2067 4798 contige-

483 4826 643 4883 rant,
673 4824 984 4870 narraturus
1013 4823 1193 4881 esset,
1223 4816 1342 4871 illos
1371 4815 1458 4885 qui
1489 4815 1711 4871 aderant
1741 4825 1794 4871 et
1824 4817 2066 4873 viderant

481 4906 743 4960 dictorum
793 4911 957 4959 testes
1005 4902 1266 4971 advocat,
1295 4920 1468 4976 exque
1519 4905 1650 4960 locis
1702 4908 2063 4963 testimonium

482 4998 693 5068 accipit.
725 4995 861 5052 Cum
890 4994 1034 5052 enim
1081 4996 1270 5052 ﬁderet
1316 5011 1375 5054 se
1418 4997 1546 5052 nihil
1579 4997 1785 5053 veritati
1833 4998 2061 5066 addere,

480 5092 572 5147 sed
598 5107 656 5147 ea
684 5105 803 5162 qua:
826 5097 973 5162 gesta
1002 5089 1212 5146 merant
1232 5105 1356 5145 vere
1377 5099 1431 5147 et
1458 5091 1768 5161 simpliciter
1789 5105 2059 5159 enarrare,

479 5198 507 5235 ιι
537 5183 655 5238 loco
686 5182 1050 5237 testimonium
1094 5182 1320 5251 accipit,
1353 5192 1472 5253 quzc
1501 5198 1605 5237 non
1652 5183 1804 5249 levis,
1837 5192 1894 5238 ut
1918 5184 2058 5249 dixi,

542 5353 558 5385 ⁸
596 5349 755 5415 Aliqui
800 5351 1008 5415 legunt,
1043 5352 1096 5403 in
1144 5352 1409 5404 Bel/tubam
1435 5366 1453 5403 :
1494 5354 1565 5403 sic
1596 5354 1643 5403 iu
1677 5354 2060 5405 accuratiorihus

479 5409 1072 5480 eat‘niplaribus‘legitur,
1097 5417 1250 5479 inquit
1282 5416 1404 5480 infra
1438 5415 1829 5480 Chrysostouuts.
1856 5418 1937 5477 qui
1973 5417 2057 5465 ad-

475 5475 545 5524 dit
582 5474 857 5540 ttetliattiam
892 5474 985 5540 non
1021 5474 1451 5540 traus'Jortlanom
1476 5474 1588 5524 esse
1613 5476 1747 5540 .rsed
1782 5474 1933 5540 prope
1974 5485 2056 5526 Je-

474 5534 783 5599 rosolymam.
827 5537 1023 5593 Quidam
1060 5547 1226 5599 putant
1258 5541 1398 5588 aliam
1443 5539 1522 5588 hic
1554 5534 1830 5588 Bctbauiain
1871 5534 2055 5591 inemo-

474 5597 587 5654 rari,
603 5597 713 5654 qua:
745 5597 807 5645 sit
831 5604 963 5646 trans
982 5597 1251 5647 .lordatn-tu.

538 5658 559 5689 ²
594 5658 735 5717 Illud,
761 5671 851 5708 non
874 5662 921 5709 in
959 5663 1162 5718 desciit),
1190 5661 1327 5710 deost
1356 5662 1401 5709 in
1426 5660 1660 5723 plurimis.

2187 2269 2361 2328 futura
2399 2284 2514 2330 erat
2553 2277 2792 2335 Veritatis
2832 2269 3239 2342 demonstratio.
3275 2287 3451 2345 Altera
3487 2301 3653 2348 autem
3691 2295 3776 2350 die

2182 2363 2305 2417 vidit
2323 2361 2547 2447 Joannes
2573 2358 2750 2424 Iesum
2770 2375 3041 2429 venientem
3062 2377 3131 2431 ad
3148 2396 3228 2447 se,
3257 2384 3305 2434 et
3326 2383 3399 2436 ait
3421 2398 3441 2438 ε
3462 2383 3596 2440 Ecce
3609 2404 3773 2458 agnus

2184 2451 2315 2520 Dei,
2343 2456 2429 2549 qui
2458 2458 2606 2549 tollit;
2631 2472 2835 2529 peccata
2870 2467 3065 2521 mundi.
3094 2468 3490 2529 Distribuerunt
3531 2451 3771 2549 tempora

2188 2546 2528 2617 evangelista:
2554 2567 2567 2602 :
2592 2546 2871 2609 Mattltaeus
2910 2566 3147 2627 tempora
3178 2576 3298 2631 quae
3334 2562 3556 2622 Joannis
3593 2546 3773 2639 Bapti-

2187 2646 2287 2694 stte
2320 2640 2530 2696 vincula
2572 2646 2964 2712 praecesserunt
3014 2649 3247 2707 breviter
3273 2663 3674 2728 transcurrens,
3703 2661 3769 2716 ad

2191 2733 2469 2819 sequentia
2501 2744 2791 2819 properat;
2831 2736 3066 2796 Joannes
3096 2751 3272 2799 autem
3305 2749 3632 2819 evangelista
3660 2766 3768 2807 non

2190 2823 2351 2879 modo
2393 2812 2511 2882 hate
2560 2840 2666 2881 non
2713 2818 2948 2886 breviter
2997 2836 3390 2903 prtetercurrit,
3435 2812 3528 2896 sed
3584 2842 3637 2896 in
3685 2841 3769 2899 his

2188 2914 2418 2971 maxime
2448 2915 2782 2975 immoratur.
2812 2914 2924 2987 llle,
2956 2934 3236 2996 postquam
3263 2930 3408 2985 venit
3430 2930 3589 2988 Jesus
3616 2948 3648 2989 e
3672 2933 3770 2990 de-

2183 3019 2347 3075 serto,
2378 3008 2709 3067 intermediis
2729 3014 2974 3083 omissis;
2998 3019 3146 3073 verbi
3177 3022 3369 3090 gratia,
3395 3039 3512 3093 qua:
3535 3023 3770 3082 Joannes

2180 3098 2429 3170 loquutus
2456 3111 2571 3168 est,
2599 3119 2719 3174 qua:
2764 3106 3039 3163 mittentes
3082 3096 3253 3166 Judaei
3297 3113 3574 3180 dixerunt;
3603 3127 3767 3173 crete-

2182 3189 2364 3261 risque
2393 3194 2570 3250 missis
2596 3184 2868 3264 omnibus,
2898 3199 3077 3254 statim
3109 3203 3321 3259 transiit
3345 3194 3411 3260 ad
3445 3218 3717 3264 carcerem
3742 3225 3758 3262 :

2182 3277 2309 3334 Cum
2374 3274 2633 3351 audisset,
2691 3285 2893 3357 inquit,
2934 3275 3118 3355 Jesus,
3166 3275 3307 3362 quod
3352 3282 3576 3351 traditus
3626 3306 3769 3354 esset

2180 3371 2432 3439 Joannes,
2459 3377 2660 3431 secessit
2689 3378 2805 3434 inde
2830 3378 2852 3451 (
2878 3379 3065 3435 Matth.
3103 3383 3190 3438 lt.
3227 3386 3350 3454 15).
3381 3385 3618 3445 Joannes
3638 3405 3767 3447 vero

2182 3480 2287 3520 non
2318 3466 2425 3554 sic,
2455 3465 2549 3522 sed
2577 3469 2959 3538 profectionem
2990 3474 3041 3528 in
3069 3474 3340 3534 desertum
3370 3482 3552 3554 tacuit,
3582 3493 3766 3554 utpote

2180 3553 2481 3613 aMatthaeo
2524 3557 2812 3629 narratam;
2841 3576 2905 3618 ea
2945 3579 3073 3620 vero
3117 3583 3237 3638 quae
3280 3550 3423 3641 post”
3446 3550 3763 3630 descensum

2180 3660 2245 3700 ex
2286 3656 2467 3703 monte
2490 3660 2639 3719 gesta
2688 3651 2814 3737 sunt
2855 3657 3120 3723 narravit,
3149 3669 3203 3714 et
3247 3660 3411 3716 multa
3443 3672 3766 3734 prtetet‘cur-

2179 3752 2304 3794 rens
2328 3739 2550 3810 adjicit:
2583 3741 2829 3799 Nondum
2858 3737 2988 3801 enim
3021 3752 3204 3806 missus
3250 3743 3413 3823 fuerat
3457 3744 3685 3813 Joannes
3711 3758 3763 3813 in

2178 3846 2429 3887 carcerem
2457 3832 2638 3902 (Joau.
2680 3836 2734 3892 5.
2762 3837 2875 3911 24).
2908 3840 2971 3896 Ει
2999 3857 3095 3897 cur
3114 3884 3130 3910 ,
3165 3843 3370 3914 inquies
3393 3887 3408 3913 ,
3442 3864 3584 3904 nunc
3607 3850 3762 3908 Jesus

2178 3921 2325 3976 venit
2351 3923 2417 3979 ad
2438 3922 2698 3982 Joannem
2718 3943 2822 3984 non
2846 3932 3032 3999 semel,
3061 3933 3154 3989 sed
3184 3926 3299 3991 bis?
3329 3936 3459 3992 Nam
3484 3939 3763 3997 Matthacus

2178 4014 2392 4083 quidem
2421 4020 2728 4076 necessario
2770 4022 2918 4077 illum
2957 4024 3023 4078 ad
3070 4024 3330 4096 baptisma
3363 4031 3574 4086 venisse
3603 4031 3759 4099 dicit;

2179 4100 2229 4161 id
2251 4108 2389 4178 quod
2417 4111 2704 4167 ostendens
2729 4113 2885 4170 Jesus
2910 4116 3121 4187 adjicit:
3147 4118 3236 4174 Sic
3265 4120 3402 4174 decet
3429 4138 3520 4175 nos
3546 4114 3757 4192 implere

2177 4206 2372 4254 amnem
2392 4202 2647 4271 justitiam
2679 4206 2893 4277 (Matth.
2915 4210 3055 4264 3.15
3086 4210 3127 4279 ).
3148 4210 3382 4267 Joannes
3412 4228 3538 4269 vero
3568 4212 3759 4271 iterum

2177 4291 2386 4349 venisse
2405 4294 2553 4349 ill'um
2574 4286 2706 4351 dicit
2728 4298 3125 4368 post'baptisma
3151 4317 3166 4366 ;
3198 4298 3247 4357 id
3271 4305 3408 4373 quod
3428 4306 3603 4376 palam
3637 4306 3762 4361 facit

2176 4382 2261 4440 his
2308 4387 2483 4473 verbis
2513 4405 2528 4441 :
2558 4376 2668 4460 Ego
2721 4377 2825 4443 vidi
2872 4378 3123 4459 Spiritum
3184 4395 3563 4451 descendentem
3613 4399 3762 4465 quasi

2175 4476 2458 4531 columbam
2480 4520 2494 4544 ,
2524 4489 2572 4532 et
2599 4491 2878 4534 manentem
2905 4498 3057 4551 super
3082 4500 3194 4537 eum
3222 4485 3401 4554 (Joan.
3426 4489 3475 4541 I.
3505 4488 3618 4559 5'2).
3652 4489 3762 4544 Cur

2172 4580 2300 4635 ergo
2320 4566 2463 4622 venit
2491 4569 2554 4621 ad
2576 4559 2866 4624 Joannem?
2893 4570 3009 4626 Non
3031 4573 3191 4630 modo
3220 4575 3362 4629 enim
3395 4578 3676 4644 venit,sed
3705 4588 3759 4634 et

2172 4652 2319 4709 illum
2350 4648 2498 4737 adiit.
2528 4648 2655 4711 Cum
2690 4661 2911 4727 veniret,
2945 4663 3149 4732 inquit,
3195 4665 3264 4717 ad
3292 4683 3422 4730 eum,
3458 4668 3579 4721 vidit
3608 4685 3748 4722 eum.

2169 4746 2279 4801 Cur
2307 4763 2434 4819 ergo
2458 4738 2642 4805 venit?
2672 4751 2805 4818 Quia
2840 4742 2929 4809 ille
2956 4753 3129 4823 ipsum
3153 4771 3275 4811 cum
3307 4757 3484 4813 llllllllS
3514 4759 3755 4828 baptiza~

2170 4834 2265 4902 vit,
2292 4838 2361 4892 ita
2391 4847 2449 4894 ut
2479 4854 2637 4895 nemo
2667 4842 3027 4911 suspicaretur
3057 4845 3228 4914 ipsum
3251 4836 3438 4902 eadem
3469 4846 3536 4904 de
3563 4864 3747 4916 causa,

2169 4942 2270 4997 qua
2297 4929 2383 4982 alii
2410 4971 2424 4996 ,
2456 4930 2522 4984 ad
2552 4918 2809 4986 Joannem
2854 4935 3149 4992 accessisse
3169 4977 3183 5000 ,
3218 4947 3270 4991 ut
3303 4929 3506 4993 scilicet
3532 4949 3750 5008 peccata

2168 5019 2529 5084 conﬁteretur,
2555 5014 2681 5076 etin
2708 5023 3073 5092 pumitcmiam
3096 5024 3402 5084 ablueretur
3428 5031 3480 5085 in
3510 5030 3748 5087 ﬂumine.
3787 5008 3807 5065 κ

2169 5104 2290 5164 Ideo
2316 5103 2540 5176 accedit,
2573 5112 2706 5168 dans
2749 5101 2938 5171 Joanni
2980 5118 3176 5185 locum,
3206 5131 3259 5174 ut
3289 5120 3448 5176 talem
3476 5132 3745 5178 amoveret

2166 5203 2546 5271 suspicionem.
2587 5204 2719 5261 Nam
2763 5222 2886 5262 cum
2935 5208 3103 5273 dicit,
3142 5209 3271 5264 Ecce
3312 5229 3473 5282 agnus
3506 5212 3636 5279 Dei,
3665 5213 3749 5283 qui

2166 5293 2294 5347 tollit
2326 5306 2585 5363 percolunt
2612 5299 2791 5351 mundi
2810 5340 2824 5364 ,
2859 5307 3024 5353 totam
3067 5300 3207 5354 illam
3240 5293 3460 5370 depellit
3489 5302 3751 5372 suspicio-

2154 5376 2306 5438 iicttt.
2354 5386 2452 5452 Qui
2506 5388 2648 5442 enim
2700 5390 2769 5443 ita
2821 5405 2984 5458 purus
3017 5400 3131 5453 est,
3179 5401 3237 5444 ut
3273 5392 3498 5447 altorum
3534 5402 3749 5462 peccata

2163 5474 2333 5541 possit
2359 5476 2615 5540 abluere,
2650 5477 2694 5531 is
2719 5518 2732 5541 ,
2763 5489 2819 5531 ut
2850 5480 3022 5548 palam
3050 5483 3151 5543 est,
3188 5496 3291 5533 non
3320 5489 3378 5533 ut
3401 5491 3618 5551 peccata
3651 5495 3747 5535 sua

2161 5564 2479 5620 conﬁteatur
2505 5569 2741 5634 accedit,
2787 5570 2881 5623 sed
2931 5578 2985 5625 ut
3030 5569 3345 5624 admirando
3393 5570 3465 5623 illi
3515 5573 3747 5639 ιιιωευιιὶ

2165 5654 2502 5710 occasionem
2543 5657 2778 5727 prtcbeat
2803 5700 2819 5730 ,
2860 5669 2918 5715 ut
2968 5658 3200 5715 secunda
3232 5658 3563 5730 repetitaque
3614 5674 3743 5716 voce
