4068 6136
374 191 474 248 109

369 323 485 377 qua:
513 306 662 376 prius
687 304 830 360 dicta
879 304 1092 360 fuerant
1123 307 1173 360 in
1216 296 1544 361 audientium
1574 307 1766 363 animis
1796 307 1954 364 altius

365 401 836 468 imprimerentur,
868 399 1080 470 aliaque
1124 415 1332 454 rursum
1394 399 1774 470 adjicerentnr.
1824 400 1953 455 llluu

365 502 578 555 autem,
616 489 776 554 Ecce,
823 489 1025 544 dictum
1064 499 1182 554 est.
1229 491 1352 562 quia
1399 491 1552 545 multi
1579 506 1722 563 saepe
1747 507 1814 547 ex
1843 493 1951 561 jam

363 582 522 637 dictis
543 590 601 638 et
638 597 669 636 a
710 582 881 636 multo
921 590 1159 652 tempore
1203 582 1517 652 qurerebant
1543 598 1687 638 eum.
1725 583 1953 654 Ideoque

364 686 685 745 pra-sentem
725 676 872 729 illum
901 674 1134 729 ostendit
1176 689 1239 730 ac
1264 673 1432 742 dicit,
1465 675 1631 740 Ecce;
1660 675 1950 730 ostendens

362 769 514 823 illum
549 768 724 837 ipsum
755 781 876 822 esse
904 767 993 836 qui
1037 766 1148 835 jam
1175 767 1302 822 olim
1347 767 1706 838 quaerebatur.
1753 767 1849 822 llic
1873 777 1955 822 est

361 872 555 927 agnus.
588 859 799 927 Agnum
826 867 1008 912 autem
1036 867 1228 924 vocat,
1273 858 1325 912 iu
1372 867 1608 913 mentem
1642 857 1946 913 Judtcorum

360 962 624 1003 revocans
673 947 1007 1018 prophetiam
1055 946 1208 1003 Isaia:
1232 990 1247 1012 .
1285 963 1495 1005 necnon
1524 949 1767 1003 umbram
1799 949 1944 1003 illaut

360 1039 560 1111 Moysis
609 1047 848 1108 tempore
871 1081 887 1106 ,
916 1047 974 1094 ut
1011 1054 1106 1108 per
1130 1038 1355 1110 ﬁgurant
1412 1040 1533 1094 illos
1557 1039 1725 1110 magis
1754 1039 1819 1093 ad
1847 1055 1941 1094 ves

361 1131 575 1186 ritatem
602 1130 916 1187 adduceret.
942 1129 1038 1187 Ille
1067 1131 1282 1201 quidem
1320 1147 1490 1200 agnus
1534 1132 1732 1186 nullius
1763 1145 1950 1200 pecca-

360 1230 476 1275 tum
505 1221 711 1290 accepit
734 1237 748 1287 ;
777 1220 866 1276 hic
897 1229 1074 1276 autem
1107 1222 1270 1276 totius
1295 1221 1441 1276 orbis
1469 1229 1729 1276 terrarum
1761 1235 1950 1289 pecca-

361 1324 432 1367 ta.
485 1312 886 1368 Periclitautem
929 1314 1127 1384 quippe
1177 1311 1434 1367 mundum
1478 1313 1587 1367 cito
1624 1312 1693 1367 ab
1725 1313 1802 1368 ira
1851 1312 1946 1367 Dei

357 1403 575 1472 eripuit.
609 1403 698 1459 50.
742 1402 846 1457 Hic
885 1413 956 1458 est
997 1404 1062 1458 de
1087 1418 1188 1472 quo
1217 1402 1359 1471 dixi,
1399 1401 1499 1469 Qui
1529 1410 1643 1472 post
1667 1418 1747 1457 me
1777 1403 1904 1456 renit
1926 1443 1942 1468 ,

355 1504 476 1548 ante
512 1510 593 1548 me
621 1494 786 1562 factus
814 1501 911 1548 est.

424 1587 484 1641 2.
521 1583 714 1638 Viden’
751 1583 916 1636 etiam
977 1578 1066 1633 hic
1121 1592 1232 1648 quo
1287 1583 1451 1647 pacto
1505 1591 1692 1631 vocem
1761 1577 1930 1642 illam,

359 1680 521 1740 Ante,
548 1671 983 1743 interpretatur?
1029 1669 1162 1724 Nam
1190 1683 1315 1724 cum
1347 1669 1578 1724 dixisset
1620 1684 1843 1738 agnum,
1876 1677 1930 1725 et

352 1760 526 1828 ipsum
551 1761 738 1815 tollere
764 1769 1037 1830 peccatum
1063 1761 1269 1828 mundi,
1303 1773 1429 1818 tunc
1457 1763 1529 1816 ait
1554 1803 1569 1829 ,
1597 1763 1727 1818 Ante
1749 1779 1828 1816 me
1853 1766 1936 1834 [a-

351 1861 460 1905 ctus
481 1861 592 1917 est;
619 1852 908 1908 ostendens
927 1853 1078 1919 illud,
1107 1853 1257 1922 Ante,
1286 1855 1362 1908 sic
1391 1854 1762 1934 explicandum
1792 1869 1933 1921 esse,

350 1941 492 2010 quod
538 1941 688 1997 tollat
734 1952 950 2013 peccaui
981 1944 1186 2010 mundi,
1227 1944 1367 2014 quod
1397 1944 1627 2014 baptizet
1655 1945 1706 1999 in
1736 1945 1936 2014 Spiritu

348 2039 553 2086 sancto.
580 2031 854 2088 Adventus
880 2034 1076 2104 quippe
1099 2048 1248 2088 meus
1272 2034 1397 2088 nihil
1425 2035 1542 2103 plus
1568 2033 1750 2089 habuit
1776 2051 1934 2104 quam

346 2122 488 2190 quod
528 2138 867 2178 communem
908 2124 1054 2180 orbis
1084 2124 1475 2179 benefactorcm
1499 2125 1895 2194 praedicaverim
1916 2167 1930 2191 ,

344 2226 398 2268 et
424 2215 565 2284 quod
591 2216 912 2286 baptismum
951 2233 1103 2287 aqua:
1148 2217 1602 2282 ministraverim;
1648 2218 1805 2288 hujus
1835 2235 1932 2273 au-

346 2313 452 2360 tem
482 2305 745 2361 adventus
774 2323 910 2382 opus
934 2307 1058 2364 illud
1078 2318 1178 2376 est,
1197 2325 1426 2380 purgare
1456 2309 1695 2365 homines
1719 2325 1930 2378 omnes,

342 2397 605 2453 Paracleti
629 2400 994 2468 operationem
1027 2400 1226 2470 largiri.
1253 2400 1348 2455 Hic
1374 2401 1502 2455 Ante
1530 2418 1610 2456 me
1637 2401 1798 2470 {actus
1818 2411 1888 2456 est
1910 2417 1930 2467 ,-

341 2490 391 2544 id
418 2501 519 2556 est,
550 2506 637 2547 me
663 2492 856 2546 clarior
885 2493 1146 2562 apparuit,
1179 2493 1309 2559 Quia
1337 2494 1475 2564 prior
1515 2511 1594 2547 me
1637 2504 1762 2549 erat.
1796 2495 1930 2551 Eru-

338 2579 561 2634 bescant
607 2583 640 2635 ii
691 2583 779 2649 qui
812 2582 958 2636 Pauli
1008 2583 1339 2638 Samosateni
1381 2585 1624 2638 insanum
1690 2600 1927 2640 errorem

337 2687 624 2741 suscepere
653 2673 749 2744 (a),
771 2674 860 2744 qni
883 2684 986 2728 tam
1022 2685 1258 2745 apertam
1289 2684 1596 2746 cppngaant
1624 2677 1923 2731 veritatem.

335 2767 423 2822 5Ι.
459 2765 524 2820 Et
543 2784 635 2838 ego
665 2769 940 2822 nesciebam
963 2786 1096 2823 eum.
1129 2769 1257 2825 Vide
1277 2784 1384 2839 quo
1412 2778 1565 2838 pacto
1589 2783 1800 2824 omnem
1825 2768 1926 2825 hnc

335 2857 643 2911 testimonio
673 2855 880 2912 auferat
923 2859 1302 2928 su5picionem,
1338 2859 1627 2914 ostendens
1658 2859 1785 2912 illud
1817 2875 1922 2914 non

332 2964 396 3003 ex
421 2949 653 3003 humana
673 2951 839 3020 gratia
869 2960 920 3005 et
966 2951 1219 3015 amicitia,
1269 2949 1360 3006 sed
1403 2967 1466 3006 ex
1498 2950 1674 3005 divina
1722 2952 1924 3005 revela-

333 3038 476 3095 tione
504 3039 789 3109 proficisci.
823 3039 935 3110 Ego
958 3042 1240 3096 nesciebam
1270 3059 1400 3106 eum,
1429 3041 1616 3112 inquit.
1643 3041 1922 3107 Quomodo

330 3149 459 3202 ergo
493 3133 598 3187 fide
617 3131 809 3201 dignus
839 3134 988 3187 testis
1017 3132 1227 3188 fueris?
1271 3133 1540 3203 quomodo
1581 3134 1712 3188 alios
1757 3133 1920 3188 doce-

329 3225 433 3290 bis,
465 3226 508 3279 si
539 3225 652 3294 ipse
676 3225 928 3294 ignores?
959 3224 1075 3280 Non
1123 3224 1276 3288 dixit,
1310 3224 1424 3278 Non
1453 3225 1572 3278 novi
1599 3225 1767 3292 illum,
1801 3224 1916 3291 sed,

330 3314 630 3370 Nesciebam
653 3333 802 3382 cuin,-
837 3316 906 3370 ita
955 3326 1010 3371 ut
1036 3316 1162 3370 hinc
1207 3317 1440 3370 maxime
1470 3315 1574 3371 [ide
1602 3315 1792 3386 dignus
1821 3332 1917 3386 ap-

326 3419 528 3476 pareat.
561 3409 680 3476 Quo
727 3419 883 3477 pacto
909 3409 1050 3462 enim
1080 3410 1131 3461 in
1161 3407 1276 3478 ejus
1303 3409 1551 3479 gratiam,
1583 3424 1739 3478 quem
1769 3410 1918 3479 igno-

324 3499 476 3553 rabat
496 3540 512 3564 ,
547 3499 798 3568 loquutus
828 3497 1022 3553 fuerit?
1063 3497 1169 3553 Sed
1193 3508 1246 3552 ut
1271 3497 1617 3568 ntanifestctur
1646 3501 1696 3552 in
1728 3499 1912 3566 Israel,

325 3587 436 3643 ideo
475 3589 589 3644 veni
614 3590 874 3658 baptizans
919 3591 969 3642 in
1010 3605 1160 3658 aqua.
1189 3588 1302 3643 Non
1331 3604 1458 3659 ergo
1485 3589 1571 3644 ille
1599 3588 1916 3658 baptismate

323 3695 458 3749 opus
485 3679 747 3746 habebat;
802 3694 979 3750 neque
1031 3679 1132 3734 alia
1173 3679 1240 3734 de
1279 3695 1438 3735 causa
1480 3681 1747 3734 lavacrum
1787 3681 1912 3735 illud

323 3780 572 3839 paratum
597 3769 789 3834 fuerat,
825 3785 980 3840 quam
1025 3779 1082 3825 ut
1112 3769 1358 3824 omnibus
1401 3769 1468 3824 ad
1513 3769 1707 3824 Christi
1755 3768 1911 3824 ﬁdem

322 3863 461 3916 viam
489 3871 774 3918 sterneret.
804 3862 919 3917 Non
945 3863 1087 3918 enim
1118 3862 1273 3928 dixit,
1303 3860 1376 3917 Ut
1413 3861 1710 3930 baptizatos
1751 3878 1912 3931 puros

323 3953 565 4019 reddam,
592 3969 784 4023 neque,
805 3953 1138 4022 Baptizatum
1183 3953 1322 4019 veni,
1353 3961 1412 4006 ut
1439 3967 1466 4006 a
1501 3953 1732 4022 peccatis
1774 3953 1909 4007 libe-

321 4058 473 4108 rem;
523 4043 642 4110 sed,
703 4042 773 4099 Ut
821 4045 1165 4113 ntauifestetur
1212 4044 1264 4097 in
1312 4043 1497 4098 Israel.
1546 4044 1681 4112 Quid
1729 4045 1908 4109 enim,

317 4148 498 4202 quxso
522 4133 544 4187 1’
565 4150 631 4187 an
666 4135 783 4189 sine
821 4134 1138 4202 baptismate
1181 4149 1284 4189 non
1313 4134 1507 4188 licebat
1539 4134 1828 4204 praedicare
1857 4143 1911 4190 et

319 4226 571 4296 p0pulum
595 4227 898 4280 attrahere?
923 4227 1116 4281 Verum
1144 4242 1250 4282 non
1282 4227 1334 4281 id
1368 4228 1436 4282 ita
1471 4227 1625 4281 facile
1657 4228 1770 4282 fieri
1807 4245 1903 4298 po-

319 4324 456 4368 terat
479 4317 518 4368 ³.
552 4314 734 4385 Neque
765 4315 907 4370 enim
944 4317 1014 4370 ita
1038 4317 1435 4371 concurrissent
1464 4332 1671 4383 omnes,
1700 4318 1742 4370 si
1771 4335 1904 4386 pra:-

317 4405 514 4462 dicatio
549 4407 670 4461 sine
721 4407 1037 4476 baptismate
1086 4407 1307 4472 fuisset;
1360 4423 1459 4461 nec
1512 4408 1907 4476 comparatione

313 4496 449 4552 facta
471 4499 590 4567 ejus
614 4499 1070 4567 prmemineutiam
1094 4497 1457 4553 edidicissent.
1483 4495 1752 4567 Siquidem
1773 4497 1907 4551 mul-

314 4592 484 4647 titudo
512 4592 714 4656 exibat,
751 4605 854 4644 non
885 4599 940 4644 ιιι
964 4606 1081 4661 qua:
1119 4590 1330 4646 dicebat
1361 4591 1568 4644 audiret
1602 4607 1614 4642 :
1653 4589 1744 4643 sed
1771 4591 1904 4644 cur?

310 4681 380 4738 Ut
429 4683 752 4737 conﬁtentes
804 4691 1019 4752 peccata
1071 4682 1488 4752 baptizarentur.
1545 4681 1904 4737 Advenientes

307 4782 484 4827 autem
508 4789 628 4841 qua:
658 4772 725 4826 ad
751 4771 1023 4826 Christum
1049 4772 1361 4841 spectabant
1391 4771 1738 4838 docebantur,
1772 4787 1901 4826 nec-

306 4879 414 4918 non
457 4863 711 4934 baptismi
758 4861 1133 4918 dill'erentiam.
1189 4863 1287 4918 Hic
1330 4864 1471 4917 enim
1523 4872 1636 4917 erat
1679 4863 1902 4918 .lndaieo

306 4956 685 5025 praestantior;
734 4954 960 5025 ideoque
1003 4970 1191 5009 onmes
1231 4955 1577 5009 accurrebant
1611 4971 1623 5006 :
1666 4963 1898 5009 attamen

305 5046 391 5101 hic
417 5046 718 5116 baptismus
747 5046 1093 5117 imperfectus
1115 5056 1247 5101 erat.
1294 5046 1575 5114 Quomodo
1613 5046 1772 5116 igitur
1810 5061 1900 5100 co-

304 5135 534 5208 gnovisti
589 5136 754 5190 eum?
806 5136 908 5190 Per
951 5135 1267 5190 descensum
1316 5137 1562 5206 Spiritus,
1591 5137 1778 5207 inquit.
1819 5135 1898 5191 Ne

303 5229 421 5298 quis
442 5238 629 5282 autem
660 5227 784 5282 hinc
813 5228 1104 5293 existimet,
1138 5229 1289 5284 illum
1337 5229 1535 5299 Spiritu
1583 5230 1814 5299 eguisse,
1841 5239 1896 5285 ut

306 5333 400 5373 nos
428 5334 676 5390 egemus,
705 5318 827 5373 audi
852 5320 1118 5389 quomodo
1149 5319 1285 5374 hanc
1305 5335 1517 5391 quoque
1541 5321 1894 5391 suspicionem

361 5430 442 5538 (nel
469 5425 674 5475 Dicebat
700 5423 868 5471 Paulus
889 5431 1227 5494 samosatenus
1253 5423 1426 5472 Filium
1463 5422 1640 5472 nullam
1672 5424 1893 5489 hyposta-

361 5505 376 5538 ι
443 5488 649 5536 abuisse
681 5492 936 5538 antequam
971 5497 1034 5532 ex
1060 5490 1199 5533 Maria
1232 5494 1533 5534 nasceretur.

302 5488 381 5541 sin
410 5488 649 5538 habuisse
681 5492 936 5544 antequam
971 5497 1034 5532 ex
1060 5488 1199 5533 Maria
1232 5494 1533 5534 nasceretur.

361 5557 375 5585 ⁸
415 5554 471 5603 In
504 5549 799 5615 quibusdam
833 5549 1032 5615 legitur,
1058 5564 1118 5599 an
1137 5551 1239 5601 sine
1264 5552 1604 5614 baptismate...
1650 5559 1695 5604 et
1732 5565 1883 5615 popa-

299 5613 393 5665 Ium
424 5609 537 5666 tam'
558 5609 709 5677 facile
740 5609 978 5661 attrahere
1003 5610 1024 5660 ?
1048 5609 1367 5676 nequaquam.

647 5701 916 5768 Ρηιιοι..
960 5713 1074 5772 Cn.
1118 5712 1278 5777 LIX.

1511 191 1576 246 IN
1612 190 1922 249 JOANNEM
1961 193 2184 252 ιιοιιιι.
2231 197 2388 254 XVII.
2432 202 2500 257 al.
2545 203 2681 259 XVI.

3554 216 3654 273 ΗΟ

2065 324 2328 381 amoveat,
2357 319 2646 375 ostendens
2671 320 2896 391 Spiritus
2921 322 3236 380 descensum
3264 327 3330 380 ad
3364 330 3653 396 prmdican-

2062 405 2188 459 dum
2217 407 2489 464 Christum
2513 412 2850 470 solummodo
2878 415 3062 473 fuisse.
3093 417 3226 473 Cum
3249 420 3468 476 dixisset
3489 428 3653 491 enim,

2062 495 2132 550 Et
2159 515 2250 570 ego
2279 517 2379 556 non
2404 507 2760 574 cognoscebam
2781 524 2916 575 eum,
2946 509 3252 581 subjuuxit:
3278 513 3384 567 Sed
3413 517 3502 587 qui
3522 517 3650 570 misit

2061 605 2140 644 me
2162 591 2420 662 baptizare
2441 597 2493 649 in
2523 612 2676 666 aqua,
2700 598 2787 652 ille
2814 600 2938 654 mihi
2965 602 3095 656 dixit
3138 619 3158 658 :
3204 605 3371 676 Super
3397 624 3542 678 quem
3582 612 3648 662 t-i~

2061 679 2194 734 deris
2221 682 2473 750 Spiritum
2494 686 2889 752 descendentem,
2932 701 2977 744 et
3018 705 3302 749 manentem
3324 714 3476 764 super
3497 715 3608 752 eum
3633 741 3649 765 ,

2059 769 2145 823 ille
2173 782 2246 825 est
2267 775 2354 841 qui
2371 775 2592 843 baptizat
2636 778 2688 830 in
2744 779 2944 849 Spiritu
2990 793 3183 837 sancto.
3214 785 3406 842 Viden’
3452 790 3516 844 ad
3551 791 3650 845 hoc

2057 863 2268 918 venisse
2294 863 2548 933 Spiritum
2575 879 2840 934 sanctum,
2889 881 2942 924 ut
2970 870 3241 928 Christum
3296 879 3648 934 ostenderet?

2058 951 2188 1008 Erat
2233 957 2429 1026 quippe
2475 960 2633 1014 etiam
2686 961 2906 1018 Joannis
2953 965 3312 1020 testimonium
3345 971 3646 1039 su5piciope

2057 1059 2297 1100 vacuum.
2333 1047 2402 1102 Ut
2430 1059 2610 1106 autem
2654 1053 2783 1106 illud
2814 1054 2915 1109 lide
2967 1055 3180 1125 dignius
3234 1057 3552 1127 exhiberet,
3575 1062 3642 1116 ad

2056 1133 2225 1190 Deum
2252 1138 2463 1195 reduxit
2505 1151 2558 1196 et
2604 1142 2669 1197 ad
2709 1145 2962 1216 Spiritum
3005 1157 3266 1203 sanctum.
3317 1149 3450 1216 Quia
3499 1153 3641 1209 enim

2050 1225 2282 1285 Joannes
2331 1247 2445 1287 rem
2497 1243 2714 1300 tantam,
2767 1247 2871 1292 tam
2915 1239 3280 1296 admirandam
3312 1245 3638 1316 praedicavit,

2051 1332 2171 1388 qua:
2200 1331 2380 1390 posset
2403 1323 2671 1380 auditores
2697 1343 2885 1384 omnes
2942 1330 2992 1384 in
3033 1341 3303 1402 stuporem
3336 1335 3636 1405 conjicere;

2049 1425 2241 1482 nempe
2257 1416 2398 1484 quod
2426 1417 2538 1487 ipse
2565 1418 2711 1473 solus
2735 1421 2882 1475 orbis
2910 1432 3123 1492 peccata
3170 1425 3346 1480 omnia
3389 1427 3595 1483 tolleret
3619 1471 3635 1496 ,

2047 1510 2101 1557 et
2127 1503 2268 1573 quod
2293 1504 2420 1560 doni
2449 1509 2757 1578 magnitudo
2777 1510 2842 1566 ad
2868 1521 3065 1568 tantam
3085 1515 3508 1587 redemptionem
3527 1520 3637 1574 suf-

2049 1593 2232 1650 ficeret
2264 1611 2280 1649 :
2312 1596 2449 1652 hanc
2487 1599 2702 1654 demum
2740 1605 3057 1659 sententiam
3095 1606 3290 1661 firmat.
3333 1606 3632 1664 Confirma-

2046 1691 2134 1738 tur
2157 1695 2334 1740 autem
2367 1702 2432 1742 ex
2464 1703 2530 1743 eo
2557 1689 2698 1759 quod
2722 1692 2792 1745 sit
2819 1693 2987 1749 Filius
3017 1695 3132 1758 Dei,
3173 1699 3314 1767 quod
3343 1715 3446 1755 non
3483 1712 3635 1770 egeat

2042 1773 2382 1844 baptismate,
2415 1786 2469 1833 et
2496 1779 2637 1849 quod
2667 1781 2786 1836 ideo
2813 1792 3018 1838 tantum
3047 1785 3272 1854 Spiritus
3317 1789 3630 1855 descendit,

2043 1874 2100 1921 ut
2130 1867 2272 1922 illum
2299 1870 2678 1926 manifestaret.
2708 1872 2821 1928 Non
2861 1876 3002 1930 enim
3032 1893 3194 1946 penes
3231 1879 3488 1935 Joannem
3518 1892 3631 1936 erat

2041 1958 2295 2029 Spiritum
2330 1963 2476 2028 dare,
2527 1964 2668 2034 quod
2702 1965 2974 2021 declarant
3011 1969 3042 2022 ii
3067 1969 3156 2038 qui
3197 1971 3264 2025 ab
3293 1971 3411 2040 ipso
3455 1973 3630 2041 bapti-

2039 2065 2212 2106 smum
2235 2067 2572 2124 acceperant,
2591 2056 2830 2112 dicentes
2857 2076 2869 2109 :
2895 2057 3000 2112 Sed
3021 2075 3177 2130 neque
3193 2061 3236 2115 si
3257 2061 3484 2132 Spiritus
3504 2079 3628 2117 amt-

2037 2151 2149 2194 ctus
2176 2150 2250 2197 est
2274 2144 2725 2217 audiuimus(Acl.
2758 2147 2845 2203 I9.
2877 2149 2974 2220 2).

2109 2232 2337 2290 Christus
2386 2237 2681 2308 baptismate
2730 2239 2950 2297 Joannis
2986 2261 3085 2298 non
3131 2245 3326 2315 egebat,
3355 2247 3442 2300 sed
3469 2247 3622 2302 Chri-

2035 2334 2112 2378 sto
2159 2323 2436 2398 Baptistae.
2505 2329 2674 2397 Quare
2722 2329 2949 2388 Joannes
3002 2333 3064 2390 Β.
3114 2339 3396 2406 frequenter
3448 2339 3620 2405 dicat,

2035 2416 2310 2470 nesciebam
2358 2435 2488 2474 emn.
2530 2451 2598 2460 -—
2657 2422 2771 2478 Non
2823 2438 2951 2496 ergo
3013 2427 3328 2495 baptismate
3377 2427 3621 2486 Christus

2034 2504 2242 2573 egebat,
2272 2524 2377 2563 non
2411 2509 2519 2576 illo,
2562 2527 2666 2567 non
2697 2514 2832 2581 alio;
2887 2516 2978 2571 sed
3012 2517 3187 2587 potius
3231 2517 3490 2587 baptisma
3521 2536 3618 2588 po-

2034 2598 2198 2652 tentia
2254 2600 2468 2655 Christi.
2511 2602 2642 2657 Nam
2696 2605 2965 2660 residuum
3018 2618 3174 2678 caput
3222 2619 3336 2665 erat
3380 2613 3616 2666 onminm

2032 2688 2314 2760 bonorum,
2369 2703 2426 2748 ut
2472 2696 2676 2751 scilicet
2724 2697 3017 2768 baptizatus
3059 2702 3257 2772 Spiritu
3304 2719 3490 2760 saneto
3536 2708 3616 2762 di-

2029 2792 2298 2848 gnaretur.
2330 2784 2439 2840 lIue
2476 2785 2703 2856 Spiritus
2737 2789 2932 2844 donum
2969 2791 3170 2847 addidit
3193 2795 3278 2850 ille
3305 2811 3422 2850 cum
3449 2797 3615 2852 adve-
3671 2783 3674 2786 i

2029 2871 2121 2923 nit.
2149 2871 2236 2926 52.
2273 2870 2338 2928 Et
2367 2877 2702 2932 testimonium
2732 2879 2977 2949 perhibuit
3001 2882 3226 2938 Joannes
3249 2887 3418 2941 dicens
3455 2904 3472 2941 :
3502 2887 3615 2943 Vidi

2029 2959 2280 3030 Spiritum
2321 2966 2698 3022 descendentem
2730 2972 2858 3024 sicut
2897 2972 3206 3042 columbam,
3247 2986 3294 3030 et
3329 2989 3612 3034 manentem

2025 3069 2177 3120 super
2197 3071 2327 3109 eum.
2363 3057 2449 3113 55.
2477 3056 2542 3112 Et
2584 3056 2998 3129 Ego‘nescicbum
3039 3083 3148 3119 eum
3187 3083 3204 3120 :
3233 3069 3320 3122 sed
3353 3072 3442 3140 qui
3477 3073 3611 3125 misit

2025 3162 2103 3198 me
2130 3145 2386 3217 baptizare
2411 3151 2462 3203 in
2499 3169 2652 3221 aqua,
2683 3155 2770 3207 ille
2801 3156 2924 3208 mihi
2954 3157 3121 3211 dixit:
3147 3159 3318 3230 Super
3362 3179 3506 3232 quem
3533 3167 3608 3217 vi-

2023 3238 2156 3292 deris
2187 3238 2436 3308 Spiritum
2460 3242 2856 3311 descendentem,
2895 3256 2939 3299 ct
2959 3258 3237 3302 manentem
3281 3267 3432 3319 super
3472 3270 3605 3319 eum,

2023 3328 2102 3381 hic
2130 3340 2201 3382 cst
2221 3330 2307 3400 qui
2332 3332 2552 3400 baptizat
2583 3334 2632 3385 in
2662 3333 2857 3404 Spiritu
2873 3348 3063 3390 sancto.
3098 3337 3184 3392 5i.
3214 3338 3276 3392 lt‘t
3305 3359 3392 3411 ego
3414 3343 3536 3408 vidi,
3559 3356 3607 3396 et

2022 3419 2356 3473 testimonium
2380 3421 2632 3490 pcrhibui,
2660 3422 2777 3490 quia
2800 3424 2883 3478 hic
2910 3437 2979 3478 cst
3009 3425 3174 3480 Filius
3198 3427 3309 3481 Dei.
3341 3431 3608 3501 Frequen-

2023 3519 2103 3565 ter
2133 3511 2234 3566 hoc
2264 3513 2427 3568 utitur
2452 3514 2616 3581 dicto,
2649 3515 2947 3571 Nesciebam
2972 3534 3115 3584 enm;
3147 3513 3243 3575 nec
3272 3523 3386 3576 sine
3412 3539 3567 3579 causa
3590 3568 3603 3588 ,

2020 3600 2113 3654 sed
2141 3602 2260 3670 quia
2288 3612 2544 3673 cognatus
2570 3605 2685 3674 ejus
2714 3617 2828 3661 erat
2854 3607 2867 3638 ²
2892 3609 3183 3665 secundum
3211 3626 3444 3668 carnem.
3475 3615 3608 3670 Ecce

2021 3691 2260 3756 Elisabet,
2316 3694 2504 3764 inquit,
2552 3707 2765 3766 cognata
2805 3707 2910 3764 tua,
2958 3710 3002 3753 et
3037 3701 3149 3770 ipsa
3178 3705 3401 3774 concepit
3440 3705 3606 3773 [ilium

2021 3779 2182 3848 (Luc.
2215 3786 2263 3836 1.
2303 3784 2432 3854 56).
2479 3784 2556 3839 Ne
2587 3788 2854 3844 videretur
2905 3805 3031 3860 ergo
3069 3794 3397 3862 cognationis
3434 3797 3604 3865 gratia

2018 3871 2180 3943 loqui,
2216 3876 2521 3945 frequenter
2545 3878 2695 3945 dicit,
2733 3878 3032 3935 Nesciebam
3060 3899 3192 3936 eum.
3243 3886 3318 3938 Ac
3366 3902 3488 3940 vere
3530 3887 3600 3940 ita

2016 3980 2103 4020 res
2157 3981 2215 4020 se
2267 3966 2451 4023 habuit
2484 3988 2497 4023 :
2533 3986 2655 4024 nam
2704 3979 2816 4026 toto
2870 3972 2990 4026 vita:
3042 3982 3281 4045 tempore
3306 3975 3358 4032 in
3387 3975 3602 4031 deserto

2016 4057 2327 4113 versabatur
2349 4069 2497 4114 extra
2527 4071 2800 4130 paternam
2831 4063 3068 4118 domum.
3094 4066 3204 4120 Cur
3231 4082 3378 4138 ergo,
3407 4068 3452 4124 si
3479 4079 3602 4124 ante

2014 4148 2244 4218 Spiritus
2296 4149 2613 4206 descensum
2668 4169 2773 4208 non
2824 4166 3049 4210 noverat
3099 4172 3243 4221 eum,
3283 4168 3338 4212 et
3378 4159 3422 4214 si
3450 4160 3600 4214 illtnu

2015 4252 2139 4295 tunc
2169 4243 2393 4311 primum
2420 4245 2583 4308 novit,
2616 4255 2739 4300 ante
2767 4245 3088 4315 baptismum
3133 4249 3448 4319 prohibebat
3475 4267 3596 4306 cum

2011 4333 2213 4398 dicens,
2241 4333 2350 4403 Ego
2372 4352 2403 4388 a
2427 4345 2472 4387 te
2502 4335 2652 4388 debeo
2690 4333 2936 4404 baptizari
2968 4336 3191 4404 (Matth.
3223 4341 3276 4393 5.
3308 4340 3375 4394 14
3401 4341 3459 4410 )?
3487 4341 3599 4395 Hoc

2011 4427 2153 4478 enim
2188 4427 2394 4495 signum
2425 4436 2538 4481 erat
2563 4427 2836 4482 Christum
2867 4428 2966 4483 sibi
2996 4429 3163 4498 probe
3193 4439 3377 4485 notum
3412 4429 3595 4485 fuisse.

2013 4518 2210 4573 Verum
2239 4535 2344 4573 non
2374 4518 2465 4574 diu
2490 4529 2641 4584 ante;
2675 4529 2728 4574 et
2757 4521 2877 4588 jure
2903 4521 3138 4590 quidem.
3167 4522 3299 4577 Nam
3339 4523 3592 4580 miracula

2010 4608 2129 4675 illa,
2177 4625 2294 4679 qua:
2337 4609 2460 4663 dum
2507 4625 2639 4678 puer
2677 4619 2817 4666 esset
2847 4610 3006 4666 .lesus
3036 4611 3171 4667 facta
3209 4623 3367 4682 sunt,
3401 4629 3594 4685 nempe

2008 4701 2146 4756 circa
2196 4717 2378 4771 magos
2425 4711 2479 4756 et
2528 4703 2750 4769 similia,
2795 4705 2963 4758 multo
2986 4715 3108 4759 ante
3132 4715 3371 4774 tempore
3418 4709 3594 4761 conti-

2005 4804 2209 4863 gerant,
2246 4795 2360 4864 ipso
2386 4810 2594 4863 quoque
2616 4794 2820 4849 Joanne
2852 4795 3026 4850 adhuc
3064 4796 3263 4851 infante
3296 4815 3310 4852 :
3340 4813 3435 4868 per
3458 4798 3594 4851 mul-

2009 4894 2116 4939 tum
2168 4894 2341 4939 autem
2392 4885 2518 4938 illud
2569 4886 2708 4956 quod
2753 4885 2945 4946 abhinc
2988 4888 3288 4944 intercessit
3345 4899 3588 4958 tempus,

2005 4975 2250 5030 onmibus
2306 4982 2422 5028 erat
2461 4975 2693 5043 ignotus.
2724 4975 2855 5029 Nam
2911 4977 2954 5031 si
3006 4989 3163 5031 notus
3216 4979 3435 5042 fuisset,
3485 4995 3588 5031 nun

2005 5065 2241 5121 dicturus
2281 5073 2418 5132 erat,
2471 5065 2536 5120 Ut
2582 5067 2930 5137 manifestatur
2980 5067 3031 5119 iu
3081 5066 3266 5132 Israel,
3315 5067 3428 5119 idco
3483 5070 3590 5119 veni

2002 5156 2275 5224 baptizare.

2074 5250 2126 5303 5.
2191 5249 2321 5303 llinc
2361 5249 2531 5318 palam
2575 5258 2655 5304 est
2703 5249 2851 5319 signa
2885 5249 2965 5300 illa
3013 5262 3130 5316 quae
3192 5261 3220 5299 a
3273 5245 3486 5301 Christo
3534 5249 3583 5302 in

2003 5341 2226 5410 pueritia
2280 5341 2412 5394 facta
2466 5339 2727 5404 feruntur,
2776 5340 2905 5393 falsa
2937 5348 3047 5392 eta
3096 5336 3406 5406 quibusdam
3461 5354 3587 5391 eon-

2064 5513 2081 5546 ί
2116 5513 2278 5574 Savil.,
2305 5522 2355 5564 et
2388 5513 2535 5566 Codd.
2571 5513 2694 5571 705,
2730 5512 2853 5569 706,
2888 5512 2967 5578 sic.
2989 5509 3296 5578 habe_n_t_......
3339 5528 3360 5556 ει
3395 5510 3584 5578 Nescie-

2000 5573 2109 5625 bam
2147 5570 2275 5627 eum.
2297 5592 2320 5622 ν
2361 5585 2460 5637 ()tta
2495 5580 2554 5624 tte
2604 5587 2778 5624 causa.
2814 5581 2858 5619 et
2901 5572 2967 5623 ad
3000 5570 3118 5635 quid
3148 5571 3173 5622 ἐ)
3205 5578 3440 5636 Cognatas
3484 5570 3587 5636 ejus

2002 5646 2128 5689 erat.
