4068 6136
405 211 532 265 ἹΙΙ

438 324 560 378 ﬁcta
611 338 733 380 esse
764 324 865 400 (a).
889 323 1021 380 Nam
1050 321 1096 376 si
1136 336 1164 374 a
1221 332 1386 390 puero
1429 309 1686 370 miracula
1731 305 2006 400 edidisset,

409 417 668 472 Joannes
717 394 828 471 non
867 414 1014 470 illum
1049 411 1421 483 ignoravisset,
1474 418 1575 460 nec
1619 400 1822 470 reliqua
1875 394 2013 450 mul-

435 509 605 564 titudo
651 524 786 581 opus
822 505 1094 563 habuisset
1135 501 1355 558 doctore
1400 496 1492 568 qui
1540 495 1688 550 illum
1733 488 2012 546 indicaret.

438 598 589 654 Nunc
615 608 790 654 autem
823 599 936 669 ipse
959 597 1055 666 ait,
1081 610 1142 652 se
1165 594 1288 649 ideo
1317 591 1547 654 venisse,
1575 585 1641 642 Ut
1661 583 2016 654 manifestare-

437 701 518 744 tur
535 692 586 744 in
615 689 818 756 Israel;
846 699 1005 760 atque
1030 688 1152 744 ideo
1172 699 1385 742 rursum
1405 681 1637 746 dicebat,
1664 675 1771 748 Ego
1800 691 1832 728 a
1859 683 1905 727 te
1925 670 2016 725 de-

439 783 528 837 beo
547 783 814 854 baptizari.
841 781 1066 848 Deinde,
1112 786 1295 850 utpote
1329 775 1418 847 qui
1448 772 1646 828 clarius
1675 765 2014 830 edidicisset,

440 853 623 930 turbis
657 875 829 945 ipsum
876 871 1186 942 praedicavit
1212 870 1397 925 dicens
1428 863 1566 921 :Hic
1581 870 1685 916 erat
1699 874 1845 930 quem
1865 853 1974 910 dixi
2000 868 2020 908 :

391 1006 400 1014 .
437 965 567 1020 Post
596 983 675 1020 me
711 966 842 1020 venit
869 966 944 1020 vir
967 965 1054 1037 qui
1081 972 1196 1018 ante
1216 978 1293 1016 me
1313 963 1477 1034 factus
1506 966 1611 1021 est;
1638 951 1890 1024 quoniam
1920 945 2022 1012 Qui

439 1059 576 1114 misit
603 1074 681 1113 tne
708 1059 962 1128 baptizare
998 1056 1053 1111 in
1076 1071 1229 1124 aqua,
1256 1052 1480 1122 ideoque
1503 1062 1592 1104 me
1613 1044 1778 1110 misit,
1811 1039 1878 1096 Ut
1907 1054 2021 1091 ma-

439 1151 764 1218 nifestaretur
790 1151 844 1204 in
871 1149 1054 1216 Israel,
1107 1147 1224 1218 ipse
1250 1146 1322 1200 illi
1351 1153 1476 1198 ante
1501 1140 1818 1196 descensum
1851 1131 2022 1203 Spiri-

442 1253 529 1298 tus
555 1244 728 1312 ipsum
753 1241 1027 1298 revelavit.
1058 1237 1414 1308 Quamobrem
1436 1244 1722 1304 antequam
1747 1226 2025 1284 adveniret

441 1333 687 1390 dicebat:
721 1332 847 1388 Post
899 1349 978 1387 me
1021 1332 1172 1396 venit,
1217 1330 1304 1401 qui
1331 1337 1450 1382 ante
1485 1341 1563 1379 me
1589 1328 1752 1395 factus
1781 1327 1874 1374 est.
1905 1315 2020 1371 Non

443 1440 572 1496 ergo
601 1434 820 1482 noverat
856 1426 1004 1481 illum
1031 1433 1312 1492 antequam
1344 1419 1550 1474 veniret
1589 1415 1656 1470 ad
1693 1413 1980 1470 Jordanem
2004 1448 2020 1475 ,

444 1531 738 1587 omnesque
772 1517 1104 1587 baptizaret:
1138 1513 1231 1569 sed
1259 1511 1473 1583 quando
1512 1505 1861 1578 baptizandus
1884 1507 2020 1566 erat,

445 1618 573 1664 tunc
594 1608 742 1662 illum
767 1608 1015 1679 cognovit
1046 1625 1059 1660 :
1091 1607 1206 1676 ipso
1251 1604 1408 1660 Patre
1448 1603 1592 1658 illum
1638 1596 1909 1669 propheta:
1939 1607 2025 1647 re-

445 1698 676 1764 velante,
698 1707 753 1753 et
770 1697 967 1767 Spiritu
990 1699 1161 1768 ipsum
1183 1696 1307 1750 dum
1329 1693 1684 1763 baptizaretur
1710 1684 2027 1742 ostendente

447 1787 668 1854 Judaais,
699 1802 927 1858 quorum
953 1802 1112 1842 causa
1141 1785 1371 1856 Spiritus
1398 1780 1693 1838 descendit.
1719 1777 1931 1832 Etenim
1962 1789 2028 1840 ne

445 1878 670 1934 Joannis
697 1877 1056 1934 testimonium
1103 1882 1534 1933 contemneretur
1577 1870 1822 1936 dicentis,
1873 1865 2028 1921 Prior

453 1988 532 2024 me
559 1965 685 2036 erat,
716 1979 789 2037 et,
819 1970 873 2024 ln
904 1970 1104 2038 Spiritu
1144 1969 1375 2038 baptizat
1395 2007 1409 2032 ,
1455 1975 1528 2031 et,
1557 1961 1822 2019 Judicabit
1843 1957 2028 2013 orbem

452 2060 643 2130 (Joan.
672 2063 726 2115 1.
757 2061 846 2116 '50.
877 2062 966 2115 55.
1006 2070 1052 2114 et
1079 2060 1132 2114 5.
1157 2057 1283 2130 17);
1309 2057 1464 2112 Pater
1491 2055 1683 2111 Filium
1707 2049 2024 2123 praedicans,

451 2168 638 2207 vocem
689 2150 1182 2221 emittit:Spiritus
1222 2149 1459 2212 advenit,
1503 2161 1688 2202 vocem
1735 2145 1786 2199 in
1830 2139 2031 2197 Christi

445 2254 610 2313 caput
629 2243 966 2314 pertrahcns.
997 2243 1129 2312 Quia
1157 2241 1300 2296 enim
1323 2240 1413 2294 ille
1441 2237 1772 2308 baptizabat,
1812 2234 1900 2289 hic
1930 2233 2032 2288 ba-

448 2334 764 2403 ptizabatur,
794 2348 862 2388 ne
900 2333 1018 2404 quis
1045 2348 1109 2387 ex
1159 2330 1515 2402 praesentibus
1561 2326 1688 2384 illud
1719 2326 1788 2381 de
1826 2325 2034 2381 Joanne

450 2423 651 2477 dictum
687 2437 808 2478 esse
854 2430 1081 2492 putaret,
1139 2421 1284 2477 venit
1311 2421 1541 2491 Spiritus
1578 2418 1666 2488 qui
1695 2417 1833 2472 hanc
1861 2414 2034 2486 suspi-

443 2515 658 2570 cionem
683 2525 978 2571 amoveret.
1011 2514 1191 2585 Itaque
1218 2529 1337 2569 cum
1363 2513 1512 2579 dicit,
1556 2510 1857 2566 Nesciebam
1895 2524 2031 2576 eum,

443 2605 516 2661 de
537 2607 807 2677 praeterito
831 2607 882 2662 id
908 2605 1306 2677 intelligendum
1330 2614 1414 2661 est
1447 2613 1706 2675 tempore,
1728 2617 1834 2657 non
1856 2610 2033 2656 autem

452 2698 519 2752 de
547 2714 612 2754 eo
640 2699 782 2769 quod
807 2699 1072 2770 baptismo
1117 2699 1414 2769 proximum
1455 2706 1591 2754 erat.
1635 2696 1767 2752 Nam
1806 2709 1914 2766 quo
1945 2707 2038 2763 pa-

451 2799 540 2843 cto
561 2789 922 2860 prohibuisset
947 2806 1069 2845 eum
1095 2790 1300 2858 dicens,
1325 2789 1433 2860 Ego
1449 2805 1480 2842 a
1505 2798 1551 2842 te
1575 2787 1727 2842 debeo
1751 2783 2037 2855 baptizari?

452 2879 719 2951 quomodo
762 2886 904 2934 tanta
951 2879 1200 2950 loquutus
1235 2879 1455 2934 fuisset?
1479 2877 1587 2932 Cur
1620 2891 1769 2946 ergo,
1800 2873 2032 2944 inquies,

453 2985 558 3025 non
589 2970 932 3026 crediderunt
959 2970 1170 3026 Judzei?
1213 2984 1385 3040 neque
1433 2969 1578 3024 enim
1615 2966 1762 3021 solus
1802 2964 2037 3020 Joannes

449 3058 724 3116 Christum
753 3061 961 3116 viderat
989 3061 1041 3116 in
1069 3060 1330 3115 columba:
1352 3057 1554 3129 specie.
1575 3057 1707 3125 Quia
1729 3053 1938 3110 etiamsi
1961 3053 2036 3108 illi

453 3151 731 3217 viderant,
783 3159 839 3204 at
883 3165 972 3206 res
1019 3147 1322 3220 hujusmodi
1373 3163 1480 3203 non
1517 3146 1791 3217 corporeis
1833 3152 2035 3200 tantum

447 3243 622 3297 oculis
667 3256 804 3312 opus
855 3241 1074 3309 habent,
1129 3240 1223 3296 sed
1275 3241 1451 3310 potius
1495 3238 1710 3305 mentis,
1760 3253 1828 3293 ue
1863 3237 2039 3293 inanis

395 3327 408 3338 ’
455 3334 737 3405 phantasia
763 3349 883 3389 esse
910 3341 1208 3405 putaretur.
1234 3331 1365 3387 Nam
1399 3331 1444 3387 si
1487 3330 1738 3386 miracula
1787 3328 2036 3384 edentem

455 3426 718 3490 videntes,
749 3425 792 3481 si
826 3425 1072 3481 manibus
1095 3433 1394 3496 tangentem
1423 3437 1649 3494 corpora
1690 3434 1956 3491 :cgrorum
1984 3425 2039 3474 et

452 3525 810 3583 mortuorum,
841 3525 897 3572 et
923 3518 1000 3570 sic
1018 3515 1085 3571 ad
1111 3517 1272 3571 vitam
1294 3524 1347 3570 et
1366 3514 1645 3568 sanitatem
1668 3511 2036 3577 reducentem,

453 3618 599 3664 tanta
642 3609 825 3664 livoris
850 3608 1107 3664 ebrietate
1134 3608 1273 3676 capti
1303 3614 1494 3670 erant,
1545 3613 1603 3660 ut
1652 3603 1918 3661 contraria
1972 3601 2038 3659 iis

454 3715 574 3769 qua:
609 3699 926 3756 videbantur
953 3699 1254 3771 proferrent
1284 3719 1297 3754 :
1329 3698 1594 3770 quomodo
1623 3713 1688 3753 ex
1719 3697 1835 3753 solo
1863 3695 2036 3768 Spiri-

455 3804 540 3846 tus
565 3791 795 3848 adventu
823 3792 1247 3848 incredulitatem
1268 3790 1630 3862 abiecissent?
1656 3789 1879 3859 Quidam
1909 3803 2038 3845 vero

448 3882 658 3947 dicunt,
685 3895 793 3938 non
824 3897 1013 3938 omnes
1046 3881 1262 3946 vidisse,
1312 3881 1406 3936 sed
1435 3880 1696 3936 Joannem
1730 3888 1933 3935 tantum
1986 3889 2041 3935 et

452 3988 546 4030 eos
567 3975 656 4046 qui
681 3975 876 4031 melius
902 3974 1077 4032 affecti
1093 3984 1263 4030 erant.
1296 3974 1444 4030 Licet
1473 3973 1616 4029 enim
1651 3987 1809 4028 sensu
1840 3971 2037 4043 prtedi-

453 4067 520 4122 tis
547 4067 717 4122 oculis
741 4065 974 4138 Spiritus
998 4065 1180 4138 specie
1203 4065 1466 4121 columba:
1492 4062 1826 4120 descendens
1865 4061 2036 4118 videri

451 4165 668 4228 posset;
711 4172 816 4212 non
862 4171 1082 4213 necesse
1123 4165 1300 4213 tamen
1347 4166 1464 4213 erat
1491 4169 1603 4210 rem
1632 4169 1753 4210 esse
1791 4153 2040 4210 omnibus

450 4249 805 4306 manifestam.
838 4248 967 4303 Nam
994 4257 1049 4305 et
1089 4248 1373 4304 Zacharias
1402 4247 1566 4302 multa
1594 4244 1833 4302 sensibili
1857 4245 2038 4315 specie

448 4341 602 4408 vidit,
635 4357 844 4399 necnon
881 4341 1067 4398 Daniel
1097 4349 1150 4395 et
1179 4339 1451 4407 Ezechiel,
1485 4352 1548 4392 ac
1575 4339 1693 4393 sine
1735 4335 1843 4392 ullo
1869 4337 2037 4391 visio-

449 4435 533 4488 nis
559 4441 807 4488 consorte
835 4448 849 4487 :
891 4431 1102 4502 Moyses
1128 4445 1340 4500 quoque
1368 4428 1534 4484 multa
1561 4428 1714 4495 vidit,
1765 4437 1820 4483 et
1862 4427 2037 4498 qualia

451 4524 628 4578 nullus
643 4525 776 4579 alius
792 4523 1014 4576 viderat.
1037 4521 1536 4591 Trausﬁgurationis
1557 4535 1767 4590 quoque
1786 4519 1840 4574 in
1858 4530 2038 4575 monte

452 4613 658 4668 visione
688 4627 796 4666 non
821 4626 1008 4666 omnes
1033 4610 1282 4680 discipuli
1310 4611 1512 4680 dignati
1541 4621 1696 4675 sunt;
1721 4613 1830 4664 imo
1862 4627 1927 4666 ne
1955 4627 2040 4666 re-

450 4702 837 4757 surrectionem
862 4699 1074 4770 quidem
1104 4715 1294 4757 omnes
1317 4700 1592 4756 viderunt:
1621 4700 1672 4756 id
1694 4700 1834 4772 quod
1855 4711 2039 4772 aperte

451 4792 684 4849 declarat
726 4793 899 4848 Lucas
921 4792 1138 4858 dicens.
1170 4793 1418 4850 Ostendit
1461 4794 1696 4864 seipsum
1759 4793 2040 4849 Testibusa

451 4883 562 4938 Deo
584 4883 958 4955 prteardinatis.
989 4884 1055 4940 Et
1073 4902 1164 4957 ego
1190 4887 1292 4940 vidi
1313 4897 1362 4941 et
1407 4887 1741 4941 testimonium
1786 4887 2034 4958 perhiberi,

448 4978 566 5046 quia
592 4977 674 5031 hic
702 4987 777 5033 est
804 4975 970 5030 Filius
997 4976 1091 5032 Dei
1112 4977 1254 5050 (Act.
1287 4978 1374 5034 10.
1407 4978 1467 5032 Li
1491 4978 1530 5048 ).
1553 4977 1649 5033 Ubi
1678 4977 2035 5032 testimonium

449 5067 735 5137 perhibuit,
761 5081 886 5123 esse
911 5065 1103 5123 Filium
1155 5067 1286 5124 Dei?
1336 5069 1543 5138 Agnum
1593 5067 1809 5138 quidem
1860 5068 2035 5138 ipsum

449 5158 755 5228 appellavit,
779 5167 834 5214 et
873 5159 1017 5228 quod
1048 5157 1250 5229 Spiritu
1293 5157 1656 5229 baptizaturus
1689 5167 1834 5214 esset
1866 5157 2032 5223 dixit;

451 5250 643 5306 Filium
665 5260 840 5307 autem
871 5251 964 5307 Dei
986 5265 1268 5322 nusquam.
1293 5251 1450 5320 Atqui
1475 5259 1591 5319 post
1617 5249 1874 5320 baptisma
1904 5249 2034 5304 nihil

449 5341 621 5410 ipsum
665 5340 863 5397 dixisse
917 5340 1157 5398 scribunt
1196 5342 1375 5398 caeteri
1422 5341 1804 5410 evangelistze:
1849 5356 2033 5395 verum

447 5430 628 5488 missis
669 5431 734 5485 iis
767 5447 884 5501 qua:
926 5433 1126 5490 interea
1184 5434 1314 5490 facta
1370 5433 1598 5498 fuerant,
1631 5431 1883 5486 miracula
1914 5440 2036 5500 post

437 5531 662 5590 captum
687 5519 945 5576 Joannem
976 5538 1004 5577 a
1031 5523 1243 5579 Christo
1269 5523 1410 5580 edita
1440 5529 1678 5579 narrant.
1727 5520 1879 5577 Unde
1908 5536 2035 5577 cono

510 5612 586 5676 (ﬂ)
617 5609 814 5676 (Midam
845 5611 1334 5666 comminiscebantur
1371 5613 1614 5667 Christum
1648 5624 1855 5676 puerum
1889 5611 2034 5662 mira-

441 5671 554 5750 «ᾧ
568 5671 572 5672 “
588 5673 870 5735 patravisse.

1183 207 1238 266 S.
1280 203 1556 264 JOA‘NNIS
1593 192 2062 256 CIIRYSOSTOMI
2105 189 2420 246 ARCHIEP.
2461 188 2992 248 CONSTANTINOP.

2118 303 2321 374 jcctare
2367 319 2650 374 possumus
2690 313 2745 359 et
2785 304 2901 359 lucc
2926 303 3102 361 etalia
3133 303 3289 373 longe
3317 304 3468 374 plura
3499 305 3714 361 silentio

2119 395 2280 450 missa
2303 394 2495 460 fuisse;
2541 395 2682 465 quod
2711 394 2798 450 hic
2843 396 2958 464 ipse
2986 395 3310 465 evangelista
3363 397 3416 452 in
3460 398 3565 454 ﬁne
3594 399 3712 454 libri

2121 485 2459 557 signiﬁcavit.
2505 486 2735 541 Tantum
2769 487 2910 541 enim
2941 486 3111 541 abfuit
3147 494 3207 542 ut
3232 502 3484 559 magnum
3513 489 3715 560 aliquid

2121 575 2190 632 de
2229 577 2318 632 illo
2345 577 2731 648 conﬁngerent,
2777 586 2837 632 ut
2862 579 3024 633 etiam
3053 593 3173 648 quae
3205 579 3462 647 probrosa
3485 595 3608 636 esse
3641 582 3720 636 vi-

2122 667 2402 732 debantur,
2433 682 2621 722 omnes
2643 682 2748 722 uno
2774 682 3040 724 consensu
3075 677 3324 724 accurate
3349 681 3716 738 recenserent,

2123 771 2225 812 nec
2243 757 2542 827 quempiam
2570 757 2784 830 illorum
2821 758 2946 828 quid
2983 758 3159 814 simile
3191 759 3422 815 tacuisse
3449 761 3710 830 reperias.

2125 846 2373 901 Miracula
2402 861 2534 902 vero
2562 848 2663 900 alia
2692 848 2811 903 aliis
2849 849 3193 904 narrantibus
3240 849 3557 916 omiserunt,
3613 851 3719 905 alia

2125 937 2282 992 simul
2307 952 2495 993 omnes
2523 949 2819 994 tacuerunt.
2869 939 2994 994 Haec
3031 947 3209 995 autem
3238 955 3344 996 non
3391 940 3510 996 sine
3558 956 3721 997 causa

2124 1029 2316 1099 loquor
2340 1069 2354 1093 ,
2389 1029 2484 1085 sed
2527 1029 2592 1084 ad
2627 1028 3060 1085 contundendam
3112 1031 3390 1102 gentilium
3434 1032 3722 1102 impuden-

2129 1122 2276 1176 tiam.
2306 1122 2416 1177 Hoc
2432 1123 2627 1192 quippe
2647 1123 2778 1178 satis
2799 1131 2880 1178 est
2907 1123 2974 1178 ad
2998 1123 3474 1179 demonstrandum
3504 1126 3718 1180 illorum

2127 1213 2237 1267 veri
2265 1214 2519 1281 studium,
2566 1225 2620 1270 et
2651 1215 2984 1284 probandum
3018 1216 3164 1287 ipsos
3201 1215 3333 1272 nihil
3375 1216 3441 1270 ad
3489 1217 3719 1286 gratiam

2126 1304 2345 1360 dixisse.
2371 1305 2482 1361 Hoc
2515 1316 2833 1377 argumento
2861 1316 2916 1362 et
2937 1308 3055 1362 aliis
3086 1308 3298 1373 muniti,
3323 1309 3568 1377 poteritis
3597 1323 3719 1362 cum

2129 1398 2232 1452 illis
2259 1399 2530 1470 congredi.
2554 1399 2752 1456 Verum
2778 1400 3040 1456 attendite
3065 1417 3082 1457 :
3113 1416 3236 1456 nam
3258 1400 3548 1456 absurdum
3577 1408 3723 1454 esset

2127 1489 2394 1544 medicum
2425 1499 2531 1545 tam
2554 1500 2772 1546 strenue
2793 1507 2891 1562 pro
2907 1503 3022 1547 arte
3042 1507 3136 1547 sua
3161 1507 3416 1563 pugnare,
3435 1491 3720 1546 coriarium

2129 1581 2278 1646 item,
2330 1591 2612 1648 textorem,
2653 1592 2986 1653 caeterosque
3032 1597 3222 1638 omnes
3267 1581 3534 1646 artiﬁces;
3568 1581 3725 1636 Chri-

2129 1671 2363 1726 stianum
2388 1687 2534 1737 vero,
2567 1689 2730 1743 seque
2767 1674 2927 1728 talem
2968 1673 3305 1743 proﬁtentem
3327 1714 3342 1738 ,
3378 1688 3447 1728 ne
3495 1673 3719 1728 verbum

2130 1762 2344 1832 quidem
2369 1777 2524 1833 posse
2553 1764 2619 1818 ad
2643 1778 2792 1819 suam
2819 1764 3069 1820 tuendam
3091 1764 3249 1819 ﬁdem
3273 1762 3534 1834 proferre.
3561 1763 3721 1834 Atqui

2132 1854 2225 1909 illa
2255 1854 2511 1924 neglecta.
2543 1857 2780 1926 pecunia:
2801 1855 3139 1911 solummodo
3171 1855 3424 1911 damnum
3450 1855 3720 1922 referunt;

2136 1943 2252 1998 haec
2281 1959 2408 2000 vero
2433 1946 2479 2000 si
2515 1946 2870 2017 negligantur,
2921 1947 3088 2016 ipsam
3120 1945 3276 2000 nobis
3309 1947 3325 1978 ⁸
3355 1946 3588 2000 animam
3630 1959 3723 2014 pc-

2134 2035 2354 2091 rimunt.
2402 2038 2654 2093 Attamen
2708 2037 2780 2093 ita
2827 2039 3025 2093 misere
3076 2037 3251 2093 ali‘ecti
3285 2051 3506 2103 sumus,
3537 2045 3592 2091 ut
3620 2036 3724 2092 illis

2137 2136 2298 2183 totam
2353 2145 2534 2185 curam
2582 2131 2989 2200 impendamus;
3045 2130 3346 2185 necessaria
3391 2144 3558 2196 vero,
3603 2143 3726 2199 qua:

2137 2219 2291 2273 nobis
2315 2221 2500 2275 salutis
2521 2236 2682 2276 causa
2703 2229 2848 2288 sunt,
2896 2229 2956 2276 ut
2989 2220 3190 2276 nullius
3234 2221 3389 2290 pretii
3413 2229 3728 2275 contemna-

2139 2323 2277 2364 mus.

2209 2401 2262 2455 4.
2295 2401 2348 2455 ld
2382 2415 2506 2456 vero
2537 2417 2642 2458 non
2670 2403 2795 2457 sinit
2820 2402 3044 2475 gentiles
3081 2417 3318 2459 errorem
3356 2417 3512 2458 suum
3541 2403 3612 2458 ita
3641 2399 3727 2456 fa-

2139 2492 2242 2548 cile
2272 2493 2515 2550 irridere.
2548 2495 2680 2550 Cum
2706 2497 2848 2551 enim
2879 2495 2978 2566 ipsi
3007 2497 3285 2552 mendacio
3309 2496 3418 2552 nixi
3447 2496 3582 2553 nihil
3621 2512 3726 2552 non

2139 2592 2331 2654 agant,
2362 2593 2420 2640 ut
2446 2585 2751 2657 dogmatum
2783 2601 3000 2642 suorum
3032 2587 3410 2658 turpitudinem
3440 2587 3725 2657 obtegam,

2140 2689 2240 2730 nos
2260 2686 2435 2730 autem
2457 2678 2696 2733 veritatis
2720 2678 2951 2734 cultores
2977 2693 3045 2733 ne
3069 2692 3130 2733 os
3158 2678 3373 2748 quidem
3400 2679 3609 2750 aperire
3631 2693 3727 2732 va-

2140 2765 2378 2834 leamus,
2409 2770 2676 2838 quomodo
2708 2785 2812 2824 non
2858 2770 2981 2826 inde
3018 2769 3284 2841 dogmatis
3314 2769 3725 2826 imbecillitatem

2141 2867 2366 2927 arguant
2392 2866 2446 2912 et
2485 2859 2772 2915 damnent?
2809 2859 3078 2930 quomodo
3107 2875 3213 2915 non
3253 2859 3515 2917 fallaciam
3558 2859 3729 2915 stulti-

2143 2947 2373 3018 tiamque
2404 2961 2583 3006 nostra
2610 2965 2730 3007 esse
2759 2953 3134 3022 suspicentur?
3164 2953 3432 3023 quomodo
3475 2969 3580 3008 non
3610 2939 3728 3006 bla-

2142 3037 2500 3107 sphemabunt
2529 3041 2800 3097 Christum
2831 3053 2889 3097 ut
2917 3043 3132 3112 planum
3163 3053 3214 3098 et
3245 3043 3607 3112 deceptorem,
3638 3043 3728 3113 qui

2143 3127 2430 3182 multorum
2472 3131 2696 3210 stultitia
2732 3131 2798 3186 ad
2839 3131 3076 3188 fraudem
3118 3147 3245 3187 usus
3271 3133 3377 3188 sit?
3416 3133 3728 3202 llujusmodi

2143 3233 2271 3273 vero
2301 3218 2649 3290 blasphemia:
2675 3238 2772 3278 nos
2798 3223 2847 3276 in
2875 3237 3034 3278 causa
3059 3238 3260 3289 sumus,
3285 3223 3375 3294 qui
3401 3224 3731 3279 noluerimus

2142 3309 2441 3366 ediscendis
2463 3327 2557 3382 pro
2579 3313 2774 3369 tuenda
2793 3313 3048 3384 religione
3071 3315 3396 3386 argumentis
3416 3314 3727 3384 advigilare;

2143 3401 2242 3457 sed
2281 3401 2366 3458 his
2397 3405 2718 3474 contemptis
2746 3405 2892 3459 velut
2932 3405 3217 3476 superﬂuis
3241 3445 3256 3470 ,
3305 3413 3515 3460 terrena
3554 3403 3728 3460 solum

2143 3508 2412 3560 curemus.
2443 3495 2508 3551 Et
2533 3495 2746 3568 quidem
2785 3497 3073 3563 saltatoris,
3104 3505 3197 3552 aut
3228 3496 3457 3567 aurigm,
3489 3505 3580 3552 aut
3608 3512 3728 3552 cum

2143 3585 2272 3643 feris
2297 3590 2578 3660 pugnantis
2603 3603 2786 3646 amore
2811 3598 2997 3660 captus
3017 3590 3301 3660 quispiam,
3331 3589 3462 3644 nihil
3488 3603 3591 3643 non
3619 3604 3731 3643 mo-

2144 3690 2251 3748 vet,
2281 3681 2415 3736 nihil
2445 3695 2548 3736 non
2578 3683 2706 3753 agit,
2732 3692 2791 3737 ut
2821 3682 2874 3737 in
2905 3683 3285 3738 certaminibus
3315 3697 3420 3736 non
3450 3681 3730 3736 inferiores

2145 3773 2408 3839 evadant;
2440 3774 2562 3831 illos
2585 3774 2872 3830 admodum
2903 3773 3138 3842 laudant,
3166 3785 3219 3831 et
3240 3774 3496 3829 adversus
3521 3774 3728 3843 vitupe-

2145 3875 2326 3922 rantes
2373 3865 2738 3923 defensionem
2803 3875 3026 3937 parant,
3083 3865 3527 3936 adversariosque
3587 3865 3730 3920 mille

2145 3957 2401 4013 conviciis
2427 3967 2651 4012 onerant
2677 3977 2691 4013 :
2720 3973 2839 4013 cum
2865 3972 2993 4013 vero
3018 3957 3084 4012 de
3111 3957 3512 4012 Christianismo
3535 3971 3729 4026 propu-

2145 4049 2356 4121 gnando
2383 4051 2578 4120 agitur,
2623 4063 2809 4105 omnes
2853 4059 3011 4120 caput
3050 4050 3337 4114 inclinant,
3387 4055 3725 4118 toi-pascunt,

2145 4142 2402 4207 oscitant,
2443 4157 2506 4197 ac
2538 4157 2656 4197 cum
2689 4143 2797 4197 risu
2825 4141 3031 4212 excepti
3067 4140 3342 4198 recedunt.
3369 4139 3575 4208 Quanta
3617 4137 3731 4192 hvrc

2146 4232 2505 4304 indignatione
2535 4249 2639 4288 non
2665 4234 2823 4304 digna
2853 4232 3078 4300 fuerint,
3107 4245 3228 4288 cum
3253 4229 3496 4285 Christus
3522 4245 3550 4282 a
3581 4230 3731 4284 vobis

2145 4326 2398 4381 saltatore
2430 4323 2648 4380 inferior
2674 4324 2934 4378 habetur?
2961 4321 3390 4394 quandoquidem
3415 4321 3482 4376 de
3520 4320 3728 4375 illorum

2143 4419 2306 4489 gestis
2331 4416 2476 4472 mille
2501 4417 2696 4486 paratis
2719 4415 3076 4481 defensiones,
3102 4414 3218 4469 licet
3245 4413 3343 4483 ipsi
3363 4412 3601 4468 omnium
3622 4421 3731 4464 tur.

2145 4509 2346 4579 pissimi
2374 4508 2511 4572 sint;
2542 4507 2629 4561 ubi
2657 4516 2833 4561 autem
2860 4505 2928 4561 de
2956 4503 3154 4560 Christi
3182 4503 3470 4570 miraculis,
3503 4518 3621 4572 qum
3653 4513 3732 4555 tu-

2147 4609 2256 4654 tum
2296 4606 2629 4652 attraxerunt
2669 4597 2876 4664 orbem,
2922 4596 3113 4665 agitur,
3139 4610 3206 4652 ne
3246 4593 3480 4665 cogitare
3516 4591 3730 4662 quidem

2145 4701 2236 4746 aut
2261 4705 2449 4746 curare
2477 4689 2749 4762 quidpiam
2778 4687 3050 4743 videmini.
3081 4686 3364 4743 Credimus
3403 4685 3454 4740 in
3494 4684 3729 4748 Patrem,

2143 4793 2198 4838 et
2237 4782 2429 4838 Filium
2472 4790 2525 4835 ct
2569 4780 2823 4850 Spiritum
2866 4789 3106 4835 sanctum
3131 4819 3146 4846 ,
3187 4777 3240 4832 in
3281 4775 3732 4832 resurrectionem

2143 4889 2450 4943 corporum,
2484 4872 2536 4926 in
2563 4873 2724 4926 vitam
2746 4879 3020 4926 mternam.
3045 4870 3099 4926 Si
3122 4869 3239 4940 quis
3259 4882 3388 4939 ergo
3407 4866 3625 4924 Grzecns
3649 4867 3731 4920 iu-

2146 4965 2524 5034 terrogavcrit,
2572 4963 2702 5031 Quis
2738 4971 2820 5016 est
2860 4961 2946 5015 hic
2982 4960 3173 5016 Pater?
3211 4959 3331 5029 quis
3369 4956 3574 5012 Filius?
3614 4957 3735 5027 quis

2143 5055 2372 5126 Spiritus
2400 5054 2653 5109 sanctus?
2693 5061 2748 5107 et
2783 5051 3054 5122 quomodo
3092 5064 3188 5104 vos
3211 5091 3226 5118 ,
3268 5050 3357 5119 qui
3410 5057 3515 5103 tres
3556 5047 3734 5100 dicitis

2144 5149 2295 5215 deos,
2328 5161 2426 5202 nos
2454 5145 2716 5201 accusatis
2745 5145 2886 5215 quod
2912 5144 3136 5198 deorum
3163 5140 3606 5209 multiplicitatem
3635 5138 3731 5190 ad-

2143 5238 2450 5295 mittamus?
2469 5237 2592 5308 quid
2612 5237 2834 5292 dicetis?
2860 5235 2985 5306 quid
3012 5231 3444 5303 respondebitis?
3463 5230 3734 5299 quomodo

2145 5331 2280 5387 hanc
2305 5331 2658 5401 objectionem
2692 5327 3005 5398 depelletis?
3033 5325 3167 5394 Quid
3197 5337 3324 5378 vero
3351 5323 3426 5388 si,
3467 5321 3620 5376 vobis
3653 5329 3733 5373 ta-

2143 5422 2386 5478 centibus
2402 5403 2441 5488 ,ι
2461 5422 2619 5476 aliam
2649 5428 2899 5475 moveant
2925 5417 3270 5490 qumstionem
3307 5432 3319 5467 :
3353 5413 3606 5480 Quaenam
3651 5423 3734 5466 est

2144 5512 2231 5566 illa
2278 5510 2633 5566 resurrectio?
2679 5524 2803 5565 num
2849 5509 2900 5564 in
2947 5507 3049 5564 hoc
3083 5518 3308 5574 corpore
3348 5501 3732 5571 resurgemus?

2209 5669 2226 5700 ι
2263 5668 2367 5726 Alii,
2397 5665 2543 5717 vobis.
