4068 6136
441 235 541 293 ιιι

437 346 508 400 ἐν
534 343 725 410 ὕδατι,
760 343 858 398 καὶ
883 343 972 398 διὰ
1000 344 1156 399 τοῦτο
1177 345 1422 417 πέμψας,
1447 345 1573 399 Ἵνα
1599 342 1913 415 φανερωθῇ
1942 341 2024 407 τῷ

449 427 719 496 Ἰλνραὴλ,
754 423 920 490 αὐτὸς
959 428 1108 498 αὐτῷ
1152 429 1245 481 καὶ
1274 433 1380 500 πρὸ
1411 429 1513 498 τῆς
1554 427 1651 481 τοῦ
1704 425 2022 496 Πνεύματος

437 509 661 566 καθόδου
712 510 878 563 αὑτὸν
922 511 1259 580 ἀπεκάλυψε.
1298 510 1390 565 Διὸ
1416 510 1509 566 x01
1544 507 1734 583 πρὶνῆ
1771 524 2019 580 παραγε-

434 591 643 658 νέσθαι,
673 593 881 662 ἔλεγεν·
923 590 1136 647 Ὀπίσω
1154 611 1275 662 μου
1303 594 1560 662 ἔρχεται,
1590 593 1659 660 ὃς
1681 590 2023 662 ἔμπροσθέν

431 691 553 745 μου
600 675 871 746 γέγονεν.
916 675 991 729 Οὐ
1018 675 1198 728 τοίνυν
1233 673 1350 746 ᾔδει
1384 676 1547 730 αὐτὸν
1584 674 1692 746 πρὸ
1725 673 1817 727 τοῦ
1848 671 2025 725 ἐλθεῖν

436 761 528 813 ἐπὶ
565 759 659 814 10v
718 759 991 829 Ἰορδάνην
1023 759 1116 813 καὶ
1151 758 1360 823 πάντας
1408 758 1716 830 βαπτίζειν,
1762 756 1879 811 ἀλλ’
1933 756 2024 809 ὅτε

436 840 628 908 ἔμελλε
665 841 1047 912 βαπτίζεσθαι,
1075 842 1197 896 τότε
1222 843 1386 897 αὑτὸν
1410 842 1580 912 ἐγνω-
1617 839 1902 896 καὶταῦτα
1926 837 2022 892 τοῦ

434 924 650 994 110190;
677 923 1326 994 αύτδνιάποκαλύψαντος
1363 925 1443 996 τῷ
1469 925 1758 995 Προφήτῃ,
1792 922 1889 977 καὶ
1925 919 2021 975 τοῦ

436 1009 752 1078 Πνεύματος
775 1006 1047 1073 δείξαντος
1076 1008 1473 1079 βαπτιζόμενον
1515 1008 1810 1072 Ἰουδαίοις,
1829 1006 1896 1060 δι’
1928 1004 2023 1069 οὓς

437 1093 528 1145 καὶ
564 1093 598 1162 ἡ
648 1089 876 1154 κάθοδος
919 1089 1015 1143 τοῦ
1046 1091 1365 1161 Πνεύματος
1387 1092 1631 1159 γέγονεν.
1680 1091 1795 1145 Ἵνα
1840 1091 1950 1163 γάρ
1985 1092 2019 1162 η

449 1174 696 1227 Ἰωάννου
743 1173 822 1244 μὴ
858 1172 1248 1245 καταφρονηθῇ
1300 1174 1574 1243 μαρτυρία
1628 1173 1897 1242 λέγοντος,
1937 1174 2021 1227 δτι

438 1256 669 1325 Πρῶτός
711 1273 833 1325 μου
872 1252 966 1325 ἦν,
1018 1256 1113 1309 καὶ
1144 1256 1227 1309 ὅτι
1267 1254 1355 1308 Ἐν
1406 1255 1682 1324 Πνεύματι
1736 1254 2017 1325 βαπτίζει,

437 1343 527 1394 καὶ
555 1341 638 1394 ὃτι
696 1341 892 1411 Κρινεῖ
916 1339 1016 1410 τὴν
1044 1339 1390 1411 οἰκουμένην,
1421 1338 1517 1392 καὶ
1556 1340 1585 1391 ό
1615 1338 1804 1409 Πατὴρ
1837 1340 2019 1410 φωνὴν

436 1424 663 1496 ἀφίησιν
690 1419 1087 1492 ἀνακηρύττων
1105 1422 1195 1475 τὸν
1216 1421 1366 1484 Υίὸν,
1389 1420 1555 1474 x0110
1570 1418 1797 1491 Πνεῦμα
1816 1420 2017 1485 ἔπεισι,

436 1509 532 1579 τὴν
556 1507 742 1576 φωνὴν
756 1506 1019 1559 ἓλκονέπὶ
1030 1506 1127 1575 τὴν
1143 1504 1386 1576 κεφαλὴν
1401 1504 1494 1558 τοῦ
1510 1503 1770 1575 Χριστοῦ.
1799 1504 2018 1575 Ἐπειδὴ

437 1591 589 1663 γάρό
617 1591 717 1661 μὲν
744 1587 1101 1651 ἐϐάπτιζεν,ό
1122 1588 1180 1641 δέ
1213 1587 1559 1653 ἐδαπτίζετο,
1579 1587 1666 1640 ῖνα
1696 1586 1770 1658 μή
1800 1604 1885 1651 τις
1905 1587 2012 1639 τῶν

436 1673 717 1746 πρόντων
744 1671 876 1742 περὶ
919 1672 1166 1725 Ἰωάννου
1193 1670 1393 1741 νομίσῃ
1425 1670 1681 1738 λέγεσθαι
1703 1669 1764 1723 10
1786 1670 2017 1741 εἰρημέ-

437 1776 545 1823 νον,
579 1757 803 1830 ἐρχεται
843 1756 906 1809 10
946 1755 1172 1828 Πνεῦμα
1214 1755 1596 1827 διορθούμενον
1629 1756 1728 1827 τὴν
1760 1755 2018 1826 τοιαύτην

438 1843 708 1896 ὑπόνοιαν.
739 1842 904 1893 Ὥστε
946 1840 1075 1892 ὅταν
1111 1837 1269 1911 λέγῃ,
1304 1842 1425 1893 Οὐκ
1465 1838 1638 1909 ᾕδειν
1677 1840 1883 1901 αὐτὸν,
1926 1837 2019 1890 τὸν

436 1923 739 1996 ἔμπροσθεν
764 1922 914 1992 λέγει
943 1921 1154 1993 χρόνον,
1173 1922 1233 1975 ού
1271 1921 1363 1974 τὸν
1385 1920 1554 1990 ἐγγὺς
1591 1920 1685 1974 τοῦ
1701 1920 2016 1991 βαπτίσμα-

439 2024 548 2072 τος.
600 2008 752 2061 Ἐπεὶ
786 2006 902 2069 πῶς
930 2005 1095 2059 αὑτὸν
1137 2003 1342 2059 ἐκώλυε
1386 2004 1583 2074 λέγων.
1628 2003 1777 2073 Ἐγὼ
1807 2004 2019 2072 χρείαν

435 2088 552 2159 ἔχω
578 2089 700 2145 ὑπὸ
739 2087 861 2143 σοῦ
887 2085 1341 2156 βαπτισθῆναι;
1384 2087 1502 2152 πῶς
1548 2087 1606 2141 δὲ
1654 2087 1751 2140 καὶ
1794 2086 2017 2140 τοιαῦτα

438 2191 503 2226 πε
510 2174 566 2244 91
594 2171 758 2225 αὑτοῦ
784 2170 971 2240 ἐλεγε;
1006 2171 1129 2233 Πῶς
1144 2167 1238 2225 οὖν
1264 2170 1363 2224 οὐκ
1388 2170 1717 2225 ἐπίστευσαν
1752 2169 2015 2234 Ἰουδαῖοι,

440 2255 643 2328 ςησίνς
675 2255 799 2308 οὐδὲ
844 2254 955 2327 γάρ
986 2254 1146 2324 μόνος
1189 2254 1442 2323 Ἰωάννης
1468 2248 1576 2307 εἶδε
1609 2253 1670 2308 τὸ
1703 2252 1926 2324 Πνεῦμα
1960 2255 2017 2306 ἐν

436 2338 566 2392 εῖδει
599 2338 948 2409 περιστερᾶς,
973 2337 1097 2390 Ὀτι
1121 2338 1171 2390 εἰ
1191 2337 1285 2390 καὶ
1310 2332 1470 2402 εἶδον,
1497 2335 1632 2389 ἀλλά
1647 2336 1716 2390 τά
1744 2335 1970 2390 τοιαῦτα
1988 2347 2013 2377 α

436 2424 561 2493 οὐχὶ
582 2421 693 2474 τῶν
720 2422 816 2474 τοῦ
847 2421 1098 2491 σώματος
1127 2421 1424 2492 ὀφθαλμῶν
1451 2421 1623 2474 δεῖται
1666 2421 1848 2492 μόνον,
1880 2419 2017 2473 ἀλλά

436 2506 547 2575 πρὸ
574 2503 781 2559 τούτων
813 2504 913 2575 τῆς
943 2504 1083 2558 κατά
1110 2505 1351 2558 διάνοιαν
1373 2505 1569 2574 ὅψεως,
1598 2503 1739 2557 ὥστε
1773 2504 1847 2573 μὴ
1880 2521 2012 2571 φαν-

434 2587 626 2642 τασίαν
654 2587 910 2657 περιττὴν
941 2586 1002 2639 τὸ
1035 2588 1267 2658 πρᾶγμα
1300 2587 1538 2656 νομίσαι.
1566 2588 1630 2639 Εἰ
1658 2584 1789 2655 γοῦν
1823 2588 1851 2626 δ
1886 2586 2018 2639 θαυ·

436 2670 851 2742 ματα-ἀργοῦντα
895 2670 1147 2741 ὁρῶντες,
1182 2672 1275 2723 καὶ
1311 2671 1614 2740 ἀπτόμενον
1647 2672 1767 2733 ταῖς
1790 2669 2018 2733 οἰκείαις

434 2756 596 2829 χερσὶ
620 2755 731 2808 τῶν
752 2754 1127 2825 νενοσηκότων
1154 2755 1249 2808 καὶ
1280 2755 1389 2808 τῶν
1418 2755 1779 2826 τεθνηκότων,
1815 2756 1909 2808 καὶ
1932 2754 2020 2808 οὖ-

432 2854 544 2901 τως
582 2838 783 2901 αὐτοὺς
822 2837 960 2909 πρὸς
994 2836 1139 2909 ζωὴν
1162 2838 1505 2906 ἐπανάγοντα
1534 2837 1628 2891 καὶ
1661 2837 1868 2906 ὑγείαν,
1897 2855 2018 2891 τοσ-

432 2921 589 2974 οῦτον
638 2921 870 2991 ἐμέθυον
913 2922 1018 2975 ὑπὸ
1068 2923 1164 2992 τῆς
1212 2921 1546 2991 βασκανίας,
1600 2920 1741 2974 ὥστε
1798 2922 2017 2976 ἐναντία

430 3005 545 3067 τοῖς
573 3003 874 3075 ὁρωμένοις
922 3005 1319 3073 ἀποφαίνεσθαι
1341 3020 1354 3034 ·
1385 3004 1500 3069 πῶς
1530 3004 1597 3058 ἂν
1626 3004 1734 3058 ἀπὸ
1771 3004 1871 3075 τῆς
1899 3007 2018 3059 ἐπι-

434 3089 742 3157 φοιτήσεως
783 3086 881 3140 τοῦ
911 3086 1228 3158 Πνεύματος
1268 3088 1438 3159 μόνης
1475 3087 1887 3160 ἀπεκρούσαντο
1916 3089 2016 3159 τὴν

429 3171 723 3236 ἀπιστίαν;
765 3168 923 3234 Τινὲς
965 3170 1022 3225 δέ
1072 3188 1237 3241 φασιν
1276 3171 1396 3224 οὐδὲ
1456 3172 1663 3235 πάντας
1695 3173 1892 3235 αὐτοὺς
1931 3190 2018 3225 τε-

430 3254 687 3321 θεᾶσθαι,
715 3254 835 3308 ἀλλ’
878 3253 913 3326 ἢ
943 3254 1107 3325 μόνον
1146 3255 1401 3324 Ἰωάννην
1427 3256 1521 3308 καὶ
1564 3257 1691 3319 τοὺς
1736 3256 2016 3327 εὐγνωμο-

430 3337 688 3408 νέστερον
698 3338 1095 3408 διακειμένους.
1115 3338 1177 3391 Εἰ
1191 3338 1297 3408 γάρ
1309 3339 1403 3391 καὶ
1426 3338 1703 3410 αἰσθητοῖς
1718 3338 2017 3409 ὀφθαλμοῖς

427 3421 661 3476 δυνατὸν
692 3415 762 3492 ἦν
797 3421 926 3474 ἰδεῖν
972 3421 1047 3485 ὡς
1075 3421 1134 3473 ἐν
1174 3421 1303 3474 εῖδει
1339 3423 1668 3493 περιστερᾶς
1698 3420 1759 3474 10
1791 3421 2018 3492 Πνεῦμα

433 3505 624 3559 κατιόν
651 3522 664 3535 ·
698 3504 817 3559 ἀλλ’
848 3504 1000 3575 ὅμως
1032 3503 1093 3557 ού
1137 3503 1225 3557 διὰ
1263 3503 1424 3558 τοῦτο
1464 3506 1614 3558 πᾶσα
1642 3505 1854 3576 ἀνάγκη
1882 3509 2015 3560 πᾶσι

429 3588 736 3659 κατάδηλον
767 3585 907 3642 εἶναι
940 3587 1003 3639 τὸ
1045 3587 1300 3658 πρᾶγμα.
1332 3587 1443 3640 K01
1470 3587 1580 3657 γάρ
1619 3588 1715 3641 x01
1743 3590 2018 3660 Ζαχαρίας

431 3672 491 3725 ἐν
524 3669 774 3743 αἰσθητῷ
817 3669 948 3723 εῖδει
994 3668 1166 3723 πολλά
1209 3668 1501 3723 τεθέαται³
1550 3671 1646 3723 καὶ
1695 3670 1893 3743 Δανιὴλ
1923 3673 2016 3726 x01

444 3753 732 3827 Ἰεζεκιηλ,
764 3753 860 3807 καὶ
888 3752 1144 3807 κοινωνὸν
1172 3752 1272 3822 τῆς
1302 3752 1430 3816 θέας
1471 3751 1662 3806 οὐδένα
1702 3753 1858 3824 ἔσχον
1879 3773 1892 3784 ·
1924 3755 2015 3808 καὶ

429 3836 675 3906 Μωῦσῆς
726 3835 784 3890 δέ
813 3835 982 3892 τωλλά
1012 3830 1144 3899 οἶδε,
1185 3835 1279 3888 καὶ
1308 3829 1398 3895 οἷα
1433 3834 1543 3888 τῶν
1587 3834 1760 3889 ἄλλων
1803 3836 2011 3899 οὐδείς’

432 3912 658 3991 καῖ’τῆς
707 3917 1184 3991 μεταμορφώσεως
1226 3917 1283 3971 δέ
1324 3917 1425 3987 τῆς
1468 3919 1561 3971 ἐπὶ
1601 3917 1696 3971 τοῦ
1741 3918 1900 3989 ὅρους
1951 3919 2013 3972 οὐ

431 4002 633 4066 πάντες
655 4001 967 4073 ἠξιώθησαν
1001 4011 1026 4041 θ
1054 4002 1104 4053 οί
1155 3998 1421 4071 μαθηταίθ
1454 3999 1568 4053 ἀλλ’
1607 4000 1726 4054 οὐδὲ
1754 4002 1852 4072 τῆς
1875 4002 2013 4054 κατά

431 4086 527 4158 τὴν
548 4086 847 4140 ἀνάστασιν
863 4083 1038 4154 ὄψεως
1056 4083 1422 4154 ἐκοινώνησαν
1450 4082 1689 4147 ἅπαντες
1711 4100 1724 4114 ·
1747 4086 1838 4138 καὶ
1856 4083 2014 4139 τοῦτο

428 4168 579 4240 δηλοῖ
601 4168 791 4238 σαφῶς
821 4168 850 4221 ὀ
873 4168 1090 4231 Λουκᾶς
1120 4165 1320 4220 εἰπών’
1352 4166 1434 4219 ὅτι
1456 4164 1655 4230 ἔδειξεν
1684 4166 1874 4219 ἐαυτὸν
1902 4170 2013 4232 τοῖς

428 4250 707 4320 Μάρτυσι
724 4250 851 4317 τοῖς
869 4247 1571 4319 προκεχειροτονημένοις
1585 4248 1703 4303 ὑπὸ
1721 4249 1826 4302 τοῦ
1842 4250 2009 4304 Θεοῦ.

320 4333 333 4340 ’
431 4334 608 4407 Κάγὼ
622 4334 854 4402 ἑώρακα
872 4333 973 4388 καί
986 4333 1433 4403 μεμαρτύρηκα,
1468 4332 1555 4384 ὅτι
1583 4326 1762 4396 οὗτός
1781 4332 1952 4385 ἐστιν
1980 4335 2013 4386 ό

433 4418 587 4492 {101]
627 4420 761 4484 Υἱὸς
794 4418 901 4471 τοῦ
923 4417 1092 4471 Θεοῦ.
1116 4417 1225 4470 K01
1257 4414 1360 4470 ποῦ
1389 4414 1795 4485 ἐμαρτύρησεν,
1825 4415 1910 4468 ὃτι
1932 4409 2015 4470 οῦ-

433 4500 519 4563 τός
549 4500 700 4552 ἐστιν
729 4499 758 4549 ὀ
798 4496 926 4559 Υἰὸς
967 4495 1060 4548 τοῦ
1089 4494 1264 4559 Θεοῦς
1309 4494 1507 4565 ’Δμνὸν
1554 4493 1655 4564 μὲν
1700 4493 1809 4566 γὰρ
1852 4495 2013 4548 αὑτὸν

434 4583 686 4644 ἐκάλεσε,
719 4581 917 4635 110101:
938 4578 1214 4649 Πνεύματι
1246 4578 1528 4649 βαπτίζειν
1549 4577 1793 4649 ἔμελλεν,
1827 4574 2006 4633 εἶπεν·

433 4666 563 4720 Υἱον
595 4666 653 4719 δέ
678 4663 816 4718 Θεοῦ
845 4660 1103 4732 οὐδαμοῦ.
1142 4662 1336 4715 Καίτοι
1364 4677 1428 4729 γε
1464 4661 1602 4730 μετά
1636 4662 1696 4713 10
1732 4661 2012 4731 βάπτισμα

431 4748 584 4801 οὐδὲν
616 4746 781 4800 αὑτὸν
814 4744 1224 4815 ἀναγράφουσιν
1248 4743 1509 4814 εἰρηκότα
1531 4745 1578 4795 οἰ
1612 4742 1759 4796 ἄλλοι
1785 4745 2013 4813 εὐαγγε-

429 4830 634 4893 110101,
669 4827 809 4882 ἀλλά
844 4829 912 4881 τά
945 4826 1149 4898 μεταξὺ
1197 4828 1593 4896 σιωπήσαντες,
1631 4826 1697 4879 τά
1742 4826 1879 4896 μετά
1912 4830 2012 4897 τὴν

433 4912 697 4983 σύλληψιν
752 4911 997 4963 Ἰωάννου
1036 4909 1307 4977 γενόμενα
1346 4908 1439 4962 τοῦ
1485 4909 1719 4979 Χριστοῦ
1760 4909 2012 4981 θαύματα

429 4995 705 5062 λέγουσιν.
756 4993 872 5062 Ἀφ’
900 4986 975 5047 ὧν
1009 4991 1364 5063 στοχάζεσθαι
1404 4991 1572 5055 εἰκὸς,
1603 4993 1686 5046 ὅτι
1720 4994 1813 5045 καὶ
1843 4993 2012 5046 ταῦτα

432 5080 528 5132 καῖ⁵
557 5078 743 5149 πολλῷ
774 5078 940 5148 ἔτερα
980 5076 1201 5129 πλείονα
1235 5075 1693 5147 παραλέλειπται’
1729 5078 1823 5130 καὶ
1854 5077 2012 5130 τοῦτο

432 5161 594 5225 αὐτὸς
619 5154 777 5225 οὗτος
802 5161 832 5215 ό
858 5159 1251 5231 εύαγγελιστὴς
1294 5159 1430 5230 πρὸς
1467 5159 1546 5229 τῷ
1572 5160 1715 5212 τέλει
1755 5161 1851 5229 τῆς
1884 5175 2011 5227 συγ-

432 5245 653 5320 γραφῆς
680 5243 946 5314 ἐδήλωσε.
973 5241 1239 5297 Τοσοῦτον
1275 5241 1385 5313 γάρ
1418 5243 1657 5311 ἀπέσχον
1685 5242 1778 5295 τοῦ
1809 5242 2011 5296 πλάσαι

429 5345 482 5382 τι
516 5330 662 5400 μέγα
687 5329 818 5400 περὶ
837 5325 1027 5389 αὐτοῦ,
1062 5327 1146 5379 ὅτι
1174 5324 1244 5378 τά
1271 5324 1371 5393 μὲν
1394 5324 1652 5378 δοκοῦντα
1676 5325 2013 5379 ἐπονείδιστα

431 5408 571 5466 εἶναι
599 5410 807 5473 πάντες
841 5407 1176 5481 ὀμοφώνωςει
1213 5409 1305 5461 καὶ
1337 5408 1472 5478 μετά
1495 5406 1779 5479 ἀκριϐείας
1811 5407 2012 5477 ἔθηκαν

429 5496 673 5567 ἀπάσης.
700 5493 918 5548 καὶούκ
944 5492 1009 5547 ἀν
1032 5491 1412 5563 εὖροιςούδένα
1429 5491 1608 5545 αὐτῶν
1638 5491 2014 5561 παραλιπόντα

392 5646 397 5649 _
428 5579 580 5634 οἰδὲν
607 5578 720 5632 τῶν
748 5576 1023 5630 τοιούτων·
1062 5576 1171 5629 τῶν
1200 5575 1257 5628 δέ
1284 5575 1577 5646 θαυμάτων
1606 5575 1672 5627 τὰ
1709 5575 1806 5643 μὲν
1837 5575 2014 5638 ἀλλοις

487 5739 512 5766 ⁸
535 5737 747 5797 Quidam
777 5735 852 5797 ᾇτι
874 5734 935 5780 τὰ
958 5730 1173 5797 τοιαῦτα.
1229 5731 1265 5797 γι)
1298 5733 1355 5781 Εἰ
1387 5730 1475 5797 γάρ
1514 5730 1661 5797 Sam.
1690 5734 1740 5780 et
1769 5731 1876 5797 ϐοᾷ.

426 5802 469 5846 0‘.
491 5792 580 5854 γάρ
607 5799 713 5846 cod.
743 5794 859 5846 706.
926 5797 946 5824 ε
976 5795 1123 5842 Sam.
1146 5794 1388 5849 ἀπήλαυον
1414 5792 1712 5854 (ἀπήλαυσαν
1736 5794 1874 5844 codd.
1903 5792 2012 5851 705,

426 5815 469 5846 οἶ
607 5815 713 5846 αοη.
752 5815 859 5846 lu".
927 5815 946 5824 “’
976 5815 1123 5842 ὓἈὶΙΙο
1146 5815 1388 5849 σπη’-ανον
1414 5815 1601 5854 (αττηιω

425 5815 768 5922 Ἱοέἷΐηοΐθὶ.
796 5856 1075 5914 ἠξιώθησαν,
1143 5855 1167 5893 d
1192 5855 1288 5906 Alii
1318 5855 1601 5917 ὀμοφρὸνως.

1504 232 1569 287 ΙΝ
1603 230 1921 289 ΙΟΑΝΝΕΜ
1962 229 2201 288 IIOMIL.
2237 230 2411 292 XVII.
2448 237 2518 292 al.
2558 236 2695 294 XVI.

3596 247 3703 308 ιη

2130 343 2318 431 εῖασαν
2351 363 2392 431 ᾖ.
2430 349 2498 403 τά
2521 351 2577 405 δὲ
2616 352 2817 417 πάντες
2844 353 3260 427 ἀπεσιώπησαν.
3291 354 3474 411 Ταῦτα
3508 355 3571 413 δέ
3607 376 3699 431 μοι

2126 429 2224 499 ούχ
2272 429 2458 495 ἁπλῶς
2498 435 2732 506 εἴρηται.
2780 436 2916 492 ἀλλά
2957 437 3094 509 πρὸς
3122 438 3221 509 τὴν
3274 439 3384 493 τῶν
3436 429 3703 512 Ἐλλήνων

2130 514 2536 584 ἀναισχυντίαν.
2586 518 2791 572 Ἱκανὸν
2823 519 2930 590 γάρ
2960 520 3118 574 τοῦτο
3133 520 3227 574 τοῦ
3258 521 3582 594 φιλαλήθους
3604 527 3703 580 αύ-

2125 594 2234 647 τῶν
2262 595 2465 666 τρόπου
2492 598 2710 670 δεῖγμα,
2734 602 2826 653 x01
2849 601 2940 654 τοῦ
2967 604 3135 673 μηδὲν
3155 604 3290 676 πρὸς
3320 606 3478 675 χάριν
3503 606 3697 675 λέγειν.

2123 676 2234 730 K01
2251 677 2548 750 δυνήσεσθε
2575 684 2667 735 καὶ
2699 683 2870 754 ταύτῃ
2897 686 3035 754 μετά
3061 685 3169 739 τῶν
3189 687 3366 742 ἀλλων
3386 688 3701 753 ὁπλίζεσθαι

2121 765 2189 833 τῇ
2205 763 2314 817 τῶν
2326 765 2500 834 λόγων
2514 766 2764 821 ὑποθέσει
2783 770 2920 840 πρὸς
2940 771 3156 834 αὐτούς.
3191 772 3352 826 Ἀλλά
3366 775 3662 845 προσέχετε
3684 792 3698 805 ’

2124 847 2220 900 x01
2243 847 2356 919 γὰρ
2380 848 2581 903 ἄτοπον
2607 850 2699 902 τὸν
2732 851 2830 922 μιν
2853 851 3036 923 ἰατρὸν
3072 854 3211 922 μετά
3246 854 3529 925 ἀκριϐείας
3560 855 3702 927 ὑπὲρ

2122 929 2221 1000 τῆς
2249 930 2447 1001 τέχνης
2478 931 2842 1000 ἀγωνίζεσθαι
2868 935 2968 1005 τῆς
2993 936 3179 998 αὐτοῦ,
3207 938 3414 990 καὶτὸν
3446 941 3701 993 0x01010-

2124 1028 2246 1081 μον,
2281 1015 2378 1068 καὶ
2401 1014 2495 1068 τὸν
2523 1016 2785 1086 ὑφάντην,
2809 1020 2903 1071 καὶ
2931 1018 3140 1083 πάντας
3167 1020 3354 1084 ἁπλῶς
3378 1021 3506 1085 τοὺς
3526 1022 3704 1093 τεχνίο

2120 1110 2220 1158 τας
2240 1109 2253 1122 °
2282 1096 2375 1149 10v
2403 1095 2461 1149 δὲ
2486 1098 2811 1168 Χριστιανὸν
2836 1097 2974 1154 εἶναι
2999 1101 3297 1170 φάσκοντα,
3338 1102 3414 1174 μὴ
3445 1103 3701 1158 δύνασθαι

2120 1178 2280 1247 λόγον
2309 1181 2447 1253 ὑπὲρ
2486 1184 2585 1252 τῆς
2622 1184 2829 1249 οἰκείας
2871 1189 3173 1257 παρασχεῖν
3221 1187 3478 1250 πίστεως.
3513 1188 3704 1242 Καίτοι

2120 1263 2305 1316 ἐκεῖνα
2355 1263 2455 1333 μὲν
2508 1266 2879 1336 παροφθέντα,
2914 1270 2994 1328 εἰς
3036 1270 3298 1340 χρήματα
3348 1269 3447 1341 τὴν
3500 1268 3704 1341 ζημίαν

2120 1344 2318 1415 ἧνεγκε
2341 1361 2354 1374 ·
2390 1347 2565 1400 ταῦτα
2591 1347 2647 1400 δέ
2670 1348 3035 1420 ἀμελούμενα,
3059 1351 3229 1422 αὐτὴν
3251 1354 3386 1423 ἡμῖν
3413 1351 3433 1392 ί
3462 1352 3705 1421 διαφθεί-

2121 1444 2206 1498 ρει
2235 1428 2333 1497 τὴν
2358 1428 2559 1500 ψυχήν.
2597 1430 2737 1483 Ἀλλ’
2766 1431 2914 1502 ὅμως
2938 1431 3113 1497 οὕτως
3131 1434 3335 1498 ἀθλίως
3357 1435 3703 1505 διακείμεθα,

2118 1512 2194 1574 ὡς
2224 1512 2456 1575 ἐκείνοις
2487 1512 2587 1581 μὲν
2617 1512 2837 1567 ἃπασαν
2872 1514 3169 1586 ἀπονέμειν
3204 1517 3445 1590 σπουδήν
3466 1534 3480 1549 ⁸
3503 1518 3614 1572 τῶν
3645 1519 3704 1572 δὲ

2117 1593 2451 1660 ἀναγκαίων,
2487 1595 2582 1647 καὶ
2622 1593 2657 1648 ἃ
2688 1595 2959 1666 σωτηρίας
2986 1597 3242 1662 ὑπόθεσις
3284 1599 3385 1669 τῆς
3419 1600 3698 1671 ἡμετέρας

2121 1676 2258 1737 ἐστὶ,
2294 1677 2499 1730 τούτων
2529 1676 2605 1740 ὡς
2633 1677 2844 1742 οὐδενὸς
2878 1680 3043 1745 ἀξίων
3084 1685 3466 1754 καταφρονεῖν.

2177 1759 2419 1814 δ¹.Τοῦτο
2432 1761 2534 1815 οὐκ
2548 1762 2741 1832 ἀφίησι
2756 1763 3155 1834 τοὺςἛλληνας
3166 1769 3264 1835 τῆς
3275 1765 3480 1830 οἰκείας
3496 1766 3706 1837 ταχέως

2118 1841 2495 1910 καταγελάσαι
2521 1843 2749 1915 πλάνης.
2774 1845 2940 1900 Ὀταν
2972 1846 3083 1918 γὰρ
3107 1848 3260 1902 αὐτοὶ
3296 1847 3395 1919 μὲν
3420 1847 3499 1919 τῷ
3518 1848 3704 1919 ψεύδει

2119 1925 2526 1995 συνιστάμενοι,
2554 1926 2732 1980 πάντα
2761 1928 3077 1999 πράττωσιν
3101 1928 3242 1983 ὥστε
3270 1931 3563 1985 συσκιάσαι
3597 1932 3704 1985 τῶν

2116 2006 2404 2077 δογμάτων
2449 2008 2549 2078 τὴν
2598 2008 2884 2080 αἰσχύνην,
2932 2012 3095 2082 ⁴ἡμεῖς
3132 2012 3188 2066 δέ
3220 2014 3268 2065 οἱ
3312 2014 3411 2085 τῆς
3443 2012 3705 2084 ἀληθείας

2118 2089 2454 2161 θεραπευταὶ
2490 2090 2624 2161 μηδέ
2649 2092 2832 2163 διᾶραι
2860 2091 2921 2145 10
2955 2094 3130 2164 στόμα
3152 2094 3461 2166 δυνώμεθα,
3497 2097 3615 2161 πῶς
3640 2095 3702 2150 ού

2118 2174 2321 2244 πολλὴν
2345 2172 2441 2226 τοῦ
2476 2174 2746 2245 δόγματος
2772 2176 3216 2245 καταγνώσονται
3248 2179 3350 2251 τὴν
3381 2179 3701 2245 ἀσθένειανς

2117 2256 2234 2321 πῶς
2253 2257 2352 2311 οὐκ
2374 2257 2590 2327 ἀπάτην
2613 2259 2709 2313 καὶ
2736 2260 2949 2330 μωρίαν
2970 2259 3039 2313 τά
3068 2262 3311 2334 ἡμέτερα
3334 2264 3704 2318 ὑποπτεύσου-

2118 2355 2201 2402 σι;
2226 2338 2342 2401 πῶς
2360 2340 2419 2393 οὐ
2446 2338 2901 2412 βλασφημήσουσι
2922 2342 3012 2395 τὸν
3035 2343 3268 2414 Χριστὸν
3286 2343 3360 2408 ὡς
3383 2345 3583 2417 εἴρωνα
3609 2350 3703 2400 καὶ

2116 2421 2435 2484 ἀπατεῶνα,
2465 2423 2560 2475 καὶ
2586 2426 2653 2494 τῇ
2703 2423 2810 2476 τῶν
2840 2425 3049 2478 πολλῶν
3090 2427 3247 2497 ἀνοία
3283 2427 3419 2496 πρὸς
3446 2427 3543 2499 τὴν
3567 2428 3705 2482 ἀπά·

2115 2523 2215 2577 την
2235 2506 2723 2578 ἀποχρησάμενον;
2756 2508 2973 2579 Ταύτης
2997 2509 3053 2562 δέ
3082 2512 3243 2579 ἡμεῖς
3268 2512 3428 2564 αῖτιοι
3451 2511 3550 2581 τῆς
3582 2511 3704 2583 βλα-

2120 2590 2381 2660 σφημίας,
2403 2591 2503 2643 οὐκ
2531 2589 2805 2654 ἐθέλοντες
2836 2593 3134 2662 ἀγρυπνεῖν
3158 2593 3216 2644 ἐν
3248 2594 3359 2655 τοῖς
3386 2593 3524 2665 ύπέρ
3548 2596 3705 2647 εὗσε-

2117 2672 2271 2736 6είας
2300 2673 2499 2742 λόγοις,
2527 2673 2662 2727 ἀλλά
2693 2674 2948 2746 πάρεργα
2978 2673 3251 2745 τιθέμενοι
3287 2674 3481 2739 ταῦτα,
3515 2678 3606 2730 καὶ
3634 2678 3702 2730 τὰ

2117 2755 2214 2826 τῆς
2236 2754 2340 2825 γῆς
2364 2756 2753 2827 μεριμνῶντες.
2783 2757 2894 2810 K01
2919 2756 3186 2828 ὀρχηστοῦ
3215 2756 3315 2827 μέν
3337 2774 3423 2821 τις
3443 2757 3584 2829 ἐρῶν
3607 2761 3703 2812 καὶ

2103 2837 2330 2909 Δἡνιόχου
2361 2839 2456 2891 κἀὶ
2483 2837 2578 2891 τοῦ
2613 2840 2724 2903 τοῖς
2752 2838 2958 2909 θηρίοις
2992 2838 3375 2905 πυκτεύοντος,
3410 2841 3588 2894 πάντα
3616 2859 3701 2895 κι-

2115 2924 2197 2975 νεῖ
2216 2923 2309 2975 x01
2331 2920 2797 2993 πραγματεύεται,
2827 2922 2967 2975 ὣστε
2993 2924 3051 2976 ἐν
3076 2925 3191 2986 τοῖς
3214 2921 3392 2992 ἀγῶσι
3417 2927 3531 2989 τοῖς
3558 2925 3700 2995 ὑπὲρ

2115 3005 2278 3060 αὑτοῦ
2307 3004 2382 3077 μὴ
2419 3005 2642 3059 ἔλαττον
2665 3005 2804 3077 ἔχων
2845 3004 3131 3060 ἀπελθεῖνο
3166 3007 3260 3060 καὶ
3295 3008 3540 3079 μακροὺς
3575 3025 3701 3061 συν-

2115 3089 2350 3161 είρουσιν
2392 3088 2666 3153 ἐπαίνους,
2712 3088 2847 3159 πρὸς
2875 3088 3002 3152 τοὺς
3040 3087 3479 3160 κατηγοροῦντας
3519 3089 3701 3144 αὐτῶν

2116 3172 2410 3241 ἀπολογίαν
2440 3171 2798 3235 συντιθέντες,
2820 3171 2913 3225 καὶ
2949 3172 3163 3243 μυρίοις
3199 3171 3481 3242 βάλλοντες
3514 3173 3700 3245 σκώμ-

2120 3271 2250 3327 μασι
2294 3256 2422 3317 τοὺς
2463 3256 2943 3326 ἐναντιουμένους*
2980 3254 3121 3327 ὺπέρ
3166 3254 3224 3307 δὲ
3270 3255 3698 3328 Χριστιανισμοῦ

2116 3339 2488 3409 προκειμένων
2505 3340 2530 3378 ε
2552 3337 2745 3406 λόγων,
2769 3337 2971 3400 πάντες
2988 3337 3139 3391 κάτω
3158 3337 3394 3402 νεύουσι,
3421 3338 3513 3393 καὶ
3539 3340 3700 3393 κνῶν-

2114 3439 2235 3485 ται,
2276 3421 2371 3474 καὶ
2414 3420 2761 3491 χασμῶνται,
2807 3418 2900 3474 καὶ
2943 3418 3446 3487 καταγελασθέντες
3489 3422 3700 3491 ἀναχω-

2119 3504 2294 3577 ροῦσι.
2325 3498 2472 3576 [I02]
2508 3502 2619 3557 K01
2648 3502 2764 3566 πῶς
2791 3503 2891 3555 οὐκ
2920 3499 3047 3566 ἀξια
3072 3502 3244 3556 ταῦτα
3276 3504 3476 3573 μυρίας
3507 3503 3697 3575 ὀργῆς,

2117 3588 2246 3640 ὅταν
2273 3588 2303 3639 ό
2338 3585 2570 3658 Χριστὸς
2599 3584 2920 3656 ἀτιμότερος
2953 3582 3223 3655 ὀρχηστοῦ
3271 3585 3530 3656 φαίνηται
3567 3589 3698 3656 παρ’

2117 3669 2275 3739 ὑμῖν;
2301 3669 2355 3721 εἴ
2380 3684 2443 3736 γε
2477 3667 2618 3738 ὑπὲρ
2644 3668 2742 3736 μὲν
2766 3666 2873 3720 τῶν
2901 3666 3128 3729 ἐκείνοις
3157 3667 3562 3737 πεπραγμένων
3598 3685 3700 3737 μυ-

2117 3752 2237 3823 ρίας
2267 3748 2563 3819 ἀπολογίας
2605 3748 3037 3822 μεμελετήκατε,
3067 3748 3243 3803 καίτοι
3271 3765 3335 3818 γε
3366 3750 3585 3805 πάντων
3612 3754 3699 3804 αἰ-

2118 3834 2422 3906 σχροτέρων
2452 3833 2646 3887 ὀντων·
2680 3832 2820 3905 ὑπὲρ
2848 3831 2904 3885 δέ
2940 3831 3052 3884 τῶν
3074 3831 3169 3885 τοῦ
3210 3831 3448 3902 Χριστοῦ
3479 3832 3696 3903 θαυμά-

2115 3933 2242 3983 των,
2275 3918 2452 3971 καίτοι
2481 3932 2545 3984 γε
2572 3915 2667 3987 τὴν
2701 3915 3028 3986 οἰκουμένην
3060 3916 3544 3984 ἐπισπασαμένων,
3574 3917 3695 3969 οὐδὲ

2115 4001 2363 4071 ἐννοῆσαί
2390 4017 2442 4052 τι
2464 4000 2558 4052 καὶ
2592 3998 2922 4069 μεριμνῆσαι
2947 3996 3224 4066 ἀνέχεσθε.
3258 3997 3594 4067 Πιστεύομεν
3615 4000 3696 4062 εἰς

2115 4084 2333 4155 Πατέρα
2375 4083 2471 4137 καὶ
2499 4083 2624 4135 Υίον
2666 4082 2760 4135 καί
2798 4080 2953 4149 ἀγιον
2980 4077 3235 4149 Πνεῦμα·
3276 4080 3355 4142 εἰς
3400 4081 3694 4134 ἀνάστασιν

2117 4164 2406 4235 σωμάτων,
2437 4165 2517 4228 εἰς
2548 4163 2692 4234 ζωὴν
2738 4161 2974 4216 αἰώνιον.
3005 4161 3103 4213 Ἂν
3148 4160 3329 4213 τοίνυν
3372 4159 3566 4232 ἔρηταί
3609 4180 3693 4225 τις

2126 4247 2423 4317 Ἑλλήνων⁸
2469 4247 2567 4310 Τίς
2605 4246 2738 4299 ποτέ
2773 4246 2922 4300 ἐστιν
2962 4237 3116 4305 οὗτος
3142 4245 3172 4296 0
3203 4243 3426 4313 1101179;
3458 4243 3542 4307 τίς
3581 4244 3636 4296 δὲ
3666 4248 3694 4298 ὁ

2114 4329 2272 4394 Υἱός;
2310 4329 2395 4392 τίς
2428 4328 2485 4382 δέ
2526 4328 2589 4382 10
2628 4328 2852 4399 Πνεῦμα
2874 4327 2935 4380 τὸ
2973 4327 3155 4394 ἃγιονς
3187 4325 3218 4395 ἢ
3253 4324 3368 4388 πῶς
3398 4326 3494 4378 καὶ
3535 4327 3696 4397 ὑμεῖς

2115 4415 2263 4487 τρεῖς
2308 4412 2556 4480 λέγοντες
2609 4410 2798 4473 θεοὺς,
2847 4411 2978 4481 ἡμῖν
3028 4407 3249 4474 ἐγκαλεῖ
3286 4406 3607 4474 πολυθεῖαν;
3640 4411 3693 4462 τί

2114 4498 2319 4567 ἐρεῖτες
2348 4494 2400 4547 τί
2430 4494 2486 4549 δὲ
2533 4493 2943 4565 ἀποκρινεῖσθε;
2989 4490 3107 4554 πῶς
3154 4489 3557 4561 ἀποκρούσεσθε
3594 4493 3695 4560 τὴν

2113 4578 2420 4652 προσϐολὴν
2460 4578 2570 4631 τῶν
2611 4577 2783 4647 λόγων
2824 4575 3062 4640 τούτων;
3094 4573 3159 4626 Τί
3198 4573 3274 4639 δέ,
3315 4572 3382 4627 ἂν
3422 4572 3697 4643 σιγώντων

2115 4665 2268 4736 ὑμῶν
2296 4664 2456 4717 πάλιν
2486 4662 2753 4733 ἐπενέγκῃ
2791 4659 2848 4713 10
2873 4659 3059 4728 ἓτερον
3096 4657 3340 4728 ζήτημα.
3367 4657 3431 4709 Τί
3458 4658 3515 4711 δέ
3546 4659 3695 4710 ἐστιν

2111 4750 2246 4812 ὅλως
2279 4748 2597 4810 ἀνάστασις,
2625 4742 2874 4815 ἐρωτῶν;
2908 4738 3018 4812 ἄρα
3058 4739 3168 4811 γάρ
3189 4741 3248 4794 ἐν
3277 4740 3451 4810 τούτῳ
3478 4739 3555 4810 τῷ
3591 4740 3695 4793 01b-

2097 4827 2242 4902 ματι
2272 4830 2434 4883 πάλιν
2458 4825 2903 4897 ἀναστησόμεθα;
2929 4820 3037 4893 ἆρα
3056 4824 3113 4875 ἐν
3133 4824 3305 4892 ἑτέρῳ
3332 4823 3481 4893 παρὰ
3505 4821 3688 4886 τοῦτο;

2113 4915 2207 4967 καὶ
2231 4915 2278 4966 εἰ
2307 4916 2366 4966 ἐν
2385 4912 2578 4982 τούτῳ,
2602 4909 2688 4970 τίς
2715 4908 2871 4979 χρεία
2898 4906 3030 4960 αὐτὸ
3056 4905 3449 4973 καταλυθῆναις
3476 4904 3528 4955 τί
3558 4906 3692 4976 πρὸς

2111 4997 2281 5052 ταῦτα
2315 4998 2519 5067 ἐρεῖτε;
2568 4993 2634 5046 Τί
2672 4991 2748 5058 δέ,
2791 4992 2856 5045 ἂν
2885 4990 3018 5064 λέγῃ
3039 5007 3051 5019 ·
3082 4989 3233 5042 Διατί
3266 4987 3380 5053 νῦν,
3413 4987 3505 5040 καὶ
3536 4989 3610 5058 μὴ
3637 4989 3695 5040 ἐν

2112 5088 2223 5147 τοῖς
2269 5080 2577 5153 ἔμπροσθεν
2623 5079 2955 5151 παρεγένετο
3002 5077 3211 5146 χρόνοις
3238 5076 3266 5126 0
3300 5073 3571 5144 Χριστὸς;
3600 5074 3694 5127 νῦν

2112 5169 2221 5240 γάρ
2250 5167 2426 5233 ἔδοξεν
2457 5164 2607 5236 αὐτῷ
2651 5163 2947 5233 προνοῆσαι
2995 5159 3104 5213 τῶν
3150 5156 3475 5227 ἀνθρώπων,
3518 5157 3608 5211 τὸν
3639 5158 3693 5211 δὲ

2113 5252 2271 5306 ἀλλον
2312 5250 2526 5304 ἅπαντα
2553 5249 2745 5319 χρόνον
2777 5244 2936 5315 ἡμῶν
2970 5243 3323 5311 κατεφρόνει;
3353 5240 3387 5311 ἢ
3435 5240 3528 5293 καὶ
3562 5240 3694 5294 ἄλλα

2115 5337 2194 5390 ἔτι
2225 5336 2289 5390 ἂν
2320 5334 2455 5405 1190;
2477 5331 2503 5370 ιι
2536 5331 2746 5392 τούτοις
2784 5328 2987 5382 τούτων
3015 5324 3230 5378 πλείονα
3269 5321 3529 5395 ἐξετάζῃς
3563 5324 3694 5377 Οὐδὲ

2114 5422 2222 5492 γάρ
2253 5421 2546 5486 ἀναγκαῖον
2580 5415 2749 5468 πολλὰ
2772 5411 2966 5481 ἐφεξῆς
2997 5409 3284 5492 ζητήματα
3305 5406 3572 5492 τιθέντας,
3597 5407 3695 5492 τὰς

2114 5489 2295 5565 λύσεις
2329 5501 2615 5568 ἁποσιγᾷν,
2643 5496 2780 5549 ὥστε
2831 5494 2905 5563 μὴ
2945 5493 3068 5555 τοὺς
3095 5491 3483 5561 ἀφελεστέρους
3525 5489 3698 5559 ταύτῃ

2118 5584 2488 5657 παραϐλάψαι.
2527 5580 2709 5649 Ἀρκεῖ
2758 5577 2865 5646 γὰρ
2910 5576 3003 5629 καὶ
3046 5573 3114 5627 τά
3158 5575 3421 5645 εἰρημένα
3456 5572 3591 5643 πρὸς
3636 5571 3697 5623 τε

2176 5730 2195 5751 ⁸
2217 5727 2295 5776 Sic
2313 5723 2460 5773 Savil.
2486 5720 2655 5770 Morel.
2692 5720 2751 5767 τά
2778 5719 2858 5781 μὲν
2880 5720 3099 5776 ἀλλήλοις
3122 5718 3483 5781 παρεχώρησαν.
3507 5774 3517 5781 _
3554 5708 3573 5747 ί
3602 5710 3695 5760 ΑΙὶΙ

2117 5774 2350 5850 ομῖνζειιῇ
2389 5786 2551 5850 ἡμῖγη
2589 5784 2713 5850 δεῦρ
2745 5774 2851 5850 εξγ.
2884 5774 3329 5850 ριιῃῂἰυτὶηιὶςηὶῗ-εῘ
3370 5774 3539 5822 Morel.
3577 5787 3697 5828 προ-

2122 5844 2433 5911 τεινομένων(
2480 5847 2503 5884 h
2531 5845 2732 5906 Quidum
2776 5846 2804 5900 ἦ
2847 5844 2924 5890 καὶ
2946 5844 3078 5902 ἕτερα
3108 5844 3235 5901 πρός.
