4068 6136
479 507 601 548 num
631 492 682 545 in
713 487 864 544 alio?
897 488 944 544 si
972 486 1026 542 in
1053 483 1154 539 hoc
1173 524 1188 549 ,
1220 496 1338 553 qua:
1367 480 1657 536 necessitas
1702 487 1761 534 ut
1797 475 2057 532 dissolva-

481 584 600 638 tur?
619 582 744 654 quid
770 581 837 636 ad
865 580 987 636 hare
1007 575 1435 649 respoudebitis'l
1459 572 1588 645 quid
1616 587 1744 627 vero
1766 571 1812 625 si
1843 570 1944 625 hoc
1965 569 2060 623 ob-

469 675 621 744 jiciat
650 691 666 726 :
699 673 806 729 Cur
836 687 942 726 non
971 669 1230 740 superiori
1273 675 1511 736 tempore
1535 662 1754 719 advenit
1777 659 2059 716 Christus?

479 781 544 821 an
571 779 711 821 nunc
737 765 972 818 humano
992 762 1174 833 generi
1207 758 1484 830 providere
1505 757 1679 812 visum
1705 755 1778 808 illi
1805 760 1906 818 est,
1929 761 1983 808 et
2004 753 2056 807 in

478 858 746 928 praeterito
771 857 915 910 omni
940 866 1178 923 tempore
1199 853 1251 907 id
1274 849 1542 920 neglexit?
1565 847 1691 918 quid
1717 848 1761 902 si
1781 847 1882 902 alia
1903 845 2056 915 plura

475 947 781 1004 examinet?
818 945 1000 1015 Neque
1027 944 1168 1000 enim
1196 941 1412 1012 expedit
1439 949 1497 994 ut
1523 937 1716 993 multas
1743 936 1876 990 alias
1905 949 2055 1003 quaa-

477 1041 675 1095 stiones
697 1037 1039 1106 adjicientes,
1075 1034 1391 1088 solutionem
1421 1031 1624 1084 illarum
1659 1039 1954 1093 taceamus,
1986 1041 2054 1082 ne

479 1135 592 1188 haec
619 1130 1026 1202 simplicioribus
1050 1133 1296 1182 noceant.
1328 1123 1462 1178 Nam
1491 1137 1609 1191 quae
1638 1121 1896 1185 diximus,
1929 1124 2054 1172 sunt

475 1224 542 1280 ad
571 1223 942 1280 excutiendum
972 1233 1217 1274 somnum
1245 1225 1476 1271 vestrum
1502 1214 1652 1268 satis.
1681 1211 1817 1280 Quid
1848 1225 1975 1280 ergo
2005 1211 2049 1264 si

476 1317 589 1371 hare
617 1320 1014 1384 percontentur,
1046 1325 1140 1365 vos
1165 1317 1342 1363 autem
1370 1322 1436 1361 ne
1471 1304 1657 1360 audire
1691 1302 1905 1373 quidem
1936 1301 2050 1357 haec

474 1409 633 1464 verba
661 1406 912 1478 possitis?
938 1420 1034 1468 an,
1063 1417 1264 1474 quaeso,
1307 1400 1553 1467 exiguum
1590 1412 1689 1452 nos
1717 1405 1895 1451 manet
1920 1411 2050 1465 sup-

474 1500 706 1570 plicium,
735 1497 822 1567 qui
845 1494 1156 1551 sedentibus
1177 1493 1227 1546 in
1252 1490 1487 1546 tenebris
1508 1497 1652 1543 tanta
1669 1488 1868 1544 erroris
1888 1501 2046 1540 causa

473 1591 670 1645 simus?
705 1589 900 1644 Vellem
921 1627 937 1651 ,
976 1587 1020 1641 si
1061 1599 1156 1654 per
1182 1584 1348 1637 otium
1376 1591 1611 1635 vestrum
1652 1579 1861 1642 liceret,
1893 1591 2047 1632 exse-

470 1680 656 1736 crandi
683 1678 956 1751 cujusdam
985 1675 1155 1733 Grazci
1187 1671 1488 1744 philosophi
1521 1671 1714 1726 librum
1740 1679 1921 1724 contra
1947 1683 2046 1723 nos

473 1774 727 1842 scriptum
759 1773 860 1826 huc
885 1768 1095 1832 allerre,
1125 1780 1331 1822 necnon
1357 1764 1576 1819 alterius
1601 1763 1757 1831 longe
1783 1761 2048 1830 antiquio-

470 1867 576 1932 ris,
614 1875 672 1921 ut
708 1864 786 1918 sic
826 1878 919 1918 vos
946 1861 1264 1920 excitarem,
1296 1865 1351 1912 et
1379 1865 1578 1909 tantam
1606 1862 1836 1908 vestram
1863 1850 2042 1922 segni-

470 1957 591 2011 tiem
616 1964 944 2010 excuterem.
971 1951 1101 2008 Nam
1130 1951 1176 2005 si
1204 1949 1308 2014 illi,
1340 1956 1400 2003 ut
1427 1962 1524 2002 nos
1551 1947 1941 2016 impugnarent,
1970 1943 2042 1997 ita

466 2049 810 2119 advigilarunt
827 2088 843 2115 ,
869 2061 970 2117 qua
995 2045 1196 2101 erimus
1221 2042 1363 2112 digni
1397 2042 1549 2096 venia
1568 2082 1583 2105 ,
1613 2040 1657 2093 si
1685 2039 1826 2093 illata
1856 2043 2040 2091 contra

465 2159 561 2198 nos
589 2143 690 2198 tela
721 2141 1032 2210 prOpulsare
1073 2136 1408 2193 nesciamus?
1450 2134 1565 2200 Qua
1604 2132 1671 2187 de
1708 2145 1867 2186 causa
1911 2143 2040 2198 pro-

463 2234 604 2288 ducti
631 2231 852 2289 sumus?
879 2231 993 2287 Non
1020 2229 1172 2284 audis
1200 2226 1497 2298 apostolum
1520 2223 1784 2279 dicentem
1810 2239 1824 2277 :
1859 2220 2040 2274 Parati

461 2337 613 2382 estote
647 2327 714 2380 ad
750 2325 1087 2397 defensionem
1116 2321 1251 2377 omni
1295 2319 1430 2373 vobis
1468 2319 1712 2372 rationem
1750 2314 2038 2386 exponenti

459 2426 568 2492 ejus
594 2435 707 2489 quae
733 2420 786 2473 in
815 2417 949 2471 vobis
973 2426 1046 2472 est
1071 2416 1178 2486 spei
1203 2415 1222 2482 (
1243 2416 1290 2468 I.
1327 2411 1439 2465 Pet.
1469 2411 1523 2466 '5.
1553 2409 1670 2480 l5).
1698 2409 1892 2464 Paulus
1913 2423 2038 2478 quo-

459 2529 561 2582 que
589 2511 777 2566 eadem
802 2509 968 2564 utitur
990 2503 1606 2562 admonitione:Verbum
1629 2501 1814 2556 Christi
1837 2500 2038 2554 inhabi-

459 2611 524 2655 tet
550 2602 600 2655 in
626 2600 760 2654 vobis
787 2597 1101 2652 abundanter
1127 2593 1280 2669 (Col.
1311 2595 1363 2649 5.
1395 2592 1518 2662 I6).
1548 2591 1652 2647 Sed
1678 2591 1801 2662 quid
1827 2590 1892 2644 ad
1922 2589 2036 2645 [nec

455 2695 634 2751 dicunt
655 2693 899 2749 homines
918 2691 1050 2747 fucis
1072 2685 1530 2760 insipientiores'?
1551 2685 1832 2742 Benedicta
1855 2682 2031 2740 omnis

517 2813 534 2844 ³
567 2810 641 2859 sic
670 2819 844 2857 omnes
873 2815 1001 2866 pene
1024 2809 1128 2852 uss.
1163 2798 1302 2850 savil.
1341 2807 1504 2848 autem
1537 2801 1589 2845 et
1618 2793 1804 2856 March,
1831 2792 2032 2870 Codices

1537 362 1603 421 IN
1638 359 1945 421 .IOANNEII
1983 358 2210 419 IIOIIIL.
2242 363 2427 426 XVIII.
2457 373 2528 428 al.
2569 373 2728 433 XVII.

2165 485 2342 539 anima
2381 488 2632 557 simplex;
2669 498 2754 557 et,
2798 490 2899 556 Qui
2937 492 3162 549 ambulat
3186 495 3497 566 simpliciter,
3527 498 3752 554 ambulat

2164 577 2474 642 conﬁdenter
2506 578 2702 646 (Prov.
2749 581 2835 636 10.
2875 582 2967 651 9).
3009 581 3122 640 Hoc
3160 587 3354 656 quippe
3391 598 3470 643 est
3507 587 3746 643 omnium

2162 681 2318 721 causa
2363 668 2654 734 malorum,
2695 671 2837 740 quod
2878 671 3269 742 Scripturarum
3305 678 3620 733 testimoniis
3643 693 3744 748 op-

2165 766 2388 826 portune
2413 761 2487 813 uti
2519 763 2667 815 multi
2701 763 2960 818 nesciant.
2989 763 3169 835 Neque
3195 767 3337 821 enim
3369 766 3456 821 hic
3482 768 3742 838 insipien-

2163 856 2266 902 tem
2289 849 2552 920 intelligit,
2582 867 2753 922 neque
2779 852 3021 923 ignarum
3047 855 3136 924 qui
3159 856 3288 909 nihil
3311 859 3464 923 sciat,
3492 858 3586 913 sed
3616 874 3740 914 eum

2159 943 2248 1012 qui
2275 959 2374 999 nec
2395 943 2689 1014 improbus,
2712 961 2812 1001 nec
2832 955 3076 1002 versutus
3099 947 3188 1013 sit,
3212 946 3304 1002 sed
3329 949 3579 1016 prudens.
3603 948 3737 1004 Nam

2158 1035 2201 1087 si
2233 1048 2321 1090 res
2348 1034 2416 1088 ita
2445 1044 2589 1090 esset
2611 1036 2659 1102 ⁸,
2700 1035 2892 1090 frustm
2923 1037 3190 1092 diceretur
3217 1055 3233 1090 :
3260 1036 3437 1092 Estote
3470 1039 3740 1108 prudentes

2154 1127 2284 1177 sicut
2309 1135 2590 1193 serpentes,
2629 1137 2676 1182 et
2702 1127 2953 1198 simplices
2978 1130 3108 1183 sicut
3131 1128 3373 1184 columbae
3398 1129 3616 1202 (Matth.
3647 1133 3734 1186 10.

2159 1213 2284 1282 16).
2315 1215 2420 1271 Sed
2450 1217 2575 1286 quid
2607 1219 2720 1273 haec
2746 1218 2882 1272 ultra
2913 1235 3314 1290 persequamur,
3343 1221 3417 1275 ad
3451 1220 3582 1274 nilnil
3608 1235 3738 1292 pro-

2154 1306 2368 1360 futura?
2404 1307 2608 1362 Praeter
2647 1324 2709 1364 ea
2747 1310 2889 1364 enim
2928 1325 3047 1380 quae
3088 1310 3194 1379 jam
3231 1311 3370 1366 dicta
3429 1321 3588 1378 sunt,
3632 1311 3750 1367 alia

2153 1414 2360 1470 quoque
2399 1399 2465 1453 ad
2502 1415 2678 1456 mores
2703 1411 2756 1456 et
2787 1402 2906 1456 vita:
2937 1402 3229 1455 institutum
3267 1403 3556 1471 spectantia
3596 1404 3733 1459 male

2151 1501 2406 1560 geruntur
2427 1507 2455 1544 a
2481 1491 2656 1547 nobis.
2684 1491 2880 1547 Verum
2909 1493 3138 1562 undique
3164 1494 3344 1549 miseri
3364 1535 3378 1559 ,
3405 1494 3637 1565 undique
3661 1496 3737 1549 ri-

2150 1581 2309 1638 diculi
2335 1599 2552 1650 sumus;
2584 1599 2646 1640 ac
2670 1600 2884 1654 semper
2907 1586 3072 1654 parati
3096 1586 3161 1640 ad
3187 1586 3318 1640 alios
3341 1587 3728 1657 coarguendos,

2149 1691 2342 1748 segnes
2367 1693 2553 1732 sumus
2576 1677 2642 1732 ad
2673 1692 2734 1732 ea
2761 1678 3074 1750 corrigenda
3111 1695 3228 1749 qua:
3265 1679 3316 1733 in
3357 1680 3509 1734 nobis
3547 1677 3735 1734 redar-

2148 1777 2399 1838 guuntur.
2427 1769 2815 1838 Quamobrem,
2847 1769 3095 1836 obsecro,
3124 1770 3277 1824 nobis
3305 1770 3514 1824 tandem
3550 1777 3728 1824 atten-

2146 1859 2355 1924 dentes,
2385 1875 2452 1915 ne
2478 1861 2532 1914 in
2559 1861 2977 1930 reprehensione
3001 1861 3220 1931 gradum
3249 1861 3519 1916 sistamus.
3545 1859 3729 1932 Neque

2145 1953 2289 2004 enim
2333 1950 2435 2005 hoc
2471 1959 2553 2004 est
2590 1951 2655 2004 ad
2697 1951 2861 2004 Deum
2905 1951 3217 2020 placandum
3248 1952 3412 2017 satis;
3441 1951 3534 2006 sed
3564 1951 3726 2006 etiam

2144 2042 2400 2110 optimam
2441 2043 2493 2096 in
2533 2043 2779 2114 omnibus
2822 2044 3166 2098 mutationem
3215 2043 3470 2098 exhibere
3513 2043 3730 2099 studea-

2145 2148 2283 2200 mus,
2316 2141 2374 2188 ut
2399 2134 2464 2189 ad
2497 2134 2716 2203 gloriam
2749 2123 2839 2188 Dei
2880 2134 3038 2188 vitam
3066 2144 3314 2204 agentes,
3342 2142 3396 2190 et
3422 2134 3521 2203 ipsi
3551 2132 3726 2188 futura

2142 2226 2308 2296 gloria
2335 2224 2606 2291 fruamur;
2639 2240 2795 2296 quam
2825 2242 2922 2282 nos
2949 2241 3136 2280 omnes
3162 2227 3373 2296 assequi
3416 2224 3687 2295 contingat
3706 2265 3720 2289 ,

2141 2315 2308 2386 gratia
2332 2325 2388 2372 et
2410 2315 2733 2385 benignitate
2761 2315 2968 2372 Domini
2996 2318 3162 2373 nostri
3197 2315 3322 2371 Jesu
3360 2315 3555 2371 Christi
3582 2357 3596 2380 ,
3637 2315 3722 2369 cui

2139 2408 2307 2480 gloria
2335 2417 2388 2464 ct
2418 2410 2696 2480 imperium
2725 2409 2775 2463 in
2807 2408 3002 2465 saecula
3028 2410 3366 2465 seculorum.
3400 2410 3588 2464 Amen.

2140 2653 2233 2704 ’7οὕ
2266 2661 2318 2703 et
2346 2655 2440 2717 706
2469 2656 2645 2713 secuti,
2669 2655 2845 2717 legunt
2875 2654 3137 2717 segniores,
3152 2666 3268 2717 pro,
3295 2652 3654 2717 insipientiores.

2206 2718 2222 2747 ι
2260 2716 2446 2777 Morel.,
2472 2718 2639 2775 habet,
2670 2715 2765 2767 nisi
2788 2730 2866 2767 res
2895 2716 2964 2765 ita
2991 2730 3043 2767 se
3074 2716 3289 2767 haberet.
3316 2715 3457 2777 Savtl.
3481 2723 3642 2765 autem
3667 2723 3719 2766 et

2139 2786 2242 2828 Mss.
2267 2775 2452 2828 habent
2479 2786 2534 2827 ut
2568 2780 2614 2827 in
2649 2786 2808 2839 textu,
2832 2785 2882 2828 et
2913 2779 2980 2828 ita
3011 2777 3132 2842 legit
3165 2778 3335 2828 Franc.
3361 2775 3608 2827 Aretlnus.

455 2899 3712 2931 ww

1793 2969 2135 3035 HOMILIA
2178 2975 2413 3038 XVIII.

453 3141 538 3195 35.
577 3138 750 3194 Altera
777 3135 859 3192 die
880 3135 1060 3190 iterum
1096 3133 1258 3186 stabat
1286 3129 1543 3190 Joannes,
1589 3134 1637 3179 et
1662 3141 1723 3179 ex
1763 3119 2027 3191 discipulis

521 3235 628 3301 ejus
652 3231 774 3284 duo.
795 3229 886 3285 36.
912 3227 978 3282 Et
996 3226 1266 3294 respiciens
1281 3221 1458 3276 Iesum
1483 3217 1842 3277 ambulantem,
1872 3214 2028 3267 dicit:

523 3327 653 3380 Ecce
671 3341 834 3395 agnus
863 3322 972 3376 Dei.
997 3322 1087 3375 57.
1124 3318 1187 3372 Et
1208 3316 1477 3370 audierunt
1502 3327 1617 3367 eum
1656 3309 1756 3364 duo
1785 3305 2023 3376 discipuli

521 3416 803 3484 loquentem
817 3454 832 3477 ,
853 3419 899 3466 et
925 3409 1116 3480 sequuti
1144 3416 1258 3463 sunt
1281 3403 1318 3459 Ι
1321 3421 1477 3460 esum.

520 3508 569 3562 1.
613 3505 834 3576 Propter
874 3502 1132 3574 segnitiem
1179 3507 1372 3553 natura:
1410 3497 1643 3549 humanae
1668 3492 1839 3548 eadem
1866 3489 2028 3544 moni-

451 3609 501 3654 ta
519 3599 704 3670 srepius
743 3595 1016 3666 repetenda
1054 3601 1190 3647 sunt.
1231 3590 1333 3645 Cur
1372 3588 1599 3644 Joannes
1643 3585 1797 3657 Bapt.
1849 3585 2026 3638 eadem

447 3694 556 3762 ipsa
598 3689 849 3744 mnltoties
885 3687 1138 3752 loquatur.
1163 3681 1440 3751 —chnis
1490 3679 1645 3748 plane
1688 3687 1771 3731 est
1832 3675 2024 3729 huma-

447 3801 514 3840 na
571 3794 777 3846 natura,
828 3788 884 3836 et
931 3779 997 3832 ad
1045 3775 1332 3847 perniciem
1392 3787 1553 3841 prona
1585 3812 1599 3837 ,
1653 3785 1758 3824 non
1803 3784 1868 3823 ex
1912 3768 2026 3836 ipsa

449 3885 650 3931 natura:
697 3872 1038 3932 conditione,
1073 3868 1167 3924 sed
1193 3883 1258 3922 ex
1301 3865 1590 3920 voluntatis
1621 3862 1824 3933 ignavia
1855 3878 1869 3914 :
1897 3876 2026 3931 qua-

447 3976 666 4037 propter
703 3965 868 4020 multa
907 3976 1042 4032 opus
1089 3959 1253 4015 habet
1290 3958 1606 4013 monitione.
1661 3954 1784 4009 Ideo
1829 3953 2026 4007 Paulus

448 4056 876 4128 Philippensihus
921 4053 1162 4108 scribens
1208 4049 1420 4105 dicebat
1465 4065 1480 4102 :
1530 4046 1722 4100 Eadem
1785 4043 2021 4109 scribere,

446 4151 568 4204 mihi
591 4149 793 4218 quidem
813 4163 913 4201 non
937 4161 1110 4216 grave,
1140 4142 1274 4196 vobis
1294 4151 1460 4196 autem
1485 4149 1644 4195 tutum
1671 4140 1689 4208 (
1716 4138 1946 4207 Philipp.
1969 4137 2022 4190 5.

447 4243 522 4311 1).
555 4240 688 4295 Nam
715 4247 854 4293 terra
895 4237 1106 4307 quidem
1132 4234 1294 4290 semel
1322 4241 1568 4302 suscepto
1592 4229 1815 4293 semine,
1847 4227 2025 4283 statim

452 4333 650 4388 fructus
680 4330 881 4400 profert
906 4369 924 4396 ,
950 4343 1124 4396 neque
1153 4326 1315 4380 altera
1338 4332 1457 4392 eget
1487 4323 1693 4376 satione
1727 4338 1740 4374 :
1774 4321 1823 4373 in
1847 4321 2024 4374 anima

443 4433 622 4479 autem
655 4431 835 4477 nostra
867 4435 972 4474 non
1010 4419 1078 4472 ita
1121 4433 1207 4472 res
1233 4431 1291 4471 se
1324 4415 1482 4469 habet
1510 4432 1524 4478 ;
1554 4414 1646 4467 sed
1685 4411 1916 4481 optabile
1945 4419 2027 4464 est

443 4525 504 4570 ut
543 4527 824 4586 postquam
872 4511 1179 4580 frequenter
1213 4508 1415 4578 jactum
1465 4513 1547 4560 est
1575 4519 1757 4559 semen
1781 4545 1795 4568 ,
1826 4511 1880 4556 et
1911 4511 2028 4571 post

445 4623 692 4678 magnam
723 4603 1015 4662 exhibitam
1047 4601 1373 4671 diligentiam
1399 4640 1412 4664 ,
1441 4598 1608 4652 semel
1637 4597 1824 4651 saltem
1857 4595 2027 4665 possit

443 4703 674 4754 fructum
701 4699 965 4766 excipere.
997 4695 1175 4748 Primo
1217 4691 1428 4761 quidem
1457 4705 1579 4759 qua:
1625 4687 1874 4742 dicuntur
1919 4703 2023 4740 non

444 4793 599 4847 facile
622 4790 998 4858 imprimuntur
1019 4787 1071 4839 in
1098 4784 1330 4837 animum
1354 4823 1368 4846 ,
1399 4781 1540 4850 quod
1571 4781 1732 4834 multa
1757 4778 2025 4834 substrata

443 4884 511 4939 sit
569 4882 830 4942 durities,
879 4877 1176 4932 innumeris
1225 4873 1394 4941 spinis
1462 4873 1768 4926 obstruatur
1807 4871 2020 4936 anima,

444 4977 749 5045 multosque
779 4970 1118 5026 insidiatores
1163 4965 1356 5020 habeat
1379 4964 1466 5033 qui
1513 4978 1694 5016 semen
1739 4962 2022 5030 abripiant.

445 5068 647 5124 Deinde
679 5075 954 5137 postquam
990 5061 1211 5116 infixum
1243 5073 1426 5113 semen
1469 5057 1672 5110 radices
1698 5055 1866 5124 egerit
1889 5097 1901 5116 ,
1932 5069 2026 5109 ea-

441 5159 564 5215 dem
595 5166 680 5215 est
716 5171 852 5226 opus
877 5153 1148 5222 diligentia
1178 5192 1194 5217 ,
1236 5158 1294 5205 ut
1335 5149 1400 5203 ad
1432 5148 1663 5218 vigorem
1714 5146 2026 5216 perveniant

443 5250 647 5304 semina
672 5289 690 5313 ,
718 5248 990 5314 illmsaque
1016 5249 1302 5306 maneant,
1338 5254 1512 5308 neque
1541 5238 1802 5291 laedantur
1825 5237 1890 5290 ab
1926 5237 2025 5291 ali-

443 5355 570 5412 quo.
595 5341 652 5394 In
684 5336 978 5392 seminibus
1011 5334 1152 5388 enim
1179 5347 1300 5386 cum
1339 5331 1481 5400 spica
1515 5328 1749 5398 perfecta
1775 5329 2026 5383 virtutem

442 5445 593 5488 suam
625 5427 866 5494 accepit,
911 5434 1098 5480 aestum
1126 5430 1452 5490 caeterasque
1480 5431 1657 5490 peStes
1683 5421 1976 5474 contemnit
2006 5436 2019 5472 :

443 5524 496 5577 in
539 5519 880 5590 dogmatibus
915 5532 1042 5571 vero
1087 5530 1192 5569 non
1224 5515 1343 5578 sic;
1390 5513 1482 5568 sed
1525 5522 1802 5583 postquam
1851 5520 2020 5566 totum

441 5625 574 5680 opus
609 5611 910 5677 impensum
935 5613 1055 5670 est,
1084 5605 1464 5674 superveniens
1495 5604 1665 5658 hiems
1694 5617 1756 5658 ac
1810 5613 2018 5671 tempe-

447 5712 577 5770 stas,
606 5698 923 5756 difﬁcultate
955 5704 1377 5768 praeoccupante,
1401 5705 1453 5752 et
1473 5694 1819 5752 fraudulentis
1853 5693 2022 5750 homi-

2135 3124 2292 3181 nibus
2320 3126 2711 3197 insidiantibus,
2735 3129 3103 3200 ingruentibus
3122 3129 3282 3184 variis
3310 3127 3713 3196 tentationibus,

2135 3231 2304 3278 totum
2329 3222 2699 3278 labefactatur.
2728 3223 2854 3279 litec
2881 3237 3044 3294 porro
3071 3237 3176 3277 non
3215 3222 3332 3277 sine
3357 3235 3516 3276 causa
3554 3236 3581 3274 a
3614 3235 3714 3274 no-

2133 3316 2214 3372 bis
2243 3317 2384 3373 dicta
2413 3325 2582 3382 sunt;
2627 3314 2722 3372 sed
2751 3324 2807 3370 ut
2845 3315 2970 3371 dum
3010 3314 3164 3370 audis
3211 3313 3474 3370 Joannem
3524 3311 3712 3368 eadem

2133 3412 2247 3481 ipsa
2277 3420 2608 3482 repetentem
2631 3451 2645 3472 ,
2680 3424 2746 3466 ne
2773 3411 2923 3480 quasi
2955 3423 3211 3479 nugacem
3243 3407 3467 3461 damnes
3492 3447 3508 3470 ,
3542 3420 3716 3474 neque

2135 3503 2343 3558 inanem
2383 3515 2740 3557 onerosumve
2778 3501 3072 3555 existimes.
3107 3499 3372 3554 Valuisset
3397 3501 3590 3568 quippe
3629 3511 3714 3550 se-

2132 3597 2239 3651 mel
2266 3595 2512 3666 loquutus
2555 3593 2724 3649 audiri
2753 3611 2765 3648 :
2795 3593 2919 3662 quia
2961 3606 3090 3647 vero
3132 3605 3236 3645 non
3265 3589 3414 3644 multi
3448 3596 3598 3643 erant
3623 3589 3711 3655 qui

2132 3687 2289 3743 dictis
2316 3687 2496 3742 statim
2527 3685 2867 3741 attenderem
2901 3683 2970 3738 ob
2999 3680 3416 3738 somnolentiam
3444 3723 3458 3747 ,
3489 3679 3712 3750 repetita

2133 3795 2262 3836 voce
2293 3779 2415 3835 illos
2441 3775 2816 3849 expergefaeit.
2860 3775 2976 3831 Jam
3005 3775 3092 3830 hic
3120 3772 3336 3830 attende
3362 3789 3376 3826 :
3405 3771 3538 3827 dixit
3562 3811 3578 3836 ,
3613 3769 3714 3836 Qui

2132 3884 2244 3946 post
2269 3889 2348 3928 me
2371 3873 2522 3939 venit,
2555 3881 2672 3925 ante
2697 3887 2776 3924 me
2801 3871 2965 3940 factus
2993 3877 3064 3923 est
3087 3885 3105 3932 ;
3137 3876 3210 3934 ct,
3246 3865 3366 3920 Non
3393 3882 3503 3920 sum
3530 3863 3712 3934 dignus

2131 3967 2320 4021 solvere
2348 3965 2618 4035 corrigiam
2648 3963 2972 4016 calceamenti
2991 3960 3101 4030 ejus
3125 3976 3142 4022 ;
3171 3969 3223 4012 et
3247 3999 3263 4023 ,
3293 3956 3320 4010 1
3327 3949 3412 4026 pse
3439 3972 3524 4009 vos
3551 3955 3713 4024 bapti-

2129 4057 2263 4112 zabit
2290 4059 2341 4110 in
2381 4056 2577 4127 Spiritu
2603 4065 2776 4108 sancto
2803 4061 2847 4106 et
2868 4053 2972 4122 igni
2995 4050 3207 4120 (Matth.
3237 4049 3292 4102 5.
3323 4047 3434 4114 11),
3468 4043 3713 4114 quodque

2133 4149 2322 4205 viderit
2367 4147 2623 4217 Spiritum
2671 4142 3082 4198 descendentem
3121 4139 3258 4194 sicut
3277 4136 3574 4191 columbam
3605 4177 3617 4199 ,
3656 4146 3712 4189 et

2131 4249 2434 4298 manentem
2463 4253 2624 4306 super
2652 4250 2810 4302 eum;
2847 4243 2901 4289 et
2948 4233 3260 4289 testiﬁcatus
3297 4239 3379 4286 est
3415 4227 3553 4299 quod
3595 4227 3709 4294 ipse

2131 4341 2273 4389 esset
2299 4331 2462 4385 Filius
2502 4330 2635 4384 Dei:
2680 4343 2835 4381 nemo
2879 4325 3103 4380 attendit
3127 4365 3139 4385 ,
3173 4336 3330 4377 nemo
3369 4320 3713 4390 interrogavit

2132 4425 2214 4479 vel
2240 4423 2390 4488 dixit,
2421 4422 2530 4477 Cur
2553 4421 2668 4475 lucc
2696 4419 2950 4489 loqueris,
2977 4431 3079 4487 qua
3105 4414 3171 4470 de
3199 4428 3356 4469 causa
3379 4420 3432 4468 et
3457 4412 3661 4467 ratione
3691 4410 3725 4462 ’ἓ-

2137 4517 2277 4570 Dixit
2316 4529 2526 4569 rursum
2549 4555 2563 4580 ,
2597 4511 2728 4565 Ecce
2757 4527 2917 4581 agnus
2961 4508 3057 4562 Dei
3087 4549 3101 4570 ,
3148 4507 3232 4576 qni
3278 4505 3408 4559 tollit
3454 4511 3727 4574 peccatum.

2132 4608 2326 4662 mundi.
2360 4606 2541 4675 Neque
2584 4605 2661 4658 sic
2700 4603 2908 4657 illorum
2937 4600 3194 4671 ignaviam
3227 4597 3415 4667 tetigit.
3446 4595 3571 4650 Ideo
3616 4609 3709 4647 ea-

2131 4699 2251 4755 dem
2284 4699 2396 4768 ipsa
2439 4703 2680 4764 repetere
2722 4694 2927 4763 cogitur
2954 4732 2969 4756 ,
3015 4705 3078 4746 ac
3114 4691 3158 4745 si
3191 4697 3386 4744 terram
3425 4685 3707 4756 quamdam

2133 4805 2376 4860 asperam
2405 4795 2457 4841 et
2498 4787 2686 4840 duram
2727 4783 3073 4838 renovatione
3102 4780 3366 4836 emolliret
3396 4819 3412 4845 ,
3457 4787 3510 4832 et
3548 4775 3713 4830 verbo

2133 4884 2280 4953 quasi
2310 4889 2486 4936 aratro
2507 4879 2780 4933 subactam
2803 4883 3036 4930 mentem
3070 4873 3348 4937 excitaret,
3372 4879 3428 4923 ut
3454 4866 3710 4937 profunde

2133 4978 2333 5033 semina
2357 4975 2577 5044 jaceret.
2615 4970 2740 5026 Ideo
2769 4982 2874 5022 non
2915 4967 3071 5036 longo
3097 4964 3260 5018 utitur
3279 4973 3528 5015 sermone
3547 4999 3563 5021 ,
3589 4957 3710 5027 quia

2133 5085 2298 5125 unum
2327 5076 2528 5120 tantum
2571 5063 2825 5127 curabat,
2861 5069 2918 5116 ut
2957 5060 3074 5114 illos
3094 5071 3214 5111 cum
3238 5052 3453 5108 Christo
3487 5051 3710 5118 conjun-

2133 5171 2297 5234 geret.
2324 5159 2533 5215 Sciebat
2584 5155 2725 5212 enim
2757 5154 2876 5208 illos
2897 5194 2910 5216 ,
2943 5151 2984 5205 si
3013 5150 3116 5203 hoc
3149 5143 3318 5201 semel
3348 5142 3707 5211 suscepissent

2133 5233 2186 5309 et
2215 5253 2688 5319 obtemperassent,
2721 5259 2828 5299 non
2857 5243 2994 5296 ultra
3021 5237 3322 5293 testimonio
3341 5249 3476 5304 opus
3504 5233 3708 5287 habitu.

2133 5361 2222 5400 ros
2249 5363 2260 5398 :
2291 5352 2347 5397 ut
2385 5342 2542 5396 etiam
2575 5339 2771 5394 evenit.
2803 5333 2933 5387 Nam
2963 5333 3007 5386 si
3034 5328 3352 5385 Samaritani
3378 5368 3393 5392 ,
3428 5335 3705 5395 postquam

2137 5437 2282 5491 illum
2328 5434 2648 5495 audierant,
2683 5425 2890 5483 mulieri
2938 5423 3119 5476 dicunt
3151 5439 3163 5474 :
3195 5420 3313 5474 Non
3345 5421 3459 5490 jam
3509 5424 3717 5487 prapter

2136 5541 2272 5584 tuam
2299 5526 2544 5595 loquelam
2589 5520 2839 5575 credimus
2862 5533 2880 5570 .'
2909 5515 3006 5584 ipsi
3049 5515 3178 5568 enim
3209 5512 3456 5573 novimus,
3486 5508 3604 5578 quia
3631 5506 3709 5558 hic

2137 5634 2208 5678 est
2232 5621 2468 5677 Saluator
2492 5614 2665 5669 mundi
2693 5611 2921 5666 Christus
2942 5608 3116 5681 (Joan.
3148 5607 3197 5663 4.
3230 5605 3342 5676 ΔΞ);
3368 5602 3534 5657 multo
3551 5599 3706 5652 citius

2138 5711 2381 5783 discipuli
2424 5708 2562 5779 capti
2608 5706 2828 5762 fuissent
2866 5747 2880 5771 ,
2914 5713 2972 5757 ttt
3009 5716 3188 5757 revera
3226 5698 3361 5768 capti
3407 5702 3547 5749 sunt.
3579 5691 3708 5746 Cum
