4068 6136
275 394 373 452 ll?

269 507 412 563 enim
432 516 656 578 parvam
683 501 944 572 injecerat
966 495 1275 559 scintillam,
1304 502 1527 564 repente
1562 490 1773 546 flamma
1800 488 1854 542 in

268 599 434 653 altum
487 595 685 667 erupit.
732 592 866 649 Nam
892 591 982 663 qui
1012 590 1158 660 prius
1190 586 1413 644 Joannis
1434 583 1614 640 verbis
1641 596 1747 637 non
1772 588 1859 634 at-

268 688 576 752 tenderant,
599 686 817 741 demum
847 682 1028 738 dicunt
1062 699 1076 736 :
1106 679 1290 735 Omnia
1314 692 1429 750 qua:
1454 673 1680 730 Joannes
1704 671 1854 739 dixit,

271 797 385 835 cera
413 788 532 834 sunt
563 774 759 851 (Joan.
797 775 887 831 10.
915 772 1045 846 42).

338 874 397 928 3.
439 870 695 941 Alioquin
747 877 925 922 autem
958 867 1001 921 si
1042 860 1426 931 circumeundo
1472 860 1570 915 ista
1610 856 1855 922 dixisset,

274 965 389 1017 haec
416 962 658 1017 humano
686 959 869 1016 studio
899 964 1113 1028 peracta
1143 957 1253 1009 visa
1308 952 1555 1013 fuissent,
1581 963 1644 1002 ac
1666 945 1860 1016 praedi-

272 1058 415 1111 catio
458 1053 715 1122 deinceps
740 1053 795 1105 in
823 1049 1179 1120 suSpicionem
1202 1046 1457 1101 venisset.
1491 1041 1559 1097 Et
1587 1040 1860 1094 audierunt

274 1166 389 1204 eum
413 1147 517 1201 duo
545 1146 787 1217 discipuli
812 1146 943 1216 ejus,
983 1154 1030 1198 et
1058 1143 1254 1214 sequuti
1273 1151 1389 1196 sunt
1417 1156 1550 1196 eum.
1580 1137 1740 1207 Atqui
1770 1135 1859 1191 alii

274 1256 491 1311 quoque
530 1247 684 1294 erant
710 1237 934 1292 Joannis
957 1235 1225 1304 discipuli,
1251 1248 1435 1288 verum
1466 1232 1541 1287 illi
1567 1246 1671 1286 non
1698 1229 1862 1285 modo

276 1348 383 1385 non
410 1329 623 1399 sequuti
660 1337 822 1390 sunt,
854 1326 948 1381 sed
979 1327 1139 1381 etiam
1172 1326 1269 1394 ipsi
1302 1323 1612 1378 invidebant
1657 1340 1671 1374 :
1719 1321 1864 1376 dice.

275 1424 407 1478 bant
429 1421 617 1485 enim,
665 1418 850 1484 Rabbi,
879 1418 968 1488 qui
1017 1426 1123 1471 erat
1167 1426 1329 1470 tecum
1369 1426 1509 1469 trans
1557 1413 1860 1479 Iordanem,

278 1512 360 1565 cui
392 1521 444 1563 tu
461 1510 801 1563 testimonium
829 1506 1140 1577 perltibuisti,
1166 1521 1279 1559 ecce
1307 1504 1387 1558 hic
1408 1505 1650 1574 baptizat,
1682 1511 1727 1554 et
1753 1516 1864 1554 om-

277 1620 365 1657 nes
416 1603 621 1656 veniunt
668 1601 739 1654 ad
780 1616 897 1654 eum
927 1598 1085 1669 (Joan
1112 1599 1166 1653 5.
1197 1596 1310 1668 26).
1344 1597 1420 1651 Ac
1462 1611 1671 1650 rursum
1705 1593 1863 1648 iidem

276 1695 377 1764 ipsi
401 1696 707 1749 incusantes
733 1693 953 1747 dicunt:
986 1692 1156 1758 Quare
1182 1707 1271 1744 nos
1287 1689 1602 1759 jejunamus,
1635 1697 1681 1741 et
1708 1687 1864 1740 disci-

278 1787 387 1857 puli
431 1786 508 1840 tui
532 1802 633 1840 non
657 1786 894 1856 iejunant
925 1783 1135 1855 (Matth.
1166 1783 1220 1838 9.
1250 1783 1381 1851 id)?
1411 1781 1603 1836 Verum
1630 1780 1718 1850 qui
1746 1780 1865 1835 aliis

278 1885 435 1933 erant
459 1877 732 1941 meliores,
760 1891 868 1930 non
895 1875 966 1929 ita
990 1875 1162 1929 affecti
1195 1883 1368 1938 erant,
1388 1874 1479 1928 sed
1499 1873 1677 1928 statim
1706 1881 1867 1942 atque

279 1967 588 2032 audierunt,
614 1966 829 2036 sequuti
847 1974 989 2020 sunt.
1008 1963 1228 2035 Sequuti
1244 1973 1371 2026 sunt
1383 1973 1584 2030 autem,
1605 1978 1708 2017 non
1723 1962 1865 2034 quod

280 2059 566 2129 pristinum
588 2057 867 2113 doctorem
889 2065 1224 2126 spernerent,
1243 2055 1335 2111 sed
1349 2055 1488 2125 quod
1507 2055 1606 2125 ipsi
1636 2054 1868 2108 maxime

281 2156 743 2218 obtemperarent;-
758 2156 812 2203 et
828 2155 1198 2218 argumentum
1216 2154 1333 2201 erat
1352 2146 1640 2201 maximum
1663 2144 1784 2199 illos
1800 2158 1866 2199 ex

282 2252 445 2296 recta:
465 2241 665 2295 mentis
683 2240 963 2295 ratiocinio
985 2240 1035 2295 id
1052 2241 1244 2310 egisse.
1271 2239 1388 2294 Non
1407 2240 1547 2293 enim
1564 2238 1776 2293 hortatu
1798 2237 1866 2292 ad

283 2331 334 2385 id
349 2331 564 2386 adducti
586 2340 734 2397 sunt,
752 2330 894 2401 quod
908 2331 1257 2401 suspiciosum
1281 2330 1485 2395 fuisset;
1509 2329 1602 2385 sed
1620 2329 1739 2400 quia
1754 2339 1868 2383 tau-

284 2432 395 2477 tum
427 2421 753 2492 prmdixerat
781 2422 953 2492 ipsum
993 2436 1114 2477 8:88
1155 2420 1544 2490 haptizalurum
1582 2420 1634 2474 in
1665 2419 1865 2489 Spiritu

282 2523 497 2579 sancto,
523 2512 737 2581 sequuti
767 2520 894 2566 sunt
917 2526 1060 2567 eum.
1092 2511 1205 2566 Non
1228 2526 1358 2581 ergo
1395 2512 1708 2581 magistrum
1738 2510 1867 2565 reli-

285 2610 551 2671 querunt,
590 2602 687 2657 sed
733 2601 976 2657 ediscere
1025 2602 1303 2657 voluerunt
1347 2602 1473 2672 quid
1505 2601 1735 2672 amplius
1782 2600 1871 2656 ille

287 2692 489 2757 ferret,
536 2707 694 2761 quam
739 2691 991 2747 Joannes.
1023 2691 1088 2746 Et
1123 2692 1488 2747 animadverte
1514 2691 1869 2747 verecundam

286 2782 640 2853 diligentiam.
662 2782 781 2838 Non
803 2785 944 2839 enim
971 2785 1147 2839 statim
1166 2785 1479 2841 accedentes
1500 2785 1681 2841 Jesum
1710 2786 1871 2841 inter—

286 2882 548 2943 rogarunl
573 2873 643 2929 de
671 2875 989 2930 necessariis
1014 2876 1322 2946 magnisque
1350 2877 1507 2930 rebus
1538 2897 1551 2930 :
1580 2892 1752 2946 neque
1780 2891 1872 2945 pa-

286 2963 393 3017 lam
416 2965 668 3021 omnibus
696 2966 1069 3035 prtesentibus,
1097 2976 1152 3022 et
1177 2967 1536 3037 perfunctorie
1560 2984 1573 3022 :
1604 2969 1698 3023 sed
1723 2984 1873 3024 seor-

287 3057 389 3110 sim
408 3056 585 3125 ipsum
603 3058 800 3128 alloqui
826 3058 1171 3113 studuerunt.
1189 3059 1439 3114 Sciebant
1464 3060 1605 3113 enim
1639 3060 1874 3114 doctoris

287 3146 371 3200 sui
403 3146 568 3202 verba
607 3161 713 3202 non
755 3163 821 3203 ex
851 3147 1110 3202 modestia
1132 3190 1146 3212 ,
1178 3148 1270 3204 sed
1293 3165 1355 3204 ex
1386 3150 1609 3205 veritate
1634 3150 1873 3219 profisci-

290 3237 388 3291 sci.
423 3236 514 3292 40.
566 3236 696 3291 Erat
741 3248 910 3291 autem
946 3238 1178 3293 Andreas
1225 3243 1382 3309 frater
1425 3240 1650 3295 Simonis
1692 3240 1831 3296 Petri
1855 3282 1871 3308 ,

288 3343 424 3382 unus
462 3343 528 3381 ex
570 3326 769 3383 duobus
794 3328 881 3397 qui
926 3329 1191 3383 audierant
1237 3346 1270 3383 a
1312 3330 1530 3396 Joanne,
1586 3340 1632 3386 et
1679 3333 1875 3402 sequuti

287 3428 408 3472 sunt
434 3434 568 3472 eum.
598 3416 704 3473 Cur
733 3432 864 3490 ergo
881 3419 1104 3475 alterius
1128 3436 1321 3476 nomen
1345 3436 1449 3476 non
1480 3422 1721 3493 profert?
1748 3422 1876 3490 Qui—

288 3510 411 3566 dam
444 3510 636 3566 dicunt
656 3525 778 3565 cum
805 3511 894 3581 qui
925 3510 1030 3567 hoc
1053 3512 1290 3580 scripsit.
1316 3513 1485 3581 ipsum
1513 3527 1632 3569 esse
1662 3515 1750 3583 qui
1791 3529 1876 3569 se-

288 3615 488 3673 quutus
513 3612 631 3668 est;
660 3603 750 3658 alii
782 3614 967 3659 contra
988 3644 1005 3670 ,
1045 3606 1168 3674 quia
1205 3605 1296 3661 ille
1340 3622 1445 3659 non
1468 3622 1531 3661 ex
1573 3607 1874 3677 conspicuis

287 3700 425 3757 erat,
458 3691 590 3747 nihil
618 3702 811 3762 prmter
853 3696 1156 3750 necessaria
1183 3695 1281 3750 sibi
1318 3696 1602 3751 dicendum
1631 3710 1750 3752 esse
1778 3713 1878 3769 pu-

291 3793 454 3838 tasse.
504 3782 645 3850 Quid
713 3785 857 3839 enim
909 3786 1157 3840 utilitatis
1217 3802 1283 3840 ex
1343 3786 1577 3843 indicato
1620 3789 1867 3855 nomine,

288 3873 504 3943 quando
534 3889 711 3944 neque
735 3876 1070 3947 septuaginta
1110 3876 1218 3931 duo
1249 3877 1629 3947 discipulorum
1660 3881 1871 3935 nomina

287 3964 678 4034 proferuntur?
705 3966 761 4020 Id
802 3967 943 4036 quod
990 3968 1150 4022 etiam
1190 3967 1332 4037 apud
1368 3969 1586 4024 Paulum
1622 3971 1874 4026 observes

288 4058 559 4114 dicentem
590 4076 605 4113 :
641 4057 874 4114 Misimus
907 4076 1022 4113 cum
1070 4060 1159 4114 illo
1186 4065 1396 4132 fratrem
1436 4062 1488 4116 in
1536 4063 1707 4118 multis
1742 4077 1876 4135 strue

290 4149 593 4216 studiosum,
625 4150 775 4220 cujus
806 4151 918 4204 laus
938 4162 1006 4204 est
1032 4151 1084 4204 in
1123 4153 1379 4221 evangelio
1410 4153 1487 4222 (2
1515 4154 1632 4208 Cor.
1666 4157 1719 4211 8.
1758 4157 1870 4226 18).

290 4241 519 4296 Andrea:
544 4249 724 4296 autem
759 4244 1003 4309 meminit
1030 4243 1098 4297 ob
1135 4244 1292 4298 aliam
1331 4261 1568 4301 causam.
1618 4249 1873 4314 Quaenam

292 4329 426 4387 illa'?
455 4331 527 4387 Ut
554 4346 679 4385 cum
710 4332 967 4401 audieris,
1005 4332 1277 4391 Simonem
1319 4336 1408 4389 ubi
1433 4351 1551 4391 eum
1584 4339 1673 4393 illo
1698 4340 1879 4394 audis-

289 4432 390 4487 set,
428 4420 605 4476 Venite
632 4431 743 4492 post
772 4439 868 4490 me,
910 4425 1162 4495 etfaciam
1201 4442 1286 4480 vos
1314 4425 1585 4497 piscatores
1616 4429 1876 4483 hominum

293 4517 311 4585 (
330 4513 517 4568 latth.
550 4514 609 4568 4.
642 4513 767 4583 l9),
819 4531 924 4569 non
949 4516 1219 4573 dubitasse
1267 4518 1335 4573 de
1380 4528 1484 4572 tam
1513 4519 1875 4591 inexspectata

292 4607 672 4675 promissione,
704 4607 882 4662 discas
912 4608 1126 4664 fratrem
1157 4610 1273 4680 ejus
1303 4612 1412 4681 jam
1456 4625 1578 4669 ante
1606 4614 1724 4668 ﬁdei
1753 4615 1873 4669 fun-

299 4696 552 4753 damenta
575 4696 791 4766 jecisse.
817 4698 905 4754 58.
939 4698 1216 4755 Conversus
1243 4712 1409 4756 autem
1430 4703 1600 4771 Jesus,
1629 4714 1673 4759 e't
1704 4707 1876 4761 videns

287 4803 369 4842 eos
391 4797 677 4857 sequentes,
712 4788 834 4842 dicit
861 4791 932 4844 eis
955 4806 973 4844 :
1005 4791 1140 4856 Quid
1169 4795 1392 4863 qttteritis
1410 4796 1435 4847 ?
1462 4796 1595 4850 llinc
1622 4797 1878 4854 docemur

291 4878 458 4934 Deum
503 4878 663 4934 donis
691 4894 798 4933 non
832 4882 1130 4951 praevenire
1164 4884 1464 4940 voluntates
1513 4896 1750 4953 nostras;
1781 4889 1875 4943 sed

291 4972 378 5025 ubi
421 4986 526 5025 nos
557 4971 895 5040 incepimus,
946 4988 1068 5027 cum
1119 4975 1443 5031 voluntatem
1485 4980 1871 5047 prmmisimus,

292 5069 416 5115 tunc
458 5061 719 5130 plurimas
749 5061 841 5115 ille
893 5063 1048 5117 nobis
1093 5062 1182 5118 dat
1221 5066 1409 5119 salutis
1436 5070 1745 5124 occasiones
1773 5070 1872 5141 (a).

293 5151 426 5218 Quid
468 5153 737 5222 quwritis?
766 5152 904 5219 Quid
932 5152 1034 5208 hoc
1059 5156 1175 5210 est?
1216 5158 1304 5226 qui
1343 5159 1489 5212 novit
1517 5159 1674 5213 corda
1704 5159 1876 5215 homi«

299 5260 446 5310 nunt,
474 5245 563 5301 cui
596 5245 953 5313 cogitationes
979 5254 1178 5300 nostrae
1207 5257 1408 5316 patent,
1439 5248 1524 5303 hic
1549 5250 1877 5322 interrogat?

290 5335 391 5391 Sed
419 5354 528 5392 non
576 5346 636 5391 ut
673 5337 867 5404 discat,
897 5338 1203 5408 (quomodo
1240 5341 1379 5395 enim
1427 5343 1477 5396 id
1506 5342 1607 5397 dici
1641 5344 1875 5413 possit?)

290 5428 383 5483 sed
406 5439 465 5483 ut
490 5444 592 5499 per
614 5429 1092 5499 interrogationem
1128 5432 1250 5487 illos
1280 5435 1379 5488 sibi
1409 5437 1576 5505 magis
1606 5439 1873 5505 conciliet,

291 5520 665 5592 maioremque
687 5520 838 5575 indat
860 5521 1130 5591 fiduciam,
1156 5524 1381 5597 illosque
1405 5529 1670 5600 colloquio
1687 5532 1877 5602 dignos

349 5761 422 5822 (tt)
454 5761 581 5813 Ησεε
606 5772 723 5813 cum
755 5761 958 5825 quadam
993 5768 1289 5831 exceptione
1322 5770 1645 5836 intelligenda
1677 5786 1806 5829 sunt.

1305 372 1720 435 lN‘JOANNEM
1756 366 1990 429 HOIllL.
2030 368 2215 428 Xl’lll.
2254 374 2326 432 al.
2355 376 2519 438 ινη.

3442 400 3545 460 “8

1966 495 2234 594 ostendat.
2269 497 2566 594 Verisimile
2603 506 2745 563 enim
2790 519 2873 567 est
2902 511 3043 579 illos.
3092 524 3274 587 utpote
3314 520 3542 594 ignotos,

1964 585 2244 644 erubuisse
2272 599 2325 645 et
2349 590 2687 665 formidasse,
2715 601 2806 670 qui
2835 604 2956 659 talia
2984 606 3053 662 de
3083 585 3546 680 magistro'audis;

1964 690 2106 733 sent.
2130 680 2255 737 lltec
2280 683 2456 755 itaque
2480 691 2658 744 omnia
2685 691 2921 760 abigens,
2954 705 3326 757 verecundiam
3355 721 3548 777 nempe

1965 778 2021 825 et
2045 784 2281 841 metum,
2323 778 2613 851 interrogat
2655 783 2808 850 illos;
2853 802 2953 841 nec
3004 789 3132 845 sinit
3171 807 3291 847 cum
3333 795 3546 851 silentio

1965 864 2182 918 domum
2212 870 2509 936 pervenire.
2541 872 2762 931 Etiamsi
2807 891 2933 933 vero
2974 894 3078 935 non
3129 882 3547 956 interrogasset,

1967 956 2324 1049 perstitissent
2368 961 2541 1030 ipsum
2576 968 2871 1037 sequendo,
2920 979 2974 1025 et
3027 972 3077 1027 in
3128 974 3345 1029 domum
3380 993 3547 1049 usque

1966 1058 2105 1149 cum.
2136 1046 2229 1101 illo
2279 1053 2668 1118 pervenissent.
2710 1057 2818 1149 Cur
2853 1076 2982 1131 ergo
3035 1063 3365 1136 interrogat?
3397 1046 3548 1126 Utiid

1966 1136 2106 1205 quod
2152 1138 2564 1211 dixiefficerct,
2612 1157 2669 1202 ut
2717 1136 3095 1211 erubescentes
3149 1157 3267 1212 illos
3296 1158 3549 1216 hae.~itan-

1971 1242 2158 1305 tesque
2192 1239 2446 1307 firmaret,
2477 1256 2539 1297 ac
2584 1243 2828 1299 fiduciam
2853 1247 3081 1304 inderet.
3121 1250 3304 1323 Neque
3344 1263 3546 1310 tantum

1969 1330 2263 1398 sequendo,
2297 1332 2391 1387 sed
2413 1335 2571 1388 etiam
2604 1350 2699 1405 per
2733 1337 3201 1411 interrogationem
3233 1344 3376 1399 illam
3403 1346 3550 1402 desi—

1972 1420 2181 1477 derium
2225 1439 2380 1480 suum
2423 1426 2800 1486 exhibuerunt.
2846 1431 2980 1488 Cum
3020 1437 3160 1490 enim
3189 1437 3321 1493 nihil
3351 1440 3418 1493 ab
3460 1441 3550 1495 illo

1972 1512 2315 1570 edidicissent
2342 1517 2424 1571 vel
2451 1518 2757 1589 audissent,
2786 1526 3098 1595 magistrum
3130 1537 3309 1584 tamen
3338 1542 3546 1598 vocant,

1970 1617 2090 1658 sese
2117 1604 2390 1675 discipulis
2410 1622 2845 1680 aunumerautes,
2873 1624 2927 1669 et
2942 1632 3038 1672 cur
3059 1630 3349 1689 sequantur
3373 1632 3553 1678 osten-

1969 1695 2178 1760 dentes,
2198 1706 2255 1753 ut
2277 1713 2469 1770 nempe
2486 1703 2626 1758 utilia
2650 1706 2913 1763 audirent.
2933 1710 3330 1780 Animadverte,
3346 1732 3550 1787 quiusa,

1972 1790 2185 1847 illorum
2237 1794 2592 1863 prudentiam.
2625 1797 2741 1853 Non
2770 1798 3051 1867 dixerunt,
3090 1802 3338 1860 Doctrina
3381 1815 3472 1861 aut
3496 1823 3555 1863 re

1971 1887 2218 1956 quapiam
2241 1891 2541 1945 necessaria
2574 1906 2672 1946 nos
2697 1891 2911 1948 imbue:
2942 1893 3037 1949 sed
3058 1895 3184 1965 quid
3210 1896 3428 1954 dicunt!
3457 1899 3556 1955 Ubi

1972 1978 2188 2032 manes?
2217 1978 2347 2034 Nam
2376 1981 2577 2050 quiete,
2605 1991 2663 2035 ut
2699 1982 2806 2053 jam
2837 1983 2968 2049 dixi,
3000 1985 3170 2056 ipsum
3200 1989 3428 2060 alloqui,
3460 2006 3556 2046 au—

1972 2067 2088 2123 dire
2126 2078 2180 2125 et
2204 2070 2410 2127 discere
2439 2072 2739 2143 cupiebant.
2774 2073 2897 2130 Ideo
2925 2093 3024 2132 nec
3047 2077 3321 2145 differunt,
3352 2097 3451 2136 nec
3475 2082 3555 2138 dio

1972 2168 2118 2224 cunt,
2152 2159 2246 2215 Die
2271 2161 2505 2217 craStino
2532 2163 2828 2231 veniemus,
2853 2174 2907 2221 et
2936 2174 2988 2222 te
3015 2168 3225 2237 publice
3252 2169 3554 2240 loquentem

1972 2252 2251 2307 audiemus
2290 2253 2428 2308 :sed
2459 2269 2705 2325 magnum
2750 2257 2998 2313 audiendi
3048 2260 3284 2315 studium
3338 2278 3446 2331 ιιι-διε
3496 2279 3557 2320 se

1973 2340 2184 2409 ferunt,
2216 2341 2357 2412 quod
2408 2359 2476 2398 ne
2515 2345 2728 2414 quidem
2760 2346 2991 2403 instante
3042 2349 3170 2405 hora
3214 2351 3466 2408 recedant
3496 2356 3553 2421 ¹;

1975 2448 2101 2488 nam
2121 2436 2203 2489 sol
2226 2435 2291 2489 ad
2318 2450 2569 2492 occasum
2598 2440 2853 2509 vergebat
2881 2456 2894 2492 :
2930 2441 3061 2494 Erat
3088 2442 3285 2513 quippe
3306 2445 3432 2497 hora
3452 2446 3555 2498 cir—

1974 2528 2098 2581 citer
2123 2528 2336 2594 decima,
2362 2529 2550 2596 inquit.
2582 2530 2709 2585 Ideo
2733 2531 2977 2587 Christus
2999 2532 3214 2587 domum
3247 2550 3351 2589 non
3378 2535 3554 2600 docet,

1978 2636 2084 2676 non
2108 2621 2304 2686 locum,
2335 2621 2429 2675 sed
2462 2630 2518 2676 ut
2545 2632 2835 2692 sequantur
2859 2625 3027 2695 magis
3051 2625 3237 2694 allicit,
3269 2627 3557 2683 ostendens

1976 2727 2037 2768 se
2085 2713 2201 2767 illos
2245 2713 2296 2767 iu
2334 2728 2461 2768 suos
2488 2715 2777 2785 accepisse.
2805 2714 3035 2787 Ideoque
3075 2734 3178 2772 non
3217 2718 3342 2788 quid
3384 2720 3559 2776 simile

1977 2803 2142 2859 dicit:
2168 2803 2601 2875 [intempestivum
2630 2815 2774 2860 esset
2800 2822 2895 2861 vos
2915 2823 3057 2864 nunc
3081 2808 3298 2864 domum
3329 2810 3553 2882 ingredi,

1977 2897 2206 2953 audietis
2233 2912 2352 2952 cras
2380 2899 2521 2969 quod
2549 2900 2738 2955 voletis
2758 2941 2773 2967 ,
2819 2917 2962 2956 nunc
2987 2901 3202 2957 domum
3238 2903 3412 2970 abite;
3462 2905 3559 2961 sed

1978 2988 2125 3057 quasi
2152 2988 2353 3044 amicos
2382 3003 2447 3044 ex
2474 2989 2724 3046 diuturna
2754 2993 3140 3048 consuetudine
3165 2994 3310 3065 ipsos
3338 2995 3562 3066 alloqui-

1981 3090 2085 3136 tur.
2114 3081 2223 3136 Cur
2246 3096 2373 3152 ergo
2399 3081 2523 3137 alibi
2553 3082 2679 3137 dicit
2706 3102 2720 3138 :
2747 3082 2914 3139 Filius
2942 3085 3160 3141 hominis
3185 3103 3284 3140 non
3310 3086 3455 3141 habet
3477 3086 3562 3142 ubi

1978 3182 2129 3241 caput
2148 3173 2348 3226 reclinet
2376 3172 2507 3244 (Luc
2534 3174 2587 3228 9.
2611 3174 2733 3243 58);
2761 3175 2846 3230 hic
2875 3190 3025 3241 vero,
3055 3177 3144 3233 59.
3193 3177 3380 3244 Venite,
3410 3187 3456 3233 et
3484 3180 3561 3233 tti-

1979 3265 2090 3319 dete
2126 3264 2212 3318 ubi
2242 3267 2511 3320 maneam?
2529 3265 2951 3333 Quouiamillud,
2980 3266 3099 3321 Non
3128 3268 3273 3324 habet
3300 3269 3384 3323 ubi
3407 3278 3563 3339 caput

1979 3358 2207 3424 reclinet,
2255 3357 2517 3427 signiﬁcat
2548 3358 2693 3413 illum
2728 3360 3002 3429 proprium
3055 3360 3157 3415 sibi
3207 3360 3561 3416 diversorium

1981 3466 2087 3505 non
2117 3450 2388 3515 habuisse,
2432 3466 2538 3504 non
2567 3450 2707 3519 quod
2740 3452 2790 3505 in
2832 3451 2995 3506 domo
3028 3454 3274 3522 quapiam
3318 3469 3424 3508 non
3452 3470 3563 3509 ma-

1982 3550 2134 3596 neret
2166 3557 2179 3594 :
2211 3541 2260 3595 id
2283 3542 2426 3595 enim
2455 3541 2704 3609 parabole
2730 3541 3014 3610 signiﬁcat.
3046 3543 3378 3613 Evangelista
3404 3557 3563 3614 porro

1980 3631 2128 3696 dicit,
2159 3631 2304 3700 ipsos
2329 3630 2417 3685 die
2444 3630 2531 3684 illa
2560 3645 2678 3683 cum
2711 3645 2777 3686 eo
2802 3633 3066 3687 mansisse
3100 3651 3115 3688 :
3148 3649 3245 3688 cur
3282 3642 3458 3691 autem
3490 3635 3562 3691 ita

1982 3723 2174 3778 factum
2206 3723 2307 3793 sit,
2352 3738 2457 3777 non
2503 3722 2726 3787 addidit,
2770 3723 2910 3793 quod
2955 3724 3232 3780 manifesta
3274 3741 3361 3782 res
3396 3737 3559 3783 esset.

1981 3814 2164 3885 Neque
2218 3814 2361 3869 enim
2411 3814 2513 3869 alia
2555 3814 2621 3869 de
2660 3828 2819 3870 causa
2870 3817 3079 3886 sequuti
3127 3826 3249 3872 sunt
3289 3833 3435 3883 eum,
3478 3818 3560 3872 vel

1979 3907 2229 3963 Christus
2253 3907 2449 3961 accivit
2479 3921 2593 3973 eos,
2617 3922 2773 3977 quam
2802 3917 2861 3961 ut
2887 3907 3183 3963 doctrinam
3214 3910 3519 3978 acciperent
3545 3927 3558 3963 :

1979 4013 2137 4067 quam
2159 4006 2264 4051 tam
2293 3997 2509 4065 eopiose
2537 4007 2591 4051 et
2618 4012 2737 4049 cum
2764 4005 2910 4050 tanto
2927 3998 3104 4052 studio
3131 4013 3232 4051 una
3256 4009 3411 4052 nocte
3441 4014 3558 4066 per-

1980 4097 2232 4161 ceperunt
2258 4130 2272 4156 ,
2306 4097 2367 4146 ut
2409 4104 2531 4146 mox
2563 4096 2786 4162 uterque
2813 4087 2881 4145 ad
2906 4088 3043 4147 alios
3072 4088 3409 4148 advocandos
3434 4106 3560 4167 pro-

1981 4194 2192 4253 peraret
2214 4187 2233 4214 ²
2244 4224 2256 4237 .

2053 4279 2105 4330 4.
2137 4275 2393 4328 Doctrina:
2419 4273 2607 4329 Christi
2632 4277 2802 4328 omnia
2832 4277 3202 4347 postponenda.
3236 4276 3348 4332 Cibi
3372 4278 3562 4333 anima:

1980 4369 2068 4439 qui
2096 4370 2213 4422 sint.
2259 4367 2448 4421 Contra
2494 4368 2711 4422 theatra.
2740 4400 2812 4410 —
2836 4370 2973 4425 Hinc
3014 4385 3113 4425 nos
3141 4386 3353 4441 quoque
3382 4372 3559 4427 disca-

1982 4476 2100 4515 mns
2129 4460 2307 4513 omnia
2340 4457 2539 4512 div-inte
2564 4459 2822 4515 doctrina:
2866 4469 3187 4530 postponere
3207 4503 3222 4528 ,
3253 4462 3562 4528 nullumque

1982 4560 2190 4619 tempus
2220 4567 2324 4604 mm
2353 4560 2708 4619 opportunum
2753 4552 3054 4617 testimare;
3089 4554 3180 4607 sed
3211 4554 3308 4609 etsi
3342 4554 3392 4607 iu
3424 4552 3558 4607 alie-

1983 4658 2103 4696 nam
2145 4642 2362 4696 domum
2394 4643 2596 4712 ingredi
2626 4652 2905 4712 oporteat,
2937 4645 3147 4699 etiamsi
3196 4645 3433 4715 ignotum
3467 4645 3562 4699 ho.

1981 4734 2151 4790 mines
2183 4749 2431 4804 proceres
2478 4737 2688 4805 ignotos
2716 4735 2866 4791 adire
2889 4777 2905 4802 ,
2946 4737 3159 4792 etiamsi
3191 4738 3562 4807 intempestive

1981 4836 2034 4881 ct
2058 4827 2245 4897 quovis
2277 4837 2516 4896 tempore
2536 4870 2550 4895 ,
2583 4844 2871 4899 numquam
2899 4829 3000 4884 hoc
3029 4834 3408 4887 commercium
3440 4847 3561 4887 esse

1983 4917 2379 4986 negligentiam.
2405 4917 2567 4972 Cibus
2589 4933 2716 4988 ergo
2736 4959 2752 4985 ,
2780 4920 2965 4974 balnea
2988 4962 3003 4986 ,
3032 4937 3200 4977 ecetra?
3219 4963 3234 4988 ,
3262 4923 3469 4990 aliaque
3495 4924 3562 4977 ad

1980 5007 2143 5061 vitam
2185 5007 2502 5077 pertinentia
2529 5049 2544 5073 ,
2577 5022 2730 5063 suum
2762 5017 2972 5079 tempus
3014 5010 3285 5064 habeant:
3316 5011 3559 5065 doctrina

1981 5112 2112 5153 vero
2149 5112 2396 5167 superna:
2427 5098 2776 5168 philosophia:
2807 5101 3007 5154 nullam
3047 5101 3243 5153 habeat
3287 5099 3558 5153 definitatn

1983 5190 2167 5245 horam
2191 5232 2206 5254 .
2235 5190 2328 5245 sed
2346 5205 2503 5247 onme
2530 5202 2735 5261 tempus
2762 5191 2861 5261 ipsi
2894 5194 3163 5262 proprium
3188 5201 3325 5247 esto.
3352 5191 3551 5262 Oppor-

2047 5355 2063 5385 ι
2098 5352 2189 5417 Hic
2209 5350 2358 5417 multa
2384 5351 2513 5401 addit
2529 5351 2612 5401 Fr.
2633 5352 2880 5417 Aretinus,
2906 5364 3016 5417 (pta:
3041 5354 3089 5401 in
3123 5350 3256 5417 nullo
3291 5353 3562 5417 exemplari

1984 5413 2153 5476 Crmco
2177 5415 2445 5476 habentur:
2474 5417 2620 5462 vertit
2644 5416 2771 5476 enim
2795 5429 2817 5476 :_
2837 5424 2901 5464 se
2919 5413 3087 5462 horam
3108 5413 3302 5476 quidem
3324 5413 3564 5466 dimitten-

1982 5475 2107 5536 tes.[
2132 5481 2184 5524 Et
2204 5474 2541 5536 animadverte
2557 5475 2705 5523 annui
2726 5474 2970 5536 ardorem.
2999 5482 3037 5523 Ο
3067 5474 3425 5528 memorabilem
3454 5477 3562 5527 illa-

1982 5534 2404 5602 tvtm‘sapientiam,
2429 5549 2458 5585 ο
2472 5534 2802 5602 diligentiam,
2825 5548 2853 5602 ρ
2875 5535 2924 5586 in
2939 5537 3220 5600 magistrum
3240 5537 3389 5602 [idem
3410 5538 3429 5590 !
3442 5542 3459 5602 ]
3489 5546 3562 5588 El-

1981 5597 2106 5647 cnim
2124 5597 2219 5665 iam
2230 5598 2317 5657 sol,
2329 5607 2560 5665 _f.’lC._Ql_liB
2580 5610 2696 5665 vero
2707 5598 2991 5665 clauduntur
3008 5597 3199 5651 {incitus
3221 5597 3457 5665 nusquam
3474 5614 3563 5650 ex-

1981 5667 2110 5726 stant
2125 5657 2171 5706 in
2187 5659 2368 5709 Grcecis
2389 5660 2531 5726 editis
2561 5664 2615 5726 et
2633 5662 2982 5726 manuscriptis.

2046 5725 2065 5753 ²
2095 5728 2235 5833 mixta
2259 5720 2422 5771 Morel.
2438 5720 2701 5783 legendum
2727 5720 2888 5789 esset;
2908 5724 2973 5776 ad
2994 5721 3423 5786 aliortMtjanuam
3446 5736 3559 5789 pro-

2046 5796 2155 5833 rare
2178 5819 2190 5832 .

1980 5794 2190 5844 peruret.
