4068 6136
463 373 563 429 119

460 500 600 551 tune,
642 487 809 553 inquit
831 525 842 545 .
871 483 1158 550 importune
1200 497 1356 552 argue
1379 523 1393 546 ,
1421 481 1624 535 obsecra
1644 520 1659 546 ,
1706 478 1909 546 increpa
1934 475 1952 542 (
1973 476 2030 530 2.

462 577 593 632 Tim.
622 585 672 632 4.
701 577 736 631 2
757 580 793 644 ).
820 576 1082 646 Propheta
1104 590 1315 646 quoque
1334 574 1407 628 ait
1433 591 1446 625 :
1479 571 1544 626 In
1572 571 1677 640 tege
1697 573 1806 640 ejus
1832 570 2036 622 medita-

466 667 592 722 bitur
613 669 696 722 die
717 685 776 722 ac
797 669 971 738 nocte(
992 667 1134 721 Paul.
1164 669 1213 720 l.
1235 667 1329 737 9.):
1365 665 1574 736 Moyses
1603 679 1814 734 quoque
1835 662 2035 717 Inda-is

461 757 563 812 hoc
584 774 798 827 semper
820 759 993 813 facere
1017 757 1377 826 praecipiebat.
1403 756 1532 808 Nam
1554 771 1616 809 ea
1644 770 1760 822 quae
1783 753 1848 806 ad
1876 741 2049 806 vitam~

461 856 732 918 spectant,
760 847 946 903 balnea
975 847 1094 901 dico
1118 856 1172 901 et
1197 862 1365 901 cinna:
1387 890 1401 912 ,
1429 846 1529 901 ctsi
1558 845 1856 900 necessaria
1888 844 1996 896 sint
2019 881 2034 904 ,

464 938 505 993 si
537 937 866 1006 frequentius
907 938 1262 992 adhibeantur
1285 977 1300 1003 ,
1339 952 1533 1006 corpus
1564 943 1892 990 extenuant:
1924 933 2040 986 ani-

463 1043 562 1082 ma:
593 1036 767 1081 autem
812 1027 1052 1082 doctrina
1095 1036 1293 1097 quanto
1333 1029 1502 1097 magis
1531 1027 1859 1090 inculcatur,
1893 1033 2040 1076 tanto

464 1117 738 1174 fortiorem
760 1119 934 1173 reddit
957 1122 1206 1174 animam.
1231 1119 1382 1174 Nunc
1401 1129 1579 1174 autem
1601 1120 1755 1188 nugis
1782 1118 2040 1172 inutiliter

463 1225 624 1264 omne
655 1219 864 1280 tempus
892 1210 1258 1264 consumimus
1281 1251 1296 1276 ,
1342 1225 1587 1263 auroram
1614 1249 1631 1274 ,
1679 1209 1993 1262 matutinum
2019 1245 2038 1274 ,

465 1300 740 1354 meridiem
759 1341 774 1364 ,
802 1316 1078 1371 vesperam
1111 1301 1163 1355 in
1192 1303 1481 1356 constituto
1507 1301 1624 1355 loco
1665 1316 1798 1353 vane
1827 1301 2034 1368 impen-

464 1390 672 1454 dimus;
705 1389 880 1444 divina
923 1400 1100 1445 autem
1144 1389 1386 1460 dogmata
1417 1390 1462 1442 si
1492 1388 1658 1444 semel
1705 1398 1796 1442 aut
1833 1389 1914 1443 bis
1946 1403 2042 1458 per

371 1554 374 1556 γ
469 1480 853 1535 hebdomadam
901 1481 1210 1546 audiamus,
1263 1479 1647 1550 torpescimus,
1693 1493 2036 1534 nauseamus.

466 1570 677 1638 Quare?
705 1569 835 1637 Quia
885 1572 1064 1625 animo
1095 1586 1260 1640 prave
1289 1571 1466 1626 allecti
1494 1585 1698 1627 sumus.
1732 1570 2040 1640 Appetitum

467 1659 807 1728 studiumque
828 1661 943 1730 ejus
963 1662 1104 1715 circa
1133 1662 1280 1715 istaec
1300 1676 1461 1716 omne
1488 1660 1863 1726 dissolvimus;
1897 1661 2044 1715 ideo-

467 1763 570 1818 que
599 1750 926 1817 Spiritualem
958 1765 1135 1804 escam
1177 1765 1282 1804 non
1314 1751 1634 1820 appetimus.
1664 1750 1911 1820 Magnum
1943 1750 2044 1805 hoc

471 1847 665 1908 praeter
691 1839 790 1893 alia
820 1849 900 1895 est
931 1841 1263 1911 aegritudinis
1306 1841 1559 1896 indicium
1584 1884 1598 1906 ,
1630 1857 1751 1896 cum
1785 1858 1888 1896 non
1914 1857 2041 1897 esu-

471 1931 636 1986 rimus
655 1972 670 1997 ,
701 1947 799 1988 nec
823 1933 1034 1987 sitimus
1052 1976 1066 1999 ,
1097 1934 1192 1989 sed
1219 1945 1503 2006 utrumque
1532 1936 1689 1990 nobis
1712 1936 2041 1992 fastidiosum

469 2031 569 2076 cst.
597 2021 652 2076 Si
680 2032 857 2078 autem
904 2024 1040 2092 hoc,
1091 2041 1212 2080 cum
1259 2027 1310 2080 in
1340 2041 1566 2096 corpore
1611 2028 1833 2095 accidit,
1864 2030 2046 2099 gravis

471 2111 641 2166 tnorbi
673 2112 926 2168 indicium
954 2123 1010 2169 et
1034 2131 1192 2170 causa
1219 2124 1330 2182 est;
1361 2118 1532 2172 multo
1563 2120 1730 2188 magis
1758 2120 1812 2174 in
1842 2121 2038 2174 anima.

470 2201 747 2267 Quomodo
789 2204 948 2273 igitur
989 2206 1130 2260 illam
1162 2208 1364 2276 lapsam
1394 2217 1449 2263 et
1490 2209 1806 2266 dissolutam
1837 2213 2046 2283 erigere

473 2293 810 2360 poterimus?
839 2295 1030 2365 quibus
1056 2298 1342 2366 operibus?
1372 2301 1566 2369 quibus
1590 2302 1804 2356 verbis?
1828 2302 1882 2358 Si
1910 2304 2046 2358 divi-

473 2397 571 2455 nqs
597 2398 890 2450 sermones,
926 2387 1291 2458 propheticos,
1324 2391 1670 2460 apostolicos,
1705 2394 2047 2463 evangelicos

471 2475 711 2544 aliosque
736 2491 924 2532 omnes
953 2488 1262 2534 tractemus.
1289 2479 1440 2536 Tunc
1465 2483 1607 2536 enim
1634 2483 1864 2538 sciemus
1890 2485 2048 2554 longe

472 2565 661 2620 melius
680 2582 799 2623 esse
820 2568 901 2622 his
925 2570 998 2623 uti
1021 2570 1174 2636 cibis,
1198 2586 1357 2640 quam
1380 2571 1604 2640 impuris
1624 2574 1781 2638 aliis;
1804 2574 1881 2628 sic
1903 2575 2044 2630 enim

472 2657 596 2710 licet
625 2658 1025 2728 intempestivas
1052 2676 1216 2732 nugas
1245 2671 1299 2718 et
1339 2661 1800 2739 confabulationes
1833 2680 2042 2720 vocare.

472 2748 608 2817 Quid
631 2753 795 2819 enim,
817 2767 1018 2822 quaeso,
1049 2754 1260 2818 melius,
1285 2755 1352 2810 de
1376 2756 1676 2810 forensibus
1694 2797 1710 2823 ,
1733 2756 1800 2811 de
1823 2755 2050 2826 judicia-

473 2842 614 2896 libus
634 2884 648 2908 ,
681 2843 747 2897 de
778 2844 1096 2900 militaribus
1124 2848 1286 2901 rebus
1304 2889 1319 2914 ,
1352 2864 1420 2901 an
1448 2848 1514 2902 de
1541 2849 1842 2903 cmlestibus
1867 2850 2046 2920 loqui,

472 2930 645 3001 deque
666 2933 728 2987 iis
749 2949 865 3004 quae
890 2945 1008 3004 post
1035 2935 1171 2990 hanc
1195 2937 1358 2990 vitam
1385 2937 1674 2992 eveniunt?
1694 2938 1821 3007 quid
1842 2939 2046 3004 utilius,

474 3023 542 3078 de
568 3024 744 3080 vicino
773 3037 824 3080 et
851 3027 966 3096 ejus
999 3028 1227 3096 negotiis
1253 3028 1423 3098 loqui,
1455 3043 1517 3082 ac
1537 3029 1602 3083 de
1623 3029 1814 3083 alienis
1835 3031 2050 3085 curiose

475 3117 782 3187 perquirere
801 3157 819 3183 ,
847 3133 912 3172 an
942 3119 1010 3173 de
1039 3120 1240 3188 angelis
1262 3161 1276 3185 ,
1321 3127 1376 3174 et
1419 3119 1486 3174 de
1516 3120 1678 3174 rebus
1706 3136 1824 3191 quae
1853 3121 1918 3176 ad
1951 3137 2054 3176 no-

479 3215 643 3262 stram
669 3219 946 3265 vertuntur
977 3211 1252 3266 utilitatem
1279 3253 1294 3277 ,
1323 3212 1482 3267 verba
1512 3212 1724 3268 facere?
1753 3212 1882 3281 Qum
1908 3215 2050 3269 enim

476 3299 632 3353 vicini
658 3300 730 3354 tui
757 3310 900 3366 stntt,
931 3317 1037 3355 non
1069 3311 1190 3369 tua;
1222 3319 1339 3373 qua:
1362 3302 1427 3357 ad
1450 3304 1612 3358 cmlos
1643 3305 1932 3373 pertinent,
1962 3315 2050 3360 tua

475 3401 618 3446 sunt.
642 3391 745 3446 Sed
774 3392 929 3459 licet,
961 3394 1195 3464 inquies,
1226 3396 1272 3448 ei
1303 3395 1389 3465 qui
1413 3395 1579 3450 semel
1603 3395 1716 3450 hrcc
1738 3395 1906 3461 dixit,
1937 3412 2053 3452 om-

476 3482 562 3536 nia
593 3481 836 3551 implere.
862 3484 996 3551 Quid
1027 3500 1153 3540 vero
1178 3484 1248 3540 de
1273 3485 1337 3539 iis
1358 3526 1372 3549 ,
1400 3501 1518 3556 qme
1542 3485 1737 3540 frustra
1765 3495 1820 3542 et
1851 3496 2051 3542 temere

478 3573 793 3642 disputatis,
835 3591 941 3628 non
973 3575 1200 3644 idipsum
1231 3575 1475 3646 cogitatis
1496 3617 1511 3640 ,
1543 3575 1634 3630 sed
1670 3585 1832 3631 totam
1864 3577 1916 3632 in
1950 3577 2052 3632 illis

475 3665 638 3717 vitam
683 3665 1052 3735 impendentes
1075 3707 1088 3731 ,
1135 3666 1335 3720 nullum
1367 3666 1743 3736 disputationis
1775 3666 1934 3721 finem
1967 3667 2052 3722 in-

477 3753 710 3807 venitis?
745 3754 979 3808 Necdmn
1025 3756 1144 3810 dico
1175 3755 1257 3810 bis
1288 3758 1444 3826 longe
1481 3757 1746 3826 graviora.
1797 3755 1926 3812 Nam
1967 3758 2055 3827 qui

1237 367 1292 424 s.
1333 365 1606 423 JOANNIS
1641 360 2109 421 CIIRYSOSTOMI
2152 359 2464 414 ARCIIIEP.
2505 316 3026 414 censu-sinon

3626 357 3727 415 1230

2144 473 2498 527 modestiores
2548 482 2702 536 sunt,
2737 473 2819 528 his
2863 474 2928 527 de
2959 473 3117 527 rebus
3164 481 3349 527 mutuo
3380 473 3683 528 fabulantur
3705 513 3724 539 ,

2142 563 2418 632 segniores
2448 574 2626 617 autem
2658 564 3064 634 ignavioresque
3087 604 3103 630 ,
3138 566 3330 619 mimos
3351 605 3367 631 ,
3400 570 3722 630 saltatores,

2141 655 2349 725 aurigas
2375 655 2426 709 in
2462 670 2710 711 sermone
2736 672 2950 726 semper
2989 667 3237 724 versant,
3264 657 3503 712 auditum
3529 657 3721 712 detur-

2143 755 2364 814 pantes,
2412 747 2645 800 animam
2685 747 3104 814 labefactantes;
3148 758 3503 818 naturamque
3533 748 3724 817 hujus-

2143 836 2284 890 modi
2313 836 2708 891 narrationibus
2736 839 3062 908 praecipitem
3086 848 3269 909 agunt,
3292 848 3345 893 et
3371 839 3424 893 in
3444 853 3605 893 omne
3628 837 3725 892 lla-

2142 927 2252 996 gitii
2281 941 2448 996 genus
2471 927 2708 982 animum
2738 928 3015 982 inducunt.
3045 928 3176 984 Nam
3206 931 3530 1000 simulatque
3555 929 3724 983 salta-

2146 1017 2276 1072 toris
2315 1033 2509 1073 nomen
2540 1019 2801 1088 prolatum
2829 1020 2968 1087 fuit,
3000 1020 3180 1074 statim
3224 1020 3276 1076 in
3305 1021 3484 1074 anima
3526 1021 3720 1089 depin-

2143 1110 2286 1178 gitur
2310 1111 2425 1178 ejus
2458 1111 2620 1168 facies
2645 1155 2660 1178 ,
2692 1129 2866 1180 coma,
2901 1114 3079 1168 mollis
3106 1115 3288 1179 vestis,
3342 1115 3539 1185 illeque
3578 1123 3724 1170 tctus

2145 1203 2229 1256 his
2258 1203 2412 1274 longe
2449 1205 2678 1258 mollior.
2709 1207 2860 1260 Alius
2899 1221 3110 1260 rursum
3149 1205 3414 1260 ﬂammant
3443 1207 3640 1260 excitat
3668 1215 3726 1261 et

2145 1292 2324 1361 fovet,
2355 1295 2482 1350 dum
2515 1298 2850 1352 meretricem
2879 1297 2930 1352 in
2959 1296 3447 1352 confabulationem
3478 1297 3721 1365 inducit,

2147 1383 2367 1454 ejusque
2423 1386 2606 1448 verba,
2656 1385 2927 1452 habitum,
2971 1387 3154 1441 oculos
3205 1387 3466 1451 lascivos,
3509 1386 3721 1440 mollem

2148 1485 2450 1545 aspectum,
2500 1478 2791 1532 concinnos
2824 1478 3157 1548 capillorum,
3203 1476 3407 1533 fucatas
3451 1477 3725 1547 pictasque

2149 1581 2332 1637 genas.
2366 1569 2555 1623 Annon
2601 1569 2728 1639 quid
2772 1568 3060 1623 humanum
3107 1568 3249 1638 passi
3296 1569 3427 1622 estis
3454 1568 3578 1622 dum
3609 1566 3726 1623 hanc

2147 1659 2456 1715 narrarem?
2497 1660 2603 1715 Sed
2643 1677 2709 1716 ne
2756 1659 2950 1729 pudeat
3008 1659 3196 1725 vobis,
3243 1673 3310 1714 ne
3349 1658 3722 1715 erubescatis:

2148 1761 2349 1806 naturae
2376 1766 2604 1820 namque
2633 1751 2925 1806 necessitas
2946 1750 2996 1805 id
3026 1750 3224 1822 exigit,
3254 1761 3310 1805 et
3334 1750 3413 1805 sic
3437 1749 3611 1804 anima
3642 1749 3725 1803 af-

2151 1842 2327 1897 ﬁcitur
2347 1857 2444 1912 pro
2467 1843 2674 1897 ratione
2696 1857 2880 1898 eorum
2910 1856 3028 1911 quae
3055 1848 3358 1896 narrantur.
3387 1839 3543 1908 Quod
3571 1840 3614 1894 si
3638 1855 3725 1894 me

2149 1935 2420 2005 loquente,
2438 1936 2481 1990 si
2506 1935 2556 1990 in
2574 1934 2796 1991 ecclesia
2817 1942 3042 1999 stantes,
3059 1934 3103 1988 si
3125 1933 3192 1988 ab
3212 1932 3315 1989 illis
3330 1933 3522 1989 semoti
3543 1931 3726 1998 rebus,

2152 2025 2350 2095 aliquid
2378 2026 2666 2081 lmmanum
2694 2026 2971 2081 audientes
2998 2025 3237 2096 patimini
3262 2065 3279 2091 ,
3307 2025 3480 2094 cogita
3509 2038 3614 2094 quo
3641 2024 3726 2078 af-

2151 2113 2292 2172 fectu
2322 2117 2428 2171 sint
2455 2117 2490 2170 ii
2522 2117 2609 2187 qui
2637 2117 2692 2170 in
2725 2116 2932 2172 theatro
2979 2116 3166 2170 sedent
3187 2157 3202 2180 ,
3235 2115 3449 2171 licentia
3493 2115 3730 2170 fruentes

2151 2209 2338 2275 multa,
2367 2217 2517 2264 extra
2545 2209 2685 2262 hunc
2707 2208 2987 2262 honestum
3015 2207 3480 2276 venerandumque
3507 2220 3727 2261 conses-

2152 2314 2291 2365 sum,
2318 2313 2438 2352 cum
2471 2297 2797 2367 impudentia
2826 2312 3015 2368 magna
3041 2297 3127 2351 illa
3160 2296 3400 2353 videntes
3421 2305 3476 2353 et
3495 2295 3720 2351 audien-

2156 2398 2255 2445 tes.
2289 2390 2354 2444 Et
2395 2404 2527 2455 cur,
2573 2388 2716 2444 dicet
2755 2387 2982 2444 fortasse
3024 2389 3285 2459 quispiam
3314 2403 3382 2443 ex
3412 2388 3475 2443 iis
3499 2388 3589 2458 qui
3617 2403 3724 2444 non

2153 2481 2411 2537 adhibent
2433 2482 2668 2535 animum
2689 2521 2704 2544 ,
2733 2481 2778 2535 si
2824 2489 3027 2535 natura}
3069 2481 3365 2536 necessitas
3387 2481 3464 2536 sic
3491 2480 3728 2534 animam

2154 2571 2340 2637 allicit,
2367 2572 2450 2624 illa
2481 2572 2664 2626 relicta
2684 2611 2700 2636 ,
2731 2585 2831 2625 nos
2866 2571 3127 2625 accusas?
3156 2571 3288 2639 Quia
3319 2570 3433 2626 haec
3460 2569 3728 2625 audiendo

2154 2661 2410 2727 emolliri,
2439 2661 2569 2715 illud
2596 2677 2728 2730 opus
2754 2670 2837 2715 est
2863 2669 3104 2715 naturae:
3140 2661 3264 2715 talia
3293 2669 3471 2716 autem
3497 2660 3684 2716 audire
3708 2701 3726 2726 ,

2155 2768 2262 2808 non
2285 2762 2487 2808 naturae
2507 2760 2610 2818 est,
2632 2751 2727 2806 sed
2748 2751 2951 2806 arbitrii
2975 2760 3271 2822 peccatum.
3291 2750 3731 2822 Quandoquidem

2155 2859 2275 2898 cum
2297 2844 2464 2914 quise
2491 2845 2595 2914 igni
2621 2843 2926 2910 admoveat,
2957 2844 3036 2897 uri
3067 2857 3289 2898 necesse
3313 2852 3428 2908 est;
3455 2841 3506 2896 id
3536 2855 3728 2910 nempe

2159 2934 2274 2988 vult
2299 2944 2499 2988 natura:
2519 2934 2801 2988 infirmitas
2825 2953 2839 2989 :
2868 2949 3051 2989 verum
3071 2947 3176 2988 non
3207 2941 3395 2988 natura
3421 2949 3520 2988 nos
3547 2931 3651 3002 igni
3679 2939 3734 2986 et

2159 3026 2354 3081 ustioni
2385 3025 2634 3081 admovet
2661 3045 2676 3082 :
2708 3025 2760 3081 id
2788 3026 2928 3081 enim
2958 3041 3024 3081 ex
3059 3041 3307 3096 perversa
3334 3026 3508 3080 solum
3540 3025 3738 3079 volun-

2160 3128 2266 3175 tate
2297 3119 2514 3189 pendet.
2548 3117 2660 3173 lloc
2691 3119 2852 3189 igitur
2879 3118 3150 3174 admoveri
3180 3119 3304 3174 volo
3333 3127 3389 3173 et
3415 3117 3646 3188 corrigi,
3679 3127 3738 3173 ut

2159 3226 2227 3266 ne
2252 3220 2441 3279 sponte
2469 3225 2563 3265 vos
2592 3211 2889 3280 prtecipites
2917 3211 3055 3266 detis
3078 3252 3093 3277 ,
3123 3225 3300 3281 neque
3322 3210 3390 3265 ad
3415 3209 3736 3281 profundum

2161 3303 2410 3372 nequitia:
2429 3317 2524 3356 vos
2545 3302 2849 3371 impellatis,
2868 3303 2949 3357 vel
2974 3311 3163 3372 sponte
3177 3301 3402 3356 curratis
3421 3300 3485 3356 ad
3511 3315 3733 3371 rogum;

2162 3409 2230 3448 ne
2258 3395 2485 3448 llammae
2523 3393 2735 3448 diabolo
2766 3403 2964 3463 parata:
2994 3408 3090 3448 nos
3131 3393 3394 3449 obnoxios
3423 3393 3733 3448 reddamus.

2165 3483 2377 3540 Utinam
2401 3498 2529 3538 vero
2554 3498 2651 3537 nos
2680 3498 2869 3539 omnes
2894 3484 2963 3538 ab
2990 3485 3090 3538 hac
3110 3493 3162 3538 et
3194 3485 3282 3538 illa
3308 3483 3522 3538 ﬂamma
3543 3484 3734 3553 erepti,

2163 3576 2215 3630 in
2259 3577 2431 3631 sinum
2465 3575 2696 3630 Abrahae.
2728 3577 3081 3646 recipiamur,
3113 3577 3279 3646 gratia
3311 3587 3366 3632 et
3415 3577 3740 3647 benignitate

2163 3667 2372 3722 Domini
2399 3667 2564 3721 nostri
2603 3666 2729 3722 Iesu
2757 3667 2978 3734 ChriSIi,
3007 3669 3221 3736 quicum
3253 3669 3393 3722 Patri
3421 3669 3592 3739 gloria
3611 3711 3626 3736 ,
3660 3669 3739 3723 si-

2166 3759 2384 3828 mulque
2406 3767 2590 3812 sancto
2609 3758 2849 3826 Spiritui,
2875 3758 2928 3811 in
2959 3757 3152 3813 satcula
3177 3758 3517 3812 saeculorum.
3542 3760 3733 3812 Amen.

3576 3889 3739 3902 .—

1837 3963 2184 4026 HOMILIA
2225 3965 2406 4025 XIX.

472 4114 562 4168 41.
611 4110 808 4165 Invenit
853 4112 934 4164 hic
971 4111 1165 4182 primus
1212 4113 1418 4183 fratrem
1463 4127 1608 4165 suum
1657 4111 1948 4176 Simonem,
2001 4123 2048 4165 et

546 4205 666 4256 dicit
692 4205 738 4258 ei
765 4220 784 4258 :
809 4203 1099 4258 Invenimus
1129 4201 1387 4266 Messium,
1416 4203 1635 4272 quodest
1662 4205 2046 4273 interpretatum

545 4294 774 4350 Christus
795 4310 816 4350 .°
846 4295 932 4350 42.
961 4306 1006 4348 et
1033 4295 1244 4349 adduxit
1269 4295 1417 4348 illum
1443 4294 1511 4347 ad
1534 4293 1732 4348 Jesum.

546 4473 599 4526 1.
635 4471 850 4525 Unionis
875 4469 1023 4523 dona.
1045 4497 1119 4509 —
1141 4468 1278 4522 Deus
1307 4468 1455 4522 initio
1473 4483 1592 4521 cum
1611 4467 1734 4523 fecit
1756 4470 2050 4535 hominem,

477 4578 583 4618 non
627 4564 843 4631 reliquit
886 4562 1035 4615 illum
1077 4560 1247 4614 solum
1275 4599 1292 4626 ,
1322 4561 1415 4614 scd
1455 4560 1603 4614 dedit
1643 4561 1693 4615 ei
1735 4562 2048 4630 adjutriccm

479 4650 757 4706 mulierem
783 4690 798 4714 ,
830 4659 886 4704 nt
913 4649 1176 4704 habitaret
1211 4664 1331 4703 cum
1361 4666 1426 4704 eo
1451 4667 1464 4703 :
1489 4665 1607 4702 cum
1635 4667 1699 4705 ex
1729 4651 1829 4705 hoc
1858 4662 2052 4707 contu-

479 4741 665 4796 bernio
695 4740 918 4794 multum
965 4739 1096 4794 lucri
1138 4754 1475 4794 accessurum
1514 4749 1716 4795 nosset.
1746 4741 1882 4806 Quid
1911 4743 2054 4796 enim

477 4836 520 4890 si
552 4848 680 4900 non,
715 4833 788 4887 uti
819 4848 911 4902 par
930 4840 1064 4896 erat,
1094 4833 1194 4888 hoc
1219 4831 1477 4888 beneflcio
1498 4848 1592 4887 usa
1615 4835 1684 4888 sit
1705 4835 1932 4890 mulier?
1960 4838 2054 4891 At-

482 4936 657 4980 tamen
711 4924 757 4979 si
798 4923 875 4978 rei
921 4933 1161 4978 naturam
1211 4925 1332 4994 quis
1383 4925 1772 4993 exploraverit,
1809 4943 2052 4997 magnam

481 5017 775 5088 comperiet
803 5032 868 5071 ex
907 5015 1008 5071 hoc
1034 5015 1386 5071 contubernio
1423 5016 1704 5071 utilitatem
1747 5018 1800 5071 in
1831 5033 1926 5074 eos
1965 5019 2055 5089 qui

481 5117 660 5166 mente
684 5108 860 5164 valent
879 5107 1194 5163 derivatam.
1221 5105 1403 5177 Neque
1441 5107 1493 5162 id
1519 5107 1584 5162 de
1611 5109 1724 5163 viro
1769 5117 1968 5164 tantum
2003 5118 2058 5166 et

481 5219 647 5258 uxore
670 5203 890 5266 dicitur;
919 5200 1012 5256 sed
1040 5200 1199 5256 etiam
1226 5201 1270 5255 si
1305 5199 1494 5255 fratres
1524 5215 1624 5253 una
1652 5201 1916 5266 vixerint,
1943 5203 2055 5271 pari

481 5295 744 5349 beneﬁcio
779 5295 1038 5350 fruentur.
1089 5293 1445 5360 Quamobrem
1489 5293 1740 5361 propheta
1781 5293 1992 5348 diccbat
2040 5313 2052 5348 :

485 5386 651 5454 Quam
677 5385 859 5439 bonum
898 5396 942 5439 et
985 5402 1133 5455 quam
1170 5383 1452 5454 iucundum
1475 5425 1490 5446 ,
1528 5384 1752 5436 [cubitare
1784 5388 1965 5454 fratres
2004 5385 2058 5437 in

478 5497 632 5533 uiuunt
659 5477 827 5548 (Psal.
858 5479 978 5534 l32.
1016 5478 1105 5549 l)?
1134 5479 1435 5548 Paulusque
1484 5474 1669 5548 (Hebr.
1697 5477 1782 5531 10.
1813 5475 1906 5549 25)
1939 5490 2057 5530 mo-

483 5581 573 5626 net
600 5587 665 5626 ne
691 5581 928 5624 nostrmu
959 5581 1154 5624 coetum
1185 5572 1517 5627 deseramus.
1547 5569 1658 5624 lloc
1685 5569 1878 5638 quippe
1899 5579 1982 5625 est
2004 5569 2056 5624 in

481 5677 586 5732 quo
606 5677 635 5716 a
667 5660 797 5718 feris
822 5659 1133 5715 dichrimus.
1164 5661 1286 5715 ldeo
1311 5645 1470 5716 urbes
1500 5662 1860 5715 construimus
1879 5704 1894 5727 ,
1921 5661 2053 5729 fora,

483 5756 690 5824 domos,
717 5764 774 5811 ut
807 5772 908 5811 una
930 5753 1136 5810 collecti
1158 5755 1344 5821 simus,
1374 5769 1479 5809 non
1503 5753 1802 5809 habitaculo
1823 5764 2052 5820 tantum,

2166 4111 2258 4166 sed
2291 4121 2345 4165 ct
2368 4111 2609 4166 caritatis
2648 4113 2880 4167 vinculo.
2912 4113 3046 4166 Cum
3091 4115 3232 4168 enim
3267 4123 3451 4168 natura
3492 4123 3670 4168 nostra
3711 4129 3740 4168 a

2161 4201 2451 4258 Conditore
2477 4204 2545 4257 ita
2575 4204 2710 4257 facta
2733 4204 2820 4268 sit,
2848 4214 2903 4258 ut
2924 4205 3042 4259 aliis
3072 4213 3246 4278 egeat,
3278 4220 3377 4260 nec
3406 4206 3504 4259 sibi
3535 4207 3632 4276 ipsi
3657 4222 3739 4259 sa-

2163 4297 2229 4349 tis
2254 4295 2360 4350 sit:
2391 4311 2502 4350 rem
2531 4295 2624 4350 sic'
2645 4305 2767 4365 apte
2790 4296 3125 4365 dispensavit
3163 4296 3301 4350 Deus
3320 4338 3334 4359 ,
3367 4306 3423 4351 nt
3453 4298 3737 4366 indigentia

2161 4385 2464 4456 hujusmodi
2493 4402 2524 4441 a
2552 4396 2737 4442 tnutuo
2764 4388 3033 4442 consortio
3062 4394 3118 4443 et
3144 4403 3172 4440 a
3209 4390 3561 4444 conventibus
3585 4389 3732 4459 juve‘

2163 4491 2266 4535 tur.
2294 4480 2522 4550 Ideoque
2549 4481 2744 4549 nnptia:
2767 4481 3067 4535 constitutae
3095 4488 3219 4534 sunt
3251 4481 3293 4545 ί,
3337 4489 3393 4534 ιιι
3419 4481 3560 4551 quod
3586 4481 3737 4535 alteri

2161 4573 2334 4638 deest,
2355 4573 2422 4626 ab
2446 4573 2614 4628 altero
2635 4573 2964 4643 suppleatur,
2989 4572 3172 4642 sicque
3192 4581 3400 4639 natura,
3429 4589 3547 4643 qum
3573 4588 3739 4642 egena

2161 4673 2311 4730 erat,
2339 4663 2438 4717 sibi
2481 4663 2694 4717 tandem
2732 4663 2957 4728 sufﬁcit;
2987 4664 3055 4717 ita
3093 4673 3150 4718 ut
3177 4663 3300 4718 licet
3335 4665 3580 4718 mortalis
3605 4665 3742 4718 facta

2161 4755 2257 4822 sit,
2285 4755 2622 4810 successione
2649 4770 2745 4810 ceu
2772 4755 3072 4810 diuturnam
3117 4755 3568 4811 immortalitatem
3623 4771 3739 4812 ser-

2162 4857 2268 4902 vet.
2289 4847 2534 4902 Poteram
2559 4847 2672 4902 haec
2688 4847 2852 4901 fusius
2877 4848 3146 4918 prosequi,
3165 4848 3555 4918 ostendereque
3576 4861 3739 4917 quan.

2165 4946 2272 4992 tum
2301 4953 2366 4992 ex
2395 4937 2578 4992 intima
2609 4945 2664 4992 et
2699 4937 2905 4992 sincera
2930 4937 3307 5007 conjunctione
3337 4939 3469 4993 lucri
3497 4938 3736 4994 accedat.

2163 5029 2270 5085 Sed
2297 5029 2434 5084 aliud
2465 5031 2624 5085 instat
2650 5029 3003 5093 tractandum,
3026 5029 3178 5098 cujus
3207 5031 3372 5100 gratia
3396 5031 3510 5085 haec
3531 5047 3559 5083 a
3583 5030 3739 5086 nobis

2162 5123 2299 5178 dicta
2326 5133 2467 5180 sunt.
2496 5124 2736 5179 Andreas
2761 5138 2881 5178 cum
2905 5122 3045 5192 apud
3071 5123 3253 5178 Jesum
3274 5125 3580 5187 mansisset,
3609 5124 3743 5177 mul-

2164 5224 2321 5284 taque
2353 5213 2644 5280 didicisset,
2683 5231 2786 5270 non
2817 5216 3127 5271 thesaurum
3155 5215 3206 5269 in
3235 5230 3295 5270 se
3317 5215 3624 5278 abscondit,
3648 5213 3741 5268 sed

2165 5308 2377 5361 festinat
2411 5319 2467 5360 et
2491 5306 2658 5360 currit
2691 5306 2756 5360 ad
2790 5305 3005 5361 fratrem
3028 5347 3043 5372 ,
3071 5307 3189 5374 ejus
3226 5306 3397 5372 ipsum
3438 5313 3741 5359 consortem

2162 5397 2486 5451 redditurus.
2529 5395 2634 5450 Cur
2669 5411 2794 5450 vero
2825 5413 2928 5450 non
2962 5396 3194 5450 narravit
3235 5395 3472 5450 Joannes
3503 5394 3629 5465 quid
3656 5394 3741 5449 di-

2162 5486 2299 5540 xerit
2339 5486 2417 5541 eis
2454 5485 2734 5540 Christus?
2778 5495 2833 5540 et
2870 5486 3132 5540 undenam
3184 5485 3559 5556 cognoscimus
3599 5485 3745 5554 ipsos

2227 5640 2240 5670 ¹
2275 5636 2409 5691 Haec,
2437 5635 2638 5698 ideoque
2659 5635 2839 5698 nuptiae
2863 5634 3126 5685 constitutae
3152 5640 3288 5698 sunt,
3322 5633 3503 5698 desunt
3528 5631 3744 5698 insavil.

2163 5706 2301 5750 textu
2323 5705 2374 5747 et
2392 5692 2676 5760 quibusnam
2700 5692 3058 5761 manuscriptis;
3078 5696 3163 5746 sed
3183 5695 3422 5745 habentur
3443 5695 3490 5742 in
3513 5692 3639 5752 aliis,
3654 5706 3747 5743 nec

2161 5762 2383 5812 videntur
2408 5773 2782 5822 supervacanea.
