4068 6136
244 482 607 572 περὶλδείλης,
637 486 735 572 καὶ
760 487 1128 572 μεσημϐρίαν,
1171 494 1265 545 καὶ
1297 493 1537 565 ἑσπέραν
1567 495 1624 549 δέ
1656 499 1827 572 αὐτήν

249 566 638 638 συνεδρεύομεν
667 569 814 640 εἰκῆ,
838 571 930 651 καί
948 571 1143 636 τόπους
1163 575 1242 637 εἰς
1262 575 1418 630 τοῦτο
1439 566 1794 651 ἀπετάξαμεν
1807 599 1824 614 ο

242 649 445 734 τῶνδὲ
481 649 646 704 θείων
678 650 965 734 δογμάτων
1009 654 1157 719 ἀπαξ
1187 656 1220 725 ῆ
1258 657 1340 720 δὶς
1391 659 1490 729 τῆς
1532 649 1827 734 ἑϐδομάδος

243 729 554 795 ἀκούοντες,
589 733 914 804 ναυτιῶμεν,
947 735 1216 808 διακορεῖς
1243 739 1522 811 γινόμεθα.
1553 743 1619 797 Τί
1645 729 1738 798 οὖν
1765 746 1827 800 τὸ

243 812 471 900 ιιίτιονςΔ
491 815 694 900 Κακῶς
735 815 1054 900 διακείμεθα
1099 819 1197 892 τὴν
1227 820 1424 892 ψυχήν.
1455 824 1528 878 Τὸ
1557 827 1826 900 ἐπιθυμη-

241 895 394 980 ⁴τικὸν
413 897 588 969 αὐτῆς
619 897 681 980 τὸ
712 897 842 969 περὶ
867 899 1038 953 ταῦτα
1066 903 1160 955 καὶ
1184 904 1467 974 ὀρεκτικὸν
1496 895 1826 980 ἐξελύσαμεν

243 976 409 1064 ἅπαν.
430 980 533 1031 Διά
561 978 724 1064 τοῦτο
755 980 858 1033 οὐκ
887 981 1119 1054 ἔρρωται
1155 987 1292 1058 πρὸς
1323 987 1421 1061 τήν
1453 990 1552 1060 τῆς
1583 976 1826 1064 mgni“-

240 1062 401 1132 τικῆς
434 1063 642 1134 τροφῆς
674 1063 874 1134 ὄρεξιν.
925 1065 1076 1134 Μέγα
1120 1068 1176 1121 δέ
1220 1071 1314 1123 καὶ
1349 1071 1509 1126 τοῦτο
1555 1062 1824 1144 μετὰτῶν

240 1145 418 1201 ἄλλων
474 1147 788 1229 ἀρρωστίας
831 1151 1150 1221 τεκμήριον,
1203 1151 1266 1207 τὸ
1313 1156 1388 1226 μὴ
1437 1160 1648 1229 πεινῇν,
1687 1158 1823 1229 μηδὲ

239 1229 425 1301 sum,
444 1228 582 1282 ἀλλά
612 1229 956 1300 δυσαρέστως
981 1235 1120 1303 πρὸς
1143 1234 1430 1306 ἀμφότερα
1472 1239 1636 1310 ἔχειν.
1665 1228 1727 1294 Εἰ
1765 1241 1821 1295 δέ

240 1311 333 1365 ἐπὶ
368 1311 642 1382 σωμάτων
674 1311 834 1365 τοῦτο
885 1315 1179 1384 συμϐαῖνον
1197 1357 1213 1381 ,
1245 1321 1548 1390 νοσήματος
1583 1323 1818 1392 χαλεποῖ

237 1394 542 1464 τεκμήριον
583 1397 677 1448 καὶ
705 1395 1016 1466 ἀρρωστίας
1052 1401 1333 1468 ποιητικόν
1351 1419 1365 1432 ο
1410 1403 1591 1474 πολλῷ
1621 1406 1820 1475 μᾶλλον

239 1475 332 1528 ἐπὶ
355 1479 459 1546 τῆς
487 1475 687 1546 ψυχῆς.
731 1475 860 1540 Πῶς
902 1475 995 1532 οῦν
1041 1481 1211 1552 αὐτὴν
1239 1485 1695 1541 ἀναπεπτωκυῖαν
1725 1489 1821 1543 καὶ

237 1555 606 1629 ἐκλελυμένην
652 1558 967 1630 ἀναρρῶσαι
1003 1562 1376 1636 δυνησόμεθα;
1407 1567 1461 1622 τί
1508 1569 1816 1636 ποιοῦντες,

237 1641 404 1710 φησι,
435 1640 536 1694 καὶ
581 1639 637 1694 τί
668 1640 952 1710 λέγοντεςς
1009 1645 1329 1717 Ἀπτόμενοι
1357 1647 1465 1704 τῶν
1511 1648 1684 1720 λόγων
1711 1651 1819 1706 τῶν

236 1722 420 1787 θείων,
452 1725 831 1796 προφητικῶν,
850 1727 1242 1791 ἀποστολικῶν,
1278 1730 1686 1800 εὐαγγελικῶν,
1721 1736 1817 1789 καὶ

233 1805 344 1892 τῶν
372 1806 576 1892 ἀλλωνῌ
597 1809 873 1863 ἀπάντων.
907 1810 1037 1864 Τότε
1069 1813 1177 1884 γάρ
1202 1813 1481 1885 εἰσόμεθα,
1521 1818 1604 1871 ὅτι
1638 1819 1818 1892 πολλῷ

237 1889 449 1973 βέλτιον
475 1889 651 1944 ταῦτα
685 1892 947 1946 σιτεῖσθαι
964 1933 979 1957 ,
1006 1894 1040 1966 ἢ
1064 1894 1164 1960 τάς
1189 1897 1533 1970 ἀκαθάρτους
1569 1903 1777 1973 τροφάς
1789 1889 1815 1934 ὀ

235 1971 378 2026 οὕτω
405 1973 515 2042 γὰρ
547 1973 652 2045 χρὴ
684 1974 784 2038 τάς
823 1975 1084 2049 ἀκαίρους
1117 1977 1387 2052 φλυαρίας
1428 1983 1522 2036 καὶ
1566 1971 1818 2050 συνόδους

235 2055 440 2140 καλεῖν.
470 2054 540 2108 Τί
561 2056 671 2128 γάρ
693 2056 934 2127 ἄμεινον,
969 2060 1088 2113 εἰτέ
1126 2077 1238 2132 μοι,
1262 2064 1392 2134 περὶ
1418 2065 1526 2119 τῶν
1555 2067 1696 2121 κατά
1718 2069 1818 2140 τήν

232 2137 476 2222 ἀγοράν,
517 2141 648 2222 περί
678 2139 790 2194 τῶν
819 2141 876 2194 ἐν
905 2143 1014 2206 τοῖς
1042 2143 1431 2216 δικαστηρίοις,
1468 2149 1597 2222 περὶ
1624 2150 1730 2205 τῶν
1759 2137 1818 2207 έν

231 2219 309 2289 τῷ
340 2221 693 2293 στρατοπέδῳ
720 2222 1080 2293 διαλέγεσθαι,
1119 2225 1154 2298 ἢ
1185 2231 1312 2300 περὶ
1340 2229 1446 2283 τῶν
1480 2219 1555 2284 ἐν
1571 2233 1818 2304 οὐρανοῖς

233 2305 326 2358 καὶ
352 2304 484 2374 περὶ
518 2305 628 2358 τῶν
656 2305 797 2375 μετά
815 2306 913 2378 τήν
945 2307 1194 2363 ἐντεῦθεν
1224 2311 1573 2383 ἀποδημίαν;
1605 2317 1670 2370 Τί
1691 2317 1816 2387 βέλ-

230 2404 364 2452 τιον,
409 2389 542 2459 περὶ
565 2388 658 2442 τοῦ
688 2389 927 2458 γείτονος
964 2390 1146 2446 λαλεῖν
1175 2395 1270 2448 καὶ
1313 2395 1420 2448 τῶν
1451 2397 1547 2450 τοῦ
1575 2399 1817 2467 γείτονος

233 2472 602 2553 πραγμάτων,
629 2474 724 2525 καὶ
747 2472 817 2526 τά
849 2471 1102 2545 ἀλλότρια
1145 2475 1642 2550 πολυπραγμονεῖν,
1679 2483 1712 2553 ἢ
1748 2482 1816 2537 τά

230 2552 338 2606 τῶν
362 2553 616 2622 ἀγγέλων
643 2554 737 2607 καὶ
776 2555 847 2606 τά
874 2557 1006 2628 ἡμῖν
1043 2558 1228 2622 αὐτοῖς
1255 2558 1579 2632 διαφέροντα
1609 2552 1814 2635 ἀναζη-

229 2638 370 2700 τεῖν;
398 2637 483 2690 Τά
519 2637 618 2706 μὲν
642 2639 749 2710 γὰρ
782 2637 878 2692 τοῦ
909 2639 1163 2707 γείτονος,
1199 2642 1262 2697 ού
1287 2645 1504 2707 πάντως
1539 2644 1610 2698 σά
1628 2663 1642 2676 ο
1665 2645 1733 2698 τά
1759 2645 1817 2700 δὲ

228 2717 337 2772 τῶν
362 2719 638 2790 οὐρανῶν,
673 2719 761 2775 σά.
805 2721 944 2775 Ἀλλ’
975 2722 1172 2788 ἔνεστι,
1205 2725 1393 2794 φησὶν,
1421 2725 1570 2794 ἅπαξ
1593 2729 1815 2782 εἰπόντα

229 2801 425 2870 ταῦτα,
459 2803 750 2874 πληρῶσαι
783 2805 846 2859 τὸ
876 2807 1003 2863 πᾶν.
1040 2806 1106 2861 Τί
1148 2807 1206 2862 δέ
1254 2810 1383 2880 περὶ
1400 2803 1474 2862 ὧν
1503 2810 1814 2880 διαλέγεσθε

231 2885 414 2957 μάτην
455 2887 555 2939 καὶ
583 2887 727 2958 εἰκῆ,
761 2887 862 2940 οὐκ
893 2889 1119 2942 ἐννοεῖτε
1146 2889 1324 2954 τοῦτο,
1355 2890 1490 2946 ἀλλά
1515 2891 1692 2946 πάντα
1723 2893 1815 2947 τὸν

229 2966 343 3038 βίον
391 2971 477 3032 εἰς
506 2967 672 3022 τοῦτο
717 2971 1234 3036 καταναλίσκοντες,
1279 2975 1380 3046 τὴν
1427 2975 1685 3029 ὑπόθεσιν
1715 2977 1814 3048 τήν

228 3052 354 3124 περὶ
385 3051 598 3106 τούτων
633 3052 890 3108 οὐδέποτε
919 3055 1397 3127 κατεδαπανήσατε
1429 3071 1454 3099 ι
1480 3075 1495 3124 ;
1524 3060 1632 3112 Καὶ
1660 3059 1814 3114 οὐπω

225 3133 368 3202 λέγω
402 3134 476 3188 τά
521 3134 705 3207 πολλῷ
740 3135 946 3192 τούτων
997 3139 1392 3211 φορτικώτερα.
1454 3142 1518 3194 Οἰ
1559 3142 1658 3213 μὲν
1705 3142 1814 3215 γάρ

229 3218 648 3286 ἐπιεικέστεροι,
686 3216 862 3274 ταῦτα
895 3219 1029 3291 πρδς
1057 3221 1320 3293 ἀλλήλους
1355 3223 1689 3292 διαλέγονται
1713 3242 1727 3257 ο
1762 3229 1812 3280 οἰ

222 3300 280 3356 δὲ
323 3300 696 3374 ρᾳθυμότεροι
729 3304 823 3376 καὶ
855 3305 1431 3378 μᾶλλον¹ήμελημένοι,
1467 3307 1668 3378 μίμους
1719 3311 1814 3363 καὶ

223 3384 504 3455 ὀρχηστάς
551 3385 646 3438 καὶ
678 3386 926 3457 ἡνιόχους
974 3390 1032 3444 ἐν
1076 3393 1189 3453 τοῖς
1226 3390 1406 3444 αὐτῶν
1457 3394 1812 3463 περιφέρουσι

224 3466 426 3548 λόγοιῇ
455 3468 556 3540 τὴν
583 3469 752 3540 ἀκοὴν
782 3471 1123 3541 μολύνοντες,
1155 3474 1253 3544 τὴν
1271 3474 1448 3546 ψυχὴν
1469 3475 1684 3546 διαφθεί
1692 3493 1812 3548 ρον-

221 3568 338 3618 τες,
353 3541 458 3624 τπν
476 3553 640 3622 φύσιν
655 3553 1080 3625 ἐκϐακχεύοντες
1096 3541 1302 3622 τούτοις
1323 3541 1434 3624 τοῖς
1456 3541 1808 3632 διηγήμασιν,

221 3633 372 3690 ἅπαν
401 3636 607 3702 κακίας
637 3633 774 3704 εἶδος
811 3643 890 3704 εἰς
913 3642 1014 3713 τὴν
1061 3641 1266 3696 ἑαυτῶν
1299 3643 1537 3696 διάνοιαν
1565 3643 1649 3696 διὰ
1679 3643 1811 3696 ταύ-

221 3735 324 3791 της
352 3721 671 3788 εἰσάγοντες
688 3721 786 3792 τῆς
807 3721 1111 3789 διαλέξεως.
1141 3725 1208 3778 Ἀ
1217 3743 1292 3794 μα
1321 3725 1430 3797 γάρ
1455 3725 1753 3794 ἐφθέγξατο
1775 3727 1810 3796 ή

339 3811 422 3862 Sic
443 3810 623 3874 Savil.,
645 3813 1013 3864 Ἀθηιπούτων
1035 3817 1168 3865 οὔπω
1191 3819 1272 3866 καὶ
1292 3816 1373 3866 νῦν
1395 3818 1560 3866 κατεδ.

1269 365 1338 422 IN
1373 365 1690 424 JOANNEM
1725 369 1957 429 HOMIL.
2001 374 2142 433 XIX.
2183 377 2254 434 al.
2293 377 2482 439 XVIII.

3403 393 3506 448 120

1926 503 2140 572 γλῶττα
2171 506 2266 561 ⁴ιηοῦ
2292 509 2620 580 ὀρχουμένου
2646 511 2706 563 τὸ
2728 511 2898 580 ὄνομα
2918 551 2931 574 ,
2964 512 3057 565 καὶ
3086 511 3287 575 εὐθέως
3315 512 3506 566 ἀνετύ-

1924 601 2108 642 πωσεν
2133 591 2167 661 ή
2193 589 2339 662 ψυχὴ
2368 593 2466 663 τὴν
2486 593 2630 662 ὄψιν,
2659 594 2762 664 τὴν
2791 594 2966 666 κόμην
2990 635 3004 658 ,
3032 595 3129 666 τὴν
3165 595 3369 666 ἐσθῆτα
3405 597 3504 666 τὴν

1925 669 2154 742 ἁπαλὴν,
2210 673 2372 727 αὐτὸν
2414 677 2620 730 ἐκεῖνον
2663 677 2870 730 τούτων
2916 677 3304 749 μαλακώτερον
3351 678 3498 734 ὄντα.

1925 751 2052 806 Ἐτε
2061 767 2148 824 ρος
2175 755 2336 810 πάλιν
2358 757 2445 811 ἐτέ
2455 758 2624 830 ρωθεν
2645 759 2960 830 ἀνερῤίπισε
2980 761 3077 830 τήν
3096 762 3290 831 φλόγα,
3313 765 3501 831 γυναῖ-⁸

1923 853 1996 890 κα
2041 835 2089 911 [Ι
2101 837 2189 911 10]
2213 840 2417 912 πόρνην
2439 843 2518 906 εἰς
2531 842 2630 915 τὴν
2641 841 2876 909 διάλεξιν
2899 843 3227 912 εἰσαγαγὼν.
3241 843 3501 916 κάκείνης

1921 919 1989 973 τά
2027 921 2264 992 ῥήματα,
2293 921 2364 976 τά
2393 925 2668 995 σχήματα,
2698 926 2808 980 τῶν
2841 927 3102 997 ὀμμάτων
3134 927 3232 990 τάς
3254 926 3500 1000 διαστρο-

1922 1001 2051 1070 φάς,
2085 1004 2185 1072 τῆς
2213 1004 2388 1075 ὅψεως
2407 1007 2467 1060 τὺ
2501 1009 2687 1077 ὑγρὸν,
2715 1008 2825 1061 τῶν
2852 1009 3054 1080 τριχῶν
3088 1009 3186 1073 τάς
3228 1008 3498 1081 στρεϐλώ-

1923 1101 2056 1164 σεις,
2088 1085 2198 1139 τῶν
2227 1089 2468 1158 παρειῶν
2496 1090 2564 1143 τά
2590 1089 2964 1162 ἐπιτρίμματα
2985 1131 3000 1152 ,
3029 1091 3126 1156 τὰς
3153 1091 3496 1164 ὑπογραφάς.

1920 1161 2069 1237 Ἀρα
2095 1169 2196 1223 οὐκ
2241 1169 2472 1226 ἐπάθετέ
2506 1189 2559 1226 τι
2596 1174 2690 1227 καὶ
2722 1161 2856 1243 ἐμοῦ
2899 1171 3073 1228 ταῦτα
3109 1161 3496 1246 διηγουμένους

1935 1248 2094 1302 ’Δλλά
2125 1250 2200 1322 μὴ
2231 1254 2576 1325 αἰσχυνθῆτε,
2614 1255 2747 1326 μηδέ
2777 1255 3139 1327 ἐρυθριάσητε
3159 1273 3174 1287 ·
3197 1259 3230 1327 ἡ
3264 1257 3372 1328 γάρ
3399 1256 3501 1327 τῆς

1921 1330 2136 1399 φύσεως
2179 1337 2394 1410 ἀνάγκη
2430 1337 2586 1392 τοῦτο
2622 1339 2876 1400 ἀπαιτεῖ,
2909 1340 3004 1392 καὶ
3051 1339 3194 1392 οὕτω
3229 1339 3497 1409 διατίθησι

1929 1413 2018 1485 τὴν
2067 1415 2268 1488 ψυχὴν,
2316 1419 2391 1484 ὡς
2419 1420 2485 1473 ἂν
2529 1421 2562 1492 ή
2613 1420 2722 1473 τῶν
2753 1420 3246 1492 ἀπαγγελλομένων
3270 1421 3498 1489 δύναμις

1919 1497 2039 1570 ἔχῃ.
2073 1499 2134 1552 Εἰ
2155 1501 2211 1554 δὲ
2231 1501 2366 1572 ἐμοῦ
2392 1502 2788 1574 φθεγγομένου,
2811 1502 2935 1556 εἰδὲ
2959 1505 3016 1556 ἐν
3048 1503 3310 1574 ἐκκλησία
3332 1503 3501 1557 ἑστῶ-

1917 1594 2028 1644 τες,
2063 1583 2110 1635 εἰ
2161 1583 2217 1637 δὲ
2255 1585 2476 1638 ἐκείνων
2507 1587 2805 1656 ἀπέχοντες
2851 1585 3081 1640 ἐπάθετέ
3125 1603 3177 1640 τι
3221 1587 3358 1658 πρὸς
3397 1587 3499 1656 τὴν

1919 1660 2205 1732 ἀκρόασιν·
2231 1666 2482 1738 ἐννόησον
2511 1667 2629 1730 πῶς
2661 1667 2806 1732 εἰκὸς
2837 1666 3136 1722 διακεῖσθαι
3165 1669 3289 1733 τοὺς
3312 1671 3371 1722 ἐν
3398 1669 3500 1723 αὐ-

1919 1742 1998 1814 τῷ
2021 1744 2098 1816 τῷ
2123 1747 2337 1821 θεάτρῳ
2362 1748 2732 1822 καθημένους,
2762 1751 2890 1815 τούς
2920 1749 3106 1805 ἄδειαν
3129 1751 3329 1823 πολλὴν
3348 1751 3500 1822 έχον-

1918 1843 2038 1892 τας,
2064 1829 2190 1894 τοὺς
2216 1832 2372 1896 ἐκτὸς
2402 1833 2498 1886 τοῦ
2535 1831 2732 1905 σεμνοῦ
2760 1833 2950 1888 τούτου
2979 1835 3073 1888 καὶ
3103 1833 3332 1906 φρικτοῦ
3369 1851 3496 1890 συν-

1919 1908 2096 1981 εδρίου
2115 1953 2131 1978 ,
2163 1913 2288 1977 τοῦς
2320 1914 2459 1986 μετά
2489 1915 2689 1988 πολλῆς
2719 1915 3103 1987 ἀναισχυντίας
3135 1917 3228 1970 καὶ
3254 1917 3496 1988 ὁρῶντας

1919 1993 2104 2048 ἐκεῖνα
2133 1995 2229 2048 καὶ
2254 1996 2574 2062 ἀκούοντας.
2592 1996 2705 2052 Καὶ
2725 1997 2779 2050 τί
2794 1998 3015 2069 δήποτε.
3035 2001 3256 2070 φήσειεν
3279 1998 3494 2064 ἀνίσως

1917 2093 2002 2140 τις
2017 2077 2124 2130 τῶν
2153 2080 2212 2132 οὐ
2239 2081 2630 2152 προσεχόντων,
2661 2081 2710 2136 εἰ
2743 2082 2843 2153 τῆς
2867 2081 3081 2152 φύσεως
3103 2085 3136 2153 ή
3165 2082 3380 2154 ἀνάγκη
3397 2083 3495 2156 τὴν

1917 2159 2095 2230 ψυχὴν
2133 2161 2274 2217 οὕτω
2317 2164 2647 2235 διατίθησιν,
2695 2165 2912 2236 ἐκείνην
2941 2165 3119 2234 ἀφεὶς,
3160 2168 3291 2237 ήμῖν
3329 2168 3496 2236 ἐγκα-

1917 2242 2028 2307 λεῖς
2057 2244 2085 2284 δ
2109 2261 2123 2308 ;
2164 2247 2284 2299 Ὀτι
2311 2245 2374 2299 τὸ
2405 2247 2534 2317 μὲν,
2557 2247 2822 2302 ἀκούοντα
2847 2247 3070 2303 τοιαῦτα
3091 2248 3455 2317 μαλάττεσθαι
3475 2290 3493 2311 .

1917 2328 2014 2400 τῆς
2041 2330 2258 2398 φύσεως
2306 2331 2466 2404 ἔργον
2490 2350 2504 2365 ο
2555 2333 2618 2388 τὸ
2643 2334 2702 2388 δέ
2746 2335 2972 2390 τοιαῦτα
3009 2336 3246 2397 ἀκούειν,
3274 2338 3372 2391 οὐκ
3414 2336 3496 2392 ἔτι

1916 2411 2018 2480 τῆς
2065 2414 2314 2482 φύσεως,
2375 2415 2511 2470 ἀλλά
2565 2417 2664 2487 τῆς
2741 2417 3114 2489 προαιρέσεως
3168 2418 3492 2490 ἁμάρτημα.

1931 2495 2082 2549 Ἐπεὶ
2103 2498 2196 2550 καὶ
2219 2497 2310 2550 τὸν
2335 2498 2625 2568 ὁμιλοῦντα
2658 2503 2812 2572 πυρὶ,
2836 2501 3243 2574 διαφθείρεσθαι
3267 2502 3366 2562 δεῖ.
3403 2505 3496 2558 καὶ

1915 2577 2126 2650 τοῦτοή
2154 2581 2254 2650 τῆς
2287 2579 2500 2649 φύσεως
2531 2582 2785 2636 ἀσθένεια
2823 2583 3100 2654 βούλεταιο
3141 2584 3255 2638 ἀλλ’
3284 2584 3383 2639 ούκ
3415 2585 3494 2640 ἔτι

1918 2663 2014 2716 καὶ
2040 2664 2174 2734 προς
2199 2663 2261 2716 τὸ
2287 2663 2398 2734 πῦρ
2417 2665 2564 2740 ἡμᾶς
2589 2666 2682 2718 καὶ
2705 2665 2804 2736 τὴν
2819 2666 3026 2720 ἐκεῖθεν
3051 2667 3174 2735 ἄγει
3198 2667 3496 2740 διαφθορὰν

1915 2748 1948 2818 ἡ
1981 2746 2139 2816 φύσις
2161 2763 2173 2776 ³
2207 2747 2366 2802 τοῦτο
2414 2749 2524 2819 γὰρ
2559 2748 2662 2819 τῆς
2693 2749 2834 2804 κατὰ
2865 2751 3184 2822 προαίρεσιν
3223 2753 3390 2824 μόνης
3427 2751 3496 2808 ἂν

1916 2834 2000 2903 εἰη
2034 2831 2384 2902 διαστροφῆς.
2422 2833 2593 2887 Τοῦτο
2624 2827 2719 2888 οῦν
2753 2833 2964 2888 ἀνελεῖν
2994 2833 3132 2900 ἀξιῶ
3159 2837 3250 2888 καὶ
3268 2833 3496 2908 διορθῶ-

1917 2933 2028 2979 σαι,
2052 2915 2192 2970 ῶστε
2231 2918 2306 2990 μὴ
2327 2918 2549 2982 ἐκόντας
2582 2919 2806 2982 ἐαυτοὺς
2827 2917 3292 2990 κατακρημνίζειν
3310 2957 3326 2982 ,
3361 2918 3496 2990 μηδὲ

1917 3000 2054 3073 πρὸς
2075 2999 2142 3052 τὰ
2165 2999 2412 3072 βάραθρα
2448 2999 2547 3070 τῆς
2570 3000 2768 3064 κακίας
2791 3000 2972 3066 ὠθεῖν,
3007 3000 3143 3072 μηδέ
3175 3003 3496 3072 αὐτομάτως

1917 3082 2131 3154 τρέχειν
2177 3084 2269 3136 ἐπὶ
2299 3083 2396 3155 τὴν
2425 3083 2602 3156 πυράν
2622 3099 2636 3114 ·
2675 3083 2762 3138 ἵνα
2806 3085 2879 3158 μὴ
2915 3085 3010 3140 καὶ
3057 3089 3126 3157 τῇ
3159 3085 3236 3158 τῷ
3266 3085 3497 3158 διαϐόλῳ

1919 3166 2403 3238 κατεσκευασμένῃ
2459 3167 2620 3236 φλογί
2670 3169 3104 3240 καταστήσωμεν
3161 3167 3496 3234 ὑπευθύνους

1919 3247 2162 3312 ἑαυτούς.
2187 3249 2401 3304 Γένοιτο
2427 3249 2484 3303 δέ
2513 3251 2722 3314 πάντας
2750 3253 2919 3322 ήμᾶς,
2954 3253 3050 3305 καὶ
3074 3251 3280 3324 ταύτης
3305 3251 3497 3306 κάκεί-

1919 3348 2016 3401 νης
2043 3330 2476 3400 ἀπαλλαγέντας,
2510 3331 2647 3403 πρὸς
2677 3333 2875 3396 αὐτοὺς
2913 3332 3006 3387 τοῦ
3047 3333 3296 3406 Ἀϐραὰμ
3318 3337 3498 3406 χωρή·-

1923 3431 2012 3468 σαι
2042 3415 2170 3478 τούς
2191 3415 2446 3479 κόλπους,
2467 3415 2650 3486 χάριτι
2674 3416 2768 3469 καὶ
2784 3415 3158 3489 φιλανθρωπίᾳ
3177 3419 3270 3472 τοῦ
3291 3420 3496 3488 Κυρίου

1917 3499 2078 3568 ήμῶν
2112 3498 2287 3568 Ἰησοῦ
2319 3496 2577 3568 Χριστοῦ,
2607 3497 2726 3568 μεθ’
2752 3493 2814 3552 οῦ
2838 3498 2916 3568 τῷ
2936 3500 3108 3570 Πατρὶ
3137 3501 3169 3568 ή
3206 3499 3352 3566 δόξα,
3381 3501 3499 3570 ἃμα

1917 3581 1996 3650 τῲ
2023 3578 2165 3650 ἀγίῳ
2217 3579 2520 3650 Πνεύματι,
2572 3581 2649 3642 εἰς
2685 3579 2811 3644 τοὺς
2859 3579 3062 3644 αἰῶνας
3115 3581 3223 3635 τῶν
3262 3582 3492 3637 αἰώνων.

1931 3663 2124 3734 Ἀμήν.

1981 3818 2008 3858 ιι
2031 3815 2235 3877 Quidam
2251 3815 2364 3878 ἡμῖν
2381 3815 2614 3878 ἐγκαλοῖς.
2637 3807 2642 3812 ’

2997 3921 3480 3939 ³-*

1669 3977 1916 4035 ΟΜΙΛΙΛ
1947 3977 2054 4031 ἴθ’.

225 4069 516 4135 Εἰορίσκει
554 4067 711 4124 οὕτω
754 4068 983 4136 πρῶτος
1030 4071 1139 4123 τὸν
1181 4068 1452 4136 ἀδελφὸν
1493 4067 1603 4122 τὸν
1651 4069 1809 4124 ἴδιον

292 4139 574 4206 Σίμωνα,
640 4139 742 4192 καί
782 4139 946 4206 λέγει
1003 4139 1198 4204 αὐτῷ·
1240 4159 1258 4190 ι
1305 4138 1660 4206 Εὑρήκαμεν
1701 4139 1812 4192 τὸν

293 4209 601 4272 Μεσσίαν,
632 4227 651 4260 ι
684 4209 718 4261 ὅ
747 4209 876 4261 ἐστι
903 4210 1494 4277 μεθερμηνευόμενον
1517 4209 1805 4276 Χριστός⁶

291 4279 392 4332 καί
422 4277 654 4348 ἤγαγεν
685 4279 874 4332 αὑτὸν
897 4279 1046 4346 πρὸς
1079 4279 1186 4331 τὸν
1217 4278 1480 4346 Ἰησοῦν.

289 4399 438 4454 αὀὍ
464 4399 600 4462 Θεὸς
623 4399 775 4470 παρὰ
803 4397 899 4468 τὴν
927 4399 1100 4470 ἀρχὴν
1123 4402 1352 4472 ποιήσας
1384 4401 1473 4454 τὸν
1499 4400 1807 4472 ἄνθρωπον,

224 4481 326 4536 οὐκ
352 4482 574 4552 ἀφῆκεν
603 4477 744 4535 εἶναι
777 4481 966 4552 μόνον,
1021 4483 1136 4536 ἀλλ’
1183 4483 1382 4538 ἔδωκεν
1432 4483 1582 4556 αὐτῷ
1615 4483 1809 4555 βοηθὸν

221 4564 323 4634 τὴν
349 4569 612 4634 γυναῖκα,
647 4564 741 4618 καὶ
773 4567 1041 4618 συνοικεῖν
1072 4567 1356 4636 ἐποίησεν,
1389 4565 1544 4630 εἰδὼς
1575 4567 1682 4621 ἀπὸ
1709 4566 1810 4637 τῆς

222 4649 522 4717 συσκηνίας
547 4646 756 4718 ταύτης
783 4647 915 4701 πολύ
949 4648 1008 4701 τὸ
1033 4649 1218 4719 κέρδος
1238 4650 1513 4720 ἐσόμενον.
1542 4649 1606 4702 Τί
1629 4649 1736 4722 γὰρ
1758 4651 1808 4703 εἰ

224 4731 299 4800 μὴ
321 4732 460 4802 πρὸς
483 4731 548 4784 τὸ
565 4729 686 4784 δέον
705 4731 972 4802 ἐχρήσατο
994 4733 1061 4802 τῇ
1083 4731 1370 4804 εὐεργεσίᾳ
1390 4731 1563 4806 ταύτῃ
1587 4733 1806 4804 ήγυνή;

220 4813 360 4867 Ἀλλ’
384 4815 542 4886 ὅμως
567 4813 620 4866 εί
645 4813 740 4866 τοῦ
763 4813 1088 4884 πράγματος
1115 4813 1280 4867 αὐτοῦ
1301 4813 1398 4886 τὴν
1426 4815 1587 4883 φύσιν
1612 4832 1694 4878 τις
1717 4831 1812 4869 κα·

217 4896 477 4967 ταμάθοι,
507 4895 714 4966 πολὶὴν
743 4895 851 4949 ἀπὸ
877 4895 974 4966 τῆς
1003 4896 1367 4966 συνοικήσεως
1391 4896 1595 4968 ταύτης
1619 4897 1808 4966 ὄψεται

219 4977 319 5050 τὴν
347 4977 628 5048 ὠφέλειαν
651 4978 746 5031 ἐπὶ
787 4977 898 5031 τῶν
928 4977 1054 5031 νοῦν
1091 4979 1322 5047 ἐχόντων
1359 4980 1670 5050 γινομένην.
1695 4980 1810 5034 Οὐκ

223 5060 314 5114 ἐπὶ
343 5061 610 5129 γυναικὸς
648 5059 707 5112 δὲ
734 5059 893 5130 μόνον
922 5061 1016 5114 καὶ
1045 5060 1258 5132 ἀνδρὸς,
1290 5061 1426 5114 ἀλλά
1460 5061 1563 5116 κᾶν
1593 5060 1812 5131 ἀδελφοὶ

219 5141 374 5198 τοῦτο
399 5143 626 5206 ποιῶσι,
661 5145 758 5198 καὶ
796 5143 952 5196 αὐτοὶ
986 5143 1086 5212 τῆς
1120 5145 1438 5214 εὐεργεσίας
1473 5143 1805 5198 ἀπολαύσον-

219 5240 330 5282 ται.
358 5228 453 5281 Διὸ
477 5226 578 5281 καὶ
601 5228 632 5279 ό
659 5227 956 5298 Προφήτης
981 5226 1135 5294 ἔλεγε
1154 5243 1170 5256 ο
1206 5227 1268 5280 Τί
1302 5227 1494 5281 καλὸν
1533 5227 1570 5293 ἣ
1593 5226 1651 5279 τί
1685 5243 1812 5294 τερ-

220 5309 388 5374 πτὸν,
413 5310 559 5366 ἀλλ’
586 5310 628 5379 ἣ
661 5309 729 5363 τὸ
754 5310 1051 5364 κατοικεῖν
1070 5309 1372 5380 ἀδελφοὺς
1399 5311 1497 5362 ἐπὶ
1524 5310 1589 5362 τὸ
1623 5311 1771 5363 αὑτό
1791 5325 1810 5373 ;

219 5391 375 5445 Καὶό
412 5391 572 5466 [ιιι]
630 5390 845 5456 Παῦλος
890 5393 1120 5464 παρῄνει
1154 5393 1230 5464 μὴ
1281 5394 1664 5462 ἐγκαταλιπεῖν
1710 5393 1811 5462 τὴν

218 5473 644 5548 ἐπισυναγωγὴν
688 5475 787 5548 τὴν
836 5477 1064 5530 ἑαυτῶν.
1087 5478 1196 5530 Καὶ
1239 5477 1348 5548 γὰρ
1397 5477 1552 5531 τοῦτό
1585 5479 1732 5530 ἐστιν
1767 5470 1812 5544 ᾧ

215 5557 327 5612 τῶν
353 5559 565 5632 θηρίων
594 5559 984 5630 διεστήκαμεν.
1023 5560 1119 5612 Διά
1149 5559 1307 5613 τοῦτο
1334 5560 1427 5614 καὶ
1466 5561 1647 5624 πόλεις
1673 5562 1812 5614 ἐδει-

221 5641 441 5711 μ-ἇμεθα
462 5683 478 5707 ,
507 5643 608 5696 καὶ
648 5642 854 5711 ἀγορὰς
899 5643 994 5696 καὶ
1037 5644 1234 5708 οἰκίας,
1275 5644 1364 5698 ἵνα
1399 5643 1535 5714 ὁμοῦ
1568 5646 1662 5698 καὶ
1693 5645 1808 5714 μετ’

218 5725 463 5796 ἀλλήλων
495 5721 678 5798 ὦμεν,
711 5727 772 5778 οὐ
801 5727 940 5779 κατά
961 5727 1058 5797 τὴν
1087 5730 1298 5800 οἴκησιν
1329 5730 1509 5798 μόνον,
1552 5729 1685 5782 ἀλλὰ
1715 5731 1806 5780 καὶ

217 5811 359 5864 κατὰ
381 5813 480 5864 τὸν
499 5816 603 5883 τῆς
640 5811 866 5878 ἀγάπης
897 5811 1205 5884 σύνδεσμον.
1245 5813 1460 5884 Ἐπειδὴ
1491 5813 1598 5884 γὰρ
1622 5813 1806 5882 ἐνδεὴς

215 5893 350 5962 ήμῖν
380 5897 416 5966 ή
445 5893 616 5964 φύσις
641 5891 798 5962 παρά
817 5892 910 5945 τοῦ
934 5899 1287 5967 πεποιηκότος
1314 5897 1550 5964 ἐγένετο,
1585 5897 1678 5949 καὶ
1709 5896 1808 5948 οὐκ

217 5978 506 6050 α’)τάρκης
553 5977 710 6031 ἐστὶν
755 5977 950 6046 ἑαυτῇ,
991 5983 1364 6052 συμφερόντως
1396 5981 1740 6051 σξαονόμησεν
1783 5982 1810 6031 ὁ

1911 4067 2046 4130 Θεὸς
2073 4065 2174 4135 τὴν
2215 4065 2469 4120 ἐντεῦθεν
2499 4067 2708 4121 ἔνδειαν
2739 4065 2924 4119 λοιπὸν
2972 4067 3038 4119 ἐκ
3082 4067 3182 4134 τῆς
3209 4066 3349 4118 κατά
3397 4067 3498 4136 τὴν

1913 4148 2132 4202 σύνοδον
2164 4148 2296 4218 παρ’
2334 4148 2579 4219 ἀλλήλων
2622 4147 2914 4218 γινομένης
2957 4147 3223 4215 ὡφελείας
3271 4147 3496 4216 διορθω-

1912 4229 2090 4302 θῆναι.
2127 4229 2226 4282 Διά
2258 4229 2418 4283 τοῦτο
2443 4231 2620 4298 γάμος
2647 4231 3012 4299 οἰκονομεῖται
3040 4239 3090 4290 ι,
3125 4227 3263 4281 ὥστε
3297 4229 3356 4282 τὺ
3383 4229 3494 4284 λεῖο

1912 4331 2012 4368 πον
2053 4313 2224 4384 ἑτέρῳ
2259 4313 2390 4384 παρ’
2432 4313 2618 4384 ἐτέρου
2659 4311 2998 4385 πληροῦσθαι
3021 4351 3036 4377 ,
3074 4313 3168 4364 καὶ
3209 4311 3306 4382 τήν
3340 4313 3496 4384 ἐνδεῆ

1909 4395 2160 4458 γενέσθαι
2192 4393 2367 4459 οὕτως
2395 4395 2664 4464 αὐτάρκη,
2691 4393 2767 4458 ὡς
2788 4393 2956 4464 αὐτὴν
2983 4393 3128 4464 ἔχειν
3159 4393 3253 4447 καὶ
3297 4393 3496 4465 θνητήν

1911 4476 2233 4548 γενομένην,
2267 4479 2333 4548 τῇ
2383 4476 2602 4549 διαδοχῇ
2641 4477 2802 4548 μέχρι
2833 4475 3030 4529 πολλοῦ
3059 4476 3160 4546 τὴν
3199 4475 3496 4530 ἀθανασίαν

1909 4561 2204 4632 διατηρεῖν.
2240 4560 2348 4614 Καὶ
2373 4555 2440 4632 ἦν
2471 4560 2570 4632 μὲν
2613 4560 2946 4632 μακρότερον
2986 4557 3295 4624 ἐπεξελθεῖν
3323 4559 3496 4632 τούτῳ

1908 4643 1988 4714 τῷ
2005 4643 2169 4713 λόγῳ,
2199 4643 2482 4697 δεικνύντα
2511 4643 2609 4697 ὅσα
2639 4643 2745 4696 ἀπὸ
2773 4641 2872 4713 τῆς
2900 4641 3036 4714 πρὸς
3081 4641 3346 4713 ἀλλήλους
3369 4659 3494 4695 συν-

1911 4727 2032 4782 όδου
2047 4727 2148 4796 τῆς
2169 4727 2400 4798 γνησίας
2427 4727 2522 4780 καὶ
2550 4727 2874 4798 εἰλικρινοῦς
2894 4727 2961 4780 τά
2986 4725 3150 4797 κέρδη
3173 4728 3285 4789 τοῖς
3313 4743 3494 4797 συνερ-

1911 4811 2160 4881 χομένοις
2185 4810 2429 4879 γίνεται·
2459 4809 2573 4864 ἀλλ’
2595 4810 2778 4880 ἕτερόν
2800 4811 2916 4862 ἐστι
2944 4809 3005 4863 τὸ
3024 4813 3347 4876 κατεπεῖγον
3377 4809 3492 4871 νῦν,

1910 4889 1971 4948 οῦ
1995 4894 2061 4964 δὴ
2083 4896 2175 4946 καὶ
2196 4894 2382 4947 ἕνεκεν
2403 4895 2536 4964 ήμίν
2558 4891 2729 4947 ταῦτα
2751 4893 2984 4964 εἴρηται.
3024 4893 3083 4946 '0
3104 4891 3212 4962 γάρ
3245 4893 3494 4962 Ἀνδρέας

1915 4976 2104 5047 μείνας
2137 4976 2288 5046 παρά
2312 4974 2389 5045 τῷ
2431 4975 2630 5045 Ἰησοῦ,
2661 4977 2754 5028 καὶ
2790 4972 2978 5046 μαθὼν
3009 4975 3152 5044 ἅπερ
3181 4973 3400 5043 ἔμαθεν,
3431 4975 3492 5026 ού

1913 5059 2146 5128 κατέσχε
2195 5059 2325 5129 παρ’
2370 5057 2550 5129 ἐαυτῷ
2594 5059 2685 5112 τὸν
2717 5058 3021 5129 θησαυρὸν,
3063 5057 3178 5112 ἀλλ’
3215 5057 3492 5124 ἐπείγεται

1912 5141 2006 5194 καί
2051 5141 2232 5212 τρέχει
2277 5140 2489 5210 ταχέως
2521 5142 2674 5212 παρά
2730 5142 2822 5194 τὸν
2877 5139 3126 5209 ἀδελφὸν,
3173 5136 3493 5209 μεταδώσων

1913 5221 2061 5292 αὐτῷ
2085 5222 2193 5274 τῶν
2226 5223 2448 5290 ἀγαθῶν
2473 5218 2548 5277 ὧν
2576 5223 2788 5294 εἰλήφει
2818 5223 2866 5276 δ.
2904 5223 3061 5284 Τίνος
3091 5219 3146 5272 δέ
3179 5219 3362 5270 ἕνεκεν
3393 5219 3494 5272 οὐκ

1914 5301 2065 5357 εἶπεν
2091 5306 2119 5357 ό
2154 5305 2404 5377 Ἰωάννης
2428 5345 2443 5371 ,
2473 5305 2595 5359 τίνα
2624 5307 2770 5359 ἐστὶν
2799 5305 2834 5358 ἃ
2859 5301 3104 5372 διελέχθη
3133 5300 3270 5370 πρὸς
3296 5300 3491 5362 αὐτοὺς

1913 5389 1940 5440 ὁ
1965 5389 2236 5460 Χριστός;
2285 5389 2446 5444 πόθεν
2490 5389 2547 5442 δὲ
2592 5389 2685 5442 καὶ
2724 5385 2880 5456 δῆλόν
2914 5387 3060 5436 ἐστιν
3091 5383 3174 5436 ὃτι
3214 5383 3300 5435 διά
3338 5382 3494 5436 τοῦτο

1915 5470 2134 5539 ἔμειναν
2169 5474 2297 5542 παρ’
2337 5471 2522 5542 αύτῷς
2566 5468 2881 5538 Ἀπεδείχθη
2913 5467 3012 5537 μὲν
3040 5467 3170 5536 ἡμῖν
3208 5465 3362 5518 τοῦτο
3401 5467 3494 5517 καὶ

1915 5553 2106 5622 πρώην
2129 5570 2142 5583 ·
2177 5551 2351 5617 ἔξεστι
2372 5555 2426 5608 δὲ
2453 5556 2545 5606 καὶ
2571 5557 2634 5606 ἐκ
2651 5551 2758 5604 τῶν
2779 5552 3018 5620 τήμερον
3039 5549 3493 5617 ἀναγνωσθέντων

1919 5636 2126 5704 μαθεῖν.
2160 5637 2302 5706 Ὅρα
2335 5639 2443 5708 γὰρ
2471 5639 2522 5690 τί
2546 5652 2708 5706 φησιν
2730 5628 2881 5697 οὗτος
2922 5633 3058 5705 πρὸς
3089 5633 3179 5686 τὸν
3227 5632 3450 5700 ἀδελφόν
3476 5645 3488 5656 ’

1908 5721 2024 5786 EO;
2039 5719 2261 5786 ﬁngar
2282 5722 2383 5773 τόν
2398 5723 2698 5784 Μεσσίαν,
2723 5721 2789 5789 ὃς
2811 5723 3194 5792 ἑρμηνεύεται
3215 5721 3486 5787 Χριστός.

1978 5870 2002 5896 ⁸
2041 5868 2090 5914 In
2149 5867 2296 5916 εει-ιι.
2347 5873 2398 5916 cl
2438 5867 2722 5930 quibusdam
2763 5883 2874 5916 mss.
2907 5868 3026 5930 han),
3053 5869 3128 5913 asa
3173 5865 3490 5930 to§?0__‘fd!!'f<

1917 5931 2248 5985 οἰκονομεῖται,
2273 5926 2468 5976 dmum.-
2533 5930 2668 5978 δΛΙίὶ
2699 5932 2978 5989 uersa-6:21.
3008 5929 3156 5974 I'uum
3182 5933 3288 5992 [mil
3315 5926 3480 5992 Μητρὶ.

1919 5992 2135 6054 Raetos;
2182 5993 2281 6037 ἐεκοῗ
2303 5995 2586 6047 ο·.θήοτο.νῖα;
2610 5986 2771 6044 εὐθέως
2798 6007 2820 6032 ἰ
2832 6008 2873 6036 αι
2903 5991 3140 6047 μένα-ατη
3166 5986 3270 6044 παρ’
3295 5987 3441 6042 9-9"?-
