4068 6136
273 248 360 302 iii

265 360 380 416 ideo
400 357 542 429 apud
558 356 710 413 illum
732 355 996 414 mansisse
1012 354 1057 408 ‘?
1078 352 1134 409 Id
1158 368 1326 423 nuper
1353 370 1380 408 a
1397 353 1551 408 nobis
1571 360 1846 408 ostensum

261 462 383 507 est:
415 452 648 520 licetque
676 448 842 504 etiam
878 461 946 502 ex
984 445 1048 501 iis
1084 461 1203 515 quae
1246 444 1404 500 hodie
1446 444 1583 499 lecta
1631 451 1754 498 sunt
1795 443 1848 499 id

260 542 527 596 ediscere.
555 538 936 594 Animadverte
968 537 1111 592 enim
1139 536 1265 606 quid
1311 535 1396 590 hic
1421 534 1568 590 fratri
1594 551 1693 590 suo
1708 535 1852 590 dixe-

257 636 326 688 rit
350 652 364 687 :
404 631 696 686 Invenimus
722 630 981 693 Messium,
1009 627 1144 700 quod
1172 630 1552 699 interpretatum
1605 636 1678 682 est
1704 626 1850 683 Citri-

259 734 382 780 stus.
419 723 609 778 Viden‘
634 737 740 792 quo
764 731 920 792 pacto
940 736 1058 790 qua:
1093 720 1241 775 brevi
1284 729 1526 790 tempore
1551 718 1806 774 didicerat
1831 759 1846 784 ,

260 815 381 869 hinc
398 813 687 868 ostendat?
714 812 848 867 Nam
870 822 923 867 et
943 811 1176 882 Magistri
1205 811 1454 865 virtutem
1472 809 1728 874 declarat,
1757 808 1847 880 qui

259 907 357 960 hoc
376 906 509 975 ipsis
533 904 785 971 suaserit,
811 913 864 959 et
885 904 1118 973 ipsorum
1136 903 1370 958 studium
1388 902 1843 972 diligentiamque,

256 1000 343 1070 qui
367 998 485 1051 hzrc
501 998 613 1068 jam
636 1012 664 1050 a
693 995 955 1065 principio
977 1003 1246 1048 curarent.
1273 993 1383 1048 Iloc
1405 993 1602 1064 quippe
1624 994 1842 1048 verbum

255 1102 336 1146 est
365 1091 566 1144 animai
605 1089 890 1143 adventum
925 1089 1042 1158 ejus
1083 1102 1288 1141 summe
1325 1086 1676 1141 desiderantis
1701 1095 1754 1141 et
1778 1085 1845 1140 de

254 1182 389 1236 czclo
415 1190 702 1236 venturum
728 1181 1084 1250 exspectantis
1109 1221 1125 1246 ,
1157 1180 1454 1250 gaudiuque
1483 1180 1800 1234 exsultantis
1827 1222 1840 1244 ,

256 1281 541 1342 postquam
589 1270 873 1341 apparuit,
917 1277 1076 1339 atque
1119 1268 1420 1325 festinantis
1474 1277 1675 1324 tantam
1726 1285 1840 1324 rem

256 1364 465 1420 ceteris
504 1364 775 1418 nuntiare.
808 1362 920 1416 Iloc
968 1361 1216 1416 fraterna:
1261 1370 1376 1417 erat
1417 1362 1800 1418 benevolentize
1824 1405 1839 1430 ,

255 1457 440 1512 amice
467 1455 804 1525 cognationis
824 1495 839 1519 ,
870 1454 1062 1508 sinceri
1093 1453 1313 1509 affectus
1334 1494 1347 1517 ,
1383 1453 1434 1507 in
1481 1455 1843 1523 Spiritualibus

254 1563 470 1602 manum
498 1555 686 1601 mutuo
714 1545 1005 1615 porrigere.
1049 1544 1185 1598 Audi
1214 1552 1393 1599 autem
1438 1544 1584 1598 illum
1610 1559 1729 1598 cum
1758 1559 1843 1596 ar-

257 1641 396 1694 ticuli
426 1638 706 1693 additione
739 1637 1064 1707 loquentem.
1094 1634 1208 1689 Non
1240 1635 1382 1690 enim
1409 1635 1720 1705 simpliciter
1752 1636 1837 1690 di-

255 1731 366 1791 xit,
406 1729 659 1783 Messiam
686 1769 701 1794 ,
741 1727 835 1781 sed
862 1767 875 1789 ,
913 1725 1158 1781 Messium
1207 1725 1374 1780 illum.
1419 1725 1509 1781 Sic
1557 1725 1840 1797 quemdam

254 1821 528 1875 Christum
555 1818 956 1888 exspectabant,
985 1817 1072 1886 qui
1102 1817 1232 1871 nihil
1263 1831 1548 1872 commune
1568 1831 1689 1872 cum
1721 1817 1840 1871 aliis

256 1911 496 1965 haberet.
527 1909 907 1964 Animadverte
929 1917 1104 1962 autem
1132 1950 1146 1972 ,
1177 1907 1260 1962 vel
1285 1923 1312 1960 a
1342 1908 1637 1977 principio,
1671 1912 1835 1963 nteri-

254 2016 436 2071 gerum
463 2000 787 2070 facilemque
811 1999 952 2054 Petri
973 1998 1230 2052 animum.
1258 1998 1450 2054 Statim
1473 1999 1705 2067 nihilque
1733 2014 1840 2052 mo-

255 2106 398 2148 ratus
427 2093 683 2148 accurrit.
731 2091 957 2145 Adduxit
1004 2107 1145 2159 eum,
1177 2092 1379 2160 inquit,
1406 2090 1474 2144 ad
1503 2090 1698 2145 Jesum.
1731 2092 1836 2147 Sed

255 2201 412 2239 nemo
441 2184 752 2238 facilitatem
783 2183 899 2252 ejus
924 2183 1170 2245 damnet,
1200 2181 1337 2251 quod
1369 2183 1484 2237 sine
1512 2182 1680 2236 multo
1708 2197 1836 2238 exa-

252 2278 392 2332 tnine
431 2277 657 2331 verbum
685 2277 970 2344 acceperit.
1002 2273 1300 2329 Verisimile
1335 2275 1475 2328 enim
1502 2281 1586 2328 est
1615 2273 1833 2328 fratrem

253 2366 363 2421 haec
404 2365 506 2436 ipsi
533 2374 783 2420 accurate
805 2373 856 2419 et
883 2363 1117 2434 pluribus
1142 2377 1423 2427 narrasse;
1452 2379 1636 2418 verum
1667 2378 1833 2419 evan-

251 2459 454 2530 gelistzn
493 2458 693 2527 ubique
735 2457 903 2512 multa
942 2455 1260 2526 compendio
1296 2466 1554 2520 narrant,
1587 2455 1833 2512 brevitati

251 2550 550 2604 studentes.
581 2546 826 2616 Alioquin
856 2556 1054 2611 autem,
1085 2561 1189 2600 non
1221 2545 1489 2600 diciteum
1515 2544 1694 2599 statim
1719 2560 1835 2599 cre-

250 2642 480 2706 didisse;
512 2641 608 2696 sed
628 2681 644 2707 ,
677 2639 905 2694 Adduxit
927 2655 1038 2694 eum
1066 2639 1134 2692 ad
1161 2637 1339 2692 Iesum
1361 2679 1376 2706 ,
1410 2639 1508 2708 ipsi
1541 2637 1832 2693 traditurus

249 2749 364 2788 eum
391 2775 407 2798 ,
442 2741 499 2786 ut
532 2733 709 2787 omnia
735 2731 804 2786 ab
850 2730 942 2786 illo
970 2729 1232 2786 edisceret
1265 2748 1278 2784 :
1311 2745 1430 2784 nam
1462 2730 1599 2784 alius
1620 2744 1832 2800 quoque

248 2823 542 2894 discipulus
571 2821 790 2889 aderat,
820 2831 874 2876 et
914 2821 980 2876 ad
1011 2820 1125 2876 haec
1160 2821 1532 2876 concurrebat.
1583 2820 1735 2888 Quod
1784 2822 1828 2876 si

246 2916 480 2971 Joannes
509 2915 743 2984 Baptista
774 2928 897 2969 cum
922 2914 1071 2977 dixit,
1108 2915 1290 2985 Agnus
1315 2923 1419 2980 est,
1463 2921 1517 2968 et
1545 2915 1596 2967 in
1623 2913 1824 2983 Spiritu

246 3008 517 3076 baptizat,
550 3006 834 3062 clariorem
865 3005 964 3060 hac
1005 3005 1073 3060 de
1115 3020 1174 3060 re
1213 3004 1510 3059 doctrinam
1549 3020 1577 3058 a
1612 3004 1829 3060 Christo

243 3098 615 3170 excipiendam
638 3099 850 3169 reliquit
879 3114 892 3152 :
925 3099 1090 3152 multo
1109 3097 1276 3166 magis
1303 3097 1541 3151 Andreas
1557 3096 1608 3151 id
1629 3096 1826 3164 effecit,

243 3190 330 3260 qui
361 3205 470 3244 non
499 3187 566 3243 ad
595 3197 762 3243 totum
797 3187 1168 3257 explicandum
1197 3185 1443 3242 sufficere
1472 3187 1788 3242 censebatur
1809 3229 1826 3255 ,

243 3281 336 3338 sed
362 3281 430 3336 ad
462 3282 636 3350 ipsum
664 3280 796 3336 lucis
821 3278 1021 3335 fontem
1050 3279 1267 3336 deduxit
1309 3281 1546 3347 fratrem,
1576 3279 1646 3333 ita
1675 3279 1827 3336 festi-

243 3390 367 3429 num
395 3385 452 3428 et
476 3372 814 3443 gaudentem,
851 3378 914 3430 ut'
937 3386 1004 3427 ne
1029 3373 1290 3427 tantillum
1311 3371 1524 3442 quidem
1548 3381 1826 3426 cunctare-

243 3475 347 3519 tur.
378 3465 470 3519 45.
499 3463 726 3518 Intuitus
754 3474 920 3518 autent
949 3480 1060 3518 eum
1087 3461 1238 3517 Je’sus
1265 3464 1392 3516 dixit
1420 3479 1438 3518 :
1467 3463 1542 3516 Tu
1568 3479 1619 3517 es
1649 3462 1827 3517 Simon

242 3559 378 3625 ﬁlius
403 3555 594 3620 Jama,
627 3565 682 3609 tu
719 3555 971 3610 vocaberis
1016 3554 1212 3624 Cepltas
1237 3597 1250 3620 ,
1288 3555 1423 3624 quod
1469 3556 1828 3621 interpretatur

246 3649 446 3705 Petrus.
479 3649 578 3705 IIic
596 3651 706 3719 jam
749 3650 933 3720 incipit
958 3647 1288 3704 divinitatem
1332 3663 1482 3702 suam
1506 3648 1703 3701 sensim
1736 3661 1824 3700 re-

241 3741 419 3797 velare
444 3757 513 3796 ex
541 3740 991 3811 praedictionibus.
1023 3738 1112 3794 Sic
1142 3739 1300 3794 etiam
1343 3753 1466 3793 cum
1500 3736 1828 3793 Nathanacle

241 3833 383 3901 fecit,
411 3843 466 3888 et
488 3849 610 3888 cum
638 3831 972 3888 Samaritana
1013 3831 1254 3887 muliere.

306 3925 361 3979 3.
404 3923 712 3995 Prophetite
741 3924 936 3993 quippe
976 3938 1080 3978 non
1129 3924 1302 3976 minus
1329 3936 1488 3991 quam
1519 3921 1668 3990 signa
1701 3934 1821 3975 mo-

241 4025 400 4082 vent,
433 4029 537 4071 nec
581 4012 775 4069 fastum
823 4029 933 4084 pra:
978 4028 1038 4070 se
1081 4015 1271 4068 terunt.
1303 4013 1433 4068 Nam
1479 4013 1731 4068 miracula
1759 4013 1826 4068 ab

243 4107 618 4178 insipientibus
667 4107 854 4162 saltem
901 4106 1251 4161 traducuntur
1290 4103 1389 4176 (In
1419 4103 1711 4168 Beelzebub,
1741 4104 1823 4159 di-

240 4199 462 4264 cebant,
514 4197 651 4268 ejicit
700 4196 952 4251 dwmonia
991 4195 1212 4270 [Matt/t.
1245 4195 1332 4249 I2.
1383 4194 1555 4266 14]):
1587 4194 1655 4249 de
1700 4210 1826 4264 pro-

243 4291 414 4359 phctia
440 4290 574 4344 nihil
594 4303 844 4359 umquam
873 4289 975 4344 tale
994 4288 1193 4344 dictum
1222 4296 1324 4343 est.
1355 4286 1408 4340 In
1432 4287 1648 4342 Simone
1670 4287 1827 4356 igitur

241 4383 366 4437 etin
414 4381 747 4436 Nathanaele
793 4379 895 4435 hoc
919 4379 1177 4435 doctrina:
1206 4393 1334 4433 usus
1381 4388 1463 4432 est
1509 4378 1712 4432 modo:
1769 4378 1821 4433 in

240 4473 450 4528 Andrea
477 4481 657 4527 autem
681 4481 734 4526 et
760 4470 1006 4542 Philippo
1033 4486 1140 4525 non
1183 4469 1411 4540 idipsum
1439 4469 1582 4523 fecit.
1613 4467 1824 4536 Quare?

239 4564 366 4632 Quia
397 4564 476 4619 illi
508 4563 877 4618 testimonium
925 4561 1148 4617 Joannis
1195 4560 1489 4616 habuerant
1515 4557 1824 4614 nonmodi-

238 4673 348 4712 cam
382 4655 872 4728 praeparationem:
908 4653 1181 4723 Philippus
1225 4668 1356 4708 vero
1386 4667 1504 4707 cum
1550 4651 1824 4706 adstantes

238 4749 464 4815 videret,
490 4749 597 4802 fide
625 4747 842 4818 dignum
869 4746 1075 4814 accepit
1102 4745 1168 4799 ad
1201 4745 1358 4799 fidem
1397 4744 1822 4814 amplectendam

240 4839 514 4894 indicium.
549 4835 632 4892 Tu
657 4854 710 4892 es
742 4837 921 4892 Simon
967 4837 1104 4905 ﬁlius
1149 4835 1315 4900 Jama,
1347 4845 1400 4889 tu
1435 4835 1685 4890 vocaberis
1727 4835 1823 4889 Ce-

241 4931 384 4996 phas,
416 4928 557 4998 quod
587 4929 948 4996 interpretatur
991 4925 1196 4980 Petrus.
1229 4927 1270 4980 A
1299 4927 1546 4994 przesenti
1589 4926 1822 4981 futurum

240 5019 497 5075 credibile
541 5017 741 5073 reddit.
782 5017 914 5072 Nam
958 5017 1046 5087 qui
1093 5025 1295 5087 patrem
1325 5016 1442 5085 ejus
1484 5018 1819 5084 memoravit,

242 5110 350 5166 sine
371 5111 540 5166 dubio
563 5111 795 5164 futurum
821 5109 1180 5179 prmvidebat:
1207 5108 1478 5178 praedictio
1502 5119 1678 5164 autem
1701 5124 1821 5164 cum

243 5201 392 5261 laude
415 5203 707 5274 conjuncta
736 5212 837 5258 est.
873 5202 984 5256 I-Ioc
1039 5217 1198 5271 porro
1246 5217 1350 5256 non
1393 5200 1656 5256 adulantis
1685 5208 1820 5266 erat,

242 5299 328 5354 sed
378 5300 620 5353 futurum
673 5293 1045 5366 pratdicentis;
1111 5292 1270 5361 idque
1319 5291 1442 5346 inde
1491 5292 1665 5363 paiam
1717 5299 1818 5346 est.

242 5389 618 5447 Animadverte
642 5397 820 5442 autem
849 5400 1010 5456 quam
1036 5383 1382 5439 vehementer
1409 5382 1820 5449 Samaritanam,

239 5482 502 5550 praeterita
554 5477 824 5545 revelatis,
864 5473 1242 5547 reprehendat.
1287 5474 1520 5544 Quinque
1556 5474 1688 5530 viros
1729 5474 1823 5528 Ita-

304 5613 319 5642 ¹
345 5617 398 5667 In
430 5613 603 5665 Morel.
630 5611 913 5674 legitur...”
938 5609 1056 5674 quid
1080 5607 1266 5674 dixerit
1287 5609 1356 5664 eis
1379 5609 1614 5673 Chrtstus,
1640 5617 1689 5663 ut
1711 5624 1821 5663 eum

239 5688 421 5742 repente
445 5671 768 5742 sequerentur
791 5671 960 5737 illique
977 5671 1215 5726 lucreth
1231 5671 1258 5724 .9

1267 240 1334 297 IN
1369 239 1678 297 JOANNEM
1719 239 1948 298 IIOMIL.
1990 242 2130 299 XIX.
2171 246 2240 301 al.
2285 246 2467 305 XVIII.

3446 259 3545 316 ιη

1962 354 2130 421 buisti,
2165 355 2353 426 inquit,
2384 367 2431 411 et
2463 358 2507 413 is
2541 375 2685 428 quem
2714 377 2846 415 nunc
2885 363 3056 431 habes,
3085 381 3186 419 non
3215 365 3288 420 vir
3326 374 3441 422 tuus
3469 379 3544 422 est

1962 443 2139 515 (Jaan.
2178 447 2231 501 4.
2262 447 2374 517 18).
2403 447 2493 504 Sic
2517 460 2568 504 et
2602 451 2758 506 Pater
2799 454 2916 523 ejus
2963 456 3125 511 multa
3153 457 3220 513 de
3263 458 3541 528 prophetia

1957 535 2118 590 verba
2147 537 2271 590 facit
2301 548 2486 594 contra
2527 539 2792 596 idolorum
2823 545 3048 599 cultum.
3079 548 3392 604 Annuntieut
3428 567 3542 620 qua:

1957 627 2091 680 vobis
2114 638 2322 682 ventura
2366 640 2524 695 sunt;
2566 641 2619 685 et
2662 649 2895 700 rursum,
2929 635 3239 692 Aununtiavi
3276 650 3324 694 et
3373 643 3542 696 salvos

1955 719 2071 788 feci,
2101 729 2148 772 et
2192 737 2292 774 non
2321 731 2428 775 erat
2456 723 2507 775 in
2535 722 2670 778 vobis
2695 723 2893 779 alienus
2923 725 2944 797 (
2975 725 3103 783 Isai.
3135 730 3224 784 47.
3259 731 3344 786 15.
3373 741 3417 784 et
3447 733 3536 788 45.

1960 810 2078 881 12);
2107 821 2161 866 et
2186 813 2236 866 in
2270 823 2378 868 tota
2402 815 2681 885 prophetia
2713 817 2814 872 hoc
2835 820 3004 887 ipsum
3035 829 3244 878 tractat.
3265 823 3375 878 IIoc
3396 827 3536 879 enim

1955 903 2183 957 maxime
2201 919 2335 972 opus
2355 905 2446 960 Dei
2468 907 2727 977 est,quod
2758 923 2862 963 non
2897 911 3102 978 possint
3123 911 3393 967 dtemones
3422 915 3541 968 imi-

1955 995 2075 1059 tari,
2095 995 2304 1049 etiamsi
2331 996 2619 1052 admodum
2649 999 2996 1054 contendant.
3027 1001 3158 1055 Nam
3188 1001 3238 1056 in
3269 1003 3538 1059 miraculis

1952 1095 2130 1155 potest
2152 1087 2393 1158 qmedam
2438 1090 2648 1158 species
2677 1091 2965 1161 decipere:
3001 1093 3174 1147 futura
3218 1111 3344 1149 vero
3375 1112 3534 1150 accu-

1951 1186 2066 1234 rate
2094 1179 2405 1248 prtedicere,
2459 1183 2616 1237 unius
2649 1182 2970 1239 immortalis
3021 1196 3222 1240 natura:
3253 1196 3354 1242 est.
3385 1190 3534 1255 Quod

1950 1270 1994 1323 si
2025 1270 2075 1325 id
2103 1271 2376 1327 daemones
2402 1273 2688 1343 aliquando
2717 1275 2954 1342 fecerint,
2974 1277 3283 1346 insipientes
3307 1279 3536 1334 fallendo

1950 1360 2192 1416 fecerunt
2220 1383 2232 1416 :
2263 1363 2404 1418 unde
2434 1372 2489 1418 et
2535 1366 2778 1419 vaticinia
2812 1381 2997 1420 eorum
3028 1382 3240 1436 semper
3279 1367 3408 1424 falsa
3439 1370 3535 1425 de-

1950 1451 2376 1520 prehenduntur.
2408 1453 2596 1509 Petrus
2625 1471 2752 1511 vero
2791 1456 2921 1511 nihil
2962 1457 3027 1511 ad
3060 1457 3175 1512 haec
3211 1461 3532 1529 respondet“

1951 1541 2183 1595 nondum
2227 1543 2367 1596 enim
2400 1543 2669 1613 quidpiam
2712 1546 2855 1601 clare
2901 1557 3151 1609 noverat.
3183 1548 3274 1602 sed
3322 1550 3532 1605 interim

1948 1631 2260 1686 cdiscebat:
2294 1648 2466 1702 neque
2514 1633 2915 1702 pra‘dictionem
2951 1636 3094 1690 illam
3127 1637 3272 1693 clare
3302 1639 3532 1695 videbat.

1945 1720 2126 1791 Neque
2171 1723 2312 1777 enim
2364 1723 2518 1790 dixit,
2550 1726 2660 1796 Ego
2689 1734 2742 1781 te
2786 1729 3176 1796 cognominabo
3220 1729 3451 1797 Petrum,
3479 1740 3536 1787 et

1945 1827 2108 1882 super
2138 1813 2275 1869 hanc
2303 1825 2505 1884 petram
2533 1818 2811 1872 aedificabo
2851 1819 3145 1876 Ecclesiam
3177 1838 3346 1878 meam
3371 1842 3384 1878 :
3413 1825 3530 1891 sed,

1948 1901 2024 1955 Tu
2051 1906 2302 1959 vocaberis
2327 1905 2544 1976 Cephas.
2575 1908 2706 1962 Illud
2734 1909 2877 1963 enim
2913 1913 3246 1968 auctoritatis
3275 1925 3328 1970 et
3377 1926 3524 1985 pote-

1944 1993 2099 2048 statis
2130 1996 2349 2064 majoris
2378 2007 2512 2051 erat.
2540 1997 2786 2054 Christus
2817 2015 2948 2055 vero
2995 2017 3100 2056 non
3145 2005 3324 2059 statim
3365 2013 3419 2059 et
3462 2006 3532 2061 ab

1944 2085 2095 2142 initio
2129 2096 2291 2142 totam
2343 2098 2658 2159 potestatem
2707 2091 2926 2148 exhibet
2965 2108 3142 2162 suam,
3175 2095 3267 2150 sed
3314 2097 3528 2152 interim

1945 2176 2195 2233 humilius
2220 2181 2472 2250 loquitur.
2497 2181 2784 2253 Postquam
2816 2197 2992 2240 autem
3019 2187 3347 2244 divinitatem
3375 2204 3526 2245 suam

1941 2267 2349 2338 demonstravit,
2381 2288 2503 2328 cum
2551 2274 2756 2344 majore
2795 2278 2903 2347 agit
2947 2281 3264 2338 auctoritate
3307 2282 3524 2338 dicens:

1938 2358 2126 2415 Beatus
2154 2379 2207 2417 es
2249 2362 2450 2430 Simon,
2480 2366 2599 2434 quia
2645 2365 2806 2421 Pater
2857 2383 2996 2423 meus
3026 2371 3257 2425 reuelauit
3303 2373 3427 2438 tibi;
3473 2385 3529 2430 et

1940 2467 2149 2507 rursum
2173 2471 2186 2509 :
2223 2454 2290 2508 Et
2317 2472 2408 2525 ego
2437 2456 2552 2510 diro
2580 2458 2687 2524 tibi,
2719 2457 2801 2512 Tu
2828 2475 2880 2512 es
2911 2458 3113 2525 Petrus,
3145 2471 3192 2516 et
3219 2478 3371 2531 super
3396 2463 3526 2518 hanc

1941 2554 2133 2614 petram
2153 2547 2416 2615 aediﬁcabo
2438 2547 2722 2603 Ecclesiam
2742 2567 2905 2604 nteant
2922 2553 2938 2582 ⁸
2967 2551 3177 2622 (Matth.
3195 2553 3281 2610 16.
3301 2556 3366 2610 17
3375 2599 3387 2610 .
3409 2556 3519 2628 18).

1939 2635 2090 2690 IIunc
2131 2652 2257 2707 ergo
2286 2639 2364 2691 sic
2391 2640 2620 2705 vocavit,
2652 2639 2910 2696 Iacobum
2954 2651 3133 2698 autem
3179 2653 3234 2700 et
3282 2643 3521 2713 fratrem,

1937 2725 2075 2782 filios
2105 2729 2341 2782 tonitrui.
2375 2729 2594 2798 Quare?
2640 2739 2698 2786 ut
2727 2732 2972 2788 ostendat
2993 2748 3052 2790 se
3073 2734 3318 2791 eumdem
3350 2735 3522 2806 ipsum

1937 2830 2056 2872 esse
2097 2817 2188 2886 qui
2233 2827 2285 2873 et
2313 2817 2480 2874 Vetus
2537 2819 2938 2877 Testamentum
2992 2823 3161 2892 dedit,
3197 2834 3251 2880 ct
3306 2828 3522 2882 nomina

1936 2909 2180 2973 tnutavit,
2210 2910 2298 2978 qui
2350 2909 2548 2966 Abram
2597 2911 2868 2967 Abraham
2919 2917 3148 2981 vocavit,
3178 2915 3361 2971 Saram
3392 2917 3520 2972 Sar-

1936 3014 2070 3066 ram,
2103 3000 2268 3056 Jacob
2293 2999 2566 3057 Israelem.
2615 3003 2794 3059 Multis
2817 3004 2976 3060 etiam
3029 3006 3096 3060 ab
3142 3015 3262 3061 ortu
3302 3010 3518 3062 nomina

1937 3092 2210 3162 imposuit,
2234 3103 2293 3147 ut
2315 3093 2514 3159 lsaaeo,
2537 3093 2807 3162 Samsoni,
2831 3105 2883 3151 et
2910 3097 3029 3152 aliis
3057 3098 3125 3153 ab
3145 3098 3276 3154 Isaia
3306 3107 3360 3154 et
3379 3100 3518 3155 Osee

1935 3185 2277 3250 memoratis;
2303 3184 2618 3256 quibusdam
2641 3187 2803 3241 etiam
2832 3201 2949 3242 eam
2979 3202 3136 3258 quam
3158 3204 3186 3242 a
3212 3190 3518 3260 parentibus

1935 3283 2253 3344 acceperant
2278 3276 2689 3345 appellationem
2723 3279 2967 3344 mutavit,
3003 3287 3058 3333 ut
3088 3293 3248 3350 supra
3278 3279 3434 3336 dictis
3461 3290 3518 3335 et

1933 3363 2060 3419 Jesu
2095 3365 2201 3419 filio
2227 3364 2393 3421 Nave.
2436 3366 2566 3420 Nam
2599 3366 2652 3420 id
2693 3367 2746 3421 in
2798 3383 2946 3423 more
2974 3379 3088 3423 erat
3117 3370 3255 3440 apud
3283 3380 3512 3438 veteres,

1934 3466 1992 3511 ut
2016 3473 2082 3513 ex
2114 3458 2274 3512 rebus
2305 3459 2517 3513 nomina
2550 3459 2910 3530 imponerent,
2937 3461 3080 3530 quod
3108 3469 3164 3516 et
3194 3461 3336 3517 Elias
3365 3463 3510 3517 fecit.

1933 3545 1989 3602 Id
2020 3564 2147 3603 vero
2172 3563 2278 3602 non
2305 3548 2420 3604 sine
2446 3563 2626 3616 causa,
2651 3549 2744 3604 sed
2770 3559 2825 3603 ut
2854 3550 3023 3618 ipsum
3051 3566 3242 3605 nomen
3271 3552 3514 3608 beneficii

1933 3639 2097 3695 divini
2129 3640 2516 3695 monimentum
2548 3651 2713 3708 esset,
2749 3653 2804 3696 et
2843 3643 3099 3698 memoria
3137 3655 3389 3713 perpetua
3422 3659 3515 3714 per

1932 3746 2239 3800 expressam
2270 3731 2574 3786 nominibus
2608 3733 2940 3802 prOphetiam
2971 3734 3274 3788 auditorum
3320 3737 3514 3792 animis

1934 3823 2188 3880 insideret
2215 3843 2229 3880 :
2255 3824 2333 3879 sic
2358 3824 2616 3880 Joannem
2646 3841 2674 3880 a
2704 3826 2965 3894 principio
3004 3830 3230 3882 vocavit.
3260 3829 3390 3884 Nam
3423 3833 3511 3901 qui

1929 3930 1960 3970 a
1989 3931 2155 3986 puero
2185 3917 2376 3972 virtute
2411 3917 2538 3972 clari
2569 3918 2726 3971 futuri
2758 3927 2930 3980 erant,
2960 3919 3082 3973 inde
3105 3921 3315 3974 nomina
3338 3939 3514 3976 sume-

1931 4007 2099 4062 bant:
2131 4008 2196 4063 iis
2217 4023 2344 4063 vero
2383 4009 2472 4077 qui
2514 4019 2696 4078 postea
2727 4009 2856 4063 clari
2911 4010 3066 4064 futuri
3113 4020 3284 4078 erant,
3332 4023 3511 4081 postea

1931 4113 2124 4152 nomen
2155 4097 2547 4168 imponebatur.

2000 4192 2056 4248 5.
2097 4191 2368 4246 Christiani
2390 4207 2568 4244 nomen
2589 4208 2738 4261 quam
2775 4193 3129 4246 venerandum.
3159 4194 3356 4263 Agendi
3382 4197 3511 4250 ratio

1931 4291 2069 4336 tanto
2095 4282 2295 4336 nomine
2332 4281 2486 4352 digna
2512 4283 2909 4336 connuendatur.
2948 4282 3199 4338 Pecunias
3240 4295 3387 4356 auget
3425 4288 3512 4354 qui

1851 4368 1869 4387 ‘
1931 4371 2236 4442 pauperibus
2265 4371 2540 4425 distribuit.
2570 4399 2644 4411 -—
2675 4370 2778 4426 Sed
2804 4380 2926 4427 tunc
2957 4372 3166 4428 diversa
3196 4374 3388 4444 singuli
3416 4391 3512 4439 no,-

1932 4459 2073 4511 mina
2099 4456 2469 4528 accipiebant;
2515 4471 2654 4511 nunc
2693 4468 2871 4512 autem
2914 4473 3076 4513 unum
3120 4475 3307 4516 omnes
3347 4460 3510 4516 babe-

1931 4564 2070 4615 mus,
2101 4550 2203 4604 illis
2229 4550 2475 4605 omnibus
2503 4551 2694 4619 majus,
2724 4551 2936 4621 quando
2956 4551 3242 4608 Christiani
3274 4557 3512 4627 appella-

1931 4657 2050 4696 mur
2078 4653 2130 4696 et
2160 4640 2252 4695 filii
2282 4641 2396 4708 Dei,
2425 4650 2479 4696 et
2503 4642 2660 4696 amici
2687 4651 2740 4695 et
2766 4657 2960 4713 corpus
2987 4659 3169 4699 unum.
3195 4645 3288 4700 Illa
3316 4647 3510 4716 quippe

1930 4727 2215 4800 appellatio
2238 4732 2354 4801 plus
2383 4746 2540 4801 quam
2568 4732 2684 4786 alite
2710 4746 2897 4788 omnes
2923 4747 3021 4789 nos
3046 4735 3265 4802 excitat,
3289 4737 3512 4808 diligen-

1935 4826 2202 4893 tioresque
2231 4823 2296 4877 ad
2331 4825 2582 4877 virtutem
2634 4825 2992 4879 exercendam
3048 4828 3231 4883 efficit.
3277 4827 3353 4883 Nc
3383 4845 3510 4898 ergo

1931 4915 2143 4986 indigna
2196 4915 2451 4969 faciamus
2497 4915 2628 4969 tanti
2678 4916 2904 4970 nominis
2950 4915 3175 4983 honore,
3218 4920 3509 4988 cogitantes

1929 5007 2202 5077 dignitatis
2225 5006 2614 5069 excellentiam,
2635 5021 2737 5076 qua
2759 5006 2956 5061 Christi
2988 5009 3203 5063 nemine
3234 5023 3504 5063 vocamur.

1929 5096 2017 5152 Sic
2046 5098 2188 5153 enim
2231 5111 2330 5151 nos
2355 5095 2552 5150 Paulus
2582 5097 2888 5164 appellavit.
2917 5095 3222 5166 Cogitemus
3263 5113 3514 5152 reverea-

1930 5206 2155 5262 murque
2183 5190 2414 5245 nominis
2441 5189 2881 5260 magnitudinem.
2938 5188 2994 5244 Si
3034 5190 3197 5254 enim,
3226 5189 3316 5259 qui
3360 5190 3511 5246 ducis

1928 5287 2224 5356 cuiuspiam
2262 5285 2483 5354 insignis
2507 5325 2522 5349 ,
2555 5283 2638 5337 vel
2675 5281 2952 5350 conspicui
2997 5281 3096 5336 viri
3137 5296 3257 5336 esse
3295 5281 3508 5347 dicitur,

1929 5378 2094 5432 altum
2125 5376 2260 5446 sapit
2290 5391 2410 5429 cum
2440 5390 2497 5428 se
2526 5375 2670 5428 illius
2712 5373 2797 5426 vel
2841 5371 2983 5427 illius
3009 5386 3129 5428 esse
3168 5372 3383 5441 dicitur,
3411 5389 3508 5428 no-

1879 5471 1896 5482 ”
1930 5485 2160 5540 mcnque
2185 5467 2311 5523 illud
2343 5482 2535 5537 magno
2559 5465 2660 5520 sibi
2689 5463 2836 5518 ducit
2864 5475 2984 5519 esse
3026 5462 3237 5532 honori,
3282 5467 3511 5536 totisque

1993 5608 2009 5639 ί
2047 5603 2138 5653 Alii
2187 5603 2448 5651 habent....
2482 5617 2505 5645 ι
2527 5607 2592 5649 γι
2621 5610 2673 5648 es
2708 5599 2885 5662 Simon,
2925 5605 2976 5650 tu
3009 5597 3248 5650 t‘m‘uberis
3291 5597 3506 5660 Cephas,

1930 5670 2054 5733 quod
2075 5673 2142 5718 est
2165 5664 2525 5728 utterpretatum
2550 5667 2717 5712 Petrus
2732 5676 2779 5711 ι.
