4068 6136
559 248 660 308 125

555 362 757 418 viribus
799 362 1012 427 nititur,
1043 373 1110 413 ne
1140 371 1235 428 per
1280 358 1544 427 ignaviam
1573 373 1724 412 suam
1753 366 1902 412 tanto
1932 358 2133 413 nomini

557 464 737 508 notam
770 451 1004 505 infamiae
1032 458 1206 503 tnurat
1231 465 1247 513 ;
1298 464 1396 504 nos
1417 448 1505 519 qui
1534 464 1638 502 non
1667 463 1696 502 a
1720 448 1853 502 duce
1882 449 1965 502 vel
1993 449 2140 518 prin-

555 549 672 614 cipe
705 555 940 607 terreno,
977 557 1081 596 non
1108 541 1175 595 ab
1203 541 1415 609 angelo,
1444 541 1526 596 vel
1557 539 1901 609 archangelo,
1937 540 2021 594 vel
2045 541 2143 594 Se-

554 634 798 703 raphino,
828 633 923 686 sed
953 632 1020 687 ab
1049 647 1238 686 eorum
1284 631 1430 700 Rege
1476 645 1670 685 nomen
1718 630 1890 684 sortiti
1934 644 2135 695 sumus,

553 739 731 778 annon
767 723 1002 778 animam
1045 737 1256 792 quoque
1299 730 1536 776 nostram
1584 721 1759 791 potius
1785 734 2135 789 exponemus,

554 826 611 870 ut
643 831 708 871 ne
737 816 783 871 is
807 815 897 885 qui
930 828 1028 869 nos
1055 813 1156 869 hoc
1187 813 1392 867 honore
1431 811 1626 879 affecit,
1657 811 1978 866 contumelia
2027 809 2137 862 afﬁ-

554 907 764 962 ciatur?
794 907 990 961 Annon
1021 905 1396 975 imperatorios
1440 903 1657 958 ordines
1688 902 1877 966 nostis,
1905 907 2142 955 scutato-

553 1016 697 1066 rum,
729 998 1058 1053 hastatorum
1078 1038 1093 1064 ,
1122 997 1212 1067 qui
1260 995 1643 1065 Imperatorem
1690 995 1909 1063 stipant,
1941 1003 2140 1062 quanto

553 1107 746 1162 nempe
787 1091 1031 1145 fruantur
1063 1087 1307 1144 honore?
1337 1088 1408 1142 lta
1448 1096 1502 1143 et
1533 1102 1649 1152 nos,
1689 1087 1777 1156 qui
1823 1087 1977 1156 longe
2017 1099 2141 1154 pro-

555 1183 864 1252 pinquiorcs
892 1181 1020 1251 Regi
1066 1189 1248 1235 nostro
1285 1194 1495 1244 sumus,
1527 1187 1583 1233 ct
1623 1187 1767 1231 tanto
1797 1174 2140 1246 pmpinquio-

556 1287 665 1339 res,
691 1281 892 1343 quanto
932 1270 1277 1341 propinquius
1304 1279 1386 1325 est
1431 1283 1628 1338 corpus
1669 1268 1848 1338 capiti,
1876 1267 2005 1320 nihil
2033 1281 2138 1320 non

556 1365 725 1418 acturi
773 1379 978 1425 sumus,
1006 1373 1064 1418 ut
1092 1361 1362 1418 Christum
1411 1361 1698 1415 imitemur.
1729 1359 1867 1428 Quid
1912 1373 2039 1428 ergo
2067 1358 2141 1412 ait

554 1452 843 1508 Christus?
898 1451 1086 1521 Vulpes
1131 1456 1302 1522 foveas
1331 1451 1536 1517 habent,
1569 1457 1614 1503 et
1653 1450 1878 1502 volucres
1916 1449 2026 1501 ειειί
2055 1447 2137 1500 ni-

556 1543 668 1607 dos,
700 1542 867 1596 Filius
903 1553 1069 1596 autem
1107 1543 1324 1596 hominis
1376 1557 1476 1594 non
1506 1541 1653 1593 habet
1683 1540 1768 1591 ubi
1813 1547 1963 1606 caput
1992 1553 2140 1592 suum

555 1636 761 1688 reclinet
797 1632 948 1704 (Luc.
981 1635 1034 1690 9.
1067 1635 1178 1702 58).
1207 1633 1318 1688 lloc
1347 1633 1390 1687 si
1422 1647 1451 1686 a
1494 1632 1645 1685 vobis
1675 1632 1966 1701 exigamus,
2004 1629 2139 1684 forte

552 1743 713 1796 grave
739 1736 794 1782 et
820 1742 1106 1780 onerosum
1135 1725 1312 1779 multis
1340 1724 1607 1778 videbitur
1632 1741 1644 1777 :
1677 1731 2003 1793 quapropter
2031 1730 2136 1775 tam

553 1828 856 1872 accuratam
898 1817 1247 1870 imitationem
1280 1830 1383 1869 non
1417 1829 1723 1884 exposcam,
1758 1823 1816 1867 ut
1845 1811 2140 1866 inﬁrmitati

556 1918 751 1962 vestrae
793 1923 1028 1978 parcam.
1075 1908 1222 1977 Rogo
1266 1916 1442 1961 autem
1475 1921 1542 1961 ne
1572 1907 1810 1975 pecuniis
1839 1906 1999 1960 nimis
2029 1906 2140 1960 hae-

552 1999 751 2063 reatis;
782 1997 876 2052 sed
919 2009 975 2051 ut
1003 2013 1101 2068 ego
1127 1998 1195 2053 ob
1221 1997 1578 2052 inﬁrmitatem
1619 2007 1848 2051 vestram
1891 2006 2086 2051 tantam
2109 2011 2138 2050 a

554 2091 706 2145 vobis
732 2091 982 2145 virtutem
1016 2106 1120 2143 non
1149 2089 1304 2158 exigo
1332 2106 1344 2142 :
1378 2089 1455 2142 sic
1493 2097 1548 2144 et
1575 2103 1670 2142 vos
1705 2088 1872 2142 multo
1899 2089 2068 2157 magis
2109 2103 2138 2141 a

553 2180 786 2248 nequitia
813 2179 1093 2234 recedatis.
1118 2178 1234 2233 Non
1263 2193 1454 2234 accuso
1474 2193 1566 2233 eos
1590 2178 1678 2248 qui
1703 2178 1890 2233 domos
1915 2178 2135 2244 habent,

552 2284 736 2339 agros,
767 2271 1039 2340 pecunias,
1075 2285 1294 2336 servos;
1347 2270 1440 2324 sed
1485 2271 1607 2324 volo
1641 2278 1698 2323 ut
1741 2270 1884 2324 licite
1913 2280 1965 2324 et
2014 2285 2135 2323 cum

552 2361 750 2416 decore
791 2361 878 2416 illa
910 2361 1284 2431 possideatis‘.
1325 2359 1462 2428 Quid
1510 2368 1612 2426 est,
1638 2375 1761 2415 cum
1809 2359 2042 2414 decore?
2069 2358 2138 2415 Ut

550 2451 774 2519 domini,
805 2467 908 2507 non
962 2453 1101 2507 servi
1149 2452 1364 2506 illorum
1412 2451 1550 2516 sitis,
1583 2461 1640 2506 ut
1690 2467 1753 2506 ea
1800 2452 2134 2522 possidentis,

553 2558 660 2599 non
691 2544 780 2599 illa
808 2559 905 2598 vos
937 2545 1282 2614 possideant;
1313 2545 1375 2598 iis
1399 2543 1643 2612 utamini,
1675 2560 1779 2599 non
1813 2545 2129 2600 abutamini.

550 2631 692 2704 Opes
718 2633 838 2689 ideo
863 2635 939 2690 sic
969 2644 1247 2701 vocantur,
1275 2642 1334 2688 ut
1388 2635 1452 2688 iis
1511 2634 1562 2688 in
1612 2649 1776 2703 opera
1832 2636 2133 2690 necessaria

553 2731 782 2785 utamur,
815 2739 920 2777 non
964 2733 1020 2779 ut
1050 2724 1170 2779 illas
1200 2724 1583 2779 custodiamus.
1613 2725 1727 2780 Hoc
1767 2726 1966 2797 quippe
1995 2723 2134 2781 εει·νί

552 2822 655 2879 est,
703 2815 828 2870 illud
853 2815 987 2870 heri.
1017 2816 1317 2882 Custodire,
1338 2817 1476 2872 servi
1508 2827 1623 2882 est;
1656 2818 1988 2886 impendere,
2019 2817 2135 2872 heri

550 2912 603 2958 et
628 2913 944 2975 potestatem
977 2905 1243 2961 habentis.
1276 2907 1390 2960 Non
1417 2906 1538 2961 ideo
1563 2907 1838 2976 accepisti,
1867 2916 1922 2962 ut
1950 2908 2003 2962 in
2031 2917 2138 2963 ter-

613 3039 629 3070 ί
666 3038 761 3089 ΔΙίὶ
782 3038 973 3102 legunt,
997 3039 1097 3090 illis
1118 3037 1338 3100 utamini,
1366 3035 1584 3107 pro,_ilta
1604 3036 1908 3101 possideatis.

1297 243 1356 299 s.
1393 242 1672 302 JOANNIS
1708 243 2174 300 cunvsosront
2216 245 2532 305 ARCllIEP.
2573 254 3103 318 CONSTANTINOP.

3726 271 3836 326 ηδ

2246 377 2358 418 ram
2407 365 2680 435 defodias,
2712 377 2808 430 sed
2855 385 2912 430 ut
2953 377 3260 436 distribuas.
3293 381 3349 438 Si
3401 383 3562 439 vellet
3610 384 3747 442 Deus
3777 398 3837 446 ut

2246 454 2352 510 illa-
2408 470 2773 530 servarentur,
2806 482 2910 520 non
2957 467 3263 526 hominibus
3309 473 3575 543 dedisset,
3630 479 3723 533 sed
3779 481 3835 534 in

2250 555 2388 601 terra
2420 552 2624 605 occulta
2656 553 2970 614 dimisisset.
3003 559 3136 628 Quia
3185 573 3365 620 autem
3415 569 3527 622 vult
3567 570 3684 625 illas
3727 573 3833 626 im-

2247 637 2428 704 pendi,
2463 639 2582 695 ideo
2611 645 2854 712 permisit
2884 658 2938 703 ut
2969 651 3089 707 illas
3116 651 3458 722 haberemus,
3483 669 3540 713 ut
3567 661 3684 715 illas
3710 678 3834 718 mit-

2245 735 2335 780 tuo
2361 733 2893 792 communicaremus.
2921 737 3012 794 Sin
3051 742 3192 810 apud
3223 759 3321 798 nos
3350 747 3694 816 retineamus,
3724 768 3832 807 non

2245 817 2383 873 ultra
2424 819 2626 877 domini
2677 824 2887 882 illarum
2937 844 3143 886 sumus.
3174 834 3228 889 Si
3260 845 3436 892 autem
3471 838 3589 894 illas
3633 857 3835 912 augere

2243 910 2410 976 velis,
2469 913 2695 986 ideoque
2754 932 2938 976 servas
2977 939 2992 976 :
3039 924 3127 978 illa
3187 927 3427 995 profecto
3472 931 3671 999 optima
3712 910 3834 988 erit

2245 1004 2435 1072 agendi
2468 1007 2623 1073 ratio,
2646 1010 2689 1063 si
2719 1011 2995 1084 dispergas
3023 1024 3078 1071 et
3102 1019 3335 1089 undique
3357 1021 3670 1082 distributas.
3696 1026 3832 1083 Nul-

2245 1092 2328 1148 lus
2353 1097 2495 1150 enim
2543 1111 2832 1167 proventus
2862 1105 2977 1162 sine
3002 1120 3250 1178 sumptu,
3282 1112 3441 1167 nulla:
3474 1113 3673 1170 divitia:
3715 1117 3836 1181 sine

2243 1199 2475 1254 expensa
2511 1205 2525 1242 :
2559 1189 2610 1244 id
2640 1192 2780 1260 quod
2831 1194 2883 1248 in
2935 1198 3095 1252 rebus
3140 1201 3486 1258 saecularibus
3521 1205 3699 1261 videre
3726 1218 3831 1262 cst.

2244 1274 2332 1330 Sic
2361 1289 2645 1346 mercator,
2671 1283 2749 1338 sic
2775 1285 3005 1355 agricola
3035 1287 3196 1355 facit;
3232 1291 3317 1346 hic
3341 1295 3566 1359 semina,
3601 1296 3691 1351 ille
3732 1313 3832 1367 pe-

2244 1371 2430 1426 cunias
2477 1377 2718 1444 spargit:
2750 1377 2839 1433 ille
2889 1380 3102 1450 navigat
3146 1390 3200 1437 et
3248 1386 3503 1453 pecunias
3547 1388 3830 1457 impendit,

2243 1459 2330 1516 hic
2363 1479 2456 1532 per
2485 1473 2650 1520 totum
2684 1467 2891 1524 laborat
2917 1486 3135 1540 annum,
3167 1477 3316 1537 serit,
3348 1478 3564 1532 excolit.
3609 1479 3708 1535 llic
3735 1496 3833 1536 au-

2245 1560 2350 1605 tem
2381 1553 2524 1608 nullo
2553 1571 2736 1610 eorum
2768 1567 2852 1614 est
2881 1576 3046 1630 opus;
3082 1579 3184 1617 non
3212 1567 3514 1636 apparanda
3545 1571 3693 1624 navis
3724 1579 3831 1636 est,

2245 1656 2348 1696 non
2372 1643 2629 1713 jungendi
2660 1649 2823 1704 boves
2845 1661 2990 1718 sunt,
3020 1669 3124 1708 non
3146 1657 3342 1710 arautla
3372 1667 3534 1725 terra,
3560 1676 3666 1715 non
3687 1662 3833 1716 acris

2245 1735 2589 1802 intemperies
2622 1738 2978 1809 observanda,
3012 1758 3116 1798 non
3163 1747 3367 1816 grando
3415 1749 3668 1804 timenda.
3710 1751 3830 1806 Non

2246 1822 2333 1879 hic
2378 1824 2570 1882 ﬂuctus
2612 1839 2756 1896 sunt,
2793 1848 2896 1886 non
2930 1837 3152 1904 scopuli.
3209 1838 3332 1894 llaec
3379 1843 3664 1913 navigatio,
3713 1844 3833 1900 haec

2244 1919 2520 1982 sementis,
2554 1919 2657 1975 hoc
2688 1938 2794 1976 uno
2823 1939 2958 1994 Opus
2987 1927 3166 1994 habet,
3200 1940 3256 1984 ut
3301 1932 3578 1990 facultates
3624 1937 3834 2006 disper-

2244 2016 2472 2075 gantur;
2505 2019 2704 2066 caetera
2748 2030 2875 2069 vero
2900 2019 3078 2071 omnia
3117 2022 3348 2089 agricola
3384 2023 3472 2078 ille
3497 2027 3732 2092 curabit,
3760 2028 3833 2084 de

2243 2112 2349 2166 quo
2375 2099 2450 2152 ait
2477 2100 2718 2157 Christus
2747 2122 2760 2157 :
2806 2104 2964 2158 Pater
2995 2125 3132 2164 meus
3157 2112 3385 2180 agricola
3424 2122 3515 2167 est.
3549 2115 3831 2183 Quomodo

2242 2189 2529 2245 absurdum
2565 2208 2670 2247 non
2702 2195 2881 2262 fuerit,
2919 2197 3006 2253 ubi
3046 2201 3162 2256 sine
3207 2201 3391 2258 labore
3411 2207 3588 2260 omnia
3618 2223 3831 2264 sumere

2242 2294 2547 2348 possumus,
2593 2285 2813 2353 supinos
2833 2296 2886 2341 et
2922 2289 3212 2346 oscitantes
3256 2309 3516 2361 manere;
3566 2297 3653 2351 ubi
3701 2313 3831 2354 vero

2243 2371 2395 2426 multi
2416 2373 2662 2441 sudores,
2695 2377 2927 2442 labores,
2959 2381 3370 2448 sollicitudines,
3395 2396 3449 2441 et
3495 2399 3675 2457 postea
3705 2403 3831 2460 spes

2242 2461 2465 2528 incerta,
2501 2465 2571 2519 ibi
2597 2482 2811 2523 omnem
2835 2470 3162 2542 diligentiam
3193 2476 3486 2534 adhibere?
3514 2479 3591 2535 Ne
3621 2497 3826 2552 quteso,

2240 2567 2308 2608 ne
2351 2568 2471 2608 cum
2515 2555 2582 2610 de
2613 2558 2786 2614 salute
2815 2570 2997 2616 n0stra
3031 2566 3224 2632 agitur,
3274 2575 3555 2639 tantopere
3597 2573 3830 2641 desipia-

2241 2659 2402 2709 mus;
2450 2645 2544 2701 sed
2575 2649 2886 2705 ouerosiora
2935 2652 3023 2707 illa
3073 2657 3369 2724 mittentes,
3395 2660 3462 2714 ad
3511 2662 3748 2716 faciliora
3775 2672 3832 2719 et

2241 2737 2452 2791 utiliora
2483 2754 2782 2805 curramus,
2816 2751 2872 2795 ut
2912 2753 2967 2798 et
3008 2742 3183 2800 futura
3241 2763 3634 2819 consequamur
3663 2754 3826 2819 bona,

2239 2832 2408 2898 gratia
2434 2839 2486 2884 et
2513 2832 2875 2890 misericordia
2929 2836 3138 2891 Domini
3163 2842 3326 2894 nostri
3347 2840 3472 2896 Jesu
3493 2843 3716 2912 Christi,
3737 2846 3828 2914 qui

2243 2935 2365 2975 eum
2406 2921 2546 2976 Patri
2589 2924 2782 2993 gloria,
2814 2940 2917 2979 una
2949 2941 3070 2981 cum
3119 2928 3319 2998 Spiritu
3349 2942 3556 3001 sancto,
3589 2949 3729 2988 nunc
3774 2943 3830 2990 et

2248 3025 2483 3080 semper,
2515 3023 2568 3066 et
2597 3013 2651 3067 in
2682 3016 2876 3070 saecula
2903 3019 3245 3074 surculorum.
3277 3022 3472 3078 Amen.

1929 3244 2136 3308 HOMI
2145 3247 2275 3309 LIA
2316 3249 2463 3312 XX.

550 3382 636 3436 45.
681 3381 746 3436 1η
785 3383 1058 3436 crastinum
1094 3383 1250 3437 voluit
1277 3383 1412 3439 exire
1452 3384 1507 3439 iu
1545 3383 1832 3451 Galila'am,
1861 3396 1906 3441 et
1931 3389 2120 3444 invenit

621 3471 939 3545 Philippum,
967 3484 1015 3528 et
1044 3476 1165 3528 dicit
1188 3474 1269 3528 ei:
1291 3476 1512 3545 Sequere
1549 3493 1649 3532 me.
1674 3478 1764 3532 44.
1812 3477 1939 3533 Erat
1965 3490 2132 3536 autem

619 3564 892 3636 Philippus
917 3583 950 3620 a
969 3565 1243 3621 Bethsaida
1267 3568 1465 3623 civitate
1486 3567 1705 3625 Andreae
1719 3579 1765 3625 et
1793 3569 1954 3627 Petri.

624 3699 678 3752 1.
713 3697 952 3753 Sollicite
969 3699 1226 3768 quaerenti
1243 3700 1440 3770 aliquid
1459 3715 1701 3772 superest
1719 3703 1819 3778 (a),
1849 3714 1907 3761 nt
1933 3707 1984 3761 in
2013 3723 2135 3776 pro-

551 3787 736 3843 verbio
779 3787 947 3842 fertur
975 3787 1154 3858 (Prov.
1203 3789 1290 3843 14.
1332 3787 1446 3862 25).
1477 3791 1724 3848 Christus
1759 3811 1888 3851 vero
1929 3797 2130 3866 aliquid

549 3879 717 3949 magis
757 3879 1109 3934 subindicavit
1136 3881 1338 3942 dicens,
1373 3882 1475 3947 Qui
1501 3885 1680 3952 quierit
1707 3888 1888 3940 invenit
1919 3886 2130 3959 (Matth.

548 3971 604 4027 7.
631 3971 709 4044 8).
741 3969 890 4027 Unde
916 3972 1098 4026 mirari
1129 3971 1270 4027 subit
1308 3987 1404 4028 cur
1433 3973 1707 4044 Philippus
1749 3976 2016 4032 Christum
2041 3993 2130 4034 se-

546 4073 740 4133 quutus
755 4063 842 4119 sit.
866 4063 1108 4119 Andreas
1123 4066 1317 4134 quippe
1338 4066 1503 4132 venit,
1530 4080 1651 4122 cum
1668 4067 1905 4124 audisset
1923 4085 1951 4125 a
1974 4070 2134 4126 Joan-

547 4165 637 4217 ne,
670 4151 860 4206 Petrus
886 4169 1033 4216 vero,
1059 4169 1181 4209 cum
1209 4155 1446 4210 audisset
1475 4156 1543 4210 ab
1573 4157 1819 4214 Andrea:
1850 4159 1936 4214 hic
1955 4169 2132 4216 autem

548 4250 669 4302 cum
698 4246 830 4302 nihil
856 4247 924 4301 ab
950 4248 1057 4303 alio
1097 4247 1390 4314 didicisset,
1424 4258 1627 4305 tantum
1653 4251 1865 4308 dicente
1894 4253 2128 4320 Christo,

552 4335 776 4404 Sequere
795 4353 892 4402 me,
923 4337 1310 4408 obtemperavit
1329 4340 1526 4401 statim,
1559 4355 1658 4396 nec
1683 4343 1930 4407 recessit,
1961 4342 2054 4398 sed
2080 4352 2134 4399 et

549 4426 868 4494 praedicator
882 4427 1001 4496 aliis
1023 4428 1140 4482 fuit.
1161 4431 1460 4483 Aecurrens
1476 4431 1617 4485 enim
1639 4433 1703 4486 ad
1726 4432 2128 4503 Nathanaelem,

549 4517 658 4570 ait:
689 4515 849 4582 Quem
874 4517 1074 4586 scripsit
1117 4517 1316 4588 Moyses
1339 4520 1392 4572 in
1422 4520 1530 4589 lege
1565 4531 1612 4574 et
1639 4525 1914 4593 prophetia,
1937 4527 2132 4580 inveni-

551 4622 663 4660 mus
687 4607 866 4675 (Joau.
887 4607 937 4660 1.
966 4607 1080 4676 15).
1101 4607 1287 4662 Viden‘
1305 4625 1462 4678 quam
1486 4611 1746 4680 vigilaret,
1773 4625 1826 4669 et
1843 4633 2000 4685 quam
2025 4617 2132 4672 fre-

553 4705 781 4766 quenter
804 4695 996 4768 Moysi:
1021 4699 1215 4768 scripta
1237 4699 1598 4763 meditaretur,
1623 4711 1778 4773 atque
1803 4716 2135 4775 exspectaret

548 4785 748 4842 Christi
771 4784 1093 4842 adventum?
1117 4787 1247 4843 Nam
1273 4788 1420 4856 illud,
1454 4787 1768 4860 Invenimus,
1797 4793 1913 4863 ejus
1935 4805 2018 4850 est
2041 4797 2129 4863 qui

547 4891 764 4948 semper
789 4878 999 4950 quarit.
1027 4878 1092 4934 In
1113 4889 1386 4935 crastinum
1411 4883 1561 4937 exivit
1583 4882 1734 4939 Jesus
1762 4887 1816 4939 in
1843 4884 2130 4944 Galilaeam.

608 5035 682 5097 (α)
714 5035 1028 5104 Proverbia!!!
1053 5033 1172 5104 illud
1199 5035 1270 5104 sic
1291 5034 1461 5086 Graece
1489 5036 1688 5104 legitur,
1718 5053 1826 5092 ωτι
1853 5058 1904 5104 τῷ
1927 5059 2134 5104 μιμμνθντι

608 5067 682 5097 νη
716 5067 730 5083 Ι
747 5067 1028 5085 suun-iuun-
1054 5067 1172 5084 ιιιιιυ
1199 5067 1269 5085 σιν
1292 5067 1461 5086 υιωυσ
1489 5067 1688 5101 ιυϋιιυι,
1718 5067 1826 5092 unt
1853 5067 1904 5104 τῷ
1927 5067 1970 5102 ιιι
1993 5067 2132 5103 alim

547 5107 730 5165 lvmbn
759 5109 935 5165 eamea.
971 5095 1104 5165 Haec.
1128 5097 1169 5146 si
1213 5097 1271 5145 ad
1312 5110 1516 5146 vernum
1559 5100 1796 5165 explices,
1841 5067 2132 5165 signiiimnt,

546 5159 683 5208 Omni
718 5157 922 5226 curanti,
955 5157 1055 5218 vel,
1079 5165 1304 5226 accurate
1347 5161 1585 5221 quaerenti
1623 5157 1800 5225 aliquid
1832 5157 2132 5226 superﬂuum

548 5226 641 5268 est.
667 5219 759 5268 sed
783 5220 874 5268 hoc
897 5233 1044 5268 sensu
1072 5232 1164 5267 non
1190 5221 1253 5268 ita
1275 5219 1504 5269 consonat
1527 5235 1635 5270 cum
1658 5219 1995 5276 sequentibus.
2021 5234 2132 5276 Nam

546 5277 1092 5346 inquit‘Chrysosttmus
1111 5296 1137 5346 _:
1168 5279 1392 5346 Christus
1414 5281 1592 5344 aliquid
1625 5277 1832 5346 amplius
1862 5288 2133 5338 subiudicat

549 5351 656 5410 cum
681 5341 929 5410 dicit,:Qui
963 5341 1136 5410 aluerit
1160 5341 1351 5391 invenit.
1378 5341 1676 5410 Quapropter
1700 5341 1875 5397 melius
1899 5349 2132 5410 intelligi-

548 5405 626 5472 tur
651 5403 976 5472 proverbium,
1002 5405 1090 5472 hoc
1115 5410 1276 5472 pacto,
1295 5406 1439 5472 omni
1453 5403 1660 5472 sollicite
1691 5411 1935 5472 quaerenti
1953 5403 2130 5472 aliquid

549 5471 776 5522 superest
786 5465 1099 5528 quaerendum
1107 5464 1203 5525 ,vel
1217 5465 1395 5528 aliquid
1412 5466 1568 5514 deest.
1583 5464 1822 5517 Caeterum
1834 5471 1879 5517 iu
1892 5464 2131 5519 Hebraioo

540 5544 695 5617 117D
725 5525 1115 5617 roman-5;:
1155 5549 1205 5599 in
1233 5550 1367 5617 omni
1394 5549 1563 5602 labore
1589 5553 1676 5602 erit
1707 5551 2129 5617 emolumentum;

559 5611 639 5661 vel
688 5619 741 5661 ut
761 5613 811 5660 in
832 5611 1038 5674 Vulgata
1062 5613 1258 5677 legitur,
1283 5615 1332 5666 in
1355 5618 1480 5669 omni
1501 5631 1643 5683 opere
1665 5619 1756 5670 erit
1777 5622 2085 5673 abundantia.

2241 3418 2538 3490 Antequam
2573 3422 2717 3476 enim
2747 3422 2845 3493 ipsi
2880 3424 3018 3480 ullus
3056 3425 3307 3494 haereret,
3341 3427 3608 3482 neminem
3650 3436 3826 3485 vorat.

2240 3509 2296 3566 Id
2325 3526 2452 3567 vero
2479 3527 2583 3568 non
2615 3514 2732 3569 sine
2774 3530 2932 3570 causa
2985 3516 3127 3582 fecit,
3178 3516 3274 3573 sed
3316 3532 3523 3573 summa
3569 3519 3826 3588 sapientia

2237 3609 2398 3672 atque
2445 3603 2744 3672 prudentia.
2789 3603 2922 3659 Nam
2963 3606 3008 3660 si
3058 3608 3271 3663 nemine
3315 3618 3508 3679 sponte
3535 3609 3828 3665 accedente

2240 3695 2385 3766 ipsos
2413 3696 2498 3751 ille
2525 3698 2852 3764 attraxisset,
2887 3697 3112 3755 fortasse
3141 3710 3324 3770 postea
3352 3701 3706 3757 resiliissent:
3737 3703 3824 3758 ubi

2239 3797 2415 3840 autem
2449 3787 2577 3843 illud
2608 3789 2747 3843 ultro
2793 3789 3124 3858 delegerunt,
3157 3792 3296 3846 ﬁrmi
3326 3803 3506 3861 postea
3553 3809 3822 3849 mansere.

2240 3877 2539 3947 Philippmn
2571 3889 2750 3935 autem
2779 3893 2934 3936 vocat
2962 3883 3061 3937 sibi
3087 3889 3254 3953 magis
3281 3894 3490 3952 nolunt,
3519 3895 3700 3956 utpote
3731 3887 3820 3954 qui

2239 3968 2294 4022 in
2341 3968 2560 4024 Galilzea
2606 3983 2760 4026 natus
2798 3981 2852 4026 et
2891 3973 3146 4028 educatus
3171 3985 3332 4030 esset.
3364 3977 3667 4045 Assumptis
3696 3993 3827 4048 ergo

2239 4058 2534 4128 discipulis,
2580 4059 2648 4114 ad
2677 4063 3003 4131 reliquorum
3048 4076 3296 4119 venatum
3349 4065 3724 4134 proﬁciscitur,
3758 4081 3825 4123 ac

2241 4149 2542 4218 Philippum
2570 4161 2624 4206 et
2651 4151 3029 4208 Nathanaelem
3075 4154 3314 4210 attrahit.
3363 4157 3437 4211 De
3486 4158 3590 4211 hoc
3638 4167 3820 4212 autent

2241 4255 2347 4294 non
2377 4253 2480 4295 tam
2504 4242 2750 4298 mirabile
2773 4242 2891 4309 fuit,
2915 4246 3036 4314 quia
3061 4245 3186 4301 Jesu
3217 4247 3354 4301 iiuna
3383 4264 3478 4317 per
3507 4257 3668 4304 totam
3718 4249 3826 4319 Sy-

2238 4332 2371 4387 riam
2403 4334 2789 4402 pervolaverat;
2810 4335 2903 4390 sed
2927 4337 3120 4391 mirum
3139 4349 3254 4392 erat
3273 4339 3414 4408 quod
3440 4339 3632 4394 Petrus
3650 4347 3706 4394 et
3730 4339 3825 4394 Ja-

2238 4423 2404 4477 cobus
2432 4431 2486 4477 et
2516 4423 2792 4494 Philippus
2821 4427 3031 4494 sequuti
3061 4429 3188 4493 sint,
3219 4443 3324 4482 non
3353 4430 3515 4484 modo
3543 4429 3683 4500 quod
3701 4439 3826 4485 ante

2239 4513 2388 4580 signa
2416 4514 2760 4580 crediderint,
2783 4515 2876 4570 sed
2917 4517 3074 4571 etiam
3113 4519 3257 4588 quod
3285 4535 3348 4574 ex
3376 4521 3589 4576 Galilma
3619 4532 3823 4587 essent,

2239 4601 2380 4655 unde
2405 4617 2505 4656 nec
2531 4603 2786 4673 pr0pheta
2814 4605 3081 4676 prodibat,
3113 4625 3285 4679 neque
3310 4610 3507 4681 aliquid
3545 4611 3672 4666 boni
3710 4614 3826 4668 exi-

2242 4691 2362 4746 bat:
2388 4695 2581 4748 rustiea
2607 4695 2800 4766 quippe
2816 4710 2947 4765 gens
2965 4707 3100 4764 erat,
3121 4701 3364 4769 agrestis,
3387 4717 3598 4770 aspera.
3625 4702 3823 4758 Verum

2239 4783 2366 4838 inde
2387 4783 2630 4840 Christus
2654 4788 2946 4855 potentiam
2972 4791 3205 4846 ostendit
3229 4807 3402 4861 suam,
3431 4794 3558 4850 dum
3586 4811 3652 4852 ex
3681 4806 3824 4850 terra

2239 4877 2446 4931 nullum
2477 4879 2682 4934 ferente
2709 4877 2961 4946 fructum,
2990 4883 3242 4940 selectam
3281 4887 3666 4955 discipulorum
3696 4903 3818 4956 par-

2240 4977 2345 5024 tem
2377 4969 2588 5025 eduxit.
2610 4971 2908 5028 Verisimile
2934 4974 3095 5044 igitur
3117 4989 3200 5032 est
3215 4977 3538 5050 Philippum,
3565 4980 3705 5050 quod
3724 4979 3822 5035 Pc-

2240 5071 2376 5117 trum
2409 5063 2628 5118 vidisset
2664 5072 2718 5120 et
2743 5063 3003 5120 Joannem
3045 5068 3299 5134 audisset,
3343 5083 3623 5138 sequutum
3665 5086 3820 5137 esse;

2237 5154 2493 5210 credibile
2513 5169 2724 5226 quoque
2745 5167 2824 5212 est
2845 5154 3040 5212 Christi
3063 5174 3244 5214 vocem
3272 5161 3467 5230 aliquid
3499 5164 3549 5216 in
3579 5161 3666 5216 illo
3689 5177 3825 5230 ope-

2237 5255 2404 5301 ratam
2430 5260 2585 5301 esse:
2613 5255 2833 5300 noverat
2861 5248 3003 5301 enim
3034 5249 3278 5304 Christus
3303 5254 3518 5321 quinam
3547 5252 3719 5307 idonei
3743 5251 3825 5306 fu-

2238 5339 2340 5391 turi
2385 5347 2584 5392 esseut.
2633 5336 2967 5407 Evangelista
3013 5350 3187 5395 autem
3235 5343 3349 5397 luce
3390 5345 3564 5397 omnia
3596 5345 3819 5412 carptim

2237 5439 2470 5482 enarrat.
2499 5427 2649 5493 Quod
2676 5425 2918 5483 Christus
2954 5441 3209 5485 venturus
3238 5443 3400 5499 esset,
3434 5433 3532 5488 hoc
3562 5435 3647 5489 ille
3677 5437 3822 5488 scie-

2239 5519 2364 5572 bat:
2395 5517 2536 5576 auod
2567 5533 2693 5571 vero
2725 5517 2808 5572 hic
2834 5528 2976 5573 esset
3002 5519 3242 5577 Christus
3267 5522 3563 5592 ignorabat,
3595 5523 3646 5577 id
3677 5524 3818 5594 quod

2238 5610 2408 5679 ipsum
2434 5610 2513 5665 vel
2536 5625 2563 5662 a
2597 5611 2752 5664 Petro
2780 5611 2861 5664 vel
2888 5627 2914 5664 a
2943 5610 3148 5666 Joanne
3185 5615 3452 5669 audivisse
3482 5625 3627 5685 puto.
3658 5616 3823 5670 Joan-
