4068 6136
539 240 646 297 126

538 347 852 424 προφητῶν,
913 344 1007 398 καὶ
1051 340 1314 424 δυσωπῶν
1358 339 1456 424 τὸν
1487 336 1786 424 Δδικρρατὴν
1826 331 2089 424 ἐντεῦθεν.

548 412 766 501 ’ἐπειδὴ
801 427 907 499 γάρ
958 429 987 479 6
1015 420 1305 491 Ναθαναὴλ
1347 418 1578 490 ἀκριϐὴς
1622 414 1689 488 ἦν
1714 456 1730 483 ,
1780 415 1876 501 καὶ
1919 412 2097 501 πάντα

536 497 915 582 διεσκεμμένος
942 505 1080 577 μετά
1100 503 1376 574 ἀληθείας,
1405 502 1479 563 ῶς
1507 500 1601 576 καὶ
1621 502 1649 552 6
1667 497 1905 582 Χριστὸς
1928 497 2097 582 ἐμαρ-

537 578 777 667 τύρησε,
797 592 892 645 καὶ
930 589 989 642 τὸ
1016 587 1174 658 ἔργον
1200 584 1416 649 ἔδειξεν,
1448 582 1669 667 εἰκότως
1703 580 1869 667 αὐτὸν
1893 578 2098 667 tul-16v

538 658 774 732 Μῶὺσέα
808 673 902 727 xal
938 671 1063 735 τοὺς
1109 667 1388 738 προφήτας
1432 661 1809 733 παρέπεμψεν,
1845 660 1932 715 ίνα
1959 658 2099 713 οὑτω

537 757 905 830 παραδέξηται
939 752 1029 806 τὸν
1071 748 1488 830 κηρυττόμενον.
1538 747 1600 798 Εἰ
1635 745 1706 830 -δέ
1745 744 1859 830 υίὸν
1905 741 2100 830 Ἰωσὴφ

538 824 699 895 αὑτὸν
746 824 913 903 λέγει,
952 833 1026 903 μή
1075 828 1379 900 θορυϐηθῇς
1405 844 1419 857 ·
1459 827 1540 879 ἐτι
1588 826 1698 903 γὰρ
1736 824 1923 877 τούτου
1974 826 2102 885 παῖς

539 900 831 989 ἐνομίζετο*
869 900 1026 967 εἶναι.
1075 912 1186 964 Kal
1233 910 1394 963 πόθεν
1436 908 1614 978 δῆλον,
1665 900 1710 960 ῶ
1739 907 1991 971 Φίλιππε,
2020 905 2101 989 δτι

538 986 691 1064 οὗτος
730 996 932 1059 ἐκεῖνός
969 995 1119 1058 ἐστι;
1170 992 1223 1045 τί
1267 991 1446 1059 λέγεις
1491 993 1621 1060 ἡμῖν
1663 989 1989 1058 τεκμήριον;
2026 986 2101 1038 Οὐ

539 1085 648 1154 γάρ
690 1080 849 1150 ἀρκεῖ
899 1076 1057 1146 μόνον
1110 1074 1171 1127 τὸ
1219 1073 1618 1154 ἀποφήνασθαι.
1644 1071 1831 1154 ΑΙΙοῖον
1880 1070 2102 1154 σημεῖον

541 1148 894 1229 εἶδεςςίποῖον
935 1156 1119 1227 θαῦμα
1142 1172 1157 1221 ;
1183 1157 1296 1209 Οὐκ
1326 1154 1472 1208 ἐστιν
1512 1152 1790 1207 ἀκίνδυνον
1826 1148 2102 1202 πιστεύειν

541 1247 729 1308 ἀπλῶς
770 1243 909 1313 ὑπὲρ
949 1241 1206 1294 τοιούτων
1247 1238 1605 1308 πραγμάτων.
1648 1235 1813 1287 Ποίαν
1839 1230 1929 1287 οῦν
1958 1232 2102 1302 ἔχεις

542 1326 847 1391 ἀπόδειξιν;
903 1324 1014 1394 Τήν
1052 1320 1219 1391 αὐτὴν
1251 1320 1330 1389 τῷ
1370 1319 1593 1389 Ἀνδρέα
1614 1356 1629 1380 ,
1676 1316 1832 1394 φησί.
1866 1315 1975 1369 Kal
1996 1315 2103 1383 γάρ

544 1413 744 1474 ἐκεῖνος
793 1393 1137 1477 παραστῆσαι
1169 1402 1258 1454 τὸν
1287 1401 1509 1453 πλοῦτον
1538 1399 1594 1452 6v
1626 1393 1784 1470 ε’ὑρεν
1811 1398 1911 1451 οὐκ
1942 1398 2099 1467 ἔχων,

541 1495 660 1547 οὐδὲ
686 1492 772 1545 διὰ
794 1489 1053 1561 ῥημάτων
1080 1484 1446 1548 ἐπιδείξασθαι
1477 1483 1769 1552 δυνάμενος
1795 1480 1886 1533 τὸν
1909 1479 2104 1550 θησαυ-

543 1578 655 1651 ρὸν,
680 1576 799 1645 ἄγει
823 1573 959 1645 πρὸς
989 1571 1079 1623 τὸν
1125 1568 1416 1640 εὑρεθέντα
1455 1565 1818 1651 τὸνάδελφόν.
1851 1562 2100 1651 ρῦτω-δὴ

542 1645 635 1714 καὶ
665 1654 836 1721 οὗτος,
870 1655 987 1717 πῶς
1034 1653 1130 1723 μὲν
1168 1651 1329 1713 αὐτός
1362 1651 1508 1702 ἐστιν
1551 1650 1748 1709 ἐκεῖνος
1791 1648 1819 1699 6
1851 1645 2100 1723 Χριστὸς,

542 1743 636 1794 καὶ
671 1739 786 1801 πῶς
813 1737 972 1791 αὐτὸν
1006 1721 1055 1787 οί
1096 1731 1370 1802 προφῆται
1400 1726 1861 1799 προανεκήρυξαν,
1893 1728 1991 1778 οὐκ
2024 1721 2103 1777 εἶ-

543 1819 847 1877 πενο⁹ἐλκει
886 1820 941 1872 δέ
969 1817 1130 1870 αὐτὸν
1173 1815 1309 1885 πρὸς
1342 1812 1431 1865 τὸν
1474 1809 1700 1880 Ἰησοῦν,
1735 1810 1833 1862 οὐκ
1868 1808 2104 1877 ἀποστη-

542 1905 765 1974 σόμενον
791 1901 973 1955 λοιπὸν
1006 1896 1180 1980 εἰδὼς,
1204 1897 1269 1949 ἂν
1300 1894 1408 1980 τῶν
1436 1893 1694 1980 ῥημάτων
1727 1890 1985 1980 γεύσηται
2010 1889 2103 1980 καὶ

538 1970 636 2054 τῆς
679 1980 1022 2041 διδασκαλίας
1062 1978 1291 2030 ἐκείνου.
1344 1976 1452 2029 Kal
1500 1970 1669 2026 εἶπεν
1707 1971 1864 2054 αὐτῷ
1909 1972 2101 2054 Ναβα-

538 2050 716 2131 νάιμ·
745 2066 843 2118 Ἐκ
867 2058 1125 2128 Ναζαρὲτ
1139 2058 1387 2112 δύναταί
1412 2073 1463 2109 τι
1487 2055 1706 2124 ἀγαθὸν
1721 2050 1868 2106 εἶναι
1893 2070 1911 2116 ;
1936 2052 2104 2121 Λέγει

541 2144 697 2211 αὐτῷ
725 2146 1035 2208 Φίλιππος·
1062 2143 1284 2209 Ἔρχου
1323 2138 1423 2192 καὶ
1455 2136 1561 2191 ἴδε.
1597 2133 1773 2190 Εἷδεν
1794 2138 1827 2189 ό
1867 2135 2104 2201 Ἰησοῦς

538 2228 646 2281 τὸν
677 2223 1002 2291 Ναθαναὴλ
1042 2224 1366 2291 ἐρχόμενον
1390 2220 1537 2286 πρὸς
1574 2217 1776 2281 αὑτὸν,
1818 2217 1914 2291 καὶ
1942 2218 2103 2282 λέγει

538 2307 669 2374 περὶ
699 2305 904 2359 αὑτοῦ·
933 2289 1047 2356 Ἴδε
1072 2289 1307 2369 ἀληθῶς
1340 2301 1734 2367 Ἰσραηλίτης.
1756 2297 1825 2349 ἐν
1850 2289 1897 2362 ᾧ
1924 2295 2104 2361 δόλος

538 2391 650 2443 οὐκ
679 2387 868 2441 ἔστιν.
918 2383 1134 2452 Ἐπειδὴ
1171 2377 1323 2435 εἶπεν
1347 2392 1396 2450 ι,
1436 2381 1530 2432 Ἐκ
1567 2376 1824 2445 Ναζαρὲτ
1855 2375 2104 2431 δύναται

536 2486 593 2523 τι
619 2468 844 2538 ἀγαθὸν
872 2463 1046 2528 εἶναι,
1083 2465 1298 2518 ἐπαινεῖ
1336 2463 1431 2516 καὶ
1467 2460 1741 2533 θαυμάζει
1780 2459 1870 2512 τὸν
1900 2459 2104 2530 ἀνθρω-

535 2567 655 2605 πον.
713 2550 823 2603 Kal
870 2548 977 2619 μὴν
998 2545 1355 2615 ⁵ἐγκληθῆναι
1393 2542 1552 2597 αὐτὸν
1585 2543 1769 2613 ἐχρῆν.
1816 2540 2097 2611 Οὐδαμῶς.

537 2637 671 2691 Οὐδὲ
694 2636 803 2706 γάρ
833 2631 1185 2694 ἀπιστοῦντος
1203 2626 1270 2702 ἦν
1302 2630 1370 2682 τά
1394 2631 1611 2701 ῥήματα
1631 2668 1647 2695 ,
1676 2627 1795 2680 οὐδὲ
1829 2625 2103 2697 ἐγκλημά-

533 2734 643 2771 των
672 2717 816 2784 ἀξια,
845 2716 958 2769 ἀλλ’
993 2714 1250 2768 ἐπαίνων.
1297 2712 1419 2775 Πῶς
1461 2712 1555 2766 καὶ
1585 2710 1690 2764 τίνι
1729 2710 1946 2780 τρόπῳ;
1976 2709 2099 2763 Ὅτι

534 2800 798 2854 ⁴Ιιιλίππου
830 2797 1027 2868 μᾶλλον
1054 2789 1205 2858 οὗτος
1232 2793 1567 2863 ἐσκεμμένος
1590 2790 1657 2864 ἦν
1677 2793 1744 2853 τά
1764 2791 2096 2864 προφητικιι

535 2881 647 2935 Kal
691 2881 797 2951 γάρ
835 2876 902 2951 ἦν
951 2878 1234 2942 ἀκούσαςδ
1267 2877 1373 2930 ἀπὸ
1416 2875 1523 2929 τῶν
1565 2873 1827 2944 Γραφῶν,
1864 2873 1946 2926 δτι
1993 2872 2099 2925 ἀπὸ

533 2962 782 3035 Βηθλεὲμ
810 2962 890 3015 δεῖ
914 2961 1002 3013 τὸν
1031 2958 1264 3030 Χριστὸν
1294 2957 1489 3018 ἐλθεῖν,
1520 2956 1614 3009 καὶ
1653 2955 1760 3008 ἀπὸ
1782 2954 1881 3023 τῆς
1908 2953 2098 3024 κώμης

531 3045 593 3099 ἐν
626 3038 660 3117 ᾖ
684 3041 750 3114 ἦν
778 3042 958 3095 Δαυῖδ.
990 3041 1160 3094 Τοῦτο
1192 3038 1321 3107 γοῦν
1351 3039 1444 3091 καὶ
1465 3037 1613 3108 παρά
1642 3037 1915 3100 Ἰουδαίοις
1942 3036 2099 3107 ἐκρά-

531 3142 645 3189 τει,
672 3125 766 3177 καὶ
799 3127 827 3177 ό
861 3124 1145 3193 προφήτης
1176 3120 1380 3175 ἀνωθεν
1427 3120 1691 3189 ἐκήρυττε
1742 3117 1948 3186 λέγων·
1984 3118 2094 3172 Kal

532 3207 637 3270 σὺ,
660 3205 947 3274 Βηθλεὲμ,
972 3202 1244 3271 οὐδαμῶς
1263 3202 1552 3269 ἐλαχίστη
1578 3196 1633 3253 εἴ
1649 3202 1717 3252 ἐν
1734 3199 1854 3264 τοῖς
1880 3199 2095 3270 ἡγεμό-

532 3304 636 3342 σιν
668 3285 852 3341 Ἰούδα
872 3302 885 3316 ·
917 3286 985 3340 ἐκ
1011 3285 1127 3339 σοῦ
1159 3284 1268 3353 γὰρ
1310 3284 1691 3346 ἐξελεύσεται
1731 3281 2091 3349 ἡγούμενος,

533 3369 700 3434 ὅστις
723 3366 1002 3438 ποιμανεῖ
1031 3366 1138 3420 τόν
1170 3366 1323 3420 λαόν
1348 3383 1466 3434 μου
1495 3363 1602 3417 τόν
1642 3362 1899 3431 Ἰσραήλ.
1941 3364 2093 3418 Ἐπεὶ

529 3446 624 3504 οῦν
652 3452 901 3521 ήκουσεν,
925 3450 1005 3503 δτι
1031 3449 1094 3501 ἐκ
1126 3445 1399 3517 Ναζαρὲτ,
1442 3444 1742 3515 ἐθορυδήθη
1783 3445 1874 3497 καὶ
1909 3444 2094 3515 διηπό-

532 3550 720 3605 ρησεν,
744 3532 841 3603 οὐχ
863 3532 1127 3601 εὑρίσκων
1157 3528 1552 3598 συμϐαίνουσαν
1583 3526 1675 3579 τοῦ
1702 3526 1965 3579 Φιλίππου
1994 3525 2092 3598 τὴν

531 3613 859 3682 ἐπαγγελίαν
894 3616 960 3683 τῇ
1005 3612 1313 3682 προφητικῇ
1359 3610 1677 3681 προρρήσει.
1710 3609 1819 3662 θέα
1843 3608 1899 3661 δέ
1924 3609 2088 3662 αὐτοῦ

530 3696 625 3750 καὶ
653 3700 709 3749 ἐν
734 3698 798 3766 τῇ
824 3696 1139 3766 διαπορήσει
1166 3694 1264 3765 τὴν
1299 3691 1513 3746 σύνεσιν
1543 3692 1636 3744 καὶ
1663 3692 1980 3746 ἐπιείκειαν.
2014 3691 2087 3745 Οὐ

529 3776 638 3846 γὰρ
666 3772 816 3829 εἷπεν
836 3775 1053 3838 εὐθέως·
1072 3774 1308 3843 Ἀπατᾷς
1332 3790 1419 3842 με,
1451 3769 1494 3825 ῶ
1512 3773 1763 3836 Φίλιππε,
1783 3773 1876 3825 καὶ
1897 3773 2084 3844 ψεύδῃ·

529 3858 591 3910 οὑ
623 3856 898 3926 πείθομαι,
931 3855 992 3907 οὐ
1025 3854 1412 3925 παραγίνομαι·
1447 3853 1647 3924 ἔμαθον
1679 3854 1787 3907 ἀπὸ
1817 3854 1925 3907 τῶν
1952 3872 2088 3924 προ-

529 3940 737 4011 φητῶν,
770 3940 851 3993 ὅτι
885 3938 991 3991 ἀπὸ
1034 3936 1281 4008 Βηθλεέμ
1313 3937 1403 3989 τὸν
1432 3936 1662 4007 Χριστὸν
1692 3936 1865 3989 ἐλθεῖν
1893 3938 1991 3990 δεῖ·
2023 3939 2086 3991 σὺ

524 4010 599 4075 δέ
627 4021 822 4089 λέγεις,
864 4021 973 4074 ἀπὸ
1012 4018 1297 4087 Ναζαρέτ·
1353 4018 1414 4070 οὐ
1459 4016 1635 4070 τοίνυν
1683 4010 1837 4082 οὗτος
1883 4020 2089 4083 ἐκεῖνός

526 4106 692 4157 ἐστιν.
731 4103 871 4156 Ἀλλ’
903 4103 1055 4155 οὐδὲν
1083 4100 1287 4154 τούτων
1306 4095 1477 4153 εἶπεν·
1510 4099 1645 4154 ἀλλά
1668 4099 1755 4167 τίς
1782 4101 2084 4171 Παραγίνε-

524 4203 614 4239 ται
635 4186 729 4240 καὶ⁵
755 4179 930 4249 οὗτος,
963 4185 1041 4255 τῷ
1073 4184 1172 4255 μέν
1218 4184 1293 4253 μὴ
1325 4182 1713 4247 καταδέξασθαι
1745 4186 1808 4236 ἐκ
1832 4184 2085 4252 Ναζαρὲτ

526 4268 688 4321 αὐτὸν
715 4265 872 4331 εἶναι,
898 4268 996 4339 τήν
1023 4266 1304 4337 ἀκρίϐειαν
1338 4266 1436 4338 τὴν
1466 4268 1594 4337 περὶ
1622 4266 1721 4329 τὰς
1748 4266 1968 4336 Γραφάς
1996 4267 2085 4335 δη-

522 4351 650 4418 λῶν,
676 4352 769 4405 καὶ
791 4352 852 4404 τὸ
866 4351 970 4404 τῶν
989 4351 1203 4421 τρόπων
1225 4349 1629 4419 ἀνεξαπάτητον
1646 4365 1659 4377 ·
1677 4348 1917 4421 [Μητῷ
1931 4350 1985 4402 δέ
2005 4349 2081 4421 μή

520 4438 809 4490 διαπτύσαι
833 4438 923 4490 τὸν
944 4437 1370 4503 ἀπαγγείλαντα,
1386 4435 1478 4487 τὸν
1497 4434 1662 4488 πολὺν
1682 4435 1863 4497 πόθον,
1890 4435 1948 4488 δν
1968 4431 2079 4505 εἶχε

520 4520 650 4589 περὶ
671 4517 770 4588 τήν
793 4516 885 4568 τοῦ
900 4516 1132 4585 Χριστοῦ
1154 4515 1471 4583 παρουσίαν,
1486 4516 1783 4584 ἐμφαίνων.
1798 4516 2077 4585 Ἐνενόησε

519 4598 649 4668 γὰρ,
674 4600 755 4651 δτι
783 4597 928 4661 είκὸς
951 4593 1019 4667 ἦν
1046 4597 1307 4649 Φίλιππον
1336 4597 1463 4665 περὶ
1486 4596 1578 4648 τὸν
1600 4596 1761 4649 τόπον
1794 4599 2074 4665 ἐσφάλθαι.

540 4692 553 4705 ·
593 4679 659 4748 βο.
693 4679 800 4732 ea
820 4678 876 4732 δέ
908 4695 997 4748 μοι
1035 4679 1130 4731 καὶ
1175 4678 1273 4748 τήν
1313 4677 1663 4745 παραίτησιν,
1711 4678 1827 4741 πῶς
1864 4680 2075 4749 ἐπιεικῆ

518 4762 829 4828 πεποίηται,
855 4761 950 4813 καὶ
972 4760 1029 4812 ἐν
1045 4760 1361 4829 ἐρωτήσεως
1374 4755 1526 4821 τάξει
1554 4770 1604 4812 ο.
1625 4759 1758 4811 Οὐδὲ
1780 4758 1886 4830 γὰρ
1903 4755 2073 4826 εἶπεν,

517 4841 680 4895 οὐδὲν
700 4841 900 4908 ἀγαθὸν
925 4842 956 4911 ή
987 4840 1244 4894 Γαλιλαία
1273 4840 1444 4909 φέρει·
1476 4839 1608 4893 ἀλλά
1641 4840 1788 4904 πῶς;
1837 4841 1935 4893 Ἐκ
1962 4843 2077 4895 Na-

516 4919 683 4990 ᾱιρέτ
713 4923 964 4975 δύναταί
994 4939 1048 4975 τι
1075 4921 1299 4991 ἀγαθόν
1321 4921 1507 4986 εἷναι;
1530 4921 1737 4992 Σφόδρα
1764 4921 1819 4974 δὲ
1839 4917 1906 4992 ἦν
1936 4924 2028 4976 καὶ
2048 4925 2076 4976 6

513 5004 775 5068 Φίλιππος
802 5005 1039 5067 συνετός.
1095 5006 1170 5057 Οὐ
1203 5005 1310 5072 γάρ
1343 5005 1417 5067 ώς
1445 5003 1742 5075 ἀπορηθεὶς
1781 5007 2077 5073 ἀγανακτεῖ

513 5087 609 5142 καὶ
632 5086 988 5157 δυσχεραίνει,
1017 5087 1132 5139 ἀλλ’
1166 5087 1410 5156 ἐπιμένει
1437 5088 1526 5140 τὸν
1554 5087 1581 5126 ἀ
1622 5088 1789 5159 ἄνδρα
1820 5088 2074 5159 βουλόμε-

511 5185 601 5232 νος
633 5170 876 5237 ἀγαγεῖν,
900 5170 994 5222 καὶ
1025 5169 1089 5222 ἐκ
1120 5169 1419 5240 προοιμίων
1449 5169 1545 5239 τήν
1593 5171 1873 5240 ἀποστόλῳ
1901 5187 2072 5241 προσ-

513 5249 748 5319 ήκουσαν
774 5251 1014 5305 εὐτονίαν
1041 5252 1172 5322 ήμῖν
1203 5251 1626 5321 ἐνδεικνύμενος.
1659 5252 1756 5306 Διά
1781 5253 1952 5306 ταῦτα
1978 5254 2071 5306 καὶ⁵

508 5329 541 5382 6
572 5330 801 5399 Χριστός
833 5349 1013 5402 φησιν·
1054 5332 1177 5389 Ἴδε
1215 5331 1452 5401 άληθῶς
1483 5334 1876 5402 Ἰσραηλίτης,
1916 5335 1986 5388 ἐν
2021 5327 2071 5400 ᾧ

509 5409 690 5476 δόλος
711 5416 820 5465 οὐκ
842 5415 1031 5489 ἐστιν.
1055 5416 1217 5470 ’Ὥστε
1242 5416 1320 5469 ένι
1347 5416 1442 5469 καὶ
1468 5416 1671 5487 ψευδὴς
1708 5416 2065 5489 Ἰσραηλίτης.

521 5492 658 5545 ⁹Δλλ’
691 5495 789 5563 οὐχ
814 5488 965 5560 οὗτος
993 5498 1228 5562 τοιοῦτος
1245 5511 1261 5528 ’
1294 5499 1589 5561 ἀδέκαστος
1621 5499 1726 5569 γὰρ
1750 5488 1937 5566 αὐτοῦ,
1964 5518 2067 5571 φη-

568 5593 788 5663 ξῃοτςι
826 5596 914 5663 οὑκ
957 5599 1100 5663 ἐστινέ
1134 5597 1369 5663 Ἐντεῦθεν
1389 5598 1731 5663 ιπςιεήκιῐπεν.
1761 5599 1813 5647 In
1836 5598 1995 5663 Sam,
2012 5603 2066 5649 et
2159 5593 2338 5663 {{9}};

505 5652 615 5703 aliis
633 5653 838 5727 ςντεῦθεν
858 5656 1017 5727 dces}.
1084 5656 1111 5693 δ
1136 5659 1273 5727 All»!
1295 5660 1374 5727 καί
1540 5652 1770 5727 ’ἤκουσενς

490 5714 754 5781 ,πεποίηται
780 5716 1113 5778 ἐπερωτήσεως
1142 5719 1283 5774 τάξει.
1347 5717 1376 5759 ἀ
1396 5714 1495 5770 Illi
1531 5714 1695 5769 τοῦτον
1713 5720 1808 5768 τόν.

1210 228 1268 284 S.
1310 224 1593 283 JOANNIS
1628 217 2113 277 CHRYSOSTOMI
2151 218 2468 276 ARCHIEP.
2504 223 3044 281 CONSTANTINOP.

3642 232 3751 291 120

2203 332 2306 395 clv,
2336 335 2370 403 ή
2394 336 2590 406 κρίσις·
2615 339 2765 391 οὐδὲν
2798 340 2930 408 πρὸς
2953 342 3127 411 χάριν,
3150 341 3267 394 οὐδὲ
3303 340 3436 411 πρὸς
3462 342 3757 413 ἀπέχθειαν

2202 414 2514 483 φθέγγεται.
2556 420 2746 472 Καίτοι
2785 420 3024 472 Ἰουδαῖοι
3073 423 3507 493 ἐπερωτηθέντες
3531 463 3548 487 ,
3578 424 3679 476 ποῦ
3728 426 3758 476 6

2202 497 2432 566 Χριστὸς
2456 501 2741 567 γεννᾶται,
2773 497 2922 554 εἶπον
2974 501 3056 554 ὅτι
3100 505 3157 555 ἐν
3204 503 3481 572 Βηθλεέμ,
3524 505 3617 558 καὶ
3658 504 3756 575 τὴν

2203 579 2504 648 μαρτυρίαν
2532 582 2853 650 παρήγαγον
2876 582 3117 650 λέγοντες
3143 600 3156 614 ·
3193 585 3301 637 Kal
3330 584 3432 648 σὺ,
3462 585 3753 653 Βηθλεὲμ,

2197 658 2470 727 οὐδαμῶς
2511 661 2799 731 ἐλαχίστη
2844 660 2903 717 εἲ
2936 664 3004 717 ἐν
3038 665 3159 729 τοῖς
3193 664 3480 734 ἡγεμόσιν
3539 666 3755 721 Ἰούδα.

2211 740 2349 791 Ἀλλ’
2378 743 2573 795 ἐκεῖνοι
2592 744 2689 812 μὲν
2710 746 2839 813 πρὶν
2860 744 2985 797 ίδεῖν
3003 746 3338 818 ἐμαρτύρουν
3358 745 3550 799 ταῦτα·
3567 746 3757 819 ἐπειδὴ

2196 820 2257 875 δέ
2289 819 2448 888 εἶδον,
2479 824 2583 878 ὑπὸ
2613 825 2711 894 τῆς
2744 825 3038 895 βασκανίας
3069 829 3166 897 τὴν
3195 828 3496 899 μαρτυρίαν
3513 830 3760 900 ἀπέκρυ-

2196 903 2302 973 ψαν
2333 903 2601 972 λέγοντες·
2643 908 2863 961 Τοῦτον
2882 909 2949 961 δὲ
2970 911 3079 963 οὐκ
3101 910 3346 978 οἴδαμεν
3368 912 3754 967 πόθενὲστίν.

2211 986 2268 1039 '0
2308 987 2363 1040 δὲ
2389 987 2678 1059 Ναθαναήλ
2706 991 2804 1060 οὐχ
2835 990 3004 1053 οὑτως
3028 1030 3042 1051 ,
3082 990 3193 1044 ἀλλ’
3227 992 3293 1061 ἢν
3324 991 3382 1057 ἐξ
3422 994 3595 1064 ἀρχῆς
3631 995 3760 1065 περὶ

2199 1068 2360 1129 αὑτοῦ
2384 1069 2605 1140 γνώμην
2629 1066 2761 1141 είχε,
2801 1070 3003 1140 ταύτην
3034 1072 3212 1141 ἔμεινε
3233 1073 3521 1144 διατηρῶν,
3551 1077 3634 1129 ὅτι
3658 1079 3758 1128 οὐκ

2200 1151 2344 1204 ἐστιν
2366 1154 2430 1204 ἐκ
2461 1152 2730 1223 Ναζαρέτ.
2759 1154 2884 1217 Πῶς
2906 1150 2995 1207 οὖν
3023 1154 3182 1208 αὐτὸν
3215 1157 3533 1227 Ναζωραῖον
3555 1161 3602 1210 οί
3628 1177 3759 1229 προ-

2201 1236 2364 1304 φῆται
2392 1234 2682 1302 καλοῦσιν;
2730 1237 2862 1289 Ἀπὸ
2894 1239 2994 1308 τῆς
3042 1239 3350 1310 ἀνατροφῆς
3387 1241 3480 1293 καὶ
3517 1241 3615 1310 τῆς
3644 1244 3760 1295 ἐκεῖ

2199 1314 2488 1386 διαγωγῆς.
2521 1317 2595 1370 Τὸ
2623 1319 2719 1388 μὲν
2758 1314 2851 1371 οὖν
2895 1321 3086 1384 εἰπεῖν,
3107 1320 3219 1372 Οὐκ
3245 1321 3357 1390 είμὶ
3388 1322 3451 1374 ἐκ
3481 1322 3755 1392 Ναζαρὲτ,

2202 1397 2382 1461 καθὼς
2422 1400 2723 1468 ἀπήγγειλέ
2774 1418 2855 1453 σοι
2895 1401 3187 1465 Φίλιππος,
3224 1401 3336 1454 ἀλλ’
3383 1405 3446 1456 ἐκ
3488 1404 3757 1474 Βηθλεέμ,

2203 1479 2480 1550 παρίησιν,
2514 1482 2652 1535 ὥστε
2689 1482 2762 1552 μὴ
2787 1482 2986 1545 εὐθέως
3026 1483 3500 1553 ἀμφισϐητήσιμον
3537 1485 3759 1555 ποιῆσαι

2199 1560 2289 1613 τὸν
2317 1560 2491 1629 λόγον·
2521 1564 2685 1632 χωρὶς
2716 1563 2771 1616 δέ
2799 1563 3023 1623 τούτων,
3052 1566 3152 1626 ὅτι,
3175 1565 3221 1614 εί
3258 1564 3351 1616 καὶ
3379 1563 3581 1630 ἔπεισε,
3601 1565 3758 1618 τοῦτο

2199 1642 2297 1695 οὐκ
2320 1642 2386 1696 ἀν
2420 1645 2595 1697 ἱκανὸν
2637 1647 2933 1715 τεκμήριον
2981 1646 3148 1699 ἔδωκε
3185 1647 3278 1699 τοῦ
3306 1648 3466 1699 αὐτὸν
3497 1644 3631 1700 εἶναι
3664 1647 3756 1702 τὸν

2199 1725 2451 1796 Χριστόν.
2484 1726 2547 1778 Τί
2590 1726 2698 1796 γάρ
2729 1726 2932 1779 ἐκώλυε
2966 1730 3059 1780 καὶ
3094 1728 3167 1797 μὴ
3212 1728 3340 1780 ὄντα
3375 1728 3606 1798 Χριστὸν
3647 1730 3758 1784 ἀπὸ

2201 1805 2444 1875 Βηθλεὲμ
2470 1801 2608 1859 εἶναι
2635 1808 2773 1861 κατὰ
2807 1809 2931 1870 τοὺς
2962 1808 3149 1869 ἄλλους
3177 1809 3302 1872 τοὺς
3335 1812 3450 1862 ἐκεῖ
3472 1810 3756 1878 γεννηθέν-

2200 1903 2334 1952 τας;
2366 1886 2539 1939 Τοῦτο
2587 1888 2683 1956 μὲν
2729 1884 2821 1941 οῦν
2861 1888 3149 1958 παρίησιν·
3182 1888 3209 1939 6
3242 1890 3298 1942 δέ
3335 1890 3566 1959 μάλιστα
3598 1892 3757 1945 αὐτὸν

2198 1967 2417 2022 δύναται
2436 1969 2829 2037 ἐπαγαγέσθαι,
2860 1970 3015 2022 τοῦτο
3045 1974 3204 2033 ποιεῖ·
3239 1971 3478 2025 δείκνυσι
3496 1972 3603 2044 γὰρ
3632 1974 3758 2025 ἐαυ-

2200 2051 2290 2104 τὸν
2318 2053 2557 2123 παρόντα
2580 2053 2977 2123 διαλεγομένοις
3007 2055 3207 2117 αὐτοῖς.
3227 2054 3485 2117 Εἰπόντος
3500 2052 3592 2110 οὖν
3615 2058 3757 2109 ἐκεί-

2200 2150 2312 2193 νου,
2347 2136 2538 2187 Πόθεν
2564 2152 2639 2204 με
2666 2135 3010 2202 γινώσκεις;
3049 2137 3229 2205 λέγει·
3264 2137 3383 2204 Πρὸ
3421 2138 3525 2191 τοῦ
3560 2155 3632 2193 σε
3660 2142 3758 2193 Φί-

2197 2218 2424 2268 λιππον
2450 2215 2746 2284 φωνῆσαι,
2773 2217 2915 2270 ὄντα
2952 2218 3063 2271 ὑπὸ
3102 2218 3215 2284 τὴν
3239 2218 3441 2285 συκῆν
3466 2219 3631 2273 εἶδόν
3659 2238 3751 2276 σε.

2202 2301 2342 2370 Ὅρα
2366 2301 2645 2370 ἄνθρωπον
2676 2303 2909 2372 εὐσταθῆ
2936 2303 3029 2355 καὶ
3060 2302 3344 2373 βεόηκότα.
3376 2305 3633 2369 Είπόντος
3649 2308 3757 2377 γάρ

2196 2382 2291 2435 τοῦ
2325 2381 2575 2454 Χριστοῦ·
2607 2384 2729 2438 ’Ῑδε
2759 2384 2994 2450 ἀληθῶς
3036 2386 3430 2454 Ἶσραηλίτης,
3471 2388 3569 2441 οὑκ
3591 2390 3756 2459 ἐχαυ-

2195 2462 2339 2535 νώθη
2371 2468 2480 2527 τοῖς
2507 2464 2768 2529 ἐπαίνοις,
2815 2465 2915 2518 οὐκ
2959 2465 3230 2536 ἐπέδραμε
3264 2469 3379 2531 τοῖς
3423 2469 3753 2540 ἐγκωμίοις,

2196 2546 2309 2601 ἀλλ’
2338 2547 2581 2618 ἐπιμένει
2598 2548 2776 2620 ζητῶν
2800 2548 2891 2603 καὶ
2914 2548 3298 2621 ἀκριϐέστερον
3316 2550 3753 2623 διερευνώμενος,

2196 2631 2289 2684 καὶ
2335 2630 2579 2701 βούλεταί
2629 2649 2683 2686 τι
2734 2632 2900 2701 σαφὲς
2937 2631 3143 2702 μαθεῖν.
3195 2634 3365 2697 Αὐτὸς
3416 2636 3515 2705 μὲν
3558 2632 3648 2689 οῦν
3677 2636 3755 2699 ὡς

2195 2710 2479 2782 ἄνθρωπος
2512 2724 2537 2753 ο
2589 2712 2844 2783 ἐξήταζεν
2903 2713 3020 2766 ἐτι·
3077 2714 3105 2766 6
3137 2713 3193 2767 δέ
3232 2714 3436 2784 Ἰησοῦς
3491 2715 3568 2779 ὡς
3622 2717 3753 2779 Θεὸς

2194 2792 2545 2863 ἀπεκρίνατο.
2574 2795 2683 2847 Kal
2713 2794 2821 2865 γάρ
2840 2790 3011 2857 εἶπεν,
3042 2794 3122 2847 δτι
3144 2794 3381 2851 Ἀνωθέν
3410 2813 3470 2849 σε
3500 2793 3632 2860 οῖδα·
3656 2799 3752 2851 καὶ

2191 2872 2299 2927 τῶν
2324 2875 2536 2945 τρόπων
2564 2876 2729 2929 αὐτοῦ
2754 2876 2851 2947 τὴν
2877 2876 3193 2941 ἐπιείκειαν,
3227 2878 3323 2947 οὐχ
3354 2878 3429 2942 ὡς
3467 2879 3751 2950 ἄνθρωπος

2192 2955 2339 3027 αὑτῷ
2366 2957 2879 3029 παρηκολουθηκὼς,
2911 2959 3024 3011 ἀλλ’
3072 2958 3275 3013 ἄνωθεν
3307 2961 3378 3023 ῶς
3413 2961 3544 3024 Θεὸς
3590 2962 3749 3031 ἔγνω·

2192 3036 2306 3101 καὶ,
2326 3036 2438 3090 Νῦν
2459 3035 2594 3090 εἶδόν
2623 3055 2681 3091 σε
2710 3041 2768 3092 ἐν
2790 3042 2854 3109 τῇ
2878 3041 3035 3109 συκῇ,
3050 3040 3139 3092 ὅτε
3153 3041 3327 3105 οὐδεὶς
3344 3041 3529 3094 αὐτόθι
3549 3044 3752 3113 παρῆν,

2189 3114 2322 3170 ἀλλά
2376 3117 2534 3187 μόνος
2573 3120 2833 3182 Φίλιππος
2874 3116 2941 3190 ἦν
2990 3122 3082 3173 καὶ
3130 3121 3439 3192 Ναθαναὴλ,
3489 3124 3584 3176 καὶ
3632 3126 3751 3178 κατ’

2193 3198 2324 3251 ίδίαν
2357 3199 2574 3254 ἅπαντα
2603 3202 2776 3254 ταῦτα
2798 3196 2966 3255 εἷπον.
3001 3203 3099 3256 Διά
3121 3204 3183 3274 δὴ
3217 3204 3373 3257 τοῦτο
3397 3207 3631 3276 εἴρηται,
3666 3209 3750 3260 ὅτι

2201 3277 2365 3333 ἰδὼν
2379 3281 2565 3335 αὐτόν
2579 3283 2897 3350 πόρρωθεν,
2916 3284 3102 3335 εἶπεν·
3126 3285 3247 3337 Ἴδε
3261 3285 3497 3353 ἀληθῶς
3529 3287 3751 3354 Ἰσραη-

2186 3361 2377 3429 λίτης·
2410 3363 2496 3416 ἵνα
2535 3364 2679 3435 μάθῃ
2713 3364 2732 3403 τ
2765 3365 2845 3416 ὅτι
2887 3366 3017 3434 πρὶν
3062 3365 3094 3435 ἢ
3138 3365 3434 3436 πλησιάσαι
3472 3367 3622 3440 [H8]
3660 3370 3752 3422 16v

2186 3440 2445 3495 Φίλιππον
2496 3445 2670 3497 ταῦτα
2720 3446 3019 3515 ἐφθέγγετο
3074 3449 3103 3500 6
3157 3449 3421 3518 Χριστὸς,
3479 3449 3620 3502 ὥστε
3673 3451 3749 3521 μή

2188 3523 2424 3579 ὕποπτον
2449 3527 2697 3594 γενέσθαι
2723 3528 2819 3599 τήν
2851 3533 3173 3601 μαρτυρίαν.
3210 3530 3300 3583 Διὸ
3338 3533 3538 3585 καὶτὸν
3563 3535 3747 3604 καιρὸν

2186 3604 2328 3673 εἷπε,
2383 3608 2475 3660 καὶ
2514 3609 2602 3661 τὸν
2634 3610 2824 3673 τόπον,
2869 3611 2964 3663 καὶ
3008 3611 3067 3664 τὸ
3111 3611 3339 3680 δένδρον.
3396 3612 3457 3665 El
3510 3615 3607 3685 μὲν
3639 3616 3747 3687 γὰρ

2186 3688 2305 3746 εἶπε
2338 3691 2516 3761 μόνον,
2560 3693 2671 3762 Πρὸ
2703 3693 2795 3746 τοῦ
2831 3693 3092 3747 Φίλιππον
3125 3694 3296 3747 ἐλθεῖν
3328 3696 3460 3766 πρὸς
3498 3698 3579 3763 σὲ,
3607 3695 3746 3752 εἶδόν

2187 3790 2267 3838 σε,
2296 3773 2398 3827 κᾶν
2434 3772 2762 3845 ὑπωπτεύθη
2788 3816 2803 3841 ,
2851 3776 2924 3838 ὡς
2969 3776 3130 3837 αὐτὸς
3164 3778 3324 3830 αὑτὸν
3370 3780 3741 3845 ἀπεσταλκὼς,

2183 3858 2278 3910 καὶ
2310 3856 2460 3909 οὐδὲν
2501 3858 2644 3927 μέγα
2671 3857 2865 3926 λέγων·
2895 3857 2988 3911 νῦν
3025 3858 3082 3910 δὲ
3115 3857 3192 3928 τῷ
3218 3859 3307 3913 τὸν
3345 3860 3508 3913 τόπον
3549 3864 3742 3927 εἰπεῖν,

2183 3936 2303 3990 καθ’
2345 3938 2404 3991 δν
2438 3938 2670 4009 διέτρισε
2716 3938 3056 4009 φωνούμενος
3110 3939 3261 4010 παρά
3305 3940 3399 3994 τοῦ
3439 3942 3742 4009 Φιλίππου,

2183 4018 2277 4072 καὶ
2302 4019 2394 4072 τοῦ
2422 4020 2636 4089 δένδρου
2659 4022 2758 4091 τὴν
2790 4020 3177 4091 προσηγορίαν,
3210 4023 3305 4075 καὶ
3331 4022 3430 4091 τῆς
3458 4024 3744 4090 διαλέξεως

2179 4099 2271 4153 τὸν
2302 4101 2490 4172 καιρὸν
2509 4141 2524 4166 ,
2568 4099 3045 4172 ἀναμφισϐήτητον
3076 4102 3173 4172 τὴν
3200 4105 3501 4175 πρόρρησιν
3540 4106 3742 4173 ἔδειξεν

2180 4178 2361 4236 οὖσαν.
2397 4184 2470 4235 Οὐ
2503 4182 2601 4252 τὴν
2648 4183 2949 4254 πρόρρησιν
2998 4183 3054 4236 δέ
3090 4185 3247 4253 μόνον
3273 4186 3566 4255 ἐδήλωσεν,
3604 4189 3741 4241 ἀλλά

2181 4265 2273 4318 καὶ
2306 4264 2503 4334 ἐτέρως
2551 4264 2709 4317 αὐτὸν
2762 4265 3095 4319 ἐπαίδευσεν.
3140 4266 3232 4328 El;
3283 4266 3582 4336 ὑπόμνησιν
3630 4270 3739 4340 γὰρ

2177 4346 2335 4400 αὐτδν
2362 4348 2533 4416 ήγαγε
2566 4345 2674 4398 τῶν
2696 4346 2814 4398 τότε
2848 4345 3162 4415 λεχθέντων,
3199 4340 3328 4410 οἷον,
3370 4349 3451 4401 ὅτι
3495 4351 3587 4403 Ἐκ
3626 4353 3740 4404 Nae

2177 4429 2343 4497 ζαρὲτ
2370 4430 2619 4483 δύναταί
2646 4445 2701 4481 τι
2736 4429 2959 4497 ἀγαθόν
2977 4426 3125 4484 εἶναι
3143 4446 3163 4493 ;
3194 4431 3278 4498 ἐφ’
3301 4425 3345 4498 ᾧ
3377 4434 3468 4486 καὶ
3504 4433 3737 4502 μάλιστα

2177 4510 2433 4579 μειζόνως
2478 4510 2637 4562 αὑτὸν
2682 4510 3006 4574 ἀπεδέξατο·
3056 4513 3148 4565 καὶ
3191 4513 3272 4566 ὅτι
3304 4515 3330 4553 ⁸
3360 4515 3528 4568 ταῦτα
3568 4516 3739 4568 αὐτοῦ

2175 4590 2570 4661 φθεγξαμένου,
2602 4592 2660 4646 οὑ
2704 4593 2984 4660 κατέγνω,
3021 4595 3135 4647 ἀλλ’
3162 4594 3390 4664 ἐπῄνεσε
3433 4597 3524 4649 καὶ
3569 4597 3733 4650 ἐθαύ-

2177 4689 2338 4742 μασε.
2368 4673 2458 4724 Διὸ
2491 4676 2585 4725 καὶ
2610 4674 2675 4725 ἐκ
2701 4673 2886 4728 τούτου
2915 4676 3150 4730 συνεῖδεν
3169 4717 3184 4740 ,
3223 4678 3303 4729 ὃτι
3334 4679 3363 4729 6
3394 4676 3623 4747 Χριστὸς
3642 4679 3734 4732 δν-

2171 4770 2280 4817 τως
2308 4755 2474 4819 ἐστὶν,
2508 4756 2614 4810 ἀπό
2635 4772 2694 4808 τε
2728 4758 2824 4827 τῆς
2856 4759 3246 4830 προρρήσεως,
3282 4758 3388 4811 ἀπό
3422 4774 3481 4810 τε
3508 4759 3599 4811 τοῦ
3631 4760 3735 4831 τήν

2171 4837 2392 4908 γνώμην
2408 4838 2653 4905 ἐξετάσαι
2679 4841 2814 4911 μετά
2834 4842 3114 4912 ἀκριϐείας
3136 4841 3321 4896 αὑτοῦ·
3346 4841 3482 4911 ὅπερ
3500 4840 3735 4896 δεικνύν.

2169 4937 2258 4985 τος
2286 4918 2373 4993 ἦν,
2398 4924 2478 4976 ὃτι
2505 4923 2596 4975 καὶ
2628 4923 2697 4975 τά
2720 4926 2778 4976 ἐν
2804 4928 2867 4993 τῇ
2890 4926 3096 4996 διανοίᾳ
3124 4923 3287 4978 αὑτοῦ
3312 4926 3573 4993 ἠπίστατο
3594 4941 3606 4955 ·
3637 4925 3732 4979 ἄλ-

2170 5003 2275 5066 λως
2295 5020 2354 5055 τε
2385 5004 2478 5055 καὶ
2501 5003 2528 5042 ιι
2561 5003 2622 5054 16
2649 5004 2770 5054 καθ’
2800 5004 2989 5056 ἐαυτοῦ
3010 5004 3232 5067 δόξαντα
3263 5005 3460 5073 λέγειν,
3491 5006 3564 5076 μή
3587 5007 3729 5075 μέμ-

2167 5083 2386 5153 ψασθαι,
2417 5084 2550 5136 ἀλλά
2574 5085 2669 5137 καὶ
2692 5085 2995 5137 ἐπαινέσαι.
3037 5085 3156 5137 Ὅτι
3203 5086 3301 5154 μὲν
3329 5083 3420 5138 οὖν
3450 5087 3729 5156 ἐφώνησεν

2168 5165 2329 5219 αὐτὸν
2361 5168 2390 5219 6
2411 5166 2672 5230 Φίλιππος
2694 5207 2709 5231 ,
2737 5164 2877 5219 εἷπε·
2914 5166 2965 5218 τί
2988 5166 3043 5219 δὲ
3068 5165 3216 5235 αὐτῷ
3254 5166 3491 5238 διελέχθη
3513 5209 3526 5227 ,
3554 5169 3644 5221 καὶ
3674 5171 3729 5221 τί

2166 5241 2317 5311 οὗτος
2346 5248 2555 5318 ἐκείνῳ,
2582 5251 2849 5318 παρῆκεν,
2900 5249 3058 5315 ἀφεὶς
3098 5247 3263 5300 αὐτοῦ
3291 5250 3305 5288 ὶ
3335 5249 3413 5317 τῷ
3445 5250 3724 5315 συνειδότι,

2166 5332 2258 5383 καὶ
2280 5332 2341 5383 οὐ
2378 5330 2693 5399 βουλόμενος
2722 5330 2881 5382 αὐτὸν
2914 5330 3007 5381 ἐπὶ
3035 5329 3194 5381 πλέον
3226 5329 3487 5397 ἐλέγχειν.

2227 5441 2252 5469 ε
2292 5427 2464 5491 Mog-el.
2502 5431 2565 5491 ᾡς
2586 5429 2841 5491 ἄνθρωπον.
2888 5429 3033 5491 Savil.
3058 5431 3123 5491 ῶς
3146 5429 3400 5491 ἄνθρωπος.
3443 5430 3590 5478 Paulo
3615 5440 3727 5490 past

2163 5486 2335 5551 ﬁorel.
2358 5489 2640 5551 ἀπεκρίνατο
2656 5486 2680 5512 ’⁷
2700 5489 2838 5551 εἶπεν.
2878 5490 3025 5537 Sm‘il.
3048 5486 3325 5551 ἁπεκρίνατο
3352 5491 3447 5551 Ᾱκαί
3467 5494 3553 5551 γὰρ
3579 5486 3705 5538 εἶπεν

2164 5547 2298 5609 Uno;
2322 5548 2377 5595 οὐ
2412 5547 2507 5609 γὰρ
2540 5548 2679 5596 εἶπεν⁶
2725 5548 2928 5597 ’Λνωθέν
2965 5565 3019 5595 σε
3059 5547 3181 5606 οἰδα,
3202 5550 3279 5609 καί
3316 5549 3395 5594 τὸν
3420 5547 3607 5609 τρόπον,
3643 5558 3725 5598 καὶ

2411 5606 2429 5645 ῐ
2467 5606 2616 5670 Βᾳνιι.
2644 5610 2903 5670 legendum
2926 5610 3171 5670 pulallwg
3193 5608 3352 5670 μάθῃς.
3396 5667 3405 5670 _
3451 5606 3474 5647 ιε
3501 5610 3622 5655 ’Ότε
3643 5612 3726 5658 καί

1856 5663 1878 5691 ⁸
1923 5660 2064 5711 Alius

2189 5660 2308 5716 ἱένίι.
2349 5671 2399 5714 et
2430 5668 2568 5715 codd.
2594 5660 2722 5717 till."
2763 5667 2790 5704 Ιλ
2816 5660 2983 5716 ΜυΓῦΙ.
3032 5666 3176 5712 αὐτοῦ
3194 5660 3579 5722 ’τόνῖΝαθαναήλ-
3604 5669 3727 5725 ὅπερ

2166 5727 2414 5787 ἠπίστατο*
2436 5725 2577 5775 τοῦτο
2593 5728 2938 5790 συνελογίσατο.
2964 5726 3073 5775 Ἀλλ
3084 5743 3145 5780 ως
3167 5741 3215 5772 τε
3239 5726 3332 5771 καί.
3405 5726 3421 5763 ί
3449 5727 3548 5775 Αέίί
3571 5727 3721 5789 αὐτῷ,
