4068 6136
314 321 413 374 I25

314 451 408 492 nes
435 447 592 507 porro
621 434 796 489 victm]
847 433 987 486 illius
1037 430 1304 496 nominat;
1343 439 1398 484 ut
1439 443 1697 500 agnoscas
1729 428 1892 482 Deum

314 531 519 582 infirma
560 523 741 580 mundi
769 524 1012 594 elegisse.
1037 521 1127 576 45.
1159 519 1355 576 incutit
1392 519 1665 590 Philippus
1697 517 1896 571 Nama-

315 618 447 682 nael,
473 627 518 671 et
547 617 667 671 dicit
691 617 808 670 illi:
841 613 1000 682 Quem
1029 613 1231 684 scripsit
1255 611 1455 684 Moyses
1483 615 1535 665 in
1565 612 1672 681 lege
1701 621 1745 664 et
1777 625 1898 680 pro-

316 713 497 780 phetat,
528 708 830 769 invenimus,
849 705 1028 760 Iesum
1048 706 1210 774 ﬁlium
1230 703 1419 775 Joseplt
1445 721 1476 757 a
1506 700 1746 756 Nasaret.
1774 700 1899 756 Ilmc

315 803 444 858 dicit
469 811 525 854 ut
548 800 705 854 [idem
728 797 1085 868 prmdicationi
1110 796 1436 856 conciliaret,
1461 809 1524 848 ex
1543 793 1723 864 Moyse
1746 807 1898 846 nem-

317 912 382 966 pe
410 905 463 950 ct
486 892 780 964 prophetis,
810 900 972 961 utque
992 889 1286 943 auditorem
1317 887 1440 942 inde
1467 884 1898 941 venerabundum

316 987 583 1041 redderet.
615 984 746 1050 Quia
776 983 917 1036 enim
947 979 1240 1035 Nathauael
1276 980 1478 1049 peritus
1507 987 1640 1041 erat,
1680 986 1733 1030 et
1763 975 1902 1030 veri-

317 1077 442 1130 tatis
471 1073 741 1129 Studiosus
771 1081 1025 1136 sectator,
1057 1079 1112 1124 ut
1137 1069 1296 1124 etiam
1323 1068 1566 1124 Christus
1590 1067 1900 1123 testiﬁcatus

318 1177 421 1231 est,
451 1167 668 1235 ipsaque
690 1180 775 1219 res
795 1163 1180 1232 comprobavit.
1205 1163 1324 1229 jure
1354 1161 1497 1214 illum
1521 1160 1586 1214 ad
1618 1159 1830 1230 Moysen
1848 1168 1903 1213 et

321 1256 608 1327 prOphetas
634 1256 798 1320 misit,
826 1265 878 1309 ut
907 1255 983 1308 sic
1008 1253 1350 1322 praedicatum
1393 1252 1542 1306 illum
1586 1253 1898 1320 susciperet.

319 1349 374 1403 Si
422 1358 600 1401 autem
631 1347 779 1400 illum
810 1347 974 1400 tilium
1003 1344 1198 1414 Joseph
1227 1343 1478 1414 appellat,
1521 1358 1590 1397 ne
1626 1342 1857 1396 turberis
1887 1360 1899 1395 :

320 1441 495 1496 adhuc
523 1441 664 1495 enim
695 1437 911 1508 Josephi
941 1438 1080 1492 [ilius
1099 1451 1218 1491 esse
1237 1435 1661 1490 existimabatur.
1683 1435 1746 1488 Et
1766 1433 1905 1488 unde

319 1540 551 1596 constat,
573 1530 833 1600 Philippe,
855 1528 999 1583 hunc
1015 1543 1134 1582 esse
1157 1542 1314 1597 quem
1339 1527 1507 1581 dicis?
1528 1526 1666 1596 quod
1695 1526 1902 1594 signum

320 1622 418 1676 das
450 1620 640 1675 nobis?
668 1619 782 1674 Non
824 1618 1021 1674 sufﬁcit
1069 1620 1210 1672 enim
1259 1617 1325 1670 ita
1362 1617 1721 1686 pronuntiare.
1753 1615 1905 1681 Quod

319 1714 532 1784 signum
574 1711 789 1766 vidisti?
835 1710 975 1780 quod
1009 1709 1356 1764 miraculum?
1383 1707 1496 1762 Non
1525 1709 1640 1762 sine
1672 1706 1906 1777 periculo

322 1806 485 1858 tantis
513 1804 671 1857 rebus
703 1812 903 1858 temere
951 1801 1082 1856 ﬁdes
1125 1801 1371 1856 habetur.
1401 1799 1552 1867 Quod
1583 1815 1710 1873 ergo
1743 1799 1906 1855 Ιίωιςε

321 1898 731 1971 argumentum?
787 1897 930 1953 Idem
976 1898 1171 1966 ipsum,
1221 1896 1408 1965 inquit,
1453 1894 1594 1966 quod
1641 1891 1902 1947 Andreas.

321 1991 456 2046 Nam
497 1991 585 2045 il!e
629 2005 750 2044 cum
797 1990 1104 2043 thesaurum
1133 2003 1291 2057 quem
1324 1996 1595 2056 repererat
1621 1986 1904 2040 enuntiare

324 2100 430 2138 non
462 2083 682 2145 valeret,
729 2097 903 2152 neque
945 2081 1122 2135 verbis
1151 2080 1445 2143 declarare,
1480 2078 1696 2132 lratrem
1746 2093 1906 2148 quem

324 2173 521 2242 reperit
552 2172 646 2226 illo
676 2171 908 2227 adducit.
941 2169 1028 2226 Sic
1057 2181 1109 2225 et
1135 2171 1256 2236 iste,
1278 2168 1546 2238 quomodo
1566 2168 1651 2222 ille
1674 2167 1911 2222 sitChri-

323 2279 460 2331 stus,
493 2277 548 2323 et
576 2265 844 2336 quomodo
878 2266 1023 2319 illum
1063 2265 1333 2334 prophetae
1359 2264 1782 2335 pratuuntiarint,
1804 2279 1908 2317 non

323 2360 481 2425 dicit;
505 2360 597 2413 sed
615 2359 763 2413 ducit
788 2359 934 2412 illum
962 2360 1026 2413 ad
1057 2359 1260 2424 .Icsum,
1278 2359 1453 2414 sciens
1481 2359 1626 2413 illum
1645 2375 1750 2413 non
1773 2359 1910 2412 ultra

323 2453 688 2506 discessurum
710 2466 850 2516 esse,
878 2451 920 2504 si
951 2450 1088 2505 illius
1115 2451 1272 2505 verba
1295 2450 1702 2520 doctrinamque
1725 2459 1909 2519 gusta-

326 2554 430 2599 ret.
457 2543 546 2598 46.
584 2541 651 2596 Et
680 2544 809 2596 dixit
839 2543 884 2596 ei
925 2540 1221 2596 Nathauael
1245 2559 1262 2595 :
1290 2543 1332 2594 Α
1364 2541 1588 2595 Nazaret
1620 2551 1782 2610 potest
1809 2540 1913 2594 ali-

325 2638 450 2707 quid
477 2637 594 2690 boni
617 2637 789 2691 exire?
816 2636 949 2690 Dicit
973 2637 1020 2690 ei
1048 2635 1359 2707 Philippus:
1394 2634 1538 2700 Veni,
1579 2644 1624 2689 et
1662 2635 1790 2688 vide.
1820 2632 1910 2689 47.

338 2728 476 2784 Vidit
501 2728 656 2785 Jesus
683 2729 976 2785 Nat/tanael
996 2732 1269 2785 uenientem
1294 2730 1361 2783 ad
1386 2746 1457 2795 se,
1501 2739 1548 2782 et
1581 2729 1702 2783 dicit
1727 2730 1791 2783 de
1809 2745 1868 2782 eo
1893 2744 1914 2785 :

326 2821 464 2876 Ecce
488 2839 600 2876 pere
627 2819 885 2888 Israelita,
916 2823 968 2875 in
997 2837 1096 2892 quo
1144 2821 1292 2876 dolus
1317 2839 1419 2876 non
1444 2832 1537 2876 est.
1567 2821 1718 2889 Quod
1743 2820 1914 2875 dixis-

328 2926 430 2981 set,
459 2918 501 2970 Α
527 2915 753 2970 .Vazaret
775 2925 934 2986 potest
958 2914 1154 2987 aliquid
1172 2917 1287 2970 boni
1306 2918 1440 2970 exire
1455 2917 1482 2969 ?
1502 2916 1622 2972 ideo
1644 2916 1912 2970 hominem

328 3009 509 3064 laudat
535 3019 591 3064 et
617 3011 859 3063 miratur.
891 3009 1050 3079 Atqui
1083 3009 1405 3065 incusandus
1449 3011 1624 3080 potius
1651 3020 1785 3067 erat.
1815 3010 1915 3065 Mi-

330 3104 494 3158 nime.
522 3103 708 3172 Neque
736 3102 880 3157 enim
905 3102 1067 3158 verba
1106 3118 1216 3157 non
1242 3102 1510 3158 credentis
1538 3115 1710 3168 erant,
1743 3118 1918 3174 neque

329 3195 706 3248 criminatione
730 3193 906 3264 digno,
940 3193 1035 3249 sed
1073 3193 1251 3249 laude.
1285 3195 1563 3263 Quomodo
1604 3206 1658 3251 et
1701 3212 1802 3267 qua
1833 3212 1918 3251 ra-

331 3287 512 3342 tione?
537 3287 672 3355 Quia
711 3285 802 3342 hic
827 3287 996 3358 magis
1021 3303 1179 3358 quam
1208 3288 1485 3358 Philippus
1514 3289 1566 3343 in
1594 3289 1918 3358 pr0pheticis

330 3387 574 3432 versatus
600 3387 736 3433 erat.
769 3378 1026 3434 Audierat
1049 3379 1191 3435 enim
1235 3395 1298 3434 ex
1327 3381 1617 3449 Scripturis
1646 3380 1916 3436 Christum

331 3486 392 3523 ex
428 3469 744 3525 Bethlehem
771 3469 1028 3524 oriturum
1062 3486 1200 3532 esse.
1232 3480 1287 3525 et
1311 3487 1372 3527 ex
1401 3473 1517 3527 vico
1540 3473 1590 3526 in
1617 3489 1722 3543 quo
1749 3474 1919 3529 fuerat

332 3561 518 3615 David.
540 3561 616 3616 Ea
644 3561 976 3632 itaquel‘ama
1000 3561 1136 3630 apud
1164 3561 1374 3617 Jlldil‘OS
1401 3564 1695 3629 obtinebat,
1715 3575 1767 3618 et
1794 3581 1918 3634 pro-

334 3651 493 3720 pheta
516 3651 649 3706 olim
681 3651 1067 3720 prwdicavcrat
1094 3652 1176 3706 his
1209 3653 1417 3708 verbis:
1442 3653 1508 3706 Et
1542 3666 1596 3708 tu
1626 3653 1920 3711 Bethlehem

332 3759 655 3813 nequaquam
691 3742 900 3795 minima
928 3759 978 3797 es
1005 3743 1055 3795 in
1084 3743 1393 3813 principibus
1418 3744 1559 3799 Juda
1577 3762 1595 3799 :
1617 3764 1678 3800 ea:
1715 3757 1761 3801 te
1788 3749 1921 3802 enim

331 3837 461 3889 exist
484 3835 593 3891 dua:
618 3836 707 3906 qui
730 3845 870 3906 regat
902 3837 1144 3906 populum
1173 3854 1336 3891 meum
1362 3837 1526 3893 Israel
1555 3839 1750 3908 (Mich.
1779 3843 1831 3897 5.
1864 3841 1921 3899 2.

332 3927 524 3981 Matth.
559 3928 614 3981 2.
636 3928 692 3983 6.
725 3925 883 3982 Joan.
909 3929 961 3982 7.
992 3928 1108 4000 42).
1131 3928 1263 3985 Cum
1293 3931 1530 3985 audisset
1549 3947 1723 4001 ergoa
1754 3933 1921 3988 Naza-

328 4032 417 4076 ret
446 4037 588 4089 esse,
620 4024 862 4078 turbatus
888 4034 1046 4079 estet
1071 4025 1347 4092 dubitavit,
1378 4028 1517 4098 quod
1551 4029 1776 4099 Philippi
1805 4047 1922 4086 ver-

330 4115 398 4167 bi
426 4131 545 4170 cum
581 4115 892 4186 prophetica
923 4116 1268 4184 pra-dictione
1309 4135 1412 4173 non
1453 4135 1751 4177 consonare
1777 4123 1923 4178 vide-

329 4217 435 4261 ιρι.
470 4207 848 4262 Animadverte
877 4217 1054 4262 autem
1086 4209 1202 4276 ejus
1226 4210 1276 4263 in
1307 4211 1417 4280 ipsa
1440 4212 1770 4268 dubitatione
1800 4230 1924 4283 pru-

326 4300 572 4354 dentiam
606 4300 1050 4371 modestiamquc.
1092 4301 1206 4356 Non
1249 4303 1392 4357 enim
1432 4305 1609 4358 statim
1660 4304 1814 4368 dixit,
1844 4305 1924 4360 Me

329 4395 497 4460 fallis,
521 4409 556 4449 o
587 4393 851 4463 Philippe,
884 4403 938 4448 et
969 4395 1243 4450 mentiris:
1269 4410 1375 4450 non
1398 4396 1580 4460 credo,
1610 4413 1714 4451 non
1733 4397 1921 4453 adibo:

324 4503 356 4540 a
394 4487 679 4557 prophetis
707 4485 867 4540 didici
898 4485 1167 4541 Christum
1212 4502 1240 4540 a
1290 4487 1595 4542 Bethlehem
1641 4496 1923 4542 venturum

324 4595 481 4642 esse,
505 4589 561 4633 et
584 4589 637 4632 tu
667 4578 822 4638 dicis.
856 4593 884 4630 a
916 4577 1173 4634 Nazaret:
1199 4594 1329 4648 ergo
1351 4596 1454 4635 non
1485 4581 1527 4635 is
1555 4583 1668 4651 ipse
1699 4591 1800 4636 est.
1826 4578 1928 4636 Ve-

324 4688 457 4725 rum
487 4671 620 4726 nihil
647 4669 820 4724 simile
847 4669 1011 4734 dixit;
1044 4669 1136 4724 sed
1166 4670 1330 4738 quid?
1371 4671 1494 4724 Adit
1522 4672 1668 4725 illum
1696 4682 1749 4726 et
1778 4674 1924 4741 ipse;

323 4778 394 4816 ac
428 4762 560 4816 dum
595 4777 700 4818 non
729 4761 965 4814 admittit
990 4776 1112 4815 eum
1143 4777 1172 4815 a
1195 4761 1419 4816 Nazaret
1448 4778 1588 4828 esse,
1619 4777 1924 4818 accuratum

321 4854 742 4923 Scripturarum
774 4853 1010 4906 studium
1035 4853 1290 4917 ostendit,
1322 4862 1376 4906 ct
1405 4869 1581 4908 mores
1607 4869 1734 4908 suos
1775 4854 1928 4909 falla-

320 4949 434 5002 ciae
473 4962 576 5001 non
607 4945 906 5010 obnoxios;
939 4945 1078 5015 quod
1107 4953 1284 4998 autem
1315 4946 1428 5000 lucc
1455 4949 1787 5002 nuntiantem
1823 4963 1926 5002 non

320 5047 578 5108 respuat,
609 5053 860 5108 magnum
892 5036 1088 5092 Christi
1135 5038 1391 5092 adventus
1421 5038 1742 5093 desiderium
1774 5038 1928 5093 exhi-

317 5131 446 5186 bet.
484 5129 766 5200 Cogitabat
809 5127 951 5181 enim
981 5130 1219 5198 potuisse
1250 5127 1547 5198 Philippum
1579 5131 1723 5182 circa
1754 5129 1927 5183 locum

315 5237 547 5278 errare.

396 5313 465 5369 2.
515 5311 896 5367 Animadverte
941 5309 1093 5374 item,
1134 5324 1292 5379 quam
1334 5309 1606 5363 moderate
1648 5309 1802 5362 ﬁdem
1832 5310 1928 5381 ipsi

318 5411 527 5478 neget,
556 5415 609 5459 et
656 5405 973 5474 interroget.
1003 5400 1189 5472 Neque
1230 5402 1370 5456 enim
1417 5402 1570 5464 dixit,
1616 5399 1758 5454 Nihil
1806 5400 1929 5454 boui

318 5503 434 5553 fert
470 5495 734 5557 Galiltea;
765 5494 859 5548 sed
887 5493 1192 5563 quomodo?
1226 5494 1266 5546 Λ
1294 5492 1518 5546 Nasaret
1545 5501 1704 5563 potest
1738 5490 1932 5560 aliquid

316 5590 450 5646 barri
483 5586 639 5641 esse!
663 5585 943 5654 Philippus
969 5599 1180 5654 quoque
1206 5583 1490 5637 admodum
1533 5582 1766 5652 prudens
1794 5591 1929 5634 erat.

315 5685 531 5753 Neque
561 5679 704 5733 cnim
734 5676 1132 5732 contradicente
1162 5677 1272 5742 illo,
1320 5678 1620 5748 indignatur
1669 5675 1753 5731 vel
1791 5688 1933 5743 mgre

317 5780 477 5847 fert;
511 5771 613 5829 sed
643 5779 852 5842 perstat
880 5779 1073 5834 tamen,
1101 5781 1159 5826 ut
1178 5773 1348 5826 virum
1381 5774 1446 5828 ad
1477 5771 1744 5829 Christum
1769 5770 1934 5825 addu-

690 5862 961 5914 l’s'ruotz.
1005 5857 1116 5917 Gn.
1166 5857 1324 5919 LIX.

1329 311 1424 367 ‘IN
1462 309 1773 368 JOANNEM
1815 309 2042 366 HOMIL.
2086 312 2203 370 XX.
2245 315 2316 371 aI.
2365 316 2504 372 XIX.

3487 308 3586 370 I28

2004 439 2110 493 cat,
2145 441 2196 484 et
2229 446 2255 483 a
2283 433 2546 502 principio
2573 434 2924 504 apostolicam
2954 435 3312 490 constantiam
3343 434 3579 490 exhibet.

2005 515 2234 589 Ideoque
2255 522 2328 576 ait
2357 522 2636 582 Christus:
2665 525 2792 581 Ecce
2813 542 2923 581 vere
2949 527 3210 596 Israelita,
3231 531 3283 584 in
3308 547 3409 604 quo
3441 531 3588 586 dolus

2003 625 2104 663 non
2130 619 2223 666 est.
2253 611 2434 682 Itaque
2456 623 2630 684 potest
2658 615 2892 672 Israelita
2921 621 3148 676 mendax
3178 637 3334 679 esse:
3362 625 3457 680 sed
3480 641 3588 681 nun

2006 701 2092 757 hic
2119 703 2198 756 vir
2229 705 2376 769 talis;
2411 707 2528 775 ejus
2551 707 2746 778 quippe
2769 709 3027 778 judicium
3054 713 3253 769 nullam
3278 715 3437 771 habet
3463 733 3587 787 per-

2004 805 2253 848 sonarmn
2271 799 2632 867 acceptionem
2649 816 2663 863 ;
2683 799 2811 855 nihil
2828 800 2894 857 ad
2910 804 3155 873 gratiam,
3175 804 3302 861 nihil
3320 809 3385 861 ad
3409 810 3588 864 odium

2007 882 2259 952 loquitur.
2281 888 2442 958 Atqui
2467 888 2634 945 Iud-.ci
2661 906 2874 962 quoque
2897 894 3204 966 interrogati
3233 898 3320 953 ubi
3344 899 3592 955 Christus

2005 988 2334 1042 nasceretur,
2363 980 2634 1050 dixerunt,
2670 982 2726 1038 In
2756 985 3090 1049 Bethlehem.
3121 998 3176 1043 et
3202 988 3302 1044 hoc
3347 994 3590 1047 testimo-

2008 1064 2153 1122 nium
2189 1071 2552 1138 protulerunt:
2581 1074 2646 1127 Et
2676 1086 2730 1128 tu
2758 1075 3072 1143 Bethlehem,
3104 1095 3420 1151 nequaquam
3445 1083 3596 1138 mini-

2007 1170 2090 1210 ma
2112 1175 2162 1213 es
2188 1160 2239 1214 in
2266 1162 2576 1232 principibus
2591 1165 2623 1218 ,Ι
2631 1167 2750 1218 uda.
2775 1167 2967 1222 Verum
2991 1169 3064 1224 illi
3092 1172 3400 1242 priusquam
3421 1177 3591 1243 ipsum

2009 1249 2272 1315 viderent,
2308 1253 2421 1306 haec
2450 1256 2877 1312 testiﬁcabantur
2911 1275 2925 1312 :
2973 1261 3061 1316 ubi
3111 1272 3290 1318 autem
3324 1265 3590 1327 viderunt.

2010 1355 2119 1408 pra:
2148 1342 2348 1397 invidia
2377 1346 2742 1402 testimonium
2771 1351 3108 1406 occultaruut
3142 1353 3416 1412 dicentes:
3446 1357 3596 1411 lluuc
3630 1416 3631 1419 η

2009 1442 2177 1486 autem
2207 1435 2451 1490 nesciens
2477 1439 2610 1492 unde
2633 1441 2697 1493 sit
2724 1440 2901 1512 (locis.
2927 1442 2978 1497 9.
3010 1443 3123 1515 29).
3149 1445 3444 1504 Nathauael
3468 1465 3597 1505 vero

2013 1541 2117 1580 non
2145 1529 2251 1591 sic;
2285 1529 2376 1582 sed
2405 1545 2562 1599 quam
2591 1548 2620 1586 a
2653 1533 2912 1604 principio
2948 1535 3014 1592 de
3041 1537 3133 1592 illo
3159 1540 3464 1608 opinionem
3498 1541 3595 1598 ha-

2011 1620 2146 1684 buit,
2178 1619 2315 1674 hanc
2337 1624 2587 1687 servavit,
2617 1640 2810 1695 nempe
2835 1627 2981 1681 illum
3013 1643 3040 1682 a
3064 1628 3294 1687 Nazaret
3318 1649 3423 1687 non
3451 1651 3596 1692 esse.

2009 1712 2118 1765 Cur
2141 1726 2270 1781 ergo
2301 1711 2452 1767 illum
2493 1713 2824 1772 Nazarenum
2881 1721 3155 1791 propheta:
3186 1727 3415 1779 vocant?
3444 1727 3596 1794 Quod

2012 1806 2081 1859 ibi
2127 1805 2381 1862 educatus
2424 1807 2629 1872 fuiSset,
2665 1820 2720 1864 ct
2764 1815 3068 1870 mansisset.
3115 1816 3230 1872 Non
3259 1818 3391 1874 dicit
3418 1829 3596 1877 autem

2010 1896 2276 1966 Christus,
2311 1899 2421 1953 Non
2450 1916 2566 1954 sum
2591 1919 2652 1957 cx
2679 1902 2923 1968 Nazaret,
2960 1915 3018 1960 ut
3047 1907 3138 1961 tibi
3165 1907 3438 1981 Philippus
3460 1928 3599 1967 nun-

2014 1989 2182 2053 tiavit,
2214 1990 2308 2046 sed
2339 2008 2402 2046 ex
2434 1992 2774 2064 Bethlehem,
2802 2013 2868 2052 ne
2901 1999 3078 2053 statim
3105 1999 3492 2060 dubitationem
3515 2005 3603 2059 in-

2007 2083 2218 2151 jiceret.
2252 2084 2332 2140 Ad
2365 2085 2500 2149 hate,
2551 2089 2763 2143 etiamsi
2808 2090 2858 2145 id
2892 2094 3269 2160 persuasisset,
3327 2110 3432 2151 non
3481 2097 3602 2153 ido~

2016 2189 2171 2228 neum
2209 2182 2385 2232 tamen
2418 2178 2548 2232 illud
2597 2179 2847 2235 indicium
2878 2191 3012 2246 erat,
3044 2184 3185 2254 quod
3217 2185 3330 2253 ipse
3357 2187 3602 2245 Christus

2014 2275 2176 2320 esset.
2211 2267 2347 2335 Quid
2375 2270 2514 2324 enim
2549 2273 2782 2338 vetabat,
2814 2290 2934 2328 eum
2963 2277 3052 2344 qui
3077 2277 3129 2331 in
3161 2277 3472 2335 Bethlehem
3501 2298 3601 2336 na-

2018 2367 2104 2413 tus
2123 2371 2265 2415 esset
2292 2377 2396 2416 non
2425 2379 2543 2418 esse
2570 2365 2861 2432 Christum,
2896 2378 2952 2422 ut
2982 2378 3089 2423 tam
3142 2371 3290 2425 multi
3323 2373 3428 2428 illic
3455 2376 3604 2428 nati?

2019 2449 2130 2504 Hoc
2150 2466 2277 2522 ergo
2301 2455 2481 2521 mittit,
2521 2456 2769 2526 quodque
2814 2458 2961 2512 illum
2993 2460 3159 2530 magis
3188 2461 3254 2516 ad
3277 2463 3604 2520 credendum

2019 2541 2232 2596 trahere
2262 2553 2485 2611 poterat,
2521 2547 2569 2599 id
2599 2551 2727 2616 agit,
2757 2549 2881 2603 dum
2913 2547 3149 2606 declarat
3170 2568 3228 2608 se
3247 2549 3468 2609 illorum
3494 2558 3605 2612 col-

2021 2633 2200 2702 quuio
2228 2647 2544 2704 przesentem
2571 2638 2749 2695 fuisse.
2784 2640 2915 2695 Cum
2947 2643 3169 2698 dixiSSct
3209 2660 3338 2716 ergo
3366 2647 3488 2702 ille:
3512 2648 3601 2703 48.

2023 2723 2172 2779 Unde
2200 2743 2278 2779 me
2303 2729 2472 2782 nosti?
2503 2732 2798 2800 respondit:
2817 2731 3125 2804 Priusquam
3152 2747 3197 2790 te
3227 2737 3500 2809 Philippus
3521 2757 3606 2794 vo-

2018 2827 2174 2884 caret,
2204 2834 2317 2872 cum
2346 2835 2475 2873 esses
2497 2822 2587 2875 sub
2610 2823 2734 2890 ﬁcu,
2766 2825 2869 2878 vidi
2893 2835 2958 2877 te.
3005 2825 3136 2881 Vide
3163 2828 3291 2882 mihi
3333 2830 3605 2886 hominem

2019 2921 2351 2966 constantem
2383 2921 2438 2966 et
2481 2913 2709 2968 lirmum.
2741 2913 2872 2969 Cum
2901 2916 3126 2972 dixisset
3159 2919 3300 2974 enim
3338 2919 3604 2982 Christus.

2021 2997 2155 3054 Ecce
2190 3017 2301 3054 vere
2328 3000 2581 3068 Israelita,
2631 3019 2737 3059 non
2770 3006 3015 3061 laudibus
3061 3009 3331 3066 emollitus
3357 3019 3457 3078 est,
3499 3031 3606 3068 non

2021 3093 2278 3148 encomiis
2305 3104 2508 3164 raptus,
2537 3095 2632 3150 sed
2665 3106 2866 3165 perstat
2906 3099 3179 3168 inquirens
3219 3109 3274 3156 et
3309 3105 3609 3160 accuratius

2021 3186 2326 3254 explorans,
2359 3187 2576 3257 vultque
2617 3189 2822 3244 clarum
2874 3191 3143 3261 quidpiam
3188 3193 3448 3251 ediscere.
3494 3196 3610 3268 Ipse

2023 3278 2184 3348 igitur
2214 3290 2271 3334 ut
2300 3280 2460 3335 homo
2487 3281 2663 3335 adhuc
2687 3284 2964 3352 perquirit.
2992 3284 3148 3341 Iesus
3173 3297 3352 3344 autem
3386 3299 3445 3344 ut
3473 3291 3612 3346 Deus

2023 3370 2330 3439 respondet,
2381 3371 2498 3426 Jam
2547 3382 2596 3427 te
2644 3383 2768 3428 ante
2803 3375 2940 3441 vidi;
2990 3393 3199 3433 morum
3249 3382 3448 3451 quippe
3494 3384 3612 3452 ejus

2023 3463 2345 3531 tequitatcm,
2367 3479 2470 3517 non
2501 3473 2558 3517 ut
2584 3465 2743 3520 homo
2764 3467 2849 3536 qui
2875 3467 3042 3536 ipsum
3059 3481 3317 3540 sequutus
3333 3484 3494 3537 esset,
3519 3473 3612 3530 sed

2017 3553 2128 3622 jam
2159 3554 2286 3606 olim
2324 3567 2380 3608 ut
2408 3555 2545 3610 Deus
2575 3568 2829 3612 noverat:
2860 3569 2933 3622 et,
2965 3560 3118 3618 Nunc
3141 3563 3248 3618 vidi
3278 3575 3328 3619 te
3363 3566 3462 3620 sub
3486 3566 3611 3631 ﬁcu,

2024 3660 2144 3699 cum
2197 3646 2376 3701 nullus
2406 3647 2477 3701 ibi
2499 3647 2729 3712 adesset,
2764 3651 2863 3705 nisi
2890 3651 3166 3724 Philippus
3203 3665 3257 3710 ct
3298 3656 3611 3724 Nathauael,

2025 3737 2112 3806 qui
2145 3739 2366 3793 seorsim
2397 3739 2466 3793 ibi
2498 3739 2611 3794 haec
2655 3740 3032 3812 loquebantur.
3077 3745 3201 3801 Ideo
3247 3746 3446 3803 dictum
3490 3761 3611 3804 est:

2036 3829 2222 3885 Videas
2261 3831 2405 3885 illum
2443 3849 2476 3885 a
2518 3833 2685 3905 longe,
2726 3834 2856 3888 dixit
2879 3850 2898 3889 :
2924 3835 3056 3892 Ecce
3107 3855 3218 3892 rere
3246 3838 3485 3895 Israelita
3513 3858 3530 3894 :
3556 3852 3616 3896 ut

2025 3924 2342 3990 edisceret‘,
2361 3925 2521 3980 etiam
2547 3935 2831 3996 antequam
2855 3928 3126 3998 Philippus
3143 3931 3476 3998 adventaret,
3502 3933 3616 3988 haec

2027 4018 2300 4087 loquutum
2339 4017 2609 4073 Christum
2650 4033 2792 4082 esse,
2825 4036 2891 4075 ne
2922 4032 3225 4090 suspectum
3253 4024 3614 4080 testimonium

2029 4111 2268 4166 haberet.
2304 4110 2531 4180 Ideoque
2575 4120 2629 4165 et
2670 4122 2876 4180 tempus
2906 4112 3039 4167 dixit
3065 4121 3119 4167 et
3148 4115 3346 4180 locum,
3377 4125 3432 4171 et
3455 4117 3615 4176 arbo-

2031 4219 2163 4258 rem.
2207 4203 2338 4257 Nam
2369 4203 2410 4256 si
2446 4212 2649 4258 tantum
2695 4204 2938 4268 dixisset,
2990 4207 3291 4276 Antequam
3344 4209 3618 4280 Philippus

2031 4297 2256 4361 veniret,
2288 4304 2338 4349 te
2377 4295 2634 4358 videram,
2667 4310 2752 4350 res
2782 4305 3027 4365 suspecta
3072 4298 3276 4364 luisset,
3309 4302 3458 4371 quasi
3505 4303 3618 4373 ipse

2033 4388 2266 4441 misisset
2291 4387 2616 4456 Philippum,
2643 4387 2880 4458 nihilque
2907 4389 3083 4458 magni
3108 4389 3339 4456 diceret;
3365 4408 3506 4448 nunc
3523 4408 3618 4448 au-

2032 4488 2162 4540 tem,
2193 4487 2245 4533 et
2269 4478 2407 4548 quod
2444 4478 2615 4532 locum
2644 4477 2788 4532 dicat
2815 4479 2866 4532 in
2895 4495 3000 4549 quo
3026 4480 3339 4550 loquebatur
3353 4497 3474 4537 cum
3496 4483 3619 4537 Phi-

2033 4570 2199 4641 lippo,
2227 4579 2278 4624 et
2299 4569 2438 4640 quod
2461 4569 2668 4625 arboris
2690 4571 2944 4640 speciem,
2971 4581 3023 4627 et
3045 4573 3182 4641 quod
3211 4575 3459 4645 colloquii
3485 4585 3619 4631 tent-

2035 4676 2153 4730 pus,
2185 4661 2314 4714 nihil
2365 4661 2511 4714 dubii
2552 4663 2690 4716 circa
2725 4677 2836 4717 rem
2888 4665 3294 4731 pnenuutiatan't
3342 4666 3617 4739 relinquit.

2033 4751 2218 4820 Neque
2239 4751 2359 4805 hinc
2383 4760 2609 4816 tantum,
2638 4752 2729 4806 scd
2753 4753 2858 4807 alio
2883 4769 3093 4823 quoque
3119 4757 3278 4810 modo
3302 4758 3471 4826 ipsum
3493 4774 3619 4814 eru-

2034 4841 2133 4903 dit,
2161 4842 2287 4901 dum
2321 4851 2582 4896 memorat
2601 4857 2663 4896 ea
2686 4858 2805 4911 qua:
2835 4843 3099 4906 dixerant,
3129 4861 3340 4914 uempc,
3371 4847 3412 4899 Α
3440 4845 3620 4900 Nasa-

2036 4943 2108 4986 ret
2135 4942 2293 5003 potest
2321 4932 2515 5000 aliquid
2557 4933 2674 4985 boni
2720 4934 2864 4987 esse?
2910 4950 3016 5005 quo
3047 4935 3194 4989 illum
3248 4936 3348 4989 sibi
3390 4939 3622 4992 maxime

2037 5025 2370 5090 conciliavit;
2398 5035 2450 5080 ct
2479 5025 2619 5094 quod
2649 5026 2794 5078 illum
2838 5027 2908 5080 ita
2939 5027 3241 5097 loquentem
3286 5043 3389 5081 non
3421 5030 3620 5099 impro-

2038 5115 2266 5179 bavcrit,
2291 5114 2382 5168 sed
2412 5115 2725 5182 laudaverit,
2761 5119 3087 5187 miratusque
3111 5117 3289 5173 fuerit.
3326 5119 3478 5175 Unde
3501 5120 3623 5176 hinc

2039 5207 2198 5262 etiam
2223 5221 2347 5261 vere
2368 5207 2636 5261 Christum
2661 5209 2810 5262 illum
2842 5224 2962 5263 esse
2987 5211 3257 5278 cognovit,
3301 5218 3407 5264 tum
3434 5227 3464 5266 a
3496 5227 3622 5282 pro~

2036 5301 2237 5371 phctia,
2273 5311 2381 5354 tum
2411 5302 2550 5370 quod
2594 5301 2708 5370 ejus
2757 5303 3074 5355 sententiam
3103 5311 3348 5357 accurate
3374 5304 3612 5373 explora-

2037 5401 2140 5456 ret,
2167 5409 2272 5459 quo
2299 5393 2617 5447 ostendebat
2648 5409 2706 5446 se
2738 5393 2825 5446 illa
2853 5394 3012 5446 etiam
3041 5409 3158 5462 qua:
3183 5394 3233 5448 in
3267 5406 3447 5451 mente
3471 5405 3616 5451 erant

2041 5487 2367 5554 intelligere:
2395 5487 2460 5539 ad
2495 5485 2608 5539 hmc
2652 5486 2809 5538 etiam
2854 5485 2993 5554 quod
3024 5501 3084 5540 ea
3114 5502 3234 5557 quae
3263 5489 3375 5557 ipse
3400 5489 3536 5558 apud
3565 5504 3624 5542 se

2040 5577 2287 5647 loquutus
2328 5586 2461 5643 crat,
2508 5591 2614 5630 non
2656 5586 2923 5646 argueret,
2967 5577 3073 5634 imo
3111 5578 3373 5635 laudaret.
3417 5579 3565 5646 Quod
3592 5593 3623 5632 a

2107 5714 2122 5746 ί
2159 5714 2295 5782 Savil.
2315 5712 2579 5782 legendum
2615 5722 2768 5779 putat,
2790 5723 2838 5768 ut
2862 5716 3133 5782 ediscere-5;
3157 5718 3243 5770 sed
3269 5716 3499 5769 edisceret
3524 5725 3619 5766 ma-

2044 5773 2136 5828 Iius
2158 5773 2438 5840 quadrat’ad
2462 5773 2656 5828 seriem.
2754 5773 2764 5779 ’
3114 5773 3126 5782 ’
3219 5844 3258 5904 8
