4068 6136
412 279 512 332 £27

409 391 652 460 Philippo
681 398 897 456 vocatus
923 388 1130 452 fuisset,
1155 389 1204 441 id
1233 387 1394 450 dixit;
1425 397 1634 438 cavero
1658 395 1776 450 quise
1805 388 1986 432 mutuo

406 481 606 551 qutittti
653 481 861 536 fuerant
903 481 1062 534 missa
1109 477 1390 544 fecit,ejus
1434 473 1775 528 conscientia:
1823 467 1986 524 relin-

403 588 593 641 quens,
627 571 766 638 quod
794 571 960 630 nollet
986 587 1106 626 eum
1137 570 1364 637 amplius
1389 579 1626 634 arguere.

442 663 493 716 5.
519 658 772 728 Exemplo
791 655 1407 727 Nathanaelcognitione
1426 657 1621 710 Christi
1639 653 1988 708 exsultandum

405 760 499 806 est.
534 750 838 820 Obsequium
878 749 956 803 illi
990 747 1333 819 prcestandum
1376 757 1449 798 est
1487 745 1568 798 cui
1599 746 1837 797 creditur.
1870 742 1987 796 Non

405 842 565 896 verbis
591 842 678 896 sed
703 841 936 913 aperibus
963 856 1104 892 amor
1130 837 1409 892 exhibetur.
1438 865 1503 876 --
1535 835 1670 902 Quid
1697 834 1889 904 igitur?
1915 848 1983 888 an

404 935 577 990 solum
606 949 724 987 cum
753 933 1028 1001 Philippus
1055 931 1279 995 vocavit,
1303 945 1424 983 eum
1445 927 1608 981 vidit?
1630 941 1806 980 annon
1829 925 1985 979 etiam

404 1035 560 1081 antea
605 1026 836 1080 insomni
888 1025 981 1079 illo
1023 1024 1177 1078 oculo
1207 1022 1448 1076 viderat?
1479 1019 1695 1074 Viderat
1720 1034 1878 1082 sane;
1909 1017 1988 1071 id-

404 1132 510 1186 que
536 1131 694 1171 nemo
723 1115 1013 1169 diffiteatur
1043 1131 1055 1166 :
1087 1113 1178 1168 sed
1209 1115 1292 1168 hic
1314 1111 1438 1166 illud
1462 1120 1662 1165 tantum
1689 1109 1827 1180 quod
1855 1123 1989 1179 opus

410 1215 528 1260 erat
548 1205 832 1260 dicendum
863 1207 979 1260 fuit.
1008 1204 1144 1270 Quid
1170 1218 1297 1274 ergo
1333 1203 1460 1257 ille?
1489 1203 1621 1269 Quia
1648 1202 1856 1271 signum
1881 1217 1985 1254 non

405 1293 626 1348 dubium
656 1295 1001 1364 praescientia:
1028 1293 1144 1363 ejus
1172 1301 1470 1362 acceperat,
1500 1290 1564 1344 ad
1594 1291 1984 1345 confessionem

405 1387 571 1451 venit,
624 1396 676 1442 et
721 1403 815 1456 per
860 1387 1254 1440 cunctationem
1308 1384 1560 1454 priorem,
1593 1383 1984 1438 accurationcm

405 1491 556 1530 suam
583 1477 888 1542 ostendens,
919 1485 972 1530 et
992 1486 1173 1545 pos1ea
1202 1491 1298 1545 per
1325 1488 1644 1529 consensum
1671 1473 1984 1542 probitatem

405 1582 554 1621 suam
598 1567 874 1622 exhibens.
919 1565 1051 1621 Nam
1091 1565 1366 1635 respondit
1394 1607 1408 1629 ,
1443 1565 1648 1634 inquit,
1678 1574 1728 1618 et
1761 1565 1864 1626 ait,
1895 1562 1982 1617 49.

408 1657 589 1721 Rubbi,
625 1669 677 1710 tu
702 1674 752 1711 es
781 1656 947 1711 Filius
983 1656 1110 1720 Dei,
1140 1666 1193 1709 tu
1232 1672 1281 1709 es
1315 1654 1423 1708 Rea:
1454 1653 1634 1708 Israel.
1668 1651 1852 1707 Viden‘
1873 1654 1988 1705 ani-

409 1765 550 1802 mam
577 1749 771 1818 gaudio
797 1749 1169 1813 exeultantem,
1189 1756 1242 1801 et
1264 1745 1441 1800 verbis
1467 1745 1646 1800 .lcsum
1677 1745 1988 1812 amplexan-

409 1841 560 1895 tem?
608 1841 688 1895 Tu
730 1855 811 1908 es,
859 1841 1050 1910 inquit,
1080 1840 1165 1894 ille
1195 1848 1532 1908 exspectatus
1559 1847 1610 1892 et
1635 1837 1981 1892 desideratus.

408 1929 597 1985 Viden’
629 1938 951 2001 stuperatem,
984 1931 1284 1992 mirantem,
1314 1928 1687 1990 exsultantem,
1710 1927 1983 1982 salientem

407 2038 516 2092 prce
545 2023 853 2092 voluptate?
881 2021 956 2076 Ita
985 2037 1081 2077 nos
1113 2037 1321 2092 quoque
1344 2020 1577 2091 gaudere
1597 2027 1836 2089 oportet,
1866 2019 1984 2086 qui-

404 2114 505 2169 bus
531 2114 650 2168 Filii
685 2115 776 2170 Dei
825 2114 1055 2184 cognitio
1097 2113 1217 2167 data
1267 2121 1380 2176 est;
1426 2110 1693 2182 gaudere,
1737 2111 1978 2180 inquam,

406 2221 510 2259 non
541 2215 720 2260 mente
749 2214 950 2259 tantum
981 2246 993 2269 ,
1026 2204 1121 2259 sed
1153 2203 1310 2257 rebus
1340 2203 1467 2272 ipsis
1495 2201 1743 2272 gaudium
1770 2201 1980 2256 efferre.

407 2297 543 2364 Quid
595 2306 769 2350 autem
809 2295 1149 2365 gaudentium
1193 2294 1311 2348 est?
1339 2292 1724 2360 Obtcmperare
1751 2291 1799 2346 ei
1829 2307 1985 2360 quem

407 2377 570 2442 nosti.
621 2386 964 2447 Credentium
1013 2394 1189 2440 autem
1232 2394 1343 2450 est,
1395 2399 1454 2437 ea
1490 2382 1702 2447 facere,
1732 2397 1849 2451 qua:
1875 2382 1987 2450 ipse

405 2478 554 2534 velit.
589 2477 720 2532 Nam
748 2477 790 2531 si
839 2493 901 2532 ea
945 2476 1129 2530 facturi
1159 2489 1342 2529 sumus
1362 2517 1376 2534 .
1409 2489 1524 2543 qua:
1554 2475 1720 2542 ipsum
1749 2472 1813 2526 ad
1855 2473 1984 2525 iram

405 2575 728 2639 provocent,
761 2567 1022 2623 undenam
1051 2565 1396 2620 ostendemus
1431 2578 1528 2618 nos
1553 2565 1822 2634 gaudere?
1851 2563 1984 2617 Cum

405 2662 525 2732 quis
552 2660 693 2715 domi
717 2660 944 2715 amicum
974 2657 1170 2728 excipit
1191 2699 1206 2724 ,
1240 2671 1342 2711 non
1375 2657 1564 2711 videtis
1583 2654 1846 2725 quomodo
1865 2669 1984 2709 cum

409 2750 605 2822 gaudio
646 2751 825 2802 munia
863 2746 1057 2813 faciat,
1097 2747 1327 2816 undique
1357 2746 1817 2810 circumcursans,
1860 2745 1984 2798 nulli

405 2846 481 2900 rei
515 2858 739 2914 parcens
763 2883 778 2907 ,
809 2842 1014 2896 etiamsi
1043 2855 1177 2910 opus
1207 2840 1276 2893 sit
1317 2838 1593 2893 facultates
1628 2852 1816 2891 omnes
1858 2850 1984 2906 pro-

405 2937 659 2999 fundere;
707 2935 864 3004 idque
915 2943 970 2988 ut
1012 2933 1184 2987 amico
1230 2930 1474 3001 placeat?
1501 2930 1651 2998 Quod
1692 2929 1734 2983 si
1778 2927 1986 2984 vocanti

404 3043 508 3082 non
537 3027 950 3095 obtemperaret,
983 3038 1152 3093 neque
1182 3022 1250 3076 ad
1279 3021 1396 3091 ejus
1427 3021 1676 3090 placitum
1702 3020 1879 3073 omnia
1910 3019 1986 3072 fa-

404 3127 570 3182 ceret,
617 3116 823 3171 etiamsi
871 3115 1063 3169 millies
1109 3114 1312 3168 diceret
1353 3127 1411 3166 se
1453 3111 1520 3166 de
1565 3111 1729 3180 ipsius
1757 3109 1987 3165 adventu

404 3207 604 3273 lzetari,
650 3221 752 3260 non
795 3205 976 3274 utique
1017 3203 1149 3260 fides
1176 3203 1223 3258 ei
1259 3203 1327 3256 ab
1356 3202 1563 3272 hospite
1591 3201 1905 3266 haberetur;
1935 3207 1990 3254 et

406 3299 597 3353 merito
625 3313 772 3353 sane.
805 3297 931 3352 Illud
968 3296 1110 3352 enim
1149 3296 1399 3366 operibus
1426 3294 1780 3349 exhibendum
1823 3302 1983 3348 esset.

405 3389 586 3459 Itaque
634 3390 752 3460 quia
784 3389 1027 3444 Christus
1051 3387 1116 3442 ad
1148 3403 1244 3442 nos
1281 3388 1418 3441 venit
1441 3429 1456 3451 ,
1499 3387 1840 3439 ostendamus
1890 3399 1987 3437 nos

403 3482 670 3552 gaudere,
725 3481 961 3552 nihilque
1010 3481 1150 3551 quod
1197 3480 1262 3534 ad
1314 3479 1640 3534 iracundiam
1695 3493 1986 3548 provocare

1136 277 1213 328 'S.
1244 269 1518 328 JOANNIS
1555 264 2024 324 CHRYSOSTOMI
2055 265 2367 322 AllClllEP.
2410 266 2936 323 CONSTANTINOP.

3579 271 3679 329 1‘28

2094 380 2262 449 possit
2291 379 2584 447 faciamus;
2625 397 2876 438 ornemus
2902 379 3118 438 domum
3153 383 3293 439 illam
3320 383 3370 439 in
3398 401 3557 457 quam
3585 391 3679 441 ad-

2095 471 2237 526 venit
2266 488 2280 525 :
2313 473 2414 527 hoc
2440 473 2782 544 gaudentium
2811 484 2894 529 est
2923 493 2936 528 :
2967 488 3296 544 apponamus
3322 475 3372 529 in
3400 477 3677 546 prandium

2097 561 2146 614 id
2177 563 2319 632 quod
2361 564 2459 634 ipsi
2502 565 2734 620 maxime
2764 565 2934 634 placet
2967 582 2979 618 :
3016 564 3116 619 hoc
3146 566 3530 622 exsultantium
3573 579 3675 626 est.

2092 652 2371 719 Quodnam
2417 670 2546 710 vero
2587 655 2862 726 prandium
2907 655 3034 710 illud
3078 656 3196 712 est?
3239 657 3355 726 ipse
3385 658 3498 712 ait:
3531 657 3678 714 Heus

2091 747 2227 801 cibus
2248 758 2340 815 est,
2367 758 2421 802 ut
2450 749 2634 818 faciam
2658 749 2961 802 uoluntatem
2988 749 3096 818 ejus
3117 751 3204 819 qui
3233 750 3366 802 misit
3397 767 3476 804 me
3497 749 3676 818 (Joan.

2090 836 2145 890 4.
2176 837 2289 907 54).
2330 837 2616 894 Pascamus
2657 839 2832 908 ipsum
2873 838 3196 894 esurientem
3221 881 3236 905 ,
3277 851 3459 909 potum
3489 841 3679 896 demus

2091 926 2329 991 sitienti;
2362 927 2406 981 si
2440 928 2522 982 vel
2553 943 2740 998 aquam
2774 927 3016 996 frigidam
3049 927 3263 984 dederis
3286 971 3302 997 ,
3331 931 3552 1000 accipiet
3581 949 3595 986 :
3627 942 3679 987 te

2092 1019 2289 1086 quippe
2313 1026 2490 1084 amat;
2520 1017 2677 1072 amici
2705 1033 2831 1072 vero
2857 1017 2994 1072 dona
3017 1058 3034 1084 ,
3077 1021 3416 1088 quantumvis
3443 1023 3632 1092 exigua
3659 1065 3675 1089 ,

2091 1110 2262 1163 amico
2291 1125 2477 1180 magna
2509 1111 2752 1165 videntur
2779 1125 2914 1165 esse.
2949 1110 3026 1165 Tu
3059 1126 3188 1167 vero
3214 1113 3384 1167 stilum
3413 1130 3477 1168 nc
3498 1115 3678 1184 segnis

2091 1209 2241 1266 esto;
2271 1203 2476 1257 etiamsi
2505 1203 2640 1258 duos
2681 1202 2868 1258 obolos
2894 1202 3230 1273 deposueris,
3262 1221 3366 1260 non
3407 1208 3677 1263 aversabi-

2092 1299 2210 1355 tur,
2249 1291 2343 1346 sed
2386 1302 2651 1362 tamquam
2684 1308 2901 1362 magnas
2929 1308 3060 1364 opes
3087 1296 3329 1365 accipiet.
3367 1297 3500 1352 Cum
3531 1300 3673 1353 enim

2091 1381 2235 1434 nullo
2275 1381 2538 1452 indigeat,
2585 1397 2758 1454 neque
2784 1383 2897 1438 huic
2925 1385 3022 1454 ipsi
3053 1389 3355 1441 necessaria
3379 1388 3519 1452 sint,
3553 1389 3676 1459 jure

2092 1488 2195 1526 non
2243 1488 2524 1528 munerum
2573 1474 3026 1544 magnitudinem,
3074 1476 3167 1531 sed
3206 1477 3381 1532 dantis
3428 1481 3672 1549 proposi-

2092 1575 2200 1617 tum
2237 1573 2460 1634 spectat.
2492 1565 2718 1620 Tantum
2759 1566 2980 1621 ostende
3013 1576 3064 1622 te
3093 1567 3466 1625 adventantem
3501 1571 3674 1640 ipsum

2090 1669 2288 1720 amare,
2330 1665 2381 1710 te
2412 1671 2472 1711 ca
2503 1655 2570 1711 de
2599 1671 2757 1711 causa
2793 1657 2924 1710 nihil
2957 1673 3059 1712 non
3087 1673 3274 1727 agere,
3325 1668 3379 1716 te
3422 1660 3489 1716 de
3536 1677 3674 1731 pra:-

2091 1747 2263 1802 scntia
2292 1748 2407 1818 ejus
2445 1751 2697 1819 gaudere.
2729 1749 2861 1804 Vide
2890 1751 3156 1818 quomodo
3201 1752 3291 1807 illc
3331 1766 3454 1822 erga
3504 1762 3555 1808 te
3601 1754 3676 1809 sit

2089 1838 2328 1893 affectus.
2371 1839 2598 1908 Propter
2624 1849 2675 1894 te
2705 1840 2958 1907 advenit,
2990 1842 3221 1895 animam
3254 1857 3350 1912 pro
3378 1853 3429 1898 te
3451 1845 3626 1913 posuit
3655 1861 3670 1898 :

2091 1938 2144 1982 et
2175 1938 2290 1998 post
2329 1938 2468 1983 tanta
2509 1930 2765 1985 beneficia
2791 1947 2859 1985 ne
2897 1947 3082 2001 rogare
3108 1933 3321 2003 quidem
3352 1944 3402 1988 te
3443 1948 3670 1990 recusat.

2095 2018 2198 2073 Pro
2220 2019 2416 2074 Christo
2437 2022 2600 2088 enim,
2634 2023 2821 2092 inquit,
2842 2025 3090 2094 legatione
3110 2027 3391 2097 fungimur,
3421 2037 3675 2100 tamquam

2091 2109 2200 2163 Deo
2237 2111 2525 2166 obsecrante
2554 2131 2643 2182 per
2671 2131 2761 2169 nos
2790 2115 2865 2187 (2.
2902 2116 3018 2170 Cor.
3049 2117 3102 2172 5.
3132 2116 3223 2188 20)
3279 2106 3474 2190 Ecquis
3500 2121 3568 2174 ita
3594 2121 3676 2175 fu-

2091 2200 2266 2255 riosus
2295 2213 2396 2267 est,
2444 2214 2500 2258 ut
2529 2204 2802 2259 dominum
2831 2220 2983 2259 suum
3017 2222 3121 2261 non
3150 2208 3326 2263 amet?
3348 2209 3459 2264 lloc
3493 2220 3549 2265 et
3574 2226 3674 2281 ego

2091 2292 2211 2346 dico
2237 2334 2250 2354 ,
2281 2293 2498 2362 scioque
2527 2305 2768 2348 nostrum
2794 2295 3028 2364 singulos
3055 2313 3158 2350 non
3181 2297 3338 2352 aliter
3368 2300 3534 2354 verbo
3568 2301 3674 2355 sal-

2092 2391 2196 2436 tem
2227 2392 2277 2436 et
2306 2393 2483 2437 mente
2513 2398 2764 2438 sensuros
2786 2400 2924 2439 esse.
2955 2385 3057 2441 Sed
3091 2404 3195 2442 non
3229 2389 3404 2444 verbfs
3429 2401 3626 2446 tantum
3654 2434 3671 2458 ,

2091 2473 2184 2528 sed
2216 2474 2374 2528 etiam
2407 2475 2658 2544 operibus
2693 2475 2804 2530 vult
2831 2476 2876 2530 is
2903 2477 2989 2546 qui
3019 2487 3230 2532 amatur
3251 2495 3488 2535 amorem
3515 2481 3668 2535 exhi-

2091 2567 2223 2622 beri.
2256 2567 2386 2622 Nam
2413 2569 2455 2622 si
2488 2567 2558 2622 ita
2587 2568 2798 2638 quidem
2828 2569 3125 2640 loquamur,
3162 2586 3335 2641 neque
3362 2585 3673 2642 praestemus

2092 2657 2142 2711 id
2169 2657 2310 2727 quod
2347 2666 2587 2713 amantes
2635 2659 2838 2722 solent,
2882 2659 3103 2713 ridicula
3133 2675 3262 2715 sane
3291 2677 3379 2715 res
3421 2670 3533 2728 est,
3568 2677 3673 2720 non

2090 2750 2229 2818 apud
2256 2750 2419 2804 Demn
2452 2759 2651 2804 tantum
2673 2792 2687 2816 ,
2717 2750 2812 2804 sed
2848 2750 3005 2805 etiam
3037 2751 3174 2820 apud
3219 2750 3482 2808 homines.
3526 2755 3672 2821 Quo-

2091 2840 2233 2892 niam
2266 2840 2423 2910 igitur
2449 2841 2624 2895 verbis
2652 2849 2853 2894 lautum
2881 2839 3145 2906 confiteri,
3178 2851 3232 2895 ct
3260 2843 3419 2898 rebus
3447 2855 3668 2898 contra-

2092 2931 2168 2984 ria
2207 2939 2459 3000 praestare
2483 2973 2495 2996 ,
2527 2945 2628 2984 non
2665 2931 2849 2986 inutile
2879 2931 3071 2998 modo,
3099 2931 3192 2986 sed
3216 2934 3376 2988 etiam
3405 2936 3670 3004 pernicio-

2093 3036 2208 3076 sum
2241 3031 2356 3085 est;
2389 3037 2547 3092 rogo,
2582 3022 2973 3078 confessionem
3003 3039 3098 3093 per
3119 3039 3276 3094 opera
3304 3027 3670 3090 exhibeamns,

2093 3124 2148 3168 ut
2181 3115 2292 3182 ipse
2324 3129 2422 3169 nos
2451 3114 2765 3168 confiteatur
2793 3114 2887 3168 illo
2913 3115 2999 3169 die
3019 3157 3034 3180 ,
3065 3117 3277 3184 quando
3302 3117 3443 3186 apud
3466 3119 3673 3174 Patrem

2092 3206 2305 3274 quinam
2353 3205 2495 3276 digni
2539 3207 2644 3261 sint
2683 3207 3058 3262 confitebitur:
3093 3208 3142 3262 in
3172 3206 3383 3263 Christo
3412 3209 3537 3264 Jesu
3570 3212 3673 3264 Do-

2093 3297 2239 3349 mino
2263 3305 2444 3349 nostro
2465 3338 2477 3361 ,
2512 3312 2604 3366 per
2632 3312 2788 3367 quem
2825 3305 2878 3351 et
2910 3312 3032 3351 cum
3063 3313 3167 3367 quo
3197 3299 3337 3353 Patri
3365 3301 3530 3369 gloria
3554 3343 3567 3364 ,
3599 3304 3673 3355 si-

2094 3387 2307 3452 mulque
2329 3397 2512 3442 sancto
2539 3387 2778 3457 Spiritui,
2809 3403 2948 3442 nunc
2968 3398 3019 3442 et
3048 3402 3260 3458 semper
3281 3432 3295 3454 ,
3327 3401 3381 3445 et
3412 3393 3460 3444 in
3483 3394 3672 3448 saecula

2092 3481 2427 3532 Sa-culorum.
2459 3482 2646 3533 Amen.

1755 3678 2102 3764 HOMle
2145 3678 2324 3738 xxr.

406 3835 494 3890 49.
529 3833 807 3902 Respondit
836 3832 1136 3888 Nathanael
1154 3874 1169 3899 ,
1201 3841 1247 3887 et
1269 3833 1388 3886 dicit
1416 3833 1459 3886 ei
1487 3847 1503 3884 :
1532 3829 1712 3896 Rabbi,
1741 3840 1792 3883 tu
1816 3847 1866 3884 es
1897 3829 1990 3882 Fi-

406 3965 411 3972 -
475 3929 570 3981 lius
607 3925 736 3992 Dei,
769 3938 821 3980 tu
861 3943 911 3980 es
939 3927 1048 3982 Rea:
1086 3924 1270 3979 Israel.
1301 3923 1391 3980 50.
1419 3921 1694 3992 Respondit
1728 3920 1878 3974 Jesus
1901 3959 1916 3986 ,
1943 3930 1989 3972 et

477 4021 605 4075 dixit
630 4021 715 4074 ei:
747 4020 878 4088 Quia
900 4020 1008 4074 dixi
1029 4019 1136 4084 tibi,
1174 4016 1292 4072 Vidi
1311 4024 1360 4071 te
1385 4016 1475 4070 sub
1501 4016 1621 4084 ﬁcu,
1655 4012 1852 4067 credis?
1884 4011 1989 4065 Ma-

473 4114 591 4181 jora
616 4112 694 4165 his
720 4110 926 4164 uidebis.

482 4204 532 4256 l.
567 4203 726 4256 Multa
769 4204 922 4258 nobis
954 4216 1080 4256 cura
1124 4214 1258 4271 opus
1302 4209 1384 4255 est
1411 4242 1426 4267 ,
1461 4198 1669 4264 dilecti,
1702 4198 1990 4268 multisque

406 4295 598 4364 vigiliis
618 4335 632 4356 .
665 4304 720 4348 ut
763 4309 1035 4349 sacrarum
1063 4294 1454 4363 Scripturarum
1479 4291 1799 4361 profundum
1826 4289 1992 4358 inspi-

406 4399 529 4440 cere
559 4384 845 4453 possimus.
889 4383 1071 4450 Neque
1101 4384 1243 4436 enim
1291 4381 1464 4449 supini
1511 4380 1594 4434 vel
1643 4379 1993 4434 dormitantes

409 4489 696 4544 possumus
721 4475 836 4540 ejus
865 4487 1022 4524 sensa
1051 4471 1342 4539 percipere,
1377 4469 1470 4523 sed
1492 4483 1625 4537 opus
1645 4479 1725 4522 est
1745 4477 1993 4523 accurato

412 4563 682 4625 examine,
713 4560 1052 4626 assiduisque
1081 4559 1348 4626 precibus,
1383 4566 1439 4610 ut
1469 4557 1550 4609 vel
1581 4557 1844 4610 tantillum
1871 4572 1992 4625 pos-

413 4654 582 4705 simus
610 4649 661 4702 in
687 4664 836 4702 sacra
871 4649 960 4701 illa
989 4647 1240 4718 mysteria
1275 4657 1572 4715 penetrare.
1606 4646 1742 4702 Ecce
1766 4663 1994 4716 namque

415 4740 577 4794 hodie
617 4753 723 4792 non
771 4738 902 4792 levis
932 4738 1087 4792 nobis
1125 4737 1349 4806 quaestio
1378 4736 1719 4806 proponitur,
1754 4735 1846 4790 sed
1877 4752 1995 4804 qua:

414 4833 580 4890 multa
628 4840 781 4902 egeat
830 4829 1140 4899 diligentia,
1195 4829 1354 4882 multa
1409 4829 1810 4899 perquisitionc.
1861 4827 1993 4882 Cum

415 4924 712 4980 Nathanael
744 4921 910 4984 dicit,
953 4919 1032 4972 Tu
1059 4937 1110 4972 es
1138 4919 1183 4972 1"
1185 4920 1303 4972 ilius
1333 4918 1466 4982 Dei;
1511 4919 1795 4989 respondet
1836 4918 1992 4973 Chri-

415 5027 554 5080 stus,
601 5013 735 5078 Quia
778 5012 886 5066 dixi
911 5011 998 5065 tibi
1015 5053 1030 5077 ,
1070 5011 1185 5064 Vidi
1207 5022 1251 5065 te
1273 5013 1364 5065 sub
1391 5013 1492 5080 [ιω
1520 5053 1534 5077 ,
1561 5012 1762 5067 credis?
1793 5011 1995 5082 Majora

418 5109 497 5161 his
517 5105 721 5160 uidebis.
752 5104 888 5173 Quid
914 5105 1166 5174 quaeritur
1191 5105 1327 5158 circa
1362 5106 1629 5174 prannissa
1660 5106 1857 5160 verba?
1889 5105 1996 5160 Cur

422 5200 612 5255 Petrus
641 5205 757 5266 post
783 5206 924 5250 tanta
948 5196 1201 5250 miracula
1232 5197 1246 5226 ¹
1276 5237 1292 5262 ,
1325 5207 1442 5265 post
1471 5206 1666 5250 tantam
1693 5206 1994 5267 susceptam

417 5288 737 5351 doctrinam,
785 5288 863 5343 sic
910 5286 1210 5351 confessus,
1246 5286 1322 5340 Tu
1362 5303 1412 5341 es
1457 5285 1622 5341 Filius
1653 5287 1777 5353 Dei,
1809 5289 1998 5343 beatus

418 5380 760 5449 praedicatur,
807 5389 988 5448 utpote
1036 5380 1120 5434 cui
1162 5379 1320 5434 Pater
1353 5379 1463 5432 lucc
1507 5380 1859 5444 revelaverit;
1890 5378 1994 5434 Na-

488 5540 500 5568 '
541 5536 596 5587 In
620 5533 781 5584 Morel.
811 5530 884 5582 hic
909 5537 977 5584 sic
996 5536 1195 5587 effertur
1221 5536 1433 5586 locus....
1455 5554 1476 5582 α
1497 5534 1732 5585 ιὶτιριείδ».
1760 5534 1895 5586 Multi
1911 5535 1998 5586 hoc

419 5598 597 5648 (luisti
640 5607 917 5656 responsum
956 5597 1221 5657 audientes,
1246 5599 1474 5654 ancipites
1519 5598 1700 5646 luerent
1744 5599 1951 5647 d'centes
1979 5609 1997 5646 :

422 5659 542 5720 Quid
565 5657 720 5716 ergo?
747 5661 931 5716 Petrus,
955 5663 1053 5718 post
1079 5664 1206 5704 tanta
1224 5659 1472 5716 vim-acula,
1493 5665 1586 5708 etc.

2099 3828 2306 3882 thanael
2342 3843 2468 3883 vero
2499 3829 2584 3898 qui
2634 3839 2758 3883 ante
2799 3829 2945 3899 signa
2971 3869 2984 3891 ,
3017 3838 3142 3884 ante
3166 3829 3504 3896 doctrinam,
3533 3829 3674 3884 idem

2096 3920 2266 3990 ipsum
2295 3930 2377 3974 est
2402 3921 2670 3989 loquutus,
2705 3919 2832 3973 nihil
2859 3920 2962 3973 tale
2987 3919 3211 3988 audivit,
3243 3920 3336 3974 sed
3366 3921 3514 3990 quasi
3540 3921 3672 3973 nihil

2095 4019 2294 4065 tantum
2324 4011 2563 4077 dixisset,
2587 4020 2836 4081 quantum
2865 4025 2998 4080 opus
3024 4020 3158 4078 erat,
3185 4012 3250 4066 ad
3282 4013 3480 4081 majora
3508 4011 3674 4066 mitti-

2095 4103 2218 4155 tur?
2255 4101 2392 4168 Quid
2424 4102 2580 4171 igitur
2620 4103 2672 4155 in
2711 4116 2868 4155 causa
2899 4101 3026 4156 est?
3055 4101 3186 4169 Quia
3227 4101 3414 4156 eadem
3463 4092 3676 4171 quidem

2096 4193 2256 4247 verba
2288 4193 2490 4262 loqunti
2532 4200 2656 4246 sunt
2685 4192 2874 4246 Petrus
2902 4201 2956 4246 et
2999 4191 3290 4246 Nathanacl
3313 4233 3326 4255 ,
3360 4207 3457 4246 nec
3500 4201 3675 4245 tamen

2096 4283 2283 4337 eodem
2313 4294 2531 4352 uterque
2557 4298 2737 4337 sensu.
2775 4281 2880 4338 Sed
2914 4283 3100 4337 Petrus
3140 4281 3354 4352 quidem
3401 4282 3678 4337 confessus

2097 4385 2180 4430 est
2199 4392 2322 4431 eum
2347 4375 2535 4430 Filiqu
2570 4376 2684 4442 Dei,
2719 4385 2774 4428 ut
2804 4390 2983 4429 verum
3015 4374 3205 4437 Deum,
3239 4373 3528 4428 Nathanael
3550 4389 3678 4427 vero

2099 4469 2394 4538 simplicem
2423 4469 2716 4522 hominem.
2744 4467 2808 4520 Et
2836 4466 3101 4520 undenam
3127 4466 3176 4520 id
3204 4465 3357 4520 nobis
3376 4466 3573 4535 liquet?
3600 4465 3679 4518 Ex

2098 4559 2460 4624 sequentibus.
2489 4558 2776 4626 Postquam
2805 4557 2939 4612 dixit
2961 4558 3126 4622 enim,
3162 4555 3239 4609 Tu
3265 4572 3316 4610 es
3346 4555 3514 4610 Filius
3543 4555 3634 4609 Dei
3657 4595 3674 4618 ,

2100 4647 2332 4710 addidit,
2381 4657 2434 4700 tu
2482 4667 2532 4702 es
2581 4647 2691 4701 Rea:
2735 4647 2919 4702 Israel.
2968 4647 3134 4701 Filius
3172 4657 3349 4702 autem
3400 4647 3526 4710 Dei,
3572 4661 3678 4700 non

2102 4737 2310 4792 lsraelis
2339 4748 2578 4804 tantum,
2607 4738 2701 4793 sed
2728 4738 2887 4793 etiam
2920 4739 3063 4791 orbis
3092 4737 3254 4793 totius
3285 4737 3400 4793 Rex
3439 4745 3545 4792 est.
3574 4736 3681 4791 Ne-

2099 4845 2204 4900 que
2229 4829 2350 4883 iode
2375 4829 2544 4884 solum
2573 4829 2621 4883 id
2652 4830 2824 4898 palam
2857 4838 2939 4883 est
2958 4870 2970 4890 ,
3001 4829 3095 4884 sed
3121 4829 3372 4884 etiame:
3405 4830 3680 4899 sequenti-

2100 4924 2218 4979 bus.
2251 4922 2409 4977 Petro
2437 4937 2666 4990 namque
2710 4921 2839 4974 nihil
2884 4922 3018 4976 ultra
3050 4921 3246 4991 adjecit
3279 4921 3544 4989 Christus,
3586 4921 3680 4976 sed

2101 5014 2251 5084 quasi
2303 5013 2434 5066 fides
2484 5013 2601 5082 ejus
2651 5012 2879 5082 perfecta
2925 5023 3106 5078 esset,
3148 5012 3440 5070 Ecclesium
3468 5012 3596 5068 dicit
3625 5030 3682 5068 se

2101 5120 2263 5172 super
2289 5103 2675 5160 confessionem
2707 5103 2822 5170 ejus
2851 5101 3238 5156 wdilicaturum
3261 5115 3400 5156 esse.
3437 5101 3532 5156 llic
3555 5118 3684 5156 vero

2102 5195 2232 5250 nihil
2281 5193 2606 5262 hujusmodi,
2657 5193 2762 5245 imo
2810 5192 3137 5246 contrarium
3193 5191 3468 5245 observes.
3519 5193 3682 5257 Quasi

2101 5287 2244 5342 enim
2271 5283 2539 5339 confessio
2568 5283 2653 5336 illa
2687 5283 2892 5351 potiore
2918 5282 2998 5336 sui
3040 5291 3195 5350 parte
3235 5281 3522 5346 deficeret,
3555 5285 3684 5340 reli-

2102 5391 2205 5445 qua
2255 5374 2508 5429 subdidit.
2552 5373 2688 5441 Quid
2729 5374 2869 5427 enim
2901 5373 3012 5427 ait?
3043 5375 3131 5428 5|.
3164 5373 3356 5439 Amen,
3387 5389 3540 5430 amen
3572 5375 3685 5431 dico

2103 5465 2239 5520 vobis
2263 5480 2282 5519 :
2310 5465 2492 5518 amodo
2516 5465 2744 5519 videbitis
2773 5465 2954 5518 cazluin
2981 5474 3214 5534 apertum
3235 5505 3253 5531 ,
3280 5473 3327 5520 et
3356 5467 3564 5536 angelos
3593 5469 3683 5520 1)ιὶ

2105 5557 2427 5613 ascendentes
2471 5567 2515 5611 et
2545 5556 2895 5612 descendentes
2920 5572 3073 5627 super
3109 5555 3301 5611 Filium
3325 5557 3560 5613 hominis.
3594 5558 3683 5610 \‘i-

2107 5649 2225 5704 den’
2262 5647 2531 5717 quomodo
2572 5647 2718 5702 illum
2754 5647 3002 5718 paulatim
3040 5649 3107 5704 de
3134 5659 3273 5704 terra
3300 5648 3496 5720 erigat,
3527 5659 3580 5702 et
3617 5664 3684 5703 co
