4068 6136
431 338 527 394 129

426 450 688 516 ειυιΙυιιι,
739 461 808 504 ne
858 448 1030 517 ipsum
1081 454 1347 517 tamquam
1390 444 1684 513 simplicem
1728 441 2000 496 hominem

423 540 639 611 efﬁngat
655 538 681 592 2
705 537 755 594 ls
777 539 919 592 etaim
946 538 1030 593 cui
1055 536 1228 607 angeli
1258 534 1518 598 serviunt,
1542 547 1701 602 super
1726 544 1884 600 quem
1908 542 2005 581 an-

424 634 525 705 geli
590 631 891 687 ascendunt
950 640 1004 684 et
1056 627 1429 691 descendunt,
1495 640 1600 694 quo
1648 632 1802 694 pacto
1849 620 2008 673 homo

427 725 623 782 fuerit?
647 723 773 780 Ideo
799 724 953 786 dixit.
980 722 1184 794 Majora
1205 722 1281 776 his
1302 718 1523 781 videbis;
1549 715 1692 788 quod
1712 714 2005 784 explicans,

425 814 737 886 angelorum
783 809 1136 867 ministerium
1183 809 1388 873 attulit;
1437 822 1501 863 ac
1545 808 1589 860 si
1631 804 1867 860 diceret:
1902 801 2012 885 illa-

426 918 589 975 gnum
619 901 713 957 tibi
742 902 846 956 hoc
871 899 1081 955 videtur
1101 940 1114 964 ,
1151 914 1185 953 ο
1211 896 1499 953 Nathanael
1521 935 1536 960 ,
1584 893 1811 964 ideoque
1839 905 1925 945 me
1954 898 2013 943 ut

433 994 648 1050 lsrarlis
688 992 889 1062 Regem
934 989 1214 1046 confessus
1252 1003 1312 1044 es
1355 1006 1370 1044 :
1414 987 1538 1058 quid
1566 999 1693 1055 ergo
1718 983 1864 1038 dices
1889 996 2009 1036 cum

429 1087 625 1142 videris
662 1084 879 1155 angelos
899 1099 1059 1153 super
1095 1097 1180 1138 me
1214 1080 1560 1137 ascendentes
1591 1086 1645 1132 et
1684 1072 2013 1132 descenden-

429 1181 544 1236 tes?
575 1178 660 1233 his
683 1176 761 1233 illi
793 1176 1042 1241 suadens,
1065 1185 1121 1230 ut
1142 1189 1201 1230 se
1225 1173 1531 1244 angelorum
1554 1169 1713 1225 etiam
1733 1167 2012 1223 Dominum

430 1271 770 1328 conﬁteatur.
818 1267 951 1324 Nam
997 1266 1147 1339 quasi
1175 1265 1241 1320 sd
1279 1264 1566 1337 genuinum
1612 1258 1775 1330 Regis
1813 1256 2010 1321 lilium,

430 1366 509 1421 sic
544 1361 939 1420 descendebant
966 1368 1021 1415 et
1058 1357 1416 1414 ascendebant
1453 1351 1681 1409 ministri
1714 1348 1839 1420 regii
1863 1386 1880 1412 .
1914 1347 2016 1402 hoc

432 1455 597 1511 nodo
623 1464 864 1523 tempore
890 1449 1096 1516 crucis,
1129 1448 1220 1504 illo
1247 1455 1423 1503 autem
1456 1447 1507 1500 in
1535 1439 1930 1498 resurrectione
1961 1444 2016 1491 et

432 1543 776 1609 ascensione,
811 1542 919 1596 imo
955 1550 1108 1595 antea
1131 1581 1147 1607 ,
1179 1537 1395 1609 quando
1424 1539 1803 1593 accesserunt,
1835 1536 1889 1582 et
1915 1525 2014 1580 mi-

434 1636 732 1693 nistrabant
773 1634 860 1700 ei,
905 1631 1117 1705 quando
1161 1630 1327 1700 ipsius
1371 1627 1575 1682 natales
1617 1620 2009 1694 pradicabaut,

434 1726 649 1797 quando
671 1723 1006 1788 clamabant,
1035 1719 1210 1775 Gloria
1235 1721 1286 1772 in
1312 1717 1520 1773 excelsis
1555 1714 1665 1768 Deo
1688 1755 1703 1776 ,
1734 1722 1781 1767 et
1806 1713 1857 1764 in
1884 1719 2015 1762 terra

436 1833 541 1887 ραι
582 1814 751 1888 (Luc.
797 1813 856 1867 2.
900 1808 1295 1884 M):quando
1341 1807 1405 1861 ad
1451 1806 1669 1861 Mariam
1718 1808 2012 1867 venerunt,

436 1907 653 1979 quando
680 1906 747 1961 ad
774 1903 1083 1974 Josepbum.
1114 1900 1264 1970 Quod
1296 1914 1439 1970 satpe
1479 1897 1711 1961 fecerat,
1760 1909 1899 1949 nunc
1942 1893 2015 1946 la-

436 2000 526 2052 cit.
557 1996 673 2053 Duo
719 1995 989 2067 prtedicit,
1018 2002 1069 2049 et
1104 1992 1324 2046 alterius
1350 1988 1603 2044 indicium
1632 1987 1756 2050 dat,
1788 1986 2014 2039 alterum

436 2106 505 2145 es
529 2090 628 2145 hoc
659 2089 940 2145 conﬁrmat
985 2085 1241 2141 futurum.
1275 2082 1355 2139 Ex
1386 2097 1548 2153 supra
1579 2080 1735 2135 dictis
1781 2078 1881 2131 alia
1904 2077 2014 2146 jam

436 2181 795 2236 demonstrata
826 2179 1055 2242 fuerant,
1081 2174 1241 2247 quale
1268 2173 1395 2229 illud
1440 2180 1557 2229 erat
1617 2179 1741 2225 ante
1785 2168 2016 2238 Philippi

437 2271 789 2333 vocationem,
830 2268 945 2321 Vidi
973 2277 1022 2323 te
1042 2267 1135 2323 sub
1163 2267 1264 2335 ﬁcu
1286 2282 1305 2330 ;
1331 2264 1436 2318 alia
1462 2274 1718 2319 eventura
1740 2268 1895 2315 erant
1914 2299 1930 2325 ,
1963 2266 2018 2314 et

435 2379 499 2417 ex
529 2370 680 2432 parte
705 2368 1034 2425 evenerant,
1065 2358 1374 2429 angelortnn
1405 2369 1600 2424 nempe
1637 2352 1930 2409 descensus
1962 2358 2018 2406 et

437 2468 690 2509 ascensus
717 2468 731 2516 ;
766 2453 815 2505 in
843 2464 1023 2514 cruce,
1056 2450 1106 2503 in
1133 2448 1546 2510 resurrectione,
1581 2446 1633 2499 in
1658 2443 2013 2500 ascensione:

438 2545 520 2598 cui
549 2545 623 2599 rei
649 2561 712 2599 ex
746 2542 1016 2614 przedictis
1047 2541 1202 2595 tidem
1230 2538 1374 2602 facit,
1412 2539 1573 2593 etiam
1597 2547 1719 2590 ante
1745 2544 2014 2590 eventum.

440 2632 568 2689 Nam
610 2634 697 2704 qui
731 2634 843 2703 jam
885 2631 935 2686 in
980 2629 1263 2699 praeteritis
1297 2628 1415 2699 ejus
1460 2627 1713 2681 virtutem
1759 2622 1973 2695 agnovit
1998 2663 2015 2689 ,

440 2724 609 2778 futura
652 2724 696 2778 si
745 2723 944 2783 audiat,
1002 2721 1207 2775 facilius
1234 2719 1477 2788 accipiet.
1509 2717 1645 2783 Quid
1670 2730 1798 2785 ergo
1825 2712 2019 2767 Natba-

438 2816 599 2871 nacl?
628 2815 765 2870 Nihil
798 2814 863 2869 ad
899 2814 998 2869 hoc
1023 2811 1313 2882 reSpoudit.
1342 2810 1464 2866 Ideo
1486 2808 1731 2865 Christus
1752 2808 1836 2861 hic
1857 2806 2015 2860 linem

439 2905 645 2962 dicendi
672 2905 817 2969 facit,
847 2904 1029 2960 sini-ns
1060 2902 1209 2956 illum
1234 2902 1373 2956 dicta
1413 2914 1596 2957 secum
1625 2907 1892 2967 reputare,
1916 2910 2015 2950 nec

439 2995 620 3051 volens
662 2994 842 3050 omnia
870 2995 1048 3049 statim
1089 2991 1364 3050 ell'utnlere
1388 3033 1403 3057 ,
1444 2989 1537 3045 sed
1563 2989 1712 3059 jacto
1740 2988 1792 3043 in
1825 2987 2014 3041 bonam

442 3096 632 3143 terram
656 3086 863 3142 semine
883 3125 901 3150 ,
923 3085 1048 3141 sinit
1073 3099 1190 3139 eam
1221 3083 1421 3138 fructus
1448 3096 1542 3152 per
1570 3080 1736 3134 otium
1761 3079 2016 3150 proferre.

444 3179 497 3235 ld
523 3179 662 3250 quod
685 3178 810 3233 alibi
836 3177 915 3233 sic
940 3175 1250 3231 declarabat
1284 3193 1296 3228 :
1326 3173 1507 3229 Simile
1534 3182 1608 3226 est
1630 3188 1837 3243 regnum
1863 3170 2018 3224 ecclo—

440 3290 550 3327 rum
588 3271 803 3336 homini,
847 3271 936 3335 qui
969 3268 1231 3324 sentittavit
1250 3266 1437 3320 bonum
1475 3282 1659 3321 semen.
1700 3264 1826 3320 Cum
1855 3273 2022 3317 autent

441 3365 698 3429 dormiret,
729 3363 859 3417 venit
886 3362 1115 3414 inimicus
1142 3359 1252 3429 ejus
1272 3398 1286 3421 .
1318 3367 1362 3410 et
1393 3354 1805 3424 superseminavit
1827 3353 2023 3407 zizania

441 3458 491 3510 in
505 3454 665 3508 medio
679 3452 832 3505 tritici
852 3448 1061 3520 (Matth.
1085 3450 1171 3503 l3.
1183 3448 1219 3502 2
1231 3452 1275 3502 ι.
1297 3447 1387 3516 25)
1398 3488 1409 3499 .
1433 3446 1581 3518 (Cap.
1599 3446 1655 3516 2)
1698 3447 1745 3500 l.
1770 3444 1862 3497 Die
1879 3444 2024 3497 tertia

442 3548 629 3617 nuptia’
648 3550 797 3616 [actm
811 3551 927 3597 sunt
943 3543 993 3597 in
1013 3541 1150 3595 Cana
1169 3539 1414 3595 Galila’at.
1432 3539 1487 3592 2.
1500 3537 1559 3591 Et
1577 3548 1778 3591 uocatus
1794 3535 2024 3590 estlesus

442 3642 509 3695 ad
535 3640 756 3710 nuptias.
786 3635 914 3690 Erat
941 3644 1109 3688 autem
1140 3645 1302 3686 mater
1334 3630 1459 3685 Jesu
1490 3630 1580 3696 ibi,
1615 3640 1660 3683 et
1688 3632 1871 3699 fratres
1891 3628 2021 3698 ejus.

445 3734 557 3788 Jam
586 3732 694 3787 dixi
730 3746 851 3785 cum
891 3730 942 3781 in
969 3726 1187 3783 Galil-.ea
1216 3724 1477 3780 notiorem
1506 3722 1707 3786 fuisse;
1740 3735 1904 3791 quare
1935 3734 2026 3773 vo-

446 3834 565 3879 cant
584 3837 708 3879 eum
741 3820 804 3874 ad
832 3819 1064 3890 nuptias,
1094 3817 1313 3886 ipseque
1334 3814 1504 3869 adest.
1532 3812 1647 3867 Non
1678 3814 1819 3867 enim
1850 3809 1915 3864 ad
1946 3809 2026 3865 di-

448 3919 700 3987 gnitatem
746 3928 895 3967 suam
941 3908 1296 3980 respiciebat,
1327 3905 1419 3961 sed
1469 3913 1584 3960 erat
1611 3902 1677 3957 ad
1709 3901 2023 3957 beneficium

451 4008 601 4062 nobis
641 4003 979 4061 inferendum
1025 4009 1259 4071 paratus.
1291 3997 1420 4052 Nam
1447 4000 1536 4068 qui
1580 4011 1682 4050 non
1712 3994 2027 4065 dedignatus

449 4110 529 4157 est
552 4101 778 4157 formam
804 4099 942 4153 servi
970 4095 1233 4165 accipere,
1266 4091 1431 4146 multo
1459 4092 1634 4145 minus
1658 4087 2031 4159 dedignabitnr

451 4191 515 4246 ad
541 4190 752 4261 nuptias
776 4201 1054 4242 servorqu
1106 4183 1327 4245 venire;
1359 4180 1447 4249 qui
1489 4194 1611 4234 cunt
1651 4177 1948 4247 publicanis
1976 4184 2030 4230 et

457 4280 817 4352 peccatoribus
842 4277 1174 4343 versabatur,
1209 4273 1379 4328 multo
1408 4271 1586 4327 minus
1615 4270 1881 4324 recusabit
1903 4284 2025 4322 cum

456 4374 684 4429 invitatis
711 4371 777 4427 ad
808 4369 1020 4439 nuptias
1046 4365 1383 4421 recumbere.
1413 4361 1514 4427 Qui
1550 4367 1888 4423 vocaverant,
1915 4374 2020 4412 non

455 4473 835 4536 congruentem
878 4461 947 4517 de
993 4460 1086 4515 illo
1123 4457 1429 4528 opinionem
1463 4453 1745 4516 habebant,
1777 4459 2032 4521 nequeut

455 4569 700 4625 magnum
730 4551 1035 4623 quempiam
1065 4548 1235 4603 virum
1266 4544 1582 4608 invitabant,
1610 4543 1703 4597 sed
1733 4554 1789 4597 ut
1820 4542 2034 4611 popula-

456 4660 565 4701 rem
606 4652 663 4700 et
701 4642 802 4698 sibi
843 4649 1047 4695 notum.
1079 4639 1147 4695 Et
1187 4637 1289 4694 hoc
1326 4633 1677 4690 subindicavit
1708 4633 2030 4702 evangelista

453 4739 679 4795 dicens:
710 4736 837 4789 Erat
878 4744 1046 4788 autent
1089 4742 1247 4785 mater
1286 4730 1410 4785 .lesu
1455 4728 1541 4792 ibi,
1589 4736 1635 4780 et
1680 4726 1862 4794 fratres
1901 4725 2029 4796 ejus.

454 4825 916 4898 Quemadmodum
947 4824 1088 4878 illam
1119 4830 1174 4878 et
1215 4820 1406 4877 fratres
1440 4818 1556 4887 ejus
1581 4857 1596 4883 ,
1642 4817 1709 4869 ita
1751 4824 1803 4869 et
1850 4814 2031 4870 Jesum

456 4924 793 4977 vocaverant.
822 4917 876 4973 '5.
911 4914 972 4969 Et
1003 4913 1261 4981 deﬁciente
1298 4912 1410 4964 uino
1447 4910 1568 4962 dicit
1612 4917 1771 4960 mater
1813 4907 1921 4976 ejus
1967 4904 2035 4958 ad

456 5027 568 5067 euut
597 5027 617 5066 :
654 5008 845 5063 Vinum
888 5023 991 5061 non
1034 5003 1238 5058 habent.
1273 5002 1367 5056 llic
1387 5001 1508 5069 jure
1535 5008 1805 5070 quaeratur
1836 5015 1847 5049 :
1883 4995 2036 5053 Unde

458 5102 609 5159 matri
640 5101 696 5159 in
722 5107 957 5154 mentem
980 5096 1141 5151 subiit
1165 5094 1290 5164 quid
1320 5109 1564 5161 tnugnntn
1589 5090 1655 5145 de
1679 5089 1786 5143 lilio
1806 5089 2031 5158 opinari:

459 5194 662 5249 nullum
689 5191 836 5248 enim
863 5188 1041 5243 adhuc
1081 5187 1288 5257 signum
1332 5183 1529 5238 fecerat
1561 5198 1573 5234 :
1601 5197 1718 5234 nam
1756 5178 1865 5233 Hoc
1895 5180 2032 5251 fecit,

460 5284 646 5354 inquit,
674 5281 875 5336 initium
891 5275 1313 5348 signorumJesus
1350 5276 1401 5327 in
1413 5272 1550 5327 Cana
1579 5270 1804 5325 Galilww
1819 5271 1890 5340 (υ.
1921 5270 2032 5336 ll).

524 5378 578 5432 2.
602 5375 839 5433 Christus
864 5389 965 5427 non
991 5372 1043 5426 in
1070 5371 1306 5441 prinucva
1326 5378 1471 5423 (etate
1496 5365 1743 5420 miracula
1772 5364 1991 5435 patravit
2017 5378 2035 5426 ,°

456 5472 610 5524 trium
651 5480 905 5520 annorum
954 5462 1117 5533 spatio
1159 5457 1417 5513 miraculis
1464 5458 1737 5512 celebratus
1775 5463 1864 5510 est.
1895 5454 2036 5522 Quo-

455 5562 607 5616 modo
640 5557 814 5614 Maria
855 5556 949 5625 ﬁlii
978 5554 1129 5607 etiam
1158 5552 1299 5621 pueri
1328 5551 1640 5604 divinitatum
1670 5548 1917 5619 suspicari
1940 5566 2034 5617 ρον

454 5652 623 5707 tuerit.
657 5646 877 5714 Quaado
904 5644 1191 5715 parentibus
1217 5640 1830 5711 obsequendum—Quod
1859 5642 1901 5695 si
1920 5640 2037 5710 quis

459 5743 662 5802 dixerit
697 5781 712 5807 ,
746 5751 854 5794 non
885 5736 1130 5794 idoneum
1172 5733 1272 5790 hoc
1303 5749 1421 5789 esse
1449 5744 1817 5805 argumentum
1850 5775 1862 5797 ,
1892 5729 2033 5802 quod

1418 332 1480 389 ΙΝ
1518 326 1829 389 JOANNEM
1873 325 2105 384 llOIl'lL.
2149 324 2289 382 XXI.
2330 329 2400 384 al.
2444 328 2559 386 XX.

3591 335 3707 390 ιω

2118 457 2245 513 illud
2271 460 2341 515 sit
2364 459 2572 515 initium
2599 461 2873 531 signorum
2907 504 2921 527 ,
2946 479 3010 519 eo
3039 465 3179 534 quod
3209 465 3445 521 additum
3472 467 3538 523 sit
3569 509 3584 533 ,
3622 465 3688 523 In

2114 547 2253 601 Cana
2276 545 2542 615 Cutiliae;
2567 552 2716 622 quasi
2744 551 2845 608 hoc
2876 554 3103 623 primum
3130 555 3199 610 ibi
3222 554 3419 611 factum
3446 557 3554 622 sit,
3589 574 3688 614 nec

2116 649 2291 694 tamen
2315 640 2557 697 absolute
2594 643 2824 714 primum
2848 661 2863 710 ς
2895 647 3183 702 verisimile
3208 648 3406 718 quippe
3432 656 3514 703 est
3540 648 3688 704 illuni

2114 732 2239 786 alibi
2261 732 2361 787 alia
2388 732 2580 790 fecisse
2609 736 3099 805 {respondebimus
3119 737 3168 792 ei
3196 737 3247 792 id
3278 738 3419 807 quod
3444 738 3554 806 jam
3580 742 3692 808 prl-

2116 836 2205 877 mo
2229 821 2480 879 diximus.
2506 822 2785 891 Quodnam
2806 824 2930 879 illud
2950 827 3070 880 est?
3094 826 3150 881 id
3181 826 3321 897 quod
3335 828 3411 881 ait
3435 826 3692 882 Joannes:

2118 912 2229 984 Ego
2280 923 2454 968 autem
2499 915 2779 969 nesciebam
2820 932 2932 970 eum
2960 932 2981 982 ;
3007 916 3096 972 sed
3140 926 3192 971 ut
3244 918 3592 986 manifestatur
3639 920 3692 974 iu

2118 1005 2318 1071 Israel,
2348 1016 2616 1078 propterea
2657 1008 2769 1062 veni
2814 1024 2906 1080 ego
2936 1009 2986 1062 in
3002 1024 3135 1079 aqua
3162 1008 3444 1079 baptizata.
3476 1009 3608 1064 Nam
3649 1012 3694 1065 si

2121 1097 2171 1149 in
2205 1097 2456 1165 primaeva
2494 1105 2652 1154 attate
2683 1101 2933 1154 miracula
2962 1100 3220 1155 edidisset
3251 1142 3268 1169 ,
3301 1116 3405 1155 non
3436 1116 3571 1171 opus
3600 1104 3695 1157 bac

2121 1187 2362 1244 buissent
2400 1186 2650 1245 israelita:
2676 1190 2845 1246 altero
2868 1231 2883 1255 ,
2906 1191 2993 1260 qui
3043 1191 3215 1260 ipsum
3271 1191 3548 1246 indicaret.
3593 1191 3695 1262 Qui

2118 1283 2263 1335 enim
2287 1294 2409 1335 cum
2436 1282 2517 1336 vir
2543 1282 2713 1337 factus
2740 1292 2921 1346 esset,
2953 1282 3024 1336 ita
3054 1298 3118 1337 ex
3151 1282 3426 1337 miraculis
3447 1282 3694 1340 celebra-

2123 1380 2208 1425 tus
2228 1380 2328 1436 est,
2361 1387 2467 1426 non
2495 1373 2545 1425 in
2579 1371 2759 1427 Judaca
2784 1381 2987 1428 tantum
3008 1414 3024 1439 ,
3055 1373 3150 1428 sed
3174 1375 3335 1428 etiam
3368 1375 3419 1429 in
3447 1373 3599 1446 Syria
3630 1384 3685 1430 et

2123 1460 2258 1515 ultra
2285 1477 2300 1527 ;
2330 1460 2487 1531 idque
2530 1463 2687 1516 trimn
2716 1470 2916 1516 tantum
2946 1476 3207 1518 annorum
3238 1463 3410 1532 spatio
3442 1482 3455 1518 :
3491 1465 3598 1518 imo
3628 1482 3697 1520 no

2125 1551 2292 1607 tribus
2329 1552 2544 1622 quidem
2589 1553 2744 1608 almis
2791 1552 2858 1608 ad
2904 1554 3095 1609 famam
3140 1567 3276 1624 opus
3319 1554 3542 1620 habuit;
3597 1558 3689 1613 sed

2122 1657 2279 1712 quam
2324 1619 2555 1712 primum
2584 1642 2721 1697 fama
2749 1644 2866 1714 ejus
2897 1644 3094 1714 ubique
3123 1619 3405 1716 pervagata
3444 1619 3572 1702 est:
3607 1619 3753 1719 qniA

2123 1748 2251 1802 ergo
2283 1742 2388 1787 tam
2423 1731 2568 1788 brevi
2600 1733 2772 1804 spatio
2794 1734 3047 1804 temporis
3073 1734 3141 1789 ob
3158 1737 3535 1791 miraculorum
3563 1738 3700 1792 mul-

2125 1822 2403 1878 titudinem
2432 1823 2501 1877 ita
2524 1822 2714 1878 claruit
2742 1865 2756 1888 ,
2788 1832 2845 1879 ut
2873 1840 3063 1879 nomen
3095 1823 3212 1894 ejus
3236 1825 3484 1880 omnibus
3515 1838 3696 1881 notum

2122 1921 2266 1968 esset
2295 1930 2309 1977 ;
2340 1914 2507 1969 multo
2539 1914 2705 1985 magis
2731 1915 2775 1969 si
2798 1914 2971 1970 adhuc
2990 1931 3123 1985 puer
3143 1916 3394 1971 miracula
3418 1917 3697 1983 edidisset,

2126 2019 2231 2059 non
2280 2006 2540 2076 potuisset
2583 2015 2729 2061 tanto
2769 2015 3006 2076 tempore
3037 2007 3204 2063 latere
3230 2026 3241 2061 :
3269 2009 3456 2079 majori
3502 2011 3697 2080 quippe

2124 2095 2461 2151 admirationi
2490 2095 2716 2151 fuissent
2742 2096 2995 2153 miracula
3015 2113 3045 2152 a
3070 2113 3233 2167 puero
3249 2100 3406 2165 facta,
3430 2116 3550 2156 cum
3573 2117 3689 2155 ma-

2126 2188 2266 2244 xime
2297 2198 2503 2258 tempus
2524 2198 2579 2244 et
2603 2189 2795 2259 duplex
2819 2199 2874 2245 et
2900 2189 3111 2259 triplex,
3131 2190 3237 2245 imo
3265 2193 3491 2261 amplius
3522 2193 3695 2248 fuerit.

2126 2278 2323 2335 Verum
2356 2281 2489 2336 nihil
2521 2282 2660 2337 aliud
2700 2298 2831 2352 puer
2862 2281 2987 2337 fecit
3015 2323 3029 2347 ,
3063 2283 3167 2337 nisi
3213 2284 3263 2337 id
3306 2292 3505 2338 tantum
3547 2287 3688 2355 quod

2125 2370 2295 2425 Lucas
2320 2369 2470 2442 (Cap.
2495 2369 2645 2443 2.46)
2671 2380 2904 2437 enarrat,
2938 2370 3273 2427 duodennem
3297 2372 3467 2441 ipsum
3495 2375 3698 2429 sedisse.

2129 2459 2180 2513 in
2238 2460 2414 2515 medio
2460 2460 2738 2517 doctorum
2792 2463 3130 2526 audientem,
3186 2471 3239 2516 ct
3287 2462 3700 2534 interrogatione

2126 2566 2219 2605 sua
2262 2551 2628 2608 admirandum
2668 2554 2839 2610 visum
2882 2554 3065 2609 fuisse.
3100 2554 3343 2625 Alioquin
3369 2565 3547 2611 autem
3578 2558 3698 2627 jure

2124 2649 2187 2689 ac
2213 2636 2404 2690 merito
2424 2651 2530 2691 non
2556 2638 2717 2706 carpit
2751 2639 2802 2692 in
2834 2637 3021 2709 puerili
3049 2646 3206 2692 mtate
3228 2640 3481 2695 miracula
3511 2641 3695 2697 edere.

2127 2724 2408 2781 Putasscnt
2433 2726 2576 2782 enim
2604 2743 2717 2783 rem
2749 2728 2888 2783 illam
2911 2743 3036 2783 vere
3062 2727 3373 2797 phantasma
3393 2744 3532 2786 c550.
3565 2731 3696 2786 Nam

2127 2818 2169 2871 si
2192 2818 2258 2873 de
2286 2818 2378 2875 illo
2396 2819 2507 2891 jam
2534 2822 2654 2875 viro
2682 2820 2731 2875 id
2764 2821 2914 2875 multi
2939 2821 3191 2889 suspicati
3217 2830 3361 2887 sunt,
3392 2823 3560 2878 multo
3580 2840 3697 2881 ma-

2128 2909 2208 2981 gis
2232 2910 2283 2965 id
2306 2911 2677 2979 credidissent,
2692 2913 2735 2967 si
2761 2911 3045 2967 admodum
3063 2912 3275 2982 juvenis
3295 2914 3441 2985 signa
3471 2915 3699 2972 fecisset:

2127 3010 2180 3057 et
2201 3002 2396 3059 invidia
2427 3005 2655 3074 permoti
2689 3004 2861 3073 ipsum
2890 3003 3047 3059 citius
3085 3015 3138 3059 et
3187 3015 3311 3060 ante
3347 3007 3698 3062 constitutum

2131 3095 2404 3163 tempnsin
2426 3108 2641 3150 crucem
2668 3094 2903 3164 egissent
2929 3112 2943 3149 :
2977 3103 3138 3163 atque
3176 3094 3244 3148 ita
3274 3109 3362 3150 res
3392 3095 3457 3149 ad
3479 3110 3703 3152 oecono-

2130 3182 2287 3263 rniam
2338 3191 2644 3253 spectantes
2696 3183 2915 3239 credita:
2967 3200 3072 3238 non
3127 3182 3371 3238 fuisent.
3423 3185 3705 3250 Quomodo

2130 3245 2288 3343 igitur
2306 3234 3018 3339 at;‘t;';.;;...;.;.‘.;;ia;
3040 3234 3775 3345 :;.q;.};.,".;;.g.7.;,;.";.;;;H

2129 3364 2196 3419 de
2227 3365 2318 3419 illo
2343 3365 2652 3419 existimare
2676 3366 2699 3418 ?
2728 3364 3050 3420 Manifestari
3092 3365 3202 3435 jam
3230 3377 3466 3437 cmperat
3497 3408 3511 3429 .
3557 3377 3610 3421 ct
3636 3384 3703 3422 ex

2129 3456 2348 3511 Joannis
2376 3456 2700 3523 te~timonio,
2722 3465 2776 3510 ct
2796 3471 2862 3511 cx
2888 3457 2951 3511 iis
2970 3472 3087 3526 qua:
3112 3456 3389 3526 discipulis
3420 3458 3532 3528 ipse
3554 3459 3703 3513 dixe-

2131 3556 2211 3600 rat
2243 3564 2257 3601 :
2285 3557 2407 3601 ante
2439 3547 2551 3602 hmc
2577 3556 2753 3602 autem
2779 3548 2953 3602 omnia
2980 3585 2997 3612 ,
3032 3548 3140 3616 ipsa
3169 3549 3446 3617 CttllCt'pllO
3473 3592 3487 3614 ,
3511 3560 3564 3605 ct
3587 3566 3706 3620 quan

2133 3637 2185 3690 in
2210 3637 2367 3691 natali
2392 3638 2506 3707 ejus
2535 3647 2681 3709 gesta
2712 3648 2832 3692 sunt
2855 3638 2894 3703 ί,
2915 3652 3160 3707 magnam
3188 3638 3344 3694 matri
3369 3639 3509 3695 circa
3539 3641 3704 3697 lilium

2132 3731 2580 3786 existimationem
2605 3731 2877 3786 indebant.
2912 3730 3131 3786 Audivit
3160 3730 3302 3788 enim
3325 3772 3342 3799 ,
3367 3732 3557 3802 inquit,
3588 3750 3702 3789 om-

2133 3823 2217 3877 nia
2235 3822 2301 3877 de
2328 3837 2512 3893 puero,
2529 3821 2595 3876 Et
2606 3822 2929 3877 conservabat
2945 3822 2996 3876 in
3020 3822 3171 3877 corde
3189 3839 3282 3877 suo
3298 3824 3317 3853 ²
3343 3822 3494 3893 (Luc.
3516 3822 3572 3876 2.
3592 3824 3704 3889 5|).

2133 3913 2238 3968 Sed
2268 3928 2383 3980 cur,
2409 3912 2618 3983 inquies
2651 3955 2666 3980 ,
2694 3927 2799 3968 non
2833 3912 2884 3968 id
2915 3921 3069 3967 antea
3101 3911 3281 3966 dixit?
3311 3912 3466 3979 Quia,
3502 3912 3707 3973 utdixi,

2136 4015 2260 4063 tunc
2288 4006 2450 4077 cmpit
2477 4007 2529 4061 in
2563 4005 2834 4075 publicum
2865 4004 3098 4073 prodire.
3132 4003 3373 4057 Antehac
3398 4002 3542 4057 enim
3577 4012 3710 4055 tam-

2134 4112 2290 4167 quam
2314 4112 2448 4151 unus
2475 4114 2506 4150 e.
2528 4096 2680 4162 vulgo
2703 4094 3046 4149 versabatur:
3067 4101 3511 4163 quaprolvternon
3541 4093 3709 4148 audeo

2138 4188 2405 4243 batmater
2423 4187 2523 4242 tale
2541 4187 2809 4257 quidpiam
2827 4185 2924 4256 ipsi
2943 4185 3143 4239 dicere.
3177 4184 3275 4240 Ubi
3311 4193 3489 4240 autem
3512 4184 3719 4240 audivit.

2137 4280 2393 4335 Joannem
2416 4286 2631 4348 propter
2658 4277 2829 4345 ipsum
2859 4277 3066 4330 venisse
3091 4317 3106 4340 ,
3134 4290 3197 4329 ac
3223 4274 3287 4327 de
3316 4274 3405 4329 illo
3432 4276 3535 4329 tale
3562 4277 3712 4332 testi-

2140 4368 2372 4424 monium
2404 4366 2732 4436 perhibuisse
2754 4404 2770 4430 ,
2809 4365 3098 4434 di.-cipnlos
3124 4365 3295 4435 ipsum
3327 4364 3524 4420 habere
3549 4407 3563 4430 ,
3588 4375 3713 4421 tunc

2138 4458 2352 4514 demum
2381 4473 2499 4513 cum
2534 4457 2722 4512 ﬁducia
2778 4466 2927 4527 rogat
2969 4456 3115 4511 illum
3158 4466 3211 4511 et
3264 4455 3545 4512 deficiente
3591 4456 3717 4511 vino

2139 4553 2286 4618 dicit,
2329 4552 2509 4607 Vinum
2539 4569 2638 4606 non
2691 4550 2888 4605 habent.
2925 4549 3145 4605 Volebat
3194 4550 3334 4604 enim
3365 4560 3418 4605 et
3445 4549 3564 4604 illos
3611 4550 3712 4605 bc-

2140 4644 2328 4700 nelicio
2376 4642 2645 4698 devincire
2676 4685 2690 4707 ,
2735 4657 2898 4711 seque
2948 4640 3361 4711 splendidiorem
3407 4656 3498 4710 per
3552 4640 3716 4696 lilium

2140 4736 2382 4791 reddere.
2413 4735 2481 4789 Et
2511 4734 2643 4789 forte
2670 4734 2955 4788 humanum
2978 4733 3244 4802 quidpiam
3271 4748 3423 4802 passa
3454 4741 3553 4798 est,
3584 4746 3639 4787 ut
3667 4744 3722 4788 et

2144 4832 2330 4883 fratres
2380 4828 2495 4895 ejus
2542 4826 2631 4897 qui
2669 4826 2961 4880 dicebant:
2995 4824 3211 4879 Ostende
3259 4826 3475 4894 teipsum
3530 4826 3720 4879 mundo

2147 4920 2321 4988 (Joan.
2345 4921 2397 4973 7.
2429 4919 2487 4989 4)
2517 4961 2532 4985 ,
2565 4918 2704 4988 quod
2759 4919 2954 4972 vellent
2983 4934 3047 4972 ex
3075 4918 3343 4972 miraculis
3371 4917 3468 4970 sibi
3494 4918 3717 4986 gloriam

2143 5027 2470 5081 comparare.
2497 5011 2619 5067 Ideo
2646 5011 2722 5066 sic
2751 5011 2822 5065 illi
2851 5011 3091 5079 asperius
3135 5010 3407 5077 respondit
3440 5027 3451 5061 :
3485 5013 3537 5063 4.
3584 5009 3721 5075 Quid

2144 5103 2266 5157 mihi
2298 5112 2343 5157 et
2366 5101 2453 5156 tibi
2480 5113 2572 5168 est,
2604 5102 2781 5156 mulier
2806 5102 2831 5156 ?
2859 5100 3100 5154 Nondum
3132 5098 3260 5153 venit
3283 5098 3408 5151 hora
3433 5113 3560 5151 utea.
3590 5097 3719 5153 Nam

2142 5192 2283 5264 quod
2329 5193 2611 5248 admodum
2658 5201 2882 5248 matrem
2936 5199 3281 5245 veneraretur
3310 5229 3325 5254 ,
3356 5187 3480 5245 audi
3522 5189 3719 5245 Lucam

2143 5293 2447 5341 narrantem
2475 5299 2632 5353 quam
2678 5282 2920 5338 subditus
2957 5287 3098 5335 esset
3136 5277 3443 5348 parentibus
3471 5320 3486 5345 ,
3516 5294 3720 5334 necnon

2142 5375 2516 5446 evangelistam
2539 5374 2800 5429 dicentem
2832 5378 3082 5441 quantam
3110 5368 3251 5424 illius
3279 5383 3462 5424 curam
3488 5369 3538 5422 in
3562 5384 3722 5425 cruce
3755 5379 3761 5391 ‘

2207 5492 2221 5523 ¹
2249 5489 2389 5540 Savil.
2409 5497 2462 5539 et
2475 5496 2581 5537 Mss.
2604 5485 2796 5549 plurimi
2819 5484 3099 5543 babent,....
3120 5482 3380 5548 conceptio,
3398 5490 3445 5534 et
3461 5495 3569 5546 (μιαί
3591 5482 3723 5534 circa

2145 5550 2493 5612 conceptionem
2513 5555 2645 5612 gesta
2667 5553 2792 5612 sunt.

2208 5615 2226 5645 ³
2260 5606 2399 5661 llunc
2421 5606 2574 5659 locu'm
2598 5609 2667 5658 sic
2689 5609 2831 5657 θίγω-ι
2854 5608 3016 5657 Morel.
3047 5620 3059 5655 :
3104 5615 3203 5669 Hoc
3238 5607 3339 5669 ipse
3361 5618 3443 5669 nos
3475 5606 3726 5669 ducaliu-

2144 5688 2242 5786 ci'as.
2268 5672 2431 5784 damas
2460 5682 2479 5720 :
2509 5688 2530 5718 ι
2548 5673 2701 5721 Maria
2724 5675 2879 5721 (tatem
2913 5667 3218 5722 conservabat
3255 5663 3411 5722 omnia
3456 5663 3721 5716 remotum

2167 5748 2197 5784 η
2222 5747 2300 5784 cor
2339 5747 2364 5783 e
2389 5745 2487 5783 suo.
2509 5749 2530 5777 ι

2167 5748 2197 5784 n
2222 5745 2364 5784 cerac
2389 5745 2487 5783 suo.
2509 5749 2530 5777 1
