4068 6136
388 329 481 384 151

387 440 648 497 habuerit.
679 435 782 494 Ubi
812 434 953 490 enim
980 439 1224 503 parentes
1254 445 1368 485 rem
1394 428 1627 483 divinam
1656 441 1760 482 non
1787 425 1955 494 impe-

383 531 542 587 diunt
565 541 736 597 neque
765 521 1066 594 prohibent,
1100 518 1395 575 cedendum
1420 517 1550 588 ipsis
1573 524 1688 582 est;
1722 524 1776 570 et
1800 513 1845 569 si
1866 528 1955 567 se-

385 634 484 675 cus
513 618 621 684 ﬂat,
645 613 937 686 periculum
968 624 1214 680 magnum
1245 619 1328 663 est
1357 626 1370 662 :
1397 622 1518 662 cum
1548 614 1726 660 autem
1750 620 1779 657 a
1802 601 1956 658 nobis

385 705 759 776 intempestive
787 701 1058 774 quidpiam
1087 698 1357 769 postulant
1384 739 1398 761 ,
1434 696 1693 765 nobisque
1713 692 1959 747 ofticiunt

387 800 439 853 in
468 794 831 868 spiritualibus
858 833 875 860 ,
918 806 1022 846 non
1054 799 1223 845 tutum
1247 797 1329 843 est
1355 788 1482 857 ipsis
1519 784 1759 854 obsequi.
1803 783 1957 837 Ideo-

390 903 495 957 que
525 888 610 943 hic
634 887 705 940 ita
738 883 1024 954 respondet
1043 922 1058 947 ,
1086 888 1139 936 et
1165 880 1287 934 alibi
1317 892 1530 931 rursum
1557 893 1570 929 :
1606 875 1733 942 Quae
1757 882 1827 928 est
1852 888 1960 926 ma-

395 989 471 1032 ter
501 992 630 1043 mea,
655 985 703 1030 et
729 975 814 1044 qui
835 982 949 1027 sunt
971 974 1150 1042 fratres
1174 970 1271 1023 mei
1291 968 1480 1038 (Marc.
1499 967 1553 1022 5.
1576 964 1692 1036 55)?
1716 963 1957 1019 Nondum

390 1070 532 1125 enim
562 1080 684 1123 eam
710 1079 867 1134 quam
891 1077 984 1133 par
999 1060 1196 1116 eratde
1219 1059 1336 1127 ipso
1355 1057 1655 1127 opinionem
1675 1053 1958 1119 habebant;

390 1159 486 1216 sed
516 1158 636 1229 quia
667 1157 838 1228 ipsum
865 1160 1182 1224 pepererat,
1228 1159 1452 1204 matrum
1482 1161 1631 1202 more
1658 1144 1872 1212 putabat
1900 1158 1961 1198 se

391 1250 468 1306 illi
516 1262 673 1321 posse
714 1247 891 1302 omnia
924 1244 1214 1315 praecipere
1241 1283 1256 1307 ,
1285 1255 1401 1310 quae
1428 1240 1574 1294 illum
1600 1248 1657 1292 ut
1682 1237 1961 1291 Dominum

397 1341 578 1396 colere
600 1348 654 1395 et
675 1338 899 1393 adorare
922 1336 1192 1391 debuisset
1227 1352 1240 1387 :
1274 1334 1392 1388 ideo
1421 1341 1544 1387 tunc
1567 1330 1637 1385 ita
1669 1327 1958 1398 respondit.

396 1432 610 1502 Cogitcs
641 1429 822 1494 velim,
850 1428 974 1500 quid
1000 1426 1127 1482 illud
1148 1435 1266 1481 erat
1286 1467 1299 1490 ,
1328 1425 1703 1479 circumstante
1730 1419 1926 1490 populo
1945 1460 1962 1486 ,

403 1530 620 1591 totaque
656 1519 808 1573 turba
855 1518 1025 1587 ipsum
1054 1516 1271 1571 intentis
1298 1515 1487 1568 animis
1528 1511 1773 1567 audiente
1805 1551 1821 1576 ,
1867 1509 1966 1564 do-

397 1610 727 1679 ctrinamque
747 1608 1092 1678 percipiente,
1116 1606 1259 1660 illam
1288 1605 1339 1658 in
1367 1602 1601 1657 medium
1625 1601 1965 1657 accedentem

399 1719 428 1756 a
450 1703 706 1759 concione
731 1703 902 1772 ipsum
923 1700 1207 1765 abducere,
1243 1707 1299 1753 ut
1321 1698 1543 1753 seorsim
1575 1697 1964 1765 alloqucretur:

401 1809 507 1848 non
536 1793 751 1846 domum
781 1790 1008 1860 ingredi.
1039 1789 1132 1844 sed
1163 1788 1305 1842 foras
1330 1789 1499 1856 ipsum
1520 1785 1690 1840 solum
1719 1785 1965 1839 educere.

404 1883 604 1938 Idcirco
629 1880 840 1936 dicebat
883 1879 972 1934 ille
994 1919 1009 1944 ,
1054 1879 1180 1943 Quae
1220 1887 1291 1931 est
1317 1887 1476 1930 mater
1500 1891 1610 1930 mea
1634 1916 1650 1942 ,
1679 1882 1726 1929 et
1746 1874 1830 1943 qui
1854 1882 1971 1928 sunt

407 1979 591 2044 fratres
612 1972 754 2026 mei?
783 1987 885 2028 non
913 1979 1134 2025 matrem
1162 1969 1481 2024 contumelia
1508 1968 1767 2034 afliciens,
1796 1967 1968 2033 absit;

408 2066 502 2122 sed
530 2065 630 2136 ipsi
655 2065 853 2134 optime
879 2064 1164 2118 consulens
1187 2102 1201 2128 ,
1231 2078 1330 2116 nec
1349 2062 1529 2116 siucns
1546 2075 1662 2115 eam
1690 2059 1791 2114 vile
1818 2059 1970 2127 quid-

404 2157 546 2227 piam
591 2164 643 2211 et
672 2155 938 2224 abiectum
966 2154 1031 2208 de
1075 2168 1134 2207 se
1161 2152 1486 2207 existimare.
1517 2148 1648 2204 Nam
1674 2150 1717 2205 si
1747 2148 1971 2203 aliorum

407 2263 591 2304 curam
618 2248 872 2318 gerebat,
905 2246 1141 2316 nihilque
1167 2260 1270 2300 non
1299 2245 1487 2315 agebat
1511 2252 1568 2298 ut
1591 2251 1972 2313 congruentem

407 2340 474 2395 de
499 2354 557 2394 se
586 2338 890 2407 opinionem
933 2335 1035 2390 illis
1079 2337 1385 2405 ingereret,
1432 2333 1597 2388 multo
1641 2331 1808 2403 magis
1852 2346 1976 2401 erga

409 2437 632 2483 matrem
664 2427 713 2481 id
733 2426 940 2497 agebat.
963 2425 1097 2493 Quia
1113 2426 1254 2480 enim
1274 2424 1563 2480 verisimile
1586 2432 1685 2491 est,
1709 2438 1827 2477 cum
1851 2422 1972 2477 talia

408 2519 643 2573 audisset
670 2532 700 2571 a
729 2517 840 2571 lilio
872 2558 887 2582 ,
933 2517 1166 2571 noluisse
1210 2523 1384 2569 tamen
1425 2513 1834 2583 obtemperare,
1881 2511 1976 2566 sed

411 2614 610 2684 primas
626 2611 726 2667 sibi
751 2624 965 2679 semper
985 2608 1281 2664 vindicasse
1303 2616 1498 2677 partes,
1523 2612 1708 2675 utpote
1728 2611 1972 2667 matrem,

417 2703 537 2758 ideo
574 2701 654 2758 sic
696 2701 784 2756 ille
829 2699 1124 2769 respondit.
1150 2696 1330 2768 Neque
1357 2698 1496 2752 enim
1526 2696 1667 2750 illam
1696 2694 1764 2750 ab
1791 2693 1978 2749 humili

414 2792 662 2863 opinione
680 2789 745 2844 ad
767 2791 1124 2844 sublimiorem
1150 2789 1461 2842 sententiam
1479 2787 1755 2849 erexisset,
1775 2785 1820 2840 si
1838 2798 1978 2838 sem-

415 2896 511 2953 per
535 2887 892 2948 exspectasset
912 2879 1019 2944 illa,
1047 2892 1105 2932 se
1138 2877 1204 2931 ab
1245 2878 1359 2945 ipso
1391 2887 1656 2945 tamquam
1686 2888 1714 2926 a
1743 2873 1850 2928 filio
1879 2872 1979 2927 ho-

416 2971 729 3036 norandam,
752 2984 923 3040 neque
952 2969 1119 3038 ipsum
1136 2975 1187 3021 ut
1215 2966 1490 3037 Dominum
1512 2964 1808 3018 habituram
1837 2976 1977 3017 esse.

424 3064 531 3119 Hac
559 3078 687 3135 ergo
715 3062 783 3117 de
817 3077 972 3117 causa
1000 3061 1078 3115 sic
1106 3069 1229 3114 tunc
1248 3058 1560 3127 loquebatur
1584 3072 1598 3109 :
1624 3054 1760 3120 Quid
1786 3053 1909 3108 mihi
1936 3062 1982 3108 et

422 3155 511 3209 tibi
531 3165 620 3221 est,
654 3153 877 3217 mulier?
900 3151 1013 3205 Alia
1040 3166 1249 3220 quoque
1271 3165 1427 3205 causa
1457 3162 1561 3202 non
1598 3147 1773 3201 minus
1793 3160 1981 3201 neces-

421 3246 561 3301 saria
582 3244 757 3299 afferri
789 3250 980 3313 potest.
1008 3242 1260 3308 Quaenam
1292 3241 1380 3295 illa
1402 3240 1427 3292 ‘l
1447 3238 1522 3294 Ne
1550 3245 1698 3309 gesta
1729 3237 1981 3292 miracula

425 3340 476 3393 in
504 3336 857 3407 suspicionem
886 3336 1157 3391 venirent:
1187 3333 1253 3387 ab
1282 3332 1637 3403 indigentibus
1658 3330 1803 3385 enim
1833 3369 1848 3394 ,
1877 3343 1983 3382 non

420 3447 450 3486 a
492 3440 660 3485 matre
701 3427 971 3499 rogandus
1009 3435 1141 3482 erat.
1189 3426 1405 3494 Quare?
1431 3425 1560 3491 Quia
1611 3423 1695 3477 illa
1743 3437 1860 3494 qua:
1888 3437 1983 3477 eo-

421 3533 701 3595 guatorum
753 3522 998 3593 precibus
1042 3522 1414 3592 impetrantur,
1461 3520 1587 3573 licet
1634 3531 1844 3587 magna,
1879 3531 1983 3569 non

376 3621 379 3625 ’
423 3620 492 3671 ita
522 3627 669 3688 grata
689 3623 811 3670 sunt
840 3614 1185 3685 praesentibus
1215 3622 1270 3667 ut
1298 3612 1580 3682 plurimum
1606 3629 1620 3665 :
1646 3626 1768 3665 cum
1807 3620 1983 3664 antem

424 3707 718 3776 indigentes
745 3706 841 3775 ipsi
871 3703 1189 3775 supplicant,
1210 3714 1334 3758 tunc
1353 3701 1662 3757 miraculum
1684 3699 1987 3770 suapicionc

424 3805 607 3861 vacat,
636 3810 780 3865 puras
807 3795 986 3848 laudes
1012 3803 1135 3850 sunt
1161 3835 1172 3856 .
1200 3808 1388 3863 magna
1411 3792 1630 3847 utilitas.

493 3887 547 3944 3.
578 3884 682 3942 Cur
706 3895 751 3942 et
777 3902 875 3955 qua
901 3895 1064 3940 mente
1083 3884 1311 3940 Christus
1353 3892 1563 3937 matrem
1582 3897 1727 3936 suam
1752 3881 1988 3950 increpa-

426 3978 586 4042 ecrit;
610 3990 865 4046 nunquam
886 3975 1026 4029 illam
1047 3974 1292 4045 repellere
1313 3971 1545 4026 intendit.
1572 3968 1815 4040 Improbe
1855 3968 1986 4023 nihil

426 4077 633 4139 prosunt
660 4068 861 4139 cognati
888 4066 1049 4137 probi.
1093 4065 1305 4137 Cognati
1347 4062 1539 4118 Christi
1570 4060 1855 4131 Desposyni
1896 4076 1991 4129 ap-

425 4157 900 4228 pellati.—Etenim
928 4158 970 4212 si
999 4157 1117 4227 quis
1142 4156 1372 4225 optimus
1402 4152 1706 4208 medicusin
1727 4163 1989 4220 aegrorum

425 4250 774 4321 complurium
800 4249 988 4304 domos
1009 4249 1283 4319 ingressus
1307 4288 1321 4315 ,
1346 4245 1413 4301 ab
1436 4245 1649 4316 aegrotis
1668 4243 1751 4299 vel
1779 4242 1994 4297 adstan-

428 4340 567 4397 tibus
602 4341 734 4396 nihil
759 4340 973 4405 audiat,
1000 4340 1092 4395 sed
1114 4356 1141 4392 a
1170 4349 1338 4393 matre
1359 4348 1559 4393 tantmn
1596 4346 1809 4407 rogetur
1829 4375 1846 4401 ,
1871 4335 1994 4389 hinc

427 4443 705 4503 suspectus
730 4442 783 4485 et
811 4431 1065 4484 molestus
1091 4431 1246 4499 aegris
1270 4429 1372 4482 erit
1398 4468 1413 4491 ,
1445 4443 1507 4481 ac
1535 4441 1705 4495 neque
1724 4427 1872 4495 tegri,
1902 4440 1996 4480 nc-

428 4540 530 4594 que
548 4524 818 4578 adstantes
839 4535 1084 4588 magnum
1100 4518 1363 4588 quidpiam
1386 4517 1453 4571 ab
1474 4516 1567 4569 illo
1587 4514 1991 4585 cxspectabunt.

430 4617 555 4669 Ideo
580 4622 705 4667 tunc
734 4610 1023 4677 increpavit
1050 4607 1251 4670 dicens,
1280 4605 1414 4670 Quid
1439 4606 1560 4659 mihi
1580 4614 1626 4658 et
1650 4604 1736 4658 tibi
1763 4614 1856 4671 est,
1887 4621 1998 4659 mu-

435 4708 527 4760 lier
552 4707 577 4758 ?
600 4714 822 4758 monens
848 4700 989 4755 illam
1023 4714 1089 4753 ne
1122 4698 1294 4752 simile
1339 4696 1605 4766 quidpiam
1639 4696 1691 4750 in
1723 4704 1995 4765 posterum

434 4805 632 4867 ageret.
660 4793 814 4847 Curat
843 4805 1069 4861 namque
1096 4789 1169 4844 illi
1198 4796 1313 4843 erat
1340 4795 1609 4842 maternus
1640 4785 1830 4849 honor,
1862 4785 1998 4839 mul-

436 4870 788 4960 toquemagis
817 4883 957 4938 illius
983 4881 1154 4946 salus,
1183 4888 1239 4934 et
1264 4879 1442 4934 multis
1466 4878 1763 4946 praestanda
1792 4878 1996 4932 benefi-

434 4984 534 5050 cia,
566 4995 659 5051 pro
687 4975 879 5048 quibus
907 4989 1119 5029 carnem
1159 4971 1422 5026 induerat.
1472 4970 1595 5025 llwc
1638 4972 1814 5040 itaque
1843 4969 1998 5024 verba

435 5087 538 5129 non
560 5079 713 5127 erant
736 5073 1048 5136 arroganter
1068 5072 1290 5117 matrem
1317 5060 1654 5131 alloqucntis,
1676 5060 1769 5113 sed
1787 5058 2003 5126 dispen—

435 5164 691 5229 sationis,
723 5175 828 5232 qua
859 5165 914 5215 et
963 5157 1106 5211 illam
1136 5154 1438 5209 institueret
1462 5194 1476 5217 ,
1500 5161 1554 5206 et
1581 5151 1833 5205 miracula
1879 5165 1999 5205 cum

436 5256 690 5326 dignitate
718 5252 829 5306 ﬁeri
871 5247 1192 5320 provideret.
1224 5244 1354 5299 Nam
1382 5244 1522 5313 quod
1551 5257 1742 5311 magno
1773 5241 1914 5295 illam
1949 5241 2001 5294 in

439 5346 641 5399 honore
668 5342 884 5398 haberet
911 5381 925 5401 .
952 5338 1033 5394 vel
1074 5337 1175 5391 hoc
1201 5336 1373 5405 ipsmn
1400 5374 1415 5399 ,
1446 5341 1502 5386 ut
1526 5340 1721 5387 cetera
1750 5339 1953 5385 taceam
1983 5370 1998 5395 ,

439 5432 578 5504 quod
608 5431 750 5485 illam
778 5430 1051 5498 increpare
1077 5426 1337 5488 videatur,
1373 5423 1598 5494 probare
1629 5428 1819 5490 potest,
1852 5419 1999 5475 indi-

439 5523 723 5590 gnatioque
768 5519 880 5586 ipsa
928 5532 1170 5586 magnam
1215 5531 1324 5586 pne
1372 5528 1430 5569 se
1484 5511 1584 5566 fert
1629 5510 2003 5564 reverentiam.

443 5619 683 5683 Quonam
710 5619 885 5663 autem
907 5619 1060 5674 pacto
1079 5649 1093 5674 ,
1122 5610 1171 5661 in
1203 5608 1442 5677 sequenti
1464 5605 1722 5661 concione
1747 5603 2002 5655 dicemus.

444 5704 567 5760 ﬂare
596 5702 778 5767 itaque
801 5698 1038 5768 cogitans
1060 5736 1078 5765 ,
1100 5713 1220 5752 cum
1251 5696 1483 5752 audieris
1508 5695 1783 5751 mulierem
1813 5707 2001 5763 qnam-

1084 318 1139 375 S.
1178 316 1451 375 JOANNIS
1488 310 1958 372 CHRYSOSTOMI
1997 310 2307 369 ARCHIEP.
2336 311 2856 372 CUNSTANTINOP.

3525 327 3629 385 138

2063 421 2187 478 dam
2213 423 2501 491 dicentem,
2531 427 2720 483 Beatus
2739 438 2906 484 venter
2930 428 3016 500 qui
3032 390 3090 484 .te
3116 433 3337 500 portauit
3358 476 3372 499 ,
3399 446 3443 490 et
3476 441 3629 494 ubera

2059 529 2171 583 qum
2189 517 2370 569 auxisti
2395 515 2540 587 (Luc.
2572 520 2653 574 Η.
2679 518 2774 591 27)
2803 560 2819 587 ,
2868 521 3122 593 illumque
3163 526 3576 594 respondentem
3607 571 3624 595 ,

2063 602 2349 669 Quinimmo
2370 606 2501 660 beati
2533 608 2619 678 qui
2636 609 2827 681 faciunt
2848 610 3150 665 voluntatem
3169 613 3338 670 Patris
3352 616 3446 670 mei
3466 616 3627 687 (Ibid.

2061 705 2109 743 υ.
2133 692 2257 762 28);
2286 692 2475 748 eadem
2515 697 2777 752 sententia
2811 698 2925 752 haec
2961 698 3103 754 dicta
3145 715 3266 757 esse
3295 703 3626 760 existimato.

2071 780 2186 836 Non
2208 781 2348 836 enim
2372 792 2595 839 matrem
2624 788 2929 856 repellentis
2956 791 3234 859 responsio
3253 801 3334 848 est
3362 834 3378 860 ,
3407 795 3501 850 sed
3531 795 3628 852 dc-

2062 871 2345 940 clarantis,
2372 875 2505 930 nihil
2553 877 2651 945 ipsi
2698 878 3026 947 profuturum
3057 879 3222 936 fuisse
3247 892 3456 953 partum
3480 928 3497 951 ,
3527 887 3629 943 nisi

2062 960 2345 1016 admodum
2394 964 2558 1033 proba
2604 967 2882 1038 ﬁdelisque
2927 969 3133 1027 fuisset.
3174 970 3230 1028 Si
3267 988 3426 1042 porro
3451 975 3630 1031 Mariae

2065 1049 2195 1105 nihil
2226 1053 2480 1122 proderat
2506 1056 2648 1139 quod
2674 1057 2941 1114 Christum
2971 1062 3260 1130 genuisset,
3301 1065 3402 1120 nisi
3437 1076 3629 1124 virtute

2066 1142 2315 1199 interiore
2341 1147 2555 1215 praedita
2584 1146 2789 1215 fuisset,
2823 1151 2988 1204 multo
3008 1152 3184 1209 minus
3211 1154 3364 1211 nobis
3394 1157 3631 1227 proderit

2068 1233 2348 1302 probitatis
2376 1237 2700 1306 expertibus,
2734 1238 2777 1294 si
2816 1241 3104 1308 patrem,si
3131 1243 3369 1311 fratrem,
3392 1247 3437 1301 si
3464 1246 3627 1303 tilium

2068 1322 2288 1390 probum
2314 1332 2368 1378 et
2397 1326 2589 1381 virtute
2635 1328 2913 1397 praeditum
2953 1329 3241 1388 habeamus
3265 1375 3280 1398 ,
3319 1336 3366 1390 si
3392 1351 3490 1391 nos
3514 1338 3631 1408 ejus

2066 1411 2261 1467 virtute
2313 1416 2495 1484 procul
2538 1418 2792 1474 fuerimus
2822 1438 2836 1474 :
2866 1420 2941 1475 ait
2969 1423 3165 1493 quippe
3196 1424 3357 1481 David
3391 1445 3405 1480 :
3448 1426 3633 1484 Frater

2066 1519 2169 1558 non
2194 1505 2397 1559 redimit
2421 1547 2439 1575 ,
2465 1509 2672 1563 redimet
2696 1511 2846 1564 homo
2886 1512 2905 1581 (
2941 1509 3082 1567 Psal.
3106 1515 3194 1569 48.
3224 1516 3257 1571 8
3284 1517 3303 1587 )
3332 1519 3356 1571 ἶ)
3400 1517 3453 1573 In
3486 1521 3636 1576 nullo

2068 1593 2263 1666 quippe
2286 1595 2395 1650 alio
2427 1636 2444 1661 ,
2472 1597 2572 1651 nisi
2609 1597 2766 1654 bonis
2791 1600 3040 1672 operibus
3074 1642 3087 1666 ,
3140 1614 3257 1674 post
3290 1607 3381 1661 Dei
3411 1610 3632 1678 gratiam

2070 1701 2192 1757 spes
2216 1687 2402 1742 salutis
2420 1688 2680 1745 habenda.
2706 1690 2835 1745 Nam
2865 1693 2909 1747 si
2938 1701 3121 1762 partus
3146 1695 3210 1750 ad
3245 1696 3295 1750 id
3326 1698 3639 1768 profuturus

2072 1781 2270 1852 Virgini
2302 1792 2451 1848 erat,
2482 1786 2814 1855 profuturum
2845 1803 3055 1858 quoque
3075 1789 3272 1845 Iudaeis
3302 1802 3421 1848 erat
3448 1834 3464 1861 ,
3493 1794 3633 1863 quod

2069 1869 2264 1927 Christi
2293 1876 2582 1931 secundum
2606 1891 2819 1933 carnem
2850 1880 3054 1949 cognati
3077 1889 3273 1946 essent,
3303 1883 3635 1952 profuturum

2072 1961 2196 2016 item
2245 1964 2443 2018 civitati
2492 1965 2545 2019 in
2591 1983 2692 2036 qua
2734 1976 2890 2023 natus
2930 1978 3043 2025 erat
3069 2012 3083 2036 ,
3113 1970 3443 2040 profuturum
3472 1976 3635 2031 etiam

2074 2052 2347 2107 fratribus.
2380 2055 2537 2125 Atqui
2564 2055 2688 2110 dum
2712 2057 2901 2113 fratres
2933 2059 3070 2114 illius
3098 2062 3176 2115 sui
3202 2077 3387 2118 curam
3409 2081 3511 2119 non
3539 2081 3638 2136 ge-

2074 2150 2255 2197 rerent
2277 2184 2292 2208 ,
2319 2144 2454 2199 nihil
2480 2161 2510 2200 a
2539 2147 2865 2216 cognationis
2892 2149 3147 2220 dignitate
3167 2152 3517 2221 iuvabantur,
3544 2156 3639 2212 sed

2075 2247 2193 2287 cum
2229 2234 2435 2304 reliquo
2459 2238 2656 2291 mundo
2681 2237 2915 2294 damnati
2938 2251 3086 2295 erant
3116 2259 3129 2293 :
3161 2251 3287 2298 tunc
3322 2260 3448 2300 vero
3471 2246 3639 2302 admi-

2077 2324 2268 2379 rationi
2294 2324 2456 2381 habiti
2483 2336 2625 2394 sunt,
2652 2344 2773 2383 cum
2802 2344 2896 2399 per
2926 2332 3189 2401 propriam
3213 2332 3459 2389 virtutem
3487 2335 3642 2390 efful-

2082 2426 2283 2470 serunt.
2326 2415 2460 2472 Urbs
2487 2426 2662 2473 autem
2698 2428 2752 2473 et
2790 2419 2977 2475 cxcisa’
2992 2431 3043 2475 et
3068 2423 3342 2477 combusta
3367 2434 3447 2477 est
3471 2466 3485 2489 ,
3514 2424 3647 2479 nihil

2080 2505 2204 2561 hinc
2256 2515 2492 2561 mutuata
2534 2509 2800 2564 subsidii:
2850 2513 3055 2581 cognati
3085 2528 3208 2567 vero
3252 2513 3329 2567 illi
3354 2515 3642 2571 secundum

2080 2610 2298 2651 carnem
2326 2639 2340 2665 ,
2373 2599 2495 2653 ctcsi
2527 2599 2722 2655 misere
2753 2600 3055 2669 perierunt,
3080 2601 3213 2655 nihil
3240 2618 3306 2657 ex
3331 2606 3645 2674 cognatione

2080 2686 2145 2741 ad
2164 2687 2386 2742 salutem
2415 2688 2603 2743 lucrati
2637 2729 2654 2757 ,
2679 2690 2800 2760 quia
2828 2690 3042 2746 virtutis
3082 2694 3375 2760 patrocinio
3404 2694 3643 2750 destituti

2081 2785 2255 2831 erant.
2284 2775 2534 2833 Omnium
2559 2787 2733 2834 autem
2755 2780 3174 2848 praestantissimi
3194 2783 3497 2839 claruerunt
3518 2800 3645 2856 apo-

2081 2865 2203 2920 stoli
2236 2906 2249 2929 ,
2280 2866 2403 2936 quia
2452 2882 2632 2922 verum
2682 2877 2734 2922 et
2779 2868 3127 2937 expetendum
3171 2872 3498 2942 cognationis
3534 2875 3646 2945 ejus

2084 2957 2297 3012 modum
2320 2958 2597 3014 subierunt
2621 2974 2717 3028 per
2741 2960 3116 3016 obedientiam.
3154 2963 3286 3019 lline
3315 2964 3599 3020 ediscimus
3628 3008 3647 3030 ν

2086 3046 2187 3101 fide
2209 3047 2361 3101 nobis
2388 3062 2519 3117 opus
2543 3064 2681 3111 esse.
2701 3058 2755 3103 et
2771 3049 2872 3103 vita
2888 3051 3049 3120 proba
3072 3052 3369 3123 virtuteque
3391 3053 3645 3125 fulgente.

2086 3138 2140 3193 Id
2172 3137 2314 3192 enim
2360 3145 2561 3197 tantum
2590 3140 2744 3195 nobis
2772 3140 2994 3196 salutem
3038 3157 3227 3211 parare
3255 3145 3464 3213 poterit.
3497 3143 3655 3201 Certe

2085 3232 2293 3300 Cognati
2316 3230 2434 3299 ejus
2463 3231 2627 3285 multo
2650 3240 2888 3301 tempore
2915 3231 3254 3288 admirationi
3290 3232 3501 3290 fuerunt
3531 3235 3648 3290 ubi-

2085 3336 2189 3392 que
2220 3362 2235 3387 ,
2269 3332 2322 3377 et
2347 3322 2639 3392 DeSposyni
2666 3322 2910 3391 appellati
2938 3320 3053 3395 (a);
3085 3332 3312 3379 attamen
3345 3340 3413 3380 ne
3440 3327 3652 3383 nomina

2086 3410 2299 3481 quidem
2341 3410 2554 3464 illorum
2584 3413 2819 3474 scimus;
2860 3412 3221 3480 apostolorum
3252 3423 3427 3468 autem
3461 3423 3517 3471 et
3546 3430 3647 3471 no-

2088 3500 2228 3555 mina
2255 3510 2307 3555 et
2334 3502 2437 3554 vita
2460 3501 2653 3571 ubique
2679 3500 3033 3555 celebrantur.
3053 3501 3128 3567 Ne
3158 3502 3332 3573 itaque
3357 3504 3422 3560 dc
3442 3507 3653 3576 generis

2090 3591 2363 3645 nobilitate
2394 3591 2411 3623 ¹
2433 3590 2601 3646 altum
2627 3590 2929 3660 sapiamus;
2955 3589 3048 3646 sed
3073 3591 3280 3647 etiamsi
3306 3608 3433 3648 avos
3452 3603 3502 3650 et
3531 3596 3650 3652 aba-

2091 3699 2184 3738 vos
2206 3683 2512 3738 innumeros
2537 3683 2711 3737 claros
2738 3692 2792 3745 et
2818 3681 3054 3738 illustres
3087 3683 3322 3750 proferre
3346 3689 3610 3756 pOSsimus
3636 3730 3650 3757 ,

2091 3773 2302 3837 illorum
2327 3790 2421 3830 nos
2448 3775 2694 3829 virtutem
2719 3789 2972 3844 superare
2998 3788 3251 3830 conemur
3272 3817 3288 3843 ,
3327 3780 3475 3846 gnari
3503 3781 3654 3837 nobis

2092 3864 2144 3919 in
2175 3864 2350 3919 futuro
2381 3864 2582 3934 judicio
2607 3880 2674 3919 ex
2701 3865 2923 3918 aliorum
2956 3864 3147 3920 virtute
3178 3866 3304 3920 nihil
3338 3869 3467 3924 lucri
3496 3870 3607 3927 fore
3637 3913 3654 3939 ,

2094 3956 2201 4010 imo
2230 3956 2281 4011 id
2311 3957 2463 4010 nobis
2488 3955 2698 4026 gravius
2737 3955 2990 4025 judicium
3038 3956 3327 4025 pariturum
3357 3973 3494 4014 esse.
3528 3960 3657 4017 Nam

2094 4046 2278 4116 probis
2300 4047 2400 4100 orti
2431 4045 2664 4114 patribus
2689 4086 2704 4111 ,
2746 4044 2993 4114 domique
3023 4048 3322 4115 exemplum
3356 4048 3610 4105 habentes
3636 4093 3652 4116 ,

2095 4149 2163 4189 ne
2203 4135 2281 4189 sic
2312 4134 2523 4203 quidem
2551 4134 2796 4188 doctores
2845 4134 3132 4188 imitamur.
3165 4135 3289 4191 Hrec
3330 4153 3469 4193 nunc
3496 4140 3655 4208 dico,

2094 4224 2217 4294 quia
2251 4223 2476 4293 gentiles
2516 4223 2712 4278 multos
2749 4222 2906 4278 video
2935 4265 2951 4290 ,
3004 4238 3125 4279 cum
3166 4224 3283 4280 illos
3316 4227 3381 4282 ad
3425 4227 3580 4283 fidem
3607 4240 3661 4285 et

2095 4314 2553 4371 Christianismum
2587 4315 3012 4385 amplectendum
3061 4316 3419 4384 cohortamur,
3453 4320 3519 4375 ad
3570 4336 3660 4377 eo-

2097 4417 2288 4478 gnatos
2315 4416 2367 4462 et
2393 4422 2520 4461 avos
2545 4421 2672 4462 suos
2698 4407 2983 4475 confugere
3007 4421 3069 4461 ac
3099 4406 3277 4463 dicere
3296 4449 3310 4472 ,
3340 4409 3536 4466 Omnes
3565 4427 3658 4468 co-

2097 4499 2271 4569 gnati,
2310 4498 2595 4553 familiares
2623 4507 2676 4553 et
2699 4498 3103 4554 contubernales
3129 4500 3264 4565 mei,
3307 4500 3488 4557 ﬁdeles
3511 4502 3664 4559 Chri-

2101 4590 2257 4645 stiani
2279 4599 2422 4644 sunt.
2453 4589 2588 4656 Quid
2620 4589 2720 4645 hoc
2743 4589 2808 4643 ad
2837 4599 2908 4656 tc,
2938 4589 3099 4645 miser
3127 4599 3181 4644 ct
3212 4591 3392 4646 infelix
3418 4592 3442 4646 ?
3470 4593 3582 4648 lloc
3610 4597 3661 4649 in

2105 4681 2392 4750 perniciem
2424 4690 2564 4735 tuam
2588 4681 2832 4741 vertitur,
2863 4682 3004 4750 quod
3031 4697 3128 4736 nec
3150 4682 3557 4740 contubernales
3586 4704 3668 4741 reo

2106 4772 2337 4828 verearis
2368 4812 2383 4837 ,
2424 4770 2564 4826 utad
2595 4772 2844 4825 virtutem
2873 4787 3075 4825 curras.
3104 4772 3308 4829 Rursus
3336 4775 3427 4828 alii
3455 4777 3666 4845 quidam

2106 4861 2289 4917 ﬁdeles
2318 4862 2520 4930 utique,
2551 4860 2643 4916 sed
2669 4860 2838 4931 ignavi
2872 4902 2888 4927 ,
2919 4860 2985 4914 ad
3013 4863 3262 4916 virtutem
3309 4863 3512 4919 incitati
3536 4907 3552 4930 ,
3586 4866 3669 4921 id-

2106 4952 2278 5021 ipsum
2303 4950 2597 5005 obtendunt
2622 4965 2635 5002 :
2665 4949 2822 5005 Pater
2845 4963 3014 5016 meus,
3045 4964 3195 5017 avus,
3222 4965 3451 5019 proavus
3470 4994 3484 5018 ,
3519 4955 3588 5024 pii
3611 4972 3669 5011 ac

2106 5043 2302 5098 virtute
2342 5042 2543 5111 pra-diti
2587 5042 2819 5096 fuerunt.
2863 5041 2966 5097 Sed
2998 5044 3099 5096 hoc
3141 5044 3316 5112 ipsum
3361 5052 3413 5099 te
3446 5048 3670 5103 maxime

2110 5132 2379 5187 damnabit
2405 5173 2418 5197 ,
2453 5131 2592 5202 quod
2620 5146 2649 5186 a
2679 5131 2875 5186 talibus
2899 5141 3047 5186 ortus
3074 5173 3089 5196 ,
3117 5146 3312 5202 genere
3341 5140 3432 5187 tuo
3464 5134 3674 5202 indigna

2111 5233 2404 5294 perpetres.
2428 5225 2562 5279 Audi
2587 5223 2710 5295 quid
2741 5223 2999 5294 propheta
3029 5223 3227 5278 Iudaeis
3251 5224 3436 5279 dicat:
3466 5224 3677 5279 Sereivit

2110 5314 2275 5369 Israel
2296 5317 2347 5369 in
2369 5314 2573 5368 muliere
2592 5359 2606 5381 ,
2638 5315 2754 5368 etin
2783 5314 2989 5367 muliere
3013 5323 3236 5367 servatus
3267 5322 3340 5366 est
3363 5313 3386 5387 (
3407 5312 3553 5370 Osee.
3589 5316 3672 5370 12.

2115 5408 2227 5477 1‘2);
2254 5418 2309 5463 et
2335 5408 2595 5472 Christus,
2625 5406 2879 5460 Abraham
2906 5415 3047 5474 pater
3069 5414 3227 5458 vester
3247 5406 3511 5460 exsultavit
3532 5420 3587 5461 ut
3607 5408 3673 5461 ui-

2156 5516 2232 5579 (a)_
2273 5516 2515 5579 Cognatos
2533 5515 2738 5579 Christi,
2765 5515 3131 5579 _Desposynos_(
3150 5515 3537 5579 Aeottoaﬁvovg),
3560 5514 3669 5566 sive

2092 5567 2378 5637 lidin'inico‘s
2400 5577 2678 5637 appellatos
2704 5567 3045 5637 fuisseirefért
3073 5567 3319 5625 Eusebius
3339 5589 3402 5625 ex
3436 5567 3672 5627 Africano

2099 5641 2223 5689 Hist.
2248 5636 2381 5685 Eccl.
2424 5634 2477 5698 pg
2496 5637 2557 5684 26
2592 5634 2828 5698 editionis
2852 5635 3056 5685 Valesii.

2158 5706 2167 5729 ι
2203 5699 2371 5747 .llorcl.
2399 5693 2564 5757 habet,
2588 5697 2649 5746 de
2668 5698 2961 5760 cognatione,
2985 5711 3088 5759 pro,
3106 5695 3163 5746 tle
3185 5695 3374 5759 generis
3394 5693 3669 5767 nobilitate.
