4068 6136
359 341 462 398 ηδ

348 1013 474 1053 cum
495 997 650 1052 nobis
676 997 792 1051 haec
817 996 1002 1050 notitia
1034 995 1166 1050 nihil
1186 995 1442 1064 proderit.
1462 994 1594 1048 Nam
1621 993 1686 1046 In
1711 994 1933 1063 inferno,

351 1129 3476 1154 ΨΜ

1423 332 1488 388 ΙΝ
1526 332 1842 390 JOANNEM
1878 335 2107 393 HOHIL.
2147 335 2312 393 XXII.
2355 339 2427 393 al.
2469 337 2610 395 XXI.

358 456 498 510 dem
524 452 656 506 diem
679 465 842 503 nteant
866 465 885 513 ;
910 458 956 503 et
997 449 1136 514 vidit,
1161 457 1206 504 et
1231 448 1432 520 gavisus
1449 458 1522 503 est
1549 447 1726 518 (Joan.
1744 448 1794 504 8.
1824 448 1940 521 56).

357 544 424 600 Et
449 541 646 612 ubique
687 541 936 594 virtutem
967 554 1188 594 avorum
1221 553 1326 592 non
1355 536 1420 592 ad
1458 537 1670 592 laudem
1705 579 1719 602 ,
1753 537 1846 592 sed
1873 537 1938 592 ad

355 635 614 705 majorem
640 631 1034 687 accusationem
1077 629 1371 701 proferunt.
1404 630 1530 685 Haec
1557 646 1680 686 cum
1709 631 1942 685 sciamus

352 739 406 783 ιι
435 742 554 791 nos,
590 725 718 780 nihil
750 740 854 780 nou
884 739 1125 793 agamus,
1159 732 1217 777 nt
1243 739 1336 792 per
1365 723 1580 793 propria
1605 737 1766 792 Opera
1794 722 1939 776 salu-

353 831 462 875 tem
485 830 742 884 consequt
773 815 1039 884 possimus
1061 853 1076 877 ,
1112 828 1178 868 ne
1205 815 1403 867 [rustra
1435 813 1487 866 in
1519 813 1747 867 aliorum
1771 812 1940 882 gestis

353 922 502 976 spem
534 905 790 960 habentes
815 946 831 971 ,
875 913 1001 959 tunc
1025 903 1294 958 discamus
1323 918 1421 958 nos
1448 902 1700 972 deceptos
1729 902 1891 956 fuisse
1921 943 1936 966 ,

3538 350 3634 406 ιιι

2053 451 2243 521 inquit,
2271 455 2383 523 quis
2410 456 2724 524 confitebitur
2743 458 2831 512 tibi
2858 458 3028 529 (Psal.
3050 460 3102 516 6.
3133 460 3230 534 6)?
3250 462 3347 520 ilic
3373 478 3501 535 ergo
3518 481 3633 534 pta-

2048 542 2324 597 nitentiam
2364 559 2584 614 agamus
2616 588 2632 612 ,
2674 556 2734 602 ut
2771 558 2968 605 acterna
3017 566 3412 622 consequamur
3442 554 3578 610 bona
3614 596 3630 620 ,

2049 647 2169 702 qua:
2198 648 2294 687 nos
2316 650 2505 690 omnes
2532 638 2766 693 nancisci
2797 641 3091 711 contingat,
3119 643 3286 714 gratia
3316 652 3370 699 et
3397 644 3630 716 benigni-

2051 730 2157 777 tate
2191 724 2396 779 Domini
2431 728 2596 782 nostri
2632 727 2761 783 Jesu
2799 729 2999 785 Christi
3029 774 3042 796 ,
3095 750 3189 802 per
3218 750 3376 804 quem
3408 745 3462 790 et
3507 751 3627 790 cum

2047 827 2154 882 quo
2210 813 2349 870 Patri
2405 817 2572 887 gloria
2617 829 2672 874 et
2720 821 3042 892 imperium,
3086 825 3349 895 simulque
3402 826 3626 897 Spiritui

2045 914 2248 971 sancto,
2276 907 2327 960 in
2350 909 2542 964 saecula
2569 912 2908 967 saeculorum.
2940 915 3133 969 Amen.

1740 1205 2088 1267 HOMILIA
2137 1207 2344 1268 XXII.

422 1354 558 1422 Quid
583 1354 706 1406 milii
734 1364 780 1408 et
801 1353 889 1407 tibi
915 1354 1131 1408 mulier?
1156 1353 1401 1408 Nondum
1421 1356 1551 1410 venit
1574 1354 1699 1409 hora
1728 1369 1860 1408 mea.

417 1467 472 1520 1.
504 1465 595 1520 Est
622 1465 835 1536 quidam
867 1466 918 1520 in
955 1465 1322 1522 concionando
1349 1467 1518 1532 labor,
1560 1466 1700 1536 quod
1737 1466 1930 1520 Paulus

347 1555 430 1611 his
459 1556 636 1611 verbis
669 1566 892 1611 testatur
922 1573 938 1610 :
972 1557 1072 1624 Qui
1110 1556 1233 1611 bene
1269 1568 1492 1628 prterunt
1517 1557 1809 1627 presbyteri,
1837 1558 1932 1610 du-

347 1651 466 1720 plici
502 1651 690 1703 honore
715 1649 859 1719 digni
883 1649 1160 1704 habeantur
1187 1667 1206 1705 :
1241 1652 1458 1705 maxime
1494 1651 1581 1720 qui
1610 1650 1836 1704 laborant
1876 1649 1928 1701 in

344 1741 491 1794 verba
515 1751 559 1794 et
588 1740 817 1794 doctrina
833 1740 907 1812 (t.
933 1740 1063 1794 Tim.
1092 1741 1144 1796 5.
1165 1742 1276 1812 t7).
1301 1743 1368 1796 At
1394 1756 1556 1811 penes
1576 1754 1672 1794 vos
1690 1748 1768 1795 est
1787 1740 1928 1794 hunc

345 1833 580 1886 laborem
611 1830 694 1885 vel
719 1832 890 1886 levem
912 1833 993 1886 vel
1031 1846 1246 1902 gravem
1275 1830 1519 1886 reddere.
1556 1830 1686 1884 Nam
1716 1830 1761 1884 si
1786 1829 1924 1884 dicta

344 1923 624 1992 respuatis,
658 1922 740 1976 vel
771 1937 878 1976 non
905 1931 1237 1992 respuentes.
1266 1923 1518 1992 operibus
1543 1937 1649 1976 non
1679 1920 1925 1975 exhibue-

342 2015 477 2077 ritis,
500 2016 678 2083 gravis
704 2012 860 2068 nobis
885 2013 1035 2068 labor
1056 2013 1178 2076 erit,
1209 2014 1346 2083 quod
1369 2013 1562 2068 frustra
1585 2013 1920 2077 laboremus;

338 2105 420 2159 sin
449 2106 758 2173 attendatis,
787 2114 842 2160 et
875 2106 1051 2160 audita
1095 2107 1480 2176 exsequamini,
1521 2106 1730 2160 sudoris
1765 2105 1923 2176 hujus

337 2212 405 2251 ne
434 2210 655 2250 sensum
686 2194 899 2266 quidem
929 2196 1286 2266 percipiemus
1312 2212 1326 2250 :
1349 2195 1548 2251 fructus
1571 2197 1712 2251 enim
1741 2196 1921 2252 labore

338 2296 518 2354 partus
561 2300 667 2340 non
714 2285 855 2340 sinet
888 2286 1126 2341 laborem
1175 2301 1390 2356 gravem
1438 2287 1628 2341 videri.
1665 2287 1843 2356 Itaque
1873 2287 1916 2341 si

335 2377 497 2431 vultis
521 2376 757 2431 studium
785 2385 1026 2432 nostrum
1048 2378 1304 2442 excitare,
1339 2391 1442 2430 non
1474 2377 1810 2448 exstinguere
1833 2378 1916 2432 vel

332 2472 596 2534 minuere,
642 2469 894 2534 fructum,
939 2484 1142 2540 quaeso,
1174 2469 1423 2525 exhibete
1467 2469 1640 2535 nobis,
1671 2479 1729 2524 ut
1769 2469 1918 2524 laetas

331 2570 539 2630 segetes
566 2560 828 2627 videntes,
852 2575 946 2630 spe
977 2560 1055 2616 rei
1078 2560 1214 2616 bene
1231 2560 1478 2631 gerenda:
1499 2561 1611 2615 fulti
1633 2569 1686 2615 et
1706 2560 1916 2617 divitias

331 2660 545 2707 nostras
572 2653 587 2683 ¹
616 2659 1009 2721 computantes,
1042 2669 1108 2708 ne
1134 2661 1437 2725 torpeamus
1464 2654 1515 2708 in
1539 2654 1638 2709 hac
1667 2663 1772 2708 tam
1804 2653 1918 2709 fau-

328 2753 408 2796 sta
431 2741 818 2811 negotiatione.
838 2741 1024 2813 Neque
1046 2744 1187 2798 enim
1215 2759 1373 2813 parva
1401 2744 1556 2799 nobis
1593 2744 1749 2799 hodie
1788 2757 1913 2813 pro-

329 2836 543 2904 ponitur
563 2835 808 2904 quznslio.
838 2835 1005 2890 Matre
1033 2851 1261 2906 namque
1297 2836 1425 2892 Jesu
1454 2837 1688 2903 dicente,
1727 2836 1913 2892 Vinum

328 2944 426 2978 non
452 2927 674 2992 habent;
697 2942 817 2981 cum
850 2928 1216 2998 reSpondisset
1248 2928 1513 2996 Christus,
1554 2930 1692 2995 Quid
1718 2931 1841 2984 milii
1865 2941 1914 2985 et

325 3016 411 3068 tibi
435 3027 528 3079 est,
562 3017 786 3071 mulier?
814 3016 1057 3072 Nondum
1082 3021 1214 3073 venit
1241 3019 1366 3073 hora
1393 3037 1540 3084 mea;
1570 3035 1690 3076 cum
1721 3021 1794 3086 id,
1822 3021 1910 3076 in-

324 3122 504 3174 quam,
533 3108 918 3177 respondisset,
948 3109 1088 3180 quod
1115 3110 1325 3165 volebat
1355 3120 1524 3166 mater
1561 3112 1754 3168 eli'ecit.
1785 3112 1910 3169 Ha'c

324 3211 430 3250 non
459 3199 636 3251 minor
660 3199 835 3268 priore
862 3200 1084 3269 quaestio
1109 3210 1210 3255 est.
1244 3201 1338 3257 Illo
1365 3203 1523 3273 igitur
1551 3205 1798 3260 invocato
1818 3208 1906 3276 qui

326 3290 426 3343 hoc
453 3290 768 3344 miraculum
799 3300 1048 3358 cperatus
1075 3304 1178 3359 est,
1211 3295 1289 3348 sic
1326 3295 1392 3347 ad
1435 3296 1753 3351 solutionem
1782 3312 1908 3367 pro-

325 3395 594 3446 peremus.
627 3379 742 3434 Non
773 3380 856 3434 hic
877 3383 1047 3436 solum
1077 3393 1254 3437 autem
1289 3384 1388 3439 hoc
1415 3387 1609 3440 dictum
1640 3391 1904 3454 occurrit;

324 3470 437 3534 ipse
463 3485 694 3539 namque
715 3473 1036 3541 evangelista
1071 3474 1121 3527 in
1144 3476 1484 3543 sequentibus
1500 3478 1644 3542 dicit,
1674 3479 1786 3533 Non
1816 3497 1910 3549 po-

323 3571 539 3616 tuerunt
559 3577 680 3618 eum
710 3564 1131 3632 apprehendere,
1166 3567 1299 3632 Quia
1324 3569 1546 3621 nondum
1567 3580 1763 3624 venerat
1783 3572 1909 3625 hora

320 3654 432 3720 ejus
471 3650 651 3719 (Joan.
694 3654 748 3709 8.
790 3653 881 3719 20)
909 3672 921 3707 :
951 3664 1004 3709 et
1041 3657 1254 3722 iterum,
1309 3657 1474 3712 Nemo
1512 3661 1644 3714 misit
1683 3663 1732 3714 in
1764 3663 1907 3716 illum

321 3759 522 3807 titanas,
556 3744 675 3812 quia
706 3745 931 3797 nondttm
972 3757 1169 3800 venerat
1200 3749 1323 3801 liora
1350 3752 1458 3818 ejus
1489 3749 1650 3820 (Ibid.
1693 3753 1740 3805 7.
1775 3754 1862 3823 50)
1889 3771 1903 3808 :

319 3848 383 3884 ac
412 3847 646 3896 rursum,
689 3832 831 3888 Venit
876 3837 1000 3889 liora
1022 3853 1042 3890 :
1067 3837 1298 3908 gloriﬁca
1332 3839 1522 3894 Filium
1565 3851 1704 3895 tuum
1742 3843 1904 3912 (Ibid.

320 3923 409 3976 Π.
454 3924 532 3993 1).
568 3922 692 3978 Hmc
720 3926 893 3979 omnia
933 3941 1025 3996 per
1054 3937 1225 3983 totum
1256 3930 1600 4001 Evangelium
1645 3933 1782 3988 dicta
1822 3935 1907 3992 hic

320 4015 530 4084 collegi,
563 4024 622 4070 ut
649 4032 808 4069 unam
843 4018 1090 4074 omnibus
1117 4021 1436 4077 solutionem
1474 4025 1711 4079 all'cram.
1753 4027 1908 4093 Qum-

321 4119 443 4157 nam
472 4114 554 4158 est
579 4106 665 4159 illa
691 4107 924 4162 solutio?
947 4107 1062 4162 Non
1109 4118 1407 4179 temporum
1448 4117 1752 4170 necessitati
1781 4119 1908 4172 sub-

323 4195 492 4263 lectus
522 4206 633 4250 erat
665 4195 928 4262 Christus,
963 4215 1134 4270 neque
1165 4200 1323 4256 horas
1351 4203 1638 4259 observans
1673 4206 1902 4274 dicebat,

320 4285 568 4342 Nondum
591 4289 722 4342 venit
752 4293 878 4344 liora
904 4307 1012 4344 mea
1038 4308 1056 4348 :
1080 4293 1168 4358 (an
1194 4292 1244 4346 id
1266 4293 1576 4350 observaret
1609 4305 1903 4366 temporum

321 4377 532 4447 Opifex,
563 4394 826 4433 annorum
857 4388 912 4435 et
933 4382 1250 4436 saaculorum
1275 4383 1499 4438 Creator
1519 4385 1577 4456 ?)
1607 4402 1788 4440 verum
1811 4404 1907 4459 per

321 4467 433 4522 laa-c
471 4468 614 4523 dicta
643 4469 744 4524 hoc
773 4470 884 4524 vult
912 4471 1254 4540 signiticare',
1292 4487 1350 4527 se
1379 4473 1556 4529 omnia
1595 4480 1904 4546 congruenti

321 4567 562 4629 tempore
591 4561 824 4630 operari,
871 4577 971 4618 nec
1013 4564 1168 4617 simul
1220 4564 1397 4621 facere
1443 4582 1509 4621 ne
1558 4568 1682 4624 hinc
1727 4587 1902 4627 rerum

321 4651 451 4704 ordo
477 4651 807 4718 turbaretur,
847 4653 890 4706 si
931 4669 1036 4707 non
1082 4665 1383 4725 opportuno
1424 4665 1663 4727 tempore
1702 4661 1904 4731 singula

319 4740 520 4808 ederet,
546 4741 642 4796 sed
673 4743 852 4796 omnia
888 4743 1044 4798 simul
1076 4746 1344 4813 misceret,
1372 4750 1790 4818 generationem,
1823 4769 1906 4808 re-

319 4835 735 4900 surrectionem,
758 4834 1036 4904 judicium.
1079 4837 1176 4893 Hic
1217 4839 1452 4896 animum
1482 4841 1674 4898 adhibe
1706 4862 1718 4897 :
1751 4859 1908 4914 opor-

322 4923 419 4976 tuit
436 4933 741 4978 creaturam
769 4925 966 4992 facere,
996 4927 1092 4983 sed
1122 4943 1227 4982 non
1261 4945 1473 4984 omnem
1513 4932 1696 4996 simul;
1740 4933 1908 4988 homi-

322 5030 441 5068 nem
458 5023 513 5070 et
531 5015 840 5080 mulierem,
869 5017 963 5072 sed
993 5034 1097 5072 non
1120 5034 1221 5073 una
1244 5021 1446 5076 ambos.
1468 5020 1716 5090 Oporluit
1738 5035 1908 5079 morte

319 5107 560 5162 damnari
601 5107 895 5162 humanum
936 5125 1124 5179 genus,
1157 5119 1210 5166 et
1259 5114 1706 5169 resurrectionem
1751 5115 1904 5179 ﬁeri;

319 5198 414 5252 sed
441 5200 672 5253 multum
703 5200 840 5253 inter
880 5210 1165 5269 utrumque
1209 5202 1543 5258 intervallum
1574 5213 1707 5258 erat.
1735 5203 1906 5274 Opor-

323 5289 422 5342 tuit
443 5289 557 5343 dari
593 5290 792 5360 legem,
824 5289 917 5344 sed
949 5306 1053 5344 non
1085 5293 1238 5346 simul
1275 5294 1498 5363 gratiam
1535 5313 1549 5349 :
1586 5311 1768 5348 verum
1797 5296 1908 5350 sin-

319 5381 441 5447 gula
468 5382 584 5436 suis
615 5381 948 5449 temporibus
975 5383 1346 5454 dispensanda.
1390 5386 1502 5440 Non
1543 5386 1759 5442 suberat
1784 5404 1909 5458 ergo

320 5472 566 5529 Christus
615 5482 918 5540 temporum
961 5477 1286 5545 necessitati,
1335 5487 1391 5532 ut
1442 5480 1527 5549 qui
1583 5480 1908 5550 temporibus

387 5602 402 5665 ξ
441 5601 583 5652 Savil.
611 5599 762 5662 legit,
787 5609 996 5665 vestras;
1019 5607 1180 5656 minus
1198 5614 1355 5658 recte.

383 5664 412 5731 5_
444 5671 552 5731 Post
575 5668 733 5731 verba
760 5664 1228 5731 inter_parentlt_eses
1255 5670 1456 5731 inclusa,
1485 5674 1552 5719 sic
1574 5672 1722 5721 habet
1747 5675 1908 5731 δίψη..

325 5721 412 5771 sed
432 5723 550 5787 quid
574 5729 648 5774 est
672 5723 802 5780 quod
827 5721 1175 5780 subindicnrit?
1198 5731 1283 5780 hoc
1309 5730 1402 5781 uult
1425 5721 1713 5798 signiﬁcare.

2043 1366 2196 1408 suum
2223 1356 2463 1411 ordinem
2493 1362 2886 1431 assignavisset,
2931 1381 3115 1421 eorum
3160 1384 3352 1438 nempe
3388 1383 3618 1430 creator.

2036 1443 2138 1500 Sed
2165 1446 2396 1504 Joannes
2422 1450 2507 1506 hic
2536 1453 2805 1510 Christum
2830 1457 3092 1512 dicentem
3120 1460 3339 1530 inducit,
3371 1463 3618 1520 Nondum

2036 1540 2166 1592 venit
2192 1541 2317 1594 liora
2335 1560 2464 1606 meo,
2487 1547 2777 1602 ostendens
2797 1549 2967 1619 ipsum
2996 1553 3228 1606 nondum
3249 1565 3429 1610 notum
3455 1557 3618 1614 fuisse

2037 1631 2236 1693 multis,
2270 1650 2444 1703 neque
2475 1645 2638 1692 totum
2666 1639 3047 1710 discipulorum
3073 1645 3292 1701 chorum
3324 1648 3613 1712 habuisse:

2032 1721 2126 1814 sed
2154 1724 2394 1781 Andreas
2421 1743 2541 1782 eum
2565 1731 2884 1799 sequebatur
2898 1749 3017 1789 cum
3047 1737 3311 1810 Philippo,
3335 1743 3616 1814 nullusque

2030 1811 2170 1866 alius
2192 1815 2207 1844 ⁸
2234 1832 2247 1867 :
2273 1815 2380 1870 imo
2406 1832 2534 1873 vero
2555 1835 2729 1891 neque
2767 1822 2820 1878 hi
2851 1841 3038 1881 omnes
3065 1828 3236 1896 ipsum
3279 1833 3350 1885 nti
3377 1848 3472 1902 par
3499 1811 3616 1888 erat

2029 1905 2442 1973 cognoscebant,
2476 1926 2649 1979 neque
2673 1922 2843 1968 mater
2874 1916 3006 1984 ipsa,
3037 1934 3206 1988 neque
3237 1920 3447 1978 fratres.
3481 1923 3612 1978 Nam

2027 2001 2149 2060 post
2179 1996 2340 2050 multa
2364 1998 2504 2053 edita
2553 2003 2804 2058 miracula
2833 2005 2899 2060 de
2929 2007 3180 2063 fratribus
3209 2011 3335 2066 dicit
3377 2029 3610 2085 evange-

2028 2082 2167 2147 lista,
2219 2084 2395 2155 Neque
2421 2093 2604 2158 fratres
2647 2095 2757 2164 ejus
2792 2096 3059 2151 credebant
3103 2100 3154 2152 in
3197 2117 3308 2154 cum
3350 2082 3533 2173 (Joan:
3557 2108 3610 2162 7.

2027 2188 2072 2225 ιο.
2105 2175 2186 2243 5).
2213 2175 2316 2231 Sed
2359 2194 2530 2248 neque
2560 2182 2633 2237 illi
2662 2184 2751 2253 qui
2783 2188 2979 2254 nuptiis
3018 2189 3259 2257 aderant,
3304 2192 3475 2261 ipsum
3508 2212 3606 2249 no-

2025 2273 2214 2318 vcraut
2245 2283 2258 2320 :
2287 2268 2520 2339 alioquin
2548 2273 2690 2327 enim
2723 2277 3091 2341 accessissent,
3125 2290 3177 2334 et
3209 2282 3258 2334 in
3291 2286 3610 2342 necessitate

2024 2368 2300 2425 rogassent
2334 2359 2502 2416 illum.
2549 2363 2672 2420 ldeo
2715 2365 2810 2432 ait,
2863 2365 3108 2423 Nondum
3150 2373 3279 2426 venit
3317 2375 3444 2429 liora
3475 2393 3605 2431 mea.

2021 2445 2266 2503 Nondum
2312 2463 2470 2508 notus
2497 2469 2614 2510 sum
2668 2462 3041 2526 prmscutibus,
3079 2464 3173 2519 sed
3225 2483 3395 2538 neque
3434 2472 3608 2526 sciunt

2021 2537 2096 2592 illi
2138 2539 2319 2596 vinum
2364 2544 2612 2602 deiicere.
2655 2549 2801 2613 Sine,
2830 2551 3002 2607 donec
3033 2555 3082 2609 id
3131 2558 3381 2613 sentiant.
3417 2560 3603 2632 Neque

2020 2629 2164 2684 enim
2192 2629 2308 2687 hmo
2335 2649 2419 2688 me
2438 2651 2468 2690 a
2494 2646 2545 2691 te
2573 2640 2758 2695 audire
2796 2645 3049 2712 oportuit.
3098 2647 3263 2703 Mater
3289 2651 3486 2722 quippe
3517 2629 3601 2718 es,

2018 2730 2074 2774 et
2105 2723 2416 2781 miraculum
2445 2728 2626 2784 reddis
2666 2744 2995 2802 suspectum.
3035 2737 3330 2808 Oportebat
3372 2744 3491 2800 illos
3523 2747 3604 2802 in-

2018 2811 2258 2884 digentes
2287 2819 2542 2875 accedere
2586 2831 2642 2877 et
2688 2827 2923 2892 precari;
2957 2844 3062 2882 non
3101 2832 3242 2900 quod
3269 2849 3328 2887 ea
3371 2850 3428 2891 re
3467 2852 3602 2907 opus

2017 2901 2264 2973 habeam,
2293 2909 2388 2963 sed
2415 2918 2472 2964 ut
2499 2911 2596 2980 ipsi
2617 2928 2736 2968 eum
2763 2931 2956 2986 magno
2993 2935 3257 2978 consensu
3289 2901 3599 2986 miraculum

2015 3002 2221 3064 gestum
2249 2998 2571 3068 acciperent.
2600 3002 2731 3058 Nam
2763 3007 2854 3076 qui
2877 3022 2937 3063 se
2977 3009 3029 3064 in
3059 3016 3377 3073 necessitate
3399 3023 3602 3076 consti-

2017 3096 2185 3143 tutum
2231 3093 2395 3159 novit,
2433 3109 2554 3150 cum
2599 3098 2761 3166 petita
2788 3101 2811 3130 '
2835 3105 3199 3174 consequitur,
3233 3125 3475 3180 magnam
3506 3114 3597 3170 ha-

2013 3180 2103 3236 bet
2130 3185 2388 3252 gratiam;
2415 3189 2503 3256 qui
2530 3203 2658 3245 vero
2678 3195 3049 3251 necessitatem
3083 3200 3316 3256 nondum
3347 3205 3594 3274 advertit.

2013 3289 2187 3344 neque
2211 3275 2452 3333 beneﬁcii
2475 3281 2618 3335 clare
2642 3297 2856 3340 sensum
2879 3289 3117 3359 recipiet.
3144 3292 3210 3348 Et
3229 3310 3342 3362 cur,
3368 3300 3596 3369 inquies,

2013 3376 2292 3436 postquam
2323 3369 2548 3436 dixerat,
2576 3373 2819 3430 Nondum
2840 3382 2969 3434 venit
2998 3382 3124 3438 liora
3149 3403 3272 3450 mea,
3303 3398 3357 3443 et
3385 3407 3597 3448 recusa-

2013 3466 2179 3522 verat,
2211 3459 2260 3513 id
2291 3462 2432 3530 quod
2455 3472 2625 3518 mater
2644 3466 2851 3523 dixerat
2878 3471 3098 3526 elTecit?
3134 3475 3197 3529 Ut
3227 3483 3595 3538 contradicen-

2013 3549 2172 3615 tibus,
2223 3559 2277 3605 et
2329 3557 2635 3620 potantibus
2687 3558 2860 3628 ipsum
2914 3562 3057 3618 hora:
3103 3567 3400 3635 subjectum
3451 3589 3591 3640 esse,

2012 3639 2469 3700 demonstraretur
2497 3647 2666 3716 ipsum
2695 3666 2800 3705 non
2833 3668 2950 3709 esse
2973 3655 3116 3712 hora:
3142 3669 3196 3713 et
3218 3665 3442 3732 tempori
3469 3639 3594 3722 sub?

2000 3732 2202 3788 .ditum.
2236 3735 2366 3789 Nam
2395 3738 2439 3791 si
2467 3739 2711 3796 subditus
2757 3744 2902 3798 hora:
2929 3746 3131 3813 fuisset,
3170 3755 3438 3822 quomodo
3465 3773 3594 3813 con~

2011 3834 2233 3892 gruente
2264 3826 2499 3882 nondum
2527 3830 2844 3888 adveniente
2865 3835 2991 3890 hora
3025 3839 3073 3894 id
3102 3858 3234 3910 opus
3264 3849 3598 3917 peregisset?

2011 3915 2089 3966 Ad
2125 3916 2235 3969 hmc
2262 3917 2318 3969 in
2344 3921 2526 3975 matris
2552 3920 2808 3979 honorem
2857 3927 2906 3981 id
2955 3928 3097 3992 fecit.
3133 3949 3198 3986 ne
3237 3915 3454 3992 omnino
3492 3940 3590 4007 ipsi

2011 4020 2309 4075 repugnare
2355 4010 2647 4077 videretur,
2688 4031 2755 4068 ne
2799 4032 2863 4070 ex
2915 4020 3274 4079 imbecillitate
3319 4027 3368 4080 id
3417 4028 3592 4084 facere

2011 4097 2302 4165 videretur,
2357 4117 2424 4156 ne
2475 4111 2619 4157 tanto
2654 4106 2895 4161 adstante
2929 4122 3068 4164 coetu
3117 4125 3338 4170 matrem
3393 4122 3592 4187 pudore

2011 4187 2250 4243 afﬁceret
2290 4207 2304 4243 :
2352 4207 2472 4245 nam
2524 4193 2799 4250 ministros
2841 4197 2938 4267 ipsi
2983 4203 3268 4259 obtulerat.
3319 4209 3589 4279 Siquidem

2014 4287 2291 4348 postquam
2321 4281 2635 4338 Chanantcte
2664 4285 2890 4354 dixerat,
2923 4289 3042 4344 Non
3073 4303 3142 4345 est
3181 4296 3363 4352 bonum
3401 4319 3595 4361 summe

2013 4387 2192 4438 panem
2222 4373 2462 4440 ﬁliorum,
2491 4381 2539 4428 et
2568 4377 2691 4430 dare
2720 4378 2926 4434 canibus
2955 4380 3162 4451 (Matt/1.
3196 4387 3260 4441 15
3303 4389 3418 4461 ‘26),
3448 4393 3592 4449 dedit

2014 4468 2186 4514 tamen
2219 4472 2423 4532 postea,
2456 4465 2572 4531 ejus
2600 4468 2910 4525 assiduitate
2933 4483 3222 4540 permotus.
3255 4478 3410 4548 Atqui
3433 4483 3590 4540 etiam

2011 4551 2238 4619 dixerat,
2285 4554 2406 4609 Non
2445 4574 2556 4610 sum
2600 4560 2782 4613 missus
2812 4562 2907 4616 nisi
2939 4565 3006 4616 ad
3041 4581 3154 4620 oves
3188 4585 3300 4637 quia
3338 4574 3593 4642 perierunt

2011 4644 2190 4700 domus
2220 4645 2381 4701 Israel
2403 4648 2563 4719 (Ibid.
2601 4666 2646 4703 v.
2689 4652 2812 4722 24);
2846 4664 3122 4726 postquam
3149 4665 3324 4715 tamen
3367 4661 3481 4720 hate
3508 4666 3593 4722 di-

2013 4747 2182 4802 xerat,
2215 4738 2373 4793 tiliam
2402 4740 2517 4808 ejus
2550 4741 2808 4796 liberavit.

2084 4827 2136 4878 2.
2169 4827 2259 4882 llis
2295 4829 2573 4897 discimus,
2610 4847 2708 4886 nos
2736 4834 2836 4888 etsi
2876 4834 3142 4906 indignos,
3173 4843 3482 4901 assiduitate
3517 4860 3588 4903 ta-

2015 4934 2134 4972 men
2169 4935 2264 4973 nos
2291 4937 2432 4988 stupe
2453 4921 2642 4992 dignos
2664 4923 2885 4979 reddere
2907 4929 2993 4995 qni
3020 4931 3362 4999 accipiamus.
3393 4936 3594 4992 Idcirco

2017 5021 2187 5066 mater
2213 5021 2260 5066 et
2293 5015 2641 5082 exspectavit,
2670 5024 2723 5069 et
2751 5019 3018 5084 sapienter
3039 5023 3310 5078 ministros
3334 5025 3590 5092 admovit,

2017 5111 2069 5154 ut
2097 5118 2124 5155 a
2171 5103 2409 5170 pluribus
2453 5099 2753 5173 rogaretur:
2784 5107 2906 5162 Ideo
2934 5109 3138 5164 addidit
3168 5130 3179 5164 :
3213 5115 3265 5167 5.
3300 5115 3592 5180 Quodcum-

2014 5210 2108 5262 que
2137 5193 2318 5246 dixerit
2353 5195 2489 5248 vobis
2533 5197 2700 5266 facite.
2748 5197 2980 5252 Noverat
3009 5201 3149 5254 enim
3184 5202 3353 5270 ipsum
3385 5221 3487 5259 non
3528 5224 3591 5260 ex

2019 5285 2380 5339 imbecillitate
2412 5289 2671 5351 renuisse,
2705 5289 2798 5344 sed
2827 5292 2965 5358 quod
2997 5291 3186 5346 fastum
3219 5293 3441 5364 fugeret,
3473 5299 3594 5352 nol-

2019 5379 2190 5447 letque
2213 5393 2272 5432 se
2300 5377 2363 5433 ad
2390 5379 2698 5434 miraculum
2734 5383 3046 5450 patrandum
3074 5385 3249 5438 statim
3294 5387 3549 5456 projicere
3578 5407 3594 5453 ;

2017 5466 2243 5537 ideoque
2272 5469 2544 5523 ministros
2579 5469 2815 5524 adduxit.
2847 5471 2899 5524 6.
2952 5471 3108 5525 Erant
3146 5486 3311 5529 autem
3363 5478 3428 5530 ibi
3469 5479 3594 5546 lapi-

2019 5558 2124 5612 deae
2171 5559 2365 5628 hydriw
2397 5576 2484 5613 sca:
2525 5559 2699 5628 posita:
2739 5561 3011 5614 secundum
3051 5566 3451 5632 puriﬁcationem
3494 5568 3591 5624 Jtt-

2085 5675 2097 5704 ί
2141 5673 2190 5721 ln
2217 5673 2390 5741 staret.
2409 5673 2605 5741 legitur,
2630 5678 2673 5720 et
2696 5685 2786 5722 non
2813 5672 2957 5741 alius,
2979 5688 3035 5726 ne
3055 5690 3173 5728 unus
3197 5679 3411 5741 quidem.

2083 5743 2099 5767 π
2137 5734 2269 5781 Sav'll.
2298 5733 2432 5794 legit,
2451 5732 2704 5794 auaritiam,
2737 5749 2838 5797 pro,
2865 5739 3025 5798 petito.
