4068 6136
492 365 588 420 155

491 487 733 540 divorum,
756 473 1003 543 capientes
1027 469 1238 538 singula
1267 476 1494 520 metretas
1525 465 1664 516 binas
1691 463 1764 516 vel
1789 467 1973 512 ternas.
2001 454 2056 508 7.

494 569 635 622 Dixit
657 568 728 621 eis
753 563 904 618 Iesus
928 579 946 617 :
973 560 1186 627 Implete
1225 558 1430 628 hydrias
1458 570 1606 624 aqua.
1645 551 1707 604 Et
1735 548 2071 623 impleverunt

493 676 578 712 eas
603 671 756 726 usque
791 655 860 708 ad
887 667 1157 708 summum.
1193 648 1308 702 Non
1345 647 1461 701 sine
1495 656 1652 699 causa
1683 641 1835 705 dixit,
1865 637 2058 692 Secun-

495 749 616 801 dum
657 724 1057 815 puriﬁcationem
1085 738 1379 792 Judteorum
1402 749 1420 798 ;
1447 733 1542 789 sed
1573 747 1638 785 ne
1667 731 1784 800 quis
1827 724 2063 780 fortassis

496 837 787 892 infidelium
835 831 1090 902 suspicari
1141 837 1315 899 posset
1366 825 1496 879 faece
1541 824 1683 876 intus
1733 823 2062 878 remanente,

498 930 668 985 infusa
706 925 898 982 deinde
934 933 990 979 et
1020 921 1250 976 admixta
1298 933 1430 988 aqua
1478 915 1656 969 vinum
1699 908 2064 966 tenuissimum

498 1021 765 1081 evasisse;
807 1017 926 1071 ideo
964 1015 1058 1078 ait,
1106 1011 1392 1068 Secundum
1439 998 2068 1078 puriﬁcationemludaeo-

497 1126 647 1174 rum,
690 1107 977 1164 ostendens
1024 1106 1078 1158 in
1122 1103 1260 1156 vasis
1317 1101 1419 1154 illis
1464 1110 1747 1165 numquam
1799 1098 2065 1145 servatum

502 1201 664 1256 fuisse
697 1199 896 1254 vinum.
923 1195 1054 1250 Nam
1099 1208 1216 1247 cum
1257 1189 1535 1245 Palaestina
1564 1200 1714 1254 aqua)
1740 1179 1956 1253 penuria
1995 1179 2070 1231 la-

503 1291 676 1354 boret,
704 1288 912 1355 rarique
941 1285 1044 1338 sint
1067 1283 1137 1336 ibi
1166 1285 1336 1336 fontes
1355 1286 1408 1332 et
1427 1290 1678 1347 aquarum
1703 1270 2068 1339 scaturigines,

505 1395 716 1450 semper
746 1377 959 1448 hydrias
999 1388 1134 1441 aqua
1176 1369 1483 1440 implebant,
1524 1381 1591 1420 ne
1630 1365 1675 1418 si
1713 1360 1925 1432 quando
1968 1358 2071 1450 imi

505 1447 686 1529 mundi
717 1447 921 1532 fierent,
945 1465 1009 1518 ad
1037 1463 1250 1516 flumina
1280 1472 1497 1514 currere
1521 1462 1856 1525 cogerentur,
1887 1449 1981 1504 sed
2006 1447 2070 1501 ad

507 1577 721 1619 tnauum
750 1573 867 1614 sese
903 1554 1156 1627 purgandi
1198 1551 1412 1607 modum
1453 1549 1728 1603 haberent.
1763 1543 1870 1598 Cur
1897 1549 2072 1595 autem

506 1655 714 1725 signum
745 1665 848 1703 non
875 1646 1041 1702 edidit
1077 1652 1357 1710 antequam
1399 1639 1500 1693 illm
1539 1636 1904 1705 implerentur,
1933 1628 2073 1699 quod

508 1722 666 1814 longe
693 1737 986 1795 mirabilius
1031 1731 1254 1788 fuisset?
1281 1729 1436 1784 Aliud
1483 1729 1626 1782 enim
1666 1732 1751 1780 est
1787 1722 2074 1789 subjectum

508 1811 784 1887 materiam
828 1828 880 1880 in
928 1823 1085 1879 aliam
1126 1820 1432 1892 qualitatem
1474 1823 1704 1881 mutare,
1730 1811 1868 1866 aliud
1911 1811 2076 1879 ipsam

509 1919 854 1976 substantiam
877 1925 1029 1969 antea
1060 1927 1163 1967 non
1195 1910 1536 1965 exsistentem
1559 1917 1740 1960 creare
1765 1918 1780 1968 ;
1810 1902 1910 1955 hoc
1937 1899 2078 1953 enim

515 2013 668 2080 longe
693 2006 984 2062 mirabilius
1009 2011 1112 2058 est.
1139 1998 1242 2056 Sed
1265 2013 1350 2052 res
1380 2012 1483 2051 non
1507 1995 1578 2050 ita
1605 1991 1875 2048 credibilis
1900 1988 2080 2043 multis

511 2103 620 2153 visa
639 2098 843 2153 fuisset.
869 2094 1096 2163 Ideoque
1116 2089 1489 2145 miraculorum
1509 2082 1921 2154 magnitudinem
1939 2093 2081 2148 sa‘pe

514 2195 738 2247 libenter
763 2189 969 2251 minuit,
1000 2195 1055 2240 ut
1082 2183 1286 2237 facilius
1315 2181 1402 2234 illa
1431 2177 1734 2234 credantur.
1764 2173 1832 2226 Et
1855 2187 1970 2236 cur,
1997 2170 2083 2223 in-

514 2285 683 2350 quies,
724 2293 828 2332 non
881 2278 994 2346 ipse
1032 2288 1220 2343 aquam
1269 2269 1534 2338 produxit,
1567 2273 1624 2319 ut
1662 2273 1786 2318 tunc
1811 2264 1861 2316 in
1903 2263 2082 2315 vinum

515 2378 869 2431 converteret,
915 2365 1008 2420 scd
1043 2363 1094 2418 id
1145 2359 1417 2414 ministros
1465 2358 1637 2410 facere
1666 2354 1858 2423 jussit?
1888 2350 2082 2405 Eadem

516 2477 722 2518 rursum
747 2461 812 2515 de
837 2473 1016 2522 causa,
1049 2464 1102 2510 et
1132 2461 1188 2509 ut
1225 2453 1388 2523 ipsus,
1427 2450 1514 2520 qui
1560 2447 1862 2505 hauserant,
1895 2443 1969 2497 rei
2006 2450 2084 2494 te-

513 2566 624 2609 stes
649 2551 887 2612 haberet,
920 2561 1020 2602 nec
1057 2545 1110 2599 id
1148 2541 1438 2614 prmstigias
1465 2553 1583 2594 esse
1624 2542 1914 2606 putaretur.
1956 2532 2084 2586 Nam

514 2649 557 2699 si
589 2643 676 2714 qui
703 2642 816 2696 ausi
843 2646 1021 2694 essent
1041 2635 1092 2690 id
1121 2633 1452 2703 impudenter
1480 2642 1691 2698 negare,
1717 2633 1960 2695 poterant
1987 2623 2087 2676 mi-

516 2711 664 2803 nistri
687 2732 883 2794 dicere,
913 2728 1019 2782 Nos
1037 2739 1228 2795 aquam
1269 2720 1559 2775 hausimus.
1594 2716 1672 2770 Ad
1699 2715 1814 2768 haec
1841 2727 1967 2766 vero
1987 2711 2087 2765 do-

516 2835 691 2894 gmata
730 2831 910 2880 contra
961 2820 1248 2874 Ecclesium
1278 2815 1493 2870 suborta
1527 2811 1733 2866 evertit.
1774 2809 1905 2876 Quia
1946 2807 2086 2861 enim

518 2919 729 2987 quidam
767 2918 927 2970 alimn
972 2928 1091 2968 esse
1126 2909 1308 2966 mundi
1337 2916 1629 2963 creatorem
1667 2904 1870 2966 dicunt,
1900 2913 2089 2969 opera-

518 3025 622 3080 que
651 3007 872 3063 visibilia
908 3021 1012 3059 non
1041 3003 1158 3072 ejus
1176 3014 1315 3065 esse,
1347 2997 1439 3052 sed
1468 2994 1685 3050 alterius
1714 2991 1800 3046 dei
1831 2989 1927 3060 ipsi
1961 3003 2090 3040 con-

522 3079 782 3162 trarii;ut
812 3111 994 3152 eorum
1024 3093 1278 3146 insaniam
1317 3088 1586 3157 reprimat,
1623 3085 1690 3137 ita
1731 3081 1892 3136 multa
1929 3079 2092 3133 mira-

522 3193 640 3246 cula
681 3191 792 3244 edit
836 3203 901 3240 ex
947 3183 1197 3253 subjectis
1237 3179 1566 3235 substantiis.
1624 3174 1752 3230 Nam
1802 3174 1845 3227 si
1887 3178 2095 3226 creator

526 3281 622 3348 ipsi
649 3277 944 3334 contrarius
974 3281 1136 3338 esset,
1164 3286 1269 3326 non
1307 3269 1492 3324 alienis
1531 3273 1766 3320 uteretur
1798 3262 1863 3316 ad
1905 3269 2094 3330 poten-

528 3371 651 3423 tiam
687 3381 835 3422 suam
871 3361 1356 3419 demonstrandam.
1402 3357 1550 3413 Nunc
1593 3357 1749 3426 igitur
1786 3351 2093 3412 OStendcns,

524 3478 585 3517 se
607 3459 850 3516 eumdem
880 3457 1048 3526 ipsum
1072 3468 1210 3518 esse,
1238 3453 1323 3522 qui
1350 3464 1540 3521 aquam
1562 3449 1615 3502 in
1637 3447 1805 3501 vineis
1833 3451 2018 3504 mutat,
2045 3449 2098 3493 et

526 3551 754 3622 pluviam
783 3563 874 3618 per
902 3546 1130 3601 radicem
1162 3544 1211 3597 in
1250 3543 1427 3596 vinum
1460 3537 1743 3601 convertit,
1777 3534 1828 3589 id
1867 3532 2006 3603 quod
2045 3531 2096 3584 in

529 3643 641 3710 ipsa
672 3640 848 3709 planta
889 3634 1111 3703 longiori
1139 3642 1377 3703 tempore
1404 3630 1546 3694 facit,
1580 3629 1629 3684 id
1659 3634 1876 3696 repente
1916 3624 1966 3677 in
1997 3638 2097 3676 nu-

532 3730 652 3800 ptiis
681 3735 928 3798 operatus
968 3734 1068 3780 est.
1106 3725 1386 3792 Postquam
1431 3729 1604 3775 autem
1657 3719 1964 3786 implessent
2003 3713 2100 3781 hy-

531 3821 694 3887 drias,
723 3818 797 3871 ait
826 3833 839 3867 :
872 3815 926 3872 8.
967 3815 1179 3868 Haurite
1216 3829 1368 3876 nunc,
1401 3821 1445 3864 et
1487 3811 1610 3878 ferte
1634 3806 1994 3862 architriclino.
2035 3801 2100 3854 Et

534 3909 773 3964 tulerunt.
818 3905 870 3961 9.
929 3904 996 3959 Ut
1034 3914 1200 3958 autem
1251 3902 1466 3973 gustavit
1501 3895 1875 3952 arcltitriclinus
1919 3908 2101 3962 aquam

532 4001 699 4053 vinum
729 4002 933 4068 factam,
962 4005 1008 4049 et
1045 3992 1286 4048 nesciebat
1325 3990 1458 4044 unde
1488 3996 1648 4052 esset;
1688 3985 1898 4039 ministri
1936 3992 2104 4035 autem

534 4089 771 4152 sciebant,
807 4085 894 4156 qui
931 4085 1197 4137 hauserant
1231 4097 1412 4151 aquam
1443 4087 1622 4132 :vocat
1661 4091 1898 4146 sponsum
1931 4073 2103 4125 archi-

538 4181 784 4242 trictinus,
819 4179 900 4232 l0.
925 4187 971 4231 et
997 4177 1116 4229 dicit
1141 4175 1186 4228 ei
1217 4190 1234 4226 :
1265 4173 1438 4226 Omnis
1484 4171 1631 4223 homo
1670 4168 1888 4239 primum
1922 4165 2104 4216 bonum

538 4269 705 4320 riuum
735 4266 892 4332 ponit,
925 4274 970 4316 et
1005 4280 1116 4316 cum
1151 4260 1380 4315 inebriati
1407 4259 1610 4330 fuerint,
1645 4268 1760 4309 tunc
1785 4255 1837 4307 id
1857 4252 1990 4325 quod
2016 4251 2105 4304 de-

539 4358 692 4410 terius
724 4365 814 4408 est.
852 4352 930 4407 Tu
963 4353 1166 4406 servasti
1195 4351 1377 4404 bonum
1417 4350 1582 4403 viuum
1611 4363 1763 4416 usque
1791 4345 1978 4398 adhuc.
2011 4342 2108 4396 llic

541 4463 747 4501 rursum
775 4445 988 4515 quidam
1013 4443 1322 4498 cavillantur
1350 4441 1608 4502 dicentes,
1637 4439 1965 4492 ebriosorum
1999 4449 2107 4488 ca:-

543 4551 652 4592 tum
676 4538 856 4600 fuisse,
889 4534 1129 4588 hebetem
1151 4531 1472 4600 gustantium
1499 4544 1736 4593 sensum,
1755 4530 1840 4597 qui
1865 4543 1974 4581 rem
2004 4541 2107 4581 non

544 4635 760 4697 possent
795 4639 1004 4694 capere,
1046 4638 1143 4677 nec
1190 4621 1442 4690 judicium
1473 4619 1633 4681 ferre,
1670 4619 1737 4671 ita
1766 4627 1822 4670 ut
1847 4619 2112 4672 nescirent

543 4736 610 4772 an
639 4719 815 4770 vinum
855 4729 920 4768 an
952 4728 1086 4782 aqua
1127 4711 1176 4765 id
1207 4719 1349 4765 esset
1376 4727 1388 4764 :
1421 4725 1541 4764 nam
1580 4708 1719 4778 quod
1750 4708 1882 4762 ebrii
1912 4717 2108 4772 essent,

546 4810 657 4879 ipse
699 4804 1088 4861 arcliitricliuus
1125 4800 1430 4857 declaravit.
1469 4798 1764 4853 Ridiculum
1793 4797 1948 4866 plane
1986 4795 2112 4850 illud

544 4911 624 4952 est
660 4916 672 4954 :
707 4910 888 4950 verum
935 4893 1069 4946 hanc
1108 4893 1317 4947 illorum
1365 4889 1714 4960 suspicionem
1758 4888 1864 4956 jam
1903 4885 2115 4940 sustulit

545 4986 884 5058 evangelista.
920 4983 1035 5037 Non
1067 4982 1205 5035 enim
1230 4981 1480 5034 convivas
1508 4979 1582 5032 ait
1607 4978 1672 5032 de
1698 4994 1754 5033 re
1785 4979 1870 5032 illa
1902 4987 2115 5032 senten—

549 5083 671 5132 tiam
720 5076 920 5140 tulisse,
966 5073 1060 5127 sed
1100 5071 1536 5134 architricliuum,
1576 5069 1663 5138 qui
1703 5069 1908 5122 sobrius
1945 5066 2117 5120 adhuc
2151 5127 2159 5135 ,

547 5175 674 5229 nihil
703 5179 1022 5244 gustaverat.
1061 5165 1218 5222 Scitis
1246 5165 1440 5236 quippe
1465 5180 1667 5226 omnes,
1707 5162 1898 5231 quibus
1935 5159 2115 5214 convi-

547 5268 752 5318 viorum
793 5279 919 5318 cura
953 5259 1299 5315 committitur
1327 5271 1444 5312 esse
1487 5256 1721 5310 omnium
1760 5255 1987 5308 maxime
2024 5267 2115 5307 so-

551 5353 712 5414 brios,
743 5368 896 5405 unam
929 5351 1065 5404 hanc
1092 5362 1270 5403 curam
1301 5345 1576 5405 habentes,
1615 5354 1672 5396 ut
1703 5360 1820 5397 cum
1857 5353 2004 5396 recto
2033 5357 2118 5394 or-

549 5441 674 5493 dine
693 5441 864 5494 omnia
885 5439 1247 5508 disponantur.
1269 5434 1496 5506 Ideoque
1515 5449 1728 5488 sensum
1747 5432 1888 5485 illum
1907 5433 2116 5500 vigil-ni

550 5539 605 5583 et
634 5526 869 5582 sobrium
913 5528 980 5581 ad
1010 5528 1084 5582 rei
1115 5535 1275 5596 gesta:
1302 5525 1660 5581 testimonium
1705 5522 1962 5576 evocavit.
2005 5521 2115 5574 Non

553 5619 694 5672 enim
730 5617 883 5676 dixit.
919 5617 1176 5671 lnfundite
1205 5617 1444 5671 convivis
1471 5617 1669 5678 viuum,
1700 5613 1811 5675 scd,
1848 5612 1995 5667 Ferte
2031 5629 2117 5664 ar-

555 5705 853 5766 du'triclino.
881 5705 945 5763 Ut
962 5718 1124 5760 autem
1141 5708 1347 5778 gustavit
1369 5708 1737 5761 arclritrirtinus
1754 5721 1928 5772 nquam
1954 5704 2118 5757 riuum

1250 351 1306 406 S.
1347 344 1622 406 JOANNIS
1645 335 2110 399 CHRYSOSTOMI
2152 337 2464 394 AllCllllﬁP.
2504 340 3032 395 CUNSTANTINOP.

3639 343 3737 398 l36

2168 459 2371 524 factum,
2405 467 2447 509 et
2468 456 2708 509 nesciebat
2735 457 2865 510 unde
2885 465 3011 509 esset
3030 472 3047 519 ;
3066 456 3276 508 ministri
3297 467 3460 508 autem
3483 457 3702 511 scitbtmt
3721 473 3741 512 :

2165 560 2308 602 noctu
2336 566 2574 613 sponsum
2599 550 2983 602 arcltitriclinus.
3015 549 3142 602 Cur'
3163 562 3264 601 non
3306 547 3576 602 ministros
3607 549 3739 602 allo.

2167 640 2385 708 quitur?
2415 640 2491 693 sic
2529 639 2668 692 enim
2712 639 3021 692 miraculum
3073 638 3362 692 revelatum
3399 648 3562 693 esset.
3606 637 3739 704 Quia

2168 747 2234 784 ne
2265 731 2380 798 ipse
2412 730 2622 798 quidem
2651 729 2802 784 Jesus
2847 729 2984 796 quod
3026 729 3216 781 factum
3261 727 3430 782 fuerat
3466 728 3738 792 revelavit,

2167 821 2258 874 sed
2288 821 2485 874 sensim
2527 820 2883 889 paulatimque
2909 819 3114 873 volebat
3147 819 3250 871 vim
3287 818 3656 872 miraculorum
3689 819 3740 872 in

2170 911 2410 963 notitiam
2433 911 2633 964 venire.
2659 909 2714 964 Si
2742 925 2867 963 vero
2894 919 3014 963 tuuc
3035 909 3360 962 declaratum
3388 908 3590 975 fuisset,
3634 925 3742 964 non

2173 1000 2305 1055 fides
2336 999 2576 1054 habenda
2621 1009 2735 1053 erat
2764 999 3018 1053 ministris
3061 999 3427 1064 narrantibus;
3473 1000 3566 1054 sed
3606 1000 3747 1053 iusa-

2172 1093 2285 1146 nire
2309 1093 2472 1161 putati
2498 1093 2736 1156 fuissent,
2763 1107 2881 1146 cum
2909 1091 3129 1156 homini,
3163 1091 3251 1160 qui
3279 1093 3528 1161 opinione
3551 1094 3740 1146 multo-

2172 1197 2288 1236 rum
2330 1197 2361 1237 e
2411 1183 2572 1250 vulgo
2613 1190 2746 1246 erat,
2795 1181 2916 1234 talia
2964 1181 3346 1234 adscriberent.
3385 1180 3485 1249 Ipsi
3530 1181 3744 1250 quidem

2173 1274 2499 1342 experientia
2528 1287 2636 1326 rem
2663 1274 2806 1326 clare
2835 1281 3128 1332 noverant;
3158 1286 3326 1340 neque
3356 1280 3600 1340 poterant
3637 1273 3750 1326 suis

2175 1363 2415 1416 manibus
2448 1361 2604 1414 fidem
2650 1376 2883 1430 negare;
2916 1378 3019 1415 non
3071 1369 3242 1414 tamen
3292 1360 3463 1414 idonei
3497 1370 3650 1416 erant
3693 1371 3750 1415 ut

2175 1453 2293 1506 aliis
2316 1452 2472 1506 fidem
2506 1451 2756 1506 facerent.
2789 1451 2910 1506 Ideo
2939 1466 3042 1504 non
3073 1451 3317 1504 omnibus
3339 1449 3620 1512 revelavit;
3652 1450 3748 1505 sed

2175 1547 2221 1600 ei
2249 1547 2336 1616 qui
2375 1546 2604 1600 maxime
2651 1553 2829 1614 posset
2874 1545 2923 1597 id
2973 1543 3294 1612 persl:icerc,
3343 1543 3622 1598 clariorem
3671 1545 3748 1597 rei

2178 1634 2415 1688 notitiam
2446 1634 2498 1688 in
2529 1642 2795 1702 posterum
2827 1647 3126 1688 reservans.
3155 1631 3284 1686 Nam
3334 1643 3449 1700 post
3477 1632 3577 1686 alia
3618 1648 3748 1685 con-

2177 1727 2357 1795 spicua
2406 1725 2584 1793 signa,
2654 1725 2755 1779 hoc
2807 1725 2966 1780 etiam
3012 1722 3266 1777 credibile
3323 1722 3556 1776 futurum
3615 1731 3751 1776 erat.

2178 1813 2400 1882 Quando
2423 1816 2563 1870 enim
2592 1815 2753 1869 filium
2787 1814 2948 1881 reguli
2978 1823 3157 1882 postea
3188 1813 3410 1874 curavit,
3437 1827 3530 1881 per
3551 1827 3614 1866 ea
3634 1829 3753 1880 qua:

2182 1915 2307 1960 tunc
2332 1906 2458 1961 dicit
2487 1907 2806 1975 evangelista
2857 1906 3053 1960 indicat
3083 1906 3182 1959 hoc
3221 1907 3376 1960 etiam
3419 1906 3752 1963 manifestius

2183 1996 2363 2051 fuisse.
2415 1997 2537 2050 Ideo
2582 1998 2722 2051 enim
2768 1997 2996 2050 maxime
3043 1997 3256 2065 regulus
3307 1996 3477 2062 ipsum
3523 1998 3752 2063 vocavit,

2181 2087 2302 2155 quia
2333 2087 2465 2156 signi
2497 2086 2647 2140 istius
2667 2101 2862 2156 gnarus
2888 2095 3022 2151 erat,
3054 2094 3111 2139 ut
3137 2086 3268 2138 dixi.
3303 2085 3450 2152 Quod
3478 2085 3756 2140 declarans

2183 2177 2414 2232 Joannes
2445 2177 2694 2232 dicebat:
2735 2175 2879 2230 Venit
2920 2175 3068 2232 Iesus
3110 2178 3162 2230 in
3204 2177 3341 2230 Cana
3387 2176 3633 2241 Galiltew,
3673 2176 3757 2230 ubi

2187 2271 2302 2339 fecit
2332 2286 2510 2339 aquam
2549 2270 2957 2338 vinum:neque
3000 2267 3156 2323 modo
3203 2267 3404 2331 vinum,
3440 2267 3534 2322 sed
3580 2269 3764 2322 vinum

2187 2359 2463 2426 optimum.

2257 2449 2307 2501 5.
2334 2448 2479 2502 Talia
2510 2458 2630 2500 sunt
2671 2446 2866 2502 Christi
2914 2445 3184 2512 miracula,
3217 2461 3335 2514 qua:
3361 2459 3448 2499 res
3490 2445 3759 2500 naturales

2190 2539 2490 2606 praestantia
2541 2538 2692 2606 longe
2737 2545 3006 2604 superent.
3040 2536 3127 2590 Sic
3172 2544 3224 2590 et
3266 2535 3316 2587 in
3361 2535 3482 2589 aliis
3527 2550 3759 2603 quoque,

2189 2628 2397 2696 quando
2429 2627 2721 2681 membrum
2752 2626 3030 2680 distortum
3061 2625 3307 2686 restituit,
3340 2623 3635 2678 sanioribus
3667 2639 3761 2677 va-

2190 2716 2353 2770 lidius
2379 2717 2572 2770 effecit.
2620 2715 2770 2782 Quod
2817 2729 2943 2785 ergo
2987 2714 3186 2781 vinum,
3215 2721 3267 2767 et
3296 2714 3474 2767 viuum
3503 2713 3761 2782 optimum

2192 2807 2318 2861 illud
2345 2818 2506 2870 esset.
2541 2821 2645 2860 non
2673 2805 2832 2859 modo
2857 2804 3104 2868 ministri,
3135 2802 3229 2858 sed
3273 2811 3326 2857 et
3368 2801 3762 2857 architriclinus

2192 2909 2246 2952 et
2271 2912 2499 2967 sponsus
2530 2895 2857 2950 testiiicaturi
2884 2903 3072 2960 erant;
3101 2893 3241 2964 quod
3284 2902 3461 2948 autem
3491 2907 3519 2946 a
3548 2891 3764 2946 Christo

2196 2988 2389 3042 factum
2421 2995 2586 3052 esset,
2614 2987 2702 3056 qui
2734 3000 2926 3055 aquam
2971 2984 3276 3040 hauserant.
3311 2983 3385 3038 lta
3413 2993 3472 3038 ut
3513 2983 3610 3038 etsi
3643 2992 3764 3039 tunc

2196 3079 2505 3134 miraculum
2525 3093 2628 3132 non
2652 3077 2942 3155 revelatum
2969 3075 3174 3142 fuisset,
3200 3091 3306 3130 non
3329 3073 3396 3129 ad
3421 3075 3578 3128 tinent
3603 3088 3768 3143 usque

2195 3170 2339 3224 sileri
2371 3177 2550 3238 posset
2577 3185 2590 3222 :
2623 3168 2700 3223 sic
2730 3168 2893 3222 multa
2922 3169 3326 3235 necessariaque
3369 3166 3765 3234 prmmitteban-

2198 3269 2284 3314 tur
2309 3260 2360 3312 in
2383 3259 2613 3313 futurum
2645 3267 2850 3328 tempus
2881 3257 3200 3313 testimonia.
3231 3257 3378 3324 Quod
3405 3257 3545 3310 enim
3576 3271 3767 3326 aquam

2197 3352 2374 3404 vinum
2400 3350 2631 3416 fecisset,
2658 3350 2928 3404 ministros
2955 3358 3117 3404 testes
3139 3349 3318 3402 habuit
3351 3368 3362 3402 :
3395 3347 3533 3420 quod
3575 3349 3766 3401 bonum

2196 3445 2375 3495 vinum
2417 3451 2576 3506 esset,
2619 3441 3032 3495 architriclinum
3074 3450 3126 3495 et
3156 3455 3424 3508 sponsum.
3476 3439 3769 3494 Verisimile

2199 3544 2372 3589 autem
2401 3543 2480 3588 est
2510 3549 2760 3603 sponsum
2801 3533 2994 3603 aliquid
3025 3532 3090 3586 ad
3123 3532 3234 3586 haac
3273 3531 3607 3600 respondisse
3635 3548 3648 3582 :
3682 3544 3768 3581 \c-

2201 3640 2314 3679 rum
2342 3623 2659 3692 evangelista
2692 3622 2757 3676 ad
2800 3622 2963 3691 magis
2995 3621 3290 3675 necessaria
3329 3633 3636 3690 properans,
3672 3619 3771 3671 hoc

2202 3721 2400 3768 tantum
2421 3712 2683 3768 recensito
2707 3711 2877 3781 signo,
2905 3719 3092 3764 c:etera
3125 3709 3480 3778 prmtermisit.
3521 3708 3773 3761 Necessa-

2203 3803 2336 3856 rium
2367 3803 2557 3870 quippe
2587 3809 2701 3856 erat
2734 3808 2790 3854 ut
2816 3800 3041 3854 sciretur
3069 3800 3237 3868 ipsum
3265 3813 3456 3868 aquam
3492 3799 3543 3852 in
3593 3797 3770 3851 vinum

2206 3893 2525 3955 mutavisse;
2567 3891 2691 3960 quid
2736 3905 2860 3945 vero
2889 3889 3248 3944 arcliitrielino
3278 3904 3506 3955 Sponsus
3551 3903 3772 3957 respon-

2206 3982 2360 4044 derit,
2394 3979 2594 4035 referre
2624 3979 2981 4034 necessarium
3010 3994 3114 4033 non
3146 3979 3371 4049 putavit.
3400 3978 3559 4032 Multa
3584 3978 3776 4047 quippe

2208 4073 2352 4142 signa
2381 4073 2605 4141 primum
2629 4072 2956 4136 obscuriora,
2981 4085 3262 4139 progressu
3285 4073 3536 4138 temporis
3553 4071 3773 4124 clariora

2211 4162 2343 4217 facta
2370 4171 2510 4225 sunt,
2544 4162 2606 4214 iis
2647 4173 2892 4215 accurate
2937 4161 3273 4215 narrantibus
3313 4157 3400 4229 qui
3443 4174 3472 4212 a
3520 4159 3777 4228 principio

2211 4252 2467 4307 viderant.
2521 4251 2667 4306 Tunc
2716 4252 2874 4320 igitur
2916 4251 3094 4304 vinum
3143 4265 3206 4303 ex
3245 4264 3379 4318 aqua
3424 4247 3546 4302 fecit
3593 4247 3775 4312 Jcsus;

2214 4352 2336 4397 tunc
2365 4352 2419 4398 et
2448 4356 2588 4395 nunc
2610 4341 2905 4394 voluntates
2925 4340 3108 4394 molles
3130 4348 3183 4394 et
3208 4339 3488 4393 dissolutas
3516 4339 3565 4391 iu
3592 4338 3780 4392 melius

2213 4445 2417 4490 mutare
2444 4449 2547 4488 non
2576 4432 2786 4486 desinit.
2821 4431 2954 4486 Sunt
2981 4431 3144 4493 enim,
3173 4437 3316 4494 sunt,
3350 4429 3584 4499 inquam,
3613 4425 3780 4482 homi-

2217 4543 2334 4592 nes,
2381 4525 2470 4594 qui
2515 4523 2645 4578 nihil
2693 4523 2760 4576 ab
2797 4537 2930 4590 aqua
2980 4520 3259 4584 differunt;
3307 4521 3376 4574 ita
3425 4528 3548 4573 sunt
3587 4517 3778 4588 frigidi,

2216 4617 2402 4671 molles
2431 4625 2484 4669 et
2523 4629 2806 4682 numquam
2837 4612 3204 4667 Consisteutes.
3235 4611 3356 4665 Illos
3393 4620 3568 4664 autem
3591 4610 3676 4679 qui
3710 4611 3783 4662 sic

2214 4705 2386 4760 affecti
2415 4713 2536 4759 sunt
2577 4704 2640 4757 ad
2687 4703 2962 4757 Dominum
2995 4701 3337 4766 adducamus,
3367 4709 3422 4753 ut
3452 4699 3664 4753 illorum
3692 4714 3784 4750 vo-

2218 4795 2468 4848 luntatem
2512 4793 2564 4847 in
2615 4793 2720 4846 vini
2759 4790 3116 4846 conditionem
3159 4798 3355 4852 mutet,
3400 4797 3459 4840 ut
3505 4802 3610 4840 non
3653 4787 3784 4839 ultra

2216 4885 2474 4950 dimuant,
2523 4883 2616 4938 sed
2657 4883 2933 4938 solidiores
2972 4882 3096 4944 sint,
3136 4895 3199 4935 ac
3235 4895 3355 4935 cum
3402 4878 3502 4933 sibi
3535 4887 3644 4932 tum
3675 4877 3785 4932 aliis

2219 4979 2410 5034 larlitia:
2439 4993 2596 5033 causa
2618 4977 2863 5032 evadant.

2293 5069 2510 5122 Terrena
2561 5069 2730 5121 omnia
2755 5067 2898 5136 ﬂuxa
2928 5076 3043 5119 sunt
3067 5107 3082 5132 ,
3110 5075 3153 5118 et
3180 5080 3450 5135 numquam
3493 5064 3787 5118 consistunt.

2228 5159 2402 5212 .llensa
2450 5158 2663 5227 frugalis
2691 5155 2989 5210 valetudinis
3014 5165 3085 5208 est
3113 5166 3289 5208 mater.
3320 5154 3630 5220 —Quinam
3668 5165 3793 5202 vero

2222 5258 2343 5302 sunt
2389 5248 2460 5302 illi
2494 5247 2702 5316 frigidi,
2735 5246 2830 5300 nisi
2885 5246 2916 5298 ii
2969 5247 3056 5314 qui
3089 5245 3240 5298 ﬂuxis
3287 5241 3444 5310 hujus
3475 5243 3594 5294 vitae
3638 5241 3796 5292 rebus

2225 5340 2508 5399 inlnerent,
2542 5338 2628 5406 qui
2662 5337 2840 5391 mundi
2874 5336 3096 5389 delicias
3126 5351 3230 5387 non
3261 5334 3535 5396 derident,
3568 5332 3654 5400 qui
3682 5329 3792 5406 glo-

2225 5433 2352 5484 riam
2385 5438 2438 5484 ct
2467 5427 2752 5497 potentiam
2786 5425 3008 5478 ainant?
3042 5425 3162 5476 llzcc
3192 5424 3385 5492 quippe
3412 5422 3588 5473 omnia
3617 5420 3755 5473 fluxa
3776 5458 3794 5486 ,

2225 5535 2510 5589 numquam
2566 5519 2899 5578 consistunt,
2935 5531 3051 5584 quzu
3099 5515 3148 5567 in
3197 5528 3432 5581 princeps
3480 5527 3693 5579 Semper
3747 5518 3795 5563 et

2225 5627 2344 5665 cum
2393 5612 2587 5677 impetu
2635 5609 2891 5662 l'erinitur.
2947 5607 3073 5658 Nam
3114 5604 3199 5671 qui
3250 5603 3404 5656 hodie
3449 5602 3632 5666 dives,
3681 5616 3797 5654 cras

2229 5717 2426 5771 pauper
2457 5709 2536 5753 est
2567 5716 2577 5749 :
2611 5699 2696 5766 qui
2742 5697 2897 5750 hodie.
2927 5711 3044 5747 cum
3087 5707 3329 5761 μητρυιιο
3353 5732 3364 5756 ,
3392 5691 3569 5745 balteo
3595 5731 3608 5758 ,
3641 5703 3798 5744 curru
