4068 6136
222 290 314 348 ιδ·

218 404 502 471 multisque
534 394 813 453 lictoribus
835 406 892 447 se
920 387 1074 445 effert
1095 428 1109 452 ,
1140 400 1283 456 stupe
1305 382 1548 454 sequenti
1577 381 1663 436 die
1684 396 1801 434 car-

214 496 324 555 ceri
376 491 747 561 mancipatur,
781 485 979 553 aliique
1012 480 1208 536 invitus
1239 478 1379 531 hunc
1410 475 1600 530 fastum
1633 472 1800 530 relin-

218 588 350 659 quit.
383 583 484 652 Qui
508 579 764 638 delicatis
793 575 927 631 cibis
956 570 1167 627 deditus
1198 577 1281 623 est
1305 608 1320 631 ,
1353 574 1632 637 postquam
1669 578 1804 617 ven-

222 655 357 735 trem
385 674 602 746 crapula
630 669 859 738 disrnpit
880 709 895 730 ,
930 680 996 720 ne
1039 678 1145 717 uno
1181 660 1396 731 quidem
1424 658 1510 712 die
1550 664 1725 726 potest
1750 655 1803 708 in

222 772 410 829 eadem
435 764 760 823 abundantia
810 770 1160 830 permanere;
1191 752 1285 809 sed
1318 752 1404 807 illa
1454 751 1506 804 in
1557 762 1808 817 vaporem

225 876 378 919 versa
401 902 416 925 ,
447 858 671 929 cogitur.
684 853 785 907 alia
813 862 1105 920 congerere
1123 887 1138 911 ,
1167 844 1405 914 nihilque
1433 839 1611 895 diﬂ’ert
1638 854 1666 892 a
1697 849 1809 891 tor—

227 963 396 1011 rente.
414 927 547 1006 Nam
577 941 1022 1017 quemadmodum
1053 939 1121 992 ibi
1152 937 1331 1007 priore
1377 932 1663 989 ret-edente
1709 927 1812 982 flu-

227 1054 337 1111 ctu,
367 1044 460 1098 alii
492 1054 679 1097 rursus
710 1038 945 1099 instant,
976 1034 1054 1086 sic
1098 1042 1152 1086 et
1198 1043 1296 1084 nos
1345 1027 1450 1082 alio
1494 1036 1610 1094 post
1650 1024 1811 1077 alium

230 1136 349 1190 cibo
380 1132 700 1201 indigemus.
746 1122 1062 1194 llujusmodi
1095 1128 1176 1174 cst
1209 1132 1387 1173 rerum
1429 1115 1586 1186 hujus
1634 1113 1813 1168 sa'culi

231 1235 462 1287 natura;
495 1232 780 1289 numquam
810 1222 993 1280 stant,
1030 1209 1123 1265 sed
1153 1224 1365 1278 semper
1392 1205 1562 1260 ﬂuunt
1604 1213 1660 1259 et
1705 1214 1814 1255 tra-

232 1316 454 1372 huntur.
488 1310 703 1367 Deliciae
746 1320 876 1361 vero
904 1303 1146 1357 ciborum
1192 1314 1295 1353 non
1347 1295 1508 1352 modo
1552 1295 1723 1349 ﬂuunt
1765 1302 1819 1347 et

239 1408 682 1477 pmtercurrnnt,
711 1396 804 1452 sed
830 1394 994 1451 multa
1020 1391 1172 1447 nobis
1199 1389 1301 1443 alia
1323 1386 1530 1457 negotia
1552 1386 1816 1455 ingerunt.

235 1499 368 1552 Dum
415 1495 557 1551 enim
586 1506 708 1546 cum
736 1489 937 1557 impetu
966 1482 1216 1538 difﬂuunt
1237 1521 1253 1547 ,
1287 1488 1397 1533 tum
1427 1477 1591 1532 robur
1620 1488 1817 1543 corpo-

235 1593 330 1659 ris,
358 1600 472 1644 tum
504 1588 697 1641 animae
724 1584 973 1639 virtutem
1005 1576 1320 1633 abstrahunt
1353 1592 1366 1628 :
1401 1587 1575 1644 neque
1602 1572 1672 1625 ita
1699 1570 1819 1624 vio-

238 1682 365 1737 lenti
399 1678 678 1734 ﬂuminum
718 1673 909 1729 ﬂuctus
953 1672 1096 1739 ripas
1126 1666 1386 1723 excedere
1411 1665 1588 1719 solent
1615 1704 1629 1728 ,
1659 1671 1719 1716 ut
1744 1660 1824 1716 ci-

239 1774 430 1829 borum
477 1769 685 1824 deliciae
715 1762 1036 1820 valetudinis
1082 1759 1425 1814 fundamenta
1456 1770 1640 1811 secum
1685 1752 1816 1808 sub-

240 1864 477 1919 trahunt.
527 1859 584 1915 Si
626 1857 890 1914 medicum
917 1853 1079 1907 adeas
1108 1861 1162 1905 et
1212 1848 1537 1920 perconteris
1561 1886 1576 1910 ,
1609 1858 1825 1898 omnem

241 1955 551 2011 morborum
594 1963 807 2004 causam
851 1945 974 1999 hinc
1006 1942 1219 2015 prodire
1246 1940 1441 1993 disces.
1486 1936 1618 1991 Nam
1651 1934 1826 1988 tenuis

245 2059 295 2100 ct
337 2046 459 2098 vilis
500 2056 727 2104 mensa,
764 2034 1080 2091 valetudinis
1121 2042 1290 2086 mater
1319 2038 1419 2085 est.
1469 2026 1593 2083 ideo
1635 2023 1826 2079 medici

247 2142 325 2193 sic
369 2138 515 2190 illam
568 2139 841 2188 vocarunt.
876 2128 993 2183 Non
1024 2125 1205 2180 satiari
1248 2122 1298 2178 id
1349 2120 1702 2176 valetudinem
1731 2130 1826 2170 vo-

244 2237 366 2281 rant
392 2247 405 2280 ς
439 2222 557 2279 Cibi
586 2223 729 2277 enim
762 2219 990 2290 parcitas
1012 2258 1028 2283 ,
1059 2216 1298 2277 sanitas;
1344 2210 1562 2279 frugalis
1597 2220 1783 2261 mensa
1811 2246 1826 2268 ,

246 2330 415 2373 mater
436 2312 781 2376 valetudinis,
815 2310 1077 2380 inquiunt.
1106 2303 1259 2372 Quod
1286 2303 1331 2358 si
1360 2301 1634 2372 frugalitas
1661 2310 1831 2352 mater

244 2419 331 2465 est
372 2404 694 2463 valetudinis
718 2445 734 2469 ,
768 2403 925 2472 plane
970 2399 1185 2455 satietas
1223 2403 1393 2451 mater
1431 2401 1514 2448 est
1561 2389 1732 2445 morbi
1777 2397 1833 2444 et

247 2499 614 2556 infirmitatis:
650 2495 895 2567 paritque
935 2489 1276 2563 aegritudines
1302 2488 1471 2557 ipsam
1502 2482 1831 2539 medicorum

246 2601 416 2646 artem
466 2598 819 2659 superantes;
851 2583 1044 2654 pedum
1070 2624 1085 2649 ,
1113 2579 1301 2649 capitis
1324 2619 1340 2643 ,
1374 2576 1650 2631 oculorum
1672 2613 1687 2637 ,
1721 2587 1833 2627 ma-

248 2700 409 2739 nuum
443 2683 662 2738 morbos
683 2722 699 2748 ,
732 2689 991 2733 tremores
1017 2718 1032 2743 ,
1062 2672 1324 2745 paralysin
1346 2711 1361 2733 ,
1390 2670 1591 2722 icteron
1612 2706 1628 2732 ,
1659 2663 1833 2719 febres

249 2778 533 2832 diuturnas
579 2785 633 2830 et
680 2772 968 2833 ardentes,
1013 2768 1226 2836 aliaque
1280 2763 1436 2832 longe
1483 2760 1670 2830 plura,
1714 2770 1834 2827 qute

250 2882 535 2924 recensere
577 2880 684 2921 non
729 2874 879 2917 vacat
911 2881 925 2918 :
975 2860 1085 2914 lna-c
1114 2875 1216 2912 non
1247 2872 1314 2910 ex
1364 2850 1655 2923 indigentia
1678 2890 1694 2917 ,
1728 2862 1829 2903 nec

1249 271 1314 326 IN
1362 265 1674 326 JOANNEM
1716 266 1940 323 llOMlL
1989 264 2178 321 XXIII.
2219 265 2287 320 al.
2332 261 2501 320 XXll.

3401 245 3498 318 tas

1915 396 1979 433 ex
2012 375 2390 448 philosophice
2434 375 2576 429 victu
2604 414 2620 441 ,
2663 372 2757 428 sul
2784 387 2847 427 ex
2895 372 3140 427 satietate
3186 382 3240 428 et
3279 383 3496 445 crapula

1908 480 2253 541 generantur.
2287 466 2437 536 Quod
2469 467 2514 522 si
2549 466 2681 521 velis
2710 465 2836 521 hinc
2872 475 3020 521 ortos
3044 465 3236 521 animae
3280 467 3499 521 morbos

1910 562 2195 633 explorare
2221 602 2237 627 ,
2267 558 2639 630 deprehendes
2668 554 2792 613 inde
2838 558 2983 612 nasci
3014 557 3292 612 avaritiam
3317 598 3336 625 ,
3367 558 3501 611 mul-

1913 651 2081 717 litiem
2109 691 2124 716 ,
2148 659 2318 704 atram
2348 648 2508 703 bilem
2538 688 2552 711 ,
2578 646 2843 718 pigritiam
2867 688 2883 713 ,
2914 646 3186 702 libidinem
3212 689 3228 713 ,
3259 662 3502 703 omnem-

1913 760 2019 815 que
2065 743 2440 815 ignorantiam.
2494 740 2590 796 llis
2626 739 2922 811 gaudentes
2947 739 3148 794 mensis
3174 719 3367 795 anima:
3394 757 3445 795 Ill
3469 757 3502 794 ιι

1916 839 2080 893 asinis
2109 837 2357 892 meliores
2391 834 2624 888 evadunt
2645 873 2662 899 ,
2693 848 2814 903 quae
2842 846 2871 884 a
2916 832 3108 885 talilms
3139 832 3268 885 feris
3305 832 3506 887 discer-

1920 941 2131 999 pantnr.
2168 928 2275 983 Nec
2308 927 2495 981 tacebo
2520 937 2574 980 et
2597 923 2807 979 fastidia
2836 924 3030 994 quibus
3059 922 3276 978 obnoxii
3305 935 3429 978 sunt
3468 925 3503 978 ii

1919 1022 2007 1090 qui
2057 1035 2115 1075 se
2146 1020 2269 1074 huic
2310 1018 2567 1073 addixere
2598 1016 2786 1071 morbo
2807 1057 2823 1081 ,
2856 1031 2973 1086 qua:
3001 1014 3180 1069 omnia
3219 1029 3506 1070 recensete

1920 1130 2024 1167 non
2056 1127 2339 1183 possumus
2365 1128 2380 1165 :
2411 1125 2575 1166 unum
2601 1107 2744 1180 quod
2766 1117 2845 1163 est
2871 1118 3031 1177 caput
3055 1107 3294 1162 omnium
3326 1106 3511 1161 decla-

1923 1208 2073 1258 rabo.
2110 1203 2272 1258 Lauta
2303 1218 2485 1257 mensa
2507 1243 2522 1268 ,
2552 1201 2619 1256 de
2647 1215 2749 1271 qua
2776 1200 3042 1268 loquimur
3064 1238 3082 1266 ,
3115 1213 3401 1269 numquam
3434 1198 3509 1253 illi

1922 1312 2042 1351 cum
2068 1297 2339 1365 voluptate
2367 1294 2637 1349 fruuntur.
2671 1292 2967 1363 Frugalitas
2998 1292 3195 1361 quippe
3217 1302 3273 1345 ttt
3298 1290 3507 1345 valetu-

1923 1388 2065 1441 dinis
2089 1427 2105 1452 ,
2136 1387 2206 1439 ita
2235 1394 2289 1439 et
2316 1384 2600 1454 voluptatis
2651 1394 2821 1438 mater
2845 1391 2925 1436 est
2949 1398 2964 1447 ;
2996 1383 3214 1435 satietas
3258 1396 3387 1436 vero
3407 1423 3424 1447 ,
3453 1389 3512 1435 ιιι

1925 1479 2233 1531 morborum
2261 1516 2276 1542 ,
2308 1475 2380 1530 ita
2425 1474 2623 1531 fastidii
2657 1473 2774 1527 fons
2814 1482 2896 1528 est
2939 1481 2994 1526 et
3037 1472 3208 1526 radix.
3257 1471 3389 1541 Nam
3416 1472 3504 1526 ubi

1924 1568 2142 1623 satietas
2169 1576 2284 1633 est,
2312 1567 2381 1621 ibi
2413 1564 2840 1635 concupiscentia
2870 1577 2993 1618 esse
3013 1564 3194 1633 nequit
3219 1579 3232 1615 :
3267 1562 3356 1617 ubi
3385 1577 3514 1617 vero

1926 1659 2359 1727 concupiscentia
2389 1674 2494 1712 non
2522 1667 2605 1712 est
2629 1698 2644 1721 ,
2678 1656 2946 1726 quomodo
2972 1656 3214 1725 voluptas
3239 1669 3361 1710 esse
3390 1670 3514 1724 pos-

1928 1751 2040 1804 sit?
2093 1751 2212 1805 Ideo
2245 1766 2350 1804 non
2401 1750 2562 1804 modo
2594 1748 2965 1817 prudentiores
2994 1757 3046 1802 et
3075 1748 3398 1802 valentiores
3426 1748 3513 1802 di-

1928 1844 2124 1897 vitibus
2150 1857 2413 1912 pauperes
2449 1840 2692 1896 videmus
2713 1881 2727 1905 ,
2756 1838 2850 1894 sed
2897 1838 3084 1909 majori
3116 1838 3295 1892 lzetitia
3337 1837 3514 1893 fruen-

1931 1944 2030 1990 tes.
2078 1934 2208 2001 Qute
2256 1933 2433 1988 omnia
2479 1933 2772 2002 cogitantes
2822 1931 3134 1984 ebrietatem
3188 1928 3517 1999 deliciasque

1932 2024 2235 2095 fugiamus;
2270 2038 2374 2079 non
2418 2037 2619 2077 mensa:
2651 2032 2854 2075 tantum
2880 2019 3103 2074 delicias
3128 2062 3141 2084 ,
3170 2019 3266 2075 sed
3302 2028 3359 2073 ct
3380 2020 3521 2073 alias

1931 2129 2159 2179 omnes,
2187 2130 2305 2184 qua:
2350 2114 2402 2168 in
2436 2113 2594 2168 rebus
2638 2110 2980 2166 Saecularibus
3024 2109 3209 2165 haberi
3252 2120 3517 2180 possunt;

1932 2220 2223 2273 earumque
2250 2204 2371 2259 loco
2396 2186 2729 2273 spiritualem
2757 2200 3129 2257 nanciscemur
3153 2200 3477 2270 voluptatem
3499 2240 3516 2261 ,

1932 2305 1988 2352 et
2031 2296 2420 2352 delectabimur
2449 2296 2501 2350 iu
2549 2295 2774 2349 Domino
2818 2297 3111 2350 secundum
3159 2294 3517 2365 prophetam,

1933 2392 2022 2462 qui
2051 2391 2181 2446 dicit
2210 2409 2225 2446 :
2276 2388 2538 2444 Delectare
2566 2390 2616 2443 in
2644 2387 2865 2442 Domino
2887 2429 2904 2455 ,
2933 2397 2978 2442 et
3006 2386 3088 2442 det
3129 2387 3216 2441 tibi
3255 2388 3523 2459 petitiones

1934 2482 2099 2536 cordis
2124 2483 2197 2536 tui
2223 2481 2243 2554 (
2267 2481 2409 2535 Paul.
2442 2482 2529 2536 56.
2563 2480 2627 2553 4)
2650 2498 2665 2545 ;
2695 2491 2750 2533 ιιι
2776 2490 2829 2535 et
2871 2480 3223 2549 prtesentibns
3251 2488 3305 2534 et
3332 2479 3522 2533 futuris

1937 2571 2175 2627 fruamur
2217 2572 2370 2626 bonis
2396 2613 2412 2638 ,
2439 2571 2609 2641 gratia
2637 2581 2690 2625 et
2733 2570 3061 2640 benignitate
3108 2569 3316 2624 Domini
3349 2568 3520 2623 nostri

1935 2665 2062 2720 .lesu
2096 2664 2291 2720 Christi
2318 2705 2333 2728 ,
2361 2679 2456 2733 per
2481 2678 2638 2733 quem
2666 2672 2718 2717 et
2761 2676 2881 2716 cum
2907 2675 3014 2731 quo
3042 2661 3183 2716 Patri
3213 2659 3380 2731 gloria
3401 2701 3418 2723 ,
3448 2658 3524 2712 si-

1938 2758 2152 2827 nmlque
2178 2764 2364 2811 sancto
2389 2754 2628 2825 Spiritui,
2662 2753 2714 2808 in
2740 2753 2933 2808 secula
2961 2752 3297 2807 steculorutn.
3325 2751 3519 2807 Amen.

253 2967 3506 3014 -___________________________———————————————-———-

1586 3052 1934 3118 HOMILIA
1978 3050 2220 3112 XXIII.

358 3221 444 3275 II.
492 3216 603 3273 Hoc
632 3215 747 3287 fecit
777 3213 974 3267 initium
1028 3209 1287 3280 signorum
1311 3202 1461 3256 Jcsttt
1505 3201 1557 3253 in
1588 3196 1728 3253 Caua

919 3301 1163 3356 (-‘ulilwm

330 3492 383 3545 l.
399 3487 761 3543 Vehementer
775 3482 937 3535 instat
953 3474 1215 3539 diabolus,
1229 3483 1280 3528 et
1298 3470 1452 3526 saluti
1470 3475 1664 3522 nostra:
1682 3464 1839 3519 undi-

259 3596 365 3651 que
412 3576 716 3633 insidiatur.
764 3567 1095 3641 Vigilandnm
1150 3565 1344 3632 itaque,
1380 3570 1434 3615 et
1464 3557 1699 3627 undique
1741 3554 1840 3624 ipsi

261 3646 437 3726 aditus
460 3662 897 3723 intercludendus
923 3670 1024 3714 est.
1076 3655 1208 3710 Nam
1243 3653 1286 3708 si
1317 3652 1399 3706 vel
1435 3662 1650 3719 parvam
1690 3646 1843 3699 inve-

261 3763 399 3817 nerit
421 3757 781 3816 occasionem,
805 3752 969 3806 latum
1005 3747 1105 3803 sibi
1130 3753 1312 3815 postea
1339 3737 1613 3811 apparabit
1642 3736 1846 3805 ingres-

261 3869 401 3917 sum,
427 3858 485 3906 et
523 3848 629 3903 vim
665 3859 816 3899 suam
842 3849 1007 3896 totam
1049 3835 1301 3910 paulatim
1331 3832 1565 3885 inducet.
1590 3826 1647 3881 Si
1668 3827 1846 3894 itaque

263 3941 451 3997 salutis
481 3948 679 3993 nostra:
724 3935 953 4005 aliqum
1007 3928 1265 3983 rationem
1315 3922 1647 3983 habeamus,
1694 3932 1760 3971 ne
1791 3917 1842 3970 in

267 4034 443 4105 parvis
468 4029 685 4104 quidem
715 4027 873 4082 rebus
912 4024 1083 4095 ipsum
1116 4017 1371 4074 accedere
1391 4015 1646 4072 sinatnns,
1666 4019 1723 4063 ut
1755 4022 1848 4077 per

266 4100 379 4180 hate
402 4100 694 4192 majoribus
714 4127 1078 4172 occurramus.
1097 4109 1228 4165 Nam
1257 4116 1509 4162 extremm
1532 4103 1629 4157 insi
1639 4100 1850 4170 pientim

266 4226 431 4280 esset,
462 4189 510 4269 si
536 4212 663 4268 dum
693 4218 895 4265 tantam
926 4205 1013 4259 ille
1038 4199 1364 4271 diligentiam
1388 4194 1622 4257 adhibet,
1654 4202 1705 4244 ut
1737 4189 1854 4243 ani—

269 4322 410 4365 mam
436 4304 631 4377 perdat
662 4310 921 4365 nostram,
948 4310 1046 4351 nos
1073 4308 1171 4365 pro
1191 4291 1363 4346 salute
1405 4297 1583 4340 nostra
1618 4299 1721 4337 non
1753 4297 1850 4350 pa-

269 4414 383 4456 rem
406 4374 758 4457 adhibeamus
787 4388 1225 4446 sollicitudinem.
1269 4382 1393 4436 Haec
1418 4395 1446 4432 a
1479 4392 1564 4430 me
1605 4390 1710 4429 non
1737 4374 1853 4427 sine

270 4504 428 4545 causa
454 4488 597 4542 dicta
641 4493 787 4548 sunt,
805 4482 897 4537 sed
919 4480 1040 4550 quia
1079 4479 1240 4532 timeo
1268 4489 1336 4528 ne
1382 4472 1434 4525 in
1479 4467 1652 4524 media
1706 4462 1855 4518 caula

272 4596 411 4638 nunc
433 4582 524 4637 ille
555 4580 713 4649 lupus
739 4576 913 4629 adstct
939 4571 1195 4632 occultus,
1228 4578 1487 4634 ovemque
1514 4559 1704 4629 rapiat,
1737 4570 1856 4626 qua:

272 4692 329 4731 se
358 4674 444 4730 vel
489 4688 560 4728 ex
595 4669 820 4741 segnitie
847 4667 933 4721 vel
962 4663 1087 4718 dolo
1128 4661 1268 4715 malo
1294 4674 1321 4712 a
1355 4670 1514 4726 grege
1552 4651 1855 4705 auditorum

270 4766 583 4823 stnnovcrit.
612 4761 746 4818 Nam
771 4760 991 4814 vulnera
1022 4755 1065 4809 si
1087 4752 1187 4808 sub
1210 4764 1426 4805 sensum
1455 4744 1729 4805 caderent,
1768 4748 1861 4795 aut

273 5053 373 5108 est,
406 5043 633 5111 ipsaque
664 5032 972 5089 vulneribus
999 5025 1324 5091 confoditur,
1355 5020 1521 5076 multa
1551 5017 1706 5073 nobis
1729 5027 1863 5083 Opus

272 5105 368 5191 est—
394 5105 703 5202 vigilantia,
744 5134 803 5181 ut
844 5123 1207 5193 unusquisque
1245 5130 1364 5171 sese
1392 5112 1654 5183 exploret.
1699 5105 1864 5163 Nemo

275 5229 405 5281 enim
433 5223 572 5279 novit
599 5237 661 5274 ea
685 5234 799 5288 qua:
817 5223 934 5273 sunt
961 5211 1175 5266 hominis
1191 5252 1206 5277 ,
1228 5218 1285 5261 ut
1311 5207 1521 5275 spiritus
1542 5199 1758 5255 hominis
1781 5198 1867 5266 qui

275 5320 325 5373 in
355 5321 468 5389 ipso
497 5324 571 5370 est
596 5313 677 5386 (Ι.
706 5310 825 5366 Cor.
852 5308 907 5362 2.
941 5304 1054 5375 ll).
1078 5302 1259 5357 Oratio
1283 5298 1423 5352 enim
1447 5294 1511 5348 ad
1533 5305 1720 5347 omnes
1749 5304 1870 5356 per-

277 5378 442 5473 vadit,
474 5416 531 5461 et
558 5378 850 5458 commune
875 5396 1124 5450 omnibus
1143 5391 1295 5446 offert
1321 5384 1614 5442 remedium
1641 5399 1655 5435 :
1680 5380 1771 5434 sed
1801 5378 1868 5431 ad

280 5468 523 5570 singulos
555 5491 831 5548 auditores
865 5485 1094 5557 pertinet
1128 5482 1215 5537 illa
1241 5479 1505 5547 accipere,
1536 5486 1654 5543 qua:
1684 5468 1871 5523 morbo

281 5559 391 5644 sui;
425 5581 761 5658 depellendo
786 5586 910 5633 sunt
935 5571 1303 5644 congruentia.
1338 5566 1533 5637 Egros
1580 5578 1682 5617 non
1722 5559 1867 5621 novi,

292 5698 382 5739 nec
406 5655 551 5739 bene
580 5678 842 5731 valentes.
874 5667 996 5726 ideo
1022 5666 1087 5722 de
1115 5664 1274 5721 rebus
1302 5658 1547 5716 onmibus
1571 5655 1780 5726 loquor,
1810 5666 1869 5704 ea

1945 3207 2063 3262 qum
2109 3192 2269 3245 animi
2325 3191 2525 3246 morbis
2566 3190 2788 3261 singulis
2846 3189 3231 3260 competant':
3264 3189 3423 3245 modo
3460 3188 3530 3244 de

1945 3283 2185 3348 avaritia,
2218 3299 2339 3337 mox
2371 3282 2437 3336 de
2479 3297 2677 3336 mensa:
2704 3281 2932 3347 deliciis,
2967 3280 3092 3336 hinc
3134 3280 3408 3336 libidinem
3436 3297 3526 3351 ag.

1945 3374 2159 3445 gredior
2192 3392 2205 3427 :
2241 3381 2424 3444 postea
2454 3389 2580 3425 Vero
2605 3374 3001 3444 elecmosyuam
3036 3370 3215 3435 laudo,
3261 3370 3328 3425 ad
3359 3371 3531 3425 ill:nn-

1947 3481 2050 3539 que
2084 3464 2406 3534 erogandam
2455 3462 2661 3526 hortor,
2722 3460 2844 3515 hinc
2870 3461 3129 3514 bonorum
3168 3475 3390 3530 operum
3422 3459 3529 3513 alia

1949 3570 2164 3626 genera.
2186 3554 2372 3607 Timeo
2403 3552 2543 3606 enim
2578 3567 2641 3605 ne
2666 3550 2791 3603 dum
2826 3550 2914 3602 uni
2965 3550 3154 3603 morbo
3182 3549 3422 3603 curando
3454 3547 3534 3601 in-

1950 3646 2165 3712 cumbo,
2195 3645 2281 3699 alii
2307 3643 2604 3698 remedium
2634 3642 2873 3704 afferam,
2900 3639 3026 3695 dum
3053 3654 3149 3695 vos
3177 3640 3297 3695 aliis
3322 3641 3536 3709 a-grltu-

1952 3737 2167 3792 dinihus
2208 3734 2459 3790 laboratis
2486 3735 2527 3788 ’.
2561 3732 2615 3789 Si
2648 3747 2784 3787 unus
2828 3741 3031 3786 tantum
3063 3731 3147 3785 hic
3167 3731 3266 3786 ade
3297 3741 3399 3798 set,
3425 3746 3531 3785 non

1955 3828 2311 3884 necessarium
2339 3824 2589 3880 ducerem
2619 3823 2959 3893 multiplicem
2985 3822 3183 3877 habere
3212 3836 3534 3877 sermOnent.

1954 3920 2087 3989 Quia
2118 3934 2246 3973 vero
2284 3918 2335 3972 in
2369 3925 2512 3971 tanta
2560 3914 2898 3969 multitudine
2939 3914 3133 3967 multos
3172 3927 3291 3966 esse
3318 3913 3536 3966 nnrrbos

1956 4006 2245 4065 verisimile
2267 4019 2367 4069 est,
2401 4024 2504 4061 non
2546 4010 2661 4061 sine
2708 4021 2867 4060 causa
2897 4004 3193 4056 doctrinam
3226 4004 3490 4056 variamus
3521 4019 3539 4058 :

1957 4115 2138 4156 sermo
2162 4099 2358 4169 quippe
2386 4098 2437 4150 in
2464 4110 2651 4150 omnes
2672 4095 2898 4159 effusus,
2932 4108 3080 4146 suam
3099 4101 3243 4147 certe
3258 4092 3539 4146 utilitatem

1958 4193 2194 4249 habebit.
2217 4190 2447 4260 Ideoque
2479 4188 2752 4258 Scriptura
2786 4188 2896 4255 ipsa
2924 4185 3067 4238 varia
3100 4191 3206 4247 est,
3238 4199 3300 4239 ac
3329 4183 3398 4239 de
3423 4197 3543 4238 Sex-

1960 4284 2132 4341 centis
2157 4284 2318 4338 rebus
2346 4279 2613 4345 edisserit,
2646 4277 2769 4349 quia
2800 4278 2864 4331 ad
2895 4289 3236 4331 communem
3266 4274 3540 4330 hominum

1964 4386 2204 4432 naturam
2231 4388 2534 4430 sermonem
2565 4370 2764 4440 dirigit.
2787 4369 2842 4424 ln
2877 4377 3020 4423 tanta
3048 4382 3180 4423 vero
3206 4367 3545 4422 multitudine

1963 4482 2185 4523 necesse
2235 4477 2317 4522 est
2344 4480 2532 4522 omnes
2559 4463 2719 4519 animi
2762 4460 2976 4517 morbos
3006 4459 3254 4531 reperiri,
3284 4459 3406 4515 licet
3437 4474 3542 4514 non

1964 4574 2152 4614 omnes
2181 4559 2232 4613 in
2261 4558 2468 4613 cunctis
2497 4555 2694 4610 adsint.
2721 4554 2812 4609 llis
2834 4554 3011 4622 itaque
3041 4567 3138 4606 nos
3163 4560 3545 4622 expurgantes,

1966 4650 2142 4705 divina
2172 4650 2332 4704 verba
2362 4665 2478 4718 qua:
2510 4646 2667 4701 hodie
2702 4645 2835 4699 lecta
2863 4652 2987 4697 sunt
3012 4643 3230 4697 intentis
3258 4641 3545 4696 admodum

1965 4743 2157 4798 animis
2184 4742 2204 4773 ³
2233 4741 2532 4796 audiamus.
2557 4739 2811 4806 Quamam
2859 4737 2947 4790 illa
2975 4735 3141 4791 sunt?
3173 4733 3284 4788 Hoc
3310 4735 3426 4807 fecit
3450 4734 3548 4788 ini-

1968 4835 2093 4889 tium
2139 4833 2402 4903 signorum
2452 4830 2604 4884 Iesus
2647 4830 2699 4882 in
2751 4828 2892 4881 Cana
2940 4824 3187 4880 σαιδιωω.
3222 4824 3338 4879 Dixi
3382 4839 3551 4893 nuper

1966 4923 2226 4995 quosdam
2251 4938 2357 4976 non
2390 4920 2490 4974 hoc
2517 4918 2725 4974 initium
2759 4932 2879 4971 esse
2901 4924 3108 4987 putare.
3133 4913 3269 4981 Quid
3292 4913 3457 4979 enim,
3474 4913 3552 4965 in-

2035 5102 2050 5133 ί
2090 5099 2158 5149 lta
2178 5106 2284 5148 Mss.
2308 5093 2450 5146 Savil.
2478 5096 2725 5156 habet,....
2744 5093 2928 5156 loquor,
2953 5099 2999 5141 et
3020 5088 3238 5156 onmilrtts
3259 5085 3556 5156 anintintor.

1973 5162 2043 5212 bis
2066 5146 2357 5210 curationem
2375 5158 2540 5219 affero,
2585 5146 2831 5205 κάτειπέ.
2854 5146 3038 5217 loquor,
3057 5148 3271 5201 mribus
3292 5146 3558 5200 hontiuilms

1972 5234 2240 5273 sermonem
2262 5217 2645 5269 occoriinrodans.

2037 5268 2077 5316 ³η
2092 5268 2435 5343 interpretatio
2458 5281 2617 5343 [atina
2631 5276 2867 5343 Francisei
2890 5272 3077 5343 Aretini
3100 5272 3172 5321 sic
3192 5270 3373 5343 habet:
3405 5268 3563 5337 Timeo

1974 5331 2104 5395 enini
2122 5331 2376 5407 nequando
2399 5339 2482 5391 uni
2503 5339 2635 5389 nobis
2657 5337 2820 5407 morbo
2842 5333 3135 5407 metmtibtw,
3160 5331 3263 5407 αρε.
3287 5344 3380 5393 quo
3402 5331 3559 5393 magis

1975 5392 2171 5462 laboret,
2194 5392 2621 5462 medicinamnnou
2660 5396 2937 5448 adhibeam.
2960 5401 3148 5462 festus
3181 5392 3381 5444 Grzecus
3410 5392 3560 5462 quem

1978 5466 2061 5518 ille
2086 5455 2226 5528 legit,
2251 5466 2313 5515 ab
2337 5461 2605 5528 i_l_lo_diﬂ‘er_t
2628 5472 2778 5525 quem
2804 5470 2893 5528 nos
2915 5455 3316 5528 adhibuirnus,_ut
3332 5461 3496 5528 patet.

2041 5513 2235 5594 δ’]νηῖιὰ
2253 5513 2392 5594 savil.
2420 5513 2682 5594 legendum
2706 5513 3096 5594 esset,_cotttt'ita
3124 5523 3302 5594 tuente.

1979 5599 2055 5639 tt’n
2077 5588 2117 5640 is
2135 5586 2398 5639 adrnodum
2419 5578 2609 5635 animis.
2628 5582 2719 5632 sed
2736 5581 2843 5631 haec
2866 5578 3011 5631 lectio
3031 5585 3196 5629 contra
3219 5578 3430 5633 omnium
3458 5584 3557 5626 tuas.

1980 5653 2121 5701 fidem
2148 5655 2343 5713 lugnat.
