4068 6136
504 335 617 396 159

508 453 740 516 quiunt,
771 444 813 499 si
841 443 1047 498 dicatur
1076 437 1127 493 id
1153 438 1220 493 de
1244 437 1389 492 Cana
1418 434 1649 491 Galiltete
1676 430 1918 488 tantum?
1972 442 2095 485 nam

511 540 559 598 ﬂ
578 556 635 596 ac
654 536 873 602 initium,
903 531 1093 604 inquit,
1113 530 1231 601 fecit
1256 531 1311 583 in
1336 528 1496 583 Caua.
1528 525 1641 597 Ego
1664 538 1795 580 vero
1822 523 1921 578 hac
1949 518 2015 577 de
2043 536 2100 575 re

514 649 626 689 non
657 627 927 685 curiosius
977 624 1303 689 edisseram;
1345 620 1439 675 sed
1483 618 1603 674 dico
1653 616 1825 688 ipsum
1864 622 1982 686 post
2008 613 2099 667 ba-

518 724 710 794 ptisma
739 720 887 790 signa
916 715 1080 774 edere
1099 714 1357 784 cmpisse;
1387 718 1511 765 ante
1539 709 1801 779 baptisma
1830 721 1957 761 vero
1977 707 2097 759 nul-

520 816 627 870 lum
651 813 863 876 fecisse,
893 810 1002 881 jam
1037 804 1448 862 declaravimus.
1480 799 1609 857 Sive
1632 808 1808 854 autem
1835 796 1958 861 hoc,
1988 795 2100 850 sive

521 906 664 962 aliud
694 912 813 977 post
841 902 1103 973 baptisma
1124 899 1351 969 primum
1370 897 1577 967 signum
1603 893 1778 959 fuerit,
1806 890 2101 961 disquirere

519 1015 629 1055 non
680 1010 857 1067 opera:
903 993 1137 1066 pretium
1187 1004 1308 1046 esse
1347 988 1617 1044 existimo.
1658 984 1725 1039 Et
1765 981 2102 1053 manifestarit

519 1089 735 1162 gloriam
754 1103 921 1142 suam.
948 1085 1064 1152 Quo
1086 1082 1244 1138 modo
1265 1090 1320 1137 et
1344 1094 1447 1151 qua
1470 1076 1719 1134 ratione?
1747 1074 1930 1146 Neque
1958 1073 2100 1129 enim

525 1182 673 1238 multi
718 1180 794 1235 rei
845 1187 1010 1249 gestas
1059 1174 1433 1238 attendebant,
1478 1171 1573 1227 sed
1605 1169 1833 1225 ministri
1874 1176 2100 1231 tantum,

518 1272 918 1328 architrielinus
959 1277 1012 1324 et
1039 1280 1288 1336 sponsus.
1316 1263 1594 1332 Quomodo
1623 1276 1751 1331 ergo
1798 1258 2103 1314 manifesta-

521 1361 834 1434 vitgloriatn
862 1360 1051 1417 suam?
1070 1358 1339 1427 Quantum
1368 1357 1421 1410 in
1450 1356 1565 1425 ipso
1585 1362 1720 1408 erat.
1753 1350 1904 1419 Quod
1931 1349 1974 1404 si
1997 1364 2102 1403 non

520 1465 670 1519 tunc,
698 1462 844 1508 certe
883 1460 1067 1522 postea
1093 1463 1283 1504 omnes
1306 1444 1625 1502 miraculum
1652 1441 1879 1498 audituri
1907 1448 2060 1495 erant
2088 1457 2101 1493 :

521 1559 645 1601 nam
671 1542 736 1598 ad
765 1542 866 1597 hoc
892 1555 1064 1610 usque
1093 1548 1303 1608 tempus
1327 1536 1648 1599 celebratur,
1669 1532 1931 1588 neelalet.
1954 1527 2105 1598 Quod

431 1670 435 1673 λ
522 1642 700 1689 autem
732 1631 823 1685 illo
853 1629 941 1684 die
970 1644 1074 1684 non
1103 1641 1293 1683 omnes
1324 1626 1374 1680 id
1393 1624 1659 1688 noverint,
1680 1638 1744 1678 ex
1765 1619 2106 1692 sequentibus

521 1725 697 1797 palam
721 1732 821 1778 est.
853 1721 1142 1790 Postquam
1183 1718 1326 1773 enim
1349 1717 1576 1781 dixerat,
1625 1712 1969 1784 Manifestavit
1997 1712 2109 1782 glo-

522 1817 654 1869 riam
676 1829 842 1875 suam,
865 1811 1104 1867 subdidit
1133 1826 1147 1863 :
1184 1807 1249 1863 Et
1277 1806 1600 1862 crediderunt
1628 1806 1680 1859 in
1712 1820 1827 1860 eum
1871 1803 2109 1873 discipuli

522 1916 653 1984 ejus,
680 1908 768 1979 qui
800 1906 946 1977 prius
973 1903 1323 1960 mirabantur.
1350 1900 1538 1957 Viden‘
1587 1907 1712 1954 tunc
1739 1897 1970 1953 maxime
2017 1911 2111 1951 ne.

523 1998 813 2056 cessarium
846 1995 1012 2050 fuisse
1061 2001 1119 2049 ut
1148 1989 1407 2047 miracula
1455 1984 1763 2053 ederentur,
1805 2002 1925 2041 cum
1956 1984 2109 2054 probi

523 2089 794 2158 homines,
827 2085 917 2156 qui
947 2083 1110 2139 dictis
1152 2080 1518 2147 attendebant,
1546 2077 1811 2133 aderant?
1857 2074 1922 2131 Hi
1967 2075 2109 2131 enim

526 2191 584 2236 et
612 2178 820 2234 facilius
840 2174 1095 2231 credituri
1123 2180 1298 2239 erant,
1320 2179 1375 2226 et
1387 2180 1536 2242 gesta
1564 2176 1813 2226 accurate
1856 2168 2110 2222 observa-

525 2273 653 2329 turi.
687 2273 750 2327 Et
771 2268 1043 2342 quomodo
1071 2278 1230 2322 notus
1257 2266 1443 2321 luisset
1477 2264 1593 2319 sine
1621 2260 1932 2316 miraculis?
1957 2259 2114 2315 Certe

527 2364 658 2420 satis
678 2370 832 2417 erant
854 2359 1118 2424 doctrina,
1148 2366 1202 2413 et
1231 2355 1508 2427 prophetia
1537 2369 1657 2409 cum
1684 2350 1944 2408 miraculo
1981 2364 2112 2405 cou-

525 2455 729 2527 juncta,
766 2460 823 2507 ut
869 2465 930 2505 ea
972 2450 1024 2505 iu
1068 2449 1370 2504 auditorum
1412 2447 1620 2501 animos
1656 2443 2006 2507 insinuarent,
2056 2448 2117 2496 ut

527 2545 635 2616 iam
665 2542 888 2606 assueti,
936 2540 1103 2613 gestis
1150 2539 1312 2594 rebus
1348 2552 1469 2592 cum
1515 2536 1705 2591 affectu
1756 2531 2112 2588 attenderem.

529 2635 655 2693 Ideo
675 2634 798 2690 alibi
816 2647 961 2703 smpe
981 2632 1167 2688 dicunt
1186 2630 1550 2700 evangelistm,
1570 2628 1739 2698 ipsum
1763 2642 1867 2681 non
1884 2624 2116 2679 edidisse

530 2728 702 2796 signa,
735 2731 951 2794 propter
984 2721 1259 2778 hominum
1311 2720 1523 2775 illorum
1558 2717 1985 2789 perversitatem.
2025 2713 2110 2768 l2.

530 2816 601 2873 Et
627 2826 738 2887 post
761 2815 867 2868 hac
884 2812 1138 2867 descendit
1163 2812 1216 2866 in
1234 2810 1559 2880 Capernaum
1584 2810 1692 2879 ipse
1717 2817 1763 2862 et
1785 2815 1946 2861 mater
1984 2806 2111 2875 ejus,

531 2917 583 2963 et
609 2913 815 2978 fratres,
847 2914 895 2959 et
920 2904 1156 2974 discipuli
1193 2904 1302 2974 ejus
1334 2917 1352 2956 :
1379 2911 1423 2956 et
1448 2902 1515 2954 ibi
1545 2908 1832 2954 manserunt
1864 2914 1964 2952 non
1989 2897 2120 2950 mul-

535 3001 599 3054 tis
624 2997 815 3052 diebus.
847 2995 957 3051 Cur
983 3010 1102 3050 cum
1131 3004 1306 3048 matre
1335 2992 1670 3063 Caperuaum
1721 2989 1908 3044 venit?
1936 2988 2120 3058 Neque

527 3090 677 3146 enim
706 3089 779 3143 ibi
830 3087 998 3141 ullum
1028 3084 1153 3140 fecit
1185 3083 1547 3146 miraculum;
1584 3095 1761 3151 neque
1796 3078 1944 3134 urbis
1968 3077 2121 3132 istius

534 3180 725 3237 incolae
748 3178 913 3248 probe
941 3191 1064 3247 erga
1093 3175 1240 3229 illum
1264 3173 1437 3228 affecti
1467 3181 1621 3228 erant
1650 3190 1662 3225 :
1695 3169 1788 3226 sed
1833 3168 2120 3224 admodum

534 3271 799 3340 corrupti.
841 3267 1084 3336 llludque
1113 3266 1356 3321 Christus
1383 3262 1703 3334 significavit
1725 3261 1909 3315 dicens
1938 3278 1951 3314 :
1977 3259 2044 3312 Et
2070 3268 2124 3313 tu

539 3365 859 3433 Caperuaum
886 3375 1039 3431 usque
1062 3358 1130 3411 ad
1156 3357 1335 3412 caelum
1377 3358 1509 3411 elata
1528 3398 1543 3421 ,
1576 3371 1732 3425 usque
1758 3354 1825 3408 ad
1870 3352 2125 3423 infernum

538 3456 838 3527 deprimatis
863 3453 1017 3527 (Luc.
1046 3452 1134 3519 10,
1171 3452 1280 3521 15).
1307 3449 1414 3506 Cur
1436 3448 1673 3519 ergoillo
1696 3462 1756 3503 se
1781 3443 2026 3502 confert?
2056 3443 2127 3499 Ut

544 3549 669 3619 mihi
701 3547 916 3618 quidem
941 3544 1175 3608 videtur,
1203 3542 1325 3612 quia
1349 3540 1509 3611 paulo
1544 3548 1667 3609 post
1693 3539 1862 3593 iturus
1890 3543 2006 3590 erat
2034 3533 2125 3589 Je-

540 3642 887 3712 rosolymam,
940 3638 1060 3693 ideo
1097 3646 1221 3691 tunc
1258 3634 1408 3698 abiit,
1455 3647 1523 3687 ne
1576 3640 1805 3685 matrem
1834 3637 1889 3683 et
1936 3627 2127 3682 fratres

542 3736 740 3803 ubique
760 3747 940 3788 secum
966 3730 1222 3785 traheret.
1252 3727 1454 3782 Abiens
1485 3725 1644 3795 igitur
1679 3723 1892 3792 illicquc
1918 3721 1972 3775 in
2016 3734 2129 3773 ma-

549 3827 643 3883 tris
672 3824 928 3879 bouorcm
960 3821 1176 3891 paulum
1228 3826 1610 3881 commoratus,
1655 3813 1848 3869 iterum
1876 3807 2128 3865 miracula

541 3914 868 3988 aggreditur,
891 3927 1015 3967 eum
1044 3911 1188 3966 illam
1210 3907 1282 3963 ibi
1305 3906 1624 3977 reliquisset.
1655 3903 1780 3959 Ideo
1808 3901 1937 3956 dicit
1957 3900 2129 3969 ipsum

547 4023 653 4062 non
678 4005 858 4074 paucis
872 4002 1064 4072 elapsis
1079 3999 1265 4057 diebus
1277 3997 1454 4068 (Joan.
1473 3996 1530 4049 2.
1558 3995 1667 4065 l3),
1690 3993 1902 4049 venisse
1916 3990 2135 4047 Jeroso—

549 4098 768 4169 lymam.
789 4092 976 4149 Paucis
993 4106 1119 4163 ergo
1138 4098 1262 4144 ante
1284 4087 1484 4143 Pascha
1506 4086 1693 4141 diebus
1713 4083 2007 4154 baptizatus
2024 4089 2129 4137 est.

553 4190 621 4244 Et
644 4187 993 4259 Jerosolymae
1020 4182 1145 4255 quid
1177 4181 1316 4253 agit?
1358 4181 1492 4236 Rem
1530 4193 1736 4249 magnae
1778 4174 2129 4231 auctoritatis.

550 4279 682 4336 Nam
701 4278 1056 4350 negotiatores
1072 4274 1212 4338 illos,
1227 4270 1628 4334 nummularius,
1646 4281 1740 4325 eos
1757 4268 1844 4339 qui
1861 4265 2135 4322 columbas

555 4370 860 4428 vendebant
886 4378 941 4425 et
959 4368 1126 4424 boves
1146 4375 1201 4423 et
1216 4380 1362 4432 oves,
1384 4363 1610 4435 ideoque
1636 4362 1743 4418 illic
1764 4360 2130 4421 versabantur,

547 4464 729 4535 t-jecil.

623 4551 678 4606 2.
701 4554 849 4609 Alius
863 4559 1042 4606 autem
1059 4546 1380 4619 evangelista
1401 4544 1609 4616 (Matth.
1626 4542 1714 4597 2|.
1737 4543 1821 4597 l5.
1838 4551 1885 4596 et
1901 4541 1996 4613 at.)
2015 4556 2140 4596 nar-

551 4656 636 4701 rat
674 4644 976 4715 ejicientem
1024 4639 1173 4695 illum
1224 4637 1446 4701 dixisse,
1489 4634 1664 4688 Nolite
1698 4631 1871 4687 facere
1921 4632 2136 4687 domum

557 4736 731 4792 Patris
772 4733 875 4789 mei
916 4729 1224 4801 speluncam
1268 4727 1566 4788 latronum;
1599 4723 1685 4777 hic
1715 4736 1840 4777 vero
1868 4721 2014 4789 dicit,
2054 4722 2136 4776 t6.

558 4828 779 4884 Domum
798 4820 1146 4894 negotiationis
1166 4835 1185 4874 :
1202 4834 1308 4874 non
1328 4814 1589 4872 contraria
1613 4813 1912 4885 loquentes,
1935 4811 2028 4868 sed
2046 4810 2143 4868 de—

559 4924 921 4975 monstrantes
946 4913 1115 4982 ipsum
1143 4910 1197 4967 id
1226 4911 1308 4967 bis
1336 4909 1555 4975 fecisse,
1584 4916 1641 4962 et
1666 4907 1780 4962 haec
1809 4921 1914 4961 non
1945 4906 2135 4962 eodem

553 5019 702 5080 gesta
722 5016 960 5073 tempore
979 5002 1163 5071 fuisse,
1186 5003 1281 5059 sed
1303 5010 1357 5057 et
1382 5015 1521 5056 nunc
1550 5000 1698 5054 initio
1726 4998 2137 5070 praedicationis,

553 5112 716 5171 atque
751 5097 911 5153 etiam
944 5110 1064 5152 cum
1094 5094 1162 5150 ad
1194 5095 1492 5165 passionem
1519 5091 1868 5167 pervenisset.
1902 5089 2142 5159 Quapro-

556 5204 675 5264 pter
695 5189 1186 5247 vehementioribus
1201 5202 1329 5243 usus
1352 5185 1548 5252 verbis,
1565 5185 1873 5254 speluncam
1893 5183 2098 5239 vocavit
2125 5201 2138 5237 :

563 5301 668 5342 non
706 5286 834 5341 item
865 5296 1009 5340 nunc
1033 5282 1205 5349 initio,
1255 5278 1353 5337 sed
1379 5277 1738 5334 moderatiore
1779 5277 2141 5347 increpatione

559 5378 766 5431 utitur:
814 5375 954 5431 unde
977 5373 1264 5431 verisimile
1312 5372 1383 5426 sit
1429 5370 1656 5441 idipsum
1705 5369 1786 5425 bis
1831 5369 2041 5424 fecisse.
2079 5369 2142 5423 Et

558 5484 675 5535 cur,
707 5467 937 5538 inquies,
968 5467 1021 5523 id
1042 5468 1284 5524 Christus
1308 5475 1363 5523 et
1389 5479 1508 5521 cum
1534 5472 1676 5520 tanta
1701 5463 2034 5519 vehementia
2060 5463 2140 5519 fe-

562 5560 654 5626 cit.
677 5568 869 5627 quanta
899 5574 1158 5634 nusquam
1175 5573 1332 5629 agere
1344 5555 1784 5627 deprehenditur,
1800 5564 1854 5610 et
1882 5553 1996 5609 haec
2021 5570 2140 5610 cum

563 5649 898 5708 motumcliis
951 5658 1005 5705 et
1056 5650 1310 5705 conviciis
1357 5647 1619 5714 affectus,
1676 5646 2043 5703 Samaritanus
2090 5656 2144 5701 et

564 5742 924 5798 dwmoniacus
967 5737 1035 5794 ab
1070 5738 1168 5794 illis
1210 5740 1531 5796 vocaretur?
1574 5739 1756 5811 Neque
1782 5738 1922 5795 enim
1964 5738 2139 5795 verbis

1246 327 1301 381 S.
1333 320 1609 380 JOANNIS
1644 314 2115 377 CHRYSOSTOMI
2144 315 2461 374 ARClllEP.
2492 318 3024 383 CONSTANTINOP.

2210 438 2510 499 contentus,
2530 449 2650 490 eum
2671 435 2878 507 flagello
2897 438 3057 493 etiam
3080 437 3199 494 illos
3218 439 3441 509 expulit.
3464 440 3654 511 Judaei,
3669 460 3794 503 cum

2207 521 2325 579 aliis
2377 522 2695 581 beneficium
2739 527 3032 594 confertur,
3078 539 3329 586 accusant
3372 540 3426 588 et
3466 532 3792 605 ederuntur;

2208 612 2422 682 quando
2471 624 2647 671 autem
2679 633 2776 687 par
2820 633 2941 675 esse
2996 619 3275 676 videbatur
3319 622 3439 679 illos
3489 631 3796 696 exasperari

2211 704 2520 776 castigatos,
2556 723 2661 764 nou
2695 709 2764 763 ita
2795 726 2985 780 aspere
3014 723 3197 782 agunt.
3228 713 3412 785 Neque
3440 717 3581 771 enim
3615 719 3793 775 inere-

2211 805 2420 866 parunt,
2449 808 2538 853 aut
2561 802 2879 857 contumelia
2902 803 3217 870 affecerunt,
3241 806 3334 861 sed
3358 809 3484 877 quid
3512 808 3799 866 dixerunt?

2210 889 2296 945 l8.
2328 890 2478 955 Quod
2504 891 2705 963 signum
2728 894 2946 949 ostendis
2969 896 3128 961 nobis,
3177 899 3297 968 quia
3326 901 3450 954 talia
3494 903 3623 972 facis
3643 903 3670 956 .’
3709 903 3800 959 \‘i-

2210 983 2329 1038 den‘
2355 984 2573 1041 livorem
2607 985 2895 1058 ingentem,
2922 997 2978 1045 et
2997 992 3268 1060 quomodo
3296 992 3415 1049 aliis
3455 994 3598 1050 illata
3626 997 3797 1052 bene-

2211 1074 2328 1131 ﬁcia
2360 1078 2626 1149 indignius
2649 1081 2886 1136 ferrent?
2915 1083 3213 1154 Aliquando
3244 1085 3404 1155 igitur
3425 1089 3681 1159 templum
3726 1090 3800 1144 ab

2217 1166 2324 1223 illis
2349 1169 2658 1237 speluncam
2689 1171 2952 1227 latronum
2983 1173 3176 1229 factum
3207 1190 3326 1230 esse
3345 1177 3575 1246 dicebat,
3616 1191 3800 1235 osten-

2210 1259 2344 1315 dens
2370 1262 2457 1316 illa
2488 1279 2606 1334 quae
2627 1265 3014 1334 vendebantur,
3041 1266 3182 1322 furto
3225 1278 3374 1338 parta
3423 1272 3605 1338 fuisse,
3635 1282 3800 1344 atque

2216 1369 2285 1409 ex
2316 1355 2500 1424 rapina
2538 1363 2595 1412 et
2639 1358 2857 1413 avaritia
2903 1358 3136 1428 prodire,
3182 1360 3432 1431 ipsosque
3474 1377 3540 1418 ex
3570 1364 3801 1421 aliorum

2213 1446 2511 1501 calamitate
2539 1446 2830 1512 ditescere;
2872 1449 3156 1520 aliquando
3180 1460 3356 1506 autem
3386 1452 3602 1509 domum
3632 1470 3803 1526 nego-

2214 1537 2444 1591 tiationis
2465 1537 2611 1602 dicit,
2649 1538 3008 1608 impudentem
3033 1542 3444 1610 negotiationem
3473 1544 3799 1617 significans.

2212 1627 2315 1684 Sed
2346 1644 2442 1684 cur
2466 1631 2567 1684 hoc
2592 1630 2752 1684 fecit?
2781 1630 2915 1697 Quia
2946 1632 3180 1688 futurum
3224 1644 3340 1690 erat
3392 1647 3448 1692 ut
3478 1637 3531 1692 iu
3578 1639 3804 1694 sabbato

2213 1733 2447 1788 curaret,
2478 1733 2533 1778 et
2553 1725 2716 1778 multa
2762 1725 3062 1795 huiusmodi
3103 1727 3322 1794 faceret,
3369 1747 3486 1800 qua:
3517 1732 3614 1801 ipsi
3648 1742 3799 1803 puta-

2215 1812 2345 1867 bant
2397 1816 2875 1883 transgressionem
2905 1831 3025 1872 esse
3070 1818 3231 1887 legis;
3278 1836 3344 1874 ne
3390 1822 3661 1878 videretur
3689 1823 3802 1878 Deo

2213 1902 2552 1959 adversarius
2571 1921 2710 1971 esse,
2739 1907 2824 1976 qui
2854 1919 3041 1964 contra
3071 1910 3281 1966 Patrem
3325 1912 3377 1966 id
3428 1912 3668 1969 faciendo
3722 1916 3805 1971 in-

2217 2005 2478 2066 surgeret,
2504 1997 2613 2065 jam
2662 1998 2785 2054 hinc
2834 2000 3042 2055 illorum
3096 2000 3399 2071 hujusmodi
3438 2005 3799 2073 suspicionem

2216 2089 2448 2158 corrigit.
2486 2088 2616 2143 Nam
2647 2090 2734 2160 qui
2759 2106 2854 2160 pro
2883 2092 3063 2161 templi
3097 2094 3299 2150 honore
3329 2103 3526 2149 tantam
3553 2096 3804 2152 ostende-

2217 2188 2300 2234 rat
2324 2179 2761 2250 indignationem,
2788 2182 2968 2250 templi
2990 2182 3234 2249 Domino,
3265 2185 3351 2254 qui
3375 2184 3426 2239 in
3456 2185 3570 2255 ipso
3587 2186 3801 2241 coleba-

2219 2278 2326 2334 tur,
2342 2284 2447 2324 non
2469 2270 2843 2327 adversaturus
2862 2281 2996 2329 erat.
3016 2273 3157 2329 Satis
3178 2286 3330 2331 erant
3350 2276 3655 2345 superiores
3676 2278 3801 2333 anni

2218 2362 2412 2432 quibus
2459 2362 2750 2418 secundum
2781 2363 2955 2434 legem
2986 2364 3208 2432 vixerat,
3242 2373 3301 2421 ut
3324 2366 3639 2436 probaretur
3687 2368 3804 2437 ejus

2220 2468 2345 2524 erga
2378 2453 2741 2523 legislatorem
2768 2456 3095 2521 reverentia,
3126 2458 3407 2527 ipsumque
3437 2472 3543 2513 non
3583 2458 3683 2528 legi
3705 2459 3805 2514 ad-

2221 2554 2552 2600 versaturum
2583 2560 2722 2602 esse.
2746 2546 2879 2614 Quia
2920 2555 3094 2602 autem
3123 2547 3200 2602 illi
3244 2549 3368 2603 anui
3402 2548 3453 2603 in
3481 2548 3804 2604 oblivionem

2219 2638 2429 2693 venturi
2456 2646 2629 2701 erant,
2652 2639 2777 2709 quia
2800 2639 3046 2699 omnibus
3071 2638 3180 2693 noti
3210 2653 3316 2693 non
3343 2647 3519 2705 erant,
3555 2654 3621 2694 eo
3662 2639 3809 2709 quod

2222 2729 2275 2783 in
2304 2743 2534 2798 paupere
2562 2727 2722 2784 domo
2747 2731 3012 2793 enutritus
3039 2730 3245 2796 fuisset,
3279 2728 3526 2785 omnibus
3572 2746 3808 2801 praesen-

2225 2822 2384 2888 tibus,
2417 2831 2599 2893 utpote
2625 2823 2713 2879 die
2765 2823 2898 2878 festo
2938 2823 3418 2894 appmpinquante,
3456 2824 3506 2878 id
3540 2823 3679 2892 facit,
3708 2838 3809 2880 nec

2223 2914 2339 2969 sine
2368 2915 2628 2984 periculo.
2655 2913 2838 2984 Neque
2859 2916 3029 2970 solum
3057 2916 3197 2969 enim
3226 2914 3403 2983 ejecit,
3436 2914 3529 2969 sed
3560 2921 3613 2968 et
3660 2930 3811 2969 men-

2224 3018 2311 3059 sas
2335 3004 2545 3071 evertit,
2562 3013 2840 3072 argentum
2860 3004 3066 3072 effudit,
3088 3015 3146 3058 ut
3168 3004 3239 3058 illi
3271 3017 3450 3059 secum
3479 3013 3806 3073 reputarent,

2226 3111 2347 3151 eum
2373 3096 2463 3166 qui
2489 3097 2557 3150 ob
2588 3096 2840 3151 decorem
2872 3096 3063 3150 domus
3092 3110 3213 3151 sese
3239 3096 3292 3150 in
3323 3094 3553 3166 pericula
3579 3095 3812 3164 conjice-

2227 3195 2324 3252 ret,
2360 3187 2640 3241 Dominum
2667 3186 2858 3242 domus
2900 3201 3005 3241 non
3047 3185 3344 3256 despicere.
3390 3184 3447 3241 Si
3477 3185 3619 3240 enim
3649 3184 3702 3239 id
3733 3184 3811 3238 si-

2226 3278 2428 3333 mulate
2469 3287 2670 3332 tantum
2717 3276 2951 3339 fecisset,
3007 3275 3208 3330 hortari
3240 3275 3412 3329 solum
3441 3274 3808 3345 oportuisset:

2228 3384 2350 3423 nam
2372 3384 2430 3424 se
2455 3368 2507 3422 in
2532 3368 2763 3439 pericula
2795 3367 3081 3436 conjicere,
3114 3365 3285 3420 audax
3317 3364 3522 3420 facinus
3540 3374 3676 3421 erat.
3704 3363 3813 3420 Ne-

2230 3474 2333 3531 que
2359 3459 2501 3515 enim
2552 3460 2668 3513 leve
2715 3458 2842 3513 illud
2887 3465 3004 3513 erat
3049 3471 3170 3512 sese
3198 3455 3490 3512 forensium
3520 3455 3684 3510 furori
3714 3454 3813 3509 ob-

2225 3551 2414 3623 jicere,
2442 3559 2496 3606 et
2521 3550 2794 3606 brutorum
2822 3548 3119 3615 hominum,
3153 3556 3508 3603 mercatorum
3546 3546 3812 3609 videlicet,

2235 3642 2444 3697 turbam
2471 3638 2811 3695 contumeliis
2843 3653 3068 3693 onerare
3097 3645 3151 3693 et
3177 3636 3458 3693 adversum
3485 3652 3543 3692 se
3589 3652 3814 3707 eanpe-

2235 3748 2387 3798 rare;
2431 3731 2483 3786 id
2513 3746 2618 3785 non
2661 3729 2960 3785 simulantis
2983 3736 3120 3794 erat,
3148 3727 3243 3784 sed
3272 3744 3367 3798 pro
3409 3727 3600 3783 domus
3623 3727 3817 3785 decoro

2235 3823 2470 3894 pericula
2502 3823 2677 3877 omnia
2704 3821 2977 3876 adeuntis.
3006 3820 3362 3887 Quamobrem
3387 3834 3490 3874 non
3520 3820 3683 3891 gestis
3725 3833 3817 3874 so-

2236 3914 2369 3980 lum,
2398 3912 2490 3968 sed
2530 3914 2689 3967 etiam
2720 3911 2877 3966 dictis
2902 3911 3136 3966 ostendit
3155 3925 3307 3966 suam
3336 3925 3458 3966 cum
3504 3910 3661 3964 Patre
3689 3924 3819 3964 eon-

2240 4002 2476 4058 cordiam
2513 4022 2525 4057 ε
2555 4016 2661 4056 non
2687 4001 2821 4057 dixit
2851 4001 3016 4067 enim,
3050 4001 3273 4056 Domum
3304 4008 3563 4064 sanctam,
3588 4000 3680 4055 sed
3710 3997 3820 4054 Do-

2240 4111 2374 4148 mum
2392 4092 2563 4148 Patris
2590 4093 2705 4147 mei.
2731 4092 2870 4147 Ecce
2892 4091 3101 4146 Patrem
3125 4100 3299 4156 vocat,
3318 4105 3418 4144 nec
3445 4089 3816 4159 indignantur:

2241 4186 2495 4257 putabant
2544 4185 2687 4240 enim
2737 4185 2910 4253 ipsum
2961 4182 3274 4253 simpliciter
3321 4179 3486 4250 loqui.
3544 4180 3651 4235 Sed
3698 4181 3820 4250 quia

2241 4276 2434 4334 deinde
2460 4277 2653 4331 clarius
2682 4275 2929 4346 loquutus
2952 4284 3053 4343 est,
3078 4283 3135 4329 ut
3159 4290 3308 4329 suatu
3326 4288 3445 4328 cum
3465 4272 3622 4328 Patre
3646 4288 3824 4342 mqua-

2244 4368 2444 4422 litatem
2481 4366 2795 4433 declararet,
2825 4374 2949 4420 tunc
2986 4365 3037 4419 in
3084 4364 3316 4420 furorem
3363 4363 3466 4418 acti
3508 4370 3653 4418 sunt.
3685 4362 3821 4430 Quid

2242 4459 2401 4528 igitur
2429 4458 2503 4513 illi
2526 4458 2548 4510 ?
2583 4458 2734 4524 Quod
2753 4461 2957 4529 signum
2978 4457 3121 4511 nobis
3141 4456 3383 4521 ostendis,
3419 4455 3682 4525 inquiunt,
3704 4456 3824 4523 quia

2244 4550 2351 4605 Itan:
2380 4548 2555 4621 facis?
2583 4548 2627 4604 Ο
2676 4563 2940 4603 summam
2971 4547 3295 4602 amentiam!
3329 4546 3446 4612 Quo
3493 4545 3645 4615 signo
3690 4560 3822 4614 opus

2244 4652 2393 4708 erat,
2430 4651 2487 4696 ut
2525 4657 2554 4695 a
2607 4641 2746 4697 male
2793 4639 3038 4696 faciendo
3066 4639 3416 4704 desinerent,
3464 4647 3517 4693 et
3544 4635 3762 4692 domum
3795 4651 3824 4688 a

2247 4744 2389 4789 tanta
2420 4734 2743 4803 turpitudine
2771 4733 3099 4789 liberarent?
3127 4733 3217 4788 ille
3243 4742 3421 4787 tantus
3443 4745 3536 4802 pro
3555 4729 3714 4784 domo
3733 4728 3824 4783 Dei

2246 4826 2410 4891 zelus,
2441 4840 2619 4879 nonne
2663 4825 2951 4878 maximum
2983 4824 3194 4877 vrrtutis
3235 4824 3443 4893 signum
3469 4820 3626 4876 erat?
3668 4818 3825 4873 Probi

2245 4926 2421 4971 autem
2450 4916 2547 4969 viri
2571 4915 2694 4969 hinc
2723 4915 2886 4984 agniti
2914 4923 3041 4969 sunt
3071 4932 3082 4967 :
3131 4928 3253 4967 nam
3280 4913 3367 4966 17.
3401 4910 3669 4966 Recordati
3711 4919 3826 4964 sunt

2247 5007 2483 5079 discipuli
2511 5007 2619 5075 eius
2647 4992 2786 5070 tunc,
2815 5006 2932 5076 quia
2957 5002 3205 5074 scriptum
3234 5013 3326 5065 est,
3349 5002 3504 5057 Zelus
3530 5000 3708 5054 domus
3731 5009 3831 5052 tute

2250 5098 2464 5153 comedit
2511 5113 2605 5151 nte.
2639 5099 2709 5151 At
2747 5111 2851 5151 non
2882 5095 2954 5149 illi
2986 5093 3276 5165 pr0plteti:e
3310 5093 3684 5154 meminerunt,
3734 5090 3827 5143 sed

2247 5190 2517 5255 dicebant,
2550 5190 2698 5257 Quod
2726 5191 2926 5261 signant
2951 5186 3173 5241 ostendis
3199 5184 3380 5239 nobis!
3398 5182 3466 5238 de
3486 5179 3831 5252 turpiamisso

2249 5283 2402 5339 lucro
2444 5282 2709 5347 dolentes,
2766 5289 3149 5350 sperantesquc
3180 5292 3240 5332 se
3268 5276 3345 5332 sic
3381 5290 3539 5345 posse
3565 5273 3714 5328 illum
3739 5271 3833 5324 ab.

2248 5373 2468 5439 ducere,
2495 5372 2560 5427 ad
2589 5371 2901 5427 miraculum
2930 5369 3251 5441 patrandum
3283 5375 3531 5432 evocant,
3559 5374 3615 5420 ut
3638 5365 3832 5422 factum

2250 5467 2366 5534 ejus
2389 5470 2697 5533 coarguant.
2732 5460 2855 5517 Ideo
2901 5461 3110 5531 signum
3141 5475 3243 5513 non
3275 5458 3367 5513 dat
3400 5458 3522 5513 illis.
3559 5455 3671 5510 lmo
3711 5468 3831 5509 eum

2252 5557 2399 5625 prius
2420 5553 2775 5610 accessissent
2821 5553 3034 5623 signum
3082 5559 3343 5620 petentes,
3382 5549 3484 5603 hoc
3508 5545 3783 5616 respondit
3817 5563 3830 5598 :

2253 5644 2521 5699 Generatio
2550 5660 2706 5714 praua
2734 5653 2781 5697 et
2823 5643 3053 5697 adultera
3091 5641 3290 5712 signum
3331 5640 3532 5710 quwrit,
3567 5649 3611 5692 et
3636 5640 3837 5709 signum

2256 5753 2356 5793 non
2379 5736 2578 5791 dabitur
2604 5735 2667 5806 ci,
2701 5734 2798 5791 nisi
2825 5735 3024 5807 signum
3066 5730 3216 5789 Jama
3247 5729 3457 5803 (Matth.
3490 5729 3555 5785 ιϐ
3605 5727 3681 5799 ι).
3730 5723 3837 5783 Sed
