  <div class='ocr_page' id='page_1' title='image "/cluster/home/n/w/nwhite01/storage/ocr_20150623/59/mdp.39015009383640/140.png"; bbox 0 0 4068 6136; ppageno 0'>
   <div class='ocr_carea' id='block_1_1' title="bbox 335 242 2584 304">
    <p class='ocr_par' dir='ltr' id='par_1_1' title="bbox 335 242 2584 304">
     <span class='ocr_line' id='line_1_1' title="bbox 335 242 2584 304; baseline -0.002 -1"><span class='ocrx_word' id='word_1_1' title='bbox 335 248 427 304; x_wconf 77' lang='lat' dir='ltr'><strong>NI</strong></span> <span class='ocrx_word' id='word_1_2' title='bbox 1359 243 1422 300; x_wconf 77' lang='lat' dir='ltr'><strong>IN</strong></span> <span class='ocrx_word' id='word_1_3' title='bbox 1460 242 1773 300; x_wconf 73' lang='lat' dir='ltr'><strong>JOANNEM</strong></span> <span class='ocrx_word' id='word_1_4' title='bbox 1813 243 2038 300; x_wconf 76' lang='lat' dir='ltr'><strong>IIOMIL.</strong></span> <span class='ocrx_word' id='word_1_5' title='bbox 2083 243 2265 300; x_wconf 79' lang='lat' dir='ltr'><strong>XXIII.</strong></span> <span class='ocrx_word' id='word_1_6' title='bbox 2308 245 2377 300; x_wconf 90' lang='lat' dir='ltr'><strong>al.</strong></span> <span class='ocrx_word' id='word_1_7' title='bbox 2423 243 2584 300; x_wconf 83' lang='lat' dir='ltr'>XXII.</span> 
     </span>
    </p>
   </div>
   <div class='ocr_carea' id='block_1_2' title="bbox 334 351 1915 423">
    <p class='ocr_par' dir='ltr' id='par_1_2' title="bbox 334 351 1915 423">
     <span class='ocr_line' id='line_1_2' title="bbox 334 351 1915 423; baseline -0.001 -13"><span class='ocrx_word' id='word_1_8' title='bbox 334 370 458 412; x_wconf 90' lang='lat' dir='ltr'><strong>tunc</strong></span> <span class='ocrx_word' id='word_1_9' title='bbox 500 355 735 418; x_wconf 79' lang='lat' dir='ltr'><strong>clarius;</strong></span> <span class='ocrx_word' id='word_1_10' title='bbox 791 369 933 409; x_wconf 91' lang='lat' dir='ltr'><strong>nunc</strong></span> <span class='ocrx_word' id='word_1_11' title='bbox 963 362 1136 408; x_wconf 85' lang='lat' dir='ltr'><strong>autem</strong></span> <span class='ocrx_word' id='word_1_12' title='bbox 1184 354 1350 423; x_wconf 86' lang='lat' dir='ltr'><strong>magis</strong></span> <span class='ocrx_word' id='word_1_13' title='bbox 1399 354 1752 423; x_wconf 67' lang='lat' dir='ltr'><strong>mttigtnatice.</strong></span> <span class='ocrx_word' id='word_1_14' title='bbox 1780 351 1915 408; x_wconf 85' lang='lat' dir='ltr'><strong>Illud</strong></span> 
     </span>
    </p>
   </div>
   <div class='ocr_carea' id='block_1_3' title="bbox 331 444 1916 516">
    <p class='ocr_par' dir='ltr' id='par_1_3' title="bbox 331 444 1916 516">
     <span class='ocr_line' id='line_1_3' title="bbox 331 444 1916 516; baseline -0.001 -15"><span class='ocrx_word' id='word_1_15' title='bbox 331 457 510 501; x_wconf 85' lang='lat' dir='ltr'><strong>autem</strong></span> <span class='ocrx_word' id='word_1_16' title='bbox 563 447 671 516; x_wconf 90' lang='lat' dir='ltr'><strong>agit</strong></span> <span class='ocrx_word' id='word_1_17' title='bbox 707 444 777 498; x_wconf 92' lang='lat' dir='ltr'><strong>ob</strong></span> <span class='ocrx_word' id='word_1_18' title='bbox 817 453 1108 498; x_wconf 79' lang='lat' dir='ltr'><strong>extremam</strong></span> <span class='ocrx_word' id='word_1_19' title='bbox 1159 444 1372 498; x_wconf 92' lang='lat' dir='ltr'><strong>illorum</strong></span> <span class='ocrx_word' id='word_1_20' title='bbox 1405 445 1684 499; x_wconf 81' lang='lat' dir='ltr'><strong>insaniam.</strong></span> <span class='ocrx_word' id='word_1_21' title='bbox 1734 444 1916 514; x_wconf 84' lang='lat' dir='ltr'><strong>Neque</strong></span> 
     </span>
    </p>
   </div>
   <div class='ocr_carea' id='block_1_4' title="bbox 326 534 1912 606">
    <p class='ocr_par' dir='ltr' id='par_1_4' title="bbox 326 534 1912 606">
     <span class='ocr_line' id='line_1_4' title="bbox 326 534 1912 606; baseline -0.001 -15"><span class='ocrx_word' id='word_1_22' title='bbox 326 538 474 591; x_wconf 89' lang='lat' dir='ltr'><strong>enim</strong></span> <span class='ocrx_word' id='word_1_23' title='bbox 501 535 588 590; x_wconf 90' lang='lat' dir='ltr'><strong>ille</strong></span> <span class='ocrx_word' id='word_1_24' title='bbox 607 534 697 605; x_wconf 87' lang='lat' dir='ltr'><strong>qui</strong></span> <span class='ocrx_word' id='word_1_25' title='bbox 729 550 835 589; x_wconf 89' lang='lat' dir='ltr'><strong>non</strong></span> <span class='ocrx_word' id='word_1_26' title='bbox 859 543 1104 604; x_wconf 89' lang='lat' dir='ltr'><strong>petentes</strong></span> <span class='ocrx_word' id='word_1_27' title='bbox 1132 535 1490 604; x_wconf 64' lang='lat' dir='ltr'><strong>praeveniebat</strong></span> <span class='ocrx_word' id='word_1_28' title='bbox 1519 544 1574 590; x_wconf 92' lang='lat' dir='ltr'><strong>et</strong></span> <span class='ocrx_word' id='word_1_29' title='bbox 1626 537 1774 606; x_wconf 90' lang='lat' dir='ltr'><strong>signa</strong></span> <span class='ocrx_word' id='word_1_30' title='bbox 1814 535 1912 591; x_wconf 88' lang='lat' dir='ltr'><strong>da-</strong></span> 
     </span>
    </p>
   </div>
   <div class='ocr_carea' id='block_1_5' title="bbox 338 625 1913 698">
    <p class='ocr_par' dir='ltr' id='par_1_5' title="bbox 338 625 1913 698">
     <span class='ocr_line' id='line_1_5' title="bbox 338 625 1913 698; baseline -0.001 -16"><span class='ocrx_word' id='word_1_31' title='bbox 338 629 451 692; x_wconf 86' lang='lat' dir='ltr'><strong>bat,</strong></span> <span class='ocrx_word' id='word_1_32' title='bbox 502 635 750 698; x_wconf 75' lang='lat' dir='ltr'><strong>petentes</strong></span> <span class='ocrx_word' id='word_1_33' title='bbox 797 625 1104 694; x_wconf 89' lang='lat' dir='ltr'><strong>repulisset,</strong></span> <span class='ocrx_word' id='word_1_34' title='bbox 1157 626 1257 680; x_wconf 86' lang='lat' dir='ltr'><strong>nisi</strong></span> <span class='ocrx_word' id='word_1_35' title='bbox 1289 626 1408 680; x_wconf 91' lang='lat' dir='ltr'><strong>illos</strong></span> <span class='ocrx_word' id='word_1_36' title='bbox 1457 641 1616 696; x_wconf 89' lang='lat' dir='ltr'><strong>prava</strong></span> <span class='ocrx_word' id='word_1_37' title='bbox 1644 635 1698 681; x_wconf 92' lang='lat' dir='ltr'><strong>et</strong></span> <span class='ocrx_word' id='word_1_38' title='bbox 1729 626 1913 692; x_wconf 88' lang='lat' dir='ltr'><strong>dolosa</strong></span> 
     </span>
    </p>
   </div>
   <div class='ocr_carea' id='block_1_6' title="bbox 331 715 1914 788">
    <p class='ocr_par' dir='ltr' id='par_1_6' title="bbox 331 715 1914 788">
     <span class='ocr_line' id='line_1_6' title="bbox 331 715 1914 788; baseline 0.001 -17"><span class='ocrx_word' id='word_1_39' title='bbox 331 727 514 772; x_wconf 90' lang='lat' dir='ltr'><strong>mente</strong></span> <span class='ocrx_word' id='word_1_40' title='bbox 557 716 720 772; x_wconf 88' lang='lat' dir='ltr'><strong>fuisse</strong></span> <span class='ocrx_word' id='word_1_41' title='bbox 763 716 1024 770; x_wconf 86' lang='lat' dir='ltr'><strong>scivisset.</strong></span> <span class='ocrx_word' id='word_1_42' title='bbox 1077 715 1208 770; x_wconf 86' lang='lat' dir='ltr'><strong>Nam</strong></span> <span class='ocrx_word' id='word_1_43' title='bbox 1256 715 1341 771; x_wconf 87' lang='lat' dir='ltr'><strong>vel</strong></span> <span class='ocrx_word' id='word_1_44' title='bbox 1399 717 1510 785; x_wconf 89' lang='lat' dir='ltr'><strong>ipsa</strong></span> <span class='ocrx_word' id='word_1_45' title='bbox 1570 716 1914 788; x_wconf 73' lang='lat' dir='ltr'><strong>interrogatio</strong></span> 
     </span>
    </p>
   </div>
   <div class='ocr_carea' id='block_1_7' title="bbox 329 807 1911 879">
    <p class='ocr_par' dir='ltr' id='par_1_7' title="bbox 329 807 1911 879">
     <span class='ocr_line' id='line_1_7' title="bbox 329 807 1911 879; baseline -0.001 -16"><span class='ocrx_word' id='word_1_46' title='bbox 329 817 526 879; x_wconf 89' lang='lat' dir='ltr'><strong>quanta</strong></span> <span class='ocrx_word' id='word_1_47' title='bbox 577 808 809 877; x_wconf 90' lang='lat' dir='ltr'><strong>nequitia</strong></span> <span class='ocrx_word' id='word_1_48' title='bbox 839 807 992 877; x_wconf 91' lang='lat' dir='ltr'><strong>plena</strong></span> <span class='ocrx_word' id='word_1_49' title='bbox 1016 816 1192 872; x_wconf 88' lang='lat' dir='ltr'><strong>esset,</strong></span> <span class='ocrx_word' id='word_1_50' title='bbox 1215 807 1528 862; x_wconf 91' lang='lat' dir='ltr'><strong>consideres</strong></span> <span class='ocrx_word' id='word_1_51' title='bbox 1555 807 1734 862; x_wconf 92' lang='lat' dir='ltr'><strong>velim.</strong></span> <span class='ocrx_word' id='word_1_52' title='bbox 1781 809 1911 862; x_wconf 91' lang='lat' dir='ltr'><strong>Cum</strong></span> 
     </span>
    </p>
   </div>
   <div class='ocr_carea' id='block_1_8' title="bbox 329 897 1906 970">
    <p class='ocr_par' dir='ltr' id='par_1_8' title="bbox 329 897 1906 970">
     <span class='ocr_line' id='line_1_8' title="bbox 329 897 1906 970; baseline -0.002 -15"><span class='ocrx_word' id='word_1_53' title='bbox 329 902 473 956; x_wconf 90' lang='lat' dir='ltr'><strong>enim</strong></span> <span class='ocrx_word' id='word_1_54' title='bbox 519 899 846 970; x_wconf 88' lang='lat' dir='ltr'><strong>oportuisset</strong></span> <span class='ocrx_word' id='word_1_55' title='bbox 875 897 992 966; x_wconf 88' lang='lat' dir='ltr'><strong>ejus</strong></span> <span class='ocrx_word' id='word_1_56' title='bbox 1021 898 1252 952; x_wconf 90' lang='lat' dir='ltr'><strong>studium</strong></span> <span class='ocrx_word' id='word_1_57' title='bbox 1301 912 1362 952; x_wconf 91' lang='lat' dir='ltr'><strong>ac</strong></span> <span class='ocrx_word' id='word_1_58' title='bbox 1393 898 1564 952; x_wconf 86' lang='lat' dir='ltr'><strong>zelum</strong></span> <span class='ocrx_word' id='word_1_59' title='bbox 1593 897 1906 968; x_wconf 85' lang='lat' dir='ltr'><strong>approbare,</strong></span> 
     </span>
    </p>
   </div>
   <div class='ocr_carea' id='block_1_9' title="bbox 328 988 1910 1060">
    <p class='ocr_par' dir='ltr' id='par_1_9' title="bbox 328 988 1910 1060">
     <span class='ocr_line' id='line_1_9' title="bbox 328 988 1910 1060; baseline 0 -17"><span class='ocrx_word' id='word_1_60' title='bbox 328 999 490 1060; x_wconf 88' lang='lat' dir='ltr'><strong>atque</strong></span> <span class='ocrx_word' id='word_1_61' title='bbox 517 990 916 1058; x_wconf 86' lang='lat' dir='ltr'><strong>obstupescere,</strong></span> <span class='ocrx_word' id='word_1_62' title='bbox 948 988 1093 1058; x_wconf 91' lang='lat' dir='ltr'><strong>quod</strong></span> <span class='ocrx_word' id='word_1_63' title='bbox 1122 989 1279 1043; x_wconf 90' lang='lat' dir='ltr'><strong>talem</strong></span> <span class='ocrx_word' id='word_1_64' title='bbox 1325 988 1517 1043; x_wconf 92' lang='lat' dir='ltr'><strong>domus</strong></span> <span class='ocrx_word' id='word_1_65' title='bbox 1545 1003 1726 1045; x_wconf 89' lang='lat' dir='ltr'><strong>curam</strong></span> <span class='ocrx_word' id='word_1_66' title='bbox 1753 1005 1910 1058; x_wconf 81' lang='lat' dir='ltr'><strong>gere-</strong></span> 
     </span>
    </p>
   </div>
   <div class='ocr_carea' id='block_1_10' title="bbox 328 1078 1908 1146">
    <p class='ocr_par' dir='ltr' id='par_1_10' title="bbox 328 1078 1908 1146">
     <span class='ocr_line' id='line_1_10' title="bbox 328 1078 1908 1146; baseline 0.001 -13"><span class='ocrx_word' id='word_1_67' title='bbox 328 1090 447 1142; x_wconf 85' lang='lat' dir='ltr'><strong>ret;</strong></span> <span class='ocrx_word' id='word_1_68' title='bbox 481 1080 559 1133; x_wconf 92' lang='lat' dir='ltr'><strong>illi</strong></span> <span class='ocrx_word' id='word_1_69' title='bbox 589 1090 860 1145; x_wconf 80' lang='lat' dir='ltr'><strong>accusant,</strong></span> <span class='ocrx_word' id='word_1_70' title='bbox 884 1093 946 1134; x_wconf 91' lang='lat' dir='ltr'><strong>ac</strong></span> <span class='ocrx_word' id='word_1_71' title='bbox 973 1078 1207 1134; x_wconf 78' lang='lat' dir='ltr'><strong>vendere</strong></span> <span class='ocrx_word' id='word_1_72' title='bbox 1245 1079 1343 1133; x_wconf 90' lang='lat' dir='ltr'><strong>sibi</strong></span> <span class='ocrx_word' id='word_1_73' title='bbox 1375 1080 1534 1136; x_wconf 90' lang='lat' dir='ltr'><strong>licere</strong></span> <span class='ocrx_word' id='word_1_74' title='bbox 1559 1079 1908 1146; x_wconf 91' lang='lat' dir='ltr'><strong>contendunt,</strong></span> 
     </span>
    </p>
   </div>
   <div class='ocr_carea' id='block_1_11' title="bbox 328 1169 1909 1241">
    <p class='ocr_par' dir='ltr' id='par_1_11' title="bbox 328 1169 1909 1241">
     <span class='ocr_line' id='line_1_11' title="bbox 328 1169 1909 1241; baseline 0.003 -19"><span class='ocrx_word' id='word_1_75' title='bbox 328 1184 503 1239; x_wconf 89' lang='lat' dir='ltr'><strong>neque</strong></span> <span class='ocrx_word' id='word_1_76' title='bbox 532 1169 696 1224; x_wconf 89' lang='lat' dir='ltr'><strong>licere</strong></span> <span class='ocrx_word' id='word_1_77' title='bbox 731 1170 832 1224; x_wconf 91' lang='lat' dir='ltr'><strong>sibi</strong></span> <span class='ocrx_word' id='word_1_78' title='bbox 861 1185 890 1223; x_wconf 89' lang='lat' dir='ltr'><strong>a</strong></span> <span class='ocrx_word' id='word_1_79' title='bbox 919 1169 1198 1224; x_wconf 88' lang='lat' dir='ltr'><strong>vendendo</strong></span> <span class='ocrx_word' id='word_1_80' title='bbox 1227 1169 1508 1232; x_wconf 60' lang='lat' dir='ltr'><strong>desistere,</strong></span> <span class='ocrx_word' id='word_1_81' title='bbox 1550 1171 1648 1226; x_wconf 91' lang='lat' dir='ltr'><strong>nisi</strong></span> <span class='ocrx_word' id='word_1_82' title='bbox 1695 1171 1794 1241; x_wconf 90' lang='lat' dir='ltr'><strong>ipsi</strong></span> <span class='ocrx_word' id='word_1_83' title='bbox 1831 1172 1909 1227; x_wconf 80' lang='lat' dir='ltr'><strong>si-</strong></span> 
     </span>
    </p>
   </div>
   <div class='ocr_carea' id='block_1_12' title="bbox 325 1261 1911 1330">
    <p class='ocr_par' dir='ltr' id='par_1_12' title="bbox 325 1261 1911 1330">
     <span class='ocr_line' id='line_1_12' title="bbox 325 1261 1911 1330; baseline 0.003 -18"><span class='ocrx_word' id='word_1_84' title='bbox 325 1275 490 1329; x_wconf 87' lang='lat' dir='ltr'><strong>gnum</strong></span> <span class='ocrx_word' id='word_1_85' title='bbox 520 1261 783 1314; x_wconf 89' lang='lat' dir='ltr'><strong>ostendat.</strong></span> <span class='ocrx_word' id='word_1_86' title='bbox 807 1261 942 1326; x_wconf 85' lang='lat' dir='ltr'><strong>Quid</strong></span> <span class='ocrx_word' id='word_1_87' title='bbox 968 1275 1098 1330; x_wconf 88' lang='lat' dir='ltr'><strong>ergo</strong></span> <span class='ocrx_word' id='word_1_88' title='bbox 1121 1261 1410 1316; x_wconf 79' lang='lat' dir='ltr'><strong>Christus?</strong></span> <span class='ocrx_word' id='word_1_89' title='bbox 1457 1262 1543 1317; x_wconf 87' lang='lat' dir='ltr'><strong>I9.</strong></span> <span class='ocrx_word' id='word_1_90' title='bbox 1574 1262 1766 1318; x_wconf 77' lang='lat' dir='ltr'><strong>Solvite</strong></span> <span class='ocrx_word' id='word_1_91' title='bbox 1786 1274 1911 1318; x_wconf 78' lang='lat' dir='ltr'><strong>tem-</strong></span> 
     </span>
    </p>
   </div>
   <div class='ocr_carea' id='block_1_13' title="bbox 327 1353 1910 1422">
    <p class='ocr_par' dir='ltr' id='par_1_13' title="bbox 327 1353 1910 1422">
     <span class='ocr_line' id='line_1_13' title="bbox 327 1353 1910 1422; baseline 0.005 -17"><span class='ocrx_word' id='word_1_92' title='bbox 327 1354 468 1422; x_wconf 79' lang='lat' dir='ltr'><strong>plum</strong></span> <span class='ocrx_word' id='word_1_93' title='bbox 491 1355 605 1420; x_wconf 80' lang='lat' dir='ltr'><strong>hoc,</strong></span> <span class='ocrx_word' id='word_1_94' title='bbox 628 1364 674 1406; x_wconf 89' lang='lat' dir='ltr'><strong>et</strong></span> <span class='ocrx_word' id='word_1_95' title='bbox 717 1355 768 1407; x_wconf 88' lang='lat' dir='ltr'><strong>in</strong></span> <span class='ocrx_word' id='word_1_96' title='bbox 799 1353 955 1408; x_wconf 85' lang='lat' dir='ltr'><strong>tribus</strong></span> <span class='ocrx_word' id='word_1_97' title='bbox 984 1355 1158 1408; x_wconf 85' lang='lat' dir='ltr'><strong>diebus</strong></span> <span class='ocrx_word' id='word_1_98' title='bbox 1183 1355 1409 1409; x_wconf 74' lang='lat' dir='ltr'><strong>excitabo</strong></span> <span class='ocrx_word' id='word_1_99' title='bbox 1439 1356 1592 1409; x_wconf 87' lang='lat' dir='ltr'><strong>illud.</strong></span> <span class='ocrx_word' id='word_1_100' title='bbox 1624 1357 1782 1412; x_wconf 84' lang='lat' dir='ltr'><strong>Multa</strong></span> <span class='ocrx_word' id='word_1_101' title='bbox 1812 1358 1910 1412; x_wconf 87' lang='lat' dir='ltr'><strong>hu-</strong></span> 
     </span>
    </p>
   </div>
   <div class='ocr_carea' id='block_1_14' title="bbox 324 1445 1904 1516">
    <p class='ocr_par' dir='ltr' id='par_1_14' title="bbox 324 1445 1904 1516">
     <span class='ocr_line' id='line_1_14' title="bbox 324 1445 1904 1516; baseline 0.004 -18"><span class='ocrx_word' id='word_1_102' title='bbox 324 1445 554 1514; x_wconf 73' lang='lat' dir='ltr'><strong>iusmodi</strong></span> <span class='ocrx_word' id='word_1_103' title='bbox 580 1446 830 1516; x_wconf 88' lang='lat' dir='ltr'><strong>loquitur,</strong></span> <span class='ocrx_word' id='word_1_104' title='bbox 860 1461 977 1516; x_wconf 66' lang='lat' dir='ltr'><strong>quae</strong></span> <span class='ocrx_word' id='word_1_105' title='bbox 1005 1445 1342 1501; x_wconf 83' lang='lat' dir='ltr'><strong>audientibus</strong></span> <span class='ocrx_word' id='word_1_106' title='bbox 1392 1447 1499 1502; x_wconf 89' lang='lat' dir='ltr'><strong>sint</strong></span> <span class='ocrx_word' id='word_1_107' title='bbox 1524 1447 1772 1515; x_wconf 79' lang='lat' dir='ltr'><strong>obscura,</strong></span> <span class='ocrx_word' id='word_1_108' title='bbox 1803 1448 1904 1504; x_wconf 88' lang='lat' dir='ltr'><strong>sed</strong></span> 
     </span>
    </p>
   </div>
   <div class='ocr_carea' id='block_1_15' title="bbox 326 1534 1908 1608">
    <p class='ocr_par' dir='ltr' id='par_1_15' title="bbox 326 1534 1908 1608">
     <span class='ocr_line' id='line_1_15' title="bbox 326 1534 1908 1608; baseline 0.004 -20"><span class='ocrx_word' id='word_1_109' title='bbox 326 1543 447 1604; x_wconf 84' lang='lat' dir='ltr'><strong>post</strong></span> <span class='ocrx_word' id='word_1_110' title='bbox 495 1534 687 1590; x_wconf 91' lang='lat' dir='ltr'><strong>futuris</strong></span> <span class='ocrx_word' id='word_1_111' title='bbox 734 1536 898 1590; x_wconf 88' lang='lat' dir='ltr'><strong>clara.</strong></span> <span class='ocrx_word' id='word_1_112' title='bbox 945 1534 1054 1590; x_wconf 89' lang='lat' dir='ltr'><strong>Cur</strong></span> <span class='ocrx_word' id='word_1_113' title='bbox 1100 1535 1341 1592; x_wconf 79' lang='lat' dir='ltr'><strong>hoc?Ut</strong></span> <span class='ocrx_word' id='word_1_114' title='bbox 1368 1552 1490 1592; x_wconf 89' lang='lat' dir='ltr'><strong>eum</strong></span> <span class='ocrx_word' id='word_1_115' title='bbox 1535 1539 1612 1593; x_wconf 90' lang='lat' dir='ltr'><strong>rei</strong></span> <span class='ocrx_word' id='word_1_116' title='bbox 1641 1537 1908 1608; x_wconf 65' lang='lat' dir='ltr'><strong>praedicta:</strong></span> 
     </span>
    </p>
   </div>
   <div class='ocr_carea' id='block_1_16' title="bbox 326 1625 1909 1698">
    <p class='ocr_par' dir='ltr' id='par_1_16' title="bbox 326 1625 1909 1698">
     <span class='ocr_line' id='line_1_16' title="bbox 326 1625 1909 1698; baseline 0.003 -20"><span class='ocrx_word' id='word_1_117' title='bbox 326 1626 446 1679; x_wconf 87' lang='lat' dir='ltr'><strong>finis</strong></span> <span class='ocrx_word' id='word_1_118' title='bbox 486 1625 780 1691; x_wconf 72' lang='lat' dir='ltr'><strong>adveniret,</strong></span> <span class='ocrx_word' id='word_1_119' title='bbox 811 1625 1127 1695; x_wconf 88' lang='lat' dir='ltr'><strong>probaretur</strong></span> <span class='ocrx_word' id='word_1_120' title='bbox 1157 1627 1325 1695; x_wconf 92' lang='lat' dir='ltr'><strong>ipsum</strong></span> <span class='ocrx_word' id='word_1_121' title='bbox 1359 1626 1469 1696; x_wconf 86' lang='lat' dir='ltr'><strong>jam</strong></span> <span class='ocrx_word' id='word_1_122' title='bbox 1518 1628 1644 1682; x_wconf 92' lang='lat' dir='ltr'><strong>olim</strong></span> <span class='ocrx_word' id='word_1_123' title='bbox 1692 1627 1744 1682; x_wconf 89' lang='lat' dir='ltr'><strong>id</strong></span> <span class='ocrx_word' id='word_1_124' title='bbox 1773 1643 1909 1698; x_wconf 75' lang='lat' dir='ltr'><strong>pnn-</strong></span> 
     </span>
    </p>
   </div>
   <div class='ocr_carea' id='block_1_17' title="bbox 324 1716 1904 1786">
    <p class='ocr_par' dir='ltr' id='par_1_17' title="bbox 324 1716 1904 1786">
     <span class='ocr_line' id='line_1_17' title="bbox 324 1716 1904 1786; baseline 0.004 -16"><span class='ocrx_word' id='word_1_125' title='bbox 324 1717 580 1781; x_wconf 75' lang='lat' dir='ltr'><strong>seivis~e;</strong></span> <span class='ocrx_word' id='word_1_126' title='bbox 627 1716 771 1786; x_wconf 87' lang='lat' dir='ltr'><strong>quod</strong></span> <span class='ocrx_word' id='word_1_127' title='bbox 823 1718 876 1770; x_wconf 91' lang='lat' dir='ltr'><strong>in</strong></span> <span class='ocrx_word' id='word_1_128' title='bbox 908 1716 1007 1772; x_wconf 88' lang='lat' dir='ltr'><strong>hac</strong></span> <span class='ocrx_word' id='word_1_129' title='bbox 1052 1716 1329 1786; x_wconf 86' lang='lat' dir='ltr'><strong>prophetia</strong></span> <span class='ocrx_word' id='word_1_130' title='bbox 1355 1717 1564 1772; x_wconf 89' lang='lat' dir='ltr'><strong>accidit.</strong></span> <span class='ocrx_word' id='word_1_131' title='bbox 1607 1717 1738 1772; x_wconf 87' lang='lat' dir='ltr'><strong>Nam</strong></span> <span class='ocrx_word' id='word_1_132' title='bbox 1786 1719 1904 1776; x_wconf 85' lang='lat' dir='ltr'><strong>ait:</strong></span> 
     </span>
    </p>
   </div>
   <div class='ocr_carea' id='block_1_18' title="bbox 323 1805 1908 1879">
    <p class='ocr_par' dir='ltr' id='par_1_18' title="bbox 323 1805 1908 1879">
     <span class='ocr_line' id='line_1_18' title="bbox 323 1805 1908 1879; baseline 0.003 -19"><span class='ocrx_word' id='word_1_133' title='bbox 323 1807 412 1860; x_wconf 70' lang='lat'><strong>22.</strong></span> <span class='ocrx_word' id='word_1_134' title='bbox 430 1805 556 1862; x_wconf 85' lang='lat' dir='ltr'><strong>Cum</strong></span> <span class='ocrx_word' id='word_1_135' title='bbox 577 1807 928 1861; x_wconf 77' lang='lat' dir='ltr'><strong>resurrexisset</strong></span> <span class='ocrx_word' id='word_1_136' title='bbox 948 1824 978 1860; x_wconf 88' lang='lat' dir='ltr'><strong>a</strong></span> <span class='ocrx_word' id='word_1_137' title='bbox 1001 1809 1229 1873; x_wconf 75' lang='lat' dir='ltr'><strong>mortuis,</strong></span> <span class='ocrx_word' id='word_1_138' title='bbox 1251 1809 1498 1862; x_wconf 88' lang='lat' dir='ltr'><strong>recordati</strong></span> <span class='ocrx_word' id='word_1_139' title='bbox 1524 1819 1641 1862; x_wconf 89' lang='lat' dir='ltr'><strong>sunt</strong></span> <span class='ocrx_word' id='word_1_140' title='bbox 1669 1809 1908 1879; x_wconf 72' lang='lat' dir='ltr'><strong>discipuli</strong></span> 
     </span>
    </p>
   </div>
   <div class='ocr_carea' id='block_1_19' title="bbox 324 1898 1908 1970">
    <p class='ocr_par' dir='ltr' id='par_1_19' title="bbox 324 1898 1908 1970">
     <span class='ocr_line' id='line_1_19' title="bbox 324 1898 1908 1970; baseline 0.002 -19"><span class='ocrx_word' id='word_1_141' title='bbox 324 1903 433 1967; x_wconf 87' lang='lat' dir='ltr'><strong>ejus</strong></span> <span class='ocrx_word' id='word_1_142' title='bbox 459 1899 576 1968; x_wconf 86' lang='lat' dir='ltr'><strong>quia</strong></span> <span class='ocrx_word' id='word_1_143' title='bbox 606 1899 699 1952; x_wconf 88' lang='lat' dir='ltr'><strong>hoc</strong></span> <span class='ocrx_word' id='word_1_144' title='bbox 724 1898 920 1952; x_wconf 87' lang='lat' dir='ltr'><strong>dicebat</strong></span> <span class='ocrx_word' id='word_1_145' title='bbox 951 1914 969 1952; x_wconf 94' lang='lat'><em>:</em></span> <span class='ocrx_word' id='word_1_146' title='bbox 995 1907 1040 1951; x_wconf 86' lang='lat' dir='ltr'><strong>et</strong></span> <span class='ocrx_word' id='word_1_147' title='bbox 1075 1898 1394 1951; x_wconf 86' lang='lat' dir='ltr'><strong>crediderunt</strong></span> <span class='ocrx_word' id='word_1_148' title='bbox 1426 1898 1708 1970; x_wconf 79' lang='lat' dir='ltr'><strong>Scriptura:</strong></span> <span class='ocrx_word' id='word_1_149' title='bbox 1729 1909 1775 1953; x_wconf 89' lang='lat' dir='ltr'><strong>et</strong></span> <span class='ocrx_word' id='word_1_150' title='bbox 1800 1916 1908 1954; x_wconf 89' lang='lat' dir='ltr'><strong>ser-</strong></span> 
     </span>
    </p>
   </div>
   <div class='ocr_carea' id='block_1_20' title="bbox 323 1989 1906 2060">
    <p class='ocr_par' dir='ltr' id='par_1_20' title="bbox 323 1989 1906 2060">
     <span class='ocr_line' id='line_1_20' title="bbox 323 1989 1906 2060; baseline 0.001 -18"><span class='ocrx_word' id='word_1_151' title='bbox 323 1992 462 2044; x_wconf 78' lang='lat' dir='ltr'><strong>moni</strong></span> <span class='ocrx_word' id='word_1_152' title='bbox 488 2006 634 2060; x_wconf 83' lang='lat' dir='ltr'><strong>quem</strong></span> <span class='ocrx_word' id='word_1_153' title='bbox 658 1989 786 2043; x_wconf 72' lang='lat' dir='ltr'><strong>dixit</strong></span> <span class='ocrx_word' id='word_1_154' title='bbox 813 1989 982 2043; x_wconf 82' lang='lat' dir='ltr'><strong>Jesus.</strong></span> <span class='ocrx_word' id='word_1_155' title='bbox 1013 1989 1146 2044; x_wconf 89' lang='lat' dir='ltr'><strong>Cum</strong></span> <span class='ocrx_word' id='word_1_156' title='bbox 1179 1989 1292 2044; x_wconf 69' lang='lat' dir='ltr'><strong>hazc</strong></span> <span class='ocrx_word' id='word_1_157' title='bbox 1317 1989 1641 2053; x_wconf 91' lang='lat' dir='ltr'><strong>dicerentur,</strong></span> <span class='ocrx_word' id='word_1_158' title='bbox 1687 1989 1776 2044; x_wconf 88' lang='lat' dir='ltr'><strong>alii</strong></span> <span class='ocrx_word' id='word_1_159' title='bbox 1812 1990 1906 2044; x_wconf 89' lang='lat' dir='ltr'><strong>du-</strong></span> 
     </span>
    </p>
   </div>
   <div class='ocr_carea' id='block_1_21' title="bbox 325 2079 1906 2149">
    <p class='ocr_par' dir='ltr' id='par_1_21' title="bbox 325 2079 1906 2149">
     <span class='ocr_line' id='line_1_21' title="bbox 325 2079 1906 2149; baseline 0.002 -17"><span class='ocrx_word' id='word_1_160' title='bbox 325 2080 563 2133; x_wconf 87' lang='lat' dir='ltr'><strong>bitabant</strong></span> <span class='ocrx_word' id='word_1_161' title='bbox 587 2079 924 2149; x_wconf 91' lang='lat' dir='ltr'><strong>quandonam</strong></span> <span class='ocrx_word' id='word_1_162' title='bbox 953 2079 1000 2132; x_wconf 87' lang='lat' dir='ltr'><strong>id</strong></span> <span class='ocrx_word' id='word_1_163' title='bbox 1026 2089 1341 2134; x_wconf 88' lang='lat' dir='ltr'><strong>eventurum</strong></span> <span class='ocrx_word' id='word_1_164' title='bbox 1374 2087 1537 2145; x_wconf 85' lang='lat' dir='ltr'><strong>esset,</strong></span> <span class='ocrx_word' id='word_1_165' title='bbox 1569 2081 1660 2133; x_wconf 86' lang='lat' dir='ltr'><strong>alii</strong></span> <span class='ocrx_word' id='word_1_166' title='bbox 1684 2090 1906 2143; x_wconf 65' lang='lat' dir='ltr'><strong>contem</strong></span> 
     </span>
    </p>
   </div>
   <div class='ocr_carea' id='block_1_22' title="bbox 323 2168 1905 2239">
    <p class='ocr_par' dir='ltr' id='par_1_22' title="bbox 323 2168 1905 2239">
     <span class='ocr_line' id='line_1_22' title="bbox 323 2168 1905 2239; baseline 0.001 -17"><span class='ocrx_word' id='word_1_167' title='bbox 323 2168 519 2222; x_wconf 90' lang='lat' dir='ltr'><strong>debant</strong></span> <span class='ocrx_word' id='word_1_168' title='bbox 548 2169 790 2224; x_wconf 89' lang='lat' dir='ltr'><strong>dicentes</strong></span> <span class='ocrx_word' id='word_1_169' title='bbox 826 2187 840 2222; x_wconf 89' lang='lat'><strong>:</strong></span> <span class='ocrx_word' id='word_1_170' title='bbox 869 2169 958 2224; x_wconf 78' lang='lat'><strong>20.</strong></span> <span class='ocrx_word' id='word_1_171' title='bbox 996 2168 1346 2239; x_wconf 78' lang='lat' dir='ltr'><strong>Quadraginta</strong></span> <span class='ocrx_word' id='word_1_172' title='bbox 1369 2184 1460 2222; x_wconf 81' lang='lat' dir='ltr'><strong>sea:</strong></span> <span class='ocrx_word' id='word_1_173' title='bbox 1484 2169 1633 2222; x_wconf 88' lang='lat' dir='ltr'><strong>annis</strong></span> <span class='ocrx_word' id='word_1_174' title='bbox 1676 2170 1905 2238; x_wconf 77' lang='lat' dir='ltr'><strong>wdiﬁca-</strong></span> 
     </span>
    </p>
   </div>
   <div class='ocr_carea' id='block_1_23' title="bbox 323 2257 1904 2328">
    <p class='ocr_par' dir='ltr' id='par_1_23' title="bbox 323 2257 1904 2328">
     <span class='ocr_line' id='line_1_23' title="bbox 323 2257 1904 2328; baseline 0.002 -18"><span class='ocrx_word' id='word_1_175' title='bbox 323 2269 428 2310; x_wconf 87' lang='lat' dir='ltr'><strong>tum</strong></span> <span class='ocrx_word' id='word_1_176' title='bbox 457 2268 528 2312; x_wconf 87' lang='lat' dir='ltr'><strong>est</strong></span> <span class='ocrx_word' id='word_1_177' title='bbox 567 2259 808 2328; x_wconf 82' lang='lat' dir='ltr'><strong>templum</strong></span> <span class='ocrx_word' id='word_1_178' title='bbox 837 2258 951 2324; x_wconf 89' lang='lat' dir='ltr'><strong>hoc,</strong></span> <span class='ocrx_word' id='word_1_179' title='bbox 997 2268 1044 2312; x_wconf 86' lang='lat' dir='ltr'><strong>et</strong></span> <span class='ocrx_word' id='word_1_180' title='bbox 1083 2267 1138 2312; x_wconf 89' lang='lat' dir='ltr'><strong>tu</strong></span> <span class='ocrx_word' id='word_1_181' title='bbox 1170 2259 1222 2311; x_wconf 88' lang='lat' dir='ltr'><strong>in</strong></span> <span class='ocrx_word' id='word_1_182' title='bbox 1268 2259 1424 2312; x_wconf 88' lang='lat' dir='ltr'><strong>tribus</strong></span> <span class='ocrx_word' id='word_1_183' title='bbox 1466 2257 1639 2313; x_wconf 84' lang='lat' dir='ltr'><strong>diebus</strong></span> <span class='ocrx_word' id='word_1_184' title='bbox 1666 2260 1904 2313; x_wconf 75' lang='lat' dir='ltr'><strong>excitabis</strong></span> 
     </span>
    </p>
   </div>
   <div class='ocr_carea' id='block_1_24' title="bbox 323 2350 1902 2420">
    <p class='ocr_par' dir='ltr' id='par_1_24' title="bbox 323 2350 1902 2420">
     <span class='ocr_line' id='line_1_24' title="bbox 323 2350 1902 2420; baseline 0.001 -16"><span class='ocrx_word' id='word_1_185' title='bbox 323 2351 495 2404; x_wconf 82' lang='lat' dir='ltr'><strong>illud?</strong></span> <span class='ocrx_word' id='word_1_186' title='bbox 535 2351 891 2420; x_wconf 81' lang='lat' dir='ltr'><strong>Quadraginta</strong></span> <span class='ocrx_word' id='word_1_187' title='bbox 927 2367 1018 2406; x_wconf 79' lang='lat' dir='ltr'><strong>sex</strong></span> <span class='ocrx_word' id='word_1_188' title='bbox 1061 2350 1215 2404; x_wconf 87' lang='lat' dir='ltr'><strong>annis</strong></span> <span class='ocrx_word' id='word_1_189' title='bbox 1262 2350 1527 2416; x_wconf 91' lang='lat' dir='ltr'><strong>dicentes,</strong></span> <span class='ocrx_word' id='word_1_190' title='bbox 1578 2358 1902 2419; x_wconf 89' lang='lat' dir='ltr'><strong>postremam</strong></span> 
     </span>
    </p>
   </div>
   <div class='ocr_carea' id='block_1_25' title="bbox 325 2441 1901 2513">
    <p class='ocr_par' dir='ltr' id='par_1_25' title="bbox 325 2441 1901 2513">
     <span class='ocr_line' id='line_1_25' title="bbox 325 2441 1901 2513; baseline 0.003 -19"><span class='ocrx_word' id='word_1_191' title='bbox 325 2441 505 2510; x_wconf 82' lang='lat' dir='ltr'><strong>templi</strong></span> <span class='ocrx_word' id='word_1_192' title='bbox 526 2441 978 2496; x_wconf 85' lang='lat' dir='ltr'><strong>constructionem</strong></span> <span class='ocrx_word' id='word_1_193' title='bbox 1006 2441 1340 2512; x_wconf 86' lang='lat' dir='ltr'><strong>significant;</strong></span> <span class='ocrx_word' id='word_1_194' title='bbox 1370 2442 1517 2512; x_wconf 91' lang='lat' dir='ltr'><strong>prior</strong></span> <span class='ocrx_word' id='word_1_195' title='bbox 1541 2442 1684 2497; x_wconf 91' lang='lat' dir='ltr'><strong>enim</strong></span> <span class='ocrx_word' id='word_1_196' title='bbox 1720 2442 1901 2513; x_wconf 76' lang='lat' dir='ltr'><strong>viginti</strong></span> 
     </span>
    </p>
   </div>
   <div class='ocr_carea' id='block_1_26' title="bbox 324 2533 885 2587">
    <p class='ocr_par' dir='ltr' id='par_1_26' title="bbox 324 2533 885 2587">
     <span class='ocr_line' id='line_1_26' title="bbox 324 2533 885 2587; baseline -0.004 -1"><span class='ocrx_word' id='word_1_197' title='bbox 324 2533 476 2587; x_wconf 86' lang='lat' dir='ltr'><strong>annis</strong></span> <span class='ocrx_word' id='word_1_198' title='bbox 502 2533 740 2586; x_wconf 87' lang='lat' dir='ltr'><strong>absoluta</strong></span> <span class='ocrx_word' id='word_1_199' title='bbox 769 2533 885 2587; x_wconf 90' lang='lat' dir='ltr'><strong>fuit.</strong></span> 
     </span>
    </p>
   </div>
   <div class='ocr_carea' id='block_1_27' title="bbox 393 2621 1898 2695">
    <p class='ocr_par' dir='ltr' id='par_1_27' title="bbox 393 2621 1898 2695">
     <span class='ocr_line' id='line_1_27' title="bbox 393 2621 1898 2695; baseline 0.003 -20"><span class='ocrx_word' id='word_1_200' title='bbox 393 2623 447 2675; x_wconf 82' lang='lat'><strong>5.</strong></span> <span class='ocrx_word' id='word_1_201' title='bbox 480 2621 582 2676; x_wconf 89' lang='lat' dir='ltr'><strong>Cur</strong></span> <span class='ocrx_word' id='word_1_202' title='bbox 603 2637 730 2692; x_wconf 87' lang='lat' dir='ltr'><strong>ergo</strong></span> <span class='ocrx_word' id='word_1_203' title='bbox 750 2623 973 2693; x_wconf 74' lang='lat' dir='ltr'><strong>tenigma</strong></span> <span class='ocrx_word' id='word_1_204' title='bbox 1009 2623 1135 2678; x_wconf 91' lang='lat' dir='ltr'><strong>illud</strong></span> <span class='ocrx_word' id='word_1_205' title='bbox 1170 2638 1273 2679; x_wconf 91' lang='lat' dir='ltr'><strong>non</strong></span> <span class='ocrx_word' id='word_1_206' title='bbox 1301 2623 1490 2693; x_wconf 84' lang='lat' dir='ltr'><strong>solvit,</strong></span> <span class='ocrx_word' id='word_1_207' title='bbox 1523 2638 1696 2695; x_wconf 90' lang='lat' dir='ltr'><strong>neque</strong></span> <span class='ocrx_word' id='word_1_208' title='bbox 1722 2623 1852 2680; x_wconf 76' lang='lat' dir='ltr'><strong>dixit</strong></span> <span class='ocrx_word' id='word_1_209' title='bbox 1885 2642 1898 2680; x_wconf 89' lang='lat'><strong>:</strong></span> 
     </span>
    </p>
   </div>
   <div class='ocr_carea' id='block_1_28' title="bbox 322 2713 1900 2785">
    <p class='ocr_par' dir='ltr' id='par_1_28' title="bbox 322 2713 1900 2785">
     <span class='ocr_line' id='line_1_28' title="bbox 322 2713 1900 2785; baseline 0.004 -17"><span class='ocrx_word' id='word_1_210' title='bbox 322 2713 434 2768; x_wconf 80' lang='lat' dir='ltr'><strong>Non</strong></span> <span class='ocrx_word' id='word_1_211' title='bbox 464 2713 532 2768; x_wconf 90' lang='lat' dir='ltr'><strong>de</strong></span> <span class='ocrx_word' id='word_1_212' title='bbox 557 2715 656 2769; x_wconf 89' lang='lat' dir='ltr'><strong>hoc</strong></span> <span class='ocrx_word' id='word_1_213' title='bbox 688 2716 888 2784; x_wconf 87' lang='lat' dir='ltr'><strong>templo</strong></span> <span class='ocrx_word' id='word_1_214' title='bbox 912 2717 1118 2785; x_wconf 87' lang='lat' dir='ltr'><strong>loquor,</strong></span> <span class='ocrx_word' id='word_1_215' title='bbox 1138 2717 1230 2772; x_wconf 90' lang='lat' dir='ltr'><strong>sed</strong></span> <span class='ocrx_word' id='word_1_216' title='bbox 1261 2716 1327 2773; x_wconf 88' lang='lat' dir='ltr'><strong>de</strong></span> <span class='ocrx_word' id='word_1_217' title='bbox 1351 2733 1510 2773; x_wconf 89' lang='lat' dir='ltr'><strong>carne</strong></span> <span class='ocrx_word' id='word_1_218' title='bbox 1539 2733 1685 2784; x_wconf 88' lang='lat' dir='ltr'><strong>mea;</strong></span> <span class='ocrx_word' id='word_1_219' title='bbox 1715 2734 1900 2774; x_wconf 84' lang='lat' dir='ltr'><strong>verum</strong></span> 
     </span>
    </p>
   </div>
   <div class='ocr_carea' id='block_1_29' title="bbox 321 2805 1900 2879">
    <p class='ocr_par' dir='ltr' id='par_1_29' title="bbox 321 2805 1900 2879">
     <span class='ocr_line' id='line_1_29' title="bbox 321 2805 1900 2879; baseline 0.004 -20"><span class='ocrx_word' id='word_1_220' title='bbox 321 2805 664 2876; x_wconf 74' lang='lat' dir='ltr'><strong>evangelista,</strong></span> <span class='ocrx_word' id='word_1_221' title='bbox 694 2805 783 2859; x_wconf 92' lang='lat' dir='ltr'><strong>diu</strong></span> <span class='ocrx_word' id='word_1_222' title='bbox 819 2816 1000 2876; x_wconf 90' lang='lat' dir='ltr'><strong>postea</strong></span> <span class='ocrx_word' id='word_1_223' title='bbox 1040 2808 1277 2863; x_wconf 88' lang='lat' dir='ltr'><strong>scribens</strong></span> <span class='ocrx_word' id='word_1_224' title='bbox 1303 2809 1634 2879; x_wconf 81' lang='lat' dir='ltr'><strong>evangelium</strong></span> <span class='ocrx_word' id='word_1_225' title='bbox 1654 2850 1669 2875; x_wconf 94' lang='lat'><strong>,</strong></span> <span class='ocrx_word' id='word_1_226' title='bbox 1700 2809 1900 2865; x_wconf 89' lang='lat' dir='ltr'><strong>dictum</strong></span> 
     </span>
    </p>
   </div>
   <div class='ocr_carea' id='block_1_30' title="bbox 322 2895 1900 2968">
    <p class='ocr_par' dir='ltr' id='par_1_30' title="bbox 322 2895 1900 2968">
     <span class='ocr_line' id='line_1_30' title="bbox 322 2895 1900 2968; baseline 0.005 -19"><span class='ocrx_word' id='word_1_227' title='bbox 322 2895 450 2949; x_wconf 81' lang='lat' dir='ltr'><strong>illud</strong></span> <span class='ocrx_word' id='word_1_228' title='bbox 480 2896 793 2964; x_wconf 68' lang='lat' dir='ltr'><strong>explicavit,</strong></span> <span class='ocrx_word' id='word_1_229' title='bbox 821 2897 908 2951; x_wconf 89' lang='lat' dir='ltr'><strong>ille</strong></span> <span class='ocrx_word' id='word_1_230' title='bbox 932 2911 1058 2952; x_wconf 88' lang='lat' dir='ltr'><strong>vero</strong></span> <span class='ocrx_word' id='word_1_231' title='bbox 1085 2899 1280 2953; x_wconf 85' lang='lat' dir='ltr'><strong>tacuit?</strong></span> <span class='ocrx_word' id='word_1_232' title='bbox 1321 2899 1528 2967; x_wconf 83' lang='lat' dir='ltr'><strong>Quare?</strong></span> <span class='ocrx_word' id='word_1_233' title='bbox 1563 2900 1696 2968; x_wconf 86' lang='lat' dir='ltr'><strong>Quia</strong></span> <span class='ocrx_word' id='word_1_234' title='bbox 1723 2902 1900 2957; x_wconf 83' lang='lat' dir='ltr'><strong>verbis</strong></span> 
     </span>
    </p>
   </div>
   <div class='ocr_carea' id='block_1_31' title="bbox 320 2985 1898 3060">
    <p class='ocr_par' dir='ltr' id='par_1_31' title="bbox 320 2985 1898 3060">
     <span class='ocr_line' id='line_1_31' title="bbox 320 2985 1898 3060; baseline 0.006 -22"><span class='ocrx_word' id='word_1_235' title='bbox 320 2985 437 3054; x_wconf 67' lang='lat' dir='ltr'><strong>ejus</strong></span> <span class='ocrx_word' id='word_1_236' title='bbox 472 2986 626 3040; x_wconf 90' lang='lat' dir='ltr'><strong>fidem</strong></span> <span class='ocrx_word' id='word_1_237' title='bbox 653 3001 760 3040; x_wconf 92' lang='lat' dir='ltr'><strong>non</strong></span> <span class='ocrx_word' id='word_1_238' title='bbox 790 2986 1116 3042; x_wconf 86' lang='lat' dir='ltr'><strong>habuissent.</strong></span> <span class='ocrx_word' id='word_1_239' title='bbox 1148 2988 1204 3043; x_wconf 90' lang='lat' dir='ltr'><strong>Si</strong></span> <span class='ocrx_word' id='word_1_240' title='bbox 1231 2990 1371 3044; x_wconf 89' lang='lat' dir='ltr'><strong>enim</strong></span> <span class='ocrx_word' id='word_1_241' title='bbox 1404 3005 1468 3044; x_wconf 90' lang='lat' dir='ltr'><strong>ne</strong></span> <span class='ocrx_word' id='word_1_242' title='bbox 1494 2991 1705 3060; x_wconf 90' lang='lat' dir='ltr'><strong>quidem</strong></span> <span class='ocrx_word' id='word_1_243' title='bbox 1735 2992 1898 3047; x_wconf 83' lang='lat' dir='ltr'><strong>disci-</strong></span> 
     </span>
    </p>
   </div>
   <div class='ocr_carea' id='block_1_32' title="bbox 321 3074 1895 3148">
    <p class='ocr_par' dir='ltr' id='par_1_32' title="bbox 321 3074 1895 3148">
     <span class='ocr_line' id='line_1_32' title="bbox 321 3074 1895 3148; baseline 0.006 -21"><span class='ocrx_word' id='word_1_244' title='bbox 321 3074 427 3143; x_wconf 75' lang='lat' dir='ltr'><strong>puli</strong></span> <span class='ocrx_word' id='word_1_245' title='bbox 472 3084 716 3144; x_wconf 84' lang='lat' dir='ltr'><strong>poterant</strong></span> <span class='ocrx_word' id='word_1_246' title='bbox 765 3085 889 3131; x_wconf 90' lang='lat' dir='ltr'><strong>tunc</strong></span> <span class='ocrx_word' id='word_1_247' title='bbox 934 3078 1228 3148; x_wconf 83' lang='lat' dir='ltr'><strong>intelligere</strong></span> <span class='ocrx_word' id='word_1_248' title='bbox 1253 3120 1266 3144; x_wconf 92' lang='lat'><strong>,</strong></span> <span class='ocrx_word' id='word_1_249' title='bbox 1301 3079 1468 3134; x_wconf 90' lang='lat' dir='ltr'><strong>multo</strong></span> <span class='ocrx_word' id='word_1_250' title='bbox 1498 3080 1671 3135; x_wconf 91' lang='lat' dir='ltr'><strong>minus</strong></span> <span class='ocrx_word' id='word_1_251' title='bbox 1707 3082 1895 3137; x_wconf 70' lang='lat' dir='ltr'><strong>turbm.</strong></span> 
     </span>
    </p>
   </div>
   <div class='ocr_carea' id='block_1_33' title="bbox 321 3168 1900 3239">
    <p class='ocr_par' dir='ltr' id='par_1_33' title="bbox 321 3168 1900 3239">
     <span class='ocr_line' id='line_1_33' title="bbox 321 3168 1900 3239; baseline 0.004 -19"><span class='ocrx_word' id='word_1_252' title='bbox 321 3168 445 3220; x_wconf 83' lang='lat' dir='ltr'><strong>Cum</strong></span> <span class='ocrx_word' id='word_1_253' title='bbox 471 3169 786 3234; x_wconf 69' lang='lat' dir='ltr'><strong>surrexisset,</strong></span> <span class='ocrx_word' id='word_1_254' title='bbox 811 3170 1000 3239; x_wconf 88' lang='lat' dir='ltr'><strong>inquit,</strong></span> <span class='ocrx_word' id='word_1_255' title='bbox 1022 3168 1054 3223; x_wconf 83' lang='lat' dir='ltr'><strong>.I</strong></span> <span class='ocrx_word' id='word_1_256' title='bbox 1061 3187 1173 3224; x_wconf 84' lang='lat' dir='ltr'><strong>esus</strong></span> <span class='ocrx_word' id='word_1_257' title='bbox 1194 3187 1225 3223; x_wconf 91' lang='lat' dir='ltr'><strong>a</strong></span> <span class='ocrx_word' id='word_1_258' title='bbox 1254 3173 1482 3235; x_wconf 85' lang='lat' dir='ltr'><strong>mortuis,</strong></span> <span class='ocrx_word' id='word_1_259' title='bbox 1508 3181 1625 3225; x_wconf 89' lang='lat' dir='ltr'><strong>tunc</strong></span> <span class='ocrx_word' id='word_1_260' title='bbox 1649 3173 1900 3227; x_wconf 82' lang='lat' dir='ltr'><strong>recordati</strong></span> 
     </span>
    </p>
   </div>
   <div class='ocr_carea' id='block_1_34' title="bbox 318 3258 1898 3328">
    <p class='ocr_par' dir='ltr' id='par_1_34' title="bbox 318 3258 1898 3328">
     <span class='ocr_line' id='line_1_34' title="bbox 318 3258 1898 3328; baseline 0.004 -17"><span class='ocrx_word' id='word_1_261' title='bbox 318 3267 434 3311; x_wconf 78' lang='lat' dir='ltr'><strong>sunt</strong></span> <span class='ocrx_word' id='word_1_262' title='bbox 454 3298 470 3322; x_wconf 92' lang='lat'><strong>,</strong></span> <span class='ocrx_word' id='word_1_263' title='bbox 500 3267 547 3310; x_wconf 90' lang='lat' dir='ltr'><strong>et</strong></span> <span class='ocrx_word' id='word_1_264' title='bbox 587 3258 903 3311; x_wconf 87' lang='lat' dir='ltr'><strong>crediderunt</strong></span> <span class='ocrx_word' id='word_1_265' title='bbox 928 3260 1144 3312; x_wconf 78' lang='lat' dir='ltr'><strong>sermoni</strong></span> <span class='ocrx_word' id='word_1_266' title='bbox 1174 3269 1219 3312; x_wconf 91' lang='lat' dir='ltr'><strong>et</strong></span> <span class='ocrx_word' id='word_1_267' title='bbox 1251 3259 1552 3328; x_wconf 74' lang='lat' dir='ltr'><strong>Scriptum.</strong></span> <span class='ocrx_word' id='word_1_268' title='bbox 1607 3262 1716 3315; x_wconf 93' lang='lat' dir='ltr'><strong>Duo</strong></span> <span class='ocrx_word' id='word_1_269' title='bbox 1755 3263 1898 3318; x_wconf 90' lang='lat' dir='ltr'><strong>enim</strong></span> 
     </span>
    </p>
   </div>
   <div class='ocr_carea' id='block_1_35' title="bbox 319 3347 1891 3422">
    <p class='ocr_par' dir='ltr' id='par_1_35' title="bbox 319 3347 1891 3422">
     <span class='ocr_line' id='line_1_35' title="bbox 319 3347 1891 3422; baseline 0.004 -20"><span class='ocrx_word' id='word_1_270' title='bbox 319 3347 447 3418; x_wconf 83' lang='lat' dir='ltr'><strong>ipsis</strong></span> <span class='ocrx_word' id='word_1_271' title='bbox 467 3358 592 3404; x_wconf 92' lang='lat' dir='ltr'><strong>tunc</strong></span> <span class='ocrx_word' id='word_1_272' title='bbox 622 3351 1070 3419; x_wconf 87' lang='lat' dir='ltr'><strong>proponebantur,</strong></span> <span class='ocrx_word' id='word_1_273' title='bbox 1103 3353 1423 3406; x_wconf 92' lang='lat' dir='ltr'><strong>resurrectio</strong></span> <span class='ocrx_word' id='word_1_274' title='bbox 1449 3393 1462 3417; x_wconf 96' lang='lat'><strong>,</strong></span> <span class='ocrx_word' id='word_1_275' title='bbox 1495 3362 1577 3417; x_wconf 87' lang='lat' dir='ltr'><strong>et,</strong></span> <span class='ocrx_word' id='word_1_276' title='bbox 1605 3353 1744 3422; x_wconf 88' lang='lat' dir='ltr'><strong>quod</strong></span> <span class='ocrx_word' id='word_1_277' title='bbox 1778 3370 1891 3408; x_wconf 82' lang='lat' dir='ltr'><strong>ma-</strong></span> 
     </span>
    </p>
   </div>
   <div class='ocr_carea' id='block_1_36' title="bbox 315 3439 1897 3514">
    <p class='ocr_par' dir='ltr' id='par_1_36' title="bbox 315 3439 1897 3514">
     <span class='ocr_line' id='line_1_36' title="bbox 315 3439 1897 3514; baseline 0.005 -24"><span class='ocrx_word' id='word_1_278' title='bbox 315 3439 400 3508; x_wconf 89' lang='lat' dir='ltr'><strong>jus</strong></span> <span class='ocrx_word' id='word_1_279' title='bbox 425 3447 559 3503; x_wconf 88' lang='lat' dir='ltr'><strong>erat,</strong></span> <span class='ocrx_word' id='word_1_280' title='bbox 595 3455 720 3494; x_wconf 91' lang='lat' dir='ltr'><strong>num</strong></span> <span class='ocrx_word' id='word_1_281' title='bbox 752 3441 888 3495; x_wconf 85' lang='lat' dir='ltr'><strong>Deus</strong></span> <span class='ocrx_word' id='word_1_282' title='bbox 916 3451 1059 3496; x_wconf 89' lang='lat' dir='ltr'><strong>esset</strong></span> <span class='ocrx_word' id='word_1_283' title='bbox 1085 3442 1127 3496; x_wconf 89' lang='lat' dir='ltr'><strong>is</strong></span> <span class='ocrx_word' id='word_1_284' title='bbox 1157 3443 1243 3510; x_wconf 91' lang='lat' dir='ltr'><strong>qui</strong></span> <span class='ocrx_word' id='word_1_285' title='bbox 1279 3443 1419 3496; x_wconf 91' lang='lat' dir='ltr'><strong>intus</strong></span> <span class='ocrx_word' id='word_1_286' title='bbox 1446 3441 1748 3508; x_wconf 81' lang='lat' dir='ltr'><strong>habitabat;</strong></span> <span class='ocrx_word' id='word_1_287' title='bbox 1779 3460 1897 3514; x_wconf 79' lang='lat' dir='ltr'><strong>qua:</strong></span> 
     </span>
    </p>
   </div>
   <div class='ocr_carea' id='block_1_37' title="bbox 318 3530 1897 3602">
    <p class='ocr_par' dir='ltr' id='par_1_37' title="bbox 318 3530 1897 3602">
     <span class='ocr_line' id='line_1_37' title="bbox 318 3530 1897 3602; baseline 0.003 -18"><span class='ocrx_word' id='word_1_288' title='bbox 318 3530 474 3584; x_wconf 87' lang='lat' dir='ltr'><strong>ambo</strong></span> <span class='ocrx_word' id='word_1_289' title='bbox 499 3531 857 3586; x_wconf 86' lang='lat' dir='ltr'><strong>subindicavit</strong></span> <span class='ocrx_word' id='word_1_290' title='bbox 878 3533 1059 3586; x_wconf 91' lang='lat' dir='ltr'><strong>dicens</strong></span> <span class='ocrx_word' id='word_1_291' title='bbox 1090 3553 1100 3586; x_wconf 90' lang='lat'>:</span> <span class='ocrx_word' id='word_1_292' title='bbox 1128 3531 1320 3586; x_wconf 84' lang='lat' dir='ltr'><strong>Solvite</strong></span> <span class='ocrx_word' id='word_1_293' title='bbox 1345 3533 1587 3602; x_wconf 88' lang='lat' dir='ltr'><strong>templum</strong></span> <span class='ocrx_word' id='word_1_294' title='bbox 1608 3534 1702 3587; x_wconf 87' lang='lat' dir='ltr'><strong>hoc</strong></span> <span class='ocrx_word' id='word_1_295' title='bbox 1723 3576 1737 3599; x_wconf 93' lang='lat'><strong>,</strong></span> <span class='ocrx_word' id='word_1_296' title='bbox 1773 3544 1818 3589; x_wconf 90' lang='lat' dir='ltr'><strong>et</strong></span> <span class='ocrx_word' id='word_1_297' title='bbox 1845 3536 1897 3589; x_wconf 89' lang='lat' dir='ltr'><strong>in</strong></span> 
     </span>
    </p>
   </div>
   <div class='ocr_carea' id='block_1_38' title="bbox 317 3621 1896 3692">
    <p class='ocr_par' dir='ltr' id='par_1_38' title="bbox 317 3621 1896 3692">
     <span class='ocr_line' id='line_1_38' title="bbox 317 3621 1896 3692; baseline 0.005 -20"><span class='ocrx_word' id='word_1_298' title='bbox 317 3623 473 3674; x_wconf 86' lang='lat' dir='ltr'><strong>tribus</strong></span> <span class='ocrx_word' id='word_1_299' title='bbox 515 3621 688 3676; x_wconf 85' lang='lat' dir='ltr'><strong>diebus</strong></span> <span class='ocrx_word' id='word_1_300' title='bbox 731 3622 954 3676; x_wconf 77' lang='lat' dir='ltr'><strong>excitabo</strong></span> <span class='ocrx_word' id='word_1_301' title='bbox 994 3621 1126 3675; x_wconf 87' lang='lat' dir='ltr'><strong>illud</strong></span> <span class='ocrx_word' id='word_1_302' title='bbox 1155 3639 1174 3676; x_wconf 90' lang='lat'><strong><em>:</em></strong></span> <span class='ocrx_word' id='word_1_303' title='bbox 1203 3623 1342 3692; x_wconf 88' lang='lat' dir='ltr'><strong>quod</strong></span> <span class='ocrx_word' id='word_1_304' title='bbox 1390 3624 1584 3677; x_wconf 86' lang='lat' dir='ltr'><strong>Paulus</strong></span> <span class='ocrx_word' id='word_1_305' title='bbox 1626 3625 1750 3678; x_wconf 89' lang='lat' dir='ltr'><strong>dicit</strong></span> <span class='ocrx_word' id='word_1_306' title='bbox 1792 3639 1896 3680; x_wconf 92' lang='lat' dir='ltr'><strong>non</strong></span> 
     </span>
    </p>
   </div>
   <div class='ocr_carea' id='block_1_39' title="bbox 316 3712 1896 3784">
    <p class='ocr_par' dir='ltr' id='par_1_39' title="bbox 316 3712 1896 3784">
     <span class='ocr_line' id='line_1_39' title="bbox 316 3712 1896 3784; baseline 0.003 -20"><span class='ocrx_word' id='word_1_307' title='bbox 316 3727 536 3780; x_wconf 85' lang='lat' dir='ltr'><strong>parvum</strong></span> <span class='ocrx_word' id='word_1_308' title='bbox 566 3728 687 3766; x_wconf 87' lang='lat' dir='ltr'><strong>esse</strong></span> <span class='ocrx_word' id='word_1_309' title='bbox 714 3712 1002 3766; x_wconf 83' lang='lat' dir='ltr'><strong>divinitatis</strong></span> <span class='ocrx_word' id='word_1_310' title='bbox 1029 3714 1259 3781; x_wconf 88' lang='lat' dir='ltr'><strong>signum,</strong></span> <span class='ocrx_word' id='word_1_311' title='bbox 1289 3713 1371 3766; x_wconf 90' lang='lat' dir='ltr'><strong>his</strong></span> <span class='ocrx_word' id='word_1_312' title='bbox 1401 3713 1578 3768; x_wconf 83' lang='lat' dir='ltr'><strong>verbis</strong></span> <span class='ocrx_word' id='word_1_313' title='bbox 1603 3731 1614 3768; x_wconf 93' lang='lat'>:</span> <span class='ocrx_word' id='word_1_314' title='bbox 1643 3713 1740 3781; x_wconf 84' lang='lat' dir='ltr'><strong>Qui</strong></span> <span class='ocrx_word' id='word_1_315' title='bbox 1763 3730 1896 3784; x_wconf 77' lang='lat' dir='ltr'><strong>prte-</strong></span> 
     </span>
    </p>
   </div>
   <div class='ocr_carea' id='block_1_40' title="bbox 315 3801 1898 3871">
    <p class='ocr_par' dir='ltr' id='par_1_40' title="bbox 315 3801 1898 3871">
     <span class='ocr_line' id='line_1_40' title="bbox 315 3801 1898 3871; baseline 0.004 -19"><span class='ocrx_word' id='word_1_316' title='bbox 315 3801 592 3854; x_wconf 84' lang='lat' dir='ltr'><strong>destinatus</strong></span> <span class='ocrx_word' id='word_1_317' title='bbox 631 3811 704 3854; x_wconf 79' lang='lat' dir='ltr'><strong>est</strong></span> <span class='ocrx_word' id='word_1_318' title='bbox 743 3801 908 3855; x_wconf 85' lang='lat' dir='ltr'><strong>Filius</strong></span> <span class='ocrx_word' id='word_1_319' title='bbox 940 3801 1033 3855; x_wconf 85' lang='lat' dir='ltr'><strong>Dei</strong></span> <span class='ocrx_word' id='word_1_320' title='bbox 1057 3803 1107 3854; x_wconf 86' lang='lat' dir='ltr'><strong>in</strong></span> <span class='ocrx_word' id='word_1_321' title='bbox 1137 3803 1315 3856; x_wconf 85' lang='lat' dir='ltr'><strong>virtute</strong></span> <span class='ocrx_word' id='word_1_322' title='bbox 1342 3802 1615 3856; x_wconf 80' lang='lat' dir='ltr'><strong>secundum</strong></span> <span class='ocrx_word' id='word_1_323' title='bbox 1645 3803 1898 3871; x_wconf 86' lang='lat' dir='ltr'><strong>Spiritum</strong></span> 
     </span>
    </p>
   </div>
   <div class='ocr_carea' id='block_1_41' title="bbox 315 3893 1895 3960">
    <p class='ocr_par' dir='ltr' id='par_1_41' title="bbox 315 3893 1895 3960">
     <span class='ocr_line' id='line_1_41' title="bbox 315 3893 1895 3960; baseline 0.001 -12"><span class='ocrx_word' id='word_1_324' title='bbox 315 3895 727 3960; x_wconf 78' lang='lat' dir='ltr'><strong>sanctiﬁcationis</strong></span> <span class='ocrx_word' id='word_1_325' title='bbox 748 3935 760 3956; x_wconf 96' lang='lat'><strong>,</strong></span> <span class='ocrx_word' id='word_1_326' title='bbox 794 3909 857 3947; x_wconf 82' lang='lat' dir='ltr'><strong>ea:</strong></span> <span class='ocrx_word' id='word_1_327' title='bbox 883 3895 1240 3947; x_wconf 78' lang='lat' dir='ltr'><strong>resurrectione</strong></span> <span class='ocrx_word' id='word_1_328' title='bbox 1267 3904 1577 3948; x_wconf 89' lang='lat' dir='ltr'><strong>mortuorum</strong></span> <span class='ocrx_word' id='word_1_329' title='bbox 1600 3893 1724 3948; x_wconf 74' lang='lat' dir='ltr'><strong>Iesu</strong></span> <span class='ocrx_word' id='word_1_330' title='bbox 1745 3895 1895 3950; x_wconf 81' lang='lat' dir='ltr'><strong>Citri-</strong></span> 
     </span>
    </p>
   </div>
   <div class='ocr_carea' id='block_1_42' title="bbox 316 3984 1896 4057">
    <p class='ocr_par' dir='ltr' id='par_1_42' title="bbox 316 3984 1896 4057">
     <span class='ocr_line' id='line_1_42' title="bbox 316 3984 1896 4057; baseline 0.003 -19"><span class='ocrx_word' id='word_1_331' title='bbox 316 3986 379 4038; x_wconf 90' lang='lat' dir='ltr'><strong>sti</strong></span> <span class='ocrx_word' id='word_1_332' title='bbox 402 3987 420 4053; x_wconf 93' lang='lat'><strong>(</strong></span> <span class='ocrx_word' id='word_1_333' title='bbox 446 3984 597 4040; x_wconf 82' lang='lat' dir='ltr'><strong>Rom.</strong></span> <span class='ocrx_word' id='word_1_334' title='bbox 633 3985 685 4038; x_wconf 82' lang='lat' dir='ltr'><strong>I.</strong></span> <span class='ocrx_word' id='word_1_335' title='bbox 727 3985 817 4053; x_wconf 76' lang='grc'><strong>4).</strong></span> <span class='ocrx_word' id='word_1_336' title='bbox 849 3986 956 4039; x_wconf 86' lang='lat' dir='ltr'><strong>Cur</strong></span> <span class='ocrx_word' id='word_1_337' title='bbox 985 3993 1040 4040; x_wconf 83' lang='lat' dir='ltr'><strong>et</strong></span> <span class='ocrx_word' id='word_1_338' title='bbox 1065 3986 1170 4039; x_wconf 90' lang='lat' dir='ltr'><strong>illic</strong></span> <span class='ocrx_word' id='word_1_339' title='bbox 1195 3994 1250 4040; x_wconf 89' lang='lat' dir='ltr'><strong>et</strong></span> <span class='ocrx_word' id='word_1_340' title='bbox 1276 3985 1360 4040; x_wconf 91' lang='lat' dir='ltr'><strong>hic</strong></span> <span class='ocrx_word' id='word_1_341' title='bbox 1393 3995 1447 4040; x_wconf 92' lang='lat' dir='ltr'><strong>et</strong></span> <span class='ocrx_word' id='word_1_342' title='bbox 1477 3986 1668 4057; x_wconf 87' lang='lat' dir='ltr'><strong>ubique</strong></span> <span class='ocrx_word' id='word_1_343' title='bbox 1695 3987 1793 4042; x_wconf 93' lang='lat' dir='ltr'><strong>hoc</strong></span> <span class='ocrx_word' id='word_1_344' title='bbox 1822 3988 1896 4042; x_wconf 90' lang='lat' dir='ltr'><strong>si-</strong></span> 
     </span>
    </p>
   </div>
   <div class='ocr_carea' id='block_1_43' title="bbox 313 4077 1897 4150">
    <p class='ocr_par' dir='ltr' id='par_1_43' title="bbox 313 4077 1897 4150">
     <span class='ocr_line' id='line_1_43' title="bbox 313 4077 1897 4150; baseline 0.003 -21"><span class='ocrx_word' id='word_1_345' title='bbox 313 4093 473 4148; x_wconf 80' lang='lat' dir='ltr'><strong>gnum</strong></span> <span class='ocrx_word' id='word_1_346' title='bbox 500 4079 612 4144; x_wconf 87' lang='lat' dir='ltr'><strong>dat,</strong></span> <span class='ocrx_word' id='word_1_347' title='bbox 637 4079 796 4132; x_wconf 85' lang='lat' dir='ltr'><strong>modo</strong></span> <span class='ocrx_word' id='word_1_348' title='bbox 820 4078 1022 4143; x_wconf 90' lang='lat' dir='ltr'><strong>dicens,</strong></span> <span class='ocrx_word' id='word_1_349' title='bbox 1047 4077 1172 4132; x_wconf 88' lang='lat' dir='ltr'><strong>Cum</strong></span> <span class='ocrx_word' id='word_1_350' title='bbox 1198 4079 1444 4132; x_wconf 75' lang='lat' dir='ltr'><strong>exaltatus</strong></span> <span class='ocrx_word' id='word_1_351' title='bbox 1465 4083 1605 4150; x_wconf 80' lang='lat' dir='ltr'><strong>fuero</strong></span> <span class='ocrx_word' id='word_1_352' title='bbox 1628 4096 1646 4144; x_wconf 88' lang='lat'><em>;</em></span> <span class='ocrx_word' id='word_1_353' title='bbox 1674 4089 1746 4144; x_wconf 92' lang='lat' dir='ltr'><strong>et,</strong></span> <span class='ocrx_word' id='word_1_354' title='bbox 1771 4080 1897 4133; x_wconf 85' lang='lat' dir='ltr'><strong>Cum</strong></span> 
     </span>
    </p>
   </div>
   <div class='ocr_carea' id='block_1_44' title="bbox 315 4169 1897 4240">
    <p class='ocr_par' dir='ltr' id='par_1_44' title="bbox 315 4169 1897 4240">
     <span class='ocr_line' id='line_1_44' title="bbox 315 4169 1897 4240; baseline -0.001 -16"><span class='ocrx_word' id='word_1_355' title='bbox 315 4170 655 4224; x_wconf 70' lang='lat' dir='ltr'><strong>exaltaueritis</strong></span> <span class='ocrx_word' id='word_1_356' title='bbox 687 4169 732 4222; x_wconf 85' lang='lat' dir='ltr'><em>F</em></span> <span class='ocrx_word' id='word_1_357' title='bbox 733 4169 878 4223; x_wconf 89' lang='lat' dir='ltr'><strong>ilium</strong></span> <span class='ocrx_word' id='word_1_358' title='bbox 904 4170 1121 4225; x_wconf 81' lang='lat' dir='ltr'><strong>hominis</strong></span> <span class='ocrx_word' id='word_1_359' title='bbox 1138 4210 1155 4236; x_wconf 88' lang='lat'><strong>,</strong></span> <span class='ocrx_word' id='word_1_360' title='bbox 1187 4179 1306 4223; x_wconf 89' lang='lat' dir='ltr'><strong>tunc</strong></span> <span class='ocrx_word' id='word_1_361' title='bbox 1331 4171 1639 4240; x_wconf 84' lang='lat' dir='ltr'><strong>cognoscetis</strong></span> <span class='ocrx_word' id='word_1_362' title='bbox 1662 4171 1778 4239; x_wconf 89' lang='lat' dir='ltr'><strong>quia</strong></span> <span class='ocrx_word' id='word_1_363' title='bbox 1807 4185 1897 4239; x_wconf 84' lang='lat' dir='ltr'><strong>ego</strong></span> 
     </span>
    </p>
   </div>
   <div class='ocr_carea' id='block_1_45' title="bbox 316 4259 1897 4333">
    <p class='ocr_par' dir='ltr' id='par_1_45' title="bbox 316 4259 1897 4333">
     <span class='ocr_line' id='line_1_45' title="bbox 316 4259 1897 4333; baseline 0 -20"><span class='ocrx_word' id='word_1_364' title='bbox 316 4277 422 4313; x_wconf 86' lang='lat' dir='ltr'><strong>sum</strong></span> <span class='ocrx_word' id='word_1_365' title='bbox 450 4260 628 4328; x_wconf 83' lang='lat' dir='ltr'><strong>(Joan.</strong></span> <span class='ocrx_word' id='word_1_366' title='bbox 656 4260 736 4315; x_wconf 76' lang='lat' dir='ltr'><strong>l2.</strong></span> <span class='ocrx_word' id='word_1_367' title='bbox 761 4261 847 4316; x_wconf 76' lang='grc'><strong>52.</strong></span> <span class='ocrx_word' id='word_1_368' title='bbox 880 4270 924 4314; x_wconf 92' lang='lat' dir='ltr'><strong>et</strong></span> <span class='ocrx_word' id='word_1_369' title='bbox 947 4261 1002 4315; x_wconf 90' lang='lat'><strong>8.</strong></span> <span class='ocrx_word' id='word_1_370' title='bbox 1021 4261 1127 4333; x_wconf 75' lang='lat'><strong>28)</strong></span> <span class='ocrx_word' id='word_1_371' title='bbox 1151 4277 1166 4326; x_wconf 89' lang='lat'><strong>;</strong></span> <span class='ocrx_word' id='word_1_372' title='bbox 1197 4261 1355 4315; x_wconf 92' lang='lat' dir='ltr'><strong>modo</strong></span> <span class='ocrx_word' id='word_1_373' title='bbox 1381 4270 1580 4323; x_wconf 89' lang='lat' dir='ltr'><strong>autem,</strong></span> <span class='ocrx_word' id='word_1_374' title='bbox 1604 4259 1670 4312; x_wconf 87' lang='lat' dir='ltr'><strong>Et</strong></span> <span class='ocrx_word' id='word_1_375' title='bbox 1698 4262 1897 4330; x_wconf 88' lang='lat' dir='ltr'><strong>signum</strong></span> 
     </span>
    </p>
   </div>
   <div class='ocr_carea' id='block_1_46' title="bbox 319 4347 1894 4421">
    <p class='ocr_par' dir='ltr' id='par_1_46' title="bbox 319 4347 1894 4421">
     <span class='ocr_line' id='line_1_46' title="bbox 319 4347 1894 4421; baseline 0.003 -20"><span class='ocrx_word' id='word_1_376' title='bbox 319 4367 415 4404; x_wconf 85' lang='lat' dir='ltr'><strong>non</strong></span> <span class='ocrx_word' id='word_1_377' title='bbox 444 4350 652 4404; x_wconf 84' lang='lat' dir='ltr'><strong>dabitur</strong></span> <span class='ocrx_word' id='word_1_378' title='bbox 679 4350 814 4404; x_wconf 83' lang='lat' dir='ltr'><strong>uobis</strong></span> <span class='ocrx_word' id='word_1_379' title='bbox 831 4391 847 4416; x_wconf 91' lang='lat'><strong>,</strong></span> <span class='ocrx_word' id='word_1_380' title='bbox 889 4351 986 4404; x_wconf 81' lang='lat' dir='ltr'><strong>nisi</strong></span> <span class='ocrx_word' id='word_1_381' title='bbox 1011 4351 1209 4421; x_wconf 88' lang='lat' dir='ltr'><strong>signum</strong></span> <span class='ocrx_word' id='word_1_382' title='bbox 1232 4349 1383 4404; x_wconf 75' lang='lat' dir='ltr'><strong>Iona:</strong></span> <span class='ocrx_word' id='word_1_383' title='bbox 1408 4349 1617 4420; x_wconf 81' lang='lat' dir='ltr'><strong>(Matth.</strong></span> <span class='ocrx_word' id='word_1_384' title='bbox 1645 4348 1730 4403; x_wconf 73' lang='grc'><strong>12.</strong></span> <span class='ocrx_word' id='word_1_385' title='bbox 1754 4349 1822 4404; x_wconf 76' lang='grc'>59</span> <span class='ocrx_word' id='word_1_386' title='bbox 1843 4347 1894 4419; x_wconf 89' lang='grc'><strong>);</strong></span> 
     </span>
    </p>
   </div>
   <div class='ocr_carea' id='block_1_47' title="bbox 318 4439 1900 4511">
    <p class='ocr_par' dir='ltr' id='par_1_47' title="bbox 318 4439 1900 4511">
     <span class='ocr_line' id='line_1_47' title="bbox 318 4439 1900 4511; baseline -0.001 -16"><span class='ocrx_word' id='word_1_387' title='bbox 318 4451 476 4511; x_wconf 88' lang='lat' dir='ltr'><strong>atque</strong></span> <span class='ocrx_word' id='word_1_388' title='bbox 520 4440 610 4496; x_wconf 91' lang='lat' dir='ltr'><strong>hic</strong></span> <span class='ocrx_word' id='word_1_389' title='bbox 651 4456 864 4496; x_wconf 85' lang='lat' dir='ltr'><strong>rursum</strong></span> <span class='ocrx_word' id='word_1_390' title='bbox 888 4482 903 4508; x_wconf 94' lang='lat'><strong>,</strong></span> <span class='ocrx_word' id='word_1_391' title='bbox 940 4440 1004 4494; x_wconf 87' lang='lat' dir='ltr'><strong>In</strong></span> <span class='ocrx_word' id='word_1_392' title='bbox 1039 4442 1195 4495; x_wconf 87' lang='lat' dir='ltr'><strong>tribus</strong></span> <span class='ocrx_word' id='word_1_393' title='bbox 1243 4441 1414 4495; x_wconf 86' lang='lat' dir='ltr'><strong>diebus</strong></span> <span class='ocrx_word' id='word_1_394' title='bbox 1464 4440 1689 4494; x_wconf 73' lang='lat' dir='ltr'><strong>excitabo</strong></span> <span class='ocrx_word' id='word_1_395' title='bbox 1728 4439 1900 4495; x_wconf 81' lang='lat' dir='ltr'><strong>illud?</strong></span> 
     </span>
    </p>
   </div>
   <div class='ocr_carea' id='block_1_48' title="bbox 317 4532 1895 4603">
    <p class='ocr_par' dir='ltr' id='par_1_48' title="bbox 317 4532 1895 4603">
     <span class='ocr_line' id='line_1_48' title="bbox 317 4532 1895 4603; baseline 0 -16"><span class='ocrx_word' id='word_1_396' title='bbox 317 4532 445 4601; x_wconf 86' lang='lat' dir='ltr'><strong>Quia</strong></span> <span class='ocrx_word' id='word_1_397' title='bbox 469 4533 573 4588; x_wconf 92' lang='lat' dir='ltr'><strong>hoc</strong></span> <span class='ocrx_word' id='word_1_398' title='bbox 596 4533 826 4588; x_wconf 80' lang='lat' dir='ltr'><strong>maxime</strong></span> <span class='ocrx_word' id='word_1_399' title='bbox 851 4543 1162 4603; x_wconf 87' lang='lat' dir='ltr'><strong>argumento</strong></span> <span class='ocrx_word' id='word_1_400' title='bbox 1183 4533 1571 4589; x_wconf 87' lang='lat' dir='ltr'><strong>ostendebatur</strong></span> <span class='ocrx_word' id='word_1_401' title='bbox 1593 4533 1764 4602; x_wconf 90' lang='lat' dir='ltr'><strong>ipsum</strong></span> <span class='ocrx_word' id='word_1_402' title='bbox 1787 4547 1895 4587; x_wconf 91' lang='lat' dir='ltr'><strong>non</strong></span> 
     </span>
    </p>
   </div>
   <div class='ocr_carea' id='block_1_49' title="bbox 318 4624 1896 4695">
    <p class='ocr_par' dir='ltr' id='par_1_49' title="bbox 318 4624 1896 4695">
     <span class='ocr_line' id='line_1_49' title="bbox 318 4624 1896 4695; baseline -0.001 -15"><span class='ocrx_word' id='word_1_403' title='bbox 318 4640 432 4680; x_wconf 80' lang='lat' dir='ltr'><strong>esse</strong></span> <span class='ocrx_word' id='word_1_404' title='bbox 463 4639 657 4695; x_wconf 91' lang='lat' dir='ltr'><strong>purum</strong></span> <span class='ocrx_word' id='word_1_405' title='bbox 687 4624 955 4678; x_wconf 87' lang='lat' dir='ltr'><strong>hominem</strong></span> <span class='ocrx_word' id='word_1_406' title='bbox 979 4665 993 4689; x_wconf 90' lang='lat'><strong>,</strong></span> <span class='ocrx_word' id='word_1_407' title='bbox 1021 4624 1158 4693; x_wconf 89' lang='lat' dir='ltr'><strong>quod</strong></span> <span class='ocrx_word' id='word_1_408' title='bbox 1184 4634 1361 4694; x_wconf 86' lang='lat' dir='ltr'><strong>posset</strong></span> <span class='ocrx_word' id='word_1_409' title='bbox 1385 4624 1639 4679; x_wconf 89' lang='lat' dir='ltr'><strong>adversus</strong></span> <span class='ocrx_word' id='word_1_410' title='bbox 1666 4633 1896 4679; x_wconf 90' lang='lat' dir='ltr'><strong>mortem</strong></span> 
     </span>
    </p>
   </div>
   <div class='ocr_carea' id='block_1_50' title="bbox 318 4714 1894 4786">
    <p class='ocr_par' dir='ltr' id='par_1_50' title="bbox 318 4714 1894 4786">
     <span class='ocr_line' id='line_1_50' title="bbox 318 4714 1894 4786; baseline -0.001 -16"><span class='ocrx_word' id='word_1_411' title='bbox 318 4725 575 4786; x_wconf 63' lang='lat' dir='ltr'><strong>tropaeum</strong></span> <span class='ocrx_word' id='word_1_412' title='bbox 623 4716 863 4785; x_wconf 89' lang='lat' dir='ltr'><strong>erigere,</strong></span> <span class='ocrx_word' id='word_1_413' title='bbox 911 4729 973 4769; x_wconf 90' lang='lat' dir='ltr'><strong>ac</strong></span> <span class='ocrx_word' id='word_1_414' title='bbox 1017 4715 1320 4769; x_wconf 90' lang='lat' dir='ltr'><strong>diuturnam</strong></span> <span class='ocrx_word' id='word_1_415' title='bbox 1371 4716 1512 4770; x_wconf 91' lang='lat' dir='ltr'><strong>illius</strong></span> <span class='ocrx_word' id='word_1_416' title='bbox 1559 4714 1894 4786; x_wconf 83' lang='lat' dir='ltr'><strong>tyrannidem</strong></span> 
     </span>
    </p>
   </div>
   <div class='ocr_carea' id='block_1_51' title="bbox 318 4805 1894 4878">
    <p class='ocr_par' dir='ltr' id='par_1_51' title="bbox 318 4805 1894 4878">
     <span class='ocr_line' id='line_1_51' title="bbox 318 4805 1894 4878; baseline -0.001 -19"><span class='ocrx_word' id='word_1_417' title='bbox 318 4805 640 4878; x_wconf 77' lang='lat' dir='ltr'><strong>difticileque</strong></span> <span class='ocrx_word' id='word_1_418' title='bbox 682 4808 875 4861; x_wconf 89' lang='lat' dir='ltr'><strong>bellum</strong></span> <span class='ocrx_word' id='word_1_419' title='bbox 913 4807 1043 4861; x_wconf 91' lang='lat' dir='ltr'><strong>illud</strong></span> <span class='ocrx_word' id='word_1_420' title='bbox 1085 4817 1185 4860; x_wconf 80' lang='lat' dir='ltr'><strong>tant</strong></span> <span class='ocrx_word' id='word_1_421' title='bbox 1229 4808 1334 4860; x_wconf 92' lang='lat' dir='ltr'><strong>cito</strong></span> <span class='ocrx_word' id='word_1_422' title='bbox 1374 4806 1600 4860; x_wconf 86' lang='lat' dir='ltr'><strong>solvere.</strong></span> <span class='ocrx_word' id='word_1_423' title='bbox 1652 4805 1773 4860; x_wconf 88' lang='lat' dir='ltr'><strong>Ideo</strong></span> <span class='ocrx_word' id='word_1_424' title='bbox 1801 4805 1894 4869; x_wconf 85' lang='lat' dir='ltr'><strong>ait,</strong></span> 
     </span>
    </p>
   </div>
   <div class='ocr_carea' id='block_1_52' title="bbox 321 4895 1897 4965">
    <p class='ocr_par' dir='ltr' id='par_1_52' title="bbox 321 4895 1897 4965">
     <span class='ocr_line' id='line_1_52' title="bbox 321 4895 1897 4965; baseline -0.001 -15"><span class='ocrx_word' id='word_1_425' title='bbox 321 4895 460 4950; x_wconf 83' lang='lat' dir='ltr'><strong>Tunc</strong></span> <span class='ocrx_word' id='word_1_426' title='bbox 476 4898 664 4951; x_wconf 84' lang='lat' dir='ltr'><strong>scietis.</strong></span> <span class='ocrx_word' id='word_1_427' title='bbox 685 4895 846 4958; x_wconf 85' lang='lat' dir='ltr'><strong>Tunc,</strong></span> <span class='ocrx_word' id='word_1_428' title='bbox 870 4895 1240 4965; x_wconf 86' lang='lat' dir='ltr'><strong>quandonam?</strong></span> <span class='ocrx_word' id='word_1_429' title='bbox 1266 4897 1396 4950; x_wconf 88' lang='lat' dir='ltr'><strong>Cum</strong></span> <span class='ocrx_word' id='word_1_430' title='bbox 1421 4905 1694 4965; x_wconf 85' lang='lat' dir='ltr'><strong>postquam</strong></span> <span class='ocrx_word' id='word_1_431' title='bbox 1717 4910 1897 4949; x_wconf 86' lang='lat' dir='ltr'><strong>resur-</strong></span> 
     </span>
    </p>
   </div>
   <div class='ocr_carea' id='block_1_53' title="bbox 321 4988 1899 5052">
    <p class='ocr_par' dir='ltr' id='par_1_53' title="bbox 321 4988 1899 5052">
     <span class='ocr_line' id='line_1_53' title="bbox 321 4988 1899 5052; baseline 0 -12"><span class='ocrx_word' id='word_1_432' title='bbox 321 5003 530 5052; x_wconf 74' lang='lat' dir='ltr'><strong>rexero,</strong></span> <span class='ocrx_word' id='word_1_433' title='bbox 562 4988 825 5041; x_wconf 87' lang='lat' dir='ltr'><strong>attraham</strong></span> <span class='ocrx_word' id='word_1_434' title='bbox 873 4996 1040 5041; x_wconf 91' lang='lat' dir='ltr'><strong>totum</strong></span> <span class='ocrx_word' id='word_1_435' title='bbox 1085 4989 1289 5051; x_wconf 89' lang='lat' dir='ltr'><strong>orbem,</strong></span> <span class='ocrx_word' id='word_1_436' title='bbox 1333 4997 1458 5042; x_wconf 86' lang='lat' dir='ltr'><strong>tunc</strong></span> <span class='ocrx_word' id='word_1_437' title='bbox 1497 4988 1675 5041; x_wconf 90' lang='lat' dir='ltr'><strong>scietis</strong></span> <span class='ocrx_word' id='word_1_438' title='bbox 1718 5003 1802 5040; x_wconf 89' lang='lat' dir='ltr'><strong>mc</strong></span> <span class='ocrx_word' id='word_1_439' title='bbox 1844 4995 1899 5040; x_wconf 92' lang='lat' dir='ltr'><strong>ut</strong></span> 
     </span>
    </p>
   </div>
   <div class='ocr_carea' id='block_1_54' title="bbox 323 5077 1895 5143">
    <p class='ocr_par' dir='ltr' id='par_1_54' title="bbox 323 5077 1895 5143">
     <span class='ocr_line' id='line_1_54' title="bbox 323 5077 1895 5143; baseline 0.001 -14"><span class='ocrx_word' id='word_1_440' title='bbox 323 5078 481 5130; x_wconf 88' lang='lat' dir='ltr'><strong>Deum</strong></span> <span class='ocrx_word' id='word_1_441' title='bbox 509 5086 562 5131; x_wconf 91' lang='lat' dir='ltr'><strong>et</strong></span> <span class='ocrx_word' id='word_1_442' title='bbox 591 5092 776 5132; x_wconf 90' lang='lat' dir='ltr'><strong>verum</strong></span> <span class='ocrx_word' id='word_1_443' title='bbox 812 5077 903 5132; x_wconf 91' lang='lat' dir='ltr'><strong>Dei</strong></span> <span class='ocrx_word' id='word_1_444' title='bbox 933 5077 1120 5132; x_wconf 88' lang='lat' dir='ltr'><strong>Filium</strong></span> <span class='ocrx_word' id='word_1_445' title='bbox 1145 5079 1192 5132; x_wconf 92' lang='lat' dir='ltr'><strong>id</strong></span> <span class='ocrx_word' id='word_1_446' title='bbox 1217 5079 1424 5143; x_wconf 90' lang='lat' dir='ltr'><strong>fecisse,</strong></span> <span class='ocrx_word' id='word_1_447' title='bbox 1447 5078 1511 5131; x_wconf 92' lang='lat' dir='ltr'><strong>ad</strong></span> <span class='ocrx_word' id='word_1_448' title='bbox 1541 5077 1895 5131; x_wconf 84' lang='lat' dir='ltr'><strong>ulciscendam</strong></span> 
     </span>
    </p>
   </div>
   <div class='ocr_carea' id='block_1_55' title="bbox 319 5169 1898 5237">
    <p class='ocr_par' dir='ltr' id='par_1_55' title="bbox 319 5169 1898 5237">
     <span class='ocr_line' id='line_1_55' title="bbox 319 5169 1898 5237; baseline 0 -15"><span class='ocrx_word' id='word_1_449' title='bbox 319 5169 457 5222; x_wconf 78' lang='lat' dir='ltr'><strong>Patri</strong></span> <span class='ocrx_word' id='word_1_450' title='bbox 487 5169 689 5222; x_wconf 89' lang='lat' dir='ltr'><strong>illatam</strong></span> <span class='ocrx_word' id='word_1_451' title='bbox 720 5171 1118 5224; x_wconf 88' lang='lat' dir='ltr'><strong>contumeliam.</strong></span> <span class='ocrx_word' id='word_1_452' title='bbox 1148 5169 1253 5224; x_wconf 89' lang='lat' dir='ltr'><strong>Cur</strong></span> <span class='ocrx_word' id='word_1_453' title='bbox 1278 5180 1451 5223; x_wconf 88' lang='lat' dir='ltr'><strong>autem</strong></span> <span class='ocrx_word' id='word_1_454' title='bbox 1477 5185 1580 5222; x_wconf 92' lang='lat' dir='ltr'><strong>non</strong></span> <span class='ocrx_word' id='word_1_455' title='bbox 1612 5169 1758 5233; x_wconf 89' lang='lat' dir='ltr'><strong>dicit,</strong></span> <span class='ocrx_word' id='word_1_456' title='bbox 1783 5170 1898 5237; x_wconf 90' lang='lat' dir='ltr'><strong>qni-</strong></span> 
     </span>
    </p>
   </div>
   <div class='ocr_carea' id='block_1_56' title="bbox 323 5260 1897 5330">
    <p class='ocr_par' dir='ltr' id='par_1_56' title="bbox 323 5260 1897 5330">
     <span class='ocr_line' id='line_1_56' title="bbox 323 5260 1897 5330; baseline 0.001 -19"><span class='ocrx_word' id='word_1_457' title='bbox 323 5261 414 5314; x_wconf 85' lang='lat' dir='ltr'><strong>bns</strong></span> <span class='ocrx_word' id='word_1_458' title='bbox 433 5276 571 5330; x_wconf 78' lang='lat' dir='ltr'><strong>Opus</strong></span> <span class='ocrx_word' id='word_1_459' title='bbox 596 5269 739 5315; x_wconf 88' lang='lat' dir='ltr'><strong>esset</strong></span> <span class='ocrx_word' id='word_1_460' title='bbox 770 5261 956 5330; x_wconf 83' lang='lat' dir='ltr'><strong>signis,</strong></span> <span class='ocrx_word' id='word_1_461' title='bbox 988 5261 1053 5314; x_wconf 88' lang='lat' dir='ltr'><strong>ad</strong></span> <span class='ocrx_word' id='word_1_462' title='bbox 1085 5262 1221 5316; x_wconf 89' lang='lat' dir='ltr'><strong>male</strong></span> <span class='ocrx_word' id='word_1_463' title='bbox 1250 5261 1441 5316; x_wconf 85' lang='lat' dir='ltr'><strong>factum</strong></span> <span class='ocrx_word' id='word_1_464' title='bbox 1472 5260 1781 5320; x_wconf 86' lang='lat' dir='ltr'><strong>tollendum.</strong></span> <span class='ocrx_word' id='word_1_465' title='bbox 1805 5260 1897 5313; x_wconf 86' lang='lat' dir='ltr'><strong>sed</strong></span> 
     </span>
    </p>
   </div>
   <div class='ocr_carea' id='block_1_57' title="bbox 323 5351 1899 5422">
    <p class='ocr_par' dir='ltr' id='par_1_57' title="bbox 323 5351 1899 5422">
     <span class='ocr_line' id='line_1_57' title="bbox 323 5351 1899 5422; baseline 0.001 -18"><span class='ocrx_word' id='word_1_466' title='bbox 323 5365 379 5404; x_wconf 90' lang='lat' dir='ltr'><strong>se</strong></span> <span class='ocrx_word' id='word_1_467' title='bbox 403 5353 618 5422; x_wconf 88' lang='lat' dir='ltr'><strong>signum</strong></span> <span class='ocrx_word' id='word_1_468' title='bbox 655 5352 902 5407; x_wconf 86' lang='lat' dir='ltr'><strong>daturum</strong></span> <span class='ocrx_word' id='word_1_469' title='bbox 930 5367 1047 5407; x_wconf 91' lang='lat' dir='ltr'><strong>esse</strong></span> <span class='ocrx_word' id='word_1_470' title='bbox 1079 5354 1346 5420; x_wconf 88' lang='lat' dir='ltr'><strong>pollicitus</strong></span> <span class='ocrx_word' id='word_1_471' title='bbox 1371 5354 1484 5407; x_wconf 89' lang='lat' dir='ltr'><strong>est?</strong></span> <span class='ocrx_word' id='word_1_472' title='bbox 1515 5353 1646 5419; x_wconf 88' lang='lat' dir='ltr'><strong>Quia</strong></span> <span class='ocrx_word' id='word_1_473' title='bbox 1674 5352 1750 5406; x_wconf 89' lang='lat' dir='ltr'><strong>sic</strong></span> <span class='ocrx_word' id='word_1_474' title='bbox 1781 5351 1899 5406; x_wconf 89' lang='lat' dir='ltr'><strong>illos</strong></span> 
     </span>
    </p>
   </div>
   <div class='ocr_carea' id='block_1_58' title="bbox 326 5443 1894 5513">
    <p class='ocr_par' dir='ltr' id='par_1_58' title="bbox 326 5443 1894 5513">
     <span class='ocr_line' id='line_1_58' title="bbox 326 5443 1894 5513; baseline 0.001 -19"><span class='ocrx_word' id='word_1_475' title='bbox 326 5444 488 5513; x_wconf 85' lang='lat' dir='ltr'><strong>magis</strong></span> <span class='ocrx_word' id='word_1_476' title='bbox 528 5443 824 5507; x_wconf 81' lang='lat' dir='ltr'><strong>irritasset;</strong></span> <span class='ocrx_word' id='word_1_477' title='bbox 871 5443 972 5498; x_wconf 90' lang='lat' dir='ltr'><strong>hoc</strong></span> <span class='ocrx_word' id='word_1_478' title='bbox 1012 5455 1186 5498; x_wconf 83' lang='lat' dir='ltr'><strong>autem</strong></span> <span class='ocrx_word' id='word_1_479' title='bbox 1228 5445 1384 5498; x_wconf 88' lang='lat' dir='ltr'><strong>modo</strong></span> <span class='ocrx_word' id='word_1_480' title='bbox 1413 5445 1578 5513; x_wconf 86' lang='lat' dir='ltr'><strong>magis</strong></span> <span class='ocrx_word' id='word_1_481' title='bbox 1617 5445 1894 5498; x_wconf 79' lang='lat' dir='ltr'><strong>exterruit.</strong></span> 
     </span>
    </p>
   </div>
   <div class='ocr_carea' id='block_1_59' title="bbox 328 5535 1897 5605">
    <p class='ocr_par' dir='ltr' id='par_1_59' title="bbox 328 5535 1897 5605">
     <span class='ocr_line' id='line_1_59' title="bbox 328 5535 1897 5605; baseline 0.003 -18"><span class='ocrx_word' id='word_1_482' title='bbox 328 5536 573 5590; x_wconf 78' lang='lat' dir='ltr'><strong>Attamen</strong></span> <span class='ocrx_word' id='word_1_483' title='bbox 617 5536 746 5588; x_wconf 89' lang='lat' dir='ltr'><strong>nihil</strong></span> <span class='ocrx_word' id='word_1_484' title='bbox 775 5535 839 5587; x_wconf 91' lang='lat' dir='ltr'><strong>ad</strong></span> <span class='ocrx_word' id='word_1_485' title='bbox 871 5535 969 5590; x_wconf 86' lang='lat' dir='ltr'><strong>hoc</strong></span> <span class='ocrx_word' id='word_1_486' title='bbox 999 5536 1385 5605; x_wconf 88' lang='lat' dir='ltr'><strong>responderunt</strong></span> <span class='ocrx_word' id='word_1_487' title='bbox 1415 5556 1428 5592; x_wconf 90' lang='lat'><strong>:</strong></span> <span class='ocrx_word' id='word_1_488' title='bbox 1457 5538 1728 5592; x_wconf 82' lang='lat' dir='ltr'><strong>videbatur</strong></span> <span class='ocrx_word' id='word_1_489' title='bbox 1757 5543 1897 5593; x_wconf 89' lang='lat' dir='ltr'><strong>enim</strong></span> 
     </span>
    </p>
   </div>
   <div class='ocr_carea' id='block_1_60' title="bbox 330 5624 1898 5695">
    <p class='ocr_par' dir='ltr' id='par_1_60' title="bbox 330 5624 1898 5695">
     <span class='ocr_line' id='line_1_60' title="bbox 330 5624 1898 5695; baseline 0.003 -17"><span class='ocrx_word' id='word_1_490' title='bbox 330 5624 429 5680; x_wconf 89' lang='lat' dir='ltr'><strong>illis</strong></span> <span class='ocrx_word' id='word_1_491' title='bbox 469 5624 786 5680; x_wconf 69' lang='lat' dir='ltr'><strong>incredibile</strong></span> <span class='ocrx_word' id='word_1_492' title='bbox 822 5625 1087 5695; x_wconf 84' lang='lat' dir='ltr'><strong>quidpiam</strong></span> <span class='ocrx_word' id='word_1_493' title='bbox 1127 5627 1306 5681; x_wconf 91' lang='lat' dir='ltr'><strong>dicere</strong></span> <span class='ocrx_word' id='word_1_494' title='bbox 1327 5669 1341 5693; x_wconf 91' lang='lat'><strong>,</strong></span> <span class='ocrx_word' id='word_1_495' title='bbox 1375 5644 1472 5683; x_wconf 88' lang='lat' dir='ltr'><strong>nec</strong></span> <span class='ocrx_word' id='word_1_496' title='bbox 1503 5629 1637 5683; x_wconf 89' lang='lat' dir='ltr'><strong>ultra</strong></span> <span class='ocrx_word' id='word_1_497' title='bbox 1668 5628 1898 5684; x_wconf 85' lang='lat' dir='ltr'><strong>interro-</strong></span> 
     </span>
    </p>
   </div>
   <div class='ocr_carea' id='block_1_61' title="bbox 650 5717 1282 5784">
    <p class='ocr_par' dir='ltr' id='par_1_61' title="bbox 650 5717 1282 5784">
     <span class='ocr_line' id='line_1_61' title="bbox 650 5717 1282 5784; baseline 0.013 -11"><span class='ocrx_word' id='word_1_498' title='bbox 650 5717 917 5776; x_wconf 72' lang='lat' dir='ltr'><strong>PATItOL.</strong></span> <span class='ocrx_word' id='word_1_499' title='bbox 964 5722 1074 5777; x_wconf 73' lang='lat' dir='ltr'><strong>(in.</strong></span> <span class='ocrx_word' id='word_1_500' title='bbox 1132 5725 1282 5784; x_wconf 72' lang='lat' dir='ltr'><strong>LIX.</strong></span> 
     </span>
    </p>
   </div>
   <div class='ocr_carea' id='block_1_62' title="bbox 3507 253 3603 309">
    <p class='ocr_par' dir='ltr' id='par_1_62' title="bbox 3507 253 3603 309">
     <span class='ocr_line' id='line_1_62' title="bbox 3507 253 3603 309; baseline -0.021 0"><span class='ocrx_word' id='word_1_501' title='bbox 3507 253 3603 309; x_wconf 72' lang='lat' dir='ltr'><strong>I-I2</strong></span> 
     </span>
    </p>
   </div>
   <div class='ocr_carea' id='block_1_63' title="bbox 2021 354 3602 429">
    <p class='ocr_par' dir='ltr' id='par_1_63' title="bbox 2021 354 3602 429">
     <span class='ocr_line' id='line_1_63' title="bbox 2021 354 3602 429; baseline 0.006 -21"><span class='ocrx_word' id='word_1_502' title='bbox 2021 369 2147 423; x_wconf 83' lang='lat' dir='ltr'><strong>gare</strong></span> <span class='ocrx_word' id='word_1_503' title='bbox 2174 354 2487 420; x_wconf 88' lang='lat' dir='ltr'><strong>valuerunt;</strong></span> <span class='ocrx_word' id='word_1_504' title='bbox 2519 365 2572 410; x_wconf 90' lang='lat' dir='ltr'><strong>et</strong></span> <span class='ocrx_word' id='word_1_505' title='bbox 2598 358 2748 426; x_wconf 90' lang='lat' dir='ltr'><strong>quasi</strong></span> <span class='ocrx_word' id='word_1_506' title='bbox 2779 370 2863 412; x_wconf 89' lang='lat' dir='ltr'><strong>res</strong></span> <span class='ocrx_word' id='word_1_507' title='bbox 2893 355 3006 412; x_wconf 86' lang='lat' dir='ltr'><strong>fieri</strong></span> <span class='ocrx_word' id='word_1_508' title='bbox 3031 371 3133 413; x_wconf 89' lang='lat' dir='ltr'><strong>non</strong></span> <span class='ocrx_word' id='word_1_509' title='bbox 3164 367 3361 429; x_wconf 89' lang='lat' dir='ltr'><strong>posset,</strong></span> <span class='ocrx_word' id='word_1_510' title='bbox 3385 363 3602 418; x_wconf 78' lang='lat' dir='ltr'><strong>missmtt</strong></span> 
     </span>
    </p>
   </div>
   <div class='ocr_carea' id='block_1_64' title="bbox 2023 443 3602 516">
    <p class='ocr_par' dir='ltr' id='par_1_64' title="bbox 2023 443 3602 516">
     <span class='ocr_line' id='line_1_64' title="bbox 2023 443 3602 516; baseline 0.006 -19"><span class='ocrx_word' id='word_1_511' title='bbox 2023 443 2166 497; x_wconf 86' lang='lat' dir='ltr'><strong>illam</strong></span> <span class='ocrx_word' id='word_1_512' title='bbox 2204 444 2461 498; x_wconf 88' lang='lat' dir='ltr'><strong>fecerunt.</strong></span> <span class='ocrx_word' id='word_1_513' title='bbox 2491 445 2642 511; x_wconf 92' lang='lat' dir='ltr'><strong>Quod</strong></span> <span class='ocrx_word' id='word_1_514' title='bbox 2669 446 2714 500; x_wconf 89' lang='lat' dir='ltr'><strong>si</strong></span> <span class='ocrx_word' id='word_1_515' title='bbox 2743 457 2920 502; x_wconf 90' lang='lat' dir='ltr'><strong>mente</strong></span> <span class='ocrx_word' id='word_1_516' title='bbox 2947 447 3271 516; x_wconf 88' lang='lat' dir='ltr'><strong>valuissent,</strong></span> <span class='ocrx_word' id='word_1_517' title='bbox 3296 449 3504 506; x_wconf 90' lang='lat' dir='ltr'><strong>etiamsi</strong></span> <span class='ocrx_word' id='word_1_518' title='bbox 3541 453 3602 506; x_wconf 84' lang='lat' dir='ltr'><strong>il-</strong></span> 
     </span>
    </p>
   </div>
   <div class='ocr_carea' id='block_1_65' title="bbox 2023 532 3601 612">
    <p class='ocr_par' dir='ltr' id='par_1_65' title="bbox 2023 532 3601 612">
     <span class='ocr_line' id='line_1_65' title="bbox 2023 532 3601 612; baseline 0.006 -26"><span class='ocrx_word' id='word_1_519' title='bbox 2023 532 2110 588; x_wconf 91' lang='lat' dir='ltr'><strong>lud</strong></span> <span class='ocrx_word' id='word_1_520' title='bbox 2138 533 2452 589; x_wconf 90' lang='lat' dir='ltr'><strong>incredibile</strong></span> <span class='ocrx_word' id='word_1_521' title='bbox 2482 535 2752 591; x_wconf 87' lang='lat' dir='ltr'><strong>videretur</strong></span> <span class='ocrx_word' id='word_1_522' title='bbox 2777 552 2916 602; x_wconf 90' lang='lat' dir='ltr'><strong>esse,</strong></span> <span class='ocrx_word' id='word_1_523' title='bbox 2949 546 3228 608; x_wconf 86' lang='lat' dir='ltr'><strong>postquam</strong></span> <span class='ocrx_word' id='word_1_524' title='bbox 3260 542 3423 595; x_wconf 90' lang='lat' dir='ltr'><strong>multa</strong></span> <span class='ocrx_word' id='word_1_525' title='bbox 3453 542 3601 612; x_wconf 86' lang='lat' dir='ltr'><strong>signa</strong></span> 
     </span>
    </p>
   </div>
   <div class='ocr_carea' id='block_1_66' title="bbox 2022 622 3600 698">
    <p class='ocr_par' dir='ltr' id='par_1_66' title="bbox 2022 622 3600 698">
     <span class='ocr_line' id='line_1_66' title="bbox 2022 622 3600 698; baseline 0.007 -21"><span class='ocrx_word' id='word_1_526' title='bbox 2022 622 2240 688; x_wconf 80' lang='lat' dir='ltr'><strong>fecerat,</strong></span> <span class='ocrx_word' id='word_1_527' title='bbox 2270 634 2395 680; x_wconf 89' lang='lat' dir='ltr'><strong>tunc</strong></span> <span class='ocrx_word' id='word_1_528' title='bbox 2426 626 2842 697; x_wconf 87' lang='lat' dir='ltr'><strong>interrogassent</strong></span> <span class='ocrx_word' id='word_1_529' title='bbox 2874 627 3020 681; x_wconf 91' lang='lat' dir='ltr'><strong>illum</strong></span> <span class='ocrx_word' id='word_1_530' title='bbox 3045 668 3058 692; x_wconf 93' lang='lat'><strong>,</strong></span> <span class='ocrx_word' id='word_1_531' title='bbox 3095 637 3218 684; x_wconf 92' lang='lat' dir='ltr'><strong>tunc</strong></span> <span class='ocrx_word' id='word_1_532' title='bbox 3242 632 3441 698; x_wconf 89' lang='lat' dir='ltr'><strong>precati</strong></span> <span class='ocrx_word' id='word_1_533' title='bbox 3474 631 3600 688; x_wconf 85' lang='lat' dir='ltr'><strong>fuis-</strong></span> 
     </span>
    </p>
   </div>
   <div class='ocr_carea' id='block_1_67' title="bbox 2019 716 3604 785">
    <p class='ocr_par' dir='ltr' id='par_1_67' title="bbox 2019 716 3604 785">
     <span class='ocr_line' id='line_1_67' title="bbox 2019 716 3604 785; baseline 0.005 -15"><span class='ocrx_word' id='word_1_534' title='bbox 2019 723 2140 770; x_wconf 91' lang='lat' dir='ltr'><strong>sent</strong></span> <span class='ocrx_word' id='word_1_535' title='bbox 2159 725 2216 771; x_wconf 91' lang='lat' dir='ltr'><strong>ut</strong></span> <span class='ocrx_word' id='word_1_536' title='bbox 2241 716 2452 772; x_wconf 91' lang='lat' dir='ltr'><strong>illorum</strong></span> <span class='ocrx_word' id='word_1_537' title='bbox 2473 717 2856 774; x_wconf 90' lang='lat' dir='ltr'><strong>dubitationem</strong></span> <span class='ocrx_word' id='word_1_538' title='bbox 2880 719 3145 785; x_wconf 86' lang='lat' dir='ltr'><strong>solveret;</strong></span> <span class='ocrx_word' id='word_1_539' title='bbox 3175 723 3268 776; x_wconf 88' lang='lat' dir='ltr'><strong>sed</strong></span> <span class='ocrx_word' id='word_1_540' title='bbox 3292 723 3461 778; x_wconf 91' lang='lat' dir='ltr'><strong>insani</strong></span> <span class='ocrx_word' id='word_1_541' title='bbox 3480 740 3604 779; x_wconf 84' lang='lat' dir='ltr'><strong>cu-n</strong></span> 
     </span>
    </p>
   </div>
   <div class='ocr_carea' id='block_1_68' title="bbox 2019 807 3602 880">
    <p class='ocr_par' dir='ltr' id='par_1_68' title="bbox 2019 807 3602 880">
     <span class='ocr_line' id='line_1_68' title="bbox 2019 807 3602 880; baseline 0.003 -20"><span class='ocrx_word' id='word_1_542' title='bbox 2019 817 2218 874; x_wconf 90' lang='lat' dir='ltr'><strong>essent,</strong></span> <span class='ocrx_word' id='word_1_543' title='bbox 2251 807 2368 863; x_wconf 89' lang='lat' dir='ltr'><strong>aliis</strong></span> <span class='ocrx_word' id='word_1_544' title='bbox 2388 807 2544 864; x_wconf 91' lang='lat' dir='ltr'><strong>dictis</strong></span> <span class='ocrx_word' id='word_1_545' title='bbox 2570 823 2638 865; x_wconf 88' lang='lat' dir='ltr'><strong>ne</strong></span> <span class='ocrx_word' id='word_1_546' title='bbox 2665 809 2940 863; x_wconf 91' lang='lat' dir='ltr'><strong>minimum</strong></span> <span class='ocrx_word' id='word_1_547' title='bbox 2972 809 3186 880; x_wconf 92' lang='lat' dir='ltr'><strong>quidem</strong></span> <span class='ocrx_word' id='word_1_548' title='bbox 3219 813 3552 868; x_wconf 81' lang='lat' dir='ltr'><strong>att‘enderant</strong></span> <span class='ocrx_word' id='word_1_549' title='bbox 3589 829 3602 864; x_wconf 88' lang='lat'><strong>:</strong></span> 
     </span>
    </p>
   </div>
   <div class='ocr_carea' id='block_1_69' title="bbox 2019 897 3598 974">
    <p class='ocr_par' dir='ltr' id='par_1_69' title="bbox 2019 897 3598 974">
     <span class='ocr_line' id='line_1_69' title="bbox 2019 897 3598 974; baseline 0.007 -25"><span class='ocrx_word' id='word_1_550' title='bbox 2019 897 2120 952; x_wconf 91' lang='lat' dir='ltr'><strong>alia</strong></span> <span class='ocrx_word' id='word_1_551' title='bbox 2146 911 2275 952; x_wconf 90' lang='lat' dir='ltr'><strong>vero</strong></span> <span class='ocrx_word' id='word_1_552' title='bbox 2303 913 2425 953; x_wconf 89' lang='lat' dir='ltr'><strong>cum</strong></span> <span class='ocrx_word' id='word_1_553' title='bbox 2462 899 2599 954; x_wconf 91' lang='lat' dir='ltr'><strong>mala</strong></span> <span class='ocrx_word' id='word_1_554' title='bbox 2627 909 2804 954; x_wconf 91' lang='lat' dir='ltr'><strong>mente</strong></span> <span class='ocrx_word' id='word_1_555' title='bbox 2831 899 3135 955; x_wconf 88' lang='lat' dir='ltr'><strong>audiebant.</strong></span> <span class='ocrx_word' id='word_1_556' title='bbox 3183 901 3412 974; x_wconf 91' lang='lat' dir='ltr'><strong>Ideoque</strong></span> <span class='ocrx_word' id='word_1_557' title='bbox 3437 902 3598 961; x_wconf 83' lang='lat' dir='ltr'><strong>Citri-</strong></span> 
     </span>
    </p>
   </div>
   <div class='ocr_carea' id='block_1_70' title="bbox 2018 993 3002 1066">
    <p class='ocr_par' dir='ltr' id='par_1_70' title="bbox 2018 993 3002 1066">
     <span class='ocr_line' id='line_1_70' title="bbox 2018 993 3002 1066; baseline 0.007 -22"><span class='ocrx_word' id='word_1_558' title='bbox 2018 1001 2129 1045; x_wconf 87' lang='lat' dir='ltr'><strong>stus</strong></span> <span class='ocrx_word' id='word_1_559' title='bbox 2159 993 2490 1062; x_wconf 69' lang='lat' dir='ltr'><strong>mnigmatice</strong></span> <span class='ocrx_word' id='word_1_560' title='bbox 2511 995 2640 1066; x_wconf 88' lang='lat' dir='ltr'><strong>ipsis</strong></span> <span class='ocrx_word' id='word_1_561' title='bbox 2668 994 3002 1064; x_wconf 88' lang='lat' dir='ltr'><strong>loquebatur.</strong></span> 
     </span>
    </p>
   </div>
   <div class='ocr_carea' id='block_1_71' title="bbox 2089 1082 3601 1157">
    <p class='ocr_par' dir='ltr' id='par_1_71' title="bbox 2089 1082 3601 1157">
     <span class='ocr_line' id='line_1_71' title="bbox 2089 1082 3601 1157; baseline 0.005 -22"><span class='ocrx_word' id='word_1_562' title='bbox 2089 1082 2190 1136; x_wconf 82' lang='lat' dir='ltr'><strong>Cur</strong></span> <span class='ocrx_word' id='word_1_563' title='bbox 2201 1083 2426 1138; x_wconf 82' lang='lat' dir='ltr'><strong>Christus</strong></span> <span class='ocrx_word' id='word_1_564' title='bbox 2439 1101 2538 1138; x_wconf 87' lang='lat' dir='ltr'><strong>non</strong></span> <span class='ocrx_word' id='word_1_565' title='bbox 2551 1085 2648 1139; x_wconf 86' lang='lat' dir='ltr'><strong>nisi</strong></span> <span class='ocrx_word' id='word_1_566' title='bbox 2659 1087 2972 1156; x_wconf 70' lang='lat' dir='ltr'><strong>atnigntatice</strong></span> <span class='ocrx_word' id='word_1_567' title='bbox 2981 1086 3241 1157; x_wconf 84' lang='lat' dir='ltr'><strong>discipulis</strong></span> <span class='ocrx_word' id='word_1_568' title='bbox 3254 1087 3316 1141; x_wconf 87' lang='lat' dir='ltr'><strong>de</strong></span> <span class='ocrx_word' id='word_1_569' title='bbox 3326 1103 3419 1141; x_wconf 88' lang='lat' dir='ltr'><strong>sua</strong></span> <span class='ocrx_word' id='word_1_570' title='bbox 3431 1091 3601 1157; x_wconf 82' lang='lat' dir='ltr'><strong>futura</strong></span> 
     </span>
    </p>
   </div>
   <div class='ocr_carea' id='block_1_72' title="bbox 2016 1175 3596 1252">
    <p class='ocr_par' dir='ltr' id='par_1_72' title="bbox 2016 1175 3596 1252">
     <span class='ocr_line' id='line_1_72' title="bbox 2016 1175 3596 1252; baseline 0.008 -28"><span class='ocrx_word' id='word_1_571' title='bbox 2016 1175 2375 1229; x_wconf 73' lang='lat' dir='ltr'><strong>resurrectione</strong></span> <span class='ocrx_word' id='word_1_572' title='bbox 2395 1176 2592 1229; x_wconf 89' lang='lat' dir='ltr'><strong>locutus</strong></span> <span class='ocrx_word' id='word_1_573' title='bbox 2612 1178 2781 1246; x_wconf 76' lang='lat' dir='ltr'><strong>fuerit.</strong></span> <span class='ocrx_word' id='word_1_574' title='bbox 2810 1178 3168 1248; x_wconf 77' lang='lat' dir='ltr'><strong>Apostolorum</strong></span> <span class='ocrx_word' id='word_1_575' title='bbox 3204 1181 3360 1234; x_wconf 81' lang='lat' dir='ltr'><strong>uirtus</strong></span> <span class='ocrx_word' id='word_1_576' title='bbox 3386 1191 3596 1252; x_wconf 85' lang='lat' dir='ltr'><strong>quanta.</strong></span> 
     </span>
    </p>
   </div>
   <div class='ocr_carea' id='block_1_73' title="bbox 2018 1262 3611 1353">
    <p class='ocr_par' dir='ltr' id='par_1_73' title="bbox 2018 1262 3611 1353">
     <span class='ocr_line' id='line_1_73' title="bbox 2018 1262 3611 1353; baseline 0.008 -37"><span class='ocrx_word' id='word_1_577' title='bbox 2018 1262 2351 1353; x_wconf 68' lang='lat' dir='ltr'><strong>Eleemosyna</strong></span> <span class='ocrx_word' id='word_1_578' title='bbox 2373 1268 2772 1321; x_wconf 84' lang='lat' dir='ltr'><strong>commendatur.</strong></span> <span class='ocrx_word' id='word_1_579' title='bbox 2789 1299 2860 1309; x_wconf 92' lang='lat'><strong>-—</strong></span> <span class='ocrx_word' id='word_1_580' title='bbox 2880 1269 2986 1325; x_wconf 91' lang='lat' dir='ltr'><strong>Sed</strong></span> <span class='ocrx_word' id='word_1_581' title='bbox 3016 1271 3155 1340; x_wconf 91' lang='lat' dir='ltr'><strong>quod</strong></span> <span class='ocrx_word' id='word_1_582' title='bbox 3181 1272 3292 1341; x_wconf 90' lang='lat' dir='ltr'><strong>jam</strong></span> <span class='ocrx_word' id='word_1_583' title='bbox 3315 1274 3611 1353; x_wconf 42' lang='lat' dir='ltr'><strong>quaeritur;</strong></span> 
     </span>
    </p>
   </div>
   <div class='ocr_carea' id='block_1_74' title="bbox 2017 1351 3602 1430">
    <p class='ocr_par' dir='ltr' id='par_1_74' title="bbox 2017 1351 3602 1430">
     <span class='ocr_line' id='line_1_74' title="bbox 2017 1351 3602 1430; baseline 0.008 -23"><span class='ocrx_word' id='word_1_584' title='bbox 2017 1351 2120 1408; x_wconf 88' lang='lat' dir='ltr'><strong>hoc</strong></span> <span class='ocrx_word' id='word_1_585' title='bbox 2145 1364 2227 1409; x_wconf 90' lang='lat' dir='ltr'><strong>est</strong></span> <span class='ocrx_word' id='word_1_586' title='bbox 2251 1395 2266 1421; x_wconf 93' lang='lat'><strong>,</strong></span> <span class='ocrx_word' id='word_1_587' title='bbox 2298 1371 2395 1410; x_wconf 91' lang='lat' dir='ltr'><strong>cur</strong></span> <span class='ocrx_word' id='word_1_588' title='bbox 2423 1356 2668 1426; x_wconf 90' lang='lat' dir='ltr'><strong>discipuli</strong></span> <span class='ocrx_word' id='word_1_589' title='bbox 2699 1372 2803 1412; x_wconf 91' lang='lat' dir='ltr'><strong>non</strong></span> <span class='ocrx_word' id='word_1_590' title='bbox 2837 1361 3080 1414; x_wconf 88' lang='lat' dir='ltr'><strong>noverint</strong></span> <span class='ocrx_word' id='word_1_591' title='bbox 3109 1361 3282 1430; x_wconf 91' lang='lat' dir='ltr'><strong>ipsum</strong></span> <span class='ocrx_word' id='word_1_592' title='bbox 3311 1378 3341 1417; x_wconf 91' lang='lat' dir='ltr'><strong>a</strong></span> <span class='ocrx_word' id='word_1_593' title='bbox 3371 1351 3602 1420; x_wconf 87' lang='lat' dir='ltr'><strong>mortuis</strong></span> 
     </span>
    </p>
   </div>
   <div class='ocr_carea' id='block_1_75' title="bbox 2014 1447 3598 1522">
    <p class='ocr_par' dir='ltr' id='par_1_75' title="bbox 2014 1447 3598 1522">
     <span class='ocr_line' id='line_1_75' title="bbox 2014 1447 3598 1522; baseline 0.007 -25"><span class='ocrx_word' id='word_1_594' title='bbox 2014 1453 2438 1500; x_wconf 87' lang='lat' dir='ltr'><strong>resurrecturum</strong></span> <span class='ocrx_word' id='word_1_595' title='bbox 2463 1447 2618 1502; x_wconf 86' lang='lat' dir='ltr'><strong>esse?</strong></span> <span class='ocrx_word' id='word_1_596' title='bbox 2643 1447 2774 1516; x_wconf 88' lang='lat' dir='ltr'><strong>Quia</strong></span> <span class='ocrx_word' id='word_1_597' title='bbox 2805 1449 3036 1503; x_wconf 87' lang='lat' dir='ltr'><strong>nondum</strong></span> <span class='ocrx_word' id='word_1_598' title='bbox 3067 1449 3296 1520; x_wconf 88' lang='lat' dir='ltr'><strong>Spiritus</strong></span> <span class='ocrx_word' id='word_1_599' title='bbox 3323 1453 3492 1522; x_wconf 86' lang='lat' dir='ltr'><strong>gratia</strong></span> <span class='ocrx_word' id='word_1_600' title='bbox 3517 1452 3598 1507; x_wconf 89' lang='lat' dir='ltr'><strong>di-</strong></span> 
     </span>
    </p>
   </div>
   <div class='ocr_carea' id='block_1_76' title="bbox 2014 1533 3592 1614">
    <p class='ocr_par' dir='ltr' id='par_1_76' title="bbox 2014 1533 3592 1614">
     <span class='ocr_line' id='line_1_76' title="bbox 2014 1533 3592 1614; baseline 0.008 -28"><span class='ocrx_word' id='word_1_601' title='bbox 2014 1534 2157 1603; x_wconf 85' lang='lat' dir='ltr'><strong>gnati</strong></span> <span class='ocrx_word' id='word_1_602' title='bbox 2195 1533 2426 1592; x_wconf 89' lang='lat' dir='ltr'><strong>fuerant.</strong></span> <span class='ocrx_word' id='word_1_603' title='bbox 2468 1537 2809 1609; x_wconf 88' lang='lat' dir='ltr'><strong>Quapropter</strong></span> <span class='ocrx_word' id='word_1_604' title='bbox 2834 1539 2902 1595; x_wconf 93' lang='lat' dir='ltr'><strong>de</strong></span> <span class='ocrx_word' id='word_1_605' title='bbox 2931 1541 3322 1598; x_wconf 88' lang='lat' dir='ltr'><strong>resurrectione</strong></span> <span class='ocrx_word' id='word_1_606' title='bbox 3349 1543 3592 1614; x_wconf 87' lang='lat' dir='ltr'><strong>frequen-</strong></span> 
     </span>
    </p>
   </div>
   <div class='ocr_carea' id='block_1_77' title="bbox 2015 1624 3590 1702">
    <p class='ocr_par' dir='ltr' id='par_1_77' title="bbox 2015 1624 3590 1702">
     <span class='ocr_line' id='line_1_77' title="bbox 2015 1624 3590 1702; baseline 0.006 -24"><span class='ocrx_word' id='word_1_607' title='bbox 2015 1633 2097 1679; x_wconf 91' lang='lat' dir='ltr'><strong>ter</strong></span> <span class='ocrx_word' id='word_1_608' title='bbox 2118 1624 2428 1693; x_wconf 88' lang='lat' dir='ltr'><strong>audientes,</strong></span> <span class='ocrx_word' id='word_1_609' title='bbox 2463 1627 2596 1682; x_wconf 91' lang='lat' dir='ltr'><strong>nihil</strong></span> <span class='ocrx_word' id='word_1_610' title='bbox 2621 1629 2990 1700; x_wconf 85' lang='lat' dir='ltr'><strong>intelligebant</strong></span> <span class='ocrx_word' id='word_1_611' title='bbox 3018 1648 3031 1685; x_wconf 90' lang='lat'><strong>:</strong></span> <span class='ocrx_word' id='word_1_612' title='bbox 3066 1631 3158 1686; x_wconf 89' lang='lat' dir='ltr'><strong>sed</strong></span> <span class='ocrx_word' id='word_1_613' title='bbox 3187 1633 3487 1702; x_wconf 83' lang='lat' dir='ltr'><strong>cogitabant</strong></span> <span class='ocrx_word' id='word_1_614' title='bbox 3511 1635 3590 1688; x_wconf 82' lang='lat' dir='ltr'><strong>in-</strong></span> 
     </span>
    </p>
   </div>
   <div class='ocr_carea' id='block_1_78' title="bbox 2015 1718 3598 1794">
    <p class='ocr_par' dir='ltr' id='par_1_78' title="bbox 2015 1718 3598 1794">
     <span class='ocr_line' id='line_1_78' title="bbox 2015 1718 3598 1794; baseline 0.005 -24"><span class='ocrx_word' id='word_1_615' title='bbox 2015 1725 2092 1772; x_wconf 87' lang='lat' dir='ltr'><strong>tra</strong></span> <span class='ocrx_word' id='word_1_616' title='bbox 2123 1731 2183 1773; x_wconf 88' lang='lat' dir='ltr'><strong>se</strong></span> <span class='ocrx_word' id='word_1_617' title='bbox 2210 1719 2336 1789; x_wconf 89' lang='lat' dir='ltr'><strong>quid</strong></span> <span class='ocrx_word' id='word_1_618' title='bbox 2360 1718 2462 1774; x_wconf 90' lang='lat' dir='ltr'><strong>hoc</strong></span> <span class='ocrx_word' id='word_1_619' title='bbox 2484 1729 2646 1776; x_wconf 90' lang='lat' dir='ltr'><strong>esset.</strong></span> <span class='ocrx_word' id='word_1_620' title='bbox 2677 1720 2808 1776; x_wconf 85' lang='lat' dir='ltr'><strong>Nam</strong></span> <span class='ocrx_word' id='word_1_621' title='bbox 2838 1722 3156 1792; x_wconf 89' lang='lat' dir='ltr'><strong>stupendum</strong></span> <span class='ocrx_word' id='word_1_622' title='bbox 3179 1734 3233 1780; x_wconf 91' lang='lat' dir='ltr'><strong>et</strong></span> <span class='ocrx_word' id='word_1_623' title='bbox 3263 1728 3598 1794; x_wconf 75' lang='lat' dir='ltr'><strong>inexspecta-</strong></span> 
     </span>
    </p>
   </div>
   <div class='ocr_carea' id='block_1_79' title="bbox 2013 1809 3595 1885">
    <p class='ocr_par' dir='ltr' id='par_1_79' title="bbox 2013 1809 3595 1885">
     <span class='ocr_line' id='line_1_79' title="bbox 2013 1809 3595 1885; baseline 0.007 -23"><span class='ocrx_word' id='word_1_624' title='bbox 2013 1815 2124 1862; x_wconf 89' lang='lat' dir='ltr'><strong>tum</strong></span> <span class='ocrx_word' id='word_1_625' title='bbox 2153 1818 2290 1874; x_wconf 92' lang='lat' dir='ltr'><strong>erat,</strong></span> <span class='ocrx_word' id='word_1_626' title='bbox 2316 1809 2457 1880; x_wconf 92' lang='lat' dir='ltr'><strong>quod</strong></span> <span class='ocrx_word' id='word_1_627' title='bbox 2480 1810 2776 1878; x_wconf 89' lang='lat' dir='ltr'><strong>dicebatur,</strong></span> <span class='ocrx_word' id='word_1_628' title='bbox 2809 1813 2950 1883; x_wconf 90' lang='lat' dir='ltr'><strong>quod</strong></span> <span class='ocrx_word' id='word_1_629' title='bbox 2979 1829 3171 1884; x_wconf 89' lang='lat' dir='ltr'><strong>nempe</strong></span> <span class='ocrx_word' id='word_1_630' title='bbox 3192 1815 3456 1885; x_wconf 89' lang='lat' dir='ltr'><strong>quispiam</strong></span> <span class='ocrx_word' id='word_1_631' title='bbox 3475 1831 3595 1872; x_wconf 87' lang='lat' dir='ltr'><strong>sese</strong></span> 
     </span>
    </p>
   </div>
   <div class='ocr_carea' id='block_1_80' title="bbox 2010 1899 3588 1971">
    <p class='ocr_par' dir='ltr' id='par_1_80' title="bbox 2010 1899 3588 1971">
     <span class='ocr_line' id='line_1_80' title="bbox 2010 1899 3588 1971; baseline 0.005 -19"><span class='ocrx_word' id='word_1_632' title='bbox 2010 1908 2190 1968; x_wconf 90' lang='lat' dir='ltr'><strong>posset</strong></span> <span class='ocrx_word' id='word_1_633' title='bbox 2220 1899 2570 1966; x_wconf 90' lang='lat' dir='ltr'><strong>resuscitare,</strong></span> <span class='ocrx_word' id='word_1_634' title='bbox 2601 1909 2760 1971; x_wconf 89' lang='lat' dir='ltr'><strong>atque</strong></span> <span class='ocrx_word' id='word_1_635' title='bbox 2789 1903 2877 1958; x_wconf 91' lang='lat' dir='ltr'><strong>illo</strong></span> <span class='ocrx_word' id='word_1_636' title='bbox 2904 1902 3064 1958; x_wconf 90' lang='lat' dir='ltr'><strong>modo</strong></span> <span class='ocrx_word' id='word_1_637' title='bbox 3090 1906 3430 1962; x_wconf 89' lang='lat' dir='ltr'><strong>resuscitare.</strong></span> <span class='ocrx_word' id='word_1_638' title='bbox 3461 1906 3588 1962; x_wconf 90' lang='lat' dir='ltr'><strong>Ideo</strong></span> 
     </span>
    </p>
   </div>
   <div class='ocr_carea' id='block_1_81' title="bbox 2013 1987 3593 2061">
    <p class='ocr_par' dir='ltr' id='par_1_81' title="bbox 2013 1987 3593 2061">
     <span class='ocr_line' id='line_1_81' title="bbox 2013 1987 3593 2061; baseline 0.006 -19"><span class='ocrx_word' id='word_1_639' title='bbox 2013 1987 2200 2044; x_wconf 88' lang='lat' dir='ltr'><strong>Petrus</strong></span> <span class='ocrx_word' id='word_1_640' title='bbox 2228 1988 2534 2060; x_wconf 87' lang='lat' dir='ltr'><strong>increpatus</strong></span> <span class='ocrx_word' id='word_1_641' title='bbox 2559 1990 2674 2055; x_wconf 93' lang='lat' dir='ltr'><strong>fuit,</strong></span> <span class='ocrx_word' id='word_1_642' title='bbox 2701 1992 2840 2061; x_wconf 89' lang='lat' dir='ltr'><strong>quod</strong></span> <span class='ocrx_word' id='word_1_643' title='bbox 2882 2007 3002 2046; x_wconf 90' lang='lat' dir='ltr'><strong>cum</strong></span> <span class='ocrx_word' id='word_1_644' title='bbox 3039 1993 3171 2048; x_wconf 91' lang='lat' dir='ltr'><strong>nihil</strong></span> <span class='ocrx_word' id='word_1_645' title='bbox 3197 2003 3379 2051; x_wconf 86' lang='lat' dir='ltr'><strong>nosset</strong></span> <span class='ocrx_word' id='word_1_646' title='bbox 3409 1995 3476 2051; x_wconf 92' lang='lat' dir='ltr'><strong>de</strong></span> <span class='ocrx_word' id='word_1_647' title='bbox 3510 2012 3593 2052; x_wconf 82' lang='lat' dir='ltr'><strong>re-</strong></span> 
     </span>
    </p>
   </div>
   <div class='ocr_carea' id='block_1_82' title="bbox 2010 2079 3588 2155">
    <p class='ocr_par' dir='ltr' id='par_1_82' title="bbox 2010 2079 3588 2155">
     <span class='ocr_line' id='line_1_82' title="bbox 2010 2079 3588 2155; baseline 0.004 -22"><span class='ocrx_word' id='word_1_648' title='bbox 2010 2079 2340 2135; x_wconf 83' lang='lat' dir='ltr'><strong>surrectione</strong></span> <span class='ocrx_word' id='word_1_649' title='bbox 2360 2121 2376 2145; x_wconf 91' lang='lat'><strong>,</strong></span> <span class='ocrx_word' id='word_1_650' title='bbox 2417 2081 2618 2137; x_wconf 90' lang='lat' dir='ltr'><strong>diceret</strong></span> <span class='ocrx_word' id='word_1_651' title='bbox 2649 2101 2663 2137; x_wconf 90' lang='lat'>:</span> <span class='ocrx_word' id='word_1_652' title='bbox 2697 2081 2955 2152; x_wconf 84' lang='lat' dir='ltr'><strong>Pr0pitius</strong></span> <span class='ocrx_word' id='word_1_653' title='bbox 2983 2092 3086 2137; x_wconf 88' lang='lat' dir='ltr'><strong>esto</strong></span> <span class='ocrx_word' id='word_1_654' title='bbox 3117 2084 3205 2138; x_wconf 89' lang='lat' dir='ltr'><strong>tibi</strong></span> <span class='ocrx_word' id='word_1_655' title='bbox 3239 2085 3465 2155; x_wconf 75' lang='lat' dir='ltr'><strong>(Matth.</strong></span> <span class='ocrx_word' id='word_1_656' title='bbox 3505 2088 3588 2142; x_wconf 82' lang='lat' dir='ltr'><strong>I6.</strong></span> 
     </span>
    </p>
   </div>
   <div class='ocr_carea' id='block_1_83' title="bbox 2009 2170 3591 2244">
    <p class='ocr_par' dir='ltr' id='par_1_83' title="bbox 2009 2170 3591 2244">
     <span class='ocr_line' id='line_1_83' title="bbox 2009 2170 3591 2244; baseline 0.006 -22"><span class='ocrx_word' id='word_1_657' title='bbox 2009 2170 2122 2240; x_wconf 71' lang='lat'><strong>22).</strong></span> <span class='ocrx_word' id='word_1_658' title='bbox 2151 2170 2334 2240; x_wconf 83' lang='lat' dir='ltr'><strong>Neque</strong></span> <span class='ocrx_word' id='word_1_659' title='bbox 2361 2172 2601 2227; x_wconf 90' lang='lat' dir='ltr'><strong>Christus</strong></span> <span class='ocrx_word' id='word_1_660' title='bbox 2629 2183 2754 2230; x_wconf 90' lang='lat' dir='ltr'><strong>ante</strong></span> <span class='ocrx_word' id='word_1_661' title='bbox 2783 2189 2896 2229; x_wconf 90' lang='lat' dir='ltr'><strong>rem</strong></span> <span class='ocrx_word' id='word_1_662' title='bbox 2927 2175 3092 2244; x_wconf 90' lang='lat' dir='ltr'><strong>ipsam</strong></span> <span class='ocrx_word' id='word_1_663' title='bbox 3120 2175 3220 2229; x_wconf 89' lang='lat' dir='ltr'><strong>hoc</strong></span> <span class='ocrx_word' id='word_1_664' title='bbox 3249 2177 3354 2231; x_wconf 90' lang='lat' dir='ltr'><strong>illis</strong></span> <span class='ocrx_word' id='word_1_665' title='bbox 3385 2179 3591 2234; x_wconf 84' lang='lat' dir='ltr'><strong>revela-</strong></span> 
     </span>
    </p>
   </div>
   <div class='ocr_carea' id='block_1_84' title="bbox 2009 2261 3590 2336">
    <p class='ocr_par' dir='ltr' id='par_1_84' title="bbox 2009 2261 3590 2336">
     <span class='ocr_line' id='line_1_84' title="bbox 2009 2261 3590 2336; baseline 0.004 -23"><span class='ocrx_word' id='word_1_666' title='bbox 2009 2261 2103 2325; x_wconf 90' lang='lat' dir='ltr'><strong>vit,</strong></span> <span class='ocrx_word' id='word_1_667' title='bbox 2134 2277 2202 2317; x_wconf 88' lang='lat' dir='ltr'><strong>ne</strong></span> <span class='ocrx_word' id='word_1_668' title='bbox 2229 2262 2332 2317; x_wconf 92' lang='lat' dir='ltr'><strong>illis</strong></span> <span class='ocrx_word' id='word_1_669' title='bbox 2352 2262 2673 2319; x_wconf 69' lang='lat' dir='ltr'><strong>offendicqu</strong></span> <span class='ocrx_word' id='word_1_670' title='bbox 2700 2273 2875 2330; x_wconf 90' lang='lat' dir='ltr'><strong>esset,</strong></span> <span class='ocrx_word' id='word_1_671' title='bbox 2907 2264 2997 2336; x_wconf 94' lang='lat' dir='ltr'><strong>qui</strong></span> <span class='ocrx_word' id='word_1_672' title='bbox 3023 2265 3174 2320; x_wconf 91' lang='lat' dir='ltr'><strong>initio</strong></span> <span class='ocrx_word' id='word_1_673' title='bbox 3197 2267 3282 2321; x_wconf 82' lang='lat' dir='ltr'><strong>vix</strong></span> <span class='ocrx_word' id='word_1_674' title='bbox 3305 2266 3462 2323; x_wconf 85' lang='lat' dir='ltr'><strong>fidem</strong></span> <span class='ocrx_word' id='word_1_675' title='bbox 3495 2267 3590 2321; x_wconf 58' lang='lat' dir='ltr'><strong>ha.</strong></span> 
     </span>
    </p>
   </div>
   <div class='ocr_carea' id='block_1_85' title="bbox 2009 2351 3591 2430">
    <p class='ocr_par' dir='ltr' id='par_1_85' title="bbox 2009 2351 3591 2430">
     <span class='ocr_line' id='line_1_85' title="bbox 2009 2351 3591 2430; baseline 0.006 -24"><span class='ocrx_word' id='word_1_676' title='bbox 2009 2351 2204 2408; x_wconf 91' lang='lat' dir='ltr'><strong>bebaut</strong></span> <span class='ocrx_word' id='word_1_677' title='bbox 2229 2354 2291 2408; x_wconf 93' lang='lat' dir='ltr'><strong>iis</strong></span> <span class='ocrx_word' id='word_1_678' title='bbox 2306 2369 2424 2424; x_wconf 72' lang='lat' dir='ltr'><strong>qua:</strong></span> <span class='ocrx_word' id='word_1_679' title='bbox 2445 2355 2775 2423; x_wconf 88' lang='lat' dir='ltr'><strong>dicebantur,</strong></span> <span class='ocrx_word' id='word_1_680' title='bbox 2790 2357 2932 2427; x_wconf 91' lang='lat' dir='ltr'><strong>quod</strong></span> <span class='ocrx_word' id='word_1_681' title='bbox 2955 2372 3016 2412; x_wconf 93' lang='lat' dir='ltr'><strong>ea</strong></span> <span class='ocrx_word' id='word_1_682' title='bbox 3037 2359 3322 2414; x_wconf 88' lang='lat' dir='ltr'><strong>admodum</strong></span> <span class='ocrx_word' id='word_1_683' title='bbox 3346 2363 3591 2430; x_wconf 79' lang='lat' dir='ltr'><strong>inexspe-</strong></span> 
     </span>
    </p>
   </div>
   <div class='ocr_carea' id='block_1_86' title="bbox 2007 2448 3591 2516">
    <p class='ocr_par' dir='ltr' id='par_1_86' title="bbox 2007 2448 3591 2516">
     <span class='ocr_line' id='line_1_86' title="bbox 2007 2448 3591 2516; baseline 0.004 -18"><span class='ocrx_word' id='word_1_684' title='bbox 2007 2452 2148 2499; x_wconf 89' lang='lat' dir='ltr'><strong>ctata</strong></span> <span class='ocrx_word' id='word_1_685' title='bbox 2176 2453 2374 2506; x_wconf 89' lang='lat' dir='ltr'><strong>essent.</strong></span> <span class='ocrx_word' id='word_1_686' title='bbox 2403 2461 2578 2516; x_wconf 87' lang='lat' dir='ltr'><strong>neque</strong></span> <span class='ocrx_word' id='word_1_687' title='bbox 2604 2448 2750 2502; x_wconf 90' lang='lat' dir='ltr'><strong>clare</strong></span> <span class='ocrx_word' id='word_1_688' title='bbox 2775 2448 2976 2503; x_wconf 86' lang='lat' dir='ltr'><strong>scirent</strong></span> <span class='ocrx_word' id='word_1_689' title='bbox 2999 2449 3118 2516; x_wconf 88' lang='lat' dir='ltr'><strong>quis</strong></span> <span class='ocrx_word' id='word_1_690' title='bbox 3147 2457 3289 2504; x_wconf 85' lang='lat' dir='ltr'><strong>esset</strong></span> <span class='ocrx_word' id='word_1_691' title='bbox 3314 2449 3490 2505; x_wconf 90' lang='lat' dir='ltr'><strong>.lesus.</strong></span> <span class='ocrx_word' id='word_1_692' title='bbox 3524 2451 3591 2505; x_wconf 90' lang='lat' dir='ltr'><strong>lis</strong></span> 
     </span>
    </p>
   </div>
   <div class='ocr_carea' id='block_1_87' title="bbox 2006 2533 3590 2607">
    <p class='ocr_par' dir='ltr' id='par_1_87' title="bbox 2006 2533 3590 2607">
     <span class='ocr_line' id='line_1_87' title="bbox 2006 2533 3590 2607; baseline 0.005 -21"><span class='ocrx_word' id='word_1_693' title='bbox 2006 2533 2148 2587; x_wconf 90' lang='lat' dir='ltr'><strong>enim</strong></span> <span class='ocrx_word' id='word_1_694' title='bbox 2189 2549 2306 2604; x_wconf 68' lang='lat' dir='ltr'><strong>qua:</strong></span> <span class='ocrx_word' id='word_1_695' title='bbox 2344 2535 2596 2604; x_wconf 88' lang='lat' dir='ltr'><strong>operibus</strong></span> <span class='ocrx_word' id='word_1_696' title='bbox 2628 2536 2757 2605; x_wconf 90' lang='lat' dir='ltr'><strong>ipsis</strong></span> <span class='ocrx_word' id='word_1_697' title='bbox 2786 2537 2928 2591; x_wconf 89' lang='lat' dir='ltr'><strong>clare</strong></span> <span class='ocrx_word' id='word_1_698' title='bbox 2963 2539 3396 2607; x_wconf 88' lang='lat' dir='ltr'><strong>comprobantur,</strong></span> <span class='ocrx_word' id='word_1_699' title='bbox 3431 2554 3590 2594; x_wconf 83' lang='lat' dir='ltr'><strong>nemo</strong></span> 
     </span>
    </p>
   </div>
   <div class='ocr_carea' id='block_1_88' title="bbox 2007 2621 3589 2698">
    <p class='ocr_par' dir='ltr' id='par_1_88' title="bbox 2007 2621 3589 2698">
     <span class='ocr_line' id='line_1_88' title="bbox 2007 2621 3589 2698; baseline 0.003 -21"><span class='ocrx_word' id='word_1_700' title='bbox 2007 2621 2165 2677; x_wconf 84' lang='lat' dir='ltr'><strong>Iidem</strong></span> <span class='ocrx_word' id='word_1_701' title='bbox 2207 2625 2507 2693; x_wconf 88' lang='lat' dir='ltr'><strong>negaverit;</strong></span> <span class='ocrx_word' id='word_1_702' title='bbox 2553 2624 2657 2679; x_wconf 92' lang='lat' dir='ltr'><strong>illis</strong></span> <span class='ocrx_word' id='word_1_703' title='bbox 2685 2639 2812 2680; x_wconf 88' lang='lat' dir='ltr'><strong>vero</strong></span> <span class='ocrx_word' id='word_1_704' title='bbox 2841 2641 2959 2694; x_wconf 77' lang='lat' dir='ltr'><strong>qua:</strong></span> <span class='ocrx_word' id='word_1_705' title='bbox 2986 2626 3165 2682; x_wconf 89' lang='lat' dir='ltr'><strong>verbis</strong></span> <span class='ocrx_word' id='word_1_706' title='bbox 3200 2628 3372 2682; x_wconf 88' lang='lat' dir='ltr'><strong>solum</strong></span> <span class='ocrx_word' id='word_1_707' title='bbox 3410 2630 3589 2698; x_wconf 83' lang='lat' dir='ltr'><strong>profe-</strong></span> 
     </span>
    </p>
   </div>
   <div class='ocr_carea' id='block_1_89' title="bbox 2009 2712 3588 2787">
    <p class='ocr_par' dir='ltr' id='par_1_89' title="bbox 2009 2712 3588 2787">
     <span class='ocr_line' id='line_1_89' title="bbox 2009 2712 3588 2787; baseline 0.005 -23"><span class='ocrx_word' id='word_1_708' title='bbox 2009 2712 2281 2776; x_wconf 87' lang='lat' dir='ltr'><strong>rebantur,</strong></span> <span class='ocrx_word' id='word_1_709' title='bbox 2310 2712 2597 2768; x_wconf 87' lang='lat' dir='ltr'><strong>verisimile</strong></span> <span class='ocrx_word' id='word_1_710' title='bbox 2619 2723 2730 2767; x_wconf 90' lang='lat' dir='ltr'><strong>crat</strong></span> <span class='ocrx_word' id='word_1_711' title='bbox 2762 2713 3019 2784; x_wconf 88' lang='lat' dir='ltr'><strong>quosdam</strong></span> <span class='ocrx_word' id='word_1_712' title='bbox 3047 2714 3201 2770; x_wconf 82' lang='lat' dir='ltr'><strong>ﬁdem</strong></span> <span class='ocrx_word' id='word_1_713' title='bbox 3228 2731 3347 2771; x_wconf 86' lang='lat' dir='ltr'><strong>esse</strong></span> <span class='ocrx_word' id='word_1_714' title='bbox 3369 2727 3588 2787; x_wconf 81' lang='lat' dir='ltr'><strong>negatu-</strong></span> 
     </span>
    </p>
   </div>
   <div class='ocr_carea' id='block_1_90' title="bbox 2007 2801 3584 2864">
    <p class='ocr_par' dir='ltr' id='par_1_90' title="bbox 2007 2801 3584 2864">
     <span class='ocr_line' id='line_1_90' title="bbox 2007 2801 3584 2864; baseline 0.004 -7"><span class='ocrx_word' id='word_1_715' title='bbox 2007 2815 2116 2857; x_wconf 90' lang='lat' dir='ltr'><strong>ros.</strong></span> <span class='ocrx_word' id='word_1_716' title='bbox 2148 2801 2349 2858; x_wconf 91' lang='lat' dir='ltr'><strong>Idcirco</strong></span> <span class='ocrx_word' id='word_1_717' title='bbox 2368 2801 2576 2857; x_wconf 91' lang='lat' dir='ltr'><strong>sinebat</strong></span> <span class='ocrx_word' id='word_1_718' title='bbox 2602 2803 2749 2858; x_wconf 90' lang='lat' dir='ltr'><strong>initio</strong></span> <span class='ocrx_word' id='word_1_719' title='bbox 2773 2819 2883 2859; x_wconf 89' lang='lat' dir='ltr'><strong>rem</strong></span> <span class='ocrx_word' id='word_1_720' title='bbox 2905 2805 3163 2861; x_wconf 89' lang='lat' dir='ltr'><strong>occultam</strong></span> <span class='ocrx_word' id='word_1_721' title='bbox 3187 2822 3422 2863; x_wconf 89' lang='lat' dir='ltr'><strong>manere.</strong></span> <span class='ocrx_word' id='word_1_722' title='bbox 3453 2809 3584 2864; x_wconf 88' lang='lat' dir='ltr'><strong>Cnnt</strong></span> 
     </span>
    </p>
   </div>
   <div class='ocr_carea' id='block_1_91' title="bbox 2005 2892 3588 2967">
    <p class='ocr_par' dir='ltr' id='par_1_91' title="bbox 2005 2892 3588 2967">
     <span class='ocr_line' id='line_1_91' title="bbox 2005 2892 3588 2967; baseline 0.004 -21"><span class='ocrx_word' id='word_1_723' title='bbox 2005 2902 2181 2946; x_wconf 89' lang='lat' dir='ltr'><strong>autem</strong></span> <span class='ocrx_word' id='word_1_724' title='bbox 2208 2893 2575 2962; x_wconf 81' lang='lat' dir='ltr'><strong>experimento</strong></span> <span class='ocrx_word' id='word_1_725' title='bbox 2602 2892 2741 2949; x_wconf 89' lang='lat' dir='ltr'><strong>dicta</strong></span> <span class='ocrx_word' id='word_1_726' title='bbox 2769 2909 2864 2949; x_wconf 90' lang='lat' dir='ltr'><strong>sua</strong></span> <span class='ocrx_word' id='word_1_727' title='bbox 2886 2910 3009 2950; x_wconf 89' lang='lat' dir='ltr'><strong>vera</strong></span> <span class='ocrx_word' id='word_1_728' title='bbox 3037 2897 3437 2967; x_wconf 87' lang='lat' dir='ltr'><strong>comprobabat,</strong></span> <span class='ocrx_word' id='word_1_729' title='bbox 3464 2909 3588 2954; x_wconf 88' lang='lat' dir='ltr'><strong>tunc</strong></span> 
     </span>
    </p>
   </div>
   <div class='ocr_carea' id='block_1_92' title="bbox 2005 2983 3584 3058">
    <p class='ocr_par' dir='ltr' id='par_1_92' title="bbox 2005 2983 3584 3058">
     <span class='ocr_line' id='line_1_92' title="bbox 2005 2983 3584 3058; baseline 0.004 -21"><span class='ocrx_word' id='word_1_730' title='bbox 2005 2983 2288 3038; x_wconf 83' lang='lat' dir='ltr'><strong>verborum</strong></span> <span class='ocrx_word' id='word_1_731' title='bbox 2329 2983 2488 3038; x_wconf 82' lang='lat' dir='ltr'><strong>dabat</strong></span> <span class='ocrx_word' id='word_1_732' title='bbox 2529 2984 2967 3055; x_wconf 85' lang='lat' dir='ltr'><strong>intelligentiam,</strong></span> <span class='ocrx_word' id='word_1_733' title='bbox 3008 2995 3315 3057; x_wconf 88' lang='lat' dir='ltr'><strong>tantamque</strong></span> <span class='ocrx_word' id='word_1_734' title='bbox 3355 2988 3584 3058; x_wconf 89' lang='lat' dir='ltr'><strong>Spiritus</strong></span> 
     </span>
    </p>
   </div>
   <div class='ocr_carea' id='block_1_93' title="bbox 2003 3074 3584 3147">
    <p class='ocr_par' dir='ltr' id='par_1_93' title="bbox 2003 3074 3584 3147">
     <span class='ocr_line' id='line_1_93' title="bbox 2003 3074 3584 3147; baseline 0.003 -19"><span class='ocrx_word' id='word_1_735' title='bbox 2003 3075 2249 3144; x_wconf 83' lang='lat' dir='ltr'><strong>gratiam,</strong></span> <span class='ocrx_word' id='word_1_736' title='bbox 2276 3083 2333 3129; x_wconf 81' lang='grc' dir='ltr'><strong>ιιι</strong></span> <span class='ocrx_word' id='word_1_737' title='bbox 2357 3074 2638 3130; x_wconf 85' lang='lat' dir='ltr'><strong>confestim</strong></span> <span class='ocrx_word' id='word_1_738' title='bbox 2662 3077 2838 3131; x_wconf 91' lang='lat' dir='ltr'><strong>omnia</strong></span> <span class='ocrx_word' id='word_1_739' title='bbox 2863 3078 3184 3147; x_wconf 90' lang='lat' dir='ltr'><strong>acciperent.</strong></span> <span class='ocrx_word' id='word_1_740' title='bbox 3216 3077 3315 3133; x_wconf 88' lang='lat' dir='ltr'><strong>Ille</strong></span> <span class='ocrx_word' id='word_1_741' title='bbox 3332 3080 3483 3143; x_wconf 87' lang='lat' dir='ltr'><strong>enim,</strong></span> <span class='ocrx_word' id='word_1_742' title='bbox 3507 3079 3584 3133; x_wconf 87' lang='lat' dir='ltr'><strong>in-</strong></span> 
     </span>
    </p>
   </div>
   <div class='ocr_carea' id='block_1_94' title="bbox 2003 3166 3583 3241">
    <p class='ocr_par' dir='ltr' id='par_1_94' title="bbox 2003 3166 3583 3241">
     <span class='ocr_line' id='line_1_94' title="bbox 2003 3166 3583 3241; baseline 0.006 -24"><span class='ocrx_word' id='word_1_743' title='bbox 2003 3166 2116 3236; x_wconf 90' lang='lat' dir='ltr'><strong>quit</strong></span> <span class='ocrx_word' id='word_1_744' title='bbox 2136 3204 2150 3228; x_wconf 90' lang='lat'><strong>,</strong></span> <span class='ocrx_word' id='word_1_745' title='bbox 2181 3167 2317 3220; x_wconf 79' lang='lat' dir='ltr'><strong>vobis</strong></span> <span class='ocrx_word' id='word_1_746' title='bbox 2343 3169 2744 3222; x_wconf 86' lang='lat' dir='ltr'><strong>commemorabit</strong></span> <span class='ocrx_word' id='word_1_747' title='bbox 2769 3169 2958 3224; x_wconf 89' lang='lat' dir='ltr'><strong>omnia.</strong></span> <span class='ocrx_word' id='word_1_748' title='bbox 3000 3170 3130 3224; x_wconf 85' lang='lat' dir='ltr'><strong>Nam</strong></span> <span class='ocrx_word' id='word_1_749' title='bbox 3158 3172 3244 3240; x_wconf 91' lang='lat' dir='ltr'><strong>qui</strong></span> <span class='ocrx_word' id='word_1_750' title='bbox 3274 3181 3583 3241; x_wconf 88' lang='lat' dir='ltr'><strong>conceptam</strong></span> 
     </span>
    </p>
   </div>
   <div class='ocr_carea' id='block_1_95' title="bbox 2003 3255 3578 3330">
    <p class='ocr_par' dir='ltr' id='par_1_95' title="bbox 2003 3255 3578 3330">
     <span class='ocr_line' id='line_1_95' title="bbox 2003 3255 3578 3330; baseline 0.003 -19"><span class='ocrx_word' id='word_1_751' title='bbox 2003 3255 2070 3311; x_wconf 90' lang='lat' dir='ltr'><strong>de</strong></span> <span class='ocrx_word' id='word_1_752' title='bbox 2095 3257 2186 3310; x_wconf 90' lang='lat' dir='ltr'><strong>illo</strong></span> <span class='ocrx_word' id='word_1_753' title='bbox 2215 3258 2596 3324; x_wconf 89' lang='lat' dir='ltr'><strong>reverentiam,</strong></span> <span class='ocrx_word' id='word_1_754' title='bbox 2623 3274 2726 3313; x_wconf 90' lang='lat' dir='ltr'><strong>una</strong></span> <span class='ocrx_word' id='word_1_755' title='bbox 2754 3275 2976 3329; x_wconf 86' lang='lat' dir='ltr'><strong>vespera</strong></span> <span class='ocrx_word' id='word_1_756' title='bbox 3002 3259 3384 3330; x_wconf 87' lang='lat' dir='ltr'><strong>deposuerunt,</strong></span> <span class='ocrx_word' id='word_1_757' title='bbox 3412 3277 3476 3316; x_wconf 90' lang='lat' dir='ltr'><strong>ac</strong></span> <span class='ocrx_word' id='word_1_758' title='bbox 3502 3261 3578 3316; x_wconf 83' lang='lat' dir='ltr'><strong>fu-</strong></span> 
     </span>
    </p>
   </div>
   <div class='ocr_carea' id='block_1_96' title="bbox 2001 3345 3582 3416">
    <p class='ocr_par' dir='ltr' id='par_1_96' title="bbox 2001 3345 3582 3416">
     <span class='ocr_line' id='line_1_96' title="bbox 2001 3345 3582 3416; baseline 0.003 -16"><span class='ocrx_word' id='word_1_759' title='bbox 2001 3355 2213 3416; x_wconf 87' lang='lat' dir='ltr'><strong>gerunt,</strong></span> <span class='ocrx_word' id='word_1_760' title='bbox 2246 3347 2336 3416; x_wconf 90' lang='lat' dir='ltr'><strong>qui</strong></span> <span class='ocrx_word' id='word_1_761' title='bbox 2363 3361 2421 3402; x_wconf 89' lang='lat' dir='ltr'><strong>se</strong></span> <span class='ocrx_word' id='word_1_762' title='bbox 2449 3345 2700 3402; x_wconf 88' lang='lat' dir='ltr'><strong>dicebant</strong></span> <span class='ocrx_word' id='word_1_763' title='bbox 2719 3363 2824 3401; x_wconf 90' lang='lat' dir='ltr'><strong>non</strong></span> <span class='ocrx_word' id='word_1_764' title='bbox 2849 3363 3010 3403; x_wconf 89' lang='lat' dir='ltr'><strong>nosse</strong></span> <span class='ocrx_word' id='word_1_765' title='bbox 3038 3350 3206 3416; x_wconf 91' lang='lat' dir='ltr'><strong>illum,</strong></span> <span class='ocrx_word' id='word_1_766' title='bbox 3231 3352 3317 3404; x_wconf 82' lang='lat' dir='ltr'><strong>vix</strong></span> <span class='ocrx_word' id='word_1_767' title='bbox 3345 3352 3582 3405; x_wconf 86' lang='lat' dir='ltr'><strong>omnium</strong></span> 
     </span>
    </p>
   </div>
   <div class='ocr_carea' id='block_1_97' title="bbox 2002 3435 3582 3506">
    <p class='ocr_par' dir='ltr' id='par_1_97' title="bbox 2002 3435 3582 3506">
     <span class='ocr_line' id='line_1_97' title="bbox 2002 3435 3582 3506; baseline 0.003 -16"><span class='ocrx_word' id='word_1_768' title='bbox 2002 3451 2120 3505; x_wconf 70' lang='lat' dir='ltr'><strong>quae</strong></span> <span class='ocrx_word' id='word_1_769' title='bbox 2145 3435 2312 3490; x_wconf 91' lang='lat' dir='ltr'><strong>multo</strong></span> <span class='ocrx_word' id='word_1_770' title='bbox 2344 3447 2584 3504; x_wconf 88' lang='lat' dir='ltr'><strong>tempore</strong></span> <span class='ocrx_word' id='word_1_771' title='bbox 2611 3435 2747 3491; x_wconf 89' lang='lat' dir='ltr'><strong>facta</strong></span> <span class='ocrx_word' id='word_1_772' title='bbox 2773 3437 3019 3506; x_wconf 90' lang='lat' dir='ltr'><strong>dictaque</strong></span> <span class='ocrx_word' id='word_1_773' title='bbox 3047 3437 3287 3503; x_wconf 91' lang='lat' dir='ltr'><strong>fuerant,</strong></span> <span class='ocrx_word' id='word_1_774' title='bbox 3319 3441 3582 3494; x_wconf 73' lang='lat' dir='ltr'><strong>recordati</strong></span> 
     </span>
    </p>
   </div>
   <div class='ocr_carea' id='block_1_98' title="bbox 2001 3523 3585 3597">
    <p class='ocr_par' dir='ltr' id='par_1_98' title="bbox 2001 3523 3585 3597">
     <span class='ocr_line' id='line_1_98' title="bbox 2001 3523 3585 3597; baseline 0.003 -18"><span class='ocrx_word' id='word_1_775' title='bbox 2001 3523 2258 3591; x_wconf 85' lang='lat' dir='ltr'><strong>fuissent,</strong></span> <span class='ocrx_word' id='word_1_776' title='bbox 2299 3524 2399 3578; x_wconf 90' lang='lat' dir='ltr'><strong>nisi</strong></span> <span class='ocrx_word' id='word_1_777' title='bbox 2440 3539 2685 3594; x_wconf 83' lang='lat' dir='ltr'><strong>magnam</strong></span> <span class='ocrx_word' id='word_1_778' title='bbox 2731 3525 3046 3594; x_wconf 89' lang='lat' dir='ltr'><strong>consequuti</strong></span> <span class='ocrx_word' id='word_1_779' title='bbox 3092 3527 3317 3582; x_wconf 83' lang='lat' dir='ltr'><strong>fuissent</strong></span> <span class='ocrx_word' id='word_1_780' title='bbox 3355 3527 3585 3597; x_wconf 87' lang='lat' dir='ltr'><strong>Spiritus</strong></span> 
     </span>
    </p>
   </div>
   <div class='ocr_carea' id='block_1_99' title="bbox 2001 3615 3582 3686">
    <p class='ocr_par' dir='ltr' id='par_1_99' title="bbox 2001 3615 3582 3686">
     <span class='ocr_line' id='line_1_99' title="bbox 2001 3615 3582 3686; baseline 0.003 -18"><span class='ocrx_word' id='word_1_781' title='bbox 2001 3616 2246 3686; x_wconf 87' lang='lat' dir='ltr'><strong>gratiam.</strong></span> <span class='ocrx_word' id='word_1_782' title='bbox 2293 3615 2352 3670; x_wconf 89' lang='lat' dir='ltr'><strong>Si</strong></span> <span class='ocrx_word' id='word_1_783' title='bbox 2394 3631 2520 3671; x_wconf 89' lang='lat' dir='ltr'><strong>vero</strong></span> <span class='ocrx_word' id='word_1_784' title='bbox 2545 3655 2560 3680; x_wconf 94' lang='lat'><strong>,</strong></span> <span class='ocrx_word' id='word_1_785' title='bbox 2593 3616 2832 3686; x_wconf 89' lang='lat' dir='ltr'><strong>inquies,</strong></span> <span class='ocrx_word' id='word_1_786' title='bbox 2861 3631 2891 3670; x_wconf 92' lang='lat' dir='ltr'><strong>a</strong></span> <span class='ocrx_word' id='word_1_787' title='bbox 2917 3618 3115 3686; x_wconf 89' lang='lat' dir='ltr'><strong>Spiritu</strong></span> <span class='ocrx_word' id='word_1_788' title='bbox 3142 3617 3367 3673; x_wconf 90' lang='lat' dir='ltr'><strong>audituri</strong></span> <span class='ocrx_word' id='word_1_789' title='bbox 3397 3631 3582 3686; x_wconf 88' lang='lat' dir='ltr'><strong>erant,</strong></span> 
     </span>
    </p>
   </div>
   <div class='ocr_carea' id='block_1_100' title="bbox 2002 3706 3583 3776">
    <p class='ocr_par' dir='ltr' id='par_1_100' title="bbox 2002 3706 3583 3776">
     <span class='ocr_line' id='line_1_100' title="bbox 2002 3706 3583 3776; baseline 0.004 -17"><span class='ocrx_word' id='word_1_790' title='bbox 2002 3706 2128 3775; x_wconf 91' lang='lat' dir='ltr'><strong>quid</strong></span> <span class='ocrx_word' id='word_1_791' title='bbox 2154 3721 2289 3776; x_wconf 90' lang='lat' dir='ltr'><strong>opus</strong></span> <span class='ocrx_word' id='word_1_792' title='bbox 2317 3717 2432 3760; x_wconf 90' lang='lat' dir='ltr'><strong>erat</strong></span> <span class='ocrx_word' id='word_1_793' title='bbox 2461 3706 2582 3760; x_wconf 90' lang='lat' dir='ltr'><strong>illos</strong></span> <span class='ocrx_word' id='word_1_794' title='bbox 2608 3721 2727 3761; x_wconf 90' lang='lat' dir='ltr'><strong>cum</strong></span> <span class='ocrx_word' id='word_1_795' title='bbox 2758 3707 2971 3762; x_wconf 86' lang='lat' dir='ltr'><strong>Christo</strong></span> <span class='ocrx_word' id='word_1_796' title='bbox 3000 3708 3219 3774; x_wconf 90' lang='lat' dir='ltr'><strong>versari,</strong></span> <span class='ocrx_word' id='word_1_797' title='bbox 3246 3724 3351 3764; x_wconf 89' lang='lat' dir='ltr'><strong>non</strong></span> <span class='ocrx_word' id='word_1_798' title='bbox 3377 3709 3583 3766; x_wconf 88' lang='lat' dir='ltr'><strong>intelle-</strong></span> 
     </span>
    </p>
   </div>
   <div class='ocr_carea' id='block_1_101' title="bbox 2001 3798 3582 3870">
    <p class='ocr_par' dir='ltr' id='par_1_101' title="bbox 2001 3798 3582 3870">
     <span class='ocr_line' id='line_1_101' title="bbox 2001 3798 3582 3870; baseline 0.003 -18"><span class='ocrx_word' id='word_1_799' title='bbox 2001 3807 2181 3853; x_wconf 90' lang='lat' dir='ltr'><strong>cturos</strong></span> <span class='ocrx_word' id='word_1_800' title='bbox 2202 3813 2264 3853; x_wconf 91' lang='lat' dir='ltr'><strong>ea</strong></span> <span class='ocrx_word' id='word_1_801' title='bbox 2295 3814 2411 3868; x_wconf 77' lang='lat' dir='ltr'><strong>qua:</strong></span> <span class='ocrx_word' id='word_1_802' title='bbox 2437 3798 2784 3853; x_wconf 89' lang='lat' dir='ltr'><strong>dicebantur?</strong></span> <span class='ocrx_word' id='word_1_803' title='bbox 2804 3799 3063 3866; x_wconf 55' lang='lat' dir='ltr'><strong>Quoniam</strong></span> <span class='ocrx_word' id='word_1_804' title='bbox 3094 3798 3323 3870; x_wconf 90' lang='lat' dir='ltr'><strong>Spiritus</strong></span> <span class='ocrx_word' id='word_1_805' title='bbox 3350 3817 3457 3856; x_wconf 90' lang='lat' dir='ltr'><strong>non</strong></span> <span class='ocrx_word' id='word_1_806' title='bbox 3482 3800 3582 3855; x_wconf 85' lang='lat' dir='ltr'><strong>do-</strong></span> 
     </span>
    </p>
   </div>
   <div class='ocr_carea' id='block_1_102' title="bbox 2001 3889 3585 3962">
    <p class='ocr_par' dir='ltr' id='par_1_102' title="bbox 2001 3889 3585 3962">
     <span class='ocr_line' id='line_1_102' title="bbox 2001 3889 3585 3962; baseline 0.003 -19"><span class='ocrx_word' id='word_1_807' title='bbox 2001 3890 2130 3956; x_wconf 87' lang='lat' dir='ltr'><strong>cuit,</strong></span> <span class='ocrx_word' id='word_1_808' title='bbox 2178 3889 2271 3944; x_wconf 91' lang='lat' dir='ltr'><strong>sed</strong></span> <span class='ocrx_word' id='word_1_809' title='bbox 2321 3889 2373 3943; x_wconf 91' lang='lat' dir='ltr'><strong>in</strong></span> <span class='ocrx_word' id='word_1_810' title='bbox 2420 3891 2729 3944; x_wconf 88' lang='lat' dir='ltr'><strong>memoriam</strong></span> <span class='ocrx_word' id='word_1_811' title='bbox 2776 3891 3042 3946; x_wconf 83' lang='lat' dir='ltr'><strong>revocavit</strong></span> <span class='ocrx_word' id='word_1_812' title='bbox 3081 3905 3144 3945; x_wconf 88' lang='lat' dir='ltr'><strong>ea</strong></span> <span class='ocrx_word' id='word_1_813' title='bbox 3182 3908 3300 3962; x_wconf 76' lang='lat' dir='ltr'><strong>qua:</strong></span> <span class='ocrx_word' id='word_1_814' title='bbox 3343 3893 3585 3948; x_wconf 88' lang='lat' dir='ltr'><strong>Christus</strong></span> 
     </span>
    </p>
   </div>
   <div class='ocr_carea' id='block_1_103' title="bbox 2001 3981 3584 4050">
    <p class='ocr_par' dir='ltr' id='par_1_103' title="bbox 2001 3981 3584 4050">
     <span class='ocr_line' id='line_1_103' title="bbox 2001 3981 3584 4050; baseline 0.002 -16"><span class='ocrx_word' id='word_1_815' title='bbox 2001 3981 2226 4035; x_wconf 82' lang='lat' dir='ltr'><strong>dixerat.</strong></span> <span class='ocrx_word' id='word_1_816' title='bbox 2272 3981 2384 4034; x_wconf 85' lang='lat' dir='ltr'><strong>Non</strong></span> <span class='ocrx_word' id='word_1_817' title='bbox 2414 3997 2598 4048; x_wconf 86' lang='lat' dir='ltr'><strong>parum</strong></span> <span class='ocrx_word' id='word_1_818' title='bbox 2629 3991 2804 4035; x_wconf 88' lang='lat' dir='ltr'><strong>autem</strong></span> <span class='ocrx_word' id='word_1_819' title='bbox 2832 3981 2897 4034; x_wconf 90' lang='lat' dir='ltr'><strong>ad</strong></span> <span class='ocrx_word' id='word_1_820' title='bbox 2925 3982 3146 4050; x_wconf 81' lang='lat' dir='ltr'><strong>gloriam</strong></span> <span class='ocrx_word' id='word_1_821' title='bbox 3171 3982 3368 4036; x_wconf 92' lang='lat' dir='ltr'><strong>Christi</strong></span> <span class='ocrx_word' id='word_1_822' title='bbox 3398 3983 3584 4039; x_wconf 88' lang='lat' dir='ltr'><strong>confe-</strong></span> 
     </span>
    </p>
   </div>
   <div class='ocr_carea' id='block_1_104' title="bbox 2003 4071 3579 4142">
    <p class='ocr_par' dir='ltr' id='par_1_104' title="bbox 2003 4071 3579 4142">
     <span class='ocr_line' id='line_1_104' title="bbox 2003 4071 3579 4142; baseline -0.001 -14"><span class='ocrx_word' id='word_1_823' title='bbox 2003 4074 2174 4138; x_wconf 90' lang='lat' dir='ltr'><strong>rebat,</strong></span> <span class='ocrx_word' id='word_1_824' title='bbox 2199 4072 2340 4142; x_wconf 90' lang='lat' dir='ltr'><strong>quod</strong></span> <span class='ocrx_word' id='word_1_825' title='bbox 2370 4071 2600 4141; x_wconf 89' lang='lat' dir='ltr'><strong>Spiritus</strong></span> <span class='ocrx_word' id='word_1_826' title='bbox 2626 4072 2923 4126; x_wconf 89' lang='lat' dir='ltr'><strong>mitteretur</strong></span> <span class='ocrx_word' id='word_1_827' title='bbox 2943 4071 3010 4126; x_wconf 89' lang='lat' dir='ltr'><strong>ad</strong></span> <span class='ocrx_word' id='word_1_828' title='bbox 3033 4072 3392 4127; x_wconf 87' lang='lat' dir='ltr'><strong>renovandam</strong></span> <span class='ocrx_word' id='word_1_829' title='bbox 3411 4073 3579 4128; x_wconf 88' lang='lat' dir='ltr'><strong>dicto-</strong></span> 
     </span>
    </p>
   </div>
   <div class='ocr_carea' id='block_1_105' title="bbox 2004 4163 3580 4236">
    <p class='ocr_par' dir='ltr' id='par_1_105' title="bbox 2004 4163 3580 4236">
     <span class='ocr_line' id='line_1_105' title="bbox 2004 4163 3580 4236; baseline 0.001 -16"><span class='ocrx_word' id='word_1_830' title='bbox 2004 4183 2120 4221; x_wconf 89' lang='lat' dir='ltr'><strong>rum</strong></span> <span class='ocrx_word' id='word_1_831' title='bbox 2147 4180 2364 4220; x_wconf 89' lang='lat' dir='ltr'><strong>suorum</strong></span> <span class='ocrx_word' id='word_1_832' title='bbox 2391 4165 2722 4219; x_wconf 90' lang='lat' dir='ltr'><strong>memoriam.</strong></span> <span class='ocrx_word' id='word_1_833' title='bbox 2767 4163 2921 4220; x_wconf 90' lang='lat' dir='ltr'><strong>Initio</strong></span> <span class='ocrx_word' id='word_1_834' title='bbox 2951 4167 3165 4236; x_wconf 90' lang='lat' dir='ltr'><strong>quidem</strong></span> <span class='ocrx_word' id='word_1_835' title='bbox 3195 4182 3260 4222; x_wconf 75' lang='lat' dir='ltr'><strong>ex</strong></span> <span class='ocrx_word' id='word_1_836' title='bbox 3290 4167 3383 4222; x_wconf 91' lang='lat' dir='ltr'><strong>Dei</strong></span> <span class='ocrx_word' id='word_1_837' title='bbox 3417 4167 3580 4222; x_wconf 89' lang='lat' dir='ltr'><strong>bene-</strong></span> 
     </span>
    </p>
   </div>
   <div class='ocr_carea' id='block_1_106' title="bbox 2005 4255 3582 4328">
    <p class='ocr_par' dir='ltr' id='par_1_106' title="bbox 2005 4255 3582 4328">
     <span class='ocr_line' id='line_1_106' title="bbox 2005 4255 3582 4328; baseline 0 -14"><span class='ocrx_word' id='word_1_838' title='bbox 2005 4261 2123 4314; x_wconf 86' lang='lat' dir='ltr'><strong>ficio</strong></span> <span class='ocrx_word' id='word_1_839' title='bbox 2154 4258 2282 4324; x_wconf 90' lang='lat' dir='ltr'><strong>fuit,</strong></span> <span class='ocrx_word' id='word_1_840' title='bbox 2312 4256 2453 4328; x_wconf 90' lang='lat' dir='ltr'><strong>quod</strong></span> <span class='ocrx_word' id='word_1_841' title='bbox 2485 4255 2717 4327; x_wconf 90' lang='lat' dir='ltr'><strong>Spiritus</strong></span> <span class='ocrx_word' id='word_1_842' title='bbox 2746 4258 2914 4327; x_wconf 86' lang='lat' dir='ltr'><strong>gratia</strong></span> <span class='ocrx_word' id='word_1_843' title='bbox 2947 4259 3209 4314; x_wconf 91' lang='lat' dir='ltr'><strong>involaret</strong></span> <span class='ocrx_word' id='word_1_844' title='bbox 3228 4298 3242 4322; x_wconf 86' lang='lat'><strong>,</strong></span> <span class='ocrx_word' id='word_1_845' title='bbox 3269 4259 3337 4314; x_wconf 91' lang='lat' dir='ltr'><strong>ita</strong></span> <span class='ocrx_word' id='word_1_846' title='bbox 3367 4258 3582 4328; x_wconf 88' lang='lat' dir='ltr'><strong>copiosa</strong></span> 
     </span>
    </p>
   </div>
   <div class='ocr_carea' id='block_1_107' title="bbox 2002 4347 3582 4420">
    <p class='ocr_par' dir='ltr' id='par_1_107' title="bbox 2002 4347 3582 4420">
     <span class='ocr_line' id='line_1_107' title="bbox 2002 4347 3582 4420; baseline -0.001 -16"><span class='ocrx_word' id='word_1_847' title='bbox 2002 4357 2059 4404; x_wconf 89' lang='lat' dir='ltr'><strong>et</strong></span> <span class='ocrx_word' id='word_1_848' title='bbox 2100 4349 2305 4417; x_wconf 91' lang='lat' dir='ltr'><strong>ampla;</strong></span> <span class='ocrx_word' id='word_1_849' title='bbox 2355 4347 2548 4402; x_wconf 91' lang='lat' dir='ltr'><strong>deinde</strong></span> <span class='ocrx_word' id='word_1_850' title='bbox 2586 4362 2771 4402; x_wconf 88' lang='lat' dir='ltr'><strong>eorum</strong></span> <span class='ocrx_word' id='word_1_851' title='bbox 2802 4348 3011 4403; x_wconf 90' lang='lat' dir='ltr'><strong>virtutis</strong></span> <span class='ocrx_word' id='word_1_852' title='bbox 3047 4347 3164 4415; x_wconf 90' lang='lat' dir='ltr'><strong>fuit,</strong></span> <span class='ocrx_word' id='word_1_853' title='bbox 3205 4348 3344 4420; x_wconf 90' lang='lat' dir='ltr'><strong>quod</strong></span> <span class='ocrx_word' id='word_1_854' title='bbox 3385 4349 3582 4403; x_wconf 90' lang='lat' dir='ltr'><strong>donum</strong></span> 
     </span>
    </p>
   </div>
   <div class='ocr_carea' id='block_1_108' title="bbox 2005 4437 3579 4508">
    <p class='ocr_par' dir='ltr' id='par_1_108' title="bbox 2005 4437 3579 4508">
     <span class='ocr_line' id='line_1_108' title="bbox 2005 4437 3579 4508; baseline 0 -14"><span class='ocrx_word' id='word_1_855' title='bbox 2005 4448 2208 4494; x_wconf 90' lang='lat' dir='ltr'><strong>tantum</strong></span> <span class='ocrx_word' id='word_1_856' title='bbox 2253 4439 2562 4493; x_wconf 89' lang='lat' dir='ltr'><strong>retinerent.</strong></span> <span class='ocrx_word' id='word_1_857' title='bbox 2595 4437 2766 4492; x_wconf 82' lang='lat' dir='ltr'><strong>Vitam</strong></span> <span class='ocrx_word' id='word_1_858' title='bbox 2809 4437 3004 4508; x_wconf 89' lang='lat' dir='ltr'><strong>quippe</strong></span> <span class='ocrx_word' id='word_1_859' title='bbox 3047 4440 3326 4494; x_wconf 87' lang='lat' dir='ltr'><strong>sanctitate</strong></span> <span class='ocrx_word' id='word_1_860' title='bbox 3366 4440 3579 4508; x_wconf 83' lang='lat' dir='ltr'><strong>Conspi-</strong></span> 
     </span>
    </p>
   </div>
   <div class='ocr_carea' id='block_1_109' title="bbox 2002 4528 3581 4600">
    <p class='ocr_par' dir='ltr' id='par_1_109' title="bbox 2002 4528 3581 4600">
     <span class='ocr_line' id='line_1_109' title="bbox 2002 4528 3581 4600; baseline 0.002 -17"><span class='ocrx_word' id='word_1_861' title='bbox 2002 4544 2155 4584; x_wconf 92' lang='lat' dir='ltr'><strong>cuam</strong></span> <span class='ocrx_word' id='word_1_862' title='bbox 2194 4528 2478 4594; x_wconf 86' lang='lat' dir='ltr'><strong>ducebant,</strong></span> <span class='ocrx_word' id='word_1_863' title='bbox 2511 4529 2838 4600; x_wconf 89' lang='lat' dir='ltr'><strong>multamque</strong></span> <span class='ocrx_word' id='word_1_864' title='bbox 2878 4529 3191 4598; x_wconf 90' lang='lat' dir='ltr'><strong>sapientiam</strong></span> <span class='ocrx_word' id='word_1_865' title='bbox 3227 4532 3581 4595; x_wconf 74' lang='lat' dir='ltr'><strong>exhibebant,</strong></span> 
     </span>
    </p>
   </div>
   <div class='ocr_carea' id='block_1_110' title="bbox 2003 4621 3581 4693">
    <p class='ocr_par' dir='ltr' id='par_1_110' title="bbox 2003 4621 3581 4693">
     <span class='ocr_line' id='line_1_110' title="bbox 2003 4621 3581 4693; baseline 0.001 -16"><span class='ocrx_word' id='word_1_866' title='bbox 2003 4623 2318 4693; x_wconf 88' lang='lat' dir='ltr'><strong>laboresque</strong></span> <span class='ocrx_word' id='word_1_867' title='bbox 2341 4636 2560 4693; x_wconf 86' lang='lat' dir='ltr'><strong>magnos</strong></span> <span class='ocrx_word' id='word_1_868' title='bbox 2583 4639 2597 4676; x_wconf 90' lang='lat'>:</span> <span class='ocrx_word' id='word_1_869' title='bbox 2624 4621 2787 4676; x_wconf 89' lang='lat' dir='ltr'><strong>vitam</strong></span> <span class='ocrx_word' id='word_1_870' title='bbox 2811 4632 3124 4690; x_wconf 69' lang='lat' dir='ltr'><strong>prmsentem</strong></span> <span class='ocrx_word' id='word_1_871' title='bbox 3147 4625 3581 4689; x_wconf 82' lang='lat' dir='ltr'><strong>contemnebant,</strong></span> 
     </span>
    </p>
   </div>
   <div class='ocr_carea' id='block_1_111' title="bbox 2003 4712 3582 4783">
    <p class='ocr_par' dir='ltr' id='par_1_111' title="bbox 2003 4712 3582 4783">
     <span class='ocr_line' id='line_1_111' title="bbox 2003 4712 3582 4783; baseline -0.001 -15"><span class='ocrx_word' id='word_1_872' title='bbox 2003 4715 2232 4770; x_wconf 90' lang='lat' dir='ltr'><strong>humana</strong></span> <span class='ocrx_word' id='word_1_873' title='bbox 2280 4713 2428 4768; x_wconf 91' lang='lat' dir='ltr'><strong>nihili</strong></span> <span class='ocrx_word' id='word_1_874' title='bbox 2470 4712 2794 4783; x_wconf 89' lang='lat' dir='ltr'><strong>pendebant,</strong></span> <span class='ocrx_word' id='word_1_875' title='bbox 2845 4713 2940 4767; x_wconf 90' lang='lat' dir='ltr'><strong>scd</strong></span> <span class='ocrx_word' id='word_1_876' title='bbox 2984 4717 3288 4783; x_wconf 90' lang='lat' dir='ltr'><strong>superiores</strong></span> <span class='ocrx_word' id='word_1_877' title='bbox 3335 4715 3582 4769; x_wconf 87' lang='lat' dir='ltr'><strong>omnibus</strong></span> 
     </span>
    </p>
   </div>
   <div class='ocr_carea' id='block_1_112' title="bbox 2003 4803 3582 4874">
    <p class='ocr_par' dir='ltr' id='par_1_112' title="bbox 2003 4803 3582 4874">
     <span class='ocr_line' id='line_1_112' title="bbox 2003 4803 3582 4874; baseline -0.004 -12"><span class='ocrx_word' id='word_1_878' title='bbox 2003 4807 2182 4872; x_wconf 89' lang='lat' dir='ltr'><strong>fuere;</strong></span> <span class='ocrx_word' id='word_1_879' title='bbox 2212 4820 2274 4860; x_wconf 88' lang='lat' dir='ltr'><strong>ac</strong></span> <span class='ocrx_word' id='word_1_880' title='bbox 2295 4806 2431 4859; x_wconf 90' lang='lat' dir='ltr'><strong>sicut</strong></span> <span class='ocrx_word' id='word_1_881' title='bbox 2455 4804 2648 4874; x_wconf 66' lang='lat' dir='ltr'><strong>aquilae</strong></span> <span class='ocrx_word' id='word_1_882' title='bbox 2676 4804 2822 4859; x_wconf 87' lang='lat' dir='ltr'><strong>leves</strong></span> <span class='ocrx_word' id='word_1_883' title='bbox 2849 4803 2904 4857; x_wconf 81' lang='lat' dir='ltr'><strong>in</strong></span> <span class='ocrx_word' id='word_1_884' title='bbox 2931 4804 3093 4858; x_wconf 90' lang='lat' dir='ltr'><strong>altum</strong></span> <span class='ocrx_word' id='word_1_885' title='bbox 3118 4805 3376 4868; x_wconf 83' lang='lat' dir='ltr'><strong>volantes,</strong></span> <span class='ocrx_word' id='word_1_886' title='bbox 3407 4806 3582 4872; x_wconf 80' lang='lat' dir='ltr'><strong>Operi-</strong></span> 
     </span>
    </p>
   </div>
   <div class='ocr_carea' id='block_1_113' title="bbox 2003 4894 3581 4967">
    <p class='ocr_par' dir='ltr' id='par_1_113' title="bbox 2003 4894 3581 4967">
     <span class='ocr_line' id='line_1_113' title="bbox 2003 4894 3581 4967; baseline -0.006 -12"><span class='ocrx_word' id='word_1_887' title='bbox 2003 4901 2102 4955; x_wconf 91' lang='lat' dir='ltr'><strong>bus</strong></span> <span class='ocrx_word' id='word_1_888' title='bbox 2131 4898 2196 4953; x_wconf 88' lang='lat' dir='ltr'><strong>ad</strong></span> <span class='ocrx_word' id='word_1_889' title='bbox 2225 4899 2396 4967; x_wconf 90' lang='lat' dir='ltr'><strong>ipsum</strong></span> <span class='ocrx_word' id='word_1_890' title='bbox 2425 4896 2612 4951; x_wconf 70' lang='lat' dir='ltr'><strong>etelum</strong></span> <span class='ocrx_word' id='word_1_891' title='bbox 2645 4894 3048 4965; x_wconf 77' lang='lat' dir='ltr'><strong>pertingebant,</strong></span> <span class='ocrx_word' id='word_1_892' title='bbox 3085 4911 3281 4965; x_wconf 79' lang='lat' dir='ltr'><strong>perque</strong></span> <span class='ocrx_word' id='word_1_893' title='bbox 3307 4910 3464 4962; x_wconf 85' lang='lat' dir='ltr'><strong>Opera</strong></span> <span class='ocrx_word' id='word_1_894' title='bbox 3497 4894 3581 4947; x_wconf 83' lang='lat' dir='ltr'><strong>in-</strong></span> 
     </span>
    </p>
   </div>
   <div class='ocr_carea' id='block_1_114' title="bbox 2001 4984 3580 5061">
    <p class='ocr_par' dir='ltr' id='par_1_114' title="bbox 2001 4984 3580 5061">
     <span class='ocr_line' id='line_1_114' title="bbox 2001 4984 3580 5061; baseline -0.008 -16"><span class='ocrx_word' id='word_1_895' title='bbox 2001 5000 2216 5061; x_wconf 87' lang='lat' dir='ltr'><strong>gentcm</strong></span> <span class='ocrx_word' id='word_1_896' title='bbox 2243 4987 2471 5058; x_wconf 89' lang='lat' dir='ltr'><strong>Spiritus</strong></span> <span class='ocrx_word' id='word_1_897' title='bbox 2493 4987 2717 5058; x_wconf 88' lang='lat' dir='ltr'><strong>gratiam</strong></span> <span class='ocrx_word' id='word_1_898' title='bbox 2750 4986 3078 5040; x_wconf 89' lang='lat' dir='ltr'><strong>obtinebant.</strong></span> <span class='ocrx_word' id='word_1_899' title='bbox 3129 4985 3238 5038; x_wconf 83' lang='lat' dir='ltr'><strong>Hos</strong></span> <span class='ocrx_word' id='word_1_900' title='bbox 3279 4984 3455 5051; x_wconf 85' lang='lat' dir='ltr'><strong>itaque</strong></span> <span class='ocrx_word' id='word_1_901' title='bbox 3488 4999 3580 5034; x_wconf 81' lang='lat' dir='ltr'><strong>nos</strong></span> 
     </span>
    </p>
   </div>
   <div class='ocr_carea' id='block_1_115' title="bbox 2002 5073 3571 5152">
    <p class='ocr_par' dir='ltr' id='par_1_115' title="bbox 2002 5073 3571 5152">
     <span class='ocr_line' id='line_1_115' title="bbox 2002 5073 3571 5152; baseline -0.003 -19"><span class='ocrx_word' id='word_1_902' title='bbox 2002 5097 2209 5152; x_wconf 88' lang='lat' dir='ltr'><strong>quoque</strong></span> <span class='ocrx_word' id='word_1_903' title='bbox 2234 5082 2533 5134; x_wconf 89' lang='lat' dir='ltr'><strong>imitemur:</strong></span> <span class='ocrx_word' id='word_1_904' title='bbox 2554 5094 2619 5133; x_wconf 91' lang='lat' dir='ltr'><strong>ne</strong></span> <span class='ocrx_word' id='word_1_905' title='bbox 2635 5080 3032 5148; x_wconf 80' lang='lat' dir='ltr'><strong>exstinguamus</strong></span> <span class='ocrx_word' id='word_1_906' title='bbox 3056 5073 3325 5143; x_wconf 84' lang='lat' dir='ltr'><strong>lampades</strong></span> <span class='ocrx_word' id='word_1_907' title='bbox 3353 5083 3571 5143; x_wconf 75' lang='lat' dir='ltr'><strong>nostras,</strong></span> 
     </span>
    </p>
   </div>
   <div class='ocr_carea' id='block_1_116' title="bbox 2003 5163 3580 5240">
    <p class='ocr_par' dir='ltr' id='par_1_116' title="bbox 2003 5163 3580 5240">
     <span class='ocr_line' id='line_1_116' title="bbox 2003 5163 3580 5240; baseline -0.006 -13"><span class='ocrx_word' id='word_1_908' title='bbox 2003 5174 2094 5228; x_wconf 92' lang='lat' dir='ltr'><strong>sed</strong></span> <span class='ocrx_word' id='word_1_909' title='bbox 2116 5173 2316 5227; x_wconf 90' lang='lat' dir='ltr'><strong>lucidas</strong></span> <span class='ocrx_word' id='word_1_910' title='bbox 2340 5187 2434 5240; x_wconf 88' lang='lat' dir='ltr'><strong>per</strong></span> <span class='ocrx_word' id='word_1_911' title='bbox 2454 5171 2846 5240; x_wconf 87' lang='lat' dir='ltr'><strong>eleemosynam</strong></span> <span class='ocrx_word' id='word_1_912' title='bbox 2872 5168 3173 5223; x_wconf 87' lang='lat' dir='ltr'><strong>reddamus.</strong></span> <span class='ocrx_word' id='word_1_913' title='bbox 3198 5163 3427 5232; x_wconf 87' lang='lat' dir='ltr'><strong>Hujusce</strong></span> <span class='ocrx_word' id='word_1_914' title='bbox 3448 5165 3580 5233; x_wconf 80' lang='lat' dir='ltr'><strong>ignis</strong></span> 
     </span>
    </p>
   </div>
   <div class='ocr_carea' id='block_1_117' title="bbox 2005 5257 3581 5331">
    <p class='ocr_par' dir='ltr' id='par_1_117' title="bbox 2005 5257 3581 5331">
     <span class='ocr_line' id='line_1_117' title="bbox 2005 5257 3581 5331; baseline -0.003 -12"><span class='ocrx_word' id='word_1_915' title='bbox 2005 5268 2180 5320; x_wconf 90' lang='lat' dir='ltr'><strong>lumen</strong></span> <span class='ocrx_word' id='word_1_916' title='bbox 2210 5266 2278 5318; x_wconf 92' lang='lat' dir='ltr'><strong>ita</strong></span> <span class='ocrx_word' id='word_1_917' title='bbox 2307 5272 2570 5318; x_wconf 88' lang='lat' dir='ltr'><strong>servatur.</strong></span> <span class='ocrx_word' id='word_1_918' title='bbox 2598 5263 2922 5331; x_wconf 87' lang='lat' dir='ltr'><strong>Colligamus</strong></span> <span class='ocrx_word' id='word_1_919' title='bbox 2951 5261 3108 5328; x_wconf 87' lang='lat' dir='ltr'><strong>igitur</strong></span> <span class='ocrx_word' id='word_1_920' title='bbox 3136 5257 3310 5310; x_wconf 91' lang='lat' dir='ltr'><strong>oleum</strong></span> <span class='ocrx_word' id='word_1_921' title='bbox 3338 5259 3387 5310; x_wconf 91' lang='lat' dir='ltr'><strong>in</strong></span> <span class='ocrx_word' id='word_1_922' title='bbox 3420 5259 3581 5314; x_wconf 88' lang='lat' dir='ltr'><strong>vasis.</strong></span> 
     </span>
    </p>
   </div>
   <div class='ocr_carea' id='block_1_118' title="bbox 2003 5347 3578 5419">
    <p class='ocr_par' dir='ltr' id='par_1_118' title="bbox 2003 5347 3578 5419">
     <span class='ocr_line' id='line_1_118' title="bbox 2003 5347 3578 5419; baseline -0.006 -12"><span class='ocrx_word' id='word_1_923' title='bbox 2003 5355 2128 5408; x_wconf 90' lang='lat' dir='ltr'><strong>dum</strong></span> <span class='ocrx_word' id='word_1_924' title='bbox 2159 5354 2406 5407; x_wconf 88' lang='lat' dir='ltr'><strong>vivimus.</strong></span> <span class='ocrx_word' id='word_1_925' title='bbox 2447 5351 2627 5419; x_wconf 87' lang='lat' dir='ltr'><strong>Neque</strong></span> <span class='ocrx_word' id='word_1_926' title='bbox 2655 5350 2795 5404; x_wconf 88' lang='lat' dir='ltr'><strong>enim</strong></span> <span class='ocrx_word' id='word_1_927' title='bbox 2828 5357 2947 5416; x_wconf 83' lang='lat' dir='ltr'><strong>post</strong></span> <span class='ocrx_word' id='word_1_928' title='bbox 2983 5348 3275 5400; x_wconf 87' lang='lat' dir='ltr'><strong>discessum</strong></span> <span class='ocrx_word' id='word_1_929' title='bbox 3318 5347 3456 5399; x_wconf 91' lang='lat' dir='ltr'><strong>hunc</strong></span> <span class='ocrx_word' id='word_1_930' title='bbox 3485 5361 3578 5399; x_wconf 87' lang='lat' dir='ltr'><strong>no-</strong></span> 
     </span>
    </p>
   </div>
   <div class='ocr_carea' id='block_1_119' title="bbox 2005 5436 3576 5512">
    <p class='ocr_par' dir='ltr' id='par_1_119' title="bbox 2005 5436 3576 5512">
     <span class='ocr_line' id='line_1_119' title="bbox 2005 5436 3576 5512; baseline -0.006 -16"><span class='ocrx_word' id='word_1_931' title='bbox 2005 5453 2173 5497; x_wconf 85' lang='lat' dir='ltr'><strong>strtnn</strong></span> <span class='ocrx_word' id='word_1_932' title='bbox 2213 5457 2494 5512; x_wconf 89' lang='lat' dir='ltr'><strong>possumus</strong></span> <span class='ocrx_word' id='word_1_933' title='bbox 2526 5439 2654 5492; x_wconf 90' lang='lat' dir='ltr'><strong>illud</strong></span> <span class='ocrx_word' id='word_1_934' title='bbox 2692 5453 2871 5491; x_wconf 77' lang='lat' dir='ltr'><strong>emere</strong></span> <span class='ocrx_word' id='word_1_935' title='bbox 2892 5479 2904 5500; x_wconf 92' lang='lat'><strong>,</strong></span> <span class='ocrx_word' id='word_1_936' title='bbox 2936 5452 3034 5491; x_wconf 90' lang='lat' dir='ltr'><strong>nec</strong></span> <span class='ocrx_word' id='word_1_937' title='bbox 3073 5436 3286 5491; x_wconf 90' lang='lat' dir='ltr'><strong>aliunde</strong></span> <span class='ocrx_word' id='word_1_938' title='bbox 3311 5437 3576 5504; x_wconf 86' lang='lat' dir='ltr'><strong>accipere,</strong></span> 
     </span>
    </p>
   </div>
   <div class='ocr_carea' id='block_1_120' title="bbox 2007 5526 3578 5602">
    <p class='ocr_par' dir='ltr' id='par_1_120' title="bbox 2007 5526 3578 5602">
     <span class='ocr_line' id='line_1_120' title="bbox 2007 5526 3578 5602; baseline -0.004 -16"><span class='ocrx_word' id='word_1_939' title='bbox 2007 5535 2106 5587; x_wconf 91' lang='lat' dir='ltr'><strong>nisi</strong></span> <span class='ocrx_word' id='word_1_940' title='bbox 2137 5549 2228 5602; x_wconf 87' lang='lat' dir='ltr'><strong>per</strong></span> <span class='ocrx_word' id='word_1_941' title='bbox 2251 5547 2437 5586; x_wconf 92' lang='lat' dir='ltr'><strong>manus</strong></span> <span class='ocrx_word' id='word_1_942' title='bbox 2460 5544 2767 5599; x_wconf 88' lang='lat' dir='ltr'><strong>pauperum.</strong></span> <span class='ocrx_word' id='word_1_943' title='bbox 2793 5527 2947 5594; x_wconf 90' lang='lat' dir='ltr'><strong>Illud,</strong></span> <span class='ocrx_word' id='word_1_944' title='bbox 2973 5531 3206 5600; x_wconf 91' lang='lat' dir='ltr'><strong>inquam,</strong></span> <span class='ocrx_word' id='word_1_945' title='bbox 3228 5530 3347 5584; x_wconf 90' lang='lat' dir='ltr'><strong>hinc</strong></span> <span class='ocrx_word' id='word_1_946' title='bbox 3368 5526 3578 5581; x_wconf 83' lang='lat' dir='ltr'><strong>abunde</strong></span> 
     </span>
    </p>
   </div>
   <div class='ocr_carea' id='block_1_121' title="bbox 2009 5618 3575 5694">
    <p class='ocr_par' dir='ltr' id='par_1_121' title="bbox 2009 5618 3575 5694">
     <span class='ocr_line' id='line_1_121' title="bbox 2009 5618 3575 5694; baseline -0.009 -12"><span class='ocrx_word' id='word_1_947' title='bbox 2009 5625 2339 5694; x_wconf 78' lang='lat' dir='ltr'><strong>colligamus,</strong></span> <span class='ocrx_word' id='word_1_948' title='bbox 2371 5624 2412 5678; x_wconf 90' lang='lat' dir='ltr'><strong>si</strong></span> <span class='ocrx_word' id='word_1_949' title='bbox 2444 5620 2666 5677; x_wconf 87' lang='lat' dir='ltr'><strong>velimus</strong></span> <span class='ocrx_word' id='word_1_950' title='bbox 2703 5634 2821 5676; x_wconf 90' lang='lat' dir='ltr'><strong>cum</strong></span> <span class='ocrx_word' id='word_1_951' title='bbox 2849 5635 3044 5693; x_wconf 86' lang='lat' dir='ltr'><strong>sponso</strong></span> <span class='ocrx_word' id='word_1_952' title='bbox 3080 5623 3280 5692; x_wconf 86' lang='lat' dir='ltr'><strong>ingredi</strong></span> <span class='ocrx_word' id='word_1_953' title='bbox 3311 5639 3323 5671; x_wconf 74' lang='grc' dir='ltr'><strong>ε</strong></span> <span class='ocrx_word' id='word_1_954' title='bbox 3351 5621 3431 5674; x_wconf 84' lang='lat' dir='ltr'><strong>sin</strong></span> <span class='ocrx_word' id='word_1_955' title='bbox 3474 5618 3575 5670; x_wconf 88' lang='lat' dir='ltr'><strong>mi-</strong></span> 
     </span>
    </p>
   </div>
   <div class='ocr_carea' id='block_1_122' title="bbox 3217 5715 3255 5772">
    <p class='ocr_par' dir='ltr' id='par_1_122' title="bbox 3217 5715 3255 5772">
     <span class='ocr_line' id='line_1_122' title="bbox 3217 5715 3255 5772; baseline 0 0"><span class='ocrx_word' id='word_1_956' title='bbox 3217 5715 3255 5772; x_wconf 82' lang='lat' dir='ltr'><strong>‘J</strong></span> 
     </span>
    </p>
   </div>
  </div>
