4068 6136
1216 334 1272 391 5.
1313 329 1588 389 JOANNIS
1621 323 2088 385 CllRYSOSTOMI
2128 322 2443 380 ABCHIEP.
2483 319 3012 378 CONSTANTINOP.
3616 324 3716 376 ιιι

331 323 363 406 ’ξ
391 347 536 404 ωδ

392 472 539 514 μεως
559 461 757 519 ,«extra
787 448 1072 506 thalamum
1104 445 1406 502 necessario
1436 440 1790 498 manebimus.
1821 437 2027 507 lmpos~
2131 441 2186 487 ut
2224 429 2576 486 ineffabilibus
2607 431 2844 487 fruamur
2880 433 3034 488 bonis
3054 476 3068 499 ,
3098 449 3218 503 que
3247 435 3444 489 utinam
3477 450 3576 491 nos
3599 452 3715 491 om.

382 569 398 588 ι
439 547 596 603 sime
621 545 764 599 enim
789 583 804 608 ,
845 538 1205 609 imposSihile,
1239 538 1476 606 Inquam,
1508 541 1608 597 est,
1639 528 1848 584 etiamsi
1880 525 2027 582 mille
2132 535 2228 577 nes
2255 537 2666 592 consequamur,
2693 523 2860 592 gratia
2883 536 2936 579 et
2960 524 3285 594 benignitate
3314 526 3520 580 Domini
3545 531 3714 582 nostri

393 645 403 678 ἰ
437 644 579 694 bona
607 633 828 690 edamus
855 645 1042 700 opera,
1075 629 1191 684 sine
1220 626 1559 696 eleemosyna
1583 622 1647 678 ad
1670 621 1818 691 regni
1845 619 2027 674 limina
2132 611 2259 669 Jesu
2285 611 2503 678 Christi,
2535 614 2617 667 cui
2648 614 2812 683 gloria
2841 623 2894 668 et
2923 615 3203 684 imperium
3235 616 3461 686 ubique,
3497 633 3638 675 nunc
3667 632 3722 676 et

417 723 668 798 -ingredi.
702 722 827 778 Ideo
857 721 1002 775 illam
1031 717 1318 774 admodum
1351 714 1641 770 liberaliter
1661 711 2028 774 exhibeamus,
2135 719 2369 774 semper,
2392 713 2446 760 et
2474 705 2526 759 in
2557 707 2751 760 saecula
2781 707 3118 762 saeculorum.
3152 710 3342 764 Amen.

453 835 3703 865 mm

1772 911 2119 975 HOMILIA
2159 909 2396 972 XXIV.

448 1073 534 1126 25.
567 1070 692 1124 Cum
712 1077 877 1124 autem
905 1076 1029 1122 esset
1049 1064 1382 1135 Jerosolymis
1403 1063 1454 1115 in
1477 1059 1679 1114 Pascha
1694 1058 1746 1112 in
1767 1056 1850 1111 die
1874 1057 2002 1127 festo
2017 1092 2032 1120 ,

877 1159 1023 1214 multi
1049 1157 1368 1212 crediderunt
1396 1154 1447 1207 in
1473 1168 1609 1206 eum.

524 1256 578 1310 1.
621 1252 772 1308 Tunc
791 1265 859 1307 ex
898 1249 1204 1305 hominibus
1254 1245 1360 1301 illis
1390 1243 1480 1298 alii
1512 1240 1727 1312 quidem
1769 1239 1821 1294 in
1853 1249 2035 1292 errore

452 1343 785 1415 perstabant,
816 1340 903 1395 alii
930 1339 1212 1394 veritatem
1251 1332 1726 1403 amplexabantur;
1761 1341 1946 1384 verum
1969 1341 2034 1381 ex

454 1437 536 1492 his
563 1434 802 1491 nonnulli
832 1431 980 1487 brevi
1027 1437 1228 1484 tantum
1261 1424 1560 1481 retinebant
1590 1422 1756 1483 illam,
1789 1428 1844 1476 et
1879 1419 1946 1473 ab
1975 1431 2037 1472 ea

453 1525 667 1582 demum
690 1520 1022 1578 excidebant.
1043 1518 1153 1573 Hos
1169 1516 1410 1573 Christus
1428 1510 1799 1575 subindicavit.
1826 1508 2040 1580 quando

454 1617 598 1687 ipsos
651 1613 944 1669 seminibus
994 1608 1361 1680 comparavit,
1419 1621 1539 1676 quze
1595 1618 1700 1658 non
1754 1600 2042 1673 profundas

456 1705 728 1760 mitterent
757 1701 964 1757 radices
986 1741 1002 1764 ,
1041 1699 1136 1754 sed
1169 1713 1260 1754 eas
1289 1699 1340 1751 in
1369 1695 1650 1766 superﬁcie
1679 1703 1836 1749 terra:
1866 1707 2040 1762 pone-

458 1803 600 1860 rent,
627 1807 760 1863 quos
787 1792 894 1846 cito
923 1790 1096 1860 perire
1125 1787 1278 1843 dixit.
1311 1786 1419 1841 llos
1446 1800 1656 1856 quoque
1692 1784 1781 1839 hic
1808 1797 2043 1839 comme-

458 1893 632 1940 morat
653 1883 975 1952 evangelista
1005 1896 1125 1935 cum
1152 1879 1224 1934 ait
1251 1897 1263 1932 :
1294 1878 1422 1933 Cum
1447 1887 1613 1931 autem
1638 1885 1762 1930 esset
1782 1875 2041 1944 Jerosoly-

459 1977 554 2029 mis
591 1974 644 2028 in
693 1971 896 2028 Pascha
919 1973 973 2026 in
1002 1973 1084 2025 die
1112 1975 1259 2042 festo,
1288 1968 1437 2023 multi
1474 1970 1793 2023 crediderunt
1817 1968 1869 2022 in
1908 1983 2042 2033 eum,

460 2065 677 2119 videntes
705 2064 816 2134 ejus
841 2064 987 2133 signa
1014 2077 1127 2132 qua:
1165 2061 1402 2130 faciebat.
1427 2061 1519 2116 24.
1554 2058 1582 2113 Ι
1587 2076 1675 2130 pse
1702 2069 1867 2113 autem
1894 2057 2046 2114 Jesus

461 2168 562 2207 non
587 2169 639 2207 se
665 2153 895 2206 credebat
923 2153 1015 2207 eis.
1041 2151 1331 2206 Firtniores
1353 2159 1508 2206 erant
1531 2150 1793 2220 discipuli,
1822 2150 1912 2220 qui
1939 2164 2044 2204 non

461 2242 627 2314 signis
651 2251 854 2298 tantum
877 2283 891 2307 ,
922 2240 1018 2297 sed
1060 2242 1220 2296 etiam
1255 2241 1496 2296 doctrina
1537 2240 1763 2310 permoti
1802 2253 2047 2294 accesse-

463 2343 606 2389 runt.
637 2331 942 2387 Crassiores
978 2331 1174 2402 quippe
1210 2332 1356 2401 signa
1381 2331 1799 2401 pertrahebant,
1841 2331 2048 2385 ratione

465 2422 714 2492 prmditos
742 2420 1038 2493 prophetiae
1079 2431 1134 2476 et
1173 2421 1434 2476 doctrina.
1459 2420 1732 2490 Quotquot
1769 2421 1928 2491 igitur
1955 2436 2050 2490 per

463 2515 756 2571 doctrinam
785 2513 924 2583 capti
954 2521 1096 2576 sunt,
1119 2511 1171 2565 hi
1202 2512 1474 2581 signorum
1500 2511 1818 2582 sequacibus
1846 2511 2050 2565 ﬁrmio-

465 2622 552 2662 res
580 2615 766 2670 crant;
813 2617 946 2676 quos
984 2611 1039 2659 et
1085 2601 1330 2658 Christus
1368 2603 1555 2658 beatos
1602 2602 1923 2672 praedicabat
1967 2601 2050 2658 his

468 2697 645 2752 verbis
678 2715 691 2751 :
720 2695 864 2749 Beati
889 2695 976 2765 qui
1004 2710 1104 2748 non
1141 2694 1391 2760 viderunt,
1417 2702 1461 2747 et
1488 2693 1814 2746 crediderunt
1840 2694 1857 2763 (
1890 2692 2048 2746 Joan.

466 2785 558 2840 29.
589 2785 723 2854 29).
750 2783 901 2852 Quod
935 2793 1110 2838 autem
1143 2783 1216 2836 illi
1254 2797 1358 2836 non
1399 2782 1510 2838 veri
1543 2790 1723 2838 essent
1769 2781 2049 2853 discipuli,

470 2875 659 2945 probat
689 2875 740 2928 id
767 2872 907 2943 quod
934 2872 1271 2944 subjungitur
1302 2889 1315 2926 :
1345 2871 1466 2943 Ipse
1489 2871 1640 2926 Jesus
1666 2889 1768 2926 non
1808 2888 1862 2927 se
1883 2873 2055 2927 crede-

470 2967 553 3021 bat
582 2967 671 3022 eis.
703 2965 918 3035 Quare?
946 2964 1077 3030 Quia
1097 2966 1268 3019 omnia
1288 2966 1304 2996 ¹
1337 2974 1559 3031 noverat,
1591 2964 1682 3019 25.
1714 2975 1761 3020 et
1780 2966 1900 3037 quia
1927 2981 2055 3032 opus

471 3073 573 3113 non
598 3067 702 3112 erat
724 3067 776 3111 ut
797 3058 908 3126 quis
929 3057 1262 3110 testimonium
1285 3056 1564 3126 perhiberet
1590 3057 1654 3111 de
1683 3057 1883 3111 homine
1905 3097 1920 3122 ,
1948 3059 2055 3128 ipse

473 3149 603 3203 enim
623 3148 804 3202 sciebat
825 3146 948 3219 quid
968 3155 1090 3200 esset
1115 3148 1168 3199 in
1189 3146 1406 3200 homine.
1436 3145 1490 3200 Id
1507 3153 1610 3211 est,
1636 3146 1798 3201 verba
1825 3161 1930 3201 non
1963 3156 2058 3203 eu-

473 3237 645 3301 rabat,
671 3237 759 3308 qui
791 3237 842 3291 in
870 3237 984 3306 ipsa
1013 3237 1172 3292 corda
1213 3245 1458 3307 penetrat
1498 3245 1551 3292 et
1581 3248 1818 3304 mentes;
1855 3248 1909 3293 et
1935 3253 2056 3293 cum

476 3327 740 3382 fervorem
764 3327 974 3382 illorum
1005 3335 1403 3396 temporaneum
1426 3343 1545 3382 esse
1570 3330 1770 3394 sciret,
1799 3345 1904 3384 non
1927 3328 2058 3386 ﬁde-

478 3417 569 3472 bat
615 3417 694 3472 eis
742 3424 803 3478 ut
831 3414 1079 3486 perfectis
1113 3416 1423 3486 discipulis:
1455 3432 1560 3473 non
1597 3420 1774 3472 omnia
1805 3419 1934 3489 ipsis
1963 3419 2056 3475 do-

474 3515 647 3577 gmata
677 3507 935 3575 tradebat,
977 3507 1124 3578 quasi
1161 3507 1316 3561 ﬁdem
1348 3506 1571 3564 ﬁrmiter
1598 3517 1778 3564 essent
1804 3509 2052 3580 amplexi.

476 3599 645 3655 Nosse
671 3609 850 3656 autem
874 3615 936 3656 ea
967 3616 1088 3671 quae
1117 3601 1170 3655 in
1215 3600 1380 3655 corde
1407 3600 1680 3656 hominum
1717 3610 1877 3668 sunt,
1917 3602 2058 3657 illius

478 3697 680 3742 tantum
707 3699 809 3755 est,
839 3691 938 3756 Qui
957 3691 1378 3762 [inaitsigillatint
1403 3691 1558 3745 corda
1589 3690 1774 3764 (Psal.
1799 3692 1887 3748 52.
1919 3692 2056 3766 15),

481 3792 672 3847 nempe
698 3779 864 3832 solius
897 3779 1012 3833 Dei.
1054 3778 1188 3834 Nam
1233 3779 1330 3843 Tu,
1364 3781 1555 3850 inquit,
1606 3783 1866 3852 cognoscis
1905 3783 2060 3836 corda

478 3871 618 3924 solus
647 3869 668 3941 (
693 3870 747 3924 5.
780 3867 907 3940 Reg.
945 3870 997 3925 8.
1030 3871 1098 3926 '59
1122 3872 1163 3941 ).
1207 3869 1325 3925 Non
1346 3872 1536 3940 egebat
1580 3873 1834 3940 testibus,
1874 3881 1934 3928 ut
1969 3887 2060 3930 eas

479 3976 612 4032 quas
641 3960 968 4016 formaverat
1007 3973 1214 4016 mentes
1245 3971 1622 4032 cognosceret;
1667 3961 1894 4032 ideoque
1923 3971 2061 4019 tem-

479 4052 972 4122 poraneaeipsorum
989 4050 1111 4106 ﬁdei
1131 4067 1236 4106 non
1254 4051 1830 4108 conlidebat.ilomines
1844 4053 2059 4124 quippe,

479 4142 566 4212 qui
595 4156 771 4213 neque
810 4142 1091 4212 praesentia
1129 4155 1304 4212 neque
1334 4141 1507 4196 futura
1537 4152 1764 4210 norunt,
1797 4157 1940 4214 smpe
1965 4143 2062 4198 do-

482 4234 596 4289 lose
623 4233 998 4289 accedentibus
1026 4242 1080 4287 et
1107 4235 1263 4303 paulo
1281 4241 1401 4303 post
1426 4234 1716 4290 recessuris
1745 4233 1928 4290 omnia
1946 4234 2063 4290 sine

481 4323 591 4380 ullo
620 4334 767 4380 metu
785 4324 967 4380 dicunt
991 4335 1046 4381 et
1078 4325 1313 4380 tradunt.
1337 4324 1581 4382 Christus
1603 4341 1734 4382 vero
1767 4341 1875 4381 non
1906 4326 2057 4392 item;

481 4429 604 4470 nam
629 4430 820 4470 arcana
847 4431 1031 4471 eorum
1061 4416 1238 4471 omnia
1281 4415 1450 4485 probe
1479 4417 1701 4471 sciebat.
1739 4416 1893 4474 Tales
1919 4431 2062 4474 nunc

481 4515 605 4562 sunt
634 4506 808 4572 multi,
845 4507 936 4575 qui
977 4506 1210 4560 ﬁdelium
1239 4505 1454 4576 quidem
1485 4521 1677 4561 nomen
1707 4507 1936 4575 habent,
1965 4508 2060 4564 sed

481 4598 759 4652 versatiles
799 4605 854 4650 et
880 4597 1246 4651 inconstantes
1271 4604 1414 4652 sunt.
1445 4595 1571 4651 Ideo
1597 4596 1844 4652 Christus
1869 4614 1977 4652 non
2003 4613 2062 4654 se

480 4685 650 4740 credit
693 4686 794 4750 eis,
825 4685 917 4742 sed
972 4685 1193 4754 plurima
1226 4686 1354 4755 ipsis
1387 4687 1639 4742 occultat.
1675 4686 1743 4744 Ut
1785 4688 1925 4743 enim
1963 4704 2070 4744 nos.

482 4789 592 4829 non
645 4775 833 4830 amicis
875 4774 1222 4845 quibuslibet,
1272 4775 1364 4831 sed
1416 4777 1556 4832 veris
1599 4776 1846 4843 ﬁdimus;
1901 4778 1970 4833 ita
2008 4788 2064 4834 et

482 4865 624 4920 Deus
651 4869 693 4919 ³.
726 4863 862 4919 Audi
907 4865 1085 4936 itaque
1126 4866 1252 4937 quid
1282 4866 1526 4922 Christus
1559 4867 1832 4938 discipulis
1875 4869 2059 4929 dicat:

480 4957 604 5013 Non
638 4955 755 5029 jam
793 4955 908 5010 dico
952 4971 1036 5010 vos
1069 4971 1235 5012 servos
1259 4974 1278 5010 :
1304 4973 1390 5012 vos
1427 4959 1560 5013 enim
1599 4960 1750 5014 amici
1786 4960 1884 5015 ntei
1919 4963 2057 5018 estis.

481 5048 654 5116 Unde,
677 5059 732 5105 et
759 5049 967 5121 quare?
997 5047 1129 5114 Quia
1155 5051 1344 5118 omnia,
1367 5066 1481 5116 qua
1499 5052 1669 5108 ιιιάὲιί
1687 5069 1718 5106 a
1745 5051 1903 5108 Patre
1926 5070 2057 5122 meo,

479 5152 597 5197 nota
638 5143 735 5212 feci
761 5142 898 5197 vobis
928 5143 947 5212 (
974 5141 1130 5195 Joau.
1155 5141 1241 5197 15.
1273 5142 1342 5197 14
1363 5141 1407 5211 ).
1438 5143 1638 5200 Idcirco
1661 5159 1834 5216 neque
1861 5145 2061 5202 Judteis

479 5234 628 5302 signa
657 5235 961 5303 petentibus
991 5232 1184 5301 dabat,
1215 5233 1338 5304 quia
1381 5233 1456 5288 illi
1486 5242 1753 5292 tentantes
1782 5237 2060 5308 petebant.

480 5325 669 5377 Annon
703 5334 759 5380 ut
786 5327 936 5392 olim,
959 5324 1038 5382 sic
1059 5339 1197 5381 nunc
1225 5340 1434 5398 quoque
1461 5326 1608 5398 signa
1638 5335 1822 5397 petere
1851 5338 2058 5386 tentauo

481 5415 612 5470 tium
640 5415 764 5468 est?
791 5415 920 5470 Nam
943 5425 1068 5472 sunt
1092 5415 1354 5487 hodieque
1382 5418 1472 5488 qui
1497 5428 1741 5489 quaerunt
1769 5435 1833 5476 ac
1851 5421 2055 5489 dicunt,

481 5505 588 5560 (Zur
618 5520 724 5560 non
750 5506 907 5560 etiam
939 5524 1079 5563 nunc
1106 5509 1254 5579 signa
1286 5510 1452 5566 ﬁunt?
1481 5510 1538 5568 Si
1568 5509 1740 5567 ﬁdelis
1769 5525 1828 5567 es
1858 5522 1914 5569 ut
1940 5527 2060 5570 esse

543 5636 568 5702 ξ
601 5632 693 5702 niti
719 5633 918 5702 habent,
930 5645 1114 5702 .onutes,
1131 5636 1257 5702 loco,
1281 5640 1461 5693 omnia.

544 5695 569 5728 ι
597 5694 714 5754 Atil,
734 5692 801 5744 ita
822 5700 868 5745 et
884 5692 1114 5752 Christus.

2143 1052 2328 1122 debes,
2362 1055 2406 1110 si
2432 1070 2580 1112 amas
2601 1058 2873 1116 Christum
2895 1070 2953 1116 ut
2982 1077 3165 1120 amare
3198 1079 3292 1134 par
3327 1074 3428 1132 est,
3458 1081 3563 1122 non
3592 1083 3725 1138 Opus

2143 1143 2311 1201 habes
2334 1147 2499 1217 signis
2543 1166 2556 1203 :
2607 1149 2721 1206 haec
2744 1153 2886 1206 enim
2917 1152 3219 1210 infidelibus
3261 1156 3473 1212 dantur.
3501 1158 3606 1213 Cur
3629 1158 3726 1214 Ju-

2145 1237 2296 1302 dzeis,
2348 1240 2587 1311 inquies,-
2620 1258 2724 1298 non
2765 1244 2886 1300 data
2935 1248 3102 1302 sunt?
3133 1248 3261 1303 Data
3293 1259 3437 1305 certe
3481 1261 3605 1306 sunt
3636 1269 3648 1305 :
3682 1253 3728 1308 si

2147 1330 2360 1401 quando
2389 1346 2518 1388 vero
2549 1344 2797 1405 petentes
2821 1353 2926 1392 non
2973 1340 3298 1408 acceperint.
3331 1341 3461 1398 illud
3490 1343 3610 1399 ideo
3653 1344 3732 1400 fa-

2147 1430 2290 1478 ctum
2315 1433 2416 1490 est,
2442 1427 2584 1496 quod
2607 1442 2710 1482 non
2739 1438 2793 1483 ut
2817 1429 2884 1483 ab
2910 1429 3223 1488 inﬁdelitate
3246 1433 3600 1490 liberarentur
3615 1434 3730 1491 lucc

2149 1513 2446 1581 petiissent,
2469 1516 2561 1570 sed
2590 1525 2645 1571 ut
2675 1533 2794 1573 sese
2817 1521 2984 1590 magis
3007 1521 3057 1574 in
3082 1523 3311 1592 nequitia
3329 1524 3728 1581 conﬁrmarent.

2149 1602 2300 1676 (Cap.
2329 1606 2387 1676 '5)
2414 1608 2466 1662 1.
2492 1607 2558 1662 Et
2593 1619 2701 1663 erat
2729 1610 2878 1664 homo
2906 1629 2968 1666 ex
2996 1611 3270 1668 Pharisaeis
3299 1613 3612 1671 Nicodemus
3641 1633 3731 1671 no-

2148 1695 2301 1759 mine,
2321 1697 2554 1766 princeps
2569 1698 2866 1755 Judaaorum
2889 1717 2908 1755 :
2927 1701 2980 1756 2.
3007 1703 3086 1755 hic
3115 1705 3244 1758 venit
3271 1705 3340 1757 ad
3361 1703 3538 1759 Jesum
3567 1717 3730 1761 nocte.

2151 1783 2249 1841 llic
2276 1796 2331 1841 et
2353 1788 2404 1841 in
2437 1789 2613 1843 medio
2641 1790 2929 1860 Evangelio
2969 1793 3239 1848 Christum
3271 1794 3558 1852 defendere
3580 1797 3732 1852 vide-

2153 1886 2272 1943 tur;
2306 1879 2380 1932 ait
2403 1879 2546 1933 enim
2582 1901 2596 1936 :
2627 1879 2730 1935 Lex
2756 1893 2927 1936 nostra
2951 1885 3198 1938 neminem
3218 1885 3438 1954 judicat,
3462 1887 3560 1940 nisi
3585 1886 3728 1955 prius

2150 1971 2323 2024 audiat
2345 1971 2408 2024 ab
2431 1987 2489 2025 eo
2515 1971 2688 2040 (Joan.
2721 1973 2770 2026 7.
2803 1973 2916 2044 51).
2948 1973 3218 2030 Adversus
3246 1976 3385 2032 hunc
3411 1976 3579 2032 Judaei
3602 1977 3737 2033 indi-

2151 2059 2449 2130 guabatttut‘
2484 2061 2723 2118 dicentes
2755 2081 2768 2117 :
2803 2062 3072 2137 Interroga
3114 2077 3160 2121 et
3208 2069 3320 2122 vide
3345 2069 3466 2140 quia
3492 2069 3738 2140 propheta

2152 2170 2215 2209 ea:
2240 2153 2455 2210 Galilwa
2493 2171 2594 2209 non
2638 2158 2855 2211 surrexit
2885 2158 2903 2229 (
2933 2157 3070 2212 Ibid.
3101 2175 3147 2213 υ.
3181 2160 3252 2214 52
3278 2157 3319 2230 ).
3361 2160 3489 2215 Post
3521 2176 3739 2216 crucem

2154 2245 2313 2300 etiam
2341 2259 2583 2316 magnam
2605 2261 2702 2316 pro
2720 2248 2980 2303 Dominici
3003 2252 3242 2320 corporis
3259 2253 3530 2321 sepultura
3553 2267 3739 2307 curam

2155 2336 2413 2392 adhibuit.
2457 2336 2622 2404 Venit,
2673 2338 2864 2409 inquit,
2912 2339 3251 2406 Nicodemus,
3295 2343 3382 2413 qui
3426 2353 3626 2398 venerat
3672 2346 3740 2395 uti

2159 2427 2432 2483 Dominunt
2483 2440 2646 2497 nocte,
2699 2431 2864 2500 feretis
2915 2433 3185 2486 mixturam
3239 2435 3484 2504 unguenti
3523 2443 3570 2488 et
3601 2436 3739 2490 aloes

2155 2522 2301 2592 quasi
2327 2522 2482 2576 libras
2500 2531 2699 2575 centum
2726 2522 2905 2593 (Joan.
2929 2522 3018 2578 19.
3049 2522 3160 2597 59).
3187 2523 3283 2579 llic
3307 2525 3414 2594 jam
3440 2539 3578 2580 nunc
3605 2525 3742 2581 bene

2158 2613 2381 2669 aii'ectus
2401 2623 2517 2669 erat
2539 2631 2664 2686 erga
2694 2615 2988 2681 Christum,
3029 2632 3127 2671 nec
3156 2626 3330 2671 tamen
3355 2630 3611 2687 quantum
3647 2632 3740 2686 par

2155 2713 2290 2770 erat,
2321 2720 2491 2774 neque
2517 2719 2583 2760 eo
2622 2720 2727 2776 quo
2757 2706 3037 2774 oportebat
3077 2707 3276 2770 animo,
3317 2706 3410 2761 sed
3451 2706 3623 2761 adhuc
3649 2705 3740 2762 Ju-

2157 2797 2306 2851 daica
2335 2797 2695 2852 imbecillitate
2720 2797 3076 2852 detinebatur.
3105 2795 3227 2851 Ideo
3249 2807 3406 2852 noctu
3434 2797 3597 2863 venit,
3617 2797 3738 2866 quia

2159 2888 2389 2944 interdiu
2415 2889 2466 2943 id
2498 2888 2672 2945 facere
2699 2888 3036 2944 formidabat.
3057 2887 3162 2943 Sed
3182 2888 3440 2959 benignus
3465 2889 3602 2942 Deus
3619 2903 3738 2943 eum

2161 2994 2335 3050 neque
2361 2981 2575 3051 repulit.
2609 2995 2780 3050 neque
2810 2979 3100 3050 redarguit,
3132 2995 3230 3034 nec
3253 2979 3493 3034 doctrina
3522 2993 3616 3034 sua
3643 2980 3742 3048 pri-

2162 3071 2304 3123 vavit
2333 3084 2552 3125 :verum
2584 3085 2706 3125 cum
2739 3068 3152 3125 mansuetudine
3182 3084 3372 3139 magna
3403 3069 3574 3140 ipsum
3607 3069 3742 3124 allo-

2161 3161 2358 3229 quitur,
2387 3159 2740 3229 sublimiaque
2763 3161 2862 3230 ipsi
2892 3159 3138 3229 dogmata
3167 3160 3375 3229 aperit;
3407 3159 3742 3229 a-nigmatico
3818 3143 3826 3148 ’

2160 3249 2373 3320 quidem
2396 3290 2411 3314 ,
2442 3251 2719 3320 aperitque
2747 3258 2947 3304 tamen.
2991 3250 3155 3304 Multo
3193 3250 3361 3319 magis
3395 3251 3536 3304 enim
3595 3250 3742 3305 venia

2160 3339 2351 3410 dignus
2378 3341 2469 3395 ille
2489 3349 2624 3406 erat,
2648 3356 2805 3411 quam
2829 3341 2862 3394 ii
2891 3340 2980 3410 qui
3007 3341 3232 3410 maligne
3246 3335 3476 3409 idipsum
3494 3340 3740 3410 agebant.

2166 3431 2244 3486 llli
2272 3433 2413 3486 enim
2435 3434 2579 3488 omni
2603 3443 2728 3488 sunt
2750 3434 3096 3488 excusatione
3115 3432 3349 3502 indigni;
3382 3431 3469 3486 hic
3495 3448 3623 3487 vero
3648 3432 3744 3488 itu-

2165 3520 2470 3592 probandus
2498 3522 2711 3592 quidem
2734 3531 2870 3589 erat,
2901 3521 2994 3578 sed
3017 3537 3124 3576 non
3162 3529 3462 3591 tantOpere.
3491 3520 3598 3577 Cur
3617 3537 3745 3593 ergo

2163 3613 2483 3683 evangelista
2512 3611 2644 3666 nihil
2675 3613 2777 3668 tale
2798 3613 2866 3667 de
2887 3613 2976 3668 illo
2997 3611 3172 3667 dixit?
3203 3612 3341 3666 Dixit
3359 3612 3570 3682 quidem
3597 3611 3740 3676 alibi,

2164 3719 2229 3759 ex
2259 3702 2587 3773 principibus
2613 3703 2809 3757 multos
2830 3703 2882 3756 in
2913 3703 3058 3757 illum
3102 3703 3396 3759 credidisse
3429 3701 3627 3773 (Joan.
3655 3702 3742 3757 12.

2163 3795 2290 3866 18);
2321 3795 2414 3850 sed
2443 3803 2657 3865 propter
2679 3794 2892 3850 Iudaeos
2914 3811 3017 3850 non
3048 3795 3196 3850 illum
3219 3795 3492 3851 confessos
3513 3809 3652 3860 esse,
3679 3810 3746 3850 ne

2164 3895 2314 3942 extra
2340 3901 2660 3958 synagogum
2687 3887 3022 3956 ejicerentur.
3051 3887 3145 3943 Hic
3171 3903 3300 3942 vero
3326 3888 3505 3943 omnia
3532 3889 3628 3942 ista
3655 3901 3748 3957 per

2165 3977 2312 4030 illum
2366 3987 2526 4032 noctu
2572 3977 2774 4032 aditum
2834 3978 3208 4033 subindicavit.
3256 3978 3394 4047 Quid
3451 3993 3580 4049 ergo
3627 3979 3746 4032 ait?

2167 4068 2350 4132 Rabbi,
2373 4070 2558 4122 scimus
2584 4069 2719 4139 quod
2744 4086 2774 4122 a
2795 4068 2903 4124 Deo
2923 4070 3100 4124 venisti
3129 4072 3362 4141 magister
3391 4087 3412 4125 :
3441 4087 3584 4124 nemo
3613 4073 3746 4126 enim

2167 4168 2324 4230 potest
2344 4164 2512 4231 facere
2555 4163 2662 4215 lucc
2702 4162 2847 4232 signa
2888 4179 3002 4232 qua:
3034 4173 3087 4215 tu
3112 4164 3260 4232 facis,
3289 4163 3387 4216 nisi
3427 4164 3580 4232 fuerit
3613 4163 3747 4218 Deus

2165 4266 2278 4305 cum
2297 4268 2374 4306 εο.

2235 4343 2290 4399 2.
2323 4343 2510 4399 Adhuc
2535 4342 2856 4401 Nicodamus
2885 4343 3029 4399 humi
3062 4343 3227 4414 repit,
3255 4342 3431 4398 adhuc
3459 4344 3745 4398 humanam

2165 4437 2232 4494 de
2260 4437 2475 4493 Christo
2502 4438 2823 4493 sententiam
2854 4437 3030 4501 habet,
3061 4444 3116 4491 et
3143 4437 3210 4492 de
3242 4437 3331 4492 illo
3357 4436 3508 4507 quasi
3537 4435 3604 4490 de
3626 4452 3749 4505 pro-

2167 4529 2329 4600 pheta
2386 4529 2652 4598 loquitur,
2707 4528 2839 4583 nihil
2895 4528 3060 4582 altum
3103 4543 3167 4583 ex
3207 4528 3372 4597 signis
3413 4529 3743 4596 coniectans.

2168 4620 2402 4684 Scimus,
2433 4618 2641 4688 inquit,
2692 4619 2828 4688 quod
2874 4633 2904 4670 a
2948 4617 3058 4671 Deo
3100 4617 3274 4671 venisti
3326 4619 3582 4687 magister.
3639 4615 3747 4670 Cur

2167 4724 2295 4779 ergo
2325 4719 2482 4762 noctu
2507 4717 2563 4763 et
2587 4708 2722 4764 clam
2749 4708 2897 4763 venis
2923 4708 2989 4762 ad
3021 4723 3141 4763 eum
3173 4708 3260 4778 qui
3285 4708 3462 4763 divina
3491 4707 3744 4777 loquitur,

2167 4800 2289 4870 quia
2343 4814 2372 4853 a
2426 4800 2533 4853 Deo
2570 4799 2748 4854 venit?
2788 4815 2885 4854 cur
2915 4814 3018 4854 non
3059 4815 3180 4854 cum
3223 4798 3414 4854 ﬁducia
3466 4799 3748 4871 loqueris?

2167 4889 2363 4946 Verum
2393 4889 2493 4946 hoc
2521 4905 2624 4945 non
2655 4890 2790 4945 dixit
2813 4890 2967 4946 Jesus
2994 4892 3036 4957 ¹,
3064 4905 3237 4962 neque
3263 4889 3533 4960 redarguit
3557 4890 3704 4944 illum
3731 4906 3744 4940 :

2170 4980 2434 5037 Calamam
2465 4981 2596 5036 enim
2620 4993 3009 5054 conquassatum
3030 4999 3129 5038 non
3147 4985 3452 5053 confringet,
3481 4980 3669 5049 inquit,
3700 4988 3745 5031 ct

2165 5074 2359 5144 lignum
2387 5073 2641 5145 [mitigans
2690 5088 2790 5126 non
2829 5073 3108 5143 exstinguet
3156 5071 3305 5143 (Isai.
3344 5071 3435 5127 12.
3470 5072 3522 5126 ὅ.
3556 5069 3742 5123 Matth.

2165 5165 2250 5220 12.
2280 5163 2413 5235 20).
2445 5162 2586 5218 Idem
2614 5177 2825 5234 quoque
2854 5178 3098 5230 rursum,
3142 5161 3264 5217 Non
3310 5160 3610 5225 contendet,
3661 5159 3744 5214 in-

2163 5257 2309 5328 quit,
2343 5271 2501 5326 neque
2524 5253 2760 5310 clamabit
2789 5254 3018 5324 (Matth.
3067 5253 3154 5309 12.
3202 5253 3308 5321 19)
3337 5269 3352 5318 ;
3387 5267 3449 5306 ac
3493 5265 3701 5307 rursum
3729 5290 3746 5316 ,

2174 5349 2295 5404 Non
2323 5348 2436 5404 veni
2464 5357 2517 5401 ut
2532 5347 2759 5420 judicem
2785 5346 3063 5410 mundum;
3088 5345 3176 5399 sed
3220 5354 3273 5398 ut
3320 5343 3514 5398 salvum
3557 5342 3746 5412 faciant

2165 5439 2410 5494 mundum
2439 5438 2631 5509 (Joan.
2661 5437 2746 5491 12.
2775 5437 2899 5506 47).
2931 5435 3095 5489 Nemo
3124 5446 3282 5505 potest
3309 5435 3416 5488 hccc
3438 5433 3582 5503 signa
3610 5434 3746 5500 fare-

2170 5546 2259 5598 re,
2281 5545 2394 5599 qua:
2420 5538 2472 5582 tu
2503 5529 2629 5600 facis
2653 5528 2771 5592 ,nisi
2802 5528 2950 5598 fuerit
2981 5525 3119 5580 Deus
3143 5541 3257 5578 cum
3301 5540 3379 5578 co.
3428 5521 3618 5578 Adhuc
3659 5521 3745 5575 ille

2229 5701 2248 5735 ⁸
2283 5698 2342 5751 ln
2360 5696 2503 5749 Savil.
2528 5699 2728 5762 legitur,
2753 5694 2872 5746 nihil
2895 5694 3066 5744 horum
3089 5690 3216 5744 dixit
3237 5697 3392 5742 Jesus.
