4068 6136
589 247 692 302 H3

580 382 760 436 σωμεν
788 365 886 430 τὰς
915 366 1223 436 λαμπάδας,
1254 365 1389 420 ἀλλά
1423 364 1847 437 ὃιατηρήσωμεν
1879 363 2112 435 φαιδρὲς
2135 375 2163 405 ι

578 450 645 505 δι’
677 448 1066 520 ἐλεημοσύνης.
1095 450 1298 503 Τούτου
1345 446 1440 502 τοῦ
1487 447 1657 518 πυρὸς
1703 447 1765 501 τὸ
1791 447 1993 518 φέγγος
2021 445 2167 500 οὕτω

578 533 970 603 διακρατεῖται.
996 531 1319 603 Συνάξωμεν
1348 531 1529 586 τοίνυν
1546 533 1626 595 εἰς
1649 531 1848 600 ἀγγεῖα
1872 530 1935 584 τὸ
1963 530 2162 592 ἐλαιον,

578 615 683 679 ἕως
727 613 966 668 ἐνταῦθά
1013 615 1197 685 ἐσμεν.
1237 615 1372 669 Οὐδέ
1416 614 1528 687 γάρ
1557 614 1670 670 ἐστι
1698 613 1859 669 τοῦτο
1897 613 2163 684 πρίασθαι

578 697 957 760 ἀπελθόνταςιι
987 699 1122 763 ἐκεῖ,
1154 697 1274 751 οὐδὲ
1299 698 1593 770 ἀλλαχόθεν
1627 698 1760 752 αὐτὸ
1804 696 2013 761 λαϐεῖν,
2048 697 2167 751 ἀλλ’

580 780 614 852 ἢ
647 780 736 835 διά
782 781 885 851 τῆς
931 780 1039 834 τῶν
1081 781 1331 851 πενήτων
1373 781 1573 852 χειρός.
1606 779 1960 850 Συλλέξωμεν
1989 780 2166 834 τοίνυν

581 862 829 917 ἐντεῦθεν
862 864 963 934 ήδη
994 861 1133 933 μετά
1175 863 1375 934 πολλῆς
1402 863 1503 935 τῆς
1533 863 1832 932 δαψιλείας,
1858 863 1910 916 εἴ
1948 879 2013 931 γε
2039 864 2164 934 βου-

581 944 784 1016 λόμεθα
815 944 957 1015 μετά
1003 944 1097 998 τοῦ
1139 947 1372 1016 νυμφίου
1404 947 1698 999 εἰσελθεῖν·
1736 947 1784 999 εί
1818 946 1874 999 δὲ
1922 947 2017 1017 μὴ,
2063 945 2169 1013 ἔξω

627 1029 656 1058 ⁸
674 1027 757 1079 Sic
767 1028 879 1079 δεῖ.
904 1033 1082 1078 elmss.
1100 1028 1220 1078 Mor.
1238 1030 1459 1093 φαιδρῶς.
1506 1028 1537 1069 b
1550 1029 1664 1080 Mss.
1676 1031 1871 1093 quidam
1885 1030 2163 1081 ἀπελθόντα.

1552 246 1616 298 m
1658 202 1983 302 Jomxmi
2018 242 2250 299 ιιοιιιι..
2294 242 2488 301 xxw.
2529 247 2601 302 al.
2638 247 2826 302 xxm.

3759 254 3859 310 144

2276 362 2459 431 μένειν
2502 361 2598 416 τοῦ
2647 363 2933 435 νυμφῶνος
2965 364 3200 438 ἀνάγκη.
3219 367 3526 439 Ἀμήχανον
3548 370 3679 441 γάρ,
3710 371 3858 440 ἀμήη

2274 460 2456 513 χανον,
2483 444 2587 498 κᾶν
2620 446 2789 516 μυρία
2819 446 3258 519 κατορθώσωμεν
3279 451 3477 519 ἀγαθὰ,
3499 453 3599 524 τῆς
3627 454 3857 525 ἐλεημο-

2268 526 2437 597 σύνης
2470 528 2640 598 χωρὶς
2669 528 2927 600 ἐπιϐῆναι
2954 530 3062 585 τῶν
3100 532 3200 603 τῆς
3235 532 3510 603 βασιλείας
3549 535 3857 607 προθύρων.

2268 608 2361 691 Διδ
2413 608 2553 679 μετά
2601 610 2799 682 πολλῆς
2849 613 3062 684 ταύτην
3110 614 3511 687 ἐπιδειξώμεθα
3563 617 3715 691 [157]
3761 618 3863 690 τῆς

2267 690 2568 772 δαψιλείας,
2597 692 2739 747 ὥστε
2775 695 3080 750 ἀπολαῦσαι
3122 698 3232 751 τῶν
3262 699 3593 772 ἀπορρήτων
3616 700 3862 769 ἀγαθῶν,

2267 766 2342 826 ὦν
2369 775 2579 842 γένοιτο
2624 777 2834 841 πάντας
2881 779 3029 848 ἡμᾶς
3079 766 3386 851 ἐπιτυχεῖν,
3404 766 3584 854 χάριτι
3615 766 3710 838 καὶ
3742 784 3863 854 φιλ-

2269 856 2556 929 ανθρωπία
2580 858 2677 913 τοῦ
2705 861 2915 933 Κυρίου
2937 862 3095 934 ήμῶν
3128 864 3303 934 Ἰησοῦ
3326 867 3588 934 Χριστοῦ,
3616 860 3662 936 ᾧ
3679 870 3713 937 ή
3733 867 3863 934 δόξα

2275 941 2367 993 καὶ
2398 940 2456 994 τὸ
2486 943 2688 1014 κράτος
2714 946 2965 1009 πάντοτε,
2993 946 3087 999 καὶ
3112 945 3211 999 νῦν
3248 949 3343 1001 καὶ
3366 949 3473 1017 ἀεὶ,
3501 950 3595 1004 καὶ
3623 953 3703 1014 είς
3733 952 3862 1016 τοὺς

2275 1022 2479 1087 αἰῶνας
2506 1024 2618 1079 τῶν
2644 1025 2876 1081 αἰώνων.
2895 1028 3091 1098 Ἀμήν.

587 1140 3853 1175 __._____._._____________..____________________________________

2051 1223 2179 1277 UMI
2199 1224 2320 1277 AIA
2358 1227 2487 1281 ΚΝ.

593 1311 687 1379 Ὡς
722 1309 799 1382 δέ
824 1304 906 1382 ἦν
930 1309 1004 1382 ἐν
1047 1309 1168 1376 τοῖς
1196 1309 1635 1382 Ἰεροσολύμοις
1658 1313 1727 1366 ἐν
1754 1313 1833 1378 τῷ
1858 1314 2075 1382 Πάσχα
2098 1312 2169 1367 ἐν

724 1377 800 1449 τῇ
826 1377 1026 1448 ἑορτῇ,
1058 1380 1280 1435 πολλοὶ
1312 1377 1690 1436 ἐπίστευσαν
1711 1377 2028 1449 είςαὺτόνξ

653 1478 723 1527 α’.
747 1470 867 1525 Τῶν
887 1469 1193 1543 ἀνθρώπων
1207 1471 1318 1526 τῶν
1335 1472 1455 1526 τότε
1476 1473 1527 1527 οἰ
1550 1473 1648 1543 μὲν
1667 1476 1734 1545 τῇ
1754 1475 1930 1546 πλάνη
1948 1475 2172 1545 προσεῖ-

585 1573 697 1627 χον,
727 1557 776 1609 οί
806 1554 865 1608 δέ
899 1555 997 1625 τῆς
1021 1552 1278 1624 ἀληθείας
1304 1555 1644 1626 ἀντείχοντο·
1682 1558 1818 1612 ἀλλά
1852 1560 1944 1613 καὶ
1968 1557 2173 1612 τούτων

585 1638 713 1693 Ξνιοι
747 1638 883 1710 πρὸς
919 1636 1096 1706 ὀλίγον
1118 1638 1289 1709 αὐτῆς
1321 1638 1864 1710 ἀντιλαμϐανόμενοι,
1893 1640 2054 1694 πάλιν
2074 1640 2172 1694 αύ-

583 1722 684 1794 τῆς
718 1722 1026 1788 ἐξέπιπτον.
1063 1720 1299 1784 Τούτους
1341 1722 1434 1775 καὶ
1460 1722 1489 1775 6
1518 1722 1752 1792 Χριστὸς
1780 1722 2168 1793 αἰνιττόμενος,

588 1806 865 1877 σπέρμασι
912 1804 1187 1875 παρέϐαλε
1221 1805 1333 1867 τοῖς
1358 1803 1420 1857 06
1452 1804 1593 1858 κατά
1643 1804 1842 1874 βάθους
1876 1804 2170 1876 κειμένοις,

588 1889 849 1953 ἀλλὰ,τάς
884 1888 1039 1960 ῥίζας
1087 1889 1225 1961 ὑπὲρ
1258 1889 1357 1957 τῆς
1391 1888 1711 1958 ἐπιφανείας
1749 1888 1852 1957 τῆς
1882 1890 1983 1959 γῆς
2018 1887 2173 1957 έχου-

590 1989 694 2032 σιν.
721 1972 817 2036 οὒς
846 1972 942 2025 κα)⁸
976 1971 1185 2042 ταχέως
1229 1970 1550 2024 ἀπολεῖσθαι
1583 1970 1708 2042 ἔφη.
1741 1969 1973 2032 Τούτους
2004 1971 2100 2024 καὶ
2144 1971 2174 2022 6

589 2054 978 2126 εὐαγγελιστὴς
1023 2052 1257 2108 ἐνταῦθα
1303 2055 1438 2124 ήμῖν
1467 2053 1756 2123 ἐδήλωσεν,
1792 2051 1935 2106 οὕτω
1974 2052 2170 2120 λέγων,

588 2139 668 2192 ὅτι
710 2139 806 2204 Ὠς
830 2134 910 2208 ἦν
940 2137 1010 2191 ἐν
1037 2136 1162 2202 τοῖς
1200 2135 1642 2205 Ἰεροσολύμοις
1663 2135 1733 2189 ὲν
1760 2135 1840 2200 τῷ
1870 2134 2086 2202 Πάσχα
2105 2135 2176 2188 έν

589 2222 660 2292 τῇ
679 2222 879 2292 ἑορτῇ,
902 2220 1121 2276 πολλοὶ
1141 2220 1518 2274 ἐπίστευσαν
1541 2221 1628 2285 είς
1647 2218 1854 2283 αὐτὸν,
1886 2218 2176 2286 θεωροῦν-

590 2322 685 2372 τες
703 2303 889 2359 αὑτοῦ
913 2303 987 2357 τὰ
1002 2301 1241 2371 σημεῖα,
1261 2300 1299 2354 ἃ
1324 2302 1533 2355 ἐποίει.
1558 2300 1751 2367 Αὐτός
1772 2300 1841 2353 δὲ
1865 2305 1897 2355 ό
1933 2299 2175 2368 Ἰησοῦς

589 2389 698 2442 οὐκ
742 2387 1063 2441 ἐπίστευεν
1108 2385 1327 2439 ἑαυτὸν
1369 2383 1843 2450 αὐτοῖς.Ὲκείνοι
1873 2383 1981 2454 γὰρ
2012 2385 2173 2454 ἀκρι-

592 2470 831 2538 ϐέστεροι
882 2464 1023 2539 ἦσαν
1067 2469 1117 2521 οἱ
1168 2467 1445 2539 μαθηταὶ,
1493 2468 1607 2520 ὅσοι
1660 2466 1735 2537 μὴ
1782 2466 1889 2519 ἀπὸ
1935 2465 2175 2536 σημείων
2236 2474 2241 2477 ‘

593 2551 898 2624 προσῄεσαν
944 2550 1139 2621 μόνον,
1183 2549 1323 2604 ἀλλά
1371 2551 1466 2604 καὶ
1512 2550 1621 2603 ἀπὸ
1666 2550 1764 2618 τῆς
1804 2547 2172 2611 διδασκαλίας.

592 2637 726 2701 Τοὺς
764 2636 864 2706 μὲν
891 2635 1001 2706 γάρ
1028 2635 1369 2705 παχυτέρους
1397 2633 1465 2687 τά
1488 2635 1692 2703 σημεῖα
1716 2631 2021 2701 ἐφείλκετο,
2052 2631 2178 2694 τοὺς

589 2717 647 2772 δὲ
682 2717 1080 2788 λογικωτέρους
1125 2717 1180 2770 αἰ
1228 2719 1555 2786 προφητεῖαι
1606 2715 1701 2768 καὶ
1741 2716 1793 2766 αἰ
1820 2712 2174 2767 διδασκαλίαι.

594 2802 747 2857 Ὅσοι
777 2802 908 2872 γοῦν
932 2803 1041 2857 ἀπὸ
1068 2800 1418 2863 διδασκαλίας
1444 2800 1877 2870 κατεσχέθησαν,
1908 2794 2051 2851 οὗτοι
2071 2797 2178 2849 τῶν

590 2885 699 2940 ἀπὺ
747 2884 989 2957 σημείων
1030 2880 1170 2955 ἦσαν
1222 2883 1557 2954 βεϐαιότεροι
1578 2897 1592 2911 '
1641 2881 1735 2944 06;
1766 2881 1860 2934 καὶ
1892 2882 1920 2933 6
1944 2878 2180 2950 Χριστὸς

592 2966 892 3041 ἐμακάριζε
942 2967 1152 3035 λέγων,
1189 2964 1481 3033 Μακάριοι
1535 2966 1589 3017 οὶ
1634 2962 1720 3033 μὴ
1774 2962 2021 3028 ἰδόντες,
2050 2964 2179 3041 Λκαί

593 3039 1180 3116 ὰστεύσαντεςῧθτι
1228 3048 1284 3101 δὲ
1331 3048 1391 3100 ού
1428 3046 1536 3100 τῶν
1565 3046 1804 3114 γνησίων
1829 3040 1970 3115 ἦσαν
2013 3039 2177 3109 οὗτοι,

591 3134 829 3189 δείκνυσι
867 3133 959 3187 καὶ
982 3135 1017 3205 ή
1053 3132 1351 3200 ἐπαγωγή·
1386 3130 1582 3196 Αὐτὸς
1615 3128 1745 3200 γὰρ,
1778 3130 1966 3199 φησὶν,
2003 3132 2034 3183 ὀ
2070 3130 2181 3196 Ἰη-

593 3217 746 3283 σοῦς
775 3218 889 3271 οὐκ
913 3214 1235 3269 ἐπίστευεν
1265 3212 1486 3267 ἑαυτὸν
1516 3210 1739 3276 αὐτοῖς.
1776 3211 1958 3275 Διατί;
1986 3211 2088 3265 Διά
2116 3210 2179 3264 τὸ

595 3300 910 3371 γινώσκειν
945 3296 1144 3352 πάντα
1158 3308 1206 3363 ι,
1243 3295 1340 3351 καί
1380 3296 1471 3349 ὄτι
1514 3297 1587 3349 οὺ
1636 3296 1845 3363 χρείαν
1872 3291 2055 3363 εἶχεν,
2082 3295 2183 3347 ἵνα

596 3402 687 3451 τις
724 3379 1081 3454 μαρτυρήσῃ
1129 3378 1263 3449 περὶ
1306 3378 1413 3432 τοῦ
1452 3376 1796 3446 ἀνθρώπου·
1844 3376 2027 3444 αὐτὸς
2071 3378 2183 3445 γὰρ

597 3467 890 3537 ἐγίνωσκε
916 3465 974 3518 τί
1003 3460 1083 3535 ἦν
1109 3463 1179 3517 ἐν
1210 3461 1290 3526 τῷ
1319 3461 1704 3529 ἀνθρώπῳ.⁸0
1737 3459 1795 3513 δὲ
1820 3458 1987 3527 λέγει,
2009 3459 2185 3512 τοιοῦ-

597 3550 688 3605 τόν
707 3551 855 3603 ἐστιν
872 3565 887 3581 ο
914 3547 989 3601 Οὐ
1016 3548 1272 3619 προσεῖχε
1298 3546 1412 3608 τοῖς
1429 3542 1629 3608 ἔξωθεν
1648 3543 1881 3614 ῥήμασι,
1908 3545 2025 3605 ταῖς
2049 3560 2183 3613 καρ-

598 3632 738 3696 δίαις
774 3628 1095 3703 ἐμϐατεύων
1129 3629 1341 3691 αὑταῖς,
1376 3628 1469 3680 καὶ
1512 3626 1648 3695 πρὸς
1677 3627 1775 3693 τὴν
1803 3625 2041 3677 διάνοιαν
2069 3626 2182 3676 εἰσ-

601 3713 729 3769 ιών’
788 3714 881 3768 καὶ
924 3712 1023 3783 τὴν
1062 3711 1394 3781 πρόσκαιρον
1445 3708 1623 3761 αὐτῶν
1671 3707 1981 3778 θερμότητα
2027 3704 2184 3768 εἰδὼς

602 3798 809 3868 σαφῶς,
837 3798 938 3851 ούκ
984 3794 1248 3867 ἐθάρῤειδ
1290 3794 1476 3855 αὐτοῖς
1522 3791 1598 3854 ὡς
1645 3790 1916 3861 μαθηταῖς
1950 3789 2184 3858 ἀπηρτι-

604 3882 843 3952 σμένοις,
869 3881 969 3932 οὐκ
1000 3875 1294 3948 ἐνεχείριζε
1323 3874 1503 3928 πάντα
1525 3873 1594 3926 τὰ
1617 3873 1861 3942 δόγματα
1887 3872 2070 3933 αὐτοῖς
2108 3869 2184 3934 ὡς

602 3964 699 4035 ήδη
726 3961 957 4033 βεϐαίως
985 3961 1195 4021 πιστοῖς
1223 3957 1554 4027 γενομένοις.
1587 3955 1660 4008 T6
1692 3956 1746 4009 δὲ
1776 3954 1845 4009 τά
1875 3956 1931 4007 ἐν
1957 3956 2187 4035 τῇκαρο

603 4034 695 4116 δίαν
723 4043 833 4099 τῶν
867 4042 1169 4115 ἀνθρώπων
1194 4040 1412 4101 εἰδέναι,
1444 4038 1539 4091 τοῦ
1576 4037 1881 4100 πλάσαντος
1915 4034 2059 4089 κατά
2089 4035 2185 4105 μό-

604 4145 700 4193 νας
745 4127 844 4192 τὰς
889 4124 1115 4196 καρδίας
1158 4123 1276 4176 ἐστὶ
1326 4120 1461 4175 Θεοῦ
1478 4132 1524 4176 ο.
1562 4120 1646 4174 Σὺ
1673 4120 1804 4191 γὰρ,
1842 4118 2026 4189 φησὶν,
2060 4117 2186 4169 ἐπί-

603 4225 825 4266 στασαι
859 4208 1106 4279 καρδίας
1122 4203 1481 4275 μονώτατος.
1508 4203 1621 4257 Οὐκ
1646 4204 1816 4256 έδείτο
1847 4201 2022 4254 τοίνυν
2047 4216 2189 4270 μαρ-

604 4294 780 4367 τύρων
807 4291 947 4345 ὥστε
974 4289 1083 4342 τῶν
1116 4286 1329 4342 οἰκείων
1360 4285 1692 4355 πλασμάτων
1724 4283 1913 4367 μαθεῖν
1938 4282 2034 4367 τὴν
2068 4282 2186 4367 διάτ

606 4361 754 4431 νοίαν
769 4391 783 4406 ο
810 4374 932 4428 ὅθεν
950 4372 1069 4425 οὐδὲ
1092 4370 1201 4424 ἀπὸ
1223 4369 1322 4439 τῆς
1348 4367 1684 4439 προσκαίρου
1706 4365 1940 4428 πίστεως
1961 4365 2141 4425 αὐτοῖς
2160 4361 2186 4401 ἀ

606 4455 1171 4531 ἐθάῤῥει.¹’Δνθρωποι
1221 4452 1320 4523 μὲν
1370 4451 1478 4519 γὰρ
1516 4448 1640 4503 οὕτε
1674 4448 1741 4501 τά
1772 4447 2036 4531 παρόντα,
2065 4445 2189 4531 οὔτε

605 4542 674 4597 τά
710 4530 990 4613 μέλλοντα
1050 4538 1250 4601 εἰδότες
1277 4576 1291 4600 ,
1343 4534 1601 4596 πολλάκις
1656 4532 1752 4585 καὶ
1798 4533 1910 4594 τοῖς
1958 4530 2193 4602 δολερῶς

608 4624 911 4698 προσιοῦσι,
942 4623 1037 4677 καί⁵
1071 4624 1182 4683 τοῖς
1221 4618 1413 4689 μικρὸν
1449 4615 1673 4689 ὕστερον
1704 4614 2189 4685 ἁποστησομένοις,

608 4711 821 4765 ἅπαντα
857 4706 1024 4778 χωρίς
1056 4720 1201 4765 τινος
1230 4699 1529 4768 ὑποστολῆς
1572 4700 1665 4752 καὶ
1706 4698 1922 4766 λέγουσι
1968 4699 2063 4752 καὶ
2101 4700 2192 4765 ἐγ-

607 4791 935 4864 χειρίζουσιν
954 4806 969 4820 ·
1005 4790 1034 4840 6
1059 4786 1115 4840 δὲ
1135 4784 1369 4857 Χριστὸς
1391 4783 1490 4851 ούχ
1510 4781 1866 4864 οῦτως.ᾜδει
1886 4781 1995 4851 γάρ
2016 4779 2191 4864 αὐτῶν

603 4861 673 4928 τά
697 4861 993 4945 ἀπόρρητα
1024 4870 1201 4924 πάντα
1239 4866 1446 4935 σαφῶς.
1481 4864 1735 4945 Τοιοῦτοιᾼ
1755 4862 1940 4915 πολλοὶ
1974 4863 2067 4916 καὶ
2097 4861 2193 4945 νῦν

605 4958 736 5019 εἰσι,
764 4943 828 5008 τδ
872 4954 970 5024 μὲν
998 4953 1097 5022 τῆς
1125 4950 1359 5013 πίστεως
1394 4947 1563 5016 ὄνομα
1594 4943 1745 5017 [158]
1780 4945 2013 5014 ἔχοντες,
2048 4943 2193 5015 εὑρί-

606 5055 788 5092 πιστοι
807 5037 866 5091 δέ
887 5037 983 5089 καὶ
1004 5036 1295 5102 εύάγωγοι,
1310 5031 1409 5084 Διά
1432 5030 1591 5083 τοῦτο
1612 5029 1733 5082 οὐδὲ
1754 5027 1847 5081 νῦν
1867 5029 1897 5081 6
1917 5029 2147 5098 Χριστὸς
2167 5039 2191 5067 ο

606 5121 801 5175 ἐαυτὸν
850 5116 1192 5190 ἐμπιστεύει,
1221 5114 1356 5167 ἀλλά
1386 5112 1453 5167 τά
1484 5111 1706 5164 πλείονα
1753 5110 2188 5179 ἀποκρύπτεται.

608 5204 877 5275 Καθάπερ
904 5203 1013 5273 γάρ
1040 5203 1202 5272 ἡμεῖς
1234 5199 1296 5253 ού
1340 5199 1450 5260 τοῖς
1483 5195 1668 5258 ἁπλῶς
1695 5194 1888 5263 φίλοις,
1911 5193 2046 5246 ἀλλά
2078 5196 2187 5275 τοῖς

608 5274 853 5359 γνησίοις
874 5283 1184 5355 θαρροῦμεν
1202 5298 1217 5316 ο
1238 5280 1381 5335 οὕτω
1401 5279 1495 5332 καὶ
1513 5279 1540 5329 6
1561 5276 1693 5359 Θεός
1715 5275 1734 5314 τ
1748 5277 2034 5359 ,Ἄκουσον
2061 5274 2190 5359 γοῦν

608 5371 660 5423 τί
696 5356 844 5442 φησι
887 5370 999 5431 τοῖς
1050 5365 1316 5438 μαθηταῖς
1361 5364 1389 5414 6
1435 5358 1701 5431 Χριστός’
1737 5360 1859 5442 Οὐκ
1908 5357 1996 5442 ἔτι
2016 5356 2191 5442 Ῠύμᾶς

610 5440 1084 5523 λέγωδούλουςο
1118 5445 1288 5515 ὑμεῖς
1328 5445 1437 5513 γὰρ
1483 5442 1646 5523 φίλοι
1669 5458 1788 5510 μου
1811 5441 1970 5493 ἐστέ.
2001 5440 2188 5499 Πόθεν,

613 5522 708 5588 καὶ
751 5533 924 5596 διατί;
973 5532 1094 5584 Ὅτι
1150 5528 1367 5591 πάντα,
1416 5525 1533 5579 ὅσα
1588 5522 1831 5592 ἥκουσα
1885 5524 2041 5590 παρὰ
2087 5524 2191 5576 τοῦ

620 5614 863 5682 Πατρός,
894 5611 1260 5680 ἁπεκάλυψα
1288 5607 1448 5676 ὑμῖν.
1481 5605 1578 5660 Διά
1604 5605 1763 5658 τοῦτο
1794 5605 1914 5659 οὐδὲ
1947 5606 2056 5668 τοῖς
2073 5606 2194 5657 ’1ου-

682 5700 708 5727 ⁸
729 5696 824 5746 Alli
845 5697 1037 5751 πάντας.
1064 5696 1180 5743 (ἶοό.
1207 5691 1300 5751 706
1323 5691 1383 5738 τὰ
1424 5688 1596 5736 πάντα.
1662 5686 1689 5725 δ
1714 5687 1887 5736 Morel.
1918 5687 2183 5751 ἐθᾲῥρησεν.

620 5760 647 5791 ⁸
676 5758 873 5817 Quidam
895 5759 993 5806 ἐστὶ
1010 5747 1156 5818 μόνον
1183 5750 1324 5818 Θεοῦ.
1472 5750 1895 5818 ριιιιιιιιηλνρτὶοοῑ.
1921 5811 1933 5818 _
1962 5747 1997 5818 fl
2014 5747 2184 5816 Mal-gl.

624 5809 795 5867 αῦῖῶν.
838 5827 863 5855 ο
885 5809 1055 5869 Morel.
1080 5816 1159 5864 νῦν
1181 5814 1319 5869 αὐτὸς
1340 5814 1365 5861 ὁ
1392 5809 1606 5874 Χριστός.
1663 5809 1679 5846 ί
1707 5810 1894 5859 Λιηκαὶ
1913 5811 1937 5858 6
1964 5809 2181 5871 Χριστὸς.

2271 1317 2440 1382 δαίοις
2480 1319 2548 1372 τὰ
2592 1321 2794 1389 σημεῖα
2843 1320 3013 1375 ἐδίδου
3062 1321 3326 1388 αἰτοῦσιν,
3371 1323 3454 1377 ὅτι
3508 1322 3861 1396 πειράζοντες

2272 1401 2458 1472 ᾔτουν.
2493 1402 2626 1474 Ἀρα
2651 1398 2745 1457 οὖν
2779 1403 2841 1457 τὸ
2876 1408 3079 1474 σημεῖα
3104 1406 3296 1473 αἰτεῖν,
3325 1405 3697 1478 πειραζόντων
3745 1409 3863 1463 ἐστὶ

2272 1484 2366 1536 καί
2396 1484 2518 1537 τότε
2568 1492 2663 1539 καὶ
2700 1484 2796 1539 νῦν
2815 1502 2829 1515 ο
2861 1486 2971 1540 Kal
3004 1488 3114 1559 γάρ
3140 1488 3235 1541 καὶ
3258 1486 3356 1542 νῦν
3390 1491 3529 1544 εἰσιν
3556 1491 3607 1544 οἰ
3636 1489 3861 1563 ζητοῦν-

2273 1584 2363 1630 τες
2397 1566 2493 1621 καλ⁸
2523 1566 2792 1636 λέγοντες·
2820 1567 2973 1622 Διατί
3003 1570 3080 1639 μὴ
3119 1570 3214 1624 καὶ
3240 1570 3336 1625 νῦν
3373 1576 3574 1642 σημεῖα
3607 1575 3819 1642 γίνεται
3844 1590 3862 1639 ;

2273 1651 2333 1702 Εἰ
2368 1651 2477 1721 γάρ
2504 1649 2692 1712 πιστὸς
2718 1644 2788 1715 εἴ,
2830 1650 2907 1714 ὡς
2938 1648 3075 1705 εἶναι
3104 1652 3232 1724 χρὴ,
3265 1653 3360 1707 καὶ
3384 1654 3558 1724 φιλεῖς
3595 1654 3687 1710 τδν
3731 1657 3866 1726 Χρι-

2275 1733 2418 1798 στὸν,
2442 1731 2519 1796 ώς
2549 1732 2722 1802 φιλεῖν
2748 1732 2849 1800 δεῖ,
2878 1734 2938 1786 ού
2976 1735 3166 1805 χρείαν
3197 1735 3342 1807 ἔχεις
3373 1737 3617 1808 σημείων
3635 1755 3649 1770 ·
3691 1738 3865 1793 ταῦτα

2273 1815 2381 1885 γάρ
2432 1817 2547 1880 τοῖς
2592 1815 2839 1878 ἀπίστοις
2879 1815 3103 1872 δίδοται.
3152 1817 3278 1880 Πῶς
3324 1814 3418 1873 οὖν
3451 1819 3721 1884 Ἰουδαίοις
3764 1821 3866 1876 οὐκ

2275 1898 2453 1969 ἐδόθη,
2502 1898 2673 1968 φησί;
2710 1898 2964 1953 Μάλιστα
2996 1900 3095 1970 μὲν
3123 1899 3310 1972 ἑδόθη’
3339 1902 3389 1955 εἰ
3438 1901 3496 1956 δὲ
3546 1901 3694 1956 ἐστιν
3731 1903 3865 1957 ὅπου

2276 1982 2371 2035 καὶ
2418 1981 2698 2045 αἰτοῦντες
2742 1982 2842 2035 ούκ
2873 1982 3086 2045 ἔλαϐον,
3119 1983 3309 2053 ἐπειδὴ
3337 1984 3438 2055 οὐχ
3464 1984 3605 2056 ὑπὲρ
3635 1984 3729 2039 τοῦ
3765 1986 3867 2057 τῆς

2276 2062 2535 2128 ἀπιστίας
2580 2063 2964 2133 ἀπαλλαγῆναι
3011 2065 3184 2119 ταῦτα
3233 2066 3418 2137 ᾔτουν,
3449 2067 3564 2122 ἀλλ’
3594 2068 3735 2141 ὑπὲρ
3772 2067 3867 2122 τοῦ

2279 2144 2480 2216 μᾶλλον
2527 2146 2710 2201 αὐτῶν
2750 2145 3043 2217 βεϐαιῶσαι
3075 2146 3175 2218 τὴν
3205 2149 3492 2220 πονηρίαν.
3517 2150 3627 2205 Καί
3655 2147 3735 2220 ἦν
3764 2151 3869 2205 ἄν·

2276 2229 2508 2295 θρωπος
2535 2228 2605 2282 ἐκ
2629 2227 2751 2282 τῶν
2778 2230 3140 2298 Φαρισαίων,
3171 2231 3511 2300 Νικόδημος
3540 2232 3729 2302 ὄνομα
3759 2235 3868 2287 αὐ-

2277 2308 2377 2376 τῷ,
2405 2308 2605 2381 ἄρχων
2645 2310 2766 2366 τῶν
2804 2312 3098 2368 Ἰουδαίων
3122 2331 3135 2345 ο
3171 2309 3351 2381 οὗτος
3397 2311 3545 2384 ἦλθε
3581 2316 3732 2384 πρὸς
3758 2319 3867 2371 αὺ-

2276 2395 2385 2448 τὸν
2408 2395 2650 2462 νυκτός.
2693 2390 2862 2461 Οὗτος
2898 2397 2994 2451 καὶ
3023 2398 3081 2451 ἐν
3116 2398 3268 2469 μέσῳ
3292 2398 3370 2469 τῷ
3392 2398 3713 2470 Εὑαγγελίῳ
3745 2400 3869 2469 φαί-

2277 2494 2427 2533 νεται
2452 2477 2545 2532 τὸν
2574 2478 2716 2550 ὑπὲρ
2742 2478 2837 2532 τοῦ
2867 2480 3105 2551 Χριστοῦ
3138 2480 3462 2552 ποιούμενος
3497 2482 3687 2552 λόγον·
3720 2482 3870 2552 λέγει

2278 2560 2388 2631 γάρ
2411 2576 2427 2592 υ
2471 2560 2527 2613 '0
2560 2562 2746 2628 νόμος
2773 2560 2944 2631 ἡμῶν
2973 2561 3195 2617 οὐδένα
3235 2565 3447 2631 κρίνει,
3481 2566 3590 2619 ἐὰν
3615 2565 3700 2635 μὴ
3729 2567 3871 2635 πρό⁹

2277 2659 2451 2711 τερον
2485 2643 2746 2711 ἀκούσῃ.
2782 2643 2929 2713 Πρὸς
2953 2644 3141 2698 τοῦτον
3178 2646 3273 2699 καὶ
3311 2646 3554 2701 Ἰουδαῖοι
3588 2646 3873 2719 δυσχεραί-

2279 2741 2427 2778 νουσι
2473 2724 2753 2793 λέγοντες
2793 2724 3129 2794 Ἐρώτησον
3164 2726 3261 2781 καί
3296 2727 3388 2782 ίδε
3431 2728 3521 2783 ὅτι
3559 2729 3872 2799 προφήτης

2277 2808 2347 2863 ἐκ
2392 2806 2504 2876 τῆς
2548 2807 2883 2874 Γαλιλαίας
2924 2809 3036 2863 οὐκ
3065 2808 3393 2879 ἐγήγερται.
3431 2811 3546 2866 Καὶ
3590 2811 3731 2882 μετά
3779 2810 3872 2864 τὸν

2282 2891 2514 2961 σταυρὸν
2559 2889 2617 2943 δὲ
2671 2888 2874 2961 πολλὴν
2924 2889 3026 2961 τὴν
3072 2890 3394 2962 ἐπιμέλειαν
3440 2896 3539 2964 τῆς
3569 2895 3747 2963 ταφῆς
3776 2893 3872 2947 τοῦ

2278 2971 2611 3025 Δεσποτικοῦ
2637 2970 2891 3042 σώματος
2918 2971 3425 3043 πεποίηται.Ἧλθε
3445 2976 3575 3046 γάρ,
3596 2976 3750 3044 φησί,
3771 2977 3872 3029 καί

2280 3055 2617 3124 Νικόδημος
2645 3056 2677 3107 ό
2705 3053 2902 3108 ἐλθὼν
2932 3053 3082 3122 ,πρὸς
3102 3054 3211 3108 τὸν
3243 3056 3462 3123 Κύριον
3490 3056 3732 3123 νυκτὸς,
3769 3055 3872 3125 φέ-

2272 3154 2399 3204 ρων
2439 3137 2628 3206 μίγμα
2668 3137 2865 3205 μύρου
2906 3135 3004 3190 καὶ
3038 3136 3231 3204 ἀλόης
3271 3137 3352 3203 ὡς
3396 3139 3605 3206 λίτρας
3631 3138 3869 3193 ἑκατόν.

2282 3218 2393 3272 Καὶ
2430 3216 2526 3272 νῦν
2554 3218 2613 3273 δὲ
2649 3217 2881 3273 διέκειτο
2930 3219 3028 3290 μὲν
3080 3220 3212 3290 περὶ
3244 3218 3336 3273 τὸν
3363 3220 3617 3290 Χριστὸν,
3648 3220 3749 3291 οὐχ
3795 3219 3872 3284 ὡς

2283 3301 2449 3373 ἐχρῆν
2482 3301 2561 3365 δὲ,
2589 3299 2714 3355 οὗτε
2750 3301 2892 3372 μετά
2917 3302 3159 3366 διανοίας
3187 3302 3287 3373 τῆς
3320 3302 3724 3373 προσηκούσης,
3756 3300 3872 3356 ἀλλ’

2284 3383 2362 3436 ἐτι
2386 3382 2492 3436 61:6
2511 3383 2611 3453 τῆς
2643 3382 2939 3453 Ἰουδαϊκῆς
2964 3384 3248 3454 κατείχετο
3270 3384 3571 3446 ἀσθενείας.
3596 3383 3695 3437 Διά
3714 3382 3875 3437 τοῦτο

2284 3466 2379 3519 καὶ
2416 3465 2610 3530 νυκτὸς
2649 3461 2803 3535 ἦλθε,
2834 3464 3091 3528 δεδοικὼς
3120 3467 3180 3519 ἐν
3207 3466 3394 3537 ήμέρᾳ
3426 3465 3585 3520 τοῦτο
3624 3467 3870 3538 ποιῆσαι.

2297 3547 2438 3601 Ἀλλ’
2463 3549 2492 3600 6
2517 3545 2897 3618 φιλάνθρωπος
2920 3546 3053 3610 Θεὸς
3073 3547 3194 3601 οὐδὲ
3223 3546 3395 3611 οὕτως
3413 3549 3576 3601 αὑτὸν
3592 3549 3872 3614 ἀπώσατο,

2284 3631 2405 3684 οὐδὲ
2451 3630 2754 3700 διήλεγξεν,
2781 3630 2901 3684 οὐδὲ
2933 3633 3034 3697 τῆς
3061 3629 3224 3684 αὑτοῦ
3253 3630 3600 3694 διδασκαλίας
3638 3633 3874 3688 ἀπεστέ-

2287 3730 2474 3785 ρησεν,
2509 3712 2644 3767 ἀλλά
2689 3714 2782 3767 καὶ
2834 3712 2976 3784 μετὰ
3009 3707 3210 3783 πολλῆς
3252 3711 3401 3783 αύτῷ
3430 3713 3531 3783 τῆς
3573 3715 3875 3779 ἐπιεικείας

2285 3796 2611 3864 διαλέγεται,
2645 3798 2739 3851 καὶ
2766 3796 3013 3867 δόγματα
3041 3796 3189 3866 αύτῷ
3221 3796 3540 3867 παρανοίγει
3575 3796 3645 3849 τὰ
3671 3797 3879 3870 σφόδρα

2286 3878 2508 3950 ὑψηλὰ,
2557 3879 2973 3951 αἰνιγματωδῶς
3023 3880 3166 3951 μὲν,
3220 3878 3540 3950 παρανοίγει
3593 3878 3651 3933 δὲ
3703 3880 3876 3950 ὅμως.

2286 3961 2472 4031 Πολλῷ
2500 3967 2609 4030 γάρ
2633 3963 2832 4032 μᾶλλον
2861 3957 3016 4026 οὗτος
3045 3960 3378 4032 συγγνώμης
3400 3960 3550 4027 ἄξιος
3570 3957 3638 4032 ῆν
3664 3961 3772 4014 τῶν
3789 3962 3879 4015 διά

2290 4043 2553 4114 πονηρίαν
2601 4044 2758 4096 τοῦτο
2810 4045 3123 4097 ποιούντων.
3144 4044 3373 4095 Ἐκεῖνοι
3410 4043 3510 4111 μὲν
3539 4043 3649 4113 γὰρ
3694 4042 3878 4113 πάσης

2287 4127 2424 4178 εἰσὶν
2437 4125 2731 4192 ἀπολογίας
2750 4125 2927 4189 ἐκτόςο
2947 4120 3101 4188 οὗτος
3121 4125 3178 4177 δὲ
3199 4124 3291 4177 καί
3307 4123 3465 4186 αὐτὸς
3484 4124 3877 4192 καταγνώσεως

2291 4209 2391 4279 μὲν
2414 4207 2711 4271 ὑπεύθυνος
2730 4203 2818 4279 ἦν,
2842 4208 2903 4261 ού
2941 4206 3047 4279 μὴν
3072 4204 3360 4275 τοσαύτης.
3396 4206 3519 4269 Πῶς
3545 4202 3638 4259 οὖν
3658 4209 3686 4259 6
3714 4208 3878 4274 εύαγ-

2290 4290 2541 4359 γελιστὴς
2572 4289 2725 4342 οὐδὲν
2745 4289 2981 4343 τοιοῦτον
3005 4285 3126 4343 εἷπε
3147 4289 3273 4359 περὶ
3299 4288 3484 4354 αύτοῦ;
3510 4285 3643 4342 Εἷπε
3662 4290 3760 4360 μὲν
3784 4286 3877 4343 οὖν

2291 4371 2548 4441 ἀλλαχοῦ,
2586 4372 2669 4426 ὅτι
2700 4372 2795 4424 καὶ
2817 4371 2882 4423 ἐκ
2902 4371 3012 4424 τῶν
3040 4370 3315 4441 ἀρχόντων
3337 4370 3519 4424 πολλοὶ
3551 4371 3878 4426 ἐπίστευσαν

2292 4459 2370 4518 εἰς
2402 4455 2563 4508 αὐτόν
2620 4454 2708 4508 διά
2735 4454 2793 4507 δὲ
2838 4455 2966 4518 τοὺς
2999 4453 3283 4516 Ἰουδαίους
3306 4453 3402 4523 οὐχ
3431 4452 3763 4524 ὡμολόγουν,
3788 4455 3877 4507 ἴνα

2296 4537 2371 4609 μὴ
2402 4537 2821 4605 ἀποσυνάγωγοι
2849 4536 3113 4605 γένωνται
3134 4553 3148 4569 ’
3184 4534 3417 4589 ἐνταῦθα
3448 4535 3504 4588 δὲ
3548 4536 3609 4590 τὸ
3637 4537 3745 4590 πᾶν
3786 4537 3877 4591 διά

2289 4621 2388 4691 τῆς
2415 4618 2554 4673 κατά
2582 4620 2681 4688 τὴν
2703 4618 2875 4673 νύκτα
2894 4616 3196 4690 παρουσίας
3221 4617 3456 4687 ᾐνίξατο.
3487 4617 3552 4670 Τί
3591 4613 3684 4671 οὖν
3720 4611 3876 4682 οὗτός

2294 4719 2459 4771 φησι;
2499 4702 2718 4766 Ῥαὸὅί,
2749 4702 2997 4769 οἴδαμεν
3020 4700 3110 4754 ὅτι
3130 4701 3249 4754 ἀπὸ
3274 4700 3422 4755 Θεοῦ
3453 4701 3758 4768 ἐλήλυθας
3790 4701 3876 4755 δι-

2292 4784 2602 4850 δάσκαλος
2620 4799 2635 4815 ⁶
2663 4784 2863 4849 οὐδεὶς
2892 4785 3001 4854 γὰρ
3027 4784 3214 4838 ταῦτα
3237 4783 3310 4837 τὰ
3387 4783 3600 4852 σημεῖα
3627 4785 3875 4839 δύναται

2293 4866 2561 4933 ποιῆσαι,
2596 4868 2633 4921 ἅ
2659 4868 2741 4921 οὺ
2764 4867 2975 4933 ποιεῖς,
2999 4864 3204 4933 ἐὰνμὴ
3225 4859 3269 4936 ᾖ
3284 4868 3318 4919 ὁ
3340 4868 3483 4930 Θεὸς
3508 4866 3635 4934 μετ’
3664 4867 3872 4922 αὐτοῦ.

2367 4950 2434 5018 β’.
2447 4951 2567 5002 Ἔτι
2581 4950 2732 5002 κάτω
2748 4948 3041 5019 στρέφεται
3053 4950 3080 5000 6
3093 4947 3293 5014 Νικόδη
3304 4963 3421 5016 μοε,
3436 4946 3515 4999 ἔτι
3529 4947 3874 5019 ἀνθρωπίνην

2294 5032 2408 5101 ἔχει
2437 5033 2566 5103 περὶ
2598 5030 2760 5084 αὐτοῦ
2795 5031 3053 5094 διάνοιαν,
3082 5030 3176 5081 καὶ
3207 5028 3281 5090 ώς
3310 5028 3436 5098 περί
3464 5030 3741 5105 προφήτου
3760 5030 3876 5084 δια-

2296 5114 2535 5181 λέγεται,
2566 5114 2718 5167 ούδὲν
2750 5112 2895 5183 μέγα
2922 5111 3028 5164 ἀπὸ
3050 5111 3158 5163 τῶν
3186 5109 3425 5177 σημείων
3454 5112 3871 5180 φανταζόμενος.

2299 5196 2575 5265 Οἴδαμεν,
2605 5196 2788 5268 φησὶν,
2822 5195 2911 5247 ὅτι
2940 5193 3056 5248 ἀπὸ
3089 5190 3236 5246 Θεοῦ
3259 5191 3562 5259 ἐλήλυθας
3589 5192 3876 5248 διδάσκα-

2291 5283 2420 5343 λος.
2456 5279 2520 5332 Τί
2547 5276 2640 5333 οὖν
2670 5278 2862 5340 νυκτὸς
2896 5276 3031 5346 ἔρχῃ
3064 5274 3156 5326 καὶ
3185 5272 3461 5327 λανθάνων
3500 5274 3636 5346 πρὸς
3672 5276 3763 5329 τὸν
3809 5277 3878 5330 τά

2290 5360 2386 5413 τοῦ
2413 5361 2565 5433 [I39]
2601 5359 2736 5414 Θεοῦ
2756 5358 3016 5425 λέγοντα;
3052 5356 3184 5426 πρὸς
3206 5355 3297 5408 τὸν
3326 5356 3533 5411 ἐκεῖθεν
3565 5359 3799 5427 ἥκοντας
3823 5358 3876 5408 τί

2296 5443 2369 5513 μὴ
2400 5444 2534 5512 μετά
2557 5441 2868 5513 παρρησίας
2896 5438 3119 5511 διαλέγῃ
3140 5455 3153 5502 ;
3190 5437 3332 5491 Ἀλλ’
3356 5439 3475 5492 ούδέ
3496 5439 3652 5492 τοῦτο
3679 5438 3830 5493 εἶπεν
3850 5441 3876 5478 ε

2293 5528 2322 5579 6
2368 5525 2597 5595 Ἰησοῦς,
2621 5524 2740 5577 οὐδὲ
2765 5521 3044 5592 διήλεγξεν
3067 5522 3256 5575 αὐτόν·
3292 5518 3575 5591 Κάλαμον
3598 5522 3703 5589 γὰρ
3725 5539 3876 5574 συν-

2293 5606 2676 5675 τετριμμένον
2714 5608 2785 5659 ob
2817 5603 3108 5668 κατεάξει,
3138 5605 3322 5673 φησὶν,
3352 5604 3447 5657 καὶ
3481 5604 3654 5656 λίνον
3688 5601 3878 5670 τυφώ-

2285 5705 2475 5755 μειτιν
2527 5691 2598 5742 οὐ
2645 5686 2868 5743 σϐέσει.
2908 5689 3016 5741 Καὶ
3065 5688 3227 5749 αὐτὸς
3280 5686 3459 5746 πάλιν,
3499 5685 3616 5736 Οὐκ
3667 5681 3871 5749 ἐρίσει,

2360 5802 2385 5840 ⁸
2405 5798 2554 5849 Βαγῑι.
2594 5803 2644 5846 el
2689 5797 2810 5847 codd
2853 5796 2961 5857 705,
2982 5794 3072 5843 706
3098 5795 3232 5843 οὐδὲν
3248 5793 3430 5842 τούτων
3455 5789 3596 5837 εἶπεν.
