4068 6136
222 199 322 254 H5

216 311 400 382 φησὶν,
444 309 588 365 οὐδὲ
626 306 830 377 πράξει
852 323 866 338 ·
915 304 1010 358 καὶ
1059 303 1241 368 πάλιν,
1288 303 1410 356 οὐκ
1451 296 1645 371 ἦλθον
1697 299 1799 352 ἵνα

214 393 396 460 κρίνω
439 393 549 446 τὸν
589 393 838 459 κόσμον,
879 385 1014 441 ἀλλ’
1041 387 1141 440 ἵνα
1176 382 1356 438 σώσω
1394 382 1502 436 τὸν
1544 382 1795 451 κόσμον.

217 473 430 539 οὐδεὶς
461 472 708 526 δύναται
743 471 930 524 ταῦτα
960 467 1034 522 τὰ
1062 465 1292 536 σημεῖα
1332 463 1546 528 ποιεῖν,
1576 465 1684 518 ἐὰν
1710 461 1798 532 μὴ

213 552 255 629 ἦ
281 559 315 612 ό
343 555 488 622 Θεὸς
515 554 643 625 μετ’
665 551 873 608 αὐτοῦ.
892 553 1129 614 Ἐκεῖνος
1174 549 1358 620 μέντοι
1391 547 1472 601 ἐτι
1495 547 1636 602 κατὰ
1679 547 1808 629 τούς

222 628 534 710 αἱρετικοὺς
577 636 892 704 φθέγγεται,
935 631 1328 704 ἐνεργούμενον
1359 630 1522 684 αὐτὸν
1567 629 1661 683 καὶ
1704 628 1806 698 τῆς

215 721 419 792 ἐτέρων
470 718 721 788 βοηθείας
762 718 1015 787 δεόμενον
1080 715 1255 769 ταῦτα
1313 714 1609 784 πράττειν,
1661 712 1806 782 ἆπερ

212 802 470 874 ἔπραττε,
495 801 691 868 λέγων.
717 800 782 852 Τί
808 795 902 853 οὖν
925 801 952 852 6
983 797 1218 869 Χριστός
1243 815 1259 863 ;
1294 797 1439 866 Ὅρα
1461 794 1808 864 συγκαταϐά-

213 901 351 947 σεως
374 883 679 955 ὑπερϐολήν
704 899 719 915 ο
751 883 851 935 οὐκ
885 877 1007 934 εἷπε
1042 881 1160 951 μὲν,
1194 879 1461 932 ὃτιΟὐδὲν
1495 878 1687 948 δέομαι
1707 876 1806 946 τῆς

211 968 414 1038 ἐτέρων
441 966 714 1037 βοηθείας,
733 963 891 1027 ἀλλὰ,
914 963 1046 1017 Μετ’
1069 961 1318 1025 ἐξουσίας
1338 961 1516 1016 πάντα
1540 961 1761 1032 πράττω
1788 975 1801 989 ·

210 1051 307 1104 καὶ
347 1049 458 1121 γὰρ
507 1049 634 1112 Υἱός
681 1050 796 1118 εἰμι
831 1048 1055 1117 γνήσιος
1080 1045 1173 1098 τοῦ
1201 1045 1358 1108 Θεοῦ,
1391 1043 1609 1113 καὶτῆς
1635 1042 1806 1112 αὐτῆς

208 1132 289 1202 τῷ
315 1132 670 1201 γεγεννηκότι
713 1129 993 1201 δυνάμεως
1013 1147 1028 1161 ·
1069 1129 1425 1200 παρῃτήσατο
1455 1126 1511 1180 δὲ
1542 1127 1679 1190 τέως
1715 1124 1804 1178 διά

210 1217 272 1270 τὺ
303 1215 605 1287 πρόσαντες
633 1209 772 1269 εἶναι
797 1213 873 1283 τῷ
905 1212 1363 1280 ἀκούοντι.”οπερ
1392 1209 1501 1279 γὰρ
1531 1210 1618 1264 ἀεὶ
1635 1209 1800 1276 λέγω,

209 1297 369 1352 τοῦτο
402 1298 496 1351 καὶ
524 1297 619 1351 νῦν
648 1297 779 1368 ἐρῶ,
805 1297 886 1350 ὅτι
912 1296 974 1350 τὸ
1005 1293 1442 1364 σπουδαζόμενον
1472 1289 1541 1364 ἦν
1570 1291 1648 1362 τῷ
1667 1294 1804 1363 Χρι-

213 1379 324 1451 στῷ
349 1379 446 1450 οὐχ
474 1379 616 1433 οὕτω
643 1379 780 1442 τέως
808 1378 906 1448 τὴν
930 1375 1086 1442 ἀξίαν
1116 1376 1422 1446 ἐκκαλύψαι
1452 1377 1552 1446 τὴν
1579 1373 1798 1440 ἐαυτοῦ,

209 1462 286 1526 ὡς
311 1461 371 1515 τὸ
401 1463 584 1514 πεῖσαι
619 1462 700 1513 ὅτι
729 1460 880 1513 οὐδὲν
909 1459 969 1525 ἐξ
1011 1458 1262 1520 ἐναντίας
1308 1457 1543 1527 ἔπραττε
1583 1456 1661 1528 τῷ
1693 1457 1803 1510 Πα-

209 1544 318 1617 τρί.
353 1543 453 1597 Διά
485 1544 640 1598 τοῦτο
668 1544 725 1594 ἐν
757 1541 856 1613 μὲν
879 1545 993 1605 τοῖς
1027 1543 1235 1612 ῥήμασι
1265 1540 1532 1611 πολλαχοῦ
1578 1539 1804 1610 μετριά-

211 1626 322 1690 ζων
353 1626 625 1696 φαίνεται,
657 1625 715 1677 ἐν
745 1623 802 1677 δέ
833 1626 943 1689 τοῖς
970 1622 1291 1694 πράγμασιν
1313 1622 1411 1693 οὐχ
1438 1621 1580 1675 οὕτω
1609 1621 1798 1675 ποιῶν.

214 1713 386 1764 Ὅταν
418 1709 526 1780 γὰρ
555 1709 966 1780 θαυματουργῇ,
1005 1707 1122 1776 μετ’
1155 1705 1402 1771 ἐξουσίας
1428 1707 1605 1760 πάντα
1636 1706 1801 1769 ποιεῖ,

211 1793 417 1861 λέγων·
469 1790 652 1854 Θέλω,
687 1789 1099 1857 καθαρίσθητι.
1153 1787 1434 1852 Ταλιθίια,
1485 1787 1797 1854 ἀνάστηθι.

215 1877 530 1930 Ἔκτεινον
560 1873 676 1942 τὴν
706 1872 892 1942 χεῖρα.
913 1869 1235 1940 Ἀφέωνταί
1275 1885 1376 1924 σοι
1409 1872 1467 1923 αὶ
1505 1869 1800 1938 ἁμαρτίαι.

209 1958 431 2023 Σιώπα,
459 1952 983 2025 πεφίμωσο.*Αρον
1009 1953 1117 2008 τὸν
1145 1952 1480 2020 κράόϐατόν
1519 1966 1659 2020 σου,
1701 1951 1801 2005 καὶ

129 2093 131 2096 ι
209 2040 404 2110 ὕπαγε
430 2041 518 2106 εἰς
549 2038 660 2092 τὸν
694 2034 864 2092 οἶκόν
910 2050 1047 2091 σου.
1073 2035 1174 2089 Σοί
1218 2035 1394 2105 λέγω,
1424 2035 1488 2088 τὸ
1535 2036 1802 2103 πονηρὸν

208 2123 536 2189 δαιμόνιον,
572 2119 782 2185 ἔξελθε
826 2119 925 2185 ἀπ’
960 2117 1170 2173 αὑτοῦ.
1214 2115 1533 2186 Γενηθήτω
1575 2132 1672 2170 σοι
1720 2117 1802 2182 ὡς

209 2205 540 2270 θέλεις.¹Ἀν
567 2219 658 2268 τις
683 2201 826 2270 ὑμῖν
847 2201 986 2269 εῖπῃ
1018 2218 1072 2254 τι
1091 2237 1107 2264 ,
1135 2198 1324 2268 ἐρεῖτε
1344 2239 1358 2261 ,
1391 2217 1448 2252 τι
1485 2199 1549 2252 '0
1579 2197 1801 2268 Κύριος

209 2287 395 2342 αὐτοῦ
423 2286 630 2354 χρείαν
673 2284 817 2353 ἔχει.
856 2282 1126 2352 Σήμερον
1140 2282 1269 2350 μετ’
1291 2281 1435 2351 ἐμοῦ
1468 2281 1584 2350 ἔσῃ
1613 2282 1685 2335 ἐν
1719 2281 1800 2346 τῷ

210 2368 578 2438 παραδείσῳ.
596 2368 925 2422 Ἠκούσατε
955 2366 1045 2419 ὅτι
1077 2365 1286 2434 ἐρρέθη
1335 2363 1460 2430 τοῖς
1504 2364 1796 2434 ἀρχαίοις,
1823 2413 1834 2424 ,

213 2457 296 2510 Οὐ
328 2453 650 2524 φονεύσεις
673 2467 688 2480 ·
732 2449 846 2520 ἐγὼ
869 2449 937 2503 δὲ
963 2449 1118 2519 λέγω
1146 2447 1307 2517 ὑμῖν,
1339 2447 1428 2500 ὄτι
1453 2451 1486 2501 ὁ
1511 2445 1800 2518 ὀργιζόμε-

207 2553 315 2603 νος
334 2523 432 2600 τῷ
456 2532 698 2602 ἀδελφῷ
721 2531 908 2586 αὐτοῦ
935 2529 1091 2599 εικῆ,
1121 2530 1337 2598 ἔνοχος
1367 2523 1540 2582 ἔσται
1571 2528 1646 2598 τῇ
1674 2529 1800 2597 xpl-

207 2633 324 2674 σει.
370 2616 546 2671 Δεῦτε
590 2616 782 2668 ὀπίσω
819 2631 962 2683 μου,
996 2613 1091 2666 καί
1135 2611 1370 2680 ποιήσω
1413 2610 1572 2681 ὑμᾶς
1609 2611 1798 2678 ἁλιεῖς

207 2698 555 2769 ἀνθρώπων.
588 2697 697 2750 Καὶ
721 2694 997 2766 πανταχοῦ
1022 2693 1222 2765 πολλὴν
1246 2694 1460 2766 ὁρῶμεν
1487 2692 1586 2764 τὴν
1607 2693 1798 2748 αὐθεν-

205 2782 328 2836 τίαν
364 2779 530 2836 αὐτοῦ
554 2773 739 2834 οὖσαν.
757 2779 845 2831 Ἐν
881 2778 978 2848 μὲν
1005 2777 1113 2848 γὰρ
1137 2780 1249 2840 τοῖς
1280 2778 1601 2847 πράγμασιν
1620 2777 1796 2841 οὐδεὶς

205 2865 274 2919 ἀν
304 2862 598 2918 ἐπελάϐετο
642 2861 751 2914 τῶν
777 2859 1090 2931 γινομένων.
1131 2860 1254 2922 Πῶς
1279 2861 1424 2930 γάρ;
1458 2859 1520 2911 El
1560 2859 1658 2928 μὲν
1687 2859 1795 2930 γάρ

209 2947 286 3018 μὴ
335 2946 481 3019 ἐξῄει
533 2943 602 2999 τὰ
647 2943 930 3014 λεγόμενα,
969 2943 1103 3014 μηδέ
1147 2943 1298 3006 τέλος
1329 2941 1636 3013 ἐλάμϐανεν
1684 2937 1795 2994 οῖον

206 3028 477 3092 ἐκέλευεν,
505 3023 650 3096 εἶχεν
694 3026 758 3080 ἀν
805 3042 889 3088 τις
929 3026 1104 3077 εἰπεῖν
1139 3024 1385 3091 ἐκείνων,
1419 3024 1502 3076 ὄτι
1536 3024 1796 3088 ἀπονοίας

203 3107 273 3184 ἧν
314 3111 383 3164 τὰ
424 3111 770 3179 ἐπιτάγματα
794 3124 809 3137 ·
841 3100 1031 3178 ἐπειδὴ
1063 3107 1117 3159 δὲ
1150 3107 1413 3172 ἐξέϐαινε,
1446 3108 1540 3160 καὶ¹
1563 3108 1796 3172 ἄκοντας

205 3195 400 3256 αὐτοὺς
429 3190 784 3261 ἐπεστόμιζεν
807 3191 842 3261 ή
867 3189 961 3243 τοῦ
987 3188 1174 3253 τέλους
1198 3190 1307 3243 τῶν
1330 3191 1630 3262 γινομένων
1657 3191 1792 3261 ἀλή-

205 3276 343 3330 θεια.
361 3275 485 3329 Ἐπὶ
518 3273 575 3327 δὲ
603 3272 711 3327 τῶν
735 3271 908 3342 λόγων
937 3270 1199 3341 ἠδύναντο
1229 3271 1507 3339 πολλάκις,
1529 3271 1672 3326 κατά
1694 3274 1793 3344 τὴν

204 3359 382 3413 αὐτῶν
411 3355 815 3427 ἀναισχυντίαν,
850 3354 1109 3408 ἀπόνοιαν
1131 3355 1491 3426 ἐπισκήπτειν
1515 3355 1685 3426 αὐτῷ.

281 3443 346 3494 Ὃ
369 3441 462 3495 καὶ
480 3440 508 3480 ι’
530 3441 623 3493 ἐπὶ
637 3439 731 3493 τοῦ
755 3437 1068 3509 Νικοδήμου
1095 3437 1210 3500 νῦν,
1241 3438 1490 3509 φανερῶς
1519 3439 1618 3510 μὲν
1641 3439 1792 3492 οὐδὲν

205 3524 410 3597 ὑψηλὸν
425 3524 746 3594 φθέγγεται,
763 3520 1181 3592 αἰνιγματωδῶς
1203 3521 1259 3574 δὲ
1287 3522 1451 3576 αὐτὸν
1468 3523 1663 3591 ἀνάγει
1691 3523 1792 3594 τῆς

203 3607 625 3677 ταπεινότητος,
667 3605 934 3659 διδάσκων
968 3606 1050 3657 ὅτι
1102 3604 1383 3674 αὐτάρκης
1431 3605 1594 3668 αὐτός
1641 3606 1790 3658 ἐστιν

203 3689 384 3761 ἐαυτῷ
409 3690 490 3752 εἰς
517 3688 614 3760 τὴν
648 3687 757 3740 τῶν
795 3686 1089 3756 θαυμάτων
1117 3684 1396 3751 ἐπίδειξιν.
1435 3687 1650 3740 Τέλειον
1681 3689 1790 3759 γὰρ

201 3773 363 3826 αὐτὸν
399 3770 689 3840 ἐγέννησεν
720 3770 748 3821 6
780 3768 993 3837 Πατὴρ,
1046 3767 1138 3820 καὶ
1173 3767 1553 3837 αὐταρκοῦντα
1589 3770 1788 3839 ἐαυτῷ,

201 3855 297 3907 καὶ
334 3853 487 3906 οὐδὲν
534 3850 723 3914 ἀτελὲς
753 3850 968 3920 ἔχοντα.
1007 3848 1146 3900 Ἀλλ’
1185 3847 1381 3919 ἴδωμεν
1411 3850 1465 3902 δὲ
1503 3851 1618 3914 πῶς
1658 3852 1790 3904 αὐτὸ

199 3937 357 3991 τοῦτο
387 3931 810 3997 κατασκευάζει·
839 3927 1006 3985 Εἶπεν
1027 3933 1262 3994 ἐκεῖνος·
1297 3931 1508 3991 ’ρασσι
1541 3931 1790 4002 οῖδαμεν

201 4022 292 4074 ὅτι
309 4019 428 4075 ἀπὸ
457 4019 606 4074 Θεοῦ
627 4015 933 4084 ἐλήλυθας
949 4013 1341 4081 διδάσκαλος,
1365 4015 1464 4070 καὶ
1481 4015 1570 4069 ὅτι
1589 4015 1788 4083 οὐδεὶς

199 4105 450 4160 δύναται
478 4101 673 4157 ποιεῖν
700 4099 739 4155 ἁ
772 4099 854 4154 σὺ
881 4098 1090 4164 ποιεῖς,
1116 4097 1224 4152 ἐὰν
1249 4096 1337 4168 μὴ
1363 4093 1408 4170 ᾖ
1440 4101 1473 4152 ὀ
1497 4098 1642 4166 Θεὸς
1657 4100 1786 4169 μετ’

197 4187 407 4244 αὑτοῦ.
443 4186 692 4257 Ἐνόμισε
719 4182 931 4255 μεγάλα
951 4179 1074 4234 τινά
1102 4181 1406 4252 εἰρηκέναι,
1439 4181 1612 4236 ταῦτα
1635 4185 1786 4255 εἰρη-

198 4272 310 4337 κὼς
338 4270 467 4341 περί⁷
493 4267 586 4322 τοῦ
615 4265 870 4339 Χριστοῦ.
897 4264 962 4318 Τί
988 4259 1081 4320 οὖν
1108 4263 1137 4316 6
1157 4264 1391 4334 Χριστός
1417 4267 1675 4331 ;Δεικνὺς
1702 4266 1784 4318 ὅτι

196 4354 319 4408 οὐδέ
341 4352 451 4407 τῶν
475 4349 646 4423 προθύ
654 4366 762 4422 ρων
787 4348 888 4419 τῆς
908 4345 1294 4418 προσηκούσης
1309 4347 1565 4416 γνώσεως
1585 4348 1780 4418 ἐπέϐη,

197 4437 320 4491 οὐδέ
358 4438 416 4488 ἐν
444 4437 555 4498 τοῖς
587 4431 945 4500 προπυλαίοις
983 4429 1134 4499 ἔστη,
1165 4429 1277 4483 ἀλλ’
1303 4430 1408 4495 ἔξω
1437 4447 1539 4482 που
1557 4432 1657 4500 τῆς
1687 4430 1783 4500 βα-

199 4518 404 4581 σιλείας
434 4516 701 4569 πλανᾶται
743 4513 844 4577 ἔτι,
881 4512 977 4566 καὶ
1005 4511 1185 4576 αὐτὸς,
1208 4511 1302 4563 καὶ
1331 4511 1479 4574 ὅστις
1501 4510 1567 4564 ἂν
1596 4512 1782 4582 ἕτερος

195 4603 369 4655 ταῦτα
391 4599 548 4670 λέγῃ,
573 4595 726 4668 [140]
749 4597 840 4648 καὶ
863 4593 1077 4646 οὐδέπω
1106 4603 1128 4632 ο
1157 4593 1295 4664 πρδς
1316 4593 1415 4663 τὴν
1436 4593 1610 4664 ἀληθῆ
1639 4611 1784 4664 παρ-

198 4685 367 4754 έκυψε
402 4682 625 4751 γνῶσιν,
665 4683 694 4734 6
743 4679 949 4749 ταύτην
979 4677 1106 4748 περὶ
1141 4677 1236 4729 τοῦ
1269 4677 1609 4746 Μονογενοῦς
1641 4678 1782 4749 ἔχων

196 4768 293 4840 τὴν
320 4766 512 4832 δόξαντ
547 4762 600 4815 τί
637 4777 835 4832 φησιν;
870 4759 1071 4830 Ἀμὴν,
1119 4758 1283 4830 ἀμὴν
1310 4757 1466 4829 λέγω
1516 4775 1637 4826 σοι,
1673 4761 1782 4815 ἐὰν

191 4852 275 4919 μή
301 4869 388 4917 τις
414 4844 675 4918 γεννηθῇ
709 4847 959 4905 ἄνωθεν,
988 4845 1059 4897 οὐ
1082 4842 1333 4898 δύναται
1358 4843 1507 4898 ἰδεῖν
1535 4843 1651 4913 τὴν
1663 4846 1781 4909 ,ϐα-

197 4935 434 4989 σιλείαν
461 4931 566 4986 τοῦ
599 4929 776 4984 Θεοῦ·
818 4927 1117 4989 τουτέστιν,
1155 4925 1281 4980 Ἐὰν
1314 4928 1377 4979 σὺ
1411 4928 1487 4998 μὴ
1515 4929 1782 5000 γεννηθῇς

199 5017 424 5082 ἀνωθεν,
451 5017 546 5069 καὶ
569 5016 670 5085 τὴν
688 5012 796 5066 τῶν
818 5010 1106 5081 δογμάτων
1124 5009 1450 5082 παραλάϐῃς
1468 5011 1776 5081 ἀκρίϐειαν,

199 5101 302 5166 ἔξω
337 5119 438 5155 που
482 5099 774 5161 πλανᾶσαι,
813 5097 908 5150 καὶ
941 5095 1130 5166 πόρρω
1158 5094 1256 5164 τῆς
1290 5094 1565 5163 βασιλείας
1596 5091 1648 5148 εἷ
1671 5096 1779 5151 τῶν

196 5183 459 5256 οὐρανῶν.
523 5182 664 5236 Ἀλλ’
691 5180 834 5234 οὕτω
883 5179 981 5250 μὲν
1025 5177 1208 5247 σαφῶς
1242 5176 1304 5230 οὐ
1346 5195 1511 5248 φησιν
1539 5195 1552 5208 ⁸
1583 5179 1672 5234 ἵνα
1720 5180 1778 5233 δέ

196 5265 668 5337 ἀνεπαχθέστερον
714 5266 915 5335 ποιήσῃ
959 5262 1050 5314 τὸν
1075 5260 1270 5330 λόγον,
1317 5261 1376 5314 οὐ
1426 5261 1562 5332 πρὸς
1617 5263 1778 5317 αὐτὸν

197 5351 544 5406 ἀποτείνεται
576 5347 846 5419 φανερῶς,
873 5347 984 5399 ἀλλ’
1010 5347 1278 5418 ἀορίστως
1306 5344 1484 5414 λέγει’
1531 5347 1669 5401 Ἐὰν
1691 5347 1776 5416 μή

197 5452 286 5499 τις
323 5428 586 5502 γεννηθῇ
612 5447 624 5460 ·
676 5431 954 5499 μονονουχὶ
992 5430 1201 5498 λέγων,
1237 5431 1318 5483 ὅτι
1358 5428 1476 5483 Κᾶν
1515 5429 1578 5483 σὺ
1603 5469 1618 5494 ,
1675 5429 1779 5485 κᾶν

195 5514 447 5572 ὁστισοῦν
484 5513 671 5584 ἐτερος
777 5513 998 5568 τοιαῦτα
1029 5514 1154 5584 περὶ
1199 5511 1333 5586 ἐμοῦ
1375 5512 1635 5578 δοξάζων,
1675 5512 1778 5578 ἔξω

258 5645 286 5676 ι
311 5629 410 5694 ΑΙ,Ῐί
431 5628 630 5694 [Γαϐιθά.
651 5627 766 5694 μοι
799 5625 1221 5694 Ποτειάφὲωνταί
1244 5646 1340 5694 σοι..
1365 5631 1514 5680 Savil.
1541 5629 1779 5694 ἀφέωνταί

193 5711 302 5743 σου,
369 5691 398 5732 b
421 5691 630 5742 Omnino
651 5687 1140 5753 legvndum_vidu-lqr
1161 5690 1232 5736 διὸ
1252 5692 1348 5753 καί.
1365 5695 1538 5753 _Al_que
1567 5687 1632 5753 iia
1655 5693 1782 5753 legit

198 5755 277 5804 Fr.
305 5755 538 5803 Arelinns
559 5753 642 5814 qui
684 5751 836 5814 γςι-ιίι
862 5762 892 5814 :7
910 5749 1228 5814 Quamobrem
1247 5749 1334 5800 hoc
1358 5750 1408 5803 in
1430 5749 1534 5805 lo'co
1566 5749 1780 5803 Nicoda-

197 5827 328 5867 mum
347 5810 610 5880 alloqueni.
671 5815 693 5843 ε
721 5810 970 5860 Samo-38:1

918 189 975 244 S.
1016 185 1304 243 JOANNIS
1339 181 1831 242 CIIRYSOSTOMI
1872 180 2194 242 ARCHIEP.
2235 182 2786 241 CONSTANTINOP.

3377 189 3478 244 HG

1904 315 2007 350 που
2031 298 2128 369 τῆς
2153 297 2426 369 βασιλείας
2451 299 2598 352 ἐστίν
2614 316 2630 331 ο
2655 296 2779 351 ἐπεὶ
2803 296 2851 348 εί
2877 295 2950 368 μὴ
2973 293 3131 349 τοῦτο
3157 293 3478 367 βουλόμενος

1905 381 2316 434 κατασκευάσαι
2343 378 2519 433 ταῦτα
2551 380 2728 449 ἔλεγε,
2761 380 2856 433 καὶ
2890 377 3232 449 ἀνάρμοστος
3260 379 3396 449 πρὸς
3424 381 3492 433 τά

1910 462 2178 534 εἰρημένα
2214 464 2248 534 ή
2276 463 2566 532 ἀπόκρισις
2587 459 2675 534 ἦν.
2714 463 2958 516 Ἰουδαῖοι
2989 461 3088 532 μὲν
3124 456 3219 514 οὖν
3252 462 3301 514 εί
3321 461 3495 515 ταῦτα

1904 545 2168 616 ἥκουσαν,
2203 547 2675 613 καταγελάσαντες
2708 545 3069 616 ἀνεχώρησαν
3105 543 3170 598 ἀν
3194 559 3208 573 ·
3239 535 3396 606 οὗτος
3432 543 3491 598 δὲ

1905 629 2001 680 καὶ
2028 630 2085 681 ἐν
2117 627 2291 699 τούτῳ
2315 629 2376 681 τὸ
2402 628 2699 698 φιλομαθὲς
2734 627 2761 668 ἀ
2785 628 3044 681 δείκνυσι.
3081 624 3180 678 Διά
3204 624 3362 678 τοῦτο
3383 626 3494 698 γὰρ

1905 709 2000 764 καὶ
2029 711 2256 778 ἀσαφῶς
2277 710 2544 780 πολλαχοῦ
2573 710 2867 780 φθέγγεται
2889 712 2916 763 6
2942 709 3198 781 Χριστὸς,
3231 708 3372 779 πρὸς
3394 709 3492 781 τῆν

1903 790 2173 863 ἐρώτησιν
2192 794 2318 851 τοὺς
2328 792 2627 855 ἀκούοντας
2645 792 3000 862 διαναστῆσαι
3025 791 3374 861 βουλόμενος,
3396 793 3494 844 καὶ

1904 875 2449 947 προσεκτικωτέρους
2483 873 2843 947 ἐργάσασθαι.
2877 874 2950 928 Τὸ
2989 875 3088 945 μὲν
3140 877 3252 948 γὰρ
3303 874 3494 944 σαφῶς

1902 957 2113 1027 λεχθὲν,
2149 957 2412 1022 πολλάκις
2441 959 2888 1029 καὶπαρατρέχει
2911 957 3002 1011 τὸν
3019 959 3298 1029 ἀκροατήν
3318 975 3331 987 ·
3361 957 3422 1010 τὸ
3435 957 3493 1009 δὲ

1903 1039 2113 1108 ἀσαφὲς
2149 1041 2572 1111 περιεργότερον
2603 1041 2766 1094 αὐτὸν
2797 1042 2940 1094 ποιεῖ
2961 1040 3056 1093 καὶ
3082 1041 3390 1094 σπουδαῖον.
3425 1038 3494 1093 '0

1901 1122 1957 1175 δὲ
1991 1121 2161 1191 λέγει,
2203 1123 2444 1176 τοιοῦτόν
2477 1125 2656 1177 ἐστιν·
2704 1122 2830 1176 Ἐὰν
2865 1123 2940 1194 μὴ
2960 1122 3228 1194 γεννηθῇς
3260 1122 3490 1188 ἀνωθεν,

1903 1205 1998 1258 ἐὰν
2026 1205 2101 1278 μή
2135 1207 2410 1276 μετάσχῃς
2441 1205 2762 1276 Πνεύματος
2792 1204 2887 1258 τοῦ
2915 1205 3002 1258 διά
3031 1205 3257 1276 λουτροῦ
3291 1204 3490 1272 παλιγ-

1901 1288 2172 1355 γενεσίας,
2197 1288 2258 1340 οὐ
2279 1287 2502 1342 δύνασαι
2521 1289 2649 1359 περὶ
2677 1288 2811 1359 ἐμοῦ
2833 1287 2991 1353 δόξαν
3005 1288 3188 1342 λαϐεῖν
3202 1289 3301 1359 τὴν
3325 1305 3492 1360 προσ-

1901 1371 2163 1441 ήκουσαν.
2209 1369 2360 1440 Αὕτη
2405 1370 2514 1442 γὰρ
2557 1372 2618 1424 οὐ
2668 1369 3016 1442 πνευματικὴ
3062 1372 3096 1441 ή
3143 1370 3291 1438 δόξα,
3355 1369 3491 1424 ἀλλὰ

1900 1453 2107 1524 ψυχική
2163 1464 2206 1505 ο.
2256 1453 2397 1507 Ἀλλ’
2429 1454 2572 1508 οὐτω
2623 1454 2726 1525 μὲν
2760 1455 2860 1507 οὐκ
2904 1449 3025 1507 εἷπε
3057 1455 3490 1525 παραιτούμενος

1901 1538 2064 1590 αὐτὸν
2099 1535 2324 1608 πλῆξαι,
2354 1538 2422 1591 τά
2466 1540 2599 1610 παρ’
2646 1535 2843 1592 ἐαυτοῦ
2891 1537 3374 1606 συνεισενεγκόντα
3397 1538 3490 1591 καὶ

1901 1621 2024 1673 ὅσον
2049 1619 2286 1692 ἐγχωρεῖ
2315 1618 2713 1692 φθεγξάμενον,
2743 1620 2936 1688 ἀνάγει
2961 1619 3018 1673 δέ
3046 1621 3376 1684 ἀνυπόπτως
3396 1621 3491 1674 ἐπὶ

1900 1703 2000 1774 τήν
2035 1701 2260 1773 μείζονα
2287 1703 2488 1772 γνῶσιν
2523 1703 2707 1770 αὐτὸν,
2729 1703 2905 1773 λέγων
2929 1720 2943 1734 °
2983 1703 3128 1758 Ἐὰν
3142 1703 3228 1774 μή
3249 1721 3489 1773 τιςτεν-

1899 1784 2058 1855 νηθῇ
2080 1787 2329 1840 ἀνωθεν.
2359 1786 2432 1840 Τὸ
2466 1788 2722 1841 Ἅνωθεν
2746 1786 3000 1851 ἐνταῦθα,
3019 1787 3068 1839 οἰ
3093 1788 3190 1858 μὲν
3210 1787 3274 1841 ἐκ
3295 1786 3386 1842 τοῦ
3406 1789 3492 1842 οὐ·

1905 1867 2067 1940 ρανοῦ
2096 1885 2280 1937 φασιν,
2315 1869 2364 1921 οί
2385 1868 2440 1921 δέ
2458 1867 2516 1934 ἐξ
2539 1868 2735 1940 ἀρχῆς.
2766 1869 2871 1924 Τδν
2898 1867 3007 1940 γὰρ
3038 1868 3111 1939 μὴ
3141 1867 3285 1923 οὕτω
3305 1887 3492 1940 γεννη-

1903 1950 2086 2016 θέντα,
2109 1951 2170 2004 οὐ
2189 1950 2414 2004 δυνατὸν
2442 1951 2591 2016 ἰδεῖν,
2617 1952 2773 2023 φησί,
2793 1951 2891 2023 τὴν
2916 1952 3195 2024 βασιλείαν
3213 1953 3307 2007 τοῦ
3330 1953 3486 2008 Θεοῦ·

1899 2033 2092 2086 ἐαυτὸν
2116 2033 2348 2087 ἐνταῦθα
2373 2034 2609 2098 δεικνὺς,
2644 2034 2739 2086 καὶ
2768 2033 2944 2106 δηλῶν
2972 2036 3055 2089 ὅτι
3080 2037 3141 2089 οὐ
3173 2035 3338 2090 τοῦτό
3367 2036 3487 2090 ἐστι

1899 2117 1960 2169 τὸ
1985 2116 2263 2186 ὁρώμενον
2301 2117 2484 2187 μόνον,
2525 2117 2639 2171 ἀλλ’
2667 2117 2871 2190 ἐτέρων
2899 2120 3030 2190 ἡμῖν
3054 2119 3352 2190 ὀφθαλμῶν
3383 2120 3484 2184 δεῖ,

1900 2199 2040 2254 ὥστε
2079 2201 2205 2254 ἰδεῖν
2221 2201 2312 2254 τὸν
2341 2202 2597 2273 Χριστόν.
2631 2201 2815 2256 Ταῦτα
2839 2203 3124 2265 ἀκούσαςό
3151 2203 3485 2274 Νικόδημος,

1900 2284 2064 2353 φησίν
2086 2299 2100 2314 ο
2133 2282 2268 2350 Πῶς
2301 2285 2552 2342 δύναται
2571 2284 2884 2354 ἄνθρωπος
2914 2285 3279 2354 γεννηθῆναι
3301 2285 3490 2354 γέρων

1898 2365 2016 2430 ῶν;
2066 2366 2258 2420 Ῥαϐϐἰ
2291 2366 2455 2421 αὐτὸν
2487 2367 2692 2432 καλεῖς,
2721 2367 2814 2421 καὶ
2851 2368 2960 2421 ἀπὸ
2997 2367 3132 2421 Θεοῦ
3167 2367 3489 2438 ἐληλυθέναι

1903 2449 2106 2518 λέγεις,
2142 2449 2238 2502 καὶ
2281 2449 2344 2502 οὐ
2383 2449 2513 2520 δέχῃ
2545 2449 2615 2502 τά
2643 2449 2935 2520 λεγόμενα,
2969 2450 3104 2504 ἀλλά
3135 2449 3234 2522 τὴν
3260 2450 3490 2515 πολλοὺς

1897 2531 2161 2604 θορύϐους
2194 2532 2595 2600 ἐπεισάγουσαν
2630 2532 2774 2599 λέξιν
2806 2533 3021 2605 φθέγγῃ
3051 2533 3186 2604 πρὸς
3219 2532 3309 2586 τὸν
3343 2532 3487 2588 διδά·

1899 2615 2096 2671 σκαλον
2120 2632 2134 2681 ;
2157 2616 2231 2668 Τὸ
2245 2615 2372 2687 γάρ,
2387 2614 2540 2681 Πῶς,
2561 2614 2742 2680 τοῦτο,
2765 2615 2873 2668 τῶν
2893 2616 2951 2668 οὐ
2973 2615 3176 2687 σφόδρα
3197 2615 3486 2670 πιστευόν-

1895 2718 2005 2755 των
2038 2700 2186 2753 ἐστὶν
2217 2699 2579 2770 ἐπαπόρησις,
2602 2697 2712 2752 τῶν
2734 2698 2841 2752 ἀπὸ
2865 2699 2968 2769 γῆς
2999 2698 3168 2753 ὅντων
3197 2697 3297 2752 ἐτι.
3333 2699 3490 2752 Ἐπεὶ

1897 2783 1990 2836 καὶ
2044 2785 2078 2854 ή
2126 2782 2311 2853 Σάρρα
2358 2781 2446 2835 διά
2481 2781 2643 2834 τοῦτο
2692 2780 2970 2849 ἐγέλασεν,
3023 2781 3210 2854 ἐπειδὴ
3257 2780 3319 2835 τὸ
3362 2781 3490 2848 Πῶς

1895 2861 2015 2918 εἶπε
2031 2881 2044 2895 °
2072 2864 2163 2918 καὶ
2189 2864 2338 2919 ἀλλοι
2356 2863 2540 2917 πολλοὶ
2558 2861 2716 2916 τοῦτο
2737 2863 3088 2936 ζητήσαντες,
3111 2864 3214 2934 τῆς
3253 2864 3488 2927 πίστεως

1895 2945 2169 3011 ἐξέπεσον.

1963 3026 2033 3096 γ’.
2066 3027 2224 3081 Οὐτω
2245 3027 2338 3081 καὶ
2362 3029 2630 3100 αἰρετικοὶ
2671 3028 2925 3100 μένουσιν
2955 3027 3050 3082 ἐπὶ
3071 3027 3169 3100 τῆς
3195 3027 3484 3100 αἱρέσεως,

1892 3109 2098 3180 ταύτην
2117 3109 2386 3181 πολλαχοῦ
2408 3110 2506 3182 τὴν
2525 3111 2669 3174 λέξιν
2681 3111 3087 3182 ἐπιζητοῦντες·
3113 3113 3163 3164 οἱ
3189 3112 3288 3183 μὲν
3304 3110 3488 3182 λέγον-

1893 3209 2004 3255 τες,
2020 3192 2142 3255 Πῶς
2162 3192 2477 3267 ἐσαρκώθη;
2495 3195 2542 3247 οἰ
2562 3194 2617 3247 δὲ
2638 3193 2910 3262 λέγοντες,
2927 3193 3053 3256 Πῶς
3070 3193 3331 3265 ἐγεννήθη
3353 3211 3368 3260 ;
3389 3195 3486 3248 καὶ

1891 3277 1958 3347 τῇ
1976 3274 2084 3328 τῶν
2101 3275 2318 3328 οἰκείων
2329 3275 2606 3347 λογισμῶν
2628 3276 2885 3347 ἀσθενείᾳ
2901 3276 3000 3345 τὴν
3017 3276 3245 3347 ἄπειρον
3264 3278 3486 3348 ἐκείνην

1893 3357 2290 3422 ὑποϐάλλοντες
2318 3359 2528 3414 οὐσίαν.
2561 3359 2741 3432 ’Ᾱπερ
2767 3355 2860 3415 οὐν
2881 3359 3093 3423 εἰδότας
3125 3361 3347 3429 φεύγειν
3377 3361 3486 3434 χρὴ

1889 3439 1987 3512 τήν
2021 3439 2248 3510 ἄκαιρον
2277 3440 2481 3512 ταύτην
2507 3441 3062 3514 πολυπραγμοσύνην.
3101 3442 3239 3496 οὐτε
3272 3443 3380 3514 γάρ
3422 3445 3486 3498 τὸ

1891 3523 2016 3586 Πῶς
2053 3524 2288 3578 εἴσονται
2327 3523 2422 3577 καὶ
2473 3523 2523 3576 οἱ
2566 3522 2740 3577 ταῦτα
2779 3522 3090 3595 ζητοῦντες,
3127 3523 3220 3578 καὶ
3247 3524 3484 3590 πίστεως

1890 3606 2245 3660 ἐκπεσοῦνται
2277 3605 2376 3676 τῆς
2406 3605 2592 3678 ὀρθῆς.
2637 3605 2736 3658 Διά
2762 3605 2922 3659 τοῦτο
2963 3606 3058 3659 καὶ
3095 3601 3251 3671 οὗτος
3289 3607 3480 3662 διαπο-

1892 3690 2000 3761 ρῶν
2043 3687 2087 3751 ί,
2120 3689 2272 3762 [141]
2300 3689 2391 3742 τὸν
2419 3690 2621 3760 τρόπον
2650 3688 2902 3761 ἐπιζητεῖ
2949 3691 3067 3760 (καὶ
3093 3689 3203 3762 γὰρ
3245 3691 3481 3762 συνῆκεν

1889 3774 1972 3824 ὅτι
1997 3773 2091 3824 καὶ
2137 3771 2272 3840 πρὸς
2304 3771 2464 3825 αὐτὸν
2491 3771 2710 3842 λέγεται
2736 3773 2797 3827 τὸ
2822 3772 3162 3847 λεγόμενον),
3197 3774 3291 3828 καὶ
3323 3773 3482 3845 θορυο

1889 3853 2086 3916 ϐεῖται,
2124 3854 2217 3908 καὶ
2273 3855 2501 3925 ίλιγγιᾷ,
2538 3856 2634 3908 καὶ
2677 3857 2735 3909 ἐν
2779 3856 3062 3928 ἀμηχανίᾳ
3091 3857 3259 3923 ἐστὶν,
3309 3857 3480 3912 ἐλθὼν

1891 3935 1988 4006 μέν
2022 3935 2098 3999 ὡς
2133 3937 2213 3999 είς
2254 3936 2564 4007 ἄνθρωπον,
2617 3936 2833 3991 ἀκούων
2878 3939 2935 3992 δὲ
2973 3939 3193 4009 μείζονα
3242 3939 3276 4010 ἢ
3326 3943 3479 4012 παρὰ

1886 4018 2207 4091 ἀνθρώπου,
2239 4020 2333 4072 καὶ
2357 4019 2394 4073 ἃ.
2436 4019 2625 4091 μηδεὶς
2655 4022 2858 4092 ήκουσε
2894 4023 3115 4076 πώποτε
3136 4039 3150 4054 ·
3183 4023 3279 4078 καὶ
3325 4023 3476 4077 διαν-

1889 4103 2101 4156 ίσταται
2127 4100 2226 4173 μὲν
2261 4101 2399 4173 πρὸς
2428 4102 2490 4156 τὸ
2521 4102 2654 4173 ὕψος
2681 4103 2791 4158 τῶν
2811 4103 3122 4176 λεγομένων
3149 4105 3308 4170 τέως,
3345 4123 3475 4160 σκο-

1885 4183 2071 4238 τοῦται
2099 4183 2178 4250 δὲ,
2214 4185 2308 4238 καὶ
2342 4186 2439 4256 οὐχ
2465 4185 2702 4253 ἵσταται,
2734 4187 3014 4259 πανταχοῦ
3041 4189 3474 4261 περιφερόμενος

1884 4266 1980 4322 καὶ
2006 4266 2248 4337 συνεχῶς
2269 4268 2553 4323 ἐκπίπτων
2576 4270 2676 4340 τῆς
2706 4271 2960 4334 πίστεως.
2985 4272 3076 4325 Διὸ
3098 4275 3194 4326 καὶ
3217 4273 3469 4344 ἐπιμένει

1883 4351 2307 4416 κατασκευάζων
2325 4352 2387 4404 τὸ
2418 4351 2698 4418 ἀδύνατον,
2730 4353 2873 4408 ὥστε
2896 4357 2974 4418 εἰς
3008 4357 3354 4427 σαφεστέραν
3375 4357 3473 4411 αὐο

1871 4433 1973 4502 ,τὸν
2001 4433 2400 4488 ἐκκαλέσασθαι
2427 4435 2796 4490 διδασκαλίαν.
2825 4437 2923 4504 Μὴ
2943 4436 3194 4493 δύναται
3213 4440 3346 4510 γάρ,
3369 4458 3472 4512 φη-

1885 4516 1991 4579 σὶν,
2023 4516 2339 4584 ἄνθρωπος
2363 4518 2451 4582 είς
2478 4517 2596 4586 τὴν
2619 4520 2858 4574 κοιλίαν
2886 4519 2997 4586 τῆς
3022 4522 3250 4590 μητρὸς
3282 4523 3470 4578 αὐτοῦ

1882 4596 2164 4665 δεύτερον
2187 4597 2488 4652 εἰσελθεῖν
2523 4600 2627 4653 καὶ
2655 4599 3061 4668 τεννηθῆναι;
3104 4602 3300 4676 Ὁρᾶτε
3327 4604 3465 4671 πῶς,

1881 4681 2012 4734 ὅταν
2042 4682 2155 4742 τοῖς
2192 4681 2415 4744 οίκείοις
2454 4680 2735 4753 λογισμοῖς
2769 4684 3038 4758 ἐπιτρέψῃ
3078 4703 3162 4750 τις
3195 4687 3264 4742 τά
3304 4706 3467 4742 πνευ-

1886 4761 2114 4832 ματικὰ,
2145 4762 2239 4816 καὶ
2262 4763 2645 4831 καταγέλαστα
2661 4765 2981 4835 φθέγγεται,
3004 4770 3098 4821 καὶ
3115 4769 3302 4841 ληρεῖν
3320 4773 3468 4826 δοκεῖ

1880 4843 1975 4897 καὶ
2026 4843 2265 4915 μεθύειν,
2310 4847 2437 4900 ὅταν
2471 4847 2900 4918 περιεργάζηται
2935 4851 3086 4923 παρὰ
3135 4853 3194 4906 τὸ
3235 4854 3316 4925 τῷ
3345 4855 3466 4926 Θεῷ

1879 4927 2070 4982 δοκοῦν
2094 4927 2162 4982 τὰ
2187 4928 2479 5000 εἰρημένα,
2501 4930 2598 4985 καὶ
2625 4931 2702 5003 μή
2729 4933 2954 5004 δέχηται
2972 4933 3072 5005 τὴν
3102 4938 3201 5008 τῆς
3230 4937 3466 5003 πίστεως

1882 5010 2319 5079 συγκατάθεσιν;
2351 5013 2588 5067 Ἤκουσε
2609 5015 2916 5085 γεννήσεως
2945 5020 3348 5090 πνευματικῆς,
3372 5023 3466 5077 καὶ

1879 5097 1981 5151 οὐκ
2024 5096 2213 5166 ἐνόησε
2258 5097 2653 5176 πνευματικὴν,
2688 5099 2801 5151 ἀλλ’
2848 5103 2927 5166 είς
2956 5101 3056 5172 τὴν
3099 5106 3462 5176 ταπεινότητα

1879 5180 1979 5247 τῆς
2004 5179 2205 5249 σαρκὸς
2227 5179 2554 5234 καθείλκυσε
2582 5181 2643 5235 τὸ
2669 5184 2980 5255 εἰρημένον,
2999 5186 3091 5239 καί
3122 5188 3265 5257 μέγα
3288 5188 3460 5258 δόγμα

1882 5262 2027 5317 οὕτω
2049 5265 2142 5317 καὶ
2177 5263 2382 5335 ὑψηλὸν
2407 5267 2506 5335 τῆς
2541 5267 2775 5338 φυσικῆς
2794 5267 3117 5334 ἀκολουθίας
3145 5272 3461 5342 ἐξήρτησεν.

1880 5348 1980 5400 Διά
2018 5347 2177 5400 τοῦτο
2204 5347 2474 5418 ληρωδίας
2496 5348 2720 5403 πλάττει
2746 5349 2954 5415 λοιπὸν,
2985 5353 3077 5404 καὶ
3101 5353 3334 5422 ἀπορίας
3364 5371 3462 5408 κα·-

1883 5431 2274 5499 ταγελάστους.
2295 5432 2385 5484 Διὸ
2419 5433 2514 5485 καὶ
2541 5433 2570 5484 6
2598 5433 2808 5498 Παῦλος
2837 5434 3042 5504 ἔλεγεν,
3073 5436 3153 5489 ὅτι
3196 5437 3465 5506 Ψυχικὸς

1879 5512 2192 5580 ἄνθρωπος
2213 5516 2284 5567 οὐ
2298 5514 2530 5584 δέχεται
2550 5515 2620 5569 τὰ
2643 5516 2748 5570 τοῦ
2769 5519 3137 5586 Πνεύματος.
3165 5518 3311 5591 Πλήν
3327 5519 3464 5573 ἀλλά

1880 5597 1974 5650 καὶ
2000 5598 2057 5648 ἐν
2085 5595 2260 5667 τούτῳ
2295 5597 2393 5668 τὴν
2431 5598 2564 5651 αἰδὼ
2594 5601 2693 5670 τὴν
2722 5602 2779 5654 ἐν
2815 5601 2894 5672 τῷ
2926 5601 3147 5672 Χριστῷ
3179 5603 3462 5671 φυλάττει.

1922 5685 2324 5754 dASic_Savi|._et
2364 5701 2479 5754 mss.
2505 5690 2718 5754 plurimi.
2772 5691 2939 5754 Morel.
2985 5698 3039 5740 et
3079 5690 3161 5741 alii
3194 5693 3458 5754 φιλαληϐές.

1885 5751 1908 5779 ε
1936 5750 2243 5816 δυερὶοειυε
2262 5751 2475 5816 8ιινίἰὶμε
2509 5750 2778 5813 legendum
2819 5753 2874 5801 οὐ
2909 5755 3086 5816 ψυχιμή
3124 5756 3154 5810 ἡ
3176 5750 3313 5816 δόξα,
3344 5753 3463 5801 ἀλλὰ

1879 5812 2191 5869 πνευματική.
2208 5810 2309 5872 Ego
2328 5811 2448 5862 nihil
2473 5810 2754 5862 mul'uudum
2769 5810 3034 5865 caused"!
3048 5815 3147 5865 Alii
3165 5815 3225 5864 δι’
3245 5816 3442 5877 ἀπορίας
