4068 6136
468 417 567 476 115

463 527 756 586 secundum
790 523 1160 579 hmreticorum
1191 517 1507 574 sententiam
1539 517 1797 586 loquitur,
1829 513 1917 584 qui
1958 511 2042 566 di-

464 625 536 678 cit
556 664 571 688 ,
599 619 666 676 ab
695 620 799 674 alio
819 617 1021 672 moveri
1045 656 1062 681 ,
1092 623 1146 670 et
1169 611 1392 668 aliorum
1417 625 1520 679 ope
1547 610 1785 678 indigere
1805 649 1821 674 ,
1850 616 1908 661 ut
1943 606 2046 660 hoc

463 715 648 771 faciat.
683 710 821 780 Quid
853 723 982 778 ergo
1019 705 1301 761 Christus?
1343 702 1476 756 Vide
1519 700 1859 769 indulgentia:
1905 697 2045 752 illius

471 801 911 874 magnitudinem.
941 798 1056 852 Non
1086 797 1240 862 dixit,
1272 795 1514 850 Aliorum
1541 792 1743 846 auxilio
1769 805 1872 844 non
1890 803 2039 859 egeo,

470 893 563 948 sed
593 907 714 948 cum
748 897 1010 960 potestate
1039 888 1218 942 omnia
1249 885 1383 940 facio
1417 901 1430 937 :
1463 897 1586 937 nam
1613 896 1768 936 verus
1791 895 1908 936 sum
1952 879 2044 933 Dei

465 987 654 1051 Filius,
687 995 741 1040 et
769 981 1012 1039 eamdem
1044 994 1203 1050 quam
1234 978 1457 1034 Genitor
1484 984 1802 1046 potestatem
1833 972 2004 1027 habeo
2029 991 2042 1026 :

467 1076 679 1132 interim
711 1089 840 1130 vero
869 1072 920 1127 id
951 1071 1147 1127 efferre
1172 1069 1373 1134 noluit,
1419 1075 1477 1122 ut
1521 1065 1757 1121 audienti
1797 1078 1914 1119 sese
1957 1078 2043 1118 ac-

469 1167 852 1224 commodaret.
881 1166 1012 1222 Nam
1042 1164 1182 1234 quod
1205 1177 1419 1232 semper
1445 1162 1568 1216 dico
1591 1201 1606 1226 ,
1644 1159 1744 1214 hoc
1772 1172 1913 1213 nunc
1957 1171 2046 1212 re-

467 1271 643 1331 petam
669 1300 684 1323 ,
713 1258 764 1312 id
792 1257 1063 1312 Christum
1092 1255 1300 1309 interim
1329 1251 1594 1308 studuisse
1613 1293 1628 1318 ,
1657 1265 1761 1305 non
1794 1257 1850 1302 ut
1877 1248 2048 1318 digni-

467 1360 630 1405 tatem
659 1364 808 1403 suam
838 1348 1134 1412 revelaret,
1180 1345 1272 1401 sed
1318 1353 1375 1399 ut
1418 1341 1763 1414 persuaderet
1810 1356 1869 1396 se
1914 1339 2046 1394 nihil

469 1451 654 1496 eontra
684 1440 857 1494 Patris
889 1438 1215 1492 voluntatem
1248 1435 1444 1491 facere.
1491 1435 1723 1504 Ideoque
1766 1434 1818 1488 in
1869 1431 2046 1488 verbis

468 1545 612 1600 saepe
637 1529 943 1585 moderatus
967 1526 1387 1596 deprehenditur
1407 1567 1423 1592 ,
1458 1525 1509 1579 in
1535 1524 1700 1580 rebus
1740 1538 1844 1579 non
1895 1523 2041 1578 item.

468 1622 601 1676 Cum
630 1621 773 1676 enim
801 1619 1057 1674 miracula
1085 1616 1234 1682 edit,
1264 1631 1384 1671 cum
1414 1623 1677 1684 potestate
1706 1613 1882 1667 omnia
1922 1611 2048 1667 facit

467 1712 651 1765 dicens
679 1726 693 1762 :
734 1708 882 1772 Volo,
912 1707 1176 1761 mundare.
1207 1705 1409 1759 Tatitha
1429 1745 1444 1769 ,
1471 1721 1621 1774 surge
1645 1703 1836 1774 (Marc.
1871 1703 1922 1758 1.
1954 1703 2045 1758 41.

468 1812 516 1855 et
563 1802 614 1856 5.
643 1802 765 1870 41).
810 1799 1041 1853 Extende
1085 1813 1308 1851 manum.
1341 1796 1674 1850 Dimittuntur
1719 1796 1806 1849 tibi
1844 1804 2046 1866 peccata

470 1895 492 1958 (
510 1890 693 1944 Matth.
725 1889 811 1944 I2.
844 1890 929 1944 15.
966 1897 1012 1942 et
1041 1888 1094 1943 9.
1123 1887 1213 1958 5).
1248 1887 1397 1954 Tace,
1420 1886 1716 1941 obmutesce.
1745 1885 1889 1940 Tolle
1926 1903 2046 1956 gra-

469 1983 640 2034 batum
677 1991 836 2047 tuum,
865 1989 911 2034 et
935 1979 1060 2033 vade
1095 1980 1148 2033 in
1174 1977 1377 2032 domum
1415 1986 1551 2031 tuam
1583 1976 1786 2054 (Marc.
1809 1977 1862 2031 4.
1887 1977 1974 2031 59.
2003 1986 2048 2030 et

467 2075 522 2128 2.
549 2073 658 2141 11).
679 2072 788 2127 Tibi
809 2073 942 2136 dico,
963 2071 1151 2124 malum
1175 2070 1496 2134 daemonium,
1517 2068 1618 2122 Exi
1643 2069 1704 2122 ab
1727 2069 1834 2138 ipso
1853 2066 2045 2138 (Marc.

469 2163 523 2218 5.
557 2165 631 2234 8).
663 2163 781 2217 Fiat
812 2163 900 2216 tibi
921 2163 1048 2216 sicut
1073 2162 1145 2215 vis
1169 2159 1395 2234 (Matth.
1422 2160 1509 2214 15.
1540 2157 1655 2230 '28).
1685 2157 1744 2214 Si
1773 2159 1885 2228 quis
1912 2156 2048 2211 vobis

468 2255 655 2308 dixerit
700 2254 928 2322 aliquid,
982 2253 1131 2306 dicite
1172 2252 1294 2322 quia
1333 2249 1583 2304 Dominus
1613 2250 1691 2303 his
1719 2265 1848 2319 opus
1876 2249 2041 2302 habet.

469 2353 488 2411 (
521 2343 683 2398 Marc.
717 2345 798 2397 II.
827 2344 861 2398 5
882 2344 923 2414 ).
961 2341 1126 2396 Hodie
1169 2357 1360 2396 mecum
1385 2342 1483 2395 eris
1510 2341 1561 2393 in
1599 2339 1838 2410 paradiso
1874 2337 2042 2410 (Luc.

467 2432 560 2487 25.
592 2434 661 2488 45
681 2434 728 2503 ).
753 2433 976 2486 Audistis
1006 2432 1125 2501 quia
1146 2431 1334 2484 dictum
1357 2440 1430 2483 est
1452 2429 1671 2500 antiquis
1690 2471 1705 2496 ,
1751 2428 1872 2482 Non
1911 2429 2044 2481 occi-

468 2523 556 2576 des
581 2540 598 2575 :
615 2540 704 2594 ego
725 2531 889 2576 autem
920 2521 1033 2575 dico
1056 2520 1192 2575 vobis
1211 2560 1226 2587 ,
1254 2521 1374 2591 quia
1405 2522 1489 2591 qui
1513 2521 1754 2572 irascitur
1779 2519 1927 2589 fratri
1955 2534 2048 2572 suo

468 2625 665 2681 temere,
684 2631 799 2669 reus
813 2617 903 2669 erit
914 2615 1114 2685 judicio
1133 2612 1344 2685 (Matth.
1370 2613 1457 2668 15.
1477 2612 1566 2667 21.
1596 2610 1709 2682 22).
1742 2610 1911 2664 Venite
1935 2621 2044 2680 post

466 2725 566 2772 me,
595 2718 640 2762 et
665 2709 850 2779 faciam
890 2723 975 2762 vos
1016 2709 1283 2778 piscatores
1319 2707 1575 2761 hominum
1606 2704 1816 2775 (Matth.
1841 2704 1894 2758 4.
1927 2703 2045 2776 19).

469 2799 675 2869 Ubique
703 2808 850 2855 certe
875 2814 1120 2870 magnam
1152 2799 1395 2856 videmus
1420 2799 1536 2868 ejus
1557 2797 1947 2852 auctoritatem.
1992 2797 2046 2850 In

465 2890 628 2944 rebus
671 2889 812 2944 enim
857 2905 1018 2945 nemo
1059 2905 1123 2945 ea
1167 2904 1286 2959 qua:
1324 2888 1460 2943 facta
1505 2897 1628 2943 sunt
1652 2885 2048 2958 reprehendere

466 2982 661 3050 possit.
690 2980 970 3047 Quomodo
1002 2982 1212 3050 possit?
1240 2979 1370 3035 Nam
1397 2981 1442 3035 si
1472 2995 1532 3034 ea
1559 2995 1678 3050 quae
1708 2980 1799 3036 ille
1838 2979 2050 3035 dicebat

462 3087 572 3126 non
597 3071 843 3127 effectum
870 3079 924 3126 et
953 3071 1112 3126 ﬁnem
1155 3078 1481 3140 consequuta
1527 3079 1741 3136 essent,
1788 3070 2048 3140 potuisset

461 3163 587 3233 quis
636 3161 818 3217 dicere
865 3169 1134 3232 praecepta
1187 3160 1274 3215 illa
1318 3176 1381 3216 ex
1405 3163 1708 3230 arrogantia
1738 3161 2042 3230 prodiisse:

457 3255 588 3322 quia
615 3268 745 3308 vero
771 3253 1120 3316 eveniebant,
1160 3252 1236 3307 rei
1267 3254 1463 3306 veritas
1486 3252 1605 3306 illos
1637 3252 1716 3305 vel
1749 3251 1940 3306 invitos
1979 3250 2047 3305 ad

457 3344 740 3398 silentium
772 3344 1146 3413 compellebat.
1181 3343 1234 3397 In
1262 3343 1439 3397 verbis
1461 3353 1636 3397 autem
1661 3385 1674 3408 ,
1707 3343 2044 3413 impudentes

452 3450 585 3488 cum
612 3444 828 3499 essent,
860 3443 1106 3504 poterant
1137 3434 1284 3488 illum
1328 3443 1384 3487 ut
1417 3442 1754 3503 arrogantem
1803 3448 2044 3503 carpere.

529 3525 638 3580 Cur
664 3527 889 3581 Christus
917 3527 1231 3597 tenigmatice
1267 3525 1548 3580 Nicodemo
1587 3526 1858 3597 loquatur;
1891 3527 2048 3596 ipsius

451 3621 723 3673 verborum
739 3619 1199 3689 explanatio—Ita
1222 3635 1360 3673 nunc
1384 3618 1728 3674 Nicodemunt
1750 3618 2045 3687 alloquens,

449 3711 595 3764 nihil
622 3710 846 3764 sublime
874 3718 1056 3779 aperte
1084 3710 1243 3775 dicit,
1282 3709 1377 3765 sed
1417 3725 1514 3779 per
1553 3709 1832 3779 aenigmata
1876 3709 2046 3778 ipsum

444 3802 520 3856 ab
550 3801 738 3856 humili
774 3803 1036 3856 sententia
1078 3799 1323 3867 deducit,
1371 3799 1660 3855 ostendens
1703 3813 1761 3854 se
1799 3798 1898 3853 sibi
1949 3797 2048 3867 ipsi

441 3892 708 3948 sufﬁcere
745 3893 810 3947 ad
856 3892 1104 3946 miracula
1154 3891 1427 3959 patranda.
1476 3890 1771 3945 Perfectum
1812 3891 1954 3945 enim
1986 3890 2049 3944 il-

442 3985 567 4039 Iunt
615 3984 774 4040 Pater
815 3985 1028 4054 genuit,
1062 3984 1269 4054 sibique
1301 3984 1398 4053 ipsi
1429 3982 1805 4050 sufﬁcientem,
1839 3991 1891 4038 et
1918 3981 2049 4036 nihil

438 4076 832 4148 imperfectum
882 4077 1210 4131 habentem.’
1251 4077 1354 4130 Sed
1399 4075 1674 4130 videamus
1729 4090 1834 4144 quo
1895 4083 2050 4144 pacto

439 4169 556 4223 hoc
600 4169 694 4222 ille
724 4167 1022 4222 confirmet.
1054 4167 1202 4221 Dixit
1229 4167 1315 4221 ille
1348 4184 1360 4218 :
1395 4165 1591 4229 Rabbi,
1638 4167 1821 4218 scimus
1861 4165 1982 4234 quia
2017 4181 2049 4218 a

435 4259 562 4312 Deo
591 4259 774 4311 venisti
801 4259 1054 4327 magister,
1086 4267 1130 4310 et
1152 4257 1286 4326 quod
1314 4273 1456 4310 nemo
1485 4265 1643 4324 potest
1674 4260 1837 4325 facere
1864 4270 1975 4323 qua:
1999 4264 2052 4307 tu

437 4351 589 4418 facis
616 4390 631 4411 ,
660 4350 754 4402 nisi
781 4349 932 4417 fuerit
960 4348 1094 4402 Deus
1124 4365 1236 4401 cum
1275 4363 1352 4402 eo.
1395 4347 1726 4401 Existimavit
1761 4361 1819 4400 se
1861 4360 2050 4415 magna

431 4440 726 4510 qumpiam
772 4439 839 4494 de
882 4440 1097 4494 Christo
1143 4440 1358 4494 dixisse.
1413 4438 1549 4507 Quid
1592 4453 1721 4508 ergo
1770 4437 2052 4491 Christus?

431 4531 765 4589 Ostcudcns
809 4531 955 4586 illum
1002 4547 1068 4586 ne
1112 4531 1178 4586 ad
1223 4532 1405 4586 limina
1445 4530 1658 4600 quidem
1699 4546 1836 4584 vera:
1873 4528 2054 4598 cogni-

430 4622 623 4678 tionis
659 4623 950 4677 accessisse
968 4664 981 4687 ,
1011 4637 1112 4677 nec
1139 4623 1219 4676 vel
1250 4622 1301 4675 in
1329 4622 1588 4676 vestibulo
1613 4635 1751 4686 esse,
1781 4619 1872 4674 sed
1901 4628 2052 4674 extra

429 4717 669 4784 regiam
691 4715 960 4778 aberrare,
985 4723 1038 4767 et
1063 4728 1184 4767 eum
1210 4721 1264 4767 et
1288 4713 1448 4766 alium
1471 4713 1710 4782 quemvis
1741 4709 1855 4765 hinc
1883 4711 2055 4764 dicen-

429 4819 554 4863 tem
580 4850 598 4873 ,
640 4807 874 4861 necdum
897 4805 962 4858 ad
994 4819 1173 4858 veram
1200 4803 1653 4874 appropinquasse
1680 4802 1940 4866 notitiam,
1965 4799 2052 4870 qui

428 4901 619 4954 talem
659 4896 730 4950 de
768 4897 1052 4965 Unigenito
1079 4896 1381 4963 opinionem
1411 4893 1628 4947 haberet
1659 4910 1671 4946 :
1700 4892 1824 4962 quid
1856 4893 1964 4945 ait?
2000 4892 2052 4946 5.

424 4994 642 5055 Amen,
684 5003 826 5040 amen
848 4988 961 5039 dico
983 4987 1088 5053 tibi,
1115 4986 1208 5039 nisi
1231 4987 1338 5055 quis
1359 4994 1505 5038 natus
1527 4986 1675 5054 fuerit
1701 4985 1932 5052 desuper,
1958 4999 2059 5036 non

425 5090 618 5152 potest
657 5079 830 5132 videre
855 5095 1066 5148 regnum
1099 5077 1191 5129 Dci
1210 5093 1226 5140 ;
1259 5077 1357 5130 hoc
1387 5083 1502 5141 est,
1538 5075 1644 5128 Nisi
1675 5085 1727 5127 tu
1760 5086 1914 5128 natus
1942 5072 2058 5127 fuc-

422 5177 509 5232 ris
547 5173 824 5240 desuper,
853 5181 903 5225 et
929 5180 1226 5225 accuratam
1259 5170 1563 5240 dogmattnn
1591 5169 1945 5236 cognitionem
1973 5181 2061 5220 ac-

418 5264 703 5337 ceperis,
737 5262 862 5317 foris
887 5263 1121 5326 aherras,
1149 5271 1202 5315 et
1231 5261 1410 5330 procul
1441 5275 1500 5315 es
1530 5275 1556 5311 a
1594 5274 1756 5327 regno
1785 5257 2057 5312 cmlorum.

424 5359 664 5414 Verum
707 5351 754 5405 id
780 5355 890 5406 'non
922 5352 1064 5406 clare
1093 5351 1254 5416 dicit;
1295 5361 1348 5404 et
1388 5359 1443 5403 nt
1473 5350 1645 5403 minus
1680 5362 1964 5403 onerosum
2012 5346 2060 5400 id

418 5448 588 5520 quod
623 5444 920 5499 dicebatur
947 5452 1118 5508 esset,
1171 5458 1275 5495 non
1317 5442 1486 5509 ipsum
1531 5449 1711 5508 aperte
1753 5438 2059 5506 alloquitur,

416 5539 529 5596 sed
571 5533 1013 5592 indeterminate
1042 5533 1200 5596 dicit,
1237 5531 1354 5585 Nisi
1383 5532 1494 5601 quis
1527 5543 1672 5583 natus
1703 5530 1891 5599 fuerit;
1923 5545 1985 5582 ac
2019 5527 2062 5580 si

420 5635 670 5686 diceret
731 5642 745 5678 :
784 5625 906 5679 Sive
935 5634 1022 5690 tu,
1055 5626 1166 5686 sive
1194 5625 1364 5694 quivis
1396 5624 1528 5676 alius
1559 5622 1672 5677 huic
1713 5623 1780 5677 de
1820 5638 1904 5676 me
1945 5638 2066 5676 sen-

424 5725 535 5778 tiat
561 5763 577 5786 ,
644 5718 702 5771 is
751 5723 898 5768 extra
937 5730 1154 5782 regnum
1194 5723 1294 5767 cst.
1324 5712 1431 5766 Nisi
1467 5713 1603 5766 enim
1637 5713 1748 5766 hrcc
1777 5713 1859 5765 illa
1892 5721 2067 5765 mente

424 5819 702 5877 dixisset
728 5851 751 5879 ,
797 5809 1070 5876 responsio
1111 5824 1212 5862 non
1242 5808 1303 5860 ad
1335 5807 1659 5876 propositum
1689 5815 1829 5860 esset
1882 5805 1990 5858 llot:
2021 5805 2062 5858 si

1445 403 1508 459 IN
1549 401 1863 461 ΙΟᾹΝΝΕΜ
1902 398 2133 456 1101111..
2178 396 2368 454 XXIV.
2411 399 2480 454 al.
2524 399 2710 457 XXIII.

3621 405 3722 462 ιπιδ
3766 464 3769 465 ,

2152 511 2317 567 Judaii
2345 512 2657 578 audiissent,
2677 516 2979 573 deridentes
3006 519 3291 576 discessuri
3311 529 3481 574 erant.
3507 521 3602 576 Hie
3624 535 3723 576 au-

2149 612 2254 658 tem
2285 603 2522 659 discendi
2552 606 2783 661 studium
2809 624 2920 678 prae
2944 623 3002 664 se
3025 611 3163 665 tulit.
3191 611 3313 666 ldeo
3337 612 3477 666 enim
3499 611 3726 667 obscure

2148 710 2291 765 saepe
2335 695 2568 766 loquitur
2615 697 2888 762 Christus,
2939 708 2996 754 ut
3036 702 3305 756 auditores
3348 713 3402 757 et
3450 703 3516 758 ad
3562 704 3727 758 inten-

2148 787 2438 858 rogandum
2485 791 2871 859 promptiores,
2933 801 2986 846 et
3027 790 3094 847 ad
3141 793 3466 861 operandum
3509 795 3728 864 expedi-

2151 879 2312 934 tiores
2334 879 2539 935 reddat.
2560 880 2692 936 Nam
2712 882 2852 952 quod
2874 883 3018 938 clare
3037 883 3250 949 dicitur,
3268 884 3562 938 auditorem
3585 900 3737 953 saepe-

2146 967 2313 1039 fugit;
2340 971 2482 1040 quod
2513 980 2690 1026 autem
2720 973 3006 1027 obscurum
3028 981 3131 1038 est,
3161 975 3496 1028 attentiorem
3524 975 3727 1030 studio-

2147 1062 2452 1133 sioremque
2481 1061 2672 1117 reddit.
2712 1063 2822 1119 Hoc
2862 1073 3038 1119 autem
3080 1065 3343 1135 significat
3375 1083 3388 1119 :
3419 1065 3529 1121 Nisi
3573 1075 3728 1123 natus

2149 1153 2314 1209 fueris
2339 1155 2590 1224 desuper,
2621 1155 2722 1210 nisi
2755 1171 2850 1226 per
2875 1157 3141 1212 lavacrum
3167 1158 3584 1229 regenerationis
3609 1159 3727 1229 Spi—

2148 1245 2308 1300 ritum
2336 1245 2625 1315 acceperis,
2658 1262 2763 1302 non
2791 1256 2945 1318 potes
2968 1247 3033 1302 ad
3065 1257 3262 1303 rectam
3298 1248 3367 1304 de
3407 1263 3492 1304 me
3522 1249 3730 1318 opinio-

2149 1351 2270 1391 nem
2297 1338 2597 1406 pervenire.
2631 1337 2756 1394 Htec
2797 1346 2882 1392 tua
2922 1338 3104 1408 Opinio
3141 1355 3246 1394 non
3272 1339 3593 1409 spiritualis,
3633 1340 3726 1394 scd

2149 1428 2394 1485 animalis
2417 1437 2502 1484 est
2525 1429 2563 1482 ¹.
2595 1429 2711 1484 Νοιι
2743 1439 2917 1485 tamen
2944 1431 3026 1485 his
3057 1430 3232 1486 verbis
3256 1444 3384 1485 usus
3411 1440 3494 1486 est
3513 1470 3528 1494 ,
3569 1444 3637 1484 ne
3661 1429 3728 1483 il-

2149 1518 2256 1573 lum
2298 1533 2394 1590 pro
2435 1517 2688 1574 facultate
2734 1535 2829 1575 sua
2872 1519 3175 1590 loquentem
3220 1528 3480 1588 terreret;
3525 1520 3620 1576 sed
3661 1520 3729 1576 ad

2150 1609 2407 1680 majorem
2455 1611 2600 1664 illum
2641 1612 2999 1681 cognitionem
3044 1613 3160 1668 sine
3200 1614 3503 1681 suspicione
3538 1613 3728 1682 erigit,

2148 1714 2270 1755 cum
2300 1700 2455 1768 dicit,
2486 1700 2606 1756 Nisi
2629 1704 2740 1772 quis
2765 1714 2966 1759 renatus
2993 1705 3146 1775 fuerit
3181 1706 3414 1776 desuper.
3458 1704 3590 1760 Illud
3621 1701 3730 1758 De-

2149 1807 2319 1862 super,
2354 1793 2569 1864 quidam
2587 1835 2602 1861 ,
2634 1793 2702 1849 de
2730 1794 2884 1862 cmlo,
2916 1795 3101 1851 dicunt
3127 1795 3460 1868 signiﬁcare;
3488 1795 3576 1851 alii
3604 1810 3730 1850 vero

2150 1897 2179 1937 a
2210 1883 2492 1954 principio.
2526 1885 2576 1940 ls
2605 1885 2747 1939 enim
2779 1887 2870 1956 qui
2901 1901 3007 1941 non
3036 1889 3113 1942 sic
3143 1896 3298 1942 natus
3327 1887 3504 1952 fuerit,
3537 1885 3730 1955 inquit,

2151 1991 2256 2029 non
2287 1986 2460 2046 potest
2489 1977 2670 2033 videre
2698 1994 2916 2048 regnum
2960 1978 3086 2042 Dei;
3119 1979 3354 2050 seipsum
3391 1977 3727 2048 signiﬁcans,

2149 2076 2202 2122 et
2228 2069 2519 2124 ostendens
2544 2070 2594 2124 id
2625 2086 2728 2125 non
2751 2087 2871 2127 esse
2891 2072 3028 2142 quod
3051 2072 3223 2128 solum
3244 2071 3475 2137 videtur,
3495 2070 3587 2125 sed
3614 2071 3732 2124 aliis

2151 2172 2285 2227 Opus
2309 2173 2428 2214 esse
2455 2160 2642 2227 oculis,
2672 2171 2729 2215 ut
2757 2161 2999 2216 Christus
3026 2161 3285 2216 videatur.
3313 2161 3402 2215 llis
3428 2160 3621 2215 auditis
3645 2159 3736 2215 Ni-

2151 2249 2405 2306 codemus
2435 2252 2508 2305 ait
2540 2271 2552 2306 :
2586 2253 2638 2307 4.
2676 2253 2938 2320 Quomodo
2965 2263 3124 2322 potest
3150 2254 3299 2306 homo
3327 2253 3497 2317 nasci,
3531 2268 3644 2304 cum
3671 2252 3734 2305 sit

2151 2346 2340 2399 senex?
2379 2345 2544 2400 Rabbi
2575 2361 2698 2401 eum
2725 2346 2963 2414 appellas
2983 2388 2998 2413 ,
3041 2354 3094 2400 et
3122 2360 3152 2399 a
3180 2345 3289 2399 Deo
3315 2343 3524 2399 venisse
3562 2342 3696 2398 dicis
3715 2383 3731 2409 ,

2152 2451 2250 2489 nec
2278 2436 2394 2504 ejus
2423 2436 2585 2491 verba
2612 2436 2868 2502 admittis,
2895 2436 3200 2506 dictumque
3223 2434 3430 2504 profers
3457 2433 3730 2503 magistro,

2151 2523 2291 2594 quod
2333 2526 2500 2594 possit
2537 2541 2781 2597 magnam
2821 2526 3011 2580 afferre
3050 2525 3542 2595 perturbationem?
3596 2522 3732 2578 Illud

2152 2617 2293 2672 enim
2314 2657 2329 2683 ,
2378 2617 2641 2682 Quomodo
2663 2660 2676 2684 ,
2709 2632 2814 2672 non
2845 2616 3126 2672 admodum
3157 2616 3489 2672 credentium
3519 2614 3733 2670 dubita-

2153 2710 2349 2764 tionem
2377 2708 2552 2774 ell'ert,
2583 2708 2676 2764 sed
2705 2724 2888 2764 eorum
2920 2709 3010 2780 qui
3038 2709 3212 2764 adhuc
3241 2707 3464 2764 terrenis
3503 2707 3729 2761 Ita-rent.

2151 2802 2280 2856 Nam
2315 2800 2443 2856 Sara
2471 2799 2591 2856 ideo
2619 2801 2733 2856 risit
2754 2841 2769 2867 ,
2809 2801 2962 2871 quia,
3001 2801 3284 2872 quomodo,
3324 2800 3456 2855 dixit
3490 2818 3504 2854 :
3537 2799 3734 2868 aliique

2151 2892 2300 2947 multi
2329 2891 2430 2946 hac
2457 2892 2870 2961 interrogatione
2899 2892 3012 2956 usi,
3044 2905 3072 2943 a
3105 2891 3211 2946 ﬁde
3238 2890 3569 2946 exciderunt.

2210 2987 2262 3042 5.
2278 2985 2341 3040 1η
2359 2985 2503 3040 rebus
2515 2986 2697 3039 divinis
2711 3001 2808 3038 non
2826 2985 3032 3039 nimiam
3047 2985 3381 3039 curiositatem
3398 2983 3734 3038 adhibendam

2149 3077 2504 3146 esse,e.rempio
2519 3076 2782 3130 Nicodemi
2803 3075 3338 3146 comprobatum—SM
3358 3085 3412 3132 et
3427 3074 3656 3131 hmrctici
3677 3076 3728 3130 in

2150 3183 2245 3223 sua
2269 3177 2504 3238 perstant
2533 3169 2742 3236 haeresi,
2771 3169 2885 3238 pari
2916 3169 3074 3223 modo
3101 3169 3522 3238 interrogantes;
3549 3167 3732 3222 dicunt

2150 3262 2290 3316 enim
2312 3261 2422 3329 alii,
2447 3261 2723 3330 Quomodo
2741 3261 3041 3315 incarnatus
3061 3260 3175 3315 est?
3203 3259 3312 3325 alii,
3331 3257 3609 3327 Quomodo
3629 3273 3728 3312 na-

2153 3357 2271 3411 tus?
2292 3355 2776 3425 cogitationnmque
2792 3369 3007 3408 suarum
3029 3353 3318 3407 inlirmitati
3348 3353 3658 3406 immensam
3678 3350 3731 3404 il-

2151 3447 2254 3500 lam
2278 3445 2563 3514 subjiciunt
2587 3444 2956 3499 substantiam.
2974 3442 3101 3510 Qua:
3122 3456 3240 3495 cum
3268 3441 3519 3503 sciamus,
3538 3439 3731 3494 intem-

2153 3537 2406 3608 pestivam
2427 3537 2565 3590 illam
2583 3537 2941 3591 curiositatem
2957 3535 3120 3589 vitare
3141 3539 3370 3603 oportet.
3386 3533 3568 3602 Neque
3588 3533 3727 3586 enim

2150 3628 2418 3699 quomodo
2444 3627 2558 3683 bzcc
2595 3626 2733 3682 facta
2784 3629 2891 3682 sint
2918 3626 3088 3682 scient
3113 3641 3363 3696 umquam
3390 3625 3425 3680 ii
3451 3625 3538 3696 qni
3569 3625 3730 3680 hasce

2151 3730 2368 3776 movent
2386 3720 2728 3792 quaestiones,
2748 3727 2800 3774 et
2819 3734 2846 3773 a
2866 3727 3006 3774 recta
3028 3717 3128 3772 ﬁde
3149 3717 3413 3774 excident.
3437 3717 3558 3772 Ideo
3573 3715 3730 3770 Nico-

2153 3815 2342 3870 demus
2366 3815 2493 3870 dum
2518 3815 2709 3869 dubius
2732 3813 2945 3869 modum
2972 3813 3160 3882 quaerit
3186 3811 3203 3879 (
3226 3811 3482 3867 intellexit
3505 3811 3644 3865 enim
3667 3825 3727 3864 ea

2151 3922 2270 3976 qua:
2295 3905 2540 3961 Christus
2564 3905 2770 3959 dicebat
2804 3903 2869 3956 ad
2898 3918 2957 3957 se
2985 3912 3229 3970 spectare
3245 3902 3288 3970 ).
3321 3899 3580 3963 turbatur,
3612 3901 3733 3954 cali-

2150 3999 2272 4067 gine
2301 3997 2530 4065 repletus
2557 3994 2750 4058 hmret,
2779 4001 2962 4061 utpote
3000 3992 3088 4061 qui
3129 4006 3189 4046 se
3226 3989 3498 4044 hominem
3532 3985 3732 4040 adiisse

2153 4095 2328 4157 putet,
2362 4094 2417 4140 et
2444 4084 2644 4153 majora
2675 4082 2855 4137 audiat
2884 4097 3038 4152 quam
3068 4095 3185 4150 qua:
3218 4079 3283 4134 ad
3315 4081 3582 4134 hominem
3607 4097 3735 4153 per—

2155 4179 2326 4233 tinere
2385 4177 2623 4245 possint,
2672 4188 2896 4244 quaeque
2941 4187 3099 4226 nemo
3142 4185 3393 4239 umquam
3441 4169 3667 4222 audierit
3713 4186 3730 4224 :

2155 4277 2388 4324 mentem
2415 4265 2628 4336 quidem
2656 4264 2811 4333 erigit
2832 4262 2897 4317 ad
2921 4263 3183 4317 dictorum
3210 4260 3610 4323 sublimitatem,
3637 4259 3734 4314 sed

2156 4359 2554 4425 obtenebratur,
2585 4373 2682 4413 nec
2702 4358 2994 4412 consistere
3018 4362 3190 4425 potest
3214 4371 3228 4409 :
3251 4353 3482 4424 undique
3505 4353 3734 4407 circum—

2159 4451 2340 4516 fertur,
2369 4459 2422 4504 ct
2447 4449 2750 4519 frequenter
2773 4463 2837 4501 ex
2869 4445 2972 4501 ﬁde
2995 4446 3208 4501 excidit.
3247 4444 3474 4514 Ideoque
3503 4442 3737 4510 persistit

2158 4542 2503 4612 impossibilia
2546 4549 2757 4594 tentans
2784 4581 2797 4603 ,
2839 4548 2895 4592 ut
2923 4537 3106 4594 Jesnm
3131 4537 3197 4592 ad
3227 4536 3505 4592 clariorem
3533 4534 3735 4589 doctri-

2159 4650 2278 4689 nam
2308 4642 2511 4689 evocet.
2545 4631 2808 4699 Numquid
2841 4639 3016 4698 potest,
3052 4629 3239 4698 inquit,
3261 4629 3408 4682 homo
3437 4627 3488 4680 in
3520 4636 3739 4680 ventrem

2160 4727 2336 4779 matris
2369 4739 2474 4778 sua:
2513 4725 2690 4776 iterato
2734 4722 2941 4774 introire
2975 4731 3024 4775 et
3059 4721 3240 4774 nasci?
3284 4719 3699 4774 Animadvertite
3721 4759 3735 4780 ,

2159 4813 2371 4886 quando
2388 4814 2506 4882 quis
2527 4812 2754 4882 propriis
2775 4812 3183 4880 cogitationibus
3203 4809 3493 4878 spiritualia
3522 4807 3739 4876 permit-

2162 4909 2253 4974 tit,
2295 4904 2563 4976 quomodo
2600 4902 2824 4956 ridicula
2860 4901 3116 4972 proferat;
3152 4916 3214 4955 ac
3244 4899 3470 4953 delirare
3501 4896 3740 4949 videatur

2164 5008 2218 5052 ttt
2241 4998 2441 5062 ebrius,
2464 4994 2672 5064 quando
2693 5004 2886 5062 prieter
2907 4992 3000 5046 Dei
3024 4992 3293 5060 placitum,
3317 4988 3452 5040 dicta
3479 4985 3740 5039 curiosius

2164 5097 2452 5148 scrutatur.
2485 5101 2655 5153 neque
2686 5084 2804 5138 ﬁdei
2837 5097 3109 5136 assensum
3138 5077 3376 5150 prmbet?
3405 5075 3618 5129 Audivit
3645 5090 3738 5143 ge-

2167 5179 2494 5233 nerationem
2516 5217 2530 5240 ,
2562 5191 2658 5230 nec
2690 5175 2942 5228 intellexit
2967 5186 3082 5226 eam
3111 5166 3433 5236 Spiritualem
3464 5181 3614 5231 esse;
3648 5165 3738 5219 sed

2166 5273 2218 5325 in
2251 5269 2429 5324 carnis
2456 5268 2706 5321 vilitatem
2738 5266 2934 5319 dictum
2971 5260 3252 5330 pertraxit,
3297 5265 3602 5324 tantumque
3635 5266 3738 5310 tam

2167 5365 2392 5418 sublime
2420 5361 2610 5428 dogma
2642 5358 2704 5411 ad
2738 5356 3024 5410 naturalem
3057 5367 3232 5406 rerum
3271 5352 3460 5405 seriem
3499 5349 3739 5405 deduxit.

2169 5457 2288 5510 hlco
2313 5469 2477 5524 nugas
2498 5461 2551 5505 et
2573 5450 2818 5506 ritlieulas
2839 5445 3158 5516 quaestiones
3179 5445 3287 5510 jam
3305 5441 3744 5498 comminiscitur.

2172 5547 2370 5599 Idcirco
2404 5543 2595 5594 Paulus
2622 5537 2834 5591 diccbat
2877 5553 2889 5588 :
2936 5535 3181 5588 Animalis
3221 5534 3368 5586 homo
3409 5548 3508 5584 non
3540 5529 3745 5596 percipit

2172 5653 2228 5688 ea
2257 5648 2369 5703 qua:
2396 5640 2511 5684 sunt
2553 5629 2777 5697 Spiritus
2808 5628 2892 5696 (I.
2941 5625 3055 5678 Cor.
3101 5624 3154 5676 2.
3200 5623 3326 5691 11).
3372 5621 3745 5673 Verumtamen

2238 5749 2250 5777 ί
2280 5745 2550 5807 suspicatur
2574 5739 2772 5807 Savilins
2797 5738 3077 5807 legendum.
3093 5749 3181 5784 non
3205 5732 3424 5782 aninudis
3443 5737 3527 5784 cst,
3547 5731 3629 5776 sed
3654 5740 3748 5786 spt-

2177 5804 2380 5857 rimatis:
2412 5805 2511 5866 ligo
2539 5804 2652 5853 nihil
2679 5804 2955 5850 mutandum
2980 5810 3178 5848 censeo.
