4068 6136
334 415 435 469 117

332 528 420 584 hic
447 527 607 583 etiam
635 521 963 579 Nicodamus
985 519 1342 576 reverentiam
1364 533 1486 587 erga
1512 515 1780 571 Christum
1806 531 1912 572 ser-

331 626 440 671 vat.
469 615 652 684 Neque
675 612 820 668 enim
845 609 1044 666 dictum
1077 609 1240 664 irrisit
1259 648 1274 673 ,
1306 607 1400 662 sed
1445 606 1769 676 impossibile
1795 620 1916 660 esse

329 717 522 777 putans
546 703 711 760 siluit.
746 702 862 757 Duo
892 714 1120 770 namque
1146 699 1529 755 dubitationem
1555 697 1746 752 afferre
1775 707 1916 767 pote-

328 806 482 865 rant,
512 795 790 867 generatio
819 793 960 860 talis,
987 801 1042 848 et
1065 807 1308 862 regnum.
1337 790 1578 846 Nondum
1607 791 1747 846 enim
1769 792 1914 861 regni

329 903 526 942 nomen
550 885 690 957 apud
714 884 932 940 Judtcos
954 883 1192 938 auditum
1221 881 1411 950 fuerat,
1441 897 1614 952 neque
1642 882 1915 952 generatio

329 977 654 1049 lmjusmodi.
685 975 792 1032 Sed
815 975 1028 1032 interim
1063 974 1115 1028 in
1145 973 1311 1045 priori
1336 972 1607 1041 consistit,
1633 972 1775 1043 quod
1799 973 1914 1042 ejus

331 1081 566 1127 tuentem
593 1071 826 1126 maxime
850 1069 1170 1140 exagitabat.

400 1160 586 1215 Divina
607 1161 871 1215 ratiocinio
893 1175 992 1214 non
1013 1157 1304 1213 scrutanda.
1340 1155 1496 1210 Praei
1515 1171 1676 1210 mores
1701 1166 1913 1209 mentem

324 1251 615 1305 obscurant.
660 1249 965 1303 Diuitiarum
1004 1247 1226 1311 damna;
1282 1245 1413 1299 bona
1460 1246 1806 1315 eleemosynw.
1840 1273 1913 1285 —-

325 1341 455 1397 lla3c
491 1357 612 1398 cum
651 1342 912 1407 sciamus,
949 1354 1018 1394 ne
1052 1337 1329 1394 ratiocinio
1368 1336 1549 1392 divina
1575 1347 1906 1402 scrutemur,

329 1448 502 1503 neque
543 1432 609 1486 ad
652 1431 947 1487 naturalem
999 1445 1176 1485 rerum
1221 1429 1415 1484 seriem
1457 1427 1546 1482 illa
1585 1427 1906 1493 referamus,

327 1524 411 1578 vel
450 1523 676 1578 naturali
721 1521 1022 1578 necessitati
1069 1518 1449 1589 subjiciamus;
1492 1517 1586 1572 sed
1619 1517 1703 1586 pie
1732 1517 1910 1571 omnia

325 1617 640 1686 cogitemus,
671 1613 954 1670 credentes
982 1612 1272 1682 Scriptura:
1300 1610 1475 1665 dictis.
1506 1609 1636 1664 Nam
1668 1609 1912 1664 curiosus

327 1706 606 1776 indagator
632 1704 763 1759 nihil
789 1705 1046 1767 lucretur,
1073 1717 1136 1758 ac
1158 1711 1510 1772 praeterquam
1533 1699 1672 1768 quod
1696 1699 1747 1754 id
1767 1699 1908 1770 quod

323 1796 516 1866 quaerit
545 1811 650 1850 non
682 1796 950 1861 inveniet,
998 1803 1267 1850 extremas
1309 1792 1467 1847 etiam
1515 1790 1664 1846 dabit
1701 1806 1905 1860 poenas.

325 1887 492 1942 Audis
517 1887 729 1942 Patrem
755 1886 1003 1958 genuisse
1032 1903 1044 1938 :
1077 1884 1126 1939 id
1157 1882 1297 1954 quod
1325 1882 1520 1937 audisti
1547 1881 1739 1948 crede;
1770 1898 1903 1948 quo-

320 1979 482 2035 modo
523 1989 700 2034 autem
725 2018 742 2045 ,
788 1993 856 2032 ne
885 1991 1091 2048 qumras
1113 2017 1129 2044 ,
1161 1989 1333 2045 neque
1360 1974 1481 2029 ideo
1509 1975 1906 2044 generationem

319 2068 555 2140 abneges
579 2087 593 2123 :
618 2068 721 2124 hoc
749 2068 889 2128 enim
919 2075 1176 2123 extrema:
1200 2064 1552 2135 improbitatis
1581 2072 1746 2120 esset.
1772 2063 1904 2119 Nam

319 2163 366 2216 si
405 2160 726 2216 Nicodemus
751 2159 928 2214 audita
959 2157 1336 2229 generatione,
1369 2171 1474 2210 non
1503 2157 1589 2211 illa
1619 2155 1902 2221 ineffabili,

322 2250 418 2308 sed
459 2251 559 2306 hac
595 2251 941 2322 generatione
970 2247 1260 2303 secundum
1297 2248 1559 2318 gratiam;
1607 2248 1730 2318 quia
1773 2248 1904 2302 nihil

319 2357 568 2414 magnum
611 2341 681 2397 de
727 2341 814 2396 illa
858 2340 1139 2410 cogitavit,
1193 2337 1287 2393 sed
1335 2339 1563 2392 humana
1607 2347 1806 2393 tantum
1850 2348 1905 2394 et

317 2445 530 2492 terrena
555 2441 890 2491 commentus
920 2442 1033 2496 est,
1070 2432 1121 2486 in
1150 2431 1367 2486 dubium
1394 2438 1448 2485 et
1473 2430 1750 2501 caliginem
1776 2445 1905 2484 con-

314 2529 490 2598 jectus
517 2537 601 2584 est
625 2545 638 2581 :
660 2527 748 2598 qui
779 2525 1106 2582 tremendam
1139 2523 1283 2578 illam
1315 2523 1716 2593 generationem
1736 2564 1751 2588 ,
1783 2538 1901 2592 quae

315 2628 371 2675 et
411 2620 671 2675 rationem
711 2628 766 2675 et
808 2627 1042 2673 mentem
1073 2631 1287 2672 omnem
1332 2623 1648 2684 exsuperat,
1691 2617 1901 2672 curiose

316 2717 620 2764 scrutantur
649 2717 703 2763 et
731 2707 1046 2777 explorant,
1079 2713 1278 2775 quanto
1305 2704 1566 2774 supplicio
1595 2704 1738 2774 digni
1783 2704 1902 2760 fue-

314 2800 455 2856 rint?
493 2798 634 2854 Nihil
663 2799 804 2854 enim
833 2806 1006 2852 tantas
1037 2797 1177 2866 parit
1203 2795 1450 2852 tenebras
1472 2835 1489 2861 ,
1535 2805 1760 2865 quantas
1796 2795 1898 2851 huc

315 2905 470 2946 mana
496 2891 654 2954 ratio,
682 2905 801 2960 qua:
831 2897 1042 2944 terrena
1070 2903 1284 2956 semper
1312 2886 1548 2954 loquitur
1566 2926 1580 2949 ,
1612 2901 1786 2956 neque
1811 2900 1902 2940 su-

315 2995 533 3052 pernam
557 2981 996 3036 illuminationem
1019 2977 1270 3032 admittit.
1291 2975 1488 3031 Luteas
1508 2976 1704 3045 quippe
1725 2986 1901 3033 versat

311 3081 370 3130 et
397 3082 635 3127 terrenas
667 3070 1034 3140 cogitationes.
1081 3066 1205 3121 ldco
1234 3065 1480 3134 supernis
1505 3065 1659 3121 nobis
1688 3065 1899 3124 fluentis

311 3172 396 3220 est
419 3177 574 3234 opus,
605 3169 665 3216 ut
694 3161 808 3215 luto
838 3158 1103 3228 deposito,
1137 3155 1390 3227 quidquid
1418 3155 1469 3209 in
1502 3166 1682 3212 mente
1709 3171 1897 3227 purum

311 3263 396 3310 est
423 3267 636 3308 sursum
668 3250 901 3317 feratur,
931 3257 986 3304 et
1013 3261 1132 3302 cum
1161 3245 1355 3301 divinis
1382 3245 1721 3316 dogmatibus
1744 3262 1896 3302 com-

312 3345 624 3400 misceatur.
655 3341 788 3395 lllud
821 3354 946 3395 vero
978 3347 1101 3394 tunc
1127 3336 1407 3408 contingit,
1436 3351 1557 3391 cum
1584 3345 1636 3391 et
1665 3338 1897 3395 animam

312 3434 532 3504 probam
578 3441 632 3489 et
677 3440 878 3488 rectam
907 3430 1068 3484 vitam
1101 3427 1439 3483 exhibemus.
1492 3426 1676 3483 Potest
1716 3430 1893 3498 enim,

309 3534 486 3596 potest
515 3523 698 3594 utique
726 3537 830 3578 non
859 3538 924 3578 ex
952 3519 1326 3590 intempestiva
1362 3517 1521 3573 modo
1551 3519 1858 3576 curiositate
1877 3563 1892 3588 ,

307 3616 402 3672 sed
429 3617 586 3672 etiam
606 3631 672 3670 ex
699 3629 907 3670 morum
935 3613 1195 3682 pravitate
1217 3625 1370 3666 mens
1391 3619 1570 3666 nostra
1593 3612 1889 3668 obscurari.

309 3707 512 3763 Idcirco
551 3705 746 3760 Paulus
787 3702 1078 3758 Corinthiis
1120 3701 1374 3756 dicebat:
1409 3699 1511 3753 Lac
1541 3701 1676 3755 vobis
1719 3713 1893 3771 potum

1073 406 1130 462 S.
1170 403 1447 460 JOANNIS
1484 402 1960 460 CliliYSOSTO-Ml
2001 402 2312 458 ARCHIEP.
2354 401 2888 459 CONSTANTINOP.

3506 411 3607 466 H8

2024 516 2173 582 dedi,
2212 533 2312 570 non
2339 533 2522 570 escam.
2558 514 2798 570 Nondum
2827 518 2959 570 enim
2985 517 3253 588 poteratis;
3284 519 3372 572 sed
3393 535 3453 573 ne
3475 537 3606 576 nunc

2019 606 2220 674 quidem
2269 608 2514 676 potestis:
2537 607 2702 660 adhuc
2747 608 2880 660 enim
2927 605 3156 660 carnales
3200 608 3335 662 estis.
3380 609 3504 663 Cum
3543 614 3603 664 sit

2019 697 2151 751 inter
2177 713 2260 751 vos
2283 699 2420 752 zelus
2447 711 2493 751 et
2516 702 2787 764 contentio,
2811 715 2979 752 nonne
3003 701 3232 754 carnales
3248 699 3366 754 estis
3387 701 3464 768 (l.
3485 701 3602 755 (lor.

2022 790 2074 844 5.
2121 789 2172 842 2.
2208 789 2306 859 5)?
2350 789 2406 844 lu
2448 789 2686 859 Epistola
2731 804 2942 859 quoque
2983 790 3050 844 atl
3094 789 3349 845 Hebraeos
3384 799 3438 846 et
3481 792 3602 846 alibi

2020 894 2162 950 saepe
2190 881 2327 951 apud
2374 882 2598 937 Paulum
2643 881 2757 936 haec
2785 882 2982 937 dicitur
3024 897 3143 937 esse
3190 897 3473 951 pravorum
3504 883 3601 938 do-

2018 977 2250 1040 gmatum
2268 985 2446 1026 causa.
2463 971 2653 1026 Anima
2668 972 2808 1026 enim
2823 970 3095 1026 aflectibus
3115 971 3294 1027 dedita
3309 989 3412 1026 non
3430 981 3600 1041 potest

2017 1059 2143 1128 quid
2172 1075 2418 1131 magnum
2441 1071 2532 1116 aut
2549 1077 2868 1131 generosum
2889 1063 3116 1127 intueri;
3145 1062 3239 1117 sed
3257 1079 3352 1118 ceu
3372 1064 3599 1133 quadam

2019 1151 2335 1222 lippitudine
2363 1154 2667 1224 perturbata
2690 1197 2704 1218 ,
2737 1155 3073 1211 densissimis
3100 1155 3332 1210 tenebris
3359 1157 3598 1227 subjecta

2017 1248 2121 1296 est.
2170 1241 2540 1315 Expurgemus
2582 1246 2759 1316 itaque
2801 1246 3193 1315 nosmetipsos,
3239 1247 3598 1302 illumiuemus

2015 1331 2166 1387 luce'
2195 1334 2535 1404 cognitionis,
2561 1351 2629 1392 ne
2649 1351 2831 1391 semen
2860 1337 2910 1390 in
2937 1337 3118 1407 spinas
3138 1337 3417 1406 jaciamus.
3442 1341 3598 1405 Quie-

2016 1436 2137 1476 nam
2170 1421 2284 1479 lucc
2301 1425 2369 1479 sit
2389 1425 2658 1494 spinarum
2682 1428 2834 1498 cepia
2859 1430 3044 1492 nostis,
3068 1429 3167 1484 etsi
3191 1443 3287 1484 nos
3307 1439 3593 1484 taceamus.

2015 1513 2169 1584 Saepe
2199 1531 2429 1587 namque
2455 1516 2725 1574 Christum
2756 1519 2977 1574 audistis
3006 1523 3284 1590 praesentis
3306 1522 3425 1575 vita:
3451 1521 3600 1576 solli.

2013 1605 2326 1675 citudiuem,
2359 1609 2768 1681 divitiarumque
2797 1612 3053 1666 fallaciam
3080 1613 3352 1682 spinarum
3381 1614 3596 1668 nomine

2013 1709 2332 1768 vocantem;
2361 1713 2414 1756 et
2435 1704 2559 1772 jure
2578 1704 2812 1773 quidem.
2837 1704 3295 1772 Quemadmodum
3325 1706 3466 1760 enim
3491 1705 3594 1760 illze

2013 1787 2354 1846 infructuosa:
2385 1801 2538 1858 sunt,
2568 1793 2638 1847 ita
2665 1802 2720 1848 et
2745 1794 2970 1859 divitim;
3017 1805 3074 1848 ut
3103 1795 3208 1849 illa:
3237 1803 3512 1865 tangentes
3535 1810 3595 1852 se

2012 1878 2268 1946 lacerant,
2297 1883 2374 1937 sic
2399 1892 2454 1937 et
2481 1882 2595 1938 haec
2621 1883 2745 1938 vitia
2766 1885 2997 1939 animam
3021 1903 3034 1940 :
3058 1900 3121 1940 ac
3144 1887 3590 1956 quemadmodum

2009 1971 2179 2040 spinae
2225 1972 2345 2042 igne
2385 1973 2542 2031 facile
2582 1975 2966 2043 absumuntur,
3016 1985 3073 2032 et
3119 1976 3318 2032 odiosa:
3347 1977 3592 2046 agricolis

2010 2069 2171 2127 sunt,
2219 2062 2290 2117 ita
2320 2073 2374 2118 et
2398 2079 2485 2120 res
2512 2065 2796 2120 mundana:
2819 2082 2834 2119 :
2857 2080 2920 2120 ac
2948 2065 3086 2121 sicut
3131 2066 3183 2121 in
3223 2067 3389 2136 spinis
3432 2067 3588 2131 ferm,

2009 2154 2225 2224 viperae,
2255 2157 2450 2225 scerpii
2481 2159 2832 2225 occultantur,
2865 2159 2936 2214 ita
2957 2169 3011 2214 et
3036 2161 3088 2214 in
3114 2159 3415 2215 divitiarum
3439 2160 3587 2215 falla-

2007 2246 2109 2300 cia.
2144 2246 2338 2302 Verum
2373 2250 2717 2304 immittamus
2746 2250 2976 2320 Spiritus
3006 2253 3215 2322 ignem,
3246 2262 3303 2307 ut
3329 2260 3382 2307 et
3409 2252 3589 2322 spinas

2005 2351 2414 2404 consumamus,
2456 2350 2511 2396 et
2549 2341 2691 2396 feras
2717 2341 2988 2412 fugemus,
3016 2352 3075 2396 ut
3114 2357 3301 2412 purum
3343 2357 3589 2412 paremus

2004 2426 2253 2495 agricolae
2295 2443 2513 2494 arvum;
2556 2429 2748 2485 deinde
2775 2446 2902 2485 vero
2933 2432 3294 2500 spiritualibus
3320 2433 3488 2500 ipsum
3519 2432 3591 2486 ri-

2003 2528 2188 2584 gemns
2217 2517 2405 2572 alveis.
2431 2518 2741 2576 Plantemus
2761 2521 2956 2575 olivam
2989 2520 3338 2587 fructiferam,
3372 2521 3588 2577 mitissi-

2007 2620 2145 2659 mam
2176 2606 2424 2662 arborem
2454 2625 2771 2680 semperque
2811 2613 3074 2667 virentem
3096 2654 3111 2678 ,
3161 2613 3547 2668 illuminantem
3568 2656 3583 2682 ,

2004 2696 2352 2767 nutrientem,
2384 2701 2672 2757 valetudini
2701 2712 2900 2772 aptam.
2931 2703 3056 2758 llaec
3076 2705 3254 2759 omnia
3275 2705 3328 2760 in
3349 2721 3406 2760 se
3427 2705 3588 2761 habet

2002 2791 2363 2864 eleemosyna,
2395 2812 2512 2865 quae
2539 2797 2686 2867 quasi
2709 2797 2938 2868 sigillum
2959 2806 3042 2853 est
3068 2798 3234 2868 ipsam
3261 2799 3584 2870 possidenti-

2003 2880 2122 2937 bus.
2168 2883 2314 2940 l-Ianc
2343 2887 2589 2941 arborem
2631 2903 2698 2942 ne
2742 2904 2886 2943 mors
2927 2890 3138 2960 quidem
3184 2891 3297 2960 ipsa
3327 2891 3582 2947 arefacit:

2001 2973 2095 3028 sed
2121 2983 2225 3029 stat
2247 2975 2332 3030 illa
2355 2992 2566 3050 semper
2583 2990 2814 3036 mentem
2835 2980 3157 3049 illuminans,
3183 2997 3376 3038 nervos
3394 2984 3585 3038 anima:

2002 3062 2210 3132 fovens,
2241 3067 2382 3124 vires
2409 3068 2641 3140 integras
2663 3086 2900 3138 servans,
2929 3072 3390 3145 robustioremque
3415 3075 3584 3130 reddit

2001 3155 2254 3211 animam.
2284 3157 2339 3213 Si
2366 3171 2622 3230 perpetuo
2649 3163 2790 3216 illam
2815 3163 3128 3231 habeamus,
3153 3167 3443 3235 poterimus
3463 3181 3582 3221 cum

2003 3243 2190 3300 titlucia
2209 3247 2472 3318 Sponsum
2490 3250 2690 3317 videre,
2719 3261 2773 3307 et
2790 3254 2840 3307 in
2861 3253 3148 3309 thalamum
3170 3256 3400 3319 intrare;
3423 3272 3580 3326 quem

2000 3349 2099 3388 nos
2146 3350 2334 3392 omnes
2379 3341 2588 3410 assequi
2639 3341 2910 3411 contingat
2955 3343 3120 3412 gratia
3165 3353 3219 3398 et
3261 3343 3584 3414 benignitate

2001 3422 2211 3480 Domini
2242 3430 2408 3485 nostri
2437 3430 2563 3486 Jesu
2611 3431 2848 3499 Christi,
2894 3435 3105 3503 quicum
3143 3435 3283 3490 Patri
3312 3436 3479 3505 gloria
3505 3437 3582 3490 si-

2001 3515 2220 3586 mulque
2245 3518 2464 3588 Spiritui
2493 3535 2699 3590 sancto,
2729 3538 2872 3578 nunc
2893 3535 2946 3578 et
2966 3540 3201 3595 semper,
3231 3536 3284 3581 et
3309 3527 3361 3581 iu
3390 3526 3581 3582 saecula

1999 3607 2337 3663 saeculorum.
2367 3611 2559 3666 Amen.

2061 3720 2078 3751 ¹
2115 3727 2244 3772 Unus
2265 3723 2432 3786 habet,
2455 3722 2820 3788 illuminatione,
2847 3739 2951 3790 pro,
2971 3727 3093 3777 luce.

308 4030 360 4084 5.
396 4027 676 4097 Respondit
710 4025 860 4081 Iesus
887 4041 906 4080 :
933 4025 1090 4079 Amen
1134 4021 1246 4078 dico
1284 4020 1417 4076 tibi:
1447 4021 1564 4077 Nisi
1597 4024 1708 4091 quis
1744 4035 1894 4080 natus

377 4120 528 4190 fuerit
568 4135 631 4174 ea:
655 4134 788 4189 aqua
816 4125 862 4172 et
903 4115 1101 4187 Spiritu
1122 4156 1136 4181 ,
1166 4130 1269 4168 non
1295 4121 1457 4184 potest
1491 4113 1702 4170 introire
1725 4117 1778 4170 in
1807 4133 1891 4172 re-

376 4229 533 4285 gnum
559 4211 675 4268 Dei.

376 4369 431 4420 1.
465 4365 678 4421 Pueruli
707 4361 947 4434 quotidie
975 4362 1259 4430 magistros
1289 4357 1564 4423 adeuntes,
1593 4358 1892 4419 doctrinam

310 4456 578 4526 accipiunt
621 4464 676 4510 et
701 4454 950 4518 recitant,
979 4461 1033 4508 et
1060 4463 1352 4519 numquam
1377 4448 1480 4503 hoc
1509 4453 1699 4518 agendi
1729 4455 1891 4512 finem

306 4547 543 4610 faciunt,
586 4544 696 4599 imo
739 4555 1141 4612 nonnumquam
1182 4535 1430 4593 noctibus
1467 4537 1580 4592 dies
1603 4542 1890 4612 adjiciunt,

307 4636 468 4705 idque
514 4649 612 4704 pro
654 4634 812 4690 ﬂiixis
839 4637 1000 4692 rebus
1028 4636 1204 4693 facere
1231 4652 1262 4692 a
1293 4639 1447 4694 vobis
1475 4641 1754 4706 coguntur.
1786 4634 1893 4690 Nos

306 4736 484 4782 autem
512 4741 618 4782 non
645 4741 678 4782 a
707 4726 879 4794 vobis,
903 4727 1065 4796 quiin
1089 4724 1411 4798 perfectiora
1433 4735 1590 4783 aetate
1614 4724 1763 4790 estis,
1793 4727 1894 4782 hoc

309 4817 660 4888 requirimus,
712 4815 854 4887 quod
886 4831 980 4872 vos
1009 4832 1039 4872 a
1071 4817 1194 4873 filiis
1223 4818 1420 4874 vestris
1450 4817 1681 4888 exigitis.
1711 4814 1894 4886 Neque

306 4911 450 4965 enim
471 4909 730 4981 quotidie,
749 4908 840 4964 sed
861 4909 942 4964 bis
959 4917 1162 4964 tantum
1187 4912 1239 4965 in
1262 4908 1594 4964 bebdomada
1613 4909 1716 4979 (a),
1737 4907 1894 4978 idque

307 5016 402 5070 per
432 5001 646 5057 brevem
684 4999 790 5056 diei
831 5007 1032 5068 partem
1058 5039 1074 5064 ,
1122 5009 1177 5054 ut
1223 4998 1460 5055 laborem
1487 4999 1724 5056 levemus
1747 5039 1761 5063 ,
1797 5011 1893 5051 vos

306 5091 548 5147 concioni
574 5091 764 5148 adesse
785 5099 837 5144 et
857 5088 1134 5145 attendere
1161 5089 1456 5144 hortamur.
1490 5087 1612 5144 Ideo
1641 5087 1890 5158 paulatim

307 5183 460 5237 vobis
483 5181 878 5254 Scripturarum
905 5181 1048 5238 dicta
1074 5181 1416 5252 decerpimus
1441 5222 1456 5247 ,
1503 5189 1562 5236 ut
1597 5195 1660 5236 ea
1691 5177 1894 5233 facilius

308 5290 498 5346 capere
523 5316 538 5341 ,
569 5286 622 5330 et
663 5275 716 5331 in
757 5277 950 5332 mentis
991 5281 1182 5331 vestra:
1227 5273 1580 5344 receptaculis
1625 5272 1894 5342 deponere

308 5367 564 5432 valeatis,
597 5375 756 5436 atque
793 5367 847 5422 iu
881 5369 1140 5424 memoria
1167 5367 1435 5429 retinere,
1485 5374 1540 5418 ut
1585 5363 1802 5434 possitis
1831 5378 1892 5418 ea

308 5457 426 5511 aliis
452 5456 671 5510 referre.
699 5455 810 5511 Nisi
837 5456 1061 5513 fortasse
1086 5458 1348 5528 quispiam
1374 5453 1663 5511 admodum
1693 5454 1892 5508 somni-

308 5546 524 5601 culosus
552 5545 623 5600 sit
646 5553 701 5598 et
728 5543 946 5613 ignavus
976 5547 1300 5617 pueruloque
1330 5544 1592 5602 hebetior.
1626 5542 1892 5597 Dictorum

309 5639 487 5710 itaque
521 5635 716 5692 seriem
746 5635 1104 5706 arripiamus;
1141 5637 1430 5694 Nicodemo
1455 5649 1683 5706 namque
1713 5634 1764 5689 iu
1793 5635 1890 5688 hu.

371 5795 446 5857 (σι)
479 5793 846 5855 Chrysostomus
865 5789 940 5839 bis
957 5790 1004 5839 in
1029 5787 1329 5840 hebdomade
1348 5789 1727 5839 concinnatnatur.

2001 4034 2209 4090 utiliora
2237 4035 2537 4104 decidente,
2571 4047 2626 4094 et
2652 4039 2846 4094 Christi
2875 4039 3072 4095 dictum
3102 4042 3165 4094 ad
3197 4050 3462 4096 terrenam
3483 4058 3579 4114 ge-

2001 4125 2331 4181 nerationem
2360 4127 2692 4197 deprimente
2715 4171 2730 4195 ,
2763 4145 2825 4185 ac
2857 4131 3069 4187 dicente
3100 4132 3427 4201 impossibile
3457 4149 3580 4189 esse

1997 4233 2179 4274 senem
2217 4219 2397 4275 denuo
2427 4223 2608 4287 nasci,
2642 4221 2886 4278 Christus
2910 4224 3264 4292 generationis
3297 4224 3437 4280 illius
3466 4241 3580 4280 mo-

1997 4308 2122 4364 dum
2149 4310 2346 4367 clarius
2371 4313 2619 4382 explicat,
2653 4314 2741 4382 qui
2768 4313 2984 4369 difficile
3009 4315 3221 4384 quidem
3249 4314 3577 4386 intelligere.-

1999 4411 2083 4455 tur
2106 4402 2172 4457 ab
2202 4418 2286 4468 eo,
2315 4404 2403 4474 qui
2431 4404 2645 4458 animali
2679 4405 2837 4458 modo
2865 4405 3260 4475 interrogasset,
3292 4417 3579 4477 possetque

1998 4501 2173 4546 tamen
2217 4495 2286 4549 ab
2312 4494 2412 4549 bac
2436 4495 2641 4563 abjecta
2672 4495 2996 4565 cogitatione
3028 4497 3443 4566 interrogantem
3473 4499 3579 4554 crio

1996 4597 2140 4650 gere.
2172 4584 2308 4649 Quid
2335 4585 2478 4639 enim
2504 4585 2671 4640 dicit?
2701 4587 2857 4640 Amen
2887 4587 2998 4640 dico
3024 4586 3141 4652 tibi,
3175 4589 3272 4642 nisi
3295 4589 3407 4656 quis
3432 4599 3578 4642 natus

1999 4675 2150 4744 fuerit
2179 4691 2244 4728 ex
2267 4692 2398 4744 aqua
2425 4687 2470 4730 et
2500 4678 2700 4748 Spiritu
2723 4718 2739 4740 ,
2768 4694 2870 4732 non
2896 4687 3058 4750 potest
3084 4679 3273 4732 intrare
3293 4680 3347 4733 in
3369 4696 3577 4750 regnum

1997 4763 2125 4830 Dei;
2169 4765 2219 4822 id
2262 4777 2340 4823 est
2368 4787 2380 4824 :
2407 4767 2484 4824 Tu
2512 4771 2722 4840 quidem
2755 4770 2858 4826 hoc
2904 4771 3232 4840 impossibile
3259 4785 3381 4826 esse
3407 4771 3536 4826 dicis
3563 4787 3576 4822 :

1995 4873 2095 4928 ego
2121 4875 2248 4914 vero
2276 4859 2561 4915 admodum
2595 4861 2846 4930 possibile
2875 4860 3024 4927 dico;
3058 4862 3298 4917 utetiam
3329 4876 3577 4916 necessa-

1998 4953 2132 5006 rium
2159 4954 2256 5017 sit,
2287 4962 2343 5007 et
2369 4954 2486 5007 sine
2517 4953 2606 5008 illo
2635 4969 2792 5007 nemo
2818 4953 2996 5009 salvus
3022 4968 3141 5008 esse
3171 4953 3357 5022 possit.
3386 4953 3576 5008 Neces-

1995 5044 2134 5097 saria
2163 5044 2302 5097 enim
2325 5085 2339 5109 ,
2386 5043 2540 5098 nobis
2570 5044 2856 5100 admodum
2889 5045 3059 5099 facilia
3108 5045 3232 5100 fecit
3259 5045 3419 5100 Deus.
3447 5044 3578 5099 Nam

1997 5141 2206 5190 terrena
2253 5134 2465 5206 quidem
2509 5138 2820 5206 generatio,
2864 5135 3158 5190 secundum
3207 5150 3421 5188 carnem
3447 5175 3465 5201 ,
3513 5150 3576 5189 es

1997 5225 2212 5295 pulvere
2242 5235 2323 5280 est
2347 5243 2360 5278 :
2384 5234 2712 5297 quapropter
2737 5242 2765 5279 a
2796 5225 3097 5280 carlestibus
3129 5224 3216 5280 illa
3263 5223 3576 5279 intercludi-

1998 5326 2118 5372 tur:
2142 5317 2265 5386 quid
2297 5319 2436 5372 enim
2469 5317 2625 5372 habet
2661 5326 2798 5370 terra
2830 5331 2950 5370 cum
2976 5317 3108 5370 cado
3135 5317 3458 5370 commune?
3487 5313 3576 5368 Illa

1996 5425 2123 5464 vero
2153 5427 2217 5464 ex
2250 5411 2446 5478 Spiritu
2490 5407 2643 5462 facile
2693 5407 2847 5461 nobis
2888 5407 3132 5462 ca-lestcs
3181 5405 3302 5460 illos
3349 5404 3580 5458 fornices

1996 5501 2186 5570 aperit.
2238 5500 2431 5554 Audite
2483 5508 2736 5568 quotquot
2787 5497 3018 5552 nondum
3071 5495 3350 5549 illuminati
3403 5495 3576 5550 estis:

1996 5589 2386 5653 exhorrescite,
2416 5589 2612 5658 gemite
2633 5607 2645 5642 :
2668 5586 2939 5642 tremenda
2963 5585 3158 5654 quippe
3183 5593 3263 5639 est
3289 5585 3578 5639 eommiua-

1999 5682 2105 5745 tio,
2138 5679 2390 5734 terribilis
2429 5679 2719 5738 sententia;
2759 5677 2873 5731 Non
2906 5684 3084 5742 potest,
3121 5674 3320 5742 inquit.
3364 5673 3452 5744 qui
3478 5689 3578 5726 non

2001 5783 2141 5826 notus
2187 5783 2255 5824 est
2285 5788 2343 5824 rx
2370 5787 2498 5840 aqua
2542 5779 2584 5823 et
2616 5767 2811 5838 Spiritu
2837 5811 2848 5835 ,
2890 5769 3075 5820 intrare
3107 5765 3158 5816 in
3187 5781 3396 5835 regnum
3427 5763 3576 5818 rato-
