4068 6136
437 195 541 252 HQ

433 311 548 365 ἐστί
573 308 664 362 καὶ
693 305 968 376 ἀλλότριος
995 321 1008 336 ·
1033 306 1132 359 οὑκ
1163 304 1276 376 ἔχει
1319 304 1383 357 τὺ
1423 298 1673 372 σύνθημα
1703 300 1764 352 τὸ
1793 298 2004 369 βασιλι-

430 395 546 450 κόν.
582 393 724 446 Ἐὰν
755 391 841 460 μή
888 407 997 454 τις,
1039 389 1194 457 φησὶ,
1241 385 1504 456 γεννηθῇ
1539 384 1609 448 ἐξ
1650 383 1869 444 ὕδατος
1906 380 2004 432 καί

429 477 792 545 Πνεύματος,
827 473 899 527 οὐ
932 471 1178 525 δύναται
1205 467 1507 524 εἰσελθεῖν
1550 469 1638 533 εἰς
1673 465 1789 531 τὴν
1818 465 2002 545 ,βασιξ

425 543 600 614 λείαν
624 555 741 610 τῶν
769 553 1059 623 οὐρανῶν.
1111 552 1246 605 Ἀλλ’
1287 553 1316 604 6
1357 550 1665 620 Νικόδημος
1705 543 1854 619 [144]
1882 543 2001 598 ούδέ

427 641 570 694 οὑτω
601 639 851 709 συνῆκεν.
886 635 1052 690 Οὑδέν
1084 635 1192 706 γὰρ
1224 637 1406 704 χεῖρον
1454 631 1550 686 τοῦ
1582 633 1695 694 τοῖς
1723 629 2002 698 λογισμοῖς

425 726 496 776 τά
525 719 867 790 πνευματικά
917 718 1255 786 ἐπιτρέπειν.
1305 715 1476 769 Τοῦτο
1526 714 1620 767 καὶ
1667 711 1853 765 τοῦτον
1901 711 2001 762 οὐκ

425 806 637 876 ἀφῆκεν
663 801 865 872 ὑψηλόν
888 817 941 853 τι
978 800 1070 853 καὶ
1107 799 1250 868 μέγα
1289 796 1678 876 φαντασθῆναι.
1714 791 1999 876 Διὰμτοῦτο

426 870 538 937 καὶ⁷
559 870 720 953 ἡμεῖς
742 870 923 933 πιστοὶ
960 877 1294 947 καλούμεθα,
1341 877 1428 929 ἵνα
1463 875 1569 929 τῶν
1602 871 1875 944 λογισμῶν
1900 870 1998 940 τὴν

425 965 707 1020 ἀσθένειαν
739 961 965 1032 ἀφέντες
995 961 1096 1030 τὴν
1123 960 1292 1024 κάτω,
1333 959 1469 1029 πρὸς
1516 957 1578 1011 τὸ
1615 956 1747 1025 ὕψος
1783 956 1880 1025 τῆς
1908 955 1999 1006 πί-

427 1066 594 1112 στεως
624 1044 934 1116 ἀναδῶμεν,
975 1043 1071 1095 καὶ
1109 1041 1178 1096 τά
1221 1041 1438 1095 πλείονα
1478 1040 1587 1094 τῶν
1628 1037 1846 1106 ἀγαθῶν
1888 1037 1997 1090 τῶν

424 1130 708 1201 ἡμετέρων
733 1130 798 1198 τῇ
824 1123 1139 1195 διδασκαλίᾳ
1161 1123 1336 1195 ταύτῃ
1356 1131 1382 1159 ⁸
1413 1121 1788 1192 ἐπιτρέψωμεν
1811 1136 1825 1150 ο
1859 1118 1996 1188 ὅπερ

423 1215 473 1266 εί
504 1213 598 1266 καὶ
629 1210 938 1280 Νικόδημος
962 1205 1235 1276 ἐποίησεν,
1261 1204 1359 1257 οὑκ
1389 1202 1456 1257 ἂν
1480 1202 1626 1273 αὑτῷ
1655 1203 1716 1255 τὸ
1764 1203 1994 1272 πρᾶγμα

422 1295 681 1348 ἀδύνατον
709 1287 846 1345 εἶναι
876 1288 1156 1360 ἐνομίσθη.
1182 1287 1247 1341 Τί
1267 1282 1404 1340 οὖνὸ
1425 1286 1657 1357 Χριστός
1680 1303 1696 1349 ;
1743 1283 1994 1352 Ἀπάγων

419 1376 584 1430 αὑτὸν
613 1376 712 1445 τῆς
739 1372 946 1435 ἐννοίας
973 1369 1178 1441 ταύτης
1198 1370 1296 1440 τῆς
1328 1369 1504 1438 χαμαὶ
1552 1365 1874 1438 συρομένης,
1903 1365 1995 1420 καὶ

417 1461 633 1522 δεικνὺς
658 1459 740 1512 ὅτι
757 1457 818 1510 οὑ
842 1456 970 1525 περὶ
996 1453 1201 1524 ταύτης
1221 1452 1525 1521 διαλέγεται
1547 1451 1648 1520 τῆς
1665 1451 1990 1521 γεννήσεως,

419 1542 566 1610 λέγει
581 1542 660 1604 τὸ,
696 1537 839 1593 Ἐὰν
851 1537 936 1608 μή
958 1554 1049 1604 τις
1067 1534 1330 1607 γεννηθῇ
1351 1536 1420 1600 ἐξ
1445 1535 1661 1600 ὕδατος
1679 1535 1779 1587 καὶ
1805 1533 1994 1586 Πνεύ-

413 1641 622 1697 ματος,
665 1624 738 1676 οὐ
781 1620 1029 1675 δύναται
1059 1617 1357 1672 εἰσελθεῖν
1399 1619 1486 1682 είς
1524 1617 1638 1684 τὴν
1666 1614 1994 1680 ,ϐασιλειαν

295 1733 390 1762 ,μακε
417 1707 540 1762 τῶν
562 1707 857 1775 οὐρανῶν.
895 1704 1080 1758 Ταῦτα
1129 1703 1185 1756 δὲ
1228 1701 1545 1771 ἐφθέγγετο,
1597 1699 1675 1771 τῷ
1723 1699 1871 1770 φόϐῳ
1895 1699 1993 1769 τῆς

421 1789 650 1859 ἀπειλῆς
670 1785 1073 1842 ἐπισπάσασθαι
1103 1785 1240 1855 πρὸς
1277 1783 1374 1855 τὴν
1403 1784 1584 1836 πίστιν
1615 1781 1776 1836 αὑτὸν
1806 1779 1989 1851 βουλό-

423 1889 601 1944 μενος,
636 1871 730 1925 καὶ
760 1872 943 1923 πεῖσαι
967 1868 1028 1921 τὸ
1048 1869 1278 1938 πρᾶγμα
1310 1867 1384 1938 μὴ
1418 1865 1656 1936 νομίζειν
1687 1861 1825 1919 εἶναι
1860 1862 1990 1918 ἁδύ·

418 1971 594 2020 νατον,
623 1955 717 2008 καὶ
741 1953 837 2022 τῆς
855 1969 919 2005 πε
929 1951 980 2023 pl
1008 1951 1105 2021 τὴν
1133 1950 1399 2020 σαρκικὴν
1424 1948 1675 2020 γέννησιν
1693 1948 1990 2018 φαντασίας

415 2037 720 2104 ἀποστῆσαι
742 2033 1073 2097 σπουδάζων.
1102 2032 1326 2102 Ἑτέραν
1346 2031 1489 2099 λέγω
1516 2030 1787 2100 γέννησιν,
1803 2031 1987 2100 φησὶν,

415 2115 462 2174 ὦ
486 2121 760 2190 Νικόδημε
783 2136 798 2151 ο
823 2119 876 2171 τί
902 2117 991 2170 τὸν
1009 2115 1164 2184 λόγον
1184 2115 1361 2178 έλκεις
1389 2115 1528 2186 πρὸς
1553 2113 1653 2184 τὴν
1673 2113 1808 2182 γῆν;
1843 2112 1894 2166 τί
1920 2115 1986 2183 τῇ

415 2201 515 2272 τῆς
549 2199 764 2270 φύσεως
815 2200 1027 2270 ἀνάγκη
1065 2198 1127 2251 τὸ
1155 2199 1388 2269 πρᾶγμα
1420 2195 1779 2261 ὑποϐάλλεις;
1821 2194 1986 2248 Ἀνώ-

415 2283 573 2354 τερός
604 2285 720 2336 ἐστι
748 2281 856 2335 τῶν
876 2280 1130 2335 τοιούτων
1145 2280 1347 2333 ὠδίνων
1373 2272 1526 2342 οὗτος
1558 2281 1586 2332 6
1619 2280 1774 2341 τόκος
1792 2319 1807 2344 ,
1837 2278 1988 2330 οὐδὲν

415 2365 529 2436 ἔχει
557 2365 730 2419 κοινὸν
768 2365 903 2436 πρὸς
933 2364 1102 2433 ὑμιὶίς⁸
1143 2362 1396 2433 γέννησις
1429 2361 1529 2431 μὲν
1574 2361 1683 2432 γὰρ
1722 2362 1815 2414 καὶ
1851 2360 1987 2431 αῦτη

414 2448 650 2516 λέγεται,
676 2445 812 2501 ἀλλά
838 2445 915 2516 τῷ
942 2445 1166 2515 ὀνόματι
1196 2445 1464 2507 κοινωνεῖ,
1498 2443 1576 2513 τῷ
1616 2442 1673 2496 δὲ
1704 2442 1986 2514 πράγματι

412 2530 712 2600 διέστηκεν.
758 2527 1089 2598 Ἀπόστησον
1122 2526 1317 2580 σαυτὸν
1346 2526 1444 2598 τῆς
1478 2526 1659 2595 κοινῆς
1683 2523 1985 2595 συνηθείας·

414 2613 606 2684 ἐτέραν
637 2611 840 2679 εἰσάγω
880 2609 1094 2680 λοχείαν
1139 2611 1219 2672 είς
1264 2609 1354 2662 τὸν
1388 2608 1619 2679 κόσμον·
1661 2607 1832 2670 ἄλλως
1865 2606 1990 2677 βού-

414 2695 575 2764 λομαι
604 2693 896 2762 γεννᾶσθαι
923 2694 1047 2756 τοὺς
1075 2691 1393 2764 ἀνθρώπους
1415 2708 1428 2722 ·
1468 2691 1614 2756 ξένον
1641 2685 1802 2762 ἦλθον
1826 2689 1985 2760 κομί-

415 2777 523 2839 ζων
549 2775 904 2846 δημιουργίας
930 2775 1148 2844 τρόπον.
1188 2774 1440 2829 Ἔπλασα
1472 2773 1580 2827 ἀπὸ
1609 2774 1711 2841 γῆς
1742 2771 1835 2826 καὶ
1861 2770 1987 2824 ὓδα-

413 2875 543 2921 τοςο
594 2858 694 2911 οὑκ
735 2857 956 2926 ἐγένετο
1011 2857 1278 2927 χρήσιμον
1327 2857 1392 2909 τὸ
1447 2854 1703 2920 πλασθὲν,
1743 2853 1880 2907 ἀλλὰ
1916 2853 1988 2906 δι-

410 2941 660 3012 εστράφη
677 2941 737 2993 τὸ
753 2939 964 3004 σκεῦος.
982 2941 1095 2993 υὺκ
1122 2939 1200 2992 ἐτι
1225 2938 1408 2991 λοιπὸν
1435 2938 1544 2991 ἀπὸ
1558 2937 1662 3006 γῆς
1688 2939 1781 2990 καὶ
1800 2936 1988 3000 ὓδατος

413 3024 616 3078 πλάσαι
647 3024 926 3096 βούλομαι,
963 3024 1080 3078 ἀλλ’
1114 3022 1174 3086 ἐξ
1203 3022 1393 3084 ὓδατος
1429 3022 1525 3074 καὶ
1555 3020 1890 3090 Πνεύματος.
1925 3021 1987 3072 Et

413 3108 472 3161 δέ
498 3125 581 3170 τις
619 3109 814 3178 ἐρωτᾷ,
847 3107 974 3169 Πῶς
1000 3104 1108 3159 ἀπὸ
1137 3104 1362 3169 ὑδατοςς
1410 3103 1598 3174 ἐρωτῶ
1647 3101 1822 3171 κάγὼ,
1864 3101 1985 3165 Πῶς

413 3189 522 3242 ἀπὸ
549 3189 688 3259 γῆςς
727 3189 842 3252 πῶς
869 3188 1019 3259 γάρὸ
1041 3185 1206 3257 πηλὸς
1232 3188 1311 3250 είς
1332 3185 1560 3257 διάφορα
1593 3184 1729 3255 μέρη
1756 3200 1989 3255 κατεμε-

418 3269 616 3341 ρίσθη;
651 3269 767 3334 πῶς
805 3269 867 3323 τὸ
898 3269 996 3339 μὲν
1035 3269 1394 3340 ὑποκείμενον
1431 3267 1698 3339 μονοειδὲς
1756 3266 1847 3336 (γῆ
1879 3265 1988 3336 γάρ

411 3349 482 3426 ἦν
513 3351 670 3424 μόνη)
689 3393 702 3413 ,
738 3352 805 3406 τά
831 3353 888 3405 δέ
911 3353 969 3420 ἐξ
995 3352 1165 3424 αὐτῆς
1184 3353 1451 3422 γενόμενα
1480 3350 1697 3404 ποικίλα
1719 3350 1812 3402 καὶ
1849 3367 1988 3403 παν·-

411 3436 653 3500 τοδαπά;
691 3434 862 3488 Πόθεν
905 3436 1058 3501 ὀστᾶ,
1097 3436 1190 3489 καὶ
1223 3433 1410 3504 νεῦρα,
1448 3432 1542 3486 καὶ
1587 3433 1864 3504 ἀρτηρίαι,
1893 3434 1988 3486 καὶ¹

412 3517 640 3587 φλέϐες;
673 3517 835 3570 πόθεν
858 3518 1072 3590 ὑμένες,
1101 3517 1196 3572 καὶ
1223 3517 1420 3587 ἀγγεῖα
1439 3515 1724 3587 ὀργανικὰ,
1750 3516 1845 3569 καὶ
1872 3515 1989 3586 χόν-

410 3599 546 3670 δροι,
577 3600 671 3652 καὶ⁵
700 3600 943 3670 χιτῶνες,
958 3597 1132 3674 ἧπαρ,
1163 3601 1257 3654 καὶ
1280 3599 1472 3672 σπλὴν,
1503 3599 1597 3652 καὶ
1623 3599 1854 3670 καρδία;
1888 3599 1988 3652 πό⁴

412 3680 504 3734 θεν
527 3681 722 3753 δέρμα,
756 3682 850 3734 καὶ
893 3677 1052 3753 αἷμα,
1089 3685 1183 3736 καὶ
1215 3683 1454 3752 φλέγμα,
1489 3682 1583 3734 καὶ
1612 3682 1777 3752 χολή;
1825 3681 1987 3734 πόθεν

410 3763 466 3816 αἰ
487 3761 744 3816 τοσαῦται
760 3764 1028 3834 ἐνέργειαι
1044 3781 1058 3830 ;
1089 3764 1250 3818 πόθεν
1265 3763 1529 3834 χρώματα
1547 3763 1793 3830 ποικίλα;
1814 3763 1988 3817 ταῦτα

408 3845 518 3919 γὰρ
544 3844 605 3898 οὑ
629 3845 754 3916 γῆς,
787 3845 905 3899 οὑδέ
935 3846 1128 3918 πηλοῦ.
1157 3845 1282 3910 Πῶς
1327 3848 1360 3917 ἡ
1406 3845 1480 3915 γῆ
1519 3845 1780 3915 δεχομένη
1827 3846 1988 3917 σπέρ-

411 3946 558 4002 ματα
581 3929 884 4001 βλαστάνει,
903 3932 936 4003 ή
952 3931 1007 3985 δὲ
1027 3931 1162 4004 σάρξ
1181 3931 1445 4003 δεχομένη
1479 3931 1768 4002 σπέρματα
1790 3933 1979 4003 σήπει;

407 4013 526 4077 πῶς
557 4015 589 4085 ή
615 4014 686 4086 γῆ
715 4013 902 4083 τρέφει
928 4014 996 4069 τὰ
1025 4015 1347 4088 βαλλόμενα,
1398 4017 1430 4087 ή
1462 4015 1519 4069 δέ
1552 4015 1688 4087 σὰρξ
1724 4015 1982 4088 τρέφεται

405 4096 512 4152 ὑπὸ
541 4096 764 4162 τούτων,
789 4098 850 4153 οὐ
880 4100 1070 4172 τρέφει
1097 4100 1272 4154 ταῦτα
1297 4118 1311 4167 ;
1344 4093 1468 4154 Οίον
1503 4101 1536 4171 ή
1565 4099 1634 4171 γῆ
1668 4099 1979 4172 ήδεχομένη

407 4179 570 4252 ὕδωρ,
601 4177 742 4240 οἶνον
777 4185 920 4240 ποιεί
940 4200 955 4214 ο
993 4185 1025 4258 ή
1053 4183 1190 4258 σὰρξ
1231 4183 1498 4256 δεχομένη
1536 4183 1792 4247 πολλάκις
1820 4179 1980 4247 οἶνον,

403 4265 485 4324 είς
516 4263 659 4336 ὕδωρ
693 4267 977 4337 μετέϐαλε.
1011 4268 1182 4323 Πόθεν
1211 4264 1303 4324 οῦν
1329 4268 1486 4339 δῆλον
1524 4269 1605 4321 ὅτι
1631 4267 1740 4320 ἀπὸ
1758 4267 1857 4336 τῆς
1881 4266 1984 4336 γῆς

401 4346 580 4403 ταῦτα
619 4348 669 4412 b,
709 4349 810 4420 τῆς
834 4351 936 4422 γῆς
963 4352 1218 4414 ἐναντίως
1249 4350 1478 4421 ἐχούσης
1517 4349 1652 4420 πρὸς
1693 4348 1753 4402 τὸ
1799 4348 1980 4418 σῶμα,

401 4429 544 4489 κατὰ
567 4431 636 4484 τὰ
657 4435 924 4504 εἰρημένα
949 4452 964 4500 ;
996 4433 1258 4504 Λογισμῷ
1295 4434 1393 4504 μὲν
1422 4433 1601 4501 εὑρεῖν
1632 4433 1692 4484 οὑ
1724 4431 1979 4502 δύναμαι,

401 4511 583 4568 πίστει
615 4513 670 4568 δὲ
705 4514 930 4586 δέχομαι
979 4516 1134 4587 μόνῃ.
1170 4515 1233 4567 Εἰ
1275 4515 1452 4568 τοίνυν
1500 4513 1568 4566 τά
1610 4512 1730 4566 καθ’
1770 4515 1980 4584 ἡμέραν

401 4594 665 4664 γινόμενα
712 4598 806 4649 καὶ
843 4595 1221 4667 ψηλαφώμενα
1270 4595 1504 4656 πίστεως
1557 4593 1746 4659 δεῖται,
1801 4595 1980 4666 πολλῷ

405 4675 605 4743 μᾶλλον
626 4677 693 4728 τά
709 4677 1117 4752 άπορῤητότερα
1140 4677 1345 4733 τούτων
1361 4678 1454 4731 καὶ
1472 4675 1978 4747 πνευματικώτερα.

401 4755 672 4828 Καθάπερ
699 4758 806 4830 γάρ
845 4761 878 4830 ἡ
907 4760 980 4830 γῆ
1021 4763 1052 4831 ή
1082 4761 1305 4831 ἄψυχος,
1336 4761 1370 4832 ή
1411 4759 1685 4832 ἀκίνητος,
1733 4760 1977 4815 ἐνεδυνα-

404 4838 560 4911 μώθη
593 4841 668 4912 τῷ
687 4842 950 4916 θελήματι
980 4845 1074 4898 τοῦ
1096 4845 1254 4906 Θεοῦ,
1284 4845 1377 4898 καὶ
1397 4842 1630 4898 τοσαῦτα
1649 4843 1706 4910 ἐξ
1724 4844 1891 4912 αὑτῆς
1912 4843 1981 4897 τὰ

401 4921 655 4993 θαύματα
687 4926 911 4996 γέγονεν
929 4943 943 4958 ·
974 4926 1118 4984 οὕτω
1143 4929 1237 4982 καὶ
1263 4927 1358 4982 τοῦ
1388 4927 1700 4998 Πνεύματος
1722 4926 1798 4997 τῷ
1827 4927 1978 4980 ῦδατι

399 5006 686 5076 παρόντος,
716 5010 784 5064 τά
809 5011 1087 5082 παράδοξα
1116 5010 1290 5065 ταῦτα
1315 5010 1409 5064 καὶ
1433 5009 1690 5082 λογισμὸν
1717 5009 1979 5082 ὑπερϐαί-

401 5104 560 5142 νοντα
593 5093 827 5158 εὐκόλως
861 5096 1038 5148 πάντα
1068 5095 1296 5164 γίνεται.

477 5169 540 5241 β’.
571 5173 664 5244 Μὴ
692 5177 1090 5248 τοίνυν,ὲπειδὴ
1107 5189 1128 5216 ο
1148 5178 1222 5249 μὴ
1245 5177 1376 5249 ὁρᾷς
1390 5175 1548 5241 αὑτά,
1573 5175 1792 5231 ἀπίστει
1817 5194 1829 5208 ’
1852 5177 1975 5232 ἐπεὶ

402 5250 574 5323 [145],
633 5258 754 5311 οὑδέ
803 5261 901 5331 τήν
934 5260 1111 5332 ψυχὴν
1154 5263 1307 5332 ὁρᾷς,
1356 5260 1450 5314 καὶ
1500 5259 1651 5324 ὅμως
1703 5260 1976 5325 πιστεύεις

399 5333 543 5404 ἔχειν
565 5337 762 5409 ψυχὴν,
793 5344 886 5394 καὶ
909 5344 1036 5398 ἄλλο
1062 5344 1239 5415 ψυχὴν
1265 5339 1405 5397 εἷναί
1437 5361 1488 5396 τι
1520 5342 1670 5413 παρά
1696 5343 1757 5395 τὸ
1795 5343 1973 5414 σῶμα.

412 5416 554 5470 Ἀλλ’
589 5421 618 5471 6
645 5422 874 5490 Χριστὸς
904 5427 1005 5478 οὑκ
1037 5427 1146 5480 ἀπὸ
1187 5426 1380 5480 τούτου
1411 5424 1503 5479 τοῦ
1538 5424 1974 5496 παραδείγματος

399 5501 560 5554 αὑτὸν
603 5503 818 5571 ἐνῆγεν,
860 5507 971 5558 ἀλλ’
1015 5510 1224 5580 ἐτέρου.
1255 5509 1425 5563 Τοῦτο
1472 5508 1572 5579 μὲν
1607 5508 1735 5577 γάρ,
1783 5509 1834 5560 εἰ
1881 5509 1975 5561 καὶ

399 5585 688 5657 ἀσώματόν
726 5589 892 5653 ἐστιν,
921 5592 952 5647 ἠ
977 5590 1122 5660 ψυχὴ
1147 5591 1309 5659 λέγω,
1331 5593 1418 5647 διὰ
1439 5591 1595 5647 τοῦτο
1627 5592 1688 5645 οὑ
1725 5593 1962 5667 παρήγα.

461 5734 486 5762 ⁸
515 5735 662 5802 San'il.
708 5741 764 5793 τῇ
815 5735 1091 5802 διδασκαλίᾳ
1140 5737 1326 5802 ταύτης.
1423 5742 1451 5783 b
1498 5743 1647 5793 Morel
1704 5741 1852 5790 ταῦτα
1893 5746 1971 5791 καὶ

399 5800 604 5846 τοιαῦτα
697 5802 716 5828 ο
741 5800 888 5846 SMU.
924 5801 984 5859 μὴ
1011 5816 1114 5862 γτιρ,
1163 5801 1338 5857 ἐπειδὴ.

1133 193 1194 249 S.
1233 187 1519 248 JOANNIS
1555 180 2045 244 CHRYSOSTOMI
2085 182 2380 238 ARCHIEP
2441 181 2984 266 CONSTANTINOP.

3583 184 3606 240 1
3617 185 3688 241 50

2112 313 2210 364 γεν
2237 295 2388 360 αὑτὸ,
2419 298 2602 370 ἐπειδὴ
2635 299 2714 351 ἔτι
2755 299 3061 369 παχύτερον
3087 299 3291 361 ἐκεῖνος
3318 297 3566 353 διέκειτο.
3595 298 3690 354 Τί-

2112 378 2236 448 θησι
2281 379 2338 433 δέ
2387 381 2573 452 ἕτερον
2611 381 2937 451 ὑπόδειγμα,
2981 381 3010 433 ὃ
3057 381 3193 451 μήτε
3242 380 3529 433 κοινωνίαν
3567 384 3689 436 τινά

2109 462 2245 532 πρὸς
2259 463 2357 532 τὴν
2387 463 2495 516 τῶν
2521 465 2786 534 σωμάτων
2818 464 2931 534 ἔχει
2961 461 3270 533 παχύτητα,
3317 463 3455 533 μήτε
3484 465 3564 526 είς
3587 465 3688 535 τὴν

2105 544 2214 596 τῶν
2241 545 2544 614 ἀσωμάτων
2582 545 2750 617 ἀνέϐη
2777 546 2940 616 φύσιν
2961 564 2974 577 °
3007 547 3144 617 ὅπερ
3173 546 3320 599 ἐστὶν
3359 547 3391 616 ἡ
3441 545 3536 598 τοῦ
3564 546 3688 599 ἀνέ-

2108 643 2210 696 μου
2242 628 2400 698 φορά.
2427 628 2537 681 Καὶ
2567 629 2780 699 πρῶτον
2821 630 2928 684 ἀπὸ
2959 629 3054 682 τοῦ
3095 628 3287 689 ὓδατος
3314 629 3561 700 ἄρχεται,
3591 630 3685 684 τοῦ

2103 709 2426 779 λεπτοτέρου
2460 711 2558 780 μὲν
2594 711 2693 780 τῆς
2719 712 2841 782 γῆς,
2890 712 3199 783 παχυτέρου
3239 712 3296 765 δὲ
3331 711 3428 764 τοῦ
3457 711 3680 783 ἀνέμου.

2105 790 2316 862 Ὠσπερ
2343 791 2451 862 γὰρ
2473 795 2531 846 ὲν
2560 795 2701 865 ἀρχῇ
2735 795 2987 848 ὑπέκειτο
3019 797 3281 864 στοιχεῖον
3319 795 3351 864 ἡ
3390 795 3482 864 γῆ,
3520 795 3582 848 τὸ
3625 795 3682 847 δὲ

2102 876 2210 927 πᾶν
2249 875 2344 929 τοῦ
2375 877 2788 942 διαπλάττοντος
2817 873 2911 947 ἦν’
2957 877 3099 931 οὕτω
3131 879 3224 931 καὶ
3262 876 3358 930 νῦν
3402 877 3682 932 ὑπόκειται

2107 957 2204 1026 μέν
2236 961 2496 1027 στοιχεῖον
2528 959 2589 1012 τὸ
2611 957 2772 1029 ὕδωρ,
2806 960 2869 1013 τδ
2892 959 2950 1013 δὲ
2987 961 3097 1012 πᾶν
3123 959 3225 1029 τῆς
3247 957 3341 1012 τοῦ
3367 959 3683 1029 Πνεύματός

2095 1039 2216 1091 ἐστι
2246 1040 2466 1110 χάριτος
2494 1058 2506 1071 ·
2536 1041 2630 1094 καὶ
2651 1042 2773 1094 τότε
2811 1041 2910 1112 μὲν
2946 1044 3042 1108 Εἰς
3079 1041 3296 1110 ψυχὴν
3323 1039 3521 1102 ζῶσαν
3550 1042 3679 1110 ἐγέ-

2098 1138 2236 1175 νετο
2283 1127 2315 1177 ὀ
2352 1123 2679 1191 ἄνθρωπος,
2729 1122 2824 1178 νῦν
2853 1124 2909 1177 δὲ
2961 1125 3039 1187 είς
3076 1123 3299 1192 Πνεῦμα
3359 1122 3675 1186 ζωοποιοῦν.

2101 1204 2243 1257 Πολὺ
2286 1205 2343 1258 δὲ
2385 1205 2445 1258 τὸ
2479 1207 2641 1276 μέσον
2679 1207 2976 1275 ἑκατέρων.
3047 1208 3110 1260 Ἡ
3149 1207 3248 1276 μὲν
3275 1205 3385 1276 γάρ
3407 1207 3551 1276 ψυχὴ
3578 1207 3679 1276 οὑχ

2101 1286 2271 1356 ἑτέρῳ
2307 1287 2535 1358 παρέχει
2564 1289 2623 1342 τὺ
2652 1287 2771 1358 ζῇν,
2819 1289 2880 1341 τὸ
2908 1288 2965 1341 δέ
3009 1288 3233 1360 Πνεῦμα
3265 1290 3329 1342 οὑ
3362 1289 3481 1342 καθ’
3517 1290 3680 1343 έαυτδ

2101 1367 2167 1439 ζῇ
2197 1369 2374 1438 μόνον,
2395 1369 2530 1422 ἀλλὰ
2557 1371 2650 1423 καὶ
2679 1371 2884 1441 ἑτέροις
2917 1371 3144 1440 παρέχει
3163 1369 3341 1426 τοῦτο.
3369 1369 3524 1425 Οῦτω
3547 1370 3679 1438 γοῦν

2099 1450 2193 1503 καὶ⁵
2226 1451 2452 1519 νεκροὺς
2491 1451 2792 1522 ἀνέστησαν
2822 1453 2872 1506 οἱ
2918 1454 3222 1508 ἀπόστολοι.
3273 1455 3384 1507 Καὶ
3421 1453 3543 1507 τότε
3575 1454 3676 1522 μὲν

2098 1532 2198 1603 τῆς
2223 1533 2454 1596 κτίσεως
2485 1535 2802 1605 γενομένης,
2832 1537 2861 1589 6
2893 1536 3177 1607 ἄνθρωπος
3206 1535 3432 1607 ὕστερον
3449 1536 3675 1590 πλάττε-

2098 1633 2187 1670 ται
2211 1633 2226 1647 ⁸
2254 1615 2348 1671 νῦν
2369 1617 2425 1670 δὲ
2456 1617 2762 1671 τούναντίον
2787 1635 2800 1650 ·
2835 1619 2940 1690 πρὸ
2969 1620 3076 1690 γάρ
3106 1621 3207 1691 τῆς
3235 1621 3424 1690 καινῆς
3447 1621 3672 1683 κτίσεως

2099 1700 2127 1750 6
2149 1699 2433 1769 ἄνθρωπος
2480 1701 2510 1752 6
2552 1698 2670 1762 νέος
2714 1700 3146 1772 δημιουργεῖται.
3173 1702 3283 1755 Καὶ
3319 1702 3428 1770 γὰρ
3457 1701 3674 1773 πρῶτος

2099 1773 2250 1845 οὗτος
2276 1783 2549 1849 γεννᾶται,
2575 1783 2669 1837 καὶ
2690 1783 2812 1835 τότε
2828 1785 2856 1835 6
2882 1783 3086 1853 κόσμος
3115 1785 3668 1855 μετασχηματίζεται.

2089 1865 2209 1917 Καὶ
2237 1863 2487 1935 καθάπερ
2510 1864 2568 1930 ἐξ
2596 1865 2772 1935 ἀρχῆς
2799 1865 3090 1936 ὀλόκληρον
3121 1866 3371 1931 ἔπλασεν,
3403 1867 3545 1920 οὕτω
3577 1867 3672 1920 καί⁸

2095 1946 2189 2000 νῦν
2213 1947 2406 2018 όλόκλη
2415 1964 2506 2018 ρον
2539 1947 2702 2002 αὑτὸν
2732 1948 3074 2018 δημιουργεῖ.
3109 1947 3213 2001 Καὶ
3239 1950 3362 2002 τότε
3387 1950 3486 2020 μέν
3514 1965 3668 2020 φησι,

2094 2031 2443 2100 Ποιήσωμεν
2462 2030 2619 2096 αὐτῷ
2633 2032 2867 2100 ,βοηθόν
2879 2046 2891 2058 ’
2917 2030 3149 2085 ἐνταῦθα
3161 2031 3218 2084 δὲ
3238 2032 3390 2086 οὐδὲν
3409 2033 3668 2087 τοιοῦτον.

2107 2113 2164 2166 '0
2191 2113 2298 2184 γὰρ
2320 2114 2416 2184 τὴν
2454 2113 2547 2167 τοῦ
2585 2113 2900 2184 Πνεύματος
2932 2113 3112 2168 λαϐὼν
3150 2115 3330 2186 χάριν,
3377 2115 3519 2179 τίνος
3543 2115 3670 2184 δεή-

2096 2213 2246 2250 σεται
2276 2195 2470 2268 βοηθοῦ
2501 2197 2721 2268 ἐτέρου;
2773 2199 2801 2250 6
2852 2199 2932 2261 είς
2975 2197 3036 2250 τὸ
3095 2198 3252 2268 σῶμα
3302 2199 3394 2254 τοῦ
3433 2198 3670 2271 Χριστοῦ

2092 2280 2282 2346 τελῶν,
2331 2281 2488 2333 ποίαν
2521 2280 2633 2350 ἔχει
2669 2281 2854 2335 λοιπὸν
2910 2282 3225 2352 συμμαχίας
3262 2283 3483 2354 χρείαν;
3537 2283 3671 2337 Τότε

2093 2363 2212 2415 κατ’
2247 2362 2429 2417 εἰκόνα
2458 2363 2593 2416 Θεοῦ
2640 2363 2859 2435 ἐποίησε
2892 2363 2984 2418 τὸν
3016 2363 3321 2434 ἄνθρωπον,
3383 2364 3476 2418 νῦν
3522 2364 3670 2435 αὑτῷ

2092 2446 2168 2516 τῷ
2196 2446 2312 2517 Θεῷ
2341 2448 2517 2517 ἧνωσε
2539 2463 2550 2475 ·
2592 2448 2712 2500 τότε
2750 2447 2947 2517 ἰχθύων
2977 2447 3167 2521 ἄρχειν
3189 2451 3282 2502 καί
3319 2449 3520 2518 θηρίων
3548 2449 3668 2502 ἐκέ-

2089 2529 2268 2593 λευσε,
2307 2530 2402 2584 νῦν
2425 2531 2679 2601 ὑπεράνω
2702 2531 2810 2584 τῶν
2834 2531 3079 2604 οὐρανῶν
3111 2532 3211 2602 τὴν
3234 2532 3488 2603 ἀπαρχὴν
3512 2531 3668 2603 ήμῶν

2091 2615 2366 2684 ἀνήγαγεν
2390 2632 2404 2646 ·
2453 2615 2575 2668 τότε
2602 2614 2928 2684 παράδεισον
2969 2614 3138 2668 ἔδωκε
3167 2615 3264 2686 τὴν
3307 2616 3537 2678 δίαιταν,
3573 2613 3670 2669 νῦν

2091 2696 2148 2748 δὲ
2185 2697 2274 2749 τὸν
2305 2696 2532 2768 οὐρανὸν
2561 2698 2692 2768 ἡμῖν
2717 2697 2918 2768 ἀνέῳξε
2937 2715 2952 2728 ο
2999 2698 3119 2751 τότε
3146 2699 3389 2767 ἐπλάσθη
3438 2701 3503 2769 τῇ
3535 2699 3669 2772 ἕκτῃ

2093 2779 2295 2850 ἡμέρα,
2328 2779 2517 2851 ἐπειδὴ
2551 2779 2739 2850 ἔμελλε
2769 2781 2859 2833 καὶ
2906 2781 3275 2835 συντελεῖσθαι
3301 2783 3328 2834 6
3357 2781 3491 2834 αἰών
3512 2797 3527 2813 ο
3573 2780 3668 2834 νῦν

2091 2859 2146 2913 δὲ
2167 2864 2230 2931 τῇ
2259 2861 2450 2935 πρώτῃ
2474 2863 2655 2934 ήμέρᾳ
2675 2862 2768 2914 καί
2793 2863 2849 2915 ἐν
2873 2862 3194 2932 προοιμίοις,
3221 2863 3307 2916 ὅτε
3330 2864 3423 2915 καὶ
3447 2863 3505 2915 τὸ
3529 2862 3665 2931 φῶς.

2106 2943 2193 3007 Ἐξ
2218 2937 2291 2996 ὧν
2322 2944 2536 2997 πάντων
2563 2945 2739 3014 δῆλον,
2774 2945 2855 2998 ὅτι
2877 2945 3065 3016 ἐτέρας
3081 2944 3107 2984 ἀ
3135 2945 3278 3016 ζωῆς
3299 2946 3579 3015 ἀμείνονος
3599 2946 3670 2999 τά

2091 3025 2390 3095 τελούμενα
2417 3023 2504 3098 ἦν,
2537 3028 2630 3081 καὶ
2670 3027 3055 3091 καταστάσεως
3091 3029 3261 3099 πέρας
3293 3031 3393 3082 οὐκ
3417 3029 3665 3101 ἐχούσης.

2104 3107 2167 3160 Ἦ
2194 3108 2290 3180 μέν
2320 3105 2411 3162 οὖν
2441 3109 2682 3181 προτέρα
2710 3110 2904 3172 πλάσις
2940 3111 3046 3163 ἀπὸ
3076 3110 3200 3180 γῆς,
3249 3112 3283 3182 ή
3330 3111 3421 3164 τοῦ
3478 3113 3666 3183 Ἀδὰμ,

2093 3192 2186 3245 καὶ
2215 3191 2322 3244 ἀπὸ
2343 3192 2581 3262 πλευρᾶς
2611 3195 2642 3265 ή
2678 3195 2794 3264 μετ’
2825 3194 3060 3264 ἐκείνην,
3085 3195 3119 3264 ή
3150 3194 3246 3264 τῆς
3269 3194 3543 3262 γυναικὸς.
3573 3195 3670 3248 καὶ

2026 3273 2200 3327 -ἀπὸ
2249 3276 2559 3347 σπέρματος
2601 3277 2634 3346 ή
2692 3279 2809 3347 μετ’
2847 3277 3036 3350 αὑτὴν,
3081 3281 3114 3349 ή
3167 3277 3261 3330 τοῦ
3306 3278 3503 3332 Ἀϐελ·
3554 3279 3668 3332 ἀλλ’

2092 3357 2238 3430 ὅμως
2267 3360 2520 3430 οὐδεμιᾶς
2543 3361 2825 3428 ἐφικέσθαι
2846 3361 3120 3433 δυνάμεθα
3147 3363 3373 3422 τούτων,
3407 3362 3527 3415 οὑδέ
3559 3379 3668 3416 πα-

2095 3442 2362 3515 ραστῆσαι
2390 3444 2532 3513 λόγῳ
2553 3443 2622 3496 τὰ
2659 3444 2945 3514 γενόμενα,
2977 3445 3154 3498 καίτοι
3191 3443 3480 3514 παχύτατα
3517 3445 3666 3499 ὄντα.

2092 3523 2218 3588 Πῶς
2247 3521 2340 3578 οῦν
2375 3526 2502 3596 περὶ
2534 3526 2632 3596 τῆς
2668 3530 2863 3598 νοητῆς
2905 3527 3004 3596 τῆς
3039 3526 3125 3580 διὰ
3165 3525 3259 3578 τοῦ
3293 3524 3669 3596 βαπτίσματος

2090 3608 2396 3677 γεννήσεως
2450 3607 2788 3678 δυνησόμεθα
2837 3608 3018 3662 δοῦναι
3061 3609 3292 3672 εύθύνας
3335 3608 3437 3678 τῆς
3488 3611 3669 3682 πολλῷ

2090 3690 2295 3744 τούτων
2325 3690 2681 3761 ὑψηλοτέρας,
2709 3690 2803 3744 καὶ
2826 3690 3117 3762 λογισμοὺς
3145 3694 3493 3748 ἀπαιτεῖσθαι
3521 3705 3544 3734 ο
3570 3695 3669 3765 τῆς

2092 3772 2404 3844 θαυμαστῆς
2435 3776 2528 3828 καὶ
2553 3775 2852 3847 παραδόξου
2884 3776 3085 3845 ταύτης
3118 3776 3372 3847 λοχείας;
3417 3780 3538 3832 ἐπεὶ
3574 3779 3670 3832 καὶ

2091 3857 2312 3927 ἄγγελοι
2348 3862 2412 3929 τῇ
2455 3861 2702 3930 γεννήσει
2740 3859 2910 3931 ταύτῃ
2963 3865 3341 3932 παρεστήκασι
3385 3862 3664 3936 γινομένῃ.

2090 3941 2280 3994 Είπεῖν
2301 3941 2357 3994 δὲ
2385 3941 2476 3994 τὸν
2504 3943 2703 4012 τρόπον
2729 3943 2829 3995 οὑκ
2863 3942 2928 3996 ἀν
2963 3943 3074 4013 ἔχοι
3100 3961 3183 4007 τις
3220 3945 3316 4014 τῆς
3347 3944 3668 4014 θαυμαστῆς

2090 4023 2306 4094 ἐκείνης
2341 4020 2359 4061 ί
2391 4025 2697 4094 γεννήσεως
2728 4024 2826 4095 τῆς
2870 4024 2958 4079 διὰ
3004 4025 3098 4079 τοῦ
3130 4025 3524 4095 βαπτίσματος.
3557 4026 3666 4079 Καὶ

2089 4107 2469 4178 παρεστήκασι
2493 4106 2773 4171 τελοῦντες
2811 4108 2908 4178 μὲν
2935 4108 3104 4171 οὑδέν,
3146 4109 3305 4178 μόνον
3339 4110 3576 4179 ὁρῶντες
3607 4110 3667 4164 δὲ

2087 4189 2156 4243 τά
2200 4189 2476 4260 γινόμενα.
2533 4190 2723 4261 Πατὴρ
2774 4191 2868 4242 καὶ
2919 4190 3044 4253 Υἱὸς
3084 4190 3179 4244 καὶ
3235 4191 3388 4259 ἅγιον
3441 4191 3667 4262 Πνεῦμα

2088 4271 2264 4325 πάντα
2285 4270 2437 4343 [1461
2468 4271 2777 4343 ἐργάζεται.
2814 4272 3138 4342 Πειθώμεθα
3160 4273 3338 4326 τοίνυν
3361 4277 3427 4342 τῇ
3461 4274 3668 4343 ἀποφά-

2089 4367 2170 4402 σει
2196 4351 2289 4404 τοῦ
2319 4348 2454 4402 Θεοῦ
2475 4365 2488 4380 ’
2543 4349 2718 4419 ὅψεως
2743 4350 2851 4422 γάρ
2873 4352 3019 4404 ἐστιν
3061 4352 3199 4421 αὑτὴ
3231 4353 3545 4423 πιστοτέρα.
3599 4353 3666 4405 Ἡ

2089 4433 2189 4502 μὲν
2218 4432 2329 4503 γὰρ
2371 4433 2492 4500 ὄψις
2527 4432 2794 4502 πολλαχοῦ
2836 4434 2931 4485 καὶ
2974 4433 3306 4501 σφάλλεται·
3351 4435 3562 4505 ἐκείνην
3607 4433 3665 4487 δέ

2085 4515 2364 4585 ἀμήχανον
2387 4514 2681 4568 διαπεσεῖν.
2706 4514 3024 4584 Πειθώμεθα
3050 4514 3225 4568 τοίνυν
3255 4517 3413 4588 αὑτῇ.
3461 4516 3525 4569 Ἥ
3557 4516 3664 4588 γὰρ

2085 4597 2152 4650 τά
2183 4599 2256 4667 μὴ
2295 4597 2422 4650 ὄντα
2451 4597 2864 4668 παραγαγοῦσα,
2897 4597 3201 4662 ἀξιόπιστος
3223 4597 3288 4651 ἂν
3312 4600 3396 4668 είη
3415 4600 3508 4653 καὶ
3537 4599 3665 4669 περὶ

2084 4680 2182 4748 τῆς
2217 4678 2430 4747 φύσεως
2461 4680 2638 4733 αὑτῶν
2668 4679 3046 4750 διαλεγομένη.
3084 4681 3149 4734 Τί
3180 4676 3274 4734 οῦν
3290 4682 3429 4752 αῦτη
3459 4682 3663 4751 φησίνς

2087 4761 2209 4814 Ὅτι
2229 4761 2480 4830 γέννησίς
2509 4765 2624 4814 ἐστι
2651 4763 2714 4815 τὸ
2740 4763 3080 4833 τελούμενον.
3104 4764 3167 4816 Et
3195 4763 3252 4815 δέ
3274 4764 3356 4826 τίς
3387 4780 3471 4817 σοι
3493 4765 3664 4833 λέγοι,

2085 4845 2247 4911 Πῶς;
2281 4845 2629 4915 ἐπιστόμισον
2673 4845 2831 4898 αὑτὸν
2869 4847 2934 4916 τῇ
2975 4846 3247 4914 ἀποφάσει
3271 4845 3364 4899 τοῦ
3403 4849 3663 4918 Χριστοῦ.

2083 4927 2228 4997 ἤπερ
2282 4927 2400 4979 ἐστὶ
2435 4925 2665 4996 μεγίστη
2703 4927 2797 4979 καὶ
2841 4928 3018 4998 σαφὴς
3066 4927 3362 4992 ἀπόδειξις.
3397 4928 3460 4981 Εἰ
3497 4929 3556 4982 δέ
3584 4946 3666 4992 τις

2083 5009 2308 5082 ἐρωτῴη
2337 5013 2384 5077 ε,
2415 5011 2555 5073 τίνος
2597 5011 2781 5064 ἕνεκεν
2811 5012 2873 5065 τὸ
2909 5011 3054 5083 ῦδωρ
3088 5012 3460 5084 παρείληπται
3488 5029 3503 5077 ;
3541 5013 3668 5065 ἀντ-

2082 5095 2446 5164 ερωτήσωμεν
2463 5094 2558 5146 καὶ
2582 5095 2763 5164 ἡμεῖς’
2779 5093 2934 5158 Τίνος
2954 5094 3010 5147 δέ
3033 5094 3217 5148 ἕνεκεν
3237 5096 3271 5166 ὴ
3298 5094 3368 5164 γῆ
3396 5093 3550 5165 παρά
3569 5092 3666 5164 τὴν

2081 5176 2253 5249 ἀρχὴν
2284 5179 2363 5240 είς
2399 5178 2498 5247 τὴν
2550 5178 2644 5231 τοῦ
2695 5177 2982 5248 ἀνθρώπου
3034 5177 3321 5231 διάπλασιν
3350 5178 3662 5247 παρήγετος

2083 5260 2206 5313 Ὅτι
2235 5260 2343 5330 γὰρ
2376 5262 2472 5314 καὶ
2495 5261 2592 5332 τῆς
2621 5260 2726 5330 γῆς
2750 5261 2918 5331 χωρὶς
2947 5261 3171 5330 ποιῆσαι
3200 5260 3486 5330 ἄνθρωπον
3516 5255 3665 5325 αὑτῷ

2079 5343 2301 5396 δυνατὸν
2321 5340 2408 5412 ἦν,
2440 5345 2600 5398 παντί
2632 5362 2734 5397 που
2770 5344 2947 5414 δῆλον.
2984 5343 3168 5414 Μηδὲν
3214 5343 3392 5396 τοίνυν
3437 5356 3657 5412 περιερ-

2141 5437 2169 5476 (Ι
2195 5438 2368 5507 “QE-el.
2393 5438 2466 5507 ὅτι
2487 5439 2674 5507 ἀπαρχή
2692 5440 2880 5507 ,ἑτέραςι
2897 5441 2970 5507 μ’
2992 5438 3059 5486 Ita
3086 5434 3236 5507 εαξη.
3266 5444 3316 5484 οι
3343 5451 3460 5507 {uss}.
3487 5436 3661 5507 More].

2080 5499 2209 5570 ὄντα.
2319 5500 2369 5546 δέ
2386 5499 2500 5570 πρὸς
2523 5499 2674 5570 ταῦτα
2692 5499 2839 5570 λέγειν
2859 5499 3242 5570 ἀδύνατονωῶς,
3256 5499 3367 5570 περὶ
3387 5505 3471 5554 τῆς
3494 5501 3664 5570 νοητῆς

2079 5562 2159 5606 καὶ
2183 5560 2303 5607 πολὺ
2340 5558 2519 5606 τούτων
2550 5558 2846 5621 ὑψηλοτέρας
2889 5559 3151 5621 γεννήσεως
3192 5558 3282 5621 οὑκ
3309 5558 3662 5621 ἀδυνατῶτερον

2081 5621 2212 5667 ἔσται
2234 5622 2289 5666 τὸ
2309 5621 2474 5679 λέγειν’
2503 5617 2678 5678 μᾶλλον
2690 5621 2741 5668 δέ
2759 5617 2860 5675 πῶς
2879 5617 2934 5668 οῦ
2956 5620 3172 5680 περιττὸν
3190 5618 3330 5676 λόγον
3342 5617 3658 5680 ἀπαιτεῖσθαι.

2087 5680 2102 5742 ί
2130 5683 2224 5728 Alii
2252 5677 2379 5727 mssﬁ
2411 5687 2458 5726 el
2485 5677 2634 5727 Savil.
2661 5681 2748 5726 οὑκ
2771 5682 2826 5727 ἂν
2845 5682 2996 5742 έχοιεν
3022 5677 3120 5736 ’τῆς
3159 5681 3430 5742 θαυμαστῆς
3469 5677 3653 5742 ταύτης.

2085 5741 2234 5788 Paulo
2274 5747 2382 5801 [mal
2430 5742 2594 5800 Πατὴρ
2615 5741 2722 5800 γὰρ.
2747 5742 2852 5794 Υἱὸς
2870 5735 2953 5788 καὶ
2975 5735 3107 5799 ἅγιον
3130 5735 3322 5797 Πνεῦμα
3345 5740 3495 5801 πάντα
3523 5735 3657 5798 ἐργά-

2083 5809 2224 5858 ζεται.
2293 5803 2317 5841 ε
2347 5804 2425 5850 Sir
2451 5804 2529 5851 alii
2554 5809 2603 5850 Cl
2627 5801 2772 5850 Saxii.
2804 5802 2955 5852 Morel
3003 5802 3100 5850 ἐπςί
3128 5802 3204 5848 τὸν
3233 5800 3495 5861 ἐρωτῶντα.
