4068 6136
474 320 575 379 M9

471 453 601 494 rum.
628 436 762 505 Quia
788 438 977 494 mortis
1003 437 1366 493 indumentum
1391 447 1585 509 gestat,
1610 453 1800 510 nempe
1828 436 2045 492 maledi-

472 529 663 585 ctionis
691 538 746 583 et
772 529 1135 600 corruptionis
1164 546 1177 582 :
1204 528 1438 583 nondum
1480 528 1813 585 Dominicum
1846 528 2050 597 accepit

470 619 806 691 symbolum;
835 621 1149 691 peregrinus
1176 629 1261 676 est
1291 629 1342 675 et
1368 619 1602 686 alienus;
1636 635 1741 674 non
1776 619 1936 674 habet
1959 633 2048 674 re-

468 712 610 781 gium
639 710 869 781 signum.
898 709 1016 767 Nisi
1046 713 1158 781 quis
1184 722 1335 766 natus
1362 713 1545 783 fuerit,
1587 712 1787 783 inquit,
1830 728 1895 767 ea:
1918 728 2050 781 aqua

469 811 516 854 et
558 800 757 871 Spiritu
778 843 795 866 ,
845 818 948 856 non
988 812 1152 872 potest
1185 803 1398 857 introire
1439 804 1494 857 in
1532 820 1741 875 regnum
1786 804 2046 858 calorum.

471 889 670 946 Verum
698 889 1021 946 Nicodemus
1066 906 1244 961 neque
1289 892 1368 947 sic
1407 891 1690 948 intellexit.
1732 892 1874 947 Nihil
1905 894 2047 949 enim

469 979 744 1048 deterius,
783 995 941 1051 quam
988 980 1240 1037 humanis
1281 981 1574 1037 ratiociniis
1602 983 1898 1053 spiritualis
1925 998 2050 1055 per-

472 1072 705 1127 mittere.
735 1070 848 1126 lloc
877 1071 1176 1142 impedivit,
1207 1073 1494 1143 quominus
1525 1072 1614 1127 ille
1643 1072 1868 1128 sublime
1894 1072 2048 1143 quid-

467 1166 610 1235 piam
638 1174 692 1221 et
714 1181 965 1236 magnum
991 1167 1270 1237 cogitaret.
1303 1166 1428 1222 Ideo
1450 1182 1549 1222 nos
1570 1166 1755 1222 ﬁdeles
1775 1181 2046 1233 vocamur,

470 1265 527 1311 ut
554 1255 905 1311 humanarum
934 1258 1201 1312 rationum
1234 1257 1597 1314 imbecillitate
1626 1266 1949 1327 contempta,
1980 1257 2047 1313 ad

473 1344 596 1402 ﬁdei
635 1346 1014 1403 sublimitatem
1044 1347 1430 1415 ascendamus,
1462 1357 1517 1403 et
1544 1348 1806 1404 bonon
1838 1357 2051 1403 nostro-

469 1450 583 1491 rum
632 1450 895 1492 summam
939 1437 1246 1508 huiusmodi
1295 1437 1553 1494 doctrinae
1608 1438 2046 1493 committamus:

466 1526 607 1596 quod
638 1528 685 1583 si
714 1528 928 1584 fecisset
952 1528 1274 1585 Nicodemus
1297 1570 1313 1596 ,
1357 1544 1448 1585 res
1472 1545 1580 1585 non
1607 1529 1680 1584 illi
1708 1528 2050 1599 impossibilia

466 1617 577 1673 visa
603 1616 809 1675 fuisset.
836 1619 974 1687 Quid
1001 1635 1129 1691 ergo
1159 1619 1437 1676 Christus?
1458 1619 1530 1677 Ut
1558 1619 1708 1675 illum
1730 1617 1957 1674 abducat
1982 1618 2050 1675 ab

468 1708 565 1766 hac
592 1712 915 1783 cogitatione
944 1712 1087 1766 humi
1114 1722 1365 1783 repente,
1411 1721 1466 1768 et
1491 1711 1738 1768 ostendat
1761 1726 1821 1767 se
1848 1724 1954 1766 non
1980 1710 2049 1766 de

469 1797 567 1855 bac
606 1800 953 1871 generatione
988 1802 1167 1872 loqui,
1213 1803 1325 1858 ait:
1351 1801 1468 1857 Nisi
1493 1802 1605 1873 quis
1633 1811 1779 1856 natus
1807 1802 1960 1873 fuerit
1987 1818 2051 1857 ea:

466 1908 597 1962 aqua
618 1902 665 1946 et
689 1893 909 1963 Spiritu,
940 1909 1041 1947 non
1067 1902 1225 1965 potest
1247 1894 1456 1949 introire
1478 1895 1530 1948 in
1550 1909 1758 1965 regnum
1778 1893 2040 1951 calorum.

469 1982 555 2040 Sic
583 1993 761 2039 autem
799 1984 1052 2054 loquutus
1076 1992 1179 2051 est,
1211 1994 1268 2040 ut
1292 2000 1389 2056 per
1418 1984 1557 2040 hanc
1578 1985 2047 2041 eomminationem

469 2074 641 2143 ipsum
665 2074 732 2128 ad
758 2073 914 2130 ﬁdem
942 2074 1297 2144 pertraheret,
1328 2075 1683 2146 suaderetquc
1713 2077 1810 2147 ipsi
1841 2093 1909 2132 ne
1932 2092 2046 2133 rem

465 2178 585 2219 esse
609 2164 996 2235 impossibilem
1024 2166 1381 2232 existimaret,
1409 2177 1569 2237 atque
1590 2167 1734 2223 illum
1761 2183 1791 2222 a
1818 2168 2048 2224 carnalis

464 2256 824 2325 generationis
845 2255 1167 2326 cogitatione
1194 2256 1550 2314 abstraheret.
1581 2258 1658 2314 De
1685 2259 1787 2314 alia
1808 2300 1824 2325 ,
1854 2259 2044 2329 inquit,

463 2344 652 2415 loquor
686 2347 1037 2416 generatione
1056 2389 1072 2414 ,
1102 2361 1136 2402 ο
1172 2345 1497 2414 Nicodeme;
1526 2363 1623 2403 cur
1651 2364 1953 2404 sermonem
1979 2349 2046 2403 ad

465 2444 659 2491 terram
689 2436 960 2492 detrahis?
1002 2451 1099 2493 cur
1141 2446 1346 2494 natura:
1390 2439 1697 2495 necessitati
1741 2456 1855 2495 rem
1900 2440 2046 2494 illam

463 2526 712 2596 subjicis?
743 2527 840 2583 llic
863 2538 1045 2598 partus
1064 2529 1270 2599 vulgari
1292 2529 1384 2584 illo
1405 2531 1649 2599 superior
1670 2540 1772 2597 est,
1797 2545 1896 2586 nec
1919 2530 2044 2601 quid

463 2631 747 2673 commune
789 2618 1065 2674 nobiscum
1107 2618 1294 2675 habet.
1348 2619 1475 2675 litec
1523 2634 1737 2691 quoque
1775 2621 2047 2690 generatio

464 2719 709 2777 vocatur,
757 2711 853 2766 sed
893 2711 1112 2768 nomine
1140 2720 1342 2768 tantum
1385 2713 1709 2778 communis,
1751 2728 1812 2769 re
1845 2712 2043 2768 differt.

462 2799 704 2856 Abscede
746 2815 778 2855 a
823 2800 1025 2871 vulgari
1068 2816 1220 2857 more
1247 2818 1260 2854 :
1288 2801 1452 2857 alium
1494 2801 1688 2861 induco
1737 2810 1943 2871 partum
1992 2801 2044 2856 in

464 2891 718 2946 mundum
752 2909 768 2946 :
800 2891 906 2945 alio
955 2890 1115 2946 modo
1168 2891 1311 2961 gigni
1362 2890 1607 2947 homines
1649 2890 1773 2946 volo
1803 2908 1818 2945 :
1852 2905 2045 2945 novum

461 2980 849 3050 procreationis
896 2980 1114 3036 modum
1164 2982 1353 3036 affero.
1400 2981 1651 3036 Formavi
1696 2996 1762 3036 ex
1807 2990 1946 3037 terra
1991 2988 2048 3035 et

460 3085 624 3140 aqua;
656 3085 764 3126 non
793 3072 920 3127 utile
948 3070 1257 3142 figmentum
1282 3069 1419 3137 fuit,
1457 3070 1552 3127 sed
1585 3085 1679 3126 vas
1706 3071 1942 3126 deterius
1969 3069 2046 3124 fa-

461 3170 603 3216 ctum
653 3171 759 3217 est.
811 3160 926 3216 Non
974 3161 1109 3217 ultra
1157 3177 1222 3217 ex
1275 3171 1414 3217 terra
1465 3171 1521 3217 et
1572 3177 1707 3233 aqua
1761 3160 2045 3218 efformare

458 3253 610 3320 volo,
652 3254 749 3309 sed
791 3269 858 3308 ex
901 3268 1034 3323 aqua
1067 3264 1120 3310 et
1147 3252 1371 3323 Spiritu.
1414 3254 1566 3321 Quod
1593 3255 1637 3309 si
1666 3254 1787 3325 quis
1813 3255 2044 3309 interro-

458 3356 568 3416 get,
618 3345 891 3417 quomodo
936 3362 1000 3401 ex
1047 3346 1222 3417 aqua?
1266 3346 1606 3417 interrogabo
1644 3355 1698 3401 et
1734 3360 1835 3415 ego
1874 3346 2041 3411 illum,

457 3436 739 3504 Quomodo
763 3452 829 3491 ex
860 3437 1040 3491 terra?
1082 3436 1352 3506 quomodo
1381 3428 1551 3492 lutum
1582 3437 1757 3491 varias
1784 3438 1835 3491 in
1865 3446 2045 3506 partes

456 3526 802 3581 distributum
846 3527 973 3581 est?
1011 3525 1282 3597 quomodo
1321 3527 1477 3582 unius
1517 3526 1715 3598 speciei
1757 3536 1873 3582 erat
1914 3527 2042 3583 illud

454 3617 596 3689 quod
626 3617 927 3687 subjectum
961 3619 1076 3672 est?
1105 3618 1271 3673 Terra
1303 3626 1508 3673 tantum
1539 3625 1689 3682 erat;
1716 3632 1836 3687 qua:
1862 3626 2041 3672 autem

455 3723 521 3763 ex
551 3708 642 3762 illa
674 3707 814 3763 facta
843 3716 991 3775 sunt,
1022 3708 1250 3763 diversa:
1293 3718 1417 3763 sunt
1455 3707 1677 3777 speciei.
1708 3707 1858 3763 Unde
1883 3723 2003 3762 ossa
2023 3748 2038 3774 ,

455 3799 622 3863 nervi,
644 3800 884 3866 arterite,
901 3801 1089 3856 venm?
1107 3799 1247 3855 unde
1268 3799 1614 3864 membranm,
1629 3814 1753 3854 vasa
1771 3800 2038 3871 organica,

453 3891 822 3960 cartilagines,
857 3893 1069 3957 tunicae,
1104 3890 1291 3960 hepar,
1323 3891 1494 3961 Splen,
1523 3890 1653 3946 cor?
1682 3892 1821 3947 unde
1850 3893 2002 3962 pellis
2021 3933 2037 3961 ,

453 3982 708 4051 sanguis,
739 3981 959 4051 pituita,
1000 3981 1158 4037 bilis?
1199 3982 1340 4039 unde
1383 3992 1461 4038 tot
1498 3983 1877 4053 operationes?
1901 3985 2041 4041 unde

452 4072 584 4126 varii
609 4070 856 4125 colores?
888 4070 1002 4125 haec
1038 4072 1180 4126 enim
1222 4086 1326 4125 non
1356 4087 1422 4126 ex
1462 4081 1604 4127 terra
1632 4073 1713 4127 vel
1741 4073 1853 4128 luto
1881 4073 2040 4144 proﬁ-

454 4164 749 4217 ciseuntnr.
779 4160 1061 4228 Quomodo
1091 4170 1231 4216 terra
1262 4172 1482 4232 accepto
1508 4163 1712 4219 semine
1742 4165 2038 4234 germinat,

455 4267 577 4308 caro
604 4260 785 4307 autem
825 4250 939 4307 bme
982 4260 1202 4322 accepta
1231 4253 1561 4321 corrumpit?
1599 4254 1867 4323 quomodo
1898 4263 2038 4310 terra

445 4341 588 4410 jacta
615 4342 820 4398 semina
851 4343 1038 4408 nutrit,
1066 4356 1193 4397 caro
1221 4349 1397 4396 autem
1429 4342 1496 4395 ab
1523 4342 1625 4397 illis
1651 4343 1900 4408 nutritur,
1931 4359 2037 4398 non

454 4434 538 4489 illa
566 4435 770 4490 nutrit?
814 4435 1059 4506 Exempli
1104 4449 1284 4500 causa,
1324 4444 1465 4490 terra
1512 4448 1702 4504 aquam
1731 4434 2033 4503 excipiens,

453 4526 633 4581 vinum
663 4526 821 4590 l‘ecit;
866 4540 994 4581 caro
1017 4540 1160 4596 smpe
1197 4525 1379 4579 vinum
1410 4524 1714 4595 accipiens,
1755 4524 1807 4578 in
1846 4538 2037 4594 aquam

451 4619 737 4673 convertit.
771 4617 923 4674 Unde
951 4632 1083 4688 ergo
1125 4617 1291 4687 liquet
1314 4616 1431 4671 ha‘e
1456 4631 1519 4670 ex
1554 4623 1691 4670 terra
1722 4629 1876 4681 esse,
1915 4629 2036 4669 cum

453 4715 591 4765 terra
631 4710 957 4764 contrariam
986 4707 1238 4763 exhibeat
1265 4706 1632 4776 operationem
1657 4746 1673 4773 ,
1721 4715 1780 4760 ut
1806 4704 1955 4759 dixi?
1981 4704 2037 4759 ld

449 4799 729 4854 ratiocinio
753 4799 965 4868 assequi
1012 4811 1255 4866 nequeo;
1299 4796 1409 4850 sola
1443 4794 1546 4850 [ide
1576 4794 1797 4865 accipio.
1825 4794 1879 4850 Si
1910 4809 2038 4865 ergo

450 4891 534 4948 illa
564 4907 684 4962 qua:
704 4891 943 4961 quotidie
967 4891 1102 4945 ﬁunt
1124 4899 1178 4945 et
1199 4897 1503 4960 tanguntur,
1529 4887 1634 4943 ﬁde
1655 4901 1787 4958 Opus
1806 4885 2034 4940 habent:

448 4984 613 5038 multo
629 4984 801 5052 magis
819 4982 904 5035 illa
922 4980 1208 5035 admodum
1225 4993 1420 5033 arcana
1438 4986 1493 5033 et
1509 4976 1822 5047 Spiritualia.
1841 4975 2038 5042 Quem-

448 5072 730 5128 admodum
767 5072 909 5127 enim
959 5081 1099 5125 terra
1144 5070 1467 5135 inanimato,
1518 5070 1768 5131 immota,
1812 5068 1922 5122 Deo
1961 5069 2038 5124 sic

447 5164 655 5218 volente
700 5164 950 5218 virtutem
998 5161 1224 5230 accepit,
1273 5169 1330 5214 ut
1376 5167 1482 5213 tam
1529 5159 1789 5213 mirabilia
1835 5173 1900 5213 ex
1948 5159 2037 5212 illa

446 5256 723 5324 prodirent
754 5272 768 5309 :
799 5255 870 5308 ita
901 5269 963 5308 ex
991 5253 1190 5322 Spiritu
1216 5261 1269 5308 et
1294 5266 1428 5322 aqua
1453 5250 1609 5305 simul
1636 5249 1752 5305 lucc
1778 5249 2039 5305 mirabilia

443 5357 496 5401 et
519 5348 791 5401 rationem
821 5349 1129 5414 superantia
1152 5345 1331 5397 omnia
1358 5343 1512 5397 facile
1540 5348 1819 5411 parantur.

510 5439 567 5494 2.
599 5437 868 5505 Quomodo
906 5435 1241 5491 Nicodamum
1268 5435 1537 5490 instituerit
1571 5434 1818 5488 Christus.
1850 5431 2041 5487 Discri-

446 5545 551 5583 men
582 5531 720 5583 inter
750 5528 967 5597 primum
1001 5526 1217 5578 hominis
1244 5526 1542 5579 creationem
1562 5534 1608 5576 et
1630 5523 1899 5577 secundum
1930 5537 2041 5592 qua:

445 5621 499 5687 lit
519 5637 607 5692 per
623 5619 881 5691 Spiritum
902 5625 1144 5671 sanctum.
1165 5615 1276 5670 Vita
1294 5616 1396 5669 alia
1417 5616 1572 5668 multo
1588 5615 1763 5668 melior
1783 5622 2040 5683 exspecta-

446 5720 540 5766 tur.
584 5711 840 5786 Baptismi
880 5709 1176 5764 sublimitas.
1229 5709 1331 5764 Cur
1369 5724 1498 5778 aqua
1527 5706 1594 5761 ad
1620 5706 2037 5762 illuminationem

1530 320 1594 379 IN
1629 319 1938 379 JOANNEM
1978 318 2209 377 HOMIL.
2253 321 2418 379 XXV.
2446 325 2531 387 al.
2573 325 2765 384 XXIV.

3632 337 3735 394 150

2156 440 2458 492 necessaria.
2478 467 2549 480 —-
2565 440 2644 496 Ne
2665 442 2840 515 itaque
2865 446 3116 516 quoniam
3142 447 3230 505 illa
3252 463 3357 506 non
3383 450 3552 519 vides,
3579 452 3736 510 ﬁdem

2154 542 2334 598 neges.
2362 529 2497 586 Nam
2522 548 2622 589 nec
2644 536 2877 592 animam
2926 538 3075 596 vides
3094 581 3111 608 ,
3140 550 3396 605 eLtamen
3416 545 3595 601 credis
3616 547 3736 601 ani-

2154 635 2295 675 mam
2340 638 2489 689 esse,
2519 635 2574 680 et
2601 624 2865 682 diversam
2891 644 2921 683 a
2946 644 3190 702 corpore.
3243 633 3438 690 Verum
3493 634 3740 692 Christus

2153 726 2259 767 non
2295 711 2397 769 hoc
2419 715 2667 787 exemplo
2688 716 3034 775 Nicodemum
3060 722 3318 792 instituit,
3348 726 3442 783 sed
3472 726 3594 783 alio.
3624 726 3738 782 lloc

2153 803 2293 858 enim
2319 843 2334 869 ,
2358 820 2550 876 nempe
2573 807 2751 862 anima
2768 850 2784 877 ,
2806 825 2925 865 cum
2955 811 3327 883 incorporeum
3354 823 3423 871 sit
3440 857 3455 879 ,
3485 817 3605 874 ideo
3631 836 3735 873 non

2153 891 2205 945 in
2233 892 2463 947 medium
2489 894 2728 962 adduxit,
2750 898 2873 967 quia
2896 899 2988 955 ille
3006 899 3181 956 adhuc
3204 903 3388 959 rudior
3414 915 3549 962 erat.
3579 906 3736 962 Aliud

2152 996 2280 1053 ergo
2299 986 2608 1055 exemplum
2640 988 2809 1059 ponit,
2831 991 2972 1060 quod
2996 1006 3116 1047 cum
3155 1008 3440 1065 corporum
3479 999 3736 1053 crassitu-

2152 1072 2277 1129 dine
2302 1077 2731 1134 commnnionem
2762 1080 2976 1150 quidem
3004 1083 3203 1139 nullam
3236 1085 3457 1149 habeat,
3487 1103 3658 1158 neque
3684 1091 3737 1144 in

2153 1163 2523 1236 incorporeum
2544 1169 2784 1225 ascendit
2807 1180 3049 1227 naturam
3076 1190 3091 1238 ;
3127 1174 3177 1229 id
3204 1185 3306 1240 est,
3332 1187 3608 1233 ventorum
3633 1180 3737 1233 im-

2152 1264 2354 1326 petum.
2387 1257 2452 1313 Et
2478 1260 2705 1330 primum
2735 1261 2803 1316 ab
2825 1277 2964 1332 aqua
3007 1263 3245 1329 orditur,
3274 1282 3394 1335 qua:
3421 1269 3632 1324 tenuior
3652 1279 3738 1325 est

2152 1360 2310 1416 quam
2355 1355 2494 1403 terra
2516 1389 2531 1412 ,
2562 1349 2795 1405 crassior
2836 1365 2993 1421 quam
3039 1362 3252 1410 ventus.
3283 1353 3736 1421 Quemadmodum

2152 1436 2294 1491 enim
2318 1452 2348 1492 a
2381 1437 2639 1508 principio
2664 1439 2991 1496 elementum
3013 1451 3156 1498 terra
3177 1443 3416 1517 subjecta
3439 1456 3542 1509 est.
3566 1456 3737 1502 totum

2151 1534 2330 1581 autem
2357 1528 2564 1596 opiﬁcis
2591 1528 2689 1584 fuit
2713 1550 2727 1586 :
2750 1529 2827 1586 sic
2846 1539 2902 1587 et
2921 1546 3065 1588 nunc
3091 1548 3228 1603 aqua
3258 1535 3581 1592 elementum
3609 1538 3740 1593 sub-

2147 1614 2370 1686 jicitur:
2402 1626 2569 1673 totum
2594 1627 2772 1675 autem
2816 1628 2900 1676 est
2926 1636 2992 1677 ex
3028 1621 3257 1693 Spiritus
3295 1626 3462 1696 gratia
3492 1645 3506 1680 :
3533 1635 3589 1682 et
3613 1637 3740 1683 tunc

2151 1705 2365 1775 quidem
2390 1705 2583 1763 Factus
2612 1717 2685 1763 est
2710 1709 2859 1764 homo
2888 1711 2940 1764 in
2970 1712 3196 1766 animum
3224 1714 3465 1768 viventem
3489 1714 3649 1787 (Gen.
3680 1716 3737 1770 2.

2154 1797 2186 1850 7
2212 1797 2253 1866 );
2285 1812 2427 1853 nunc
2453 1813 2580 1853 vero
2607 1799 2659 1853 in
2685 1799 2940 1870 Spiritum
2972 1801 3349 1859 viviﬁcantem.
3390 1805 3611 1860 Multum
3635 1821 3735 1860 au-

2153 1897 2259 1943 tem
2284 1899 2367 1944 est
2386 1889 2527 1945 inter
2546 1899 2831 1962 utrumque
2849 1891 3137 1949 discrimen
3168 1911 3185 1949 :
3208 1894 3386 1949 anima
3410 1898 3551 1951 enim
3576 1897 3739 1951 vitam

2150 1980 2305 2036 alteri
2328 1997 2434 2036 non
2456 1982 2575 2049 dat;
2603 1981 2835 2053 Spiritus
2864 2000 2993 2040 vero
3020 2000 3126 2040 non
3159 2000 3255 2055 per
3278 2000 3337 2041 se
3360 1995 3562 2042 tantum
3589 1988 3738 2054 vivit,

2151 2070 2245 2125 sed
2276 2080 2329 2125 et
2356 2070 2477 2126 aliis
2516 2071 2678 2127 vitam
2720 2072 2944 2143 prabet.
2998 2072 3087 2129 Sic
3130 2084 3371 2130 mortuos
3413 2076 3742 2133 suscitarunt

2152 2161 2394 2231 apostoli.
2429 2161 2495 2216 Et
2523 2161 2650 2216 olim
2695 2161 2911 2232 quidem
2941 2172 3059 2233 pust
3102 2165 3426 2221 creationem
3456 2165 3617 2222 homo
3643 2165 3742 2222 de-

2150 2266 2296 2306 mum
2318 2250 2604 2318 formatur;
2628 2268 2768 2307 nunc
2794 2267 2923 2308 vero
2943 2262 3127 2309 contra
3148 2263 3273 2310 ante
3294 2269 3483 2310 novam
3507 2257 3737 2312 creatio-

2151 2355 2272 2394 nem
2302 2354 2469 2395 novus
2496 2340 2658 2397 homo
2685 2351 2918 2397 creatur.
2970 2342 3101 2397 Nam
3132 2343 3217 2399 hic
3253 2344 3403 2414 prior
3426 2355 3737 2415 generatur,

2149 2429 2343 2486 deinde
2368 2431 2597 2487 mundus
2642 2432 3072 2489 transformatur.
3124 2434 3189 2488 Et
3219 2443 3276 2488 ut
3300 2450 3330 2488 a
3363 2435 3627 2504 principio
3656 2445 3739 2491 to-

2152 2530 2262 2575 tum
2291 2521 2555 2590 formavit,
2575 2524 2652 2579 sic
2676 2533 2731 2579 et
2761 2539 2900 2579 nunc
2929 2532 3095 2579 totum
3121 2527 3293 2595 ipsum
3320 2537 3487 2581 creat.
3518 2527 3585 2581 Et
3608 2535 3739 2583 tunc

2150 2613 2364 2683 quidem
2409 2616 2519 2670 ait:
2550 2614 2824 2670 Faciamus
2871 2617 2918 2670 ei
2966 2617 3278 2684 adiutorium
3305 2616 3477 2688 (Ibid.
3509 2635 3559 2672 υ.
3591 2618 3735 2689 18);

2151 2704 2237 2759 hic
2267 2719 2395 2760 vero
2421 2706 2546 2759 nihil
2575 2706 2768 2761 simile.
2810 2706 2940 2761 Nam
2964 2708 3052 2777 qui
3074 2707 3302 2776 Spiritus
3328 2709 3553 2778 gratiam
3582 2723 3734 2764 accc-

2152 2797 2248 2866 pit,
2272 2811 2379 2866 quo
2399 2797 2569 2852 altero
2597 2798 2774 2868 egebit
2821 2797 3109 2867 adjutore?
3137 2798 3224 2868 qui
3255 2798 3307 2853 in
3335 2814 3559 2870 corpore
3583 2799 3737 2855 Chri-

2149 2888 2216 2943 sti
2253 2888 2533 2954 consistit,
2557 2902 2659 2958 qua
2683 2887 2877 2944 deinde
2903 2889 3082 2959 egebit
3108 2890 3254 2959 ope?
3280 2890 3431 2946 Tunc
3459 2891 3523 2945 ad
3552 2892 3738 2961 imagi-
3810 2962 3822 2970 υ

2150 2995 2273 3034 nem
2306 2980 2398 3035 Dei
2427 2978 2553 3036 fecit
2578 2980 2883 3050 hominem,
2927 2996 3068 3037 nunc
3114 2982 3214 3050 ipsi
3261 2983 3371 3037 Deo
3411 2983 3688 3052 conjunxit
3720 3001 3736 3038 :

2152 3080 2277 3125 tunc
2296 3070 2458 3141 jussit
2484 3070 2634 3127 illum
2687 3072 2954 3142 imperare
2999 3071 3239 3142 piscibus
3263 3080 3318 3128 et
3341 3072 3525 3129 bestiis
3544 3114 3560 3139 ,
3592 3089 3736 3129 nunc

2147 3176 2307 3232 supra
2333 3163 2495 3218 caelos
2524 3163 2785 3232 primitias
2800 3173 3010 3219 nostras
3025 3164 3349 3234 assumpsit:
3377 3172 3501 3219 tunc
3529 3164 3737 3235 paradi-

2148 3268 2267 3309 sum
2297 3254 2639 3311 babitandum
2670 3254 2858 3321 dedit,
2889 3270 3032 3311 nunc
3068 3255 3258 3312 caelum
3300 3256 3455 3311 nobis
3479 3257 3686 3324 aperuit
3719 3274 3735 3311 :

2149 3354 2276 3399 tunc
2303 3344 2560 3400 formatus
2597 3344 2758 3401 homo
2782 3354 2863 3400 est
2890 3346 2977 3400 die
3003 3355 3150 3401 sexta
3173 3387 3189 3413 ,
3216 3346 3338 3416 quia
3362 3346 3737 3418 complendum

2147 3446 2266 3491 erat
2317 3438 2610 3503 smculum;
2652 3450 2794 3492 nunc
2836 3436 3004 3505 prima
3047 3436 3135 3492 die
3162 3438 3307 3492 etab
3333 3437 3504 3503 initio,
3537 3446 3735 3492 etcum

2149 3529 2286 3584 luce.
2310 3528 2388 3583 Ex
2410 3528 2601 3598 quibus
2621 3527 2868 3582 omnibus
2888 3527 3076 3596 liquet,
3098 3541 3161 3581 ea
3181 3542 3300 3597 qua:
3323 3528 3736 3596 perficiebantur

2145 3621 2212 3675 ad
2232 3620 2388 3674 aliam
2412 3619 2686 3674 meliorem
2704 3618 2862 3672 vitam
2885 3617 3175 3688 pertinere,
3193 3624 3247 3672 et
3267 3616 3334 3672 ad
3356 3624 3553 3672 statum
3577 3633 3734 3672 num-

2147 3727 2305 3783 quam
2336 3709 2750 3766 terminandum.
2783 3709 2959 3765 Prima
2985 3710 3165 3780 itaque
3192 3707 3441 3764 formatio
3467 3707 3594 3763 Adae
3621 3717 3733 3764 ter-

2146 3818 2273 3859 rena
2295 3811 2397 3867 est,
2420 3810 2475 3857 et
2498 3809 2619 3872 post
2635 3799 2773 3856 hanc
2796 3815 2862 3855 ex
2886 3798 3015 3855 Adze
3036 3799 3226 3864 latere,
3250 3798 3517 3864 mulieris,
3539 3806 3594 3853 et
3612 3807 3736 3869 post

2146 3897 2291 3952 illam
2331 3910 2397 3951 ex
2426 3895 2649 3958 semine,
2681 3892 2883 3949 Abelis.
2930 3892 3177 3946 Attamen
3215 3890 3413 3946 nullam
3453 3889 3735 3957 explorare

2146 4004 2451 4060 possumus,
2480 4000 2580 4043 nec
2600 4001 2851 4043 sermone
2880 3983 3206 4048 describere,
3228 3982 3326 4036 etsi
3351 3981 3439 4035 illa
3470 3979 3729 4033 crassiora

2143 4081 2271 4137 sint.
2311 4077 2591 4147 Quomodo
2613 4091 2744 4145 ergo
2774 4072 3070 4143 spiritualis
3099 4086 3195 4141 per
3220 4070 3536 4138 baptismum
3568 4081 3730 4136 gene-

2144 4169 2366 4225 rationis
2403 4183 2522 4237 qna:
2543 4168 2698 4233 longe
2738 4163 3015 4219 snblimior
3038 4169 3120 4216 est
3143 4201 3159 4225 ,
3190 4160 3449 4213 rationem
3478 4157 3605 4211 dare
3633 4171 3729 4225 po-

2146 4258 2410 4315 terimus?
2433 4271 2540 4327 quo
2584 4262 2739 4325 pacto
2760 4251 3008 4322 stupendi
3037 4258 3219 4321 partus
3248 4248 3382 4302 ratio
3408 4263 3433 4299 a
3459 4248 3612 4301 nobis
3636 4261 3731 4301 ex-

2145 4358 2354 4421 petatur
2375 4348 2434 4401 “!
2462 4362 2582 4401 nam
2612 4352 2666 4400 et
2690 4343 2863 4413 angeli
2891 4341 3012 4396 huic
3037 4338 3363 4409 generationi
3393 4337 3630 4391 adfuere.
3662 4336 3731 4391 At

2143 4455 2272 4497 vero
2293 4437 2508 4494 modum
2532 4435 2800 4507 explicare
2826 4431 3083 4488 mirabilis
3113 4429 3253 4485 illius
3281 4443 3376 4499 per
3403 4426 3723 4496 baptismum

2143 4528 2538 4605 generationis,
2568 4540 2729 4581 nemo
2777 4521 3030 4595 potuerit.
3080 4518 3379 4576 Adfuerunt
3427 4517 3534 4584 illi,
3594 4516 3726 4571 nihil

2143 4624 2456 4686 efﬁcientes,
2485 4619 2577 4674 sed
2603 4633 2665 4674 ea
2692 4632 2810 4688 qua:
2838 4615 3033 4670 fiebant
3058 4612 3230 4668 solum
3256 4610 3516 4665 videntes.
3546 4609 3724 4674 Pater,

2144 4719 2309 4775 Filius
2332 4728 2386 4772 et
2403 4715 2633 4786 Spiritus
2652 4721 2867 4769 sanctus
2891 4709 3068 4764 omnia
3092 4715 3344 4778 operatur
3366 4703 3439 4775 (a)
3467 4746 3482 4759 .
3508 4703 3725 4759 Obtetu-

2144 4822 2391 4880 peremus
2415 4820 2543 4875 ergo
2565 4804 2657 4859 Dei
2679 4801 2980 4865 sententice,
2999 4813 3116 4866 qua:
3133 4806 3214 4851 est
3235 4795 3349 4865 ipso
3372 4795 3485 4848 visu
3508 4793 3723 4847 certior.

2143 4902 2275 4957 Nam
2298 4900 2442 4954 visus
2471 4911 2612 4967 smpe
2634 4894 2830 4948 fallitur
2857 4909 2870 4944 ε
2898 4891 2984 4944 illa
3013 4889 3119 4943 falli
3150 4885 3722 4957 nequit.0bletnpere-

2144 5006 2264 5047 mus
2294 4990 2471 5058 itaque
2497 4987 2617 5056 ipsi.
2673 4983 2804 5038 Nam
2848 4996 2964 5051 qua:
3004 4979 3092 5033 illa
3136 4992 3254 5046 qua:
3281 4991 3385 5029 non
3414 4982 3565 5026 erant
3592 4988 3721 5041 pro-

2143 5082 2314 5147 duxit,
2341 5079 2408 5133 de
2437 5091 2621 5132 eorum
2649 5082 2836 5127 natura
2866 5072 3090 5140 loquens
3122 5067 3275 5121 ﬁdem
3305 5072 3557 5117 meretur.
3587 5061 3722 5125 Quid

2145 5173 2303 5243 igitur
2325 5170 2411 5225 illa
2430 5167 2598 5221 dicit?
2630 5165 2682 5219 Id
2718 5162 2858 5234 quod
2886 5158 3113 5216 efﬁcitur
3151 5169 3269 5211 esse
3295 5150 3719 5222 generationem.

2209 5343 2224 5372 ¹
2263 5339 2424 5388 Morel.
2452 5341 2522 5386 sic
2547 5336 2693 5386 effert
2724 5335 2851 5396 hunc
2876 5331 3152 5396 locum..."
3177 5322 3424 5396 Crassiora
3446 5322 3556 5396 sint.
3582 5324 3717 5396 Quod

2144 5400 2188 5452 si
2211 5385 2274 5452 de
2288 5385 2399 5450 illis
2418 5385 2667 5448 disserere
2690 5394 2747 5445 sit
2764 5390 3070 5455 impossibite.
3099 5385 3331 5455 quomodo
3351 5397 3467 5455 ergo
3498 5390 3558 5434 (te
3578 5385 3724 5448 spiri-

2144 5447 2264 5514 ξίιάιῖ
2282 5447 2600 5524 ίίὸὴέενςιιξοηεν
2614 5470 2722 5524 amr
2741 5455 2815 5504 ιιεε
2836 5447 2907 5524 est
2924 5449 3075 5524 multo,
3091 5447 3719 5524 sesuerzaeserste;zwa

2144 5525 2234 5576 erit
2258 5515 2595 5584 iiltpossibilitts
2615 5519 2638 5567 1’
2658 5515 2895 5584 (mortique
2937 5515 3079 5561 etiam
3124 5522 3218 5558 non
3238 5518 3644 5571 supervacaneum
3683 5517 3716 5555 α

2144 5574 2275 5635 nobis
2299 5574 2527 5632 rationem
2550 5574 2789 5642 postulare
2813 5574 2867 5642 ?_
2976 5631 2987 5642 _
3049 5633 3060 5642 ι
3182 5632 3195 5642 ι
3314 5631 3347 5642 Α,

2216 5631 2290 5707 (ἦ)
2329 5644 2393 5692 λα
2434 5644 2523 5691 tria
2552 5631 2805 5707 sums-ua
2831 5631 3062 5707 singulari
3097 5631 3543 5707 verboru'titurlut
3588 5638 3723 5682 notat

2145 5692 2369 5767 Savili'us,
2394 5716 2490 5765 quo
2523 5692 2707 5750 scilicet
2729 5698 2885 5747 unitas
2907 5692 3188 5746 Substatttiaa
3208 5692 3500 5743 declaratur.
