4068 6136
367 264 459 319 ,δι
1086 251 1141 309 s.
1184 242 1976 308 JOANNIS‘CllltYSUS'l‘OMl
2021 242 2338 299 ABClllEP.
2378 243 2914 300 consummes.

363 375 516 444 Quod
557 373 599 428 si
648 371 739 426 tibi
785 367 1044 439 quispiam
1075 365 1289 426 dixerit,
1312 359 1632 430 Quomodo?
1657 374 1723 413 ex
1749 356 1944 412 Christi

363 465 625 521 sententia
653 477 714 516 os
742 460 857 531 ejus
902 459 1120 512 obstrue
1140 498 1155 520 ,
1184 470 1302 524 qua:
1345 467 1533 522 magna
1572 450 1821 519 claraque
1865 457 1946 503 est

362 553 767 611 demonstratio.
817 550 872 605 Si
899 549 1016 619 quis
1047 562 1178 603 vero
1207 544 1617 614 interrogaverit
1639 585 1652 607 ,
1677 557 1773 595 cur
1810 555 1944 610 aqua

363 656 694 710 assumatur;
744 642 976 698 vicissim
1025 643 1416 709 interrogemus
1442 645 1497 690 et
1521 649 1618 690 nos
1639 675 1653 699 ,
1681 649 1776 689 cur
1804 643 1944 688 terra

363 737 430 792 ab
454 738 604 792 initio
629 736 694 790 ad
724 736 953 789 hominis
983 732 1355 786 formationem
1385 728 1642 799 producta
1673 728 1763 782 sit.
1811 725 1943 781 Nam

362 830 502 902 quod
543 832 658 885 sine
699 837 838 882 terra
894 835 1072 896 posset
1126 823 1395 879 hominem
1446 820 1714 884 formare,
1747 818 1946 874 nemini

363 938 468 977 non
514 921 856 989 conspicuum
884 926 986 970 est.
1034 916 1112 970 Nc
1143 915 1321 984 itaque
1374 911 1638 967 curiosius
1690 909 1944 980 inquiras.

362 1011 513 1079 Quod
540 1012 681 1065 enim
710 1005 1009 1062 necessaria
1031 1007 1099 1060 sit
1119 1019 1254 1074 aqua
1277 1003 1399 1057 hinc
1425 1001 1631 1056 ediscas
1655 1018 1668 1054 :
1695 1015 1816 1055 cum
1848 998 1947 1053 ali-

364 1100 576 1171 quando
631 1098 863 1167 Spiritus
907 1106 1028 1151 ante
1057 1109 1246 1165 aquam
1300 1092 1699 1156 descendisset,
1731 1105 1835 1146 non
1862 1090 1947 1145 hic

365 1191 509 1245 stetit
535 1191 832 1258 apostolus,
863 1186 956 1242 sed
1004 1193 1063 1240 ut
1106 1183 1353 1240 ostendat
1407 1183 1545 1238 hanc
1589 1182 1946 1237 necessariam

365 1296 464 1336 nec
483 1279 801 1349 superﬂuam
823 1292 964 1344 esse,
987 1276 1107 1330 vide
1123 1273 1247 1345 quid
1267 1273 1408 1328 dicat
1434 1291 1448 1328 :
1474 1271 1740 1339 Numquid
1762 1287 1947 1340 aquam

363 1373 475 1440 quis
505 1370 764 1439 prohibere
789 1376 977 1438 potest,
1004 1375 1059 1419 ut
1084 1381 1185 1419 non
1215 1364 1531 1432 baptizentur
1558 1362 1630 1426 Iri,
1659 1365 1742 1430 qui
1774 1361 1947 1430 Spiri-

365 1472 469 1514 tunt
488 1472 713 1515 sanctum
735 1465 1029 1527 acceperunt
1054 1455 1184 1509 sicut
1203 1463 1250 1508 et
1265 1452 1388 1525 nos(
1409 1453 1518 1506 Act.
1545 1453 1629 1506 10.
1649 1453 1715 1507 47
1733 1452 1791 1522 )?
1813 1449 1948 1519 Quid

364 1566 490 1622 ergo
518 1564 652 1622 Opus
677 1558 759 1604 est
783 1547 958 1618 aqua?
979 1543 1101 1602 'lloc
1119 1545 1228 1615 jam
1258 1545 1429 1599 dicam
1459 1553 1514 1597 ut
1538 1543 1800 1597 occultum
1829 1557 1949 1612 my-

365 1644 584 1697 sterium
616 1643 763 1696 vobis
788 1643 1024 1711 aperiam
1040 1684 1052 1696 .
1075 1641 1212 1695 Sunt
1237 1639 1450 1709 quidem
1481 1638 1580 1692 hac
1602 1636 1668 1691 de
1689 1652 1747 1691 re
1771 1635 1951 1689 arcani

362 1732 579 1802 quidam
601 1733 687 1786 alii
711 1747 1022 1795 sermones;
1046 1731 1258 1785 interim
1281 1738 1454 1783 autem
1483 1727 1632 1782 vobis
1670 1741 1736 1782 ex
1773 1726 1952 1780 multis

363 1837 528 1877 unum
555 1821 748 1876 dicam.
776 1822 905 1890 Quis
937 1822 1023 1876 ille
1047 1821 1161 1875 est?
1191 1819 1380 1874 Divina
1410 1818 1746 1873 celebrantur
1773 1817 1822 1870 in
1853 1816 1952 1871 hoc

367 1911 610 1983 symbolo
639 1930 652 1965 :
686 1913 981 1981 sepultura,
1018 1909 1354 1964 mortificatio
1376 1950 1389 1972 ,
1421 1907 1743 1963 resurrectio
1763 1949 1777 1972 ,
1808 1908 1912 1960 vita
1934 1948 1949 1971 ,

362 2011 423 2058 et
448 2003 562 2056 hzoc
593 2003 747 2056 simul
777 2002 908 2055 fiunt
930 2003 1128 2056 omnia.
1186 1999 1240 2054 In
1270 2015 1408 2069 aqua
1437 1999 1578 2052 enim
1607 2007 1872 2067 tamquam
1900 1998 1949 2050 in

368 2093 614 2161 sepulcro
640 2103 797 2160 caput
818 2091 1258 2162 immergentibus
1289 2091 1463 2154 nobis,
1504 2098 1656 2144 vetus
1684 2089 1843 2143 homo
1867 2104 1953 2143 se-

367 2183 562 2251 pelitur
585 2197 648 2237 ac
674 2183 997 2252 demergitur
1039 2191 1182 2236 totus
1216 2199 1228 2236 :
1259 2180 1454 2237 deinde
1484 2179 1637 2234 nobis
1669 2194 1951 2250 emergen-

370 2273 529 2336 tibus,
563 2288 729 2326 novus
755 2273 1009 2342 exsurgit.
1037 2271 1108 2329 Ut
1137 2272 1278 2326 enim
1334 2270 1488 2325 nobis
1532 2269 1685 2324 facile
1728 2276 1810 2322 est
1851 2268 1952 2321 im-

371 2367 535 2434 mergi
563 2373 617 2419 et
645 2375 824 2433 postea
851 2379 1126 2434 emergere
1155 2382 1167 2417 :
1193 2364 1272 2418 sic
1295 2363 1407 2418 Deo
1439 2362 1591 2429 facile
1611 2373 1693 2416 est
1721 2369 1952 2415 veterem

371 2455 598 2524 sepelire
627 2455 918 2523 hominem,
947 2466 1001 2511 et
1031 2471 1225 2510 novum
1283 2455 1559 2510 inducere.
1610 2454 1715 2508 Ter
1744 2452 1847 2507 ltoe
1875 2452 1952 2518 fit,

373 2555 430 2599 ut
469 2545 642 2601 discas
685 2547 932 2601 virtutem
988 2547 1157 2602 Patris
1187 2555 1240 2601 et
1272 2545 1396 2600 Filii
1425 2553 1480 2600 et
1507 2544 1735 2614 Spiritus
1785 2545 1953 2598 sancti

375 2637 489 2690 haec
528 2639 704 2692 omnia
736 2639 976 2708 implere.
1027 2638 1179 2705 Quod
1221 2648 1398 2692 autem
1431 2637 1544 2692 lucc
1571 2653 1675 2692 non
1705 2652 1800 2706 per
1824 2652 1953 2691 con-

371 2730 630 2798 iacturam
657 2730 793 2785 dicta
827 2734 934 2788 sint
955 2772 969 2796 ,
1002 2732 1122 2785 audi
1168 2731 1385 2786 Paulum
1419 2749 1433 2785 :
1463 2729 1756 2800 Consepulti
1785 2747 1956 2784 sumus

375 2836 491 2872 cum
519 2820 608 2874 illo
637 2838 724 2891 per
746 2821 1045 2890 baptismum
1071 2824 1122 2877 in
1153 2834 1358 2876 mortem
1385 2822 1615 2894 (Coloss.
1638 2822 1692 2876 2.
1723 2822 1861 2892 12);
1893 2838 1956 2877 ac

378 2931 609 2982 rursum,
648 2916 798 2972 Vetus
824 2919 972 2972 homo
999 2929 1166 2972 noster
1195 2917 1347 2972 simul
1375 2917 1649 2985 cruciﬁxus
1669 2925 1740 2970 est
1768 2915 1952 2985 (Rom.

380 3009 433 3061 6.
463 3006 565 3076 6);
591 3017 644 3062 et
671 3009 861 3063 iterum
883 3050 896 3072 .
929 3008 1267 3076 Complantati
1294 3008 1416 3076 facti
1441 3024 1611 3060 sumus
1639 3007 1958 3062 similitudini

379 3098 550 3150 mortis
570 3098 676 3168 ejus
697 3103 711 3160 t
721 3097 743 3150 1
753 3099 909 3154 bid.v.
929 3097 1005 3168 5).
1030 3099 1140 3153 Non
1168 3099 1325 3153 modo
1345 3109 1520 3153 autem
1543 3099 1800 3170 baptisma
1827 3115 1957 3156 crux

379 3187 592 3252 dicitur,
623 3187 714 3242 sed
743 3203 871 3242 crux
900 3203 1111 3259 quoque
1139 3190 1417 3258 baptisma.
1447 3189 1711 3257 Baptismo
1740 3206 1838 3260 quo
1865 3207 1957 3262 ego

379 3276 624 3344 baptizor,
648 3291 731 3332 vos
751 3277 1126 3345 buptisabimini
1144 3277 1330 3342 (Marc.
1359 3279 1446 3334 10.
1467 3279 1572 3348 39)
1597 3294 1611 3342 ;
1641 3293 1702 3332 ac
1724 3295 1954 3348 rursum,

381 3361 642 3434 Buptismo
671 3367 827 3422 habeo
852 3368 1118 3438 baptizari,
1166 3385 1310 3439 quem
1335 3386 1420 3423 vos
1446 3371 1644 3423 nescitis
1667 3370 1685 3439 (
1709 3369 1831 3423 Luc.
1869 3370 1953 3424 12.

379 3456 512 3527 50).
556 3458 1012 3523 Quemadmodum
1044 3462 1187 3515 enim
1218 3476 1316 3516 nos
1358 3461 1509 3516 facile
1550 3463 1880 3532 haptizamur
1905 3473 1959 3519 et

378 3549 716 3616 emergimus,
736 3551 813 3605 sic
836 3559 890 3604 et
912 3551 1000 3606 ille
1025 3560 1262 3606 mortuus
1283 3566 1403 3606 cum
1428 3553 1612 3618 voluit,
1632 3554 1954 3619 resurrexit;

381 3637 486 3690 imo
528 3639 685 3707 longe
713 3641 938 3706 facilius,
972 3643 1178 3697 etiamsi
1228 3643 1401 3698 triduo
1428 3659 1523 3715 per
1553 3651 1862 3717 mysterium
1904 3656 1960 3702 et

380 3730 732 3783 oeconomiam
763 3733 1036 3787 manserit.

452 3819 504 3874 3.
545 3816 838 3887 Baptizatos
869 3829 922 3872 ut
952 3821 1102 3890 digne
1129 3821 1377 3885 baptismo
1402 3833 1575 3892 agant,
1617 3826 1839 3881 nondum
1877 3828 1959 3882 ba-

386 3909 599 3976 ptizatos
644 3920 699 3962 ut
729 3927 877 3979 quam
917 3911 1134 3980 priurum
1167 3912 1482 3981 baptisentur
1523 3913 1771 3968 hortatur.
1815 3915 1960 3972 Cute-

377 4000 610 4054 chumeni
651 4001 882 4068 ﬁdelibus
919 4003 1144 4056 extranei
1171 4011 1306 4056 sunt.
1336 4001 1652 4072 Baptismum
1700 4021 1856 4076 usque
1891 4009 1960 4060 ad

381 4099 586 4144 mortem
628 4090 915 4157 differentes
960 4093 1351 4164 redarguuntur.
1387 4092 1781 4150 Commendatur
1824 4097 1957 4151 eice-

380 4197 609 4251 :nosyna.
651 4210 719 4222 ——
758 4182 977 4238 Talibus
1027 4197 1157 4254 ergo
1195 4183 1395 4254 dignati
1445 4185 1744 4256 mysteriis,
1794 4187 1956 4242 vitam

382 4283 528 4328 tanto
550 4277 690 4329 dono
715 4276 926 4346 dignam
949 4277 1319 4344 exbibeamus,
1343 4279 1603 4347 optimum
1637 4278 1955 4333 institutum.

379 4365 477 4431 Qui
507 4380 634 4419 vero
661 4367 896 4420 nondum
925 4368 1010 4420 his
1043 4369 1242 4437 dignati
1284 4368 1434 4431 estis,
1479 4369 1656 4422 omnia
1704 4367 1864 4424 facite
1904 4377 1960 4423 ut

381 4456 446 4507 iis
472 4453 786 4523 dignemini,
833 4465 887 4510 ut
918 4472 1078 4509 unum
1104 4471 1300 4524 corpus
1330 4456 1647 4520 efficiamur,
1699 4466 1756 4512 ut
1791 4459 1958 4515 simus

377 4544 598 4599 fratres.
649 4544 910 4609 Quamdiu
965 4548 1106 4599 enim
1150 4548 1226 4598 sic
1277 4559 1623 4614 separamur,
1665 4548 1763 4602 etsi
1808 4557 1960 4618 pater

372 4633 499 4701 quis
546 4631 722 4698 fuerit,
765 4634 863 4686 etsi
916 4633 1077 4700 filius,
1132 4635 1231 4688 etsi
1280 4633 1480 4701 frater,
1525 4637 1698 4706 quivis
1744 4637 1958 4692 tandem

376 4725 560 4786 fuerit,
603 4724 837 4779 nondum
885 4742 1011 4781 vere
1051 4738 1308 4797 cognatus
1349 4736 1452 4793 est,
1503 4743 1624 4783 cum
1663 4743 1691 4782 a
1723 4744 1957 4799 superna

369 4815 698 4884 cognatione
724 4815 793 4870 sit
821 4815 1140 4871 abstractus.
1170 4818 1298 4885 Qu;e
1328 4818 1471 4872 enim
1501 4818 1704 4872 utilitas
1733 4833 1800 4874 ex
1830 4819 1957 4874 lutei

373 4907 588 4976 generis
625 4906 1023 4976 conjunctione,
1067 4923 1186 4962 cum
1224 4908 1570 4978 spiritualiter
1619 4923 1725 4963 non
1773 4923 1958 4966 sumus

377 4999 690 5067 conjuncti?
725 4998 864 5070 quod
907 4998 1113 5053 lucrum
1161 5009 1386 5054 terrenae
1430 4999 1725 5065 affinitatis,
1751 5015 1870 5056 cum
1903 5001 1956 5056 in

375 5089 524 5142 czl'lis
570 5104 756 5144 sumus
799 5090 1073 5145 extranei?
1139 5089 1436 5145 Extraneus
1478 5090 1672 5159 quippe
1701 5099 1785 5146 est
1814 5097 1958 5146 cate-

375 5180 677 5236 chumenus
721 5181 882 5237 fideli.
912 5180 1092 5251 Neque
1121 5182 1262 5236 enim
1300 5180 1438 5236 idem
1467 5181 1639 5249 ipsum
1670 5190 1832 5250 caput
1858 5181 1957 5234 ha-

382 5269 495 5332 bet,
537 5283 640 5322 non
687 5270 933 5326 eumdem
976 5279 1204 5340 patrem,
1233 5285 1336 5327 non
1374 5270 1616 5326 eamdem
1662 5271 1952 5336 civitatem,

381 5373 490 5411 non
517 5373 718 5421 escam,
752 5375 857 5414 non
886 5360 1272 5425 indumentum,
1312 5376 1418 5416 non
1444 5376 1702 5423 mensam,
1720 5360 1812 5414 sed
1841 5375 1956 5414 om-

380 5449 468 5502 nia
501 5457 795 5517 segregata.
849 5449 1058 5505 Etenim
1089 5451 1211 5506 huic
1240 5453 1417 5506 omnia
1447 5451 1497 5505 in
1531 5461 1688 5515 terra,
1740 5451 1817 5504 illi
1843 5465 1957 5505 om-

379 5542 468 5596 nia
497 5540 550 5594 in
577 5539 710 5594 caelo
735 5557 750 5592 :
778 5539 901 5594 huic
932 5540 1177 5597 Christus
1204 5559 1297 5598 rex
1329 5552 1429 5607 est,
1478 5543 1550 5597 illi
1599 5550 1872 5612 peccatum
1904 5550 1957 5595 et

383 5632 634 5689 diabolus
665 5648 678 5684 :
704 5630 830 5686 huic
875 5632 1121 5687 Christus
1147 5634 1371 5700 deliciae,
1422 5635 1494 5689 illi
1533 5633 1825 5703 corruptio.
1875 5632 1956 5686 ln-

3533 252 3636 308 ιδιι

2052 354 2360 410 domentum
2399 370 2610 426 quoque
2641 355 2713 409 illi
2749 357 3006 410 vermium
3038 371 3197 426 opera
3223 400 3236 420 ,
3268 356 3391 415 huic
3416 362 3626 430 angelo.

2052 461 2168 500 rum
2200 446 2455 502 Dominus
2489 465 2502 501 :
2534 447 2724 502 civitas
2751 447 2874 502 huic
2898 447 3113 516 cadum,
3166 449 3242 504 illi
3290 461 3452 506 terra.
3501 450 3628 509 Cum

2051 555 2180 609 ergo
2210 539 2339 594 nihil
2365 554 2654 594 commune
2679 537 2990 604 habeamus,
3019 541 3070 594 in
3102 555 3226 610 quo,
3257 557 3464 611 qumso,
3495 557 3636 599 com-

2052 631 2479 686 municabimus?
2533 628 2637 684 Sed
2688 630 2877 686 eodem
2932 640 3104 700 partu,
3145 646 3207 686 ex
3249 633 3436 688 eadem
3480 635 3635 686 vulva

2052 723 2361 794 prodimus?
2407 722 2603 778 Verum
2649 738 2824 793 neque
2860 723 2962 777 hoc
3005 723 3202 778 sufficit
3242 725 3306 779 ad
3350 728 3634 796 genuinam

2053 817 2447 886 cognationem.
2480 814 2802 870 Studeamus
2829 813 3007 885 igitur,
3044 825 3103 870 ut
3130 831 3377 888 supernae
3406 818 3636 875 civitatis

2053 908 2196 962 cives
2238 908 2426 961 simus.
2472 905 2761 975 Quousque
2811 905 2864 960 in
2919 906 3108 960 exsilio
3159 921 3458 972 manemus,
3513 922 3634 963 cum

2053 1007 2324 1067 Oporteret
2351 1008 2584 1052 veterem
2616 1005 2858 1066 repetere
2880 997 3102 1065 patriam
3128 996 3151 1050 ?
3188 996 3371 1067 Neque
3399 998 3538 1053 enim
3568 999 3637 1055 de

2055 1106 2113 1145 re
2144 1091 2339 1145 nullius
2377 1091 2528 1161 pretii
2561 1090 2850 1160 periculum
2881 1100 2984 1146 est.
3018 1090 3124 1146 Sed
3149 1092 3193 1145 si
3223 1092 3449 1157 accidat,
3493 1095 3636 1158 quod

2057 1183 2198 1237 Deus
2240 1191 2466 1248 avertat,
2509 1183 2869 1253 inexspectata
2911 1193 3084 1238 morte
3115 1199 3220 1238 non
3249 1185 3486 1241 initiatos
3515 1185 3638 1240 hinc

2055 1272 2248 1342 abripi,
2290 1275 2449 1328 etiam
2497 1274 2540 1329 si
2585 1273 2728 1329 mille
2777 1273 2928 1328 bonis
2978 1274 3220 1330 instructi
3255 1275 3441 1339 simus,
3504 1274 3636 1331 nihil

2056 1364 2199 1418 aliud
2228 1379 2326 1420 nos
2357 1364 2610 1434 excipiet,
2642 1379 2802 1435 quam
2827 1363 3069 1435 gehenna
3097 1373 3152 1420 et
3177 1367 3375 1422 vermis
3407 1380 3635 1422 venena-

2059 1465 2165 1520 tus,
2198 1456 2331 1526 ignis
2362 1455 2829 1524 inexstinguibilis,
2863 1453 3071 1509 vincula
3098 1453 3636 1510 insolubiliaNerum

2057 1547 2195 1602 absit
2221 1557 2276 1600 ut
2303 1546 2567 1616 quispiam
2593 1546 2893 1600 auditorum
2935 1546 3254 1616 supplicium
3301 1546 3430 1601 illud
3474 1562 3640 1618 cxpe-

2058 1640 2246 1694 riatur.
2276 1638 2428 1707 Quod
2476 1639 2777 1700 vitabimus,
2826 1639 2868 1692 si
2900 1639 3069 1693 sacris
3108 1639 3378 1710 mysteriis
3403 1639 3636 1707 dignati,

2059 1745 2277 1796 aurum,
2321 1739 2598 1799 argentum
2638 1741 2693 1785 et
2736 1729 2937 1799 lapides
2984 1731 3249 1799 pretiosos
3303 1746 3398 1800 pro
3448 1730 3636 1786 funda-

2059 1829 2241 1876 mento
2279 1836 2558 1892 ponamus.
2608 1820 2697 1877 Sic
2736 1821 2876 1875 enim
2909 1821 3200 1890 poterimus
3228 1822 3318 1874 illo
3341 1823 3600 1877 abeuntes
3621 1863 3634 1881 .

2060 1913 2252 1968 divites
2281 1927 2562 1982 apparere,
2607 1910 2820 1981 quando
2862 1926 2966 1965 non
3019 1910 3105 1965 hic
3130 1912 3381 1981 pecunias
3413 1912 3640 1982 relique-

2061 2005 2248 2070 rimus,
2299 2003 2392 2059 scd
2436 2003 2500 2058 ad
2543 2013 2682 2058 tutos
2727 2003 2845 2057 illos
2886 2003 3164 2058 thesauros
3196 2004 3642 2060 transmiserimus

2063 2115 2157 2166 per
2180 2113 2371 2152 manus
2401 2112 2690 2167 pauperum
2717 2111 2732 2162 ;
2781 2096 2996 2166 quando
3022 2094 3237 2151 Christo
3265 2104 3504 2150 mutuum
3547 2095 3642 2152 de

2060 2189 2319 2246 derimus.
2377 2189 2535 2244 Multa
2580 2188 2838 2243 debemus
2879 2187 3010 2253 illic,
3062 2202 3165 2242 non
3214 2188 3494 2258 pecunias,
3545 2189 3642 2243 sed

2063 2290 2298 2351 peccata.
2332 2281 2512 2335 Mutuo
2539 2280 2698 2350 igitur
2726 2278 2800 2333 illi
2834 2279 3086 2348 pecunias
3113 2277 3322 2344 demus,
3373 2287 3432 2332 ut
3475 2278 3642 2348 impe-

2063 2384 2263 2427 tremus
2287 2372 2658 2426 remissionem
2691 2380 3048 2440 peccatorum.
3097 2370 3213 2440 Ipse
3259 2371 3399 2425 enim
3429 2379 3513 2426 est
3551 2373 3641 2442 qui

2059 2462 2281 2532 jtulicat.
2323 2465 2399 2520 Ne
2426 2463 2780 2533 deSpiciamus
2808 2464 2952 2517 illum
2982 2461 3069 2516 hic
3097 2462 3440 2529 esurientem,
3489 2471 3545 2517 ut
3589 2473 3643 2519 et

2064 2557 2176 2624 ipse
2215 2569 2314 2610 nos
2359 2554 2429 2609 ibi
2469 2554 2690 2608 nutriat.
2735 2552 2832 2608 llic
2877 2551 3156 2606 induamus
3194 2551 3388 2621 ipsum,
3437 2561 3493 2606 ut
3535 2568 3640 2607 non

2065 2643 2326 2713 relinquat.
2353 2657 2450 2698 nos
2475 2642 2649 2697 nudos
2679 2641 2976 2712 patrocinio
3006 2656 3123 2696 suo.
3168 2640 3225 2696 Si
3248 2639 3335 2696 hic
3364 2641 3438 2695 illi
3463 2649 3641 2711 potum

2061 2735 2389 2801 dederimus,
2420 2750 2525 2789 non
2555 2734 2794 2790 dicemus
2815 2748 2936 2788 cum
2963 2733 3126 2788 divite
3159 2753 3172 2789 :
3202 2731 3349 2788 Mitte
3366 2732 3640 2800 Lazarum,

2062 2837 2118 2880 ut
2155 2826 2371 2897 intingat
2401 2835 2676 2880 ca‘trmnum
2711 2825 2858 2894 digiti
2893 2824 2974 2878 sui
3014 2824 3067 2877 in
3097 2839 3246 2892 aqua,
3295 2833 3350 2878 ut
3388 2825 3645 2894 refrigere.

2063 2918 2291 2987 linguam
2318 2925 2542 2969 nostram
2587 2915 2823 2967 adustam
2873 2913 3020 2984 (Luc.
3056 2913 3142 2968 16.
3170 2912 3283 2982 24).
3331 2912 3386 2969 Si
3413 2913 3500 2969 hic
3522 2929 3644 2968 cum

2063 3009 2208 3064 domi
2252 3009 2595 3076 accipiamus,
2643 3007 2751 3061 illic
2776 3005 2971 3060 multas
2992 3005 3146 3060 nobis
3177 3005 3386 3074 parabit
3413 3005 3643 3062 mansio-

2066 3115 2180 3153 nes.
2225 3097 2280 3153 Si
2329 3097 2620 3152 invisamus
2653 3109 2774 3150 eum
2817 3095 2870 3149 in
2917 3108 3136 3149 carcere
3183 3094 3479 3160 detentum,
3529 3095 3646 3164 ipso

2065 3205 2274 3261 quoque
2305 3203 2403 3244 nos
2446 3203 2476 3242 a
2506 3188 2732 3243 vinculis
2772 3185 3038 3241 liberabit.
3091 3185 3146 3241 Si
3183 3185 3330 3240 illum
3382 3185 3644 3257 hospitem

2063 3280 2454 3350 exceperimus,
2480 3293 2586 3332 non
2611 3277 2869 3346 despiciet
2899 3291 3014 3340 nos,
3043 3276 3130 3347 qui
3162 3277 3423 3345 peregrini
3465 3286 3520 3332 et
3546 3278 3643 3333 ho-

2065 3371 2232 3441 spites
2255 3385 2441 3426 sumus
2470 3371 2522 3423 in
2567 3382 2737 3439 regno
2768 3383 2828 3422 ea
2850 3367 3045 3433 lorum,
3069 3367 3162 3422 sed
3190 3382 3432 3436 supernae
3457 3368 3646 3423 civita-

2067 3463 2134 3516 tis
2162 3469 2443 3516 consortes
2469 3459 2675 3513 reddet.
2735 3458 2789 3513 Si
2820 3457 3090 3512 infirmum
3141 3456 3290 3512 illum
3335 3457 3643 3525 invisamus,

2065 3553 2172 3607 cito
2214 3565 2312 3606 nos
2351 3550 2438 3604 ille
2468 3548 2716 3602 liberabit
2762 3546 2829 3600 ab
2876 3545 3279 3601 infirmitatibus
3319 3547 3535 3602 nostris.
3579 3547 3646 3604 Ut

2065 3655 2191 3711 ergo
2233 3640 2322 3709 qui
2365 3653 2554 3708 magna
2587 3652 2682 3707 pro
2727 3636 2904 3709 parvis
2941 3635 3096 3694 donis
3143 3637 3487 3710 accipiamus,
3536 3639 3645 3696 sal-

2067 3741 2172 3787 tem
2205 3729 2290 3786 illa
2320 3729 2509 3801 exigua
2537 3727 2744 3791 demus,
2791 3737 2850 3783 ut
2885 3729 3114 3783 maxima
3145 3744 3465 3784 mercemur.
3515 3731 3645 3784 Dum

2065 3823 2239 3877 adlme
2281 3833 2488 3890 tempus
2529 3829 2631 3885 est,
2676 3819 3036 3885 seminemus,
3093 3828 3149 3874 ut
3187 3829 3470 3876 metamus.
3513 3822 3644 3876 Cum

2067 3914 2208 3968 enim
2240 3913 2411 3968 hiems
2436 3911 2734 3976 advenerit,
2767 3926 2888 3966 cum
2922 3927 3068 3966 mare
3115 3927 3221 3967 non
3254 3913 3388 3966 ultra
3433 3915 3646 3984 naviga-

2068 4004 2175 4060 bile
2221 4005 2341 4069 erit,
2401 4012 2527 4057 tunc
2574 4019 2681 4057 non
2729 4017 2891 4072 penes
2936 4016 3032 4057 nos
3060 4004 3163 4058 erit
3213 4003 3489 4074 negotiari.
3539 4004 3644 4060 Sed

2067 4094 2279 4166 quando
2315 4095 2418 4150 erit
2465 4093 2678 4148 hiems?
2725 4093 2856 4149 Cum
2901 4093 3176 4148 advenerit
3221 4093 3337 4148 dies
3385 4094 3473 4148 ille
3528 4110 3645 4149 ma-

2066 4201 2202 4256 gnus
2247 4194 2303 4240 et
2349 4185 2688 4253 conspicuus.
2739 4183 2892 4239 Tunc
2912 4184 3054 4238 enim
3087 4198 3190 4238 non
3222 4182 3322 4236 hoc
3356 4198 3502 4239 mare
3531 4199 3646 4239 ma-

2067 4295 2230 4349 gnum
2298 4287 2354 4333 et
2419 4277 2713 4347 spatiosum
2775 4275 3193 4346 navigabimus:
3235 4275 3366 4330 mari
3419 4290 3648 4346 namque

2066 4383 2304 4440 pnesens
2331 4369 2436 4422 vita
2459 4368 2650 4422 similis
2689 4375 2790 4422 est.
2846 4366 2997 4421 Nunc
3033 4365 3244 4422 serendi
3291 4375 3501 4437 tempus
3543 4376 3644 4433 est.

2069 4473 2192 4517 ttmc
2223 4461 2457 4518 metendi
2507 4468 2562 4515 et
2590 4459 2852 4515 lucrandi.
2883 4458 2938 4514 Si
2967 4459 3085 4529 quis
3115 4461 3372 4514 sementis
3403 4468 3642 4528 tempore

2067 4553 2270 4606 semina
2303 4566 2408 4605 non
2451 4551 2662 4618 jecerit,
2704 4551 2748 4604 si
2791 4558 3034 4618 tempore
3080 4551 3270 4605 messis
3309 4561 3453 4605 serat
3490 4550 3642 4606 inuti-

2068 4643 2210 4708 liter,
2253 4657 2380 4696 sane
2408 4640 2664 4695 ridieulus
2705 4640 2828 4695 erit.
2861 4639 2918 4696 Si
2950 4639 3163 4695 serendi
3193 4641 3262 4695 sit
3289 4650 3515 4710 tempus,
3543 4656 3646 4694 non

2062 4736 2172 4806 jam
2217 4733 2594 4804 colligendum,
2645 4732 2740 4789 sed
2788 4732 3074 4788 serendum
3121 4740 3224 4789 est.
3275 4733 3648 4803 Dis-pergamus

2067 4828 2228 4898 igitur
2273 4835 2329 4880 ut
2358 4825 2704 4895 colligamus;
2752 4839 2820 4880 ne
2856 4823 2967 4894 jam
3006 4823 3260 4894 colligere
3305 4833 3646 4892 satagamus,

2065 4935 2134 4974 ne
2159 4934 2390 4974 messem
2437 4917 2740 4988 perdamus.
2786 4915 2917 4971 Nam
2949 4916 3052 4971 hoc
3092 4925 3338 4985 tempus,
3393 4924 3450 4970 ιιι
3494 4915 3643 4981 dixi,

2066 5011 2134 5065 ad
2162 5008 2450 5065 serendum
2480 5017 2690 5073 evocat,
2734 5015 2794 5062 et
2834 5007 2900 5061 ad
2926 5007 3279 5077 erogandum,
3307 5022 3413 5062 non
3441 5006 3506 5060 ad
3533 5005 3646 5063 col-

2073 5099 2343 5171 ligendum
2375 5109 2428 5154 et
2453 5098 2872 5154 recondendum.
2900 5098 2977 5153 Ne
2997 5097 3177 5168 itaque
3198 5101 3646 5168 opportunitatem

2071 5190 2410 5255 amittamus,
2447 5188 2541 5245 sed
2595 5189 2824 5244 ubertim
2871 5203 3055 5243 semen
3098 5189 3380 5258 jaciamus,
3427 5200 3529 5242 nec
3571 5187 3646 5242 rei

2067 5279 2316 5335 familiari
2360 5279 2467 5334 ullo
2507 5280 2667 5334 modo
2713 5293 3017 5349 parcamus,
3067 5286 3125 5332 ut
3161 5292 3278 5331 eam
3306 5292 3427 5330 eum
3455 5291 3648 5347 magno

2066 5372 2386 5440 recipiamus
2414 5371 2639 5434 faenore,
2671 5371 2839 5438 gratia
2870 5379 2924 5424 et
2955 5369 3284 5437 benignitate
3317 5367 3526 5421 Domini
3562 5381 3646 5422 no-

2065 5462 2160 5517 stri
2200 5460 2325 5516 Jesu
2351 5458 2572 5525 Christi,
2601 5461 2812 5531 quicum
2837 5459 2976 5514 Patri
3005 5459 3195 5529 gloria,
3222 5472 3432 5527 unaque
3463 5456 3632 5526 Spiri-

2066 5553 2136 5606 tui
2165 5559 2366 5614 sancto,
2399 5551 2449 5604 in
2482 5551 2671 5605 sarcula
2705 5550 3044 5605 saeculorum.
3076 5549 3267 5602 Amen.
