4068 6136
323 309 414 364 151

311 424 508 494 γάζου.
551 421 675 478 Ὀτι
717 422 827 495 γὰρ
868 422 1140 490 ἀναγκαία
1186 420 1280 475 καὶ
1307 420 1683 492 ἀπαραίτητος
1734 421 1768 491 ἠ
1808 415 1904 472 τοῦ

313 508 511 573 ὕδατος
534 507 716 578 χρεία,
750 506 923 570 οὕτως
947 507 1013 560 ἂν
1040 505 1253 577 μάθοις.
1296 504 1403 557 Τοῦ
1427 503 1744 575 Πνεύματός
1774 520 1903 558 ποτε

312 591 699 653 καταπτάντος
729 589 834 661 πρὸ
860 587 956 642 τοῦ
985 588 1195 651 ὓδατος,
1219 588 1320 641 οὐκ
1357 586 1489 658 ἔστη
1520 586 1715 658 μέχρις
1758 587 1904 641 ἐκεί-

312 692 409 730 νου
442 677 471 730 6
515 672 856 738 ’Δπόστολος,
892 671 1098 736 ἀλλ’ὡς
1129 671 1427 740 ἀναγκαίου
1459 671 1554 724 καὶ
1590 670 1779 724 τούτου
1809 671 1904 724 καὶ

312 759 375 813 οὐ
406 756 692 830 περισσοῦ,
731 756 834 826 ὅρα
862 755 914 808 τί
957 771 1126 826 φησι·
1158 753 1314 823 Μήτι
1352 752 1419 809 τὸ
1456 753 1615 823 ὕδωρ
1652 753 1905 808 δύναταί

313 857 407 906 τις
440 839 735 901 κωλῦσαι,
763 838 873 893 τοῦ
899 837 988 906 μὴ
1010 837 1425 906 βαπτισθῆναι
1452 837 1724 902 τούτους,
1762 837 1905 890 οἵτι-

314 940 417 989 νες
444 922 512 977 τὸ
541 922 783 991 Πνεῦμα
810 921 875 975 τὸ
900 920 1074 991 ἅγιον
1094 921 1317 976 ἔλαϐον
1344 923 1426 989 ὡς
1449 922 1545 977 καὶ
1574 922 1776 991 fucat};
1808 921 1904 987 Τίς

313 1002 410 1059 οὖν
432 1008 581 1059 ἐστιν
609 1007 642 1076 η
668 1004 759 1058 τοῦ
788 1003 978 1066 ὓδατος
1000 1004 1190 1074 χρεία;
1217 1006 1328 1059 Καὶ
1351 1004 1553 1075 ταύτην
1589 1005 1688 1077 ήδη
1718 1005 1902 1059 λοιπὸν

314 1090 449 1161 ἐρῶ,
476 1089 542 1143 τό
563 1090 863 1159 μυστήριον
887 1087 1245 1142 ἑκκαλύπτων
1265 1101 1292 1131 ι
1318 1088 1446 1160 ὑμῖν
1460 1088 1523 1142 τὸ
1547 1089 1900 1161 ἀποκεκρυμ-

317 1173 502 1243 μένον.
536 1172 659 1227 Εἰσὶ
689 1172 788 1242 μὲν
803 1171 912 1242 γάρ
934 1187 1078 1235 τινες
1107 1172 1200 1225 καὶ
1225 1171 1401 1244 έτεροι
1425 1170 1727 1244 ἀπόρρητοι
1756 1172 1903 1240 λόγοι

313 1257 409 1311 τοῦ
453 1255 799 1325 πράγματος,
842 1254 980 1319 τέως
1020 1254 1077 1308 δέ
1105 1256 1171 1309 ἐκ
1220 1255 1331 1308 τῶν
1370 1255 1581 1309 πολλῶν
1623 1256 1753 1326 ὑμῖν
1791 1252 1904 1323 ἐγὼ

314 1340 414 1395 Eva
441 1340 572 1411 ἐρῶ.
601 1338 699 1401 Τίς
722 1334 815 1392 οὖν
840 1332 994 1401 οὗτός
1018 1340 1133 1392 ἐστι
1159 1356 1175 1406 ;
1220 1338 1351 1393 Θεῖα
1388 1339 1621 1394 τελεῖται
1657 1340 1716 1392 ἐν
1754 1337 1904 1408 αὐτῷ

316 1423 587 1494 σύμϐολα,
602 1422 772 1492 τάφος
795 1422 890 1474 καὶ
907 1421 1195 1494 νέκρωσις,
1219 1424 1313 1477 καὶ
1333 1425 1630 1488 ἀνάστασις
1645 1423 1739 1478 καὶ
1762 1421 1900 1495 ζωὴ,

317 1508 410 1562 καὶ
433 1505 609 1560 ταῦτα
638 1504 772 1576 ὁμοῦ
800 1504 1008 1574 γίνεται
1035 1506 1233 1562 πάντα.
1264 1507 1529 1581 Καθάπερ
1556 1507 1685 1580 γὰρ,
1712 1507 1769 1561 ἐν
1797 1524 1902 1562 τινι

312 1590 492 1661 τάφῳ,
518 1591 599 1660 τῷ
632 1590 785 1645 ὕδατι
828 1589 1201 1645 καταδυόντων
1243 1593 1275 1661 ή
1285 1591 1402 1661 μῶν
1442 1592 1542 1656 τάς
1586 1597 1847 1665 κεφαλὰς,
1873 1597 1903 1649 6

316 1673 547 1736 παλαιὸς
569 1674 853 1745 ἀνθρώποις
878 1673 1164 1737 θάπτεται,
1185 1674 1300 1740 καὶ,
1325 1673 1560 1740 καταδὺς
1590 1677 1760 1745 κάτω,
1782 1680 1915 1752 κρύ-

317 1774 512 1811 πτεται
547 1756 669 1821 ὅλος
710 1755 965 1821 καθάπαξ
984 1772 997 1787 ο
1034 1752 1154 1809 εἶτα
1196 1757 1565 1813 ἀνανευόντων
1596 1759 1625 1800 ι)
1649 1762 1829 1832 ἡμῶν,
1880 1767 1909 1818 6

316 1840 504 1902 καινὸς
557 1840 731 1894 ἄνεισι
790 1841 972 1895 πάλιν.
1042 1840 1253 1911 Ὠσπερ
1319 1841 1429 1914 γάρ
1497 1840 1719 1900 εὔκολον
1775 1849 1907 1919 ἡμῖν

320 1923 689 1994 βαπτίσασθσιι
728 1926 822 1980 καὶ
863 1924 1176 1989 ἀνανεῦσαι,
1212 1923 1384 1989 οὕτως
1422 1923 1643 1981 εὔκολον
1675 1928 1754 2000 τῷ
1786 1929 1905 2002 Θεῷ

318 2006 486 2074 θάψαι
506 2006 597 2059 τὸν
624 2006 910 2077 ἄνθρωπον
942 2008 1032 2061 τὸν
1065 2006 1312 2071 παλαιὸν,
1358 2010 1454 2063 καὶ
1500 2009 1774 2078 ἀναδεῖξαι
1812 2015 1905 2068 τὸν

317 2090 458 2144 νέον.
484 2089 683 2163 Τρίτον
701 2091 758 2144 δὲ
778 2090 937 2144 τοῦτο
962 2091 1194 2160 γίνεται,
1221 2091 1308 2146 ἴνα
1341 2092 1540 2167 μάθῃς,
1571 2096 1653 2148 ὅτι
1676 2096 1906 2167 δύναμις

317 2170 532 2245 Πατρὸς
570 2176 665 2227 καί
688 2172 819 2227 Υίοῦ
847 2175 941 2228 καὶ
962 2175 1278 2246 Πνεύματος
1303 2176 1461 2245 ἀγίου
1490 2177 1704 2232 ἅπαντα
1730 2182 1905 2237 ταῦτα

319 2257 537 2328 πληροῖ.
578 2258 689 2311 Kal
720 2258 803 2311 ὅτι
831 2260 894 2311 οὐ
933 2259 1238 2330 στοχασμὸς
1273 2260 1335 2313 τὸ
1378 2260 1689 2332 εἰρημένον,
1738 2263 1904 2318 ἀκου-

318 2356 408 2393 σον
438 2339 655 2394 Παύλου
680 2340 928 2409 λέγοντος
965 2361 978 2374 ·
1010 2341 1442 2413 Συνετὰφημεν
1465 2344 1625 2413 αὐτῷ
1664 2346 1762 2403 διὰ
1796 2349 1903 2404 τοῦ

309 2424 735 2494 ,ϐαπτίσματος
763 2427 851 2490 είς
885 2424 995 2479 τὸν
1016 2424 1277 2480 θάνατον
1296 2445 1308 2457 ·
1348 2429 1443 2481 καὶ
1473 2429 1655 2492 πάλιν,
1704 2431 1760 2484 '0
1794 2448 1905 2486 πα-

312 2506 484 2572 λαιὸς
505 2506 676 2576 ἡμῶν
707 2506 1015 2575 ἄνθρωπος
1041 2510 1535 2579 συνεσταυρώθηο
1579 2513 1673 2566 καὶ
1719 2513 1900 2578 πάλιν,

314 2594 618 2662 Σύμερυτοι
666 2591 996 2661 γεγόναμεν
1025 2591 1106 2657 τῷ
1140 2593 1456 2663 ὁμοιώματι
1496 2596 1602 2650 τοῦ
1644 2599 1902 2654 θανάτου

313 2674 519 2729 αὐτοῦ.
544 2674 621 2729 Οὐ
660 2675 822 2746 μόνον
859 2674 917 2728 δέ
951 2675 1013 2728 τὸ
1051 2674 1335 2747 βάπτισμα
1380 2679 1614 2748 σταυρὸς
1658 2679 1897 2749 λέγεται,

312 2756 447 2811 ἀλλά
478 2760 576 2812 καὶ
604 2760 633 2812 6
661 2758 893 2829 σταυρὸς
940 2758 1245 2830 βάπτισμα.
1276 2759 1349 2813 T6
1386 2761 1496 2832 γὰρ
1538 2763 1840 2835 βάπτισμα,
1872 2765 1900 2817 6

313 2841 424 2911 ἐγὼ
460 2842 819 2913 βαπτίζομαι,
851 2842 1005 2912 φησὶ,
1054 2842 1493 2914 βαπτισθήσεσθε
1515 2860 1528 2874 ⁸
1574 2846 1670 2900 καὶ
1694 2847 1857 2902 πάλιν
1881 2890 1896 2914 ,

313 2924 629 2996 Βάπτισμα
657 2926 777 2995 ἔχω
798 2925 1233 2994 βαπτισθῆναι,
1265 2926 1296 2980 6
1330 2928 1501 2997 ὑμεῖς
1536 2932 1648 2985 οὐκ
1676 2930 1894 2987 οῖδατε.

313 3009 579 3078 Καθάπερ
607 3009 718 3079 γάρ
763 3010 923 3079 ἡμεῖς
960 3009 1198 3072 εὐκόλως
1241 3009 1614 3082 βαπτιζόμεθα
1644 3014 1738 3067 καὶ
1771 3015 1900 3068 ἀνα-

310 3091 539 3163 νεύομεν
558 3108 573 3122 ·
599 3092 743 3146 οὕτω
764 3094 857 3147 καὶ
888 3092 1051 3156 αὐτὸς
1068 3093 1306 3157 εὐκόλως
1333 3094 1640 3161 ἀποθανὼν,
1671 3096 1759 3150 ὅτε
1780 3096 1901 3168 ηθέ-

308 3174 492 3246 λησεν,
512 3176 713 3246 ἀνέστη
731 3193 744 3207 ·
782 3176 983 3247 μᾶλλον
1012 3177 1069 3230 δέ
1101 3177 1196 3230 καὶ
1220 3177 1398 3249 πολλῷ
1428 3179 1577 3249 ῥᾷον,
1608 3181 1654 3233 εί
1680 3184 1774 3234 καὶ
1799 3182 1897 3246 τάς

304 3263 454 3332 τρεῖς
474 3259 690 3330 ἡμέρας
713 3259 800 3312 διά
824 3258 1124 3329 μυστηρίου
1143 3258 1286 3322 τινὸς
1314 3260 1623 3329 οἰκονομίαν
1643 3261 1893 3334 ἀνέμενε.

376 3347 448 3411 γ’.
480 3339 829 3411 Τηλικούτων
852 3336 945 3394 οὖν
970 3342 1282 3412 μυστηρίων
1299 3341 1752 3409 καταξιωθέντες,
1782 3346 1895 3417 βίον

306 3422 708 3493 ἐπιδειξώμεθα
735 3422 885 3487 ἀξιον
930 3426 1027 3494 τῆς
1071 3423 1300 3495 δωρεᾶς,
1339 3426 1614 3480 πολιτείαν
1640 3427 1889 3500 ἀρίστην.

307 3510 370 3562 Ol
391 3508 447 3562 δὲ
479 3506 707 3578 μηδέπω
728 3507 933 3560 τούτων
951 3508 1396 3576 καταξιωθέντες,
1421 3510 1599 3565 πάντα
1625 3512 1892 3584 πράττετε

306 3589 445 3645 ὥστε
474 3589 899 3661 καταξιωθῆναι,
928 3591 1014 3644 ῖνα
1032 3589 1320 3662 γενώμεθα
1341 3593 1500 3664 σῶμα
1526 3594 1602 3662 ἐν,
1632 3595 1718 3649 ἵνα
1742 3588 1893 3667 ὦμεν

303 3674 542 3745 ἀδελφοί.
583 3672 732 3738 Ἕως
759 3674 859 3745 μὲν
885 3675 994 3745 γὰρ
1034 3674 1101 3728 ἂν
1133 3676 1273 3730 κατά
1304 3678 1461 3731 τοῦτο
1497 3678 1890 3751 διεστήκωμεν,

306 3758 411 3812 κᾶν
433 3760 617 3829 πατήρ
654 3773 740 3821 τις
768 3754 825 3832 ᾖ,
856 3759 959 3811 κᾶν
995 3758 1244 3828 ἀδελφὸς,
1284 3760 1388 3814 κᾶν
1426 3761 1678 3816 ὁστισοῦν
1717 3762 1889 3836 [147],

304 3840 518 3894 οὐδέπω
552 3842 820 3912 συγγενής
842 3841 956 3894 ἐστι
978 3843 1217 3911 γνήσιος,
1231 3843 1330 3914 τῆς
1349 3845 1555 3899 ἀνωθεν
1574 3848 1892 3916 συγγενείας

304 3922 723 3993 διεσπασμένος.
745 3924 811 3976 Τί
832 3924 944 3997 γὰρ
970 3924 1160 3995 ὄφελος
1187 3926 1293 3980 ἀπὸ
1327 3927 1420 3980 τοῦ
1450 3929 1673 4000 πηλίνου
1703 3932 1893 3999 γένους

307 4007 596 4087 συνῆφθαι,
622 4008 753 4062 ὅταν
775 4009 884 4063 ἀπὸ
918 4009 1012 4063 τοῦ
1047 4012 1418 4082 πνευματικοῦ
1452 4014 1527 4085 μὴ
1558 4017 1893 4087 συνημμένοι

304 4085 493 4163 ὢμεν;
533 4095 686 4146 ποῖον
723 4093 783 4147 δέ
833 4094 1025 4166 κέρδος
1072 4096 1173 4166 τῆς
1223 4098 1281 4151 ἐν
1319 4100 1385 4170 τῇ
1432 4102 1503 4169 γῇ
1552 4085 1890 4171 ἀγχιστείας,

304 4176 430 4231 ὅταν
454 4179 513 4231 ἐν
536 4181 647 4241 τοῖς
679 4178 928 4249 οὐρανοῖς
946 4179 1215 4250 ἀλλότριοι
1237 4174 1386 4251 ὦμεν
1409 4199 1421 4245 ;
1460 4183 1760 4254 Ἀλλότριος
1783 4187 1890 4258 γὰρ

306 4261 335 4313 6
364 4261 773 4331 κατηχούμενος
796 4260 888 4315 τοῦ
918 4262 1132 4317 πιστοῦ.
1163 4265 1236 4316 Οὐ
1265 4263 1373 4333 γὰρ
1398 4265 1508 4334 ἔχει
1528 4266 1770 4335 κεφαλὴν
1792 4269 1890 4339 τὴν

308 4342 498 4414 αὐτὴν,
552 4343 655 4398 οὐκ
705 4343 820 4416 ἔχει
855 4345 1076 4417 ’πατέρα
1117 4346 1210 4399 τὸν
1241 4346 1423 4408 αὐτὸν,
1467 4349 1567 4402 οὐκ
1595 4348 1705 4417 ἔχει
1738 4351 1890 4406 πόλιν

309 4427 403 4498 τὴν
432 4427 626 4498 αὐτὴν,
650 4428 711 4481 οὐ
739 4429 965 4500 τροφὴν,
993 4430 1092 4483 οὐκ
1112 4430 1337 4499 ἔνδυμα,
1375 4431 1436 4484 οὐ
1461 4431 1761 4504 τράπεζαν,
1790 4435 1892 4490 οὐκ

308 4509 501 4573 οἰκίαν,
531 4510 672 4564 ἀλλά
700 4512 877 4565 πάντα
900 4510 1300 4584 ἐξηλλαγμένα.
1332 4515 1443 4568 Καὶ
1458 4515 1567 4587 γὰρ
1599 4517 1773 4571 πάντα
1798 4519 1890 4573 ἐπὶ

308 4592 409 4663 γῆς
421 4593 621 4665 τούτῳ,
652 4594 721 4647 τά
754 4592 932 4647 πάντα
954 4597 1012 4648 ἐν
1043 4595 1290 4667 οὐρανοῖς
1316 4598 1511 4670 ἐκείνῳ
1538 4610 1560 4638 ε
1590 4617 1604 4631 ·
1637 4599 1890 4671 βασιλεὺς

303 4676 477 4748 τούτῳ
499 4680 530 4732 6
556 4676 810 4748 Χριστὸς,
854 4676 1048 4750 ἐκείνῳ
1089 4679 1146 4732 δὲ
1184 4681 1217 4751 ὴ
1249 4680 1494 4753 ἁμαρτία
1525 4683 1621 4738 καὶ
1658 4688 1686 4738 6
1711 4685 1890 4741 διάϐο-

304 4759 395 4825 λος
413 4779 429 4792 ο
457 4760 640 4833 τρυφὴ
668 4761 844 4832 τούτῳ
876 4761 974 4831 μὲν
995 4764 1024 4816 6
1051 4763 1304 4835 Χριστὸς,
1342 4766 1534 4838 ἐκείνῳ
1568 4767 1626 4822 δὲ
1649 4770 1681 4840 ἡ
1718 4786 1889 4842 σηπο-

308 4844 440 4927 μένη
470 4845 564 4927 καὶ
596 4843 949 4918 φθειρομένη.
983 4846 1093 4898 Kal
1121 4845 1322 4918 ἔνδυμα
1362 4850 1545 4915 πάλιν,
1581 4852 1754 4925 τούτῳ
1789 4855 1888 4927 μὲν

303 4926 372 4981 τὰ
388 4926 572 4999 σητῶν
600 4927 757 4999 ἔργα,
791 4927 987 4998 ἐκείνῳ
1010 4928 1066 4982 δὲ
1094 4930 1121 4981 6
1146 4928 1253 4983 τῶν
1297 4932 1543 5001 ἀγγέλων
1580 4938 1884 5008 Δεσπότης·

306 5010 457 5090 πόλις
483 5010 660 5082 τούτῳ
699 5011 799 5081 μὲν
838 5012 867 5065 6
901 5013 1148 5083 οὐρανὸς,
1179 5015 1372 5087 ἐκείνῳ
1399 5017 1455 5070 δὲ
1492 5020 1525 5090 ἠ
1575 5020 1668 5090 γῆ.
1718 5023 1886 5077 Ὅταν

301 5089 393 5147 οὖν
446 5095 614 5166 μηδὲν
659 5094 876 5166 ἔχωμεν
926 5096 1136 5162 κοινὸν,
1178 5099 1320 5153 κατὰ
1364 5101 1417 5153 τί
1460 5089 1882 5178 κοινωνήσομεν,

363 5260 390 5323 ξ
431 5258 584 5323 Βανῇι.
626 5260 753 5323 ὐμῖνίᾲ
776 5260 1083 5310 ἐκκαλύπτων
1121 5279 1168 5312 κ.
1213 5281 1256 5313 τ.
1292 5265 1335 5313 λ.
1379 5266 1551 5317 Morel.
1579 5268 1886 5323 ἐκκαλύπτων

300 5321 405 5379 ὑμῖν
520 5320 705 5389 ἔνεστιν
724 5321 916 5389 ἀνωθεν.
983 5324 1012 5364 Ι»
1031 5324 1187 5389 ξεινὶΙ,
1212 5326 1435 5389 θάπτεται
1456 5331 1609 5389 κάτω,
1635 5334 1715 5380 καί
1738 5320 1874 5383 κατα·

299 5382 563 5454 παντίζεται
589 5383 654 5450 είς
685 5383 818 5454 τέλος
844 5384 1129 5454 ἅπας’-εἶτα,
1160 5387 1291 5437 ἀναν.
1322 5382 1879 5454 Mor_ellium'sequimuf,

305 5443 326 5471 ε
355 5443 469 5490 Ηεεσ
490 5443 716 5514 τοιαῦτα,
738 5444 892 5514 τούτῳ
916 5456 967 5496 et
991 5447 1174 5509 ἐκείνῳ,
1220 5461 1355 5514 ηωιο
1374 5451 1432 5499 ad
1454 5454 1641 5514 πιστόν,
1668 5443 1797 5506 ἠυυσ
1814 5443 1881 5508 σά

303 5503 660 5581 Ψχούμενρν
684 5503 1005 5581 famularum!
1036 5503 1202 5581 comi-:3
1233 5512 1437 5581 rigifiam
1462 5503 1640 5581 _leg_¢ni
1682 5503 1879 5581 litigat;

303 5562 483 5611 Veniin
521 5562 572 5629 ἰᾷ
595 5562 813 5629 ξοτιεεεε
846 5562 1148 5617 librariorum
1185 5562 1387 5621 inchize
1417 5562 1880 5629 εᾶευῗὶὺιιιυ-ιῖ-σθίονκ

1261 303 1325 359 IN
1366 302 1686 361 JOANNEM
1728 299 1964 359 HOMIL.

2007 298 2172 357 XXV.
2240 305 2310 360 al.
2354 304 2543 363 XXIV-
3494 311 3598 368 I52

2012 418 2131 473 είπέ
2162 437 2288 490 μοις
2338 418 2498 474 Ἀλλά
2528 418 2626 485 τὰς
2652 420 2822 486 αὐτὸς
2854 422 3125 495 ἐλύσαμεν
3161 424 3376 492 ὠδῖνας,
3412 428 3506 481 καὶ
3534 432 3600 483 ἐκ

2015 503 2143 572 μιᾶς
2172 502 2514 574 προήλθομεν
2548 505 2818 576 γαστρόςς
2877 506 3016 560 Ἀλλ’
3067 508 3220 564 οὐδὲν
3260 509 3421 565 τοῦτο
3464 511 3601 583 πρὸς

2013 586 2336 654 συγγένειαν
2372 586 2472 658 τὴν
2510 587 2931 661 ἀκριϐεστάτην.
2969 591 3369 664 Σπουδάσωμεν
3422 593 3600 648 τοίνυν

2010 668 2111 739 τῆς
2150 670 2264 724 ἀνω
2292 669 2499 734 πόλεως
2537 670 2788 739 γενέσθαι
2820 672 3055 727 πολῖται.
3116 676 3294 745 Μέχρι
3332 676 3477 741 τίνος
3506 678 3597 731 ἐπὶ

2010 752 2108 823 τῆς
2143 753 2438 827 ὑπερορίας
2478 754 2745 825 μένομεν;
2789 755 2907 809 δέον
2940 758 3040 829 τὴν
3080 758 3313 829 ἀρχαίαν
3367 762 3601 834 πατρίδα

2010 835 2306 890 ἀπολαϐεῖν
2324 853 2339 867 ·
2380 837 2516 892 Οὐδὲ
2536 838 2647 908 γάρ
2676 838 2806 909 περὶ
2833 838 2942 893 τῶν
2967 839 3240 911 τυχόντων
3264 843 3294 894 6
3331 841 3597 907 κίνδυνος.

2024 918 2164 973 Ἀλλ’
2216 923 2265 974 εί
2296 921 2527 990 γένοιτο,
2580 921 2610 975 6
2652 921 2727 993 μὴ
2756 922 2989 990 γένοιτο,
3041 924 3450 997 ἀπροσδοκήτου
3502 922 3601 999 τῆς

2009 1001 2267 1075 τελευτῆς
2304 1003 2658 1075 ἐπελθούσης,
2702 1006 2983 1076 ἀμυήτους
3023 1007 3272 1061 ἐντεῦθεν
3306 1009 3597 1074 ⁵ἁπελθεῖν,

2008 1084 2115 1138 κᾶν
2147 1086 2316 1158 μυρία
2350 1087 2565 1159 ἔχωμεν
2596 1086 2802 1156 ἁγαθά,
2840 1088 2992 1143 οὐδὲν
3033 1091 3180 1161 ἡμᾶς
3211 1091 3396 1161 ἐτερον
3424 1091 3599 1146 διαδέ-

2010 1166 2225 1235 ξεταιά,
2260 1169 2294 1241 ἢ
2330 1170 2523 1239 γέεννα
2552 1170 2647 1223 καὶ
2677 1170 2894 1242 σκώληξ
2928 1171 3151 1237 ίοϐόλος,
3182 1173 3273 1227 καὶ
3300 1173 3409 1245 πῦρ
3437 1174 3600 1229 ἀσϐι-

2011 1266 2156 1312 στον.
2190 1252 2285 1305 καὶ
2323 1251 2500 1322 δεσμά
2547 1252 2738 1307 ἀλυτα.
2800 1253 2963 1307 Ἀλλά
2995 1254 3070 1327 μὴ
3097 1255 3305 1324 γένοιτό
3346 1273 3465 1310 τινα
3492 1255 3600 1311 τῶν

2008 1333 2184 1389 ταῦτα
2212 1335 2518 1391 ἀκουόντων
2546 1336 2763 1408 ἐκείνης
2805 1338 3131 1410 πειραθῆναι
3170 1340 3269 1410 τῆς
3300 1341 3596 1405 κολάσεως.

2010 1418 2180 1473 Τοῦτο
2209 1420 2266 1473 δὲ
2295 1419 2467 1481 ἔσται,
2495 1420 2560 1473 ἂν
2588 1420 2697 1475 τῶν
2732 1422 2903 1492 ἀγίων
2928 1424 3357 1490 καταξιωθέντες
3394 1443 3600 1499 μυστη-

2014 1503 2163 1576 ρίων,
2195 1505 2395 1578 χρυσὸν
2425 1507 2519 1559 καὶ
2546 1506 2787 1579 ἄργυρον
2819 1509 2913 1562 καὶ
2943 1508 3125 1573 λίθους
3147 1510 3361 1581 τιμίους
3397 1513 3597 1567 οίκοδον

2012 1587 2273 1658 μήσωμεν
2314 1588 2407 1642 ἐπὶ
2448 1589 2541 1641 τὸν
2581 1589 2849 1659 θεμέλιον.
2887 1590 3045 1645 Οὐτω
3095 1591 3204 1664 γάρ
3256 1593 3600 1665 δυνησόμεθα

2010 1672 2333 1734 ἀπελθόντες
2368 1674 2485 1725 ἐκεῖ
2513 1673 2750 1743 φανῆναι
2798 1673 3064 1736 πλούσιοι,
3099 1676 3227 1729 ὅταν
3260 1675 3335 1748 μὴ
3364 1676 3600 1731 ἐνταῦθα

2009 1755 2266 1825 χρήματα
2302 1753 2742 1825 καταλείψωμεν,
2782 1756 2920 1810 ἀλλά
2961 1758 3420 1829 μετακομίσωμεν
3460 1760 3601 1831 πρὸς

2006 1837 2134 1902 τοὺς
2170 1836 2402 1902 ἀσύλους
2437 1837 2746 1910 θησαυροὺς
2793 1839 2881 1895 διά
2907 1840 3017 1895 τῶν
3046 1841 3244 1913 χειρῶν
3281 1843 3389 1896 τῶν
3426 1845 3598 1915 πενή-

2006 1937 2136 1973 τωνο
2166 1921 2294 1974 ὅταν
2331 1920 2668 1992 δανείσωμεν
2702 1921 2780 1993 τῷ
2809 1923 3052 1994 Χριστῷ.
3097 1924 3275 1979 Πολλά
3306 1924 3596 1997 ὀφείλομεν

2008 2002 2145 2066 ἐκεῖ,
2201 2003 2264 2056 οὐ
2313 2004 2592 2074 χρήματα,
2629 2003 2747 2058 ἀλλ’
2791 2006 3185 2078 ἁμαρτήματα.
3247 2006 3599 2079 Δανείσωμεν

2006 2087 2195 2155 τοίνυν,
2222 2086 2372 2157 αὐτῷ
2396 2090 2653 2158 χρήματα
2680 2104 2694 2118 ο
2746 2088 2833 2144 ῖνα
2884 2088 3139 2161 λάϐωμεν
3179 2090 3598 2162 ἁμαρτημάτων

2009 2168 2384 2241 συγχώρησινο
2414 2170 2576 2235 αὐτὸς
2611 2172 2719 2244 γάρ
2764 2174 2910 2226 ἐστιν
2949 2174 2978 2227 6
3003 2172 3257 2238 δικάζων.
3306 2174 3398 2240 Μὴ
3434 2192 3592 2247 περι-

2012 2253 2208 2325 ίδωμεν
2247 2252 2410 2307 αὐτὸν
2448 2254 2683 2309 ἐνταῦθα
2729 2256 3020 2322 πεινῶντα,
3054 2256 3142 2311 ῖνα
3169 2259 3264 2311 καὶ
3295 2258 3456 2321 αὐτὸς
3481 2260 3598 2313 ἐκεῖ

2006 2338 2155 2407 ἡμᾶς
2175 2336 2464 2408 διαθρέψῃ.
2519 2338 2788 2392 Ἐνταῦθα
2828 2340 3140 2411 ἐνδύσωμεν
3170 2340 3355 2408 αὐτὸν,
3392 2341 3478 2395 ῖνα
3516 2344 3592 2414 μὴ

2004 2419 2116 2490 ἀφῇ
2148 2422 2297 2490 ἡμᾶς
2324 2421 2565 2492 γυμνοὺς
2600 2424 2701 2493 τῆς
2742 2422 3042 2492 ἀσφαλείας
3079 2423 3177 2494 τῆς
3221 2425 3351 2494 παρ’
3401 2422 3589 2479 αὐτοῦ.

2017 2502 2144 2559 Ἐὰν
2170 2502 2405 2558 ἐνταῦθα
2444 2504 2606 2557 αὐτὸν
2656 2505 2989 2576 ποτίσωμεν,
3034 2507 3135 2560 οὐκ
3176 2506 3410 2578 ἐροῦμεν
3450 2508 3595 2563 κατά

2003 2586 2094 2641 τὸν
2123 2586 2401 2652 πλούσιον,
2436 2587 2687 2656 Πέμψον
2724 2586 3017 2656 Λάζαρον,
3058 2591 3160 2643 ἵνα
3187 2589 3348 2658 ἄκρῳ
3377 2588 3458 2655 τῷ
3489 2590 3594 2644 6a-

2002 2671 2202 2735 κτύλῳ
2224 2669 2523 2737 ἐπιστάεῃ
2563 2668 2638 2738 τῇ
2670 2669 2923 2741 γλώσσῃ
2969 2670 3141 2741 ἡμῶν
3177 2670 3592 2742 duom-parite.

1994 2752 2174 2820 μένῃ.
2217 2752 2342 2805 Ἐἀν
2373 2751 2607 2806 ἐνταῦθα
2634 2755 2713 2817 είς
2741 2752 2840 2817 τὰς
2857 2753 3036 2818 οίκίας
3064 2754 3222 2826 ημῶν
3235 2756 3398 2809 αὐτὸν
3422 2755 3587 2822 δεξώ-

2004 2835 2145 2904 μεθα
2178 2846 2223 2900 ο,
2248 2837 2367 2889 ἐκεῖ
2389 2834 2591 2899 πολλὰς
2630 2836 3046 2905 παρασκευάσει
3076 2837 3242 2908 μονὰς
3267 2839 3421 2910 ἡμῖν.
3463 2839 3591 2894 Ἐὰν

2002 2917 2329 2989 ἀπέλθωμεν
2357 2917 2494 2988 πρὸς
2523 2918 2687 2971 αὐτὸν
2727 2921 2786 2972 ἐν
2825 2918 3042 2990 φυλακῇ
3091 2919 3243 2985 ὄντα,
3285 2922 3379 2975 καὶ
3427 2922 3589 2988 αὐτὸς

2002 3001 2149 3072 ἡμᾶς
2174 2999 2474 3064 ἀπαλλάξει
2501 3000 2609 3053 τῶν
2640 3001 2874 3072 δεσμῶν.
2925 3002 3050 3057 Ἐἀν
3095 3002 3242 3068 ξένον
3279 3004 3408 3057 ὄντα
3464 3021 3587 3059 συν-

2000 3084 2320 3154 αγάγωμεν,
2348 3084 2409 3136 οὐ
2445 3083 2765 3153 περιόψεται
2787 3083 2971 3149 ξένους
3002 3087 3152 3156 ἡμᾶς
3169 3085 3330 3150 ὄντας
3353 3086 3456 3156 τῆς
3486 3086 3586 3158 βα·-

2001 3164 2206 3227 σιλείας
2236 3164 2344 3218 τῶν
2370 3164 2636 3242 οὐρανῶν,
2665 3165 2801 3219 ἀλλά
2837 3167 3138 3237 μεταδώσει
3176 3170 3308 3239 ἡμῖν
3349 3170 3451 3241 τῆς
3482 3171 3583 3224 πό-

1997 3246 2133 3311 λεως
2188 3247 2289 3318 τῆς
2333 3248 2464 3302 ἀνω.
2529 3247 2654 3302 Ἐὰν
2704 3248 2904 3321 ἀσθενῆ
2954 3249 3083 3304 ὅντα
3133 3251 3582 3323 ἐπισκεψώμεθα,

1995 3331 2208 3402 ταχέως
2236 3329 2593 3402 ἐλευθερώσει
2630 3332 2777 3402 ἡμᾶς
2820 3334 2916 3386 καὶ
2959 3333 3123 3397 αὐτὸς
3152 3332 3263 3387 τῶν
3287 3334 3583 3389 ἀσθενειῶν

1996 3414 2173 3485 ήμῶν.
2211 3414 2296 3477 Ὠς
2321 3410 2416 3468 οὖν
2447 3412 2658 3485 μεγάλα
2687 3413 3058 3484 λαμϐάνοντες
3084 3416 3180 3470 καὶ
3210 3416 3383 3487 μικρά
3415 3418 3582 3472 διδόν-

1995 3513 2108 3561 τες,
2132 3495 2234 3551 κᾶν
2262 3496 2331 3550 τά
2368 3497 2539 3567 μικρὰ
2567 3496 2746 3567 δῶμεν
2778 3491 2946 3570 [148].
2989 3499 3075 3552 ἵνα
3111 3500 3579 3572 ἐμπορευσώμεθα

1993 3580 2063 3635 τὰ
2092 3579 2321 3651 μεγάλα.
2371 3580 2460 3643 Ὠς
2483 3579 2564 3633 ἔτι
2602 3579 2812 3649 καιρὸς,
2850 3582 3182 3652 σπείρωμεν,
3222 3582 3308 3636 ἴνα
3352 3583 3582 3655 ἀμήσωο

1998 3678 2116 3734 μεν.
2144 3662 2312 3714 Ὅταν
2342 3662 2370 3714 6
2399 3661 2604 3732 χειμὼν
2632 3662 2935 3736 καταλάϐῃ,
2960 3664 3087 3719 ὅταν
3125 3666 3159 3736 ἡ
3200 3664 3445 3719 θάλασσα
3479 3666 3579 3722 οὐκ

1994 3745 2076 3798 ἐτι
2106 3744 2357 3814 πλέηται,
2391 3745 2493 3798 οὐκ
2533 3743 2614 3798 ἔτι
2663 3744 2841 3815 κύριοι
2878 3746 2978 3816 τῆς
3028 3746 3297 3819 ἐμπορίας
3336 3747 3356 3787 ί
3388 3749 3577 3820 ἐσμέν.

1995 3828 2131 3881 Πότε
2153 3826 2210 3881 δὲ
2244 3826 2398 3880 ἔσται
2421 3828 2449 3881 6
2481 3826 2724 3899 χειμών;
2760 3829 2927 3882 Ὅταν
2968 3831 3001 3900 ἡ
3045 3829 3229 3901 ἡμέρα
3263 3832 3516 3904 ἐπισταίη
3543 3836 3578 3904 ή

1999 3910 2230 3982 μεγάλη,
2261 3911 2382 3963 τότε
2412 3910 2597 3980 ἐκείνη
2626 3913 2722 3965 καὶ
2747 3913 3040 3982 ἐπιφανής.
3074 3912 3208 3965 Τότε
3240 3914 3347 3985 γὰρ
3376 3914 3476 3968 οὐκ
3498 3915 3576 3968 έτι

1996 3992 2339 4063 πλευσόμεθα
2370 3993 2470 4061 τὴν
2509 3993 2784 4047 θάλασσαν
2820 3991 3029 4065 ταύτην
3063 3994 3160 4064 τὴν
3200 3995 3444 4067 μεγάλην
3483 3998 3577 4051 καὶ

1997 4076 2308 4147 εὐρύχωρον
2333 4090 2347 4104 ⁸
2398 4074 2570 4146 ταύτῃ
2604 4074 2715 4143 γάρ
2745 4076 2773 4127 6
2804 4074 2994 4146 παρὼν
3023 4075 3166 4128 ἔοικε
3209 4077 3341 4147 βίος.
3388 4076 3503 4131 Νῦν
3548 4082 3578 4133 6

1996 4159 2090 4212 τοῦ
2121 4160 2336 4227 σπεῖραι
2365 4157 2575 4226 καιρὸς,
2606 4157 2728 4209 τότε
2773 4158 2801 4210 6
2838 4156 2934 4210 τοῦ
2966 4158 3208 4227 ἀμᾶσθαι
3239 4161 3331 4212 καὶ
3359 4160 3576 4231 κερδαίο

1994 4258 2124 4295 νειν.
2180 4240 2306 4292 Ἐάν
2338 4257 2421 4302 τις
2445 4240 2503 4291 ἐν
2536 4238 2614 4309 τῷ
2636 4237 2814 4308 καιρῷ
2842 4238 2936 4292 τοῦ
2971 4239 3173 4312 σπόρου
3194 4241 3267 4311 μὴ
3292 4243 3577 4318 καταϐάλῃ

1995 4323 2306 4393 σπέρματα,
2331 4323 2387 4374 ἐν
2417 4322 2614 4393 ἀμήτῳ
2641 4321 2901 4392 σπείρων,
2932 4322 3067 4394 πρὸς
3094 4322 3171 4394 τῷ
3198 4324 3364 4395 μηδὲν
3395 4325 3578 4380 ἀνύειν

1992 4406 2087 4460 καὶ
2120 4403 2521 4474 καταγέλαστος
2547 4404 2717 4458 ἐσται.
2746 4405 2810 4459 Εἰ
2838 4403 2895 4458 δὲ
2924 4405 3125 4476 σπόρου
3155 4407 3301 4460 ἐστὶν
3328 4410 3357 4462 6
3386 4408 3577 4481 παρὼν

1993 4488 2200 4559 καιρὸς,
2238 4488 2300 4541 οὐ
2332 4486 2426 4541 τοῦ
2451 4487 2749 4557 συλλέγειν,
2775 4486 2910 4542 ἀλλά
2931 4487 3025 4542 τοῦ
3058 4489 3371 4560 σκορπίζειν
3387 4490 3577 4564 καιρὸς

1991 4570 2057 4626 ἂν
2088 4571 2172 4642 εἴη
2208 4570 2394 4624 λοιπόν
2430 4574 2474 4624 ε.
2518 4572 2914 4643 Σκορπίσωμεν
2952 4571 3153 4635 τοίνυν,
3205 4573 3291 4627 ἴνα
3338 4576 3575 4645 συναγά⁹

1990 4671 2177 4725 γωμεν
2198 4671 2212 4685 ·
2259 4654 2334 4725 μὴ
2366 4653 2716 4726 βουληθῶμεν
2748 4657 3074 4724 συναγαγεῖν
3104 4657 3219 4720 νῦν,
3264 4658 3349 4712 ῖνα
3380 4657 3456 4730 μὴ
3485 4659 3575 4715 τὸν

1989 4738 2199 4809 ἀμητὸν
2224 4738 2600 4808 ἀπολέσωμεν.
2624 4733 2795 4801 Οὗτος
2822 4737 2952 4808 γὰρ,
2981 4739 3118 4810 ὅπερ
3144 4739 3299 4812 ἔφην,
3321 4743 3349 4795 6
3384 4742 3575 4813 καιρὸς

1990 4822 2083 4875 ἐπὶ
2108 4822 2169 4875 τὸ
2201 4821 2444 4889 σπείρειν
2475 4820 2648 4883 καλεῖ,
2693 4822 2789 4874 καὶ
2838 4821 3083 4893 δαπανᾷν
3115 4825 3208 4877 καὶ
3238 4824 3573 4888 ἀναλίσκειν,

1989 4907 2089 4959 οὐκ
2132 4906 2225 4959 ἐπὶ
2254 4905 2313 4958 τὸ
2353 4904 2631 4973 συλλέγειν
2683 4904 2775 4959 καὶ
2820 4907 3192 4960 ἀποτίθεσθαι.
3254 4908 3346 4978 Μὴ
3394 4909 3578 4963 τοίνυν

1990 4988 2274 5060 προδῶμεν
2326 4986 2425 5058 τὴν
2474 4988 2776 5059 εὐκαιρίαν,
2821 4987 2956 5041 ἀλλὰ
2998 4988 3192 5058 δαψιλῆ
3235 4988 3326 5041 τὸν
3375 4991 3578 5060 σπόρον

1988 5070 2401 5139 καταϐάλωμεν,
2461 5070 2554 5123 καὶ
2605 5069 2830 5140 μηδενὸς
2874 5069 3187 5140 φεισώμεθα
3236 5069 3346 5124 τῶν
3402 5072 3574 5137 ἔνδον,

1990 5156 2076 5209 ἴνα
2112 5152 2251 5225 μετά
2290 5151 2490 5221 πολλῆς
2523 5153 2662 5205 αὐτά
2686 5153 3048 5222 ἀπολάϐωμεν
3090 5152 3188 5223 τῆς
3228 5152 3573 5219 ἀντιδόσεως,

1989 5242 2169 5311 χάριτι
2218 5238 2312 5291 καὶ
2364 5234 2741 5306 φιλανθρωπίᾳ
2781 5235 2874 5287 τοῦ
2925 5236 3131 5304 Κυρίου
3175 5235 3332 5305 ἡμῶν
3394 5236 3575 5309 Ἰησοῦ

1988 5321 2247 5392 Χριστοῦ,
2293 5320 2411 5391 μεθ’
2449 5315 2508 5372 οὗ
2550 5318 2625 5389 τῷ
2668 5318 2844 5388 Πατρὶ
2891 5320 2923 5387 ἡ
2964 5318 3106 5381 δόξα,
3154 5319 3271 5390 ἅμα
3311 5319 3387 5390 τῷ
3429 5321 3577 5393 ἀγίφ

1992 5406 2288 5478 Πνεύματι,
2329 5407 2407 5468 εἰς
2430 5406 2553 5464 τοὺς
2582 5402 2780 5463 αἰῶνας
2816 5401 2924 5452 τῶν
2949 5401 3176 5456 αἰώνων.
3233 5404 3424 5476 ’Λμήν.

2052 5588 2078 5627 ἀ
2126 5589 2208 5652 εἰς)
2254 5587 2425 5652 Morel.
2468 5584 2616 5652 ςειπὶι.
2645 5587 2879 5652 μλήψεται.
2953 5587 3167 5652 939:“.
3189 5650 3196 5652 ν
3221 5590 3570 5652 ὐποδέξώμεθα.

302 5625 1239 5709 mnfﬁgga-éﬁgviLl-Lgl‘66dd1‘795,’796
1265 5636 1430 5709 τροφῇ.
1461 5636 1584 5709 Infra
1614 5652 1677 5687 cx
1707 5625 1880 5692 ίίεὲιῐιῆ

2001 5648 2017 5687 ί
2443 5625 2621 5709 ταύτης
2642 5625 2789 5695 Sag“.
2815 5655 2865 5698 e1
2892 5650 3029 5697 codd.
3055 5625 3164 5705 ξοδ,
3188 5625 3283 5698 70έὶ
3324 5625 3567 5698 Μδκῗοιίῖ

302 5685 498 5795 ιτιῐῗιιὲ
537 5692 656 5734 ante
689 5687 923 5748 ἀγγέλων,
963 5691 1153 5757 οὐρανός
1196 5698 1246 5743 et
1276 5685 1882 5757 éxgjtéearémv—aéc—éggét

306 5756 388 5793 run
417 5781 428 5792 .
480 5757 599 5793 ‘mr.

306 5756 428 5793 runt.
461 5756 599 5793 LDIT.

1895 5968 1960 5977 σπι-

1989 5711 2080 5757 705
2105 5712 2270 5772 ἐπιστῇ
2305 5708 2402 5768 ίιιτο
2437 5708 2671 5765 ἐπισταίη.
2743 5712 2766 5750 8
2790 5712 2991 5771 Quidam
3040 5711 3305 5772 σκορπίζειν
3345 5712 3369 5759 6
3410 5709 3574 5769 καιρός

1992 5774 2117 5817 ἐστιν
2139 5770 2290 5825 οὗτος.
