4068 6136
456 315 559 370 153

1139 309 1196 365 5.
1237 306 1520 364 JOANNIS
1555 305 2045 364 CIIRYSOSTOMI
2083 306 2402 366 ARCIIIEP.
2443 309 2996 370 CONSTANTINOP.

3623 320 3724 377 ΓΗ

1868 522 2117 578 unum
2155 523 2297 591 κτα.

457 605 528 658 Τὸ
557 600 996 674 γεγεννημένον
1033 599 1101 653 ἐκ
1127 597 1246 674 Δτῆς
1285 597 1535 674 σαρκὸς,
1560 595 1718 662 σάρξ
1751 594 1903 648 ἐστι·
1924 595 2034 674 3ιαί

2143 596 2362 666 σαρκός.
2394 595 2488 649 Διὸ
2521 597 2796 652 καὶτοῦτο
2824 597 3000 668 δηλῶν
3034 600 3062 652 ό
3096 599 3306 663 Παῦλος
3337 600 3512 669 ἔλεγε·
3544 606 3730 659 Γενό-

523 662 587 754 τό
628 662 1067 743 γεγεννημένον
1113 662 1330 723 ἐκτοῦ
1363 662 1748 735 πνεύματος,
1799 662 2038 733 πνεῦμά
2133 662 2322 746 μείρος
2360 679 2476 732 οέκ
2516 681 2822 749 γυναικὸς⁸
2864 662 3176 751 ,μενόμενος
3231 662 3350 738 ww
3397 662 3604 754 νδμον.
3655 690 3732 742 τὸ

525 761 716 800 εστιν.

525 827 593 880 α’.
614 827 875 895 Μεγάλων
901 826 1047 896 ἡμᾶς
1077 822 1389 895 μυστηρίων
1412 819 1749 890 κατηξίωσεν
1769 818 1798 870 6
1826 833 2040 888 μονογε⁸

454 911 553 981 νὴς
583 911 710 974 Υἱὸς
738 908 830 962 τοῦ
856 908 1009 961 Θεοῦ·
1038 906 1311 978 μεγάλων,
1334 905 1429 958 καὶ
1448 903 1576 956 οἴων
1598 903 1759 981 ἡμεῖς
1783 896 1931 971 οὑκῆ
1941 916 2039 970 μεν

455 979 615 1060 ἄξιοι,
647 992 760 1045 ἀλλ’
788 992 912 1044 οἴων
945 989 1093 1059 αὐτῷ
1131 988 1393 1058 παρέχειν
1441 985 1650 1056 πρέπον
1679 979 1768 1055 ἦν.
1806 984 1904 1037 ’Ἂν
1939 982 2040 1054 μὲν

455 1078 565 1147 γάρ
591 1076 689 1147 τὴν
728 1076 882 1140 ἀξίαν
909 1075 1007 1145 τὴν
1043 1073 1314 1143 ἡμετέραν
1343 1068 1627 1140 λογίσηται
1651 1085 1755 1133 τις,
1788 1069 1848 1120 οὐ
1880 1065 2041 1136 μόνον

455 1160 556 1228 τῆς
583 1160 788 1227 δωρεᾶς
808 1155 950 1229 ἦμεν
979 1155 1207 1219 ἀνάξιοι,
1234 1153 1369 1206 ἀλλὰ
1388 1153 1481 1206 καὶ
1507 1151 1781 1212 κολάσεως
1807 1147 2043 1202 ὑπεύθυ-

457 1260 538 1296 νοι
568 1243 663 1296 καὶ
686 1240 974 1310 τιμωρίας.
1016 1237 1231 1306 Ἐπειδὴ
1259 1236 1315 1288 δὲ
1343 1235 1404 1288 ού
1433 1235 1568 1305 πρὸς
1599 1233 1757 1288 τοῦτο
1782 1229 1942 1294 εἶδεν,
1979 1231 2040 1284 ού

461 1328 618 1398 μόνον
649 1325 919 1387 κολάσεως
943 1321 1270 1393 ἀπήλλαξεν,
1303 1319 1436 1374 ἀλλά
1463 1320 1556 1372 καί
1577 1317 1721 1389 ζωὴν
1751 1317 2043 1389 ἐχαρίσατο

461 1409 638 1478 πολλῷ
668 1408 764 1478 τῆς
795 1407 1064 1476 προτέρας
1091 1402 1477 1474 λαμπροτέραν
1505 1415 1553 1465 ι,
1587 1402 1667 1463 εἰς
1703 1400 1861 1455 ἄλλον
1895 1401 2043 1470 ἡμᾶς

459 1495 721 1564 εἰσήγαγε
769 1492 993 1562 κόσμον,
1034 1489 1226 1562 ἑτέραν
1276 1486 1677 1559 ἐδημιούργησε
1723 1485 1918 1538 κτίσιν·
1974 1483 2046 1538 El

461 1595 549 1641 τις
582 1574 692 1646 γὰρ
721 1576 790 1629 ὲν
813 1573 1046 1642 Χριστῷ
1070 1571 1247 1640 καινὴ
1270 1572 1487 1637 κτίσις,
1530 1571 1681 1639 φησί.
1721 1568 1856 1623 Ποία
1883 1570 2043 1640 καινὴ

461 1659 666 1725 κτίσις;
701 1661 965 1711 ’Ἄκουσον
1000 1655 1163 1708 αὑτοῦ
1195 1653 1466 1722 λέγοντος·
1515 1653 1651 1707 Ἐὰν
1677 1652 1761 1721 μή
1797 1670 1885 1718 τις
1914 1670 2046 1722 γεν-

461 1743 617 1810 νηθῇ
641 1741 709 1808 ἐξ
739 1741 954 1807 ὕδατος
993 1740 1093 1792 καί
1133 1740 1496 1807 Πνεύματος,
1537 1739 1609 1791 οὐ
1643 1737 1891 1790 δύναται
1923 1739 2048 1790 εἰσ-

463 1825 662 1881 ελθεῖν
704 1826 791 1888 είς
832 1822 946 1890 τὴν
981 1823 1310 1886 ,ϐασιλείαν
1351 1821 1458 1876 τοῦ
1500 1819 1669 1875 Θεοῦ.
1712 1819 2047 1893 Παράδεισον

465 1908 882 1977 ἐπιστεύθημεν,
911 1907 1004 1959 καὶ
1030 1905 1149 1958 οὐδὲ
1175 1905 1272 1974 τῆς
1303 1907 1359 1958 ἐν
1389 1903 1534 1975 αὐτῷ
1554 1904 1827 1972 διαγωγῆς
1857 1904 2051 1974 ἐφάνη·

467 2009 566 2062 μεν
614 1987 824 2054 ἄξιοιδ,
861 1989 951 2042 καὶ
1000 1989 1079 2052 εἰς
1109 1989 1235 2052 τοὺς
1273 1988 1536 2058 οὐρανοὺς
1573 1987 1720 2056 ἡμᾶς
1750 1987 2046 2054 ἀνήγαγεν.

477 2075 567 2128 Ἐν
590 2077 701 2138 τοῖς
738 2071 974 2146 πρώτοις
1003 2071 1102 2142 ούχ
1132 2069 1436 2141 εὑρέθημεν
1467 2070 1670 2134 πιστοὶ,
1699 2068 1795 2122 καὶ.
1829 2067 2051 2137 μείζονα

465 2159 814 2229 ἐνεχείρισεν·
853 2157 972 2218 ἐνὸς
1012 2153 1346 2224 ἀποσχέσθαι
1389 2153 1547 2218 ξύλου
1591 2153 1689 2207 ούκ
1729 2153 2049 2223 ἰσχύσαμεν,

465 2244 561 2296 καὶ
618 2241 716 2310 τὴν
767 2240 880 2292 ἄνω
936 2237 1178 2308 παρέσχε
1207 2236 1436 2306 τρυφήν·
1495 2238 1552 2288 ἐν
1601 2234 1908 2308 παραδείσῳ
1953 2235 2054 2288 οὐκ

467 2323 939 2397 ἐκαρτερήσαμεν,
973 2321 1217 2382 καὶτοὺς
1244 2319 1509 2388 οὐρανοὺς
1530 2320 1662 2389 ἡμῖν
1693 2317 2052 2374 ἀνεπέτασεν.

468 2407 708 2468 Εἰκότως
754 2405 938 2472 ἔλεγεν
979 2406 1008 2457 6
1055 2403 1287 2467 Παῦλος·
1327 2399 1394 2456 Ὦ
1433 2402 1624 2470 ,βάθος
1658 2404 1926 2458 πλούτου
1957 2401 2057 2456 καί

466 2490 690 2559 σοφίας
715 2488 814 2542 καὶ
848 2485 1124 2556 γνώσεως
1150 2485 1318 2541 Θεοῦ.
1351 2487 1465 2540 Οὐκ
1502 2486 1583 2539 ἐτι
1619 2487 1823 2558 μήτηρ,
1847 2488 1947 2540 οὐκ
1976 2485 2057 2539 ἐτι

467 2573 674 2636 ὠδῖνες,
699 2569 824 2624 οὔτε
856 2569 1032 2628 ῦπνοι,
1059 2571 1152 2623 καί¹
1175 2570 1452 2624 συνουσίαι
1480 2571 1574 2624 καὶ⁸
1601 2570 1932 2642 περιπλοκαί
1953 2587 2059 2623 σω-

475 2657 679 2724 μάτων·
707 2655 820 2708 ἀνω
838 2651 1022 2705 λοιπὸν
1043 2651 1328 2719 ὑῳαίνεται
1349 2654 1446 2722 τῆς
1482 2653 1752 2724 ὑμετέρας
1776 2653 1992 2722 φύσεως
2024 2652 2058 2722 ή

472 2737 809 2808 κατασκευὴ,
846 2735 952 2788 ἀπὸ
989 2734 1304 2805 Πνεύματος
1331 2737 1488 2804 ἁγίου
1517 2737 1611 2790 καὶ
1644 2735 1856 2799 ὓδατος.
1891 2737 1965 2788 T6
2003 2735 2060 2788 δέ

476 2821 626 2896 [149]
661 2821 805 2888 ὕδωρ
848 2818 1234 2890 παρείληπται,
1264 2818 1419 2883 τόκος
1461 2819 1540 2890 τῷ
1577 2819 1882 2890 τικτομένῳ
1918 2818 2064 2887 γινό-

479 2923 658 2978 μενον.
696 2906 871 2974 Ὅπερ
914 2902 1023 2972 γάρ
1059 2904 1206 2954 ἐστιν
1240 2903 1272 2972 ή
1315 2903 1496 2973 μήτρα
1520 2901 1598 2972 τῷ
1627 2902 1873 2972 ὲμϐρύῳ,
1905 2901 2066 2954 τοῦτο

477 2989 556 3060 τῷ
595 2986 770 3058 πιστῷ
810 2986 870 3039 τὸ
911 2985 1072 3056 ὕδωρ·
1118 2987 1175 3038 ἐν
1217 2984 1327 3054 γὰρ
1371 2983 1448 3054 τῷ
1488 2983 1639 3038 ὕδατι
1675 2985 2064 3038 διαπλάττεται

479 3073 574 3128 καὶ¹
615 3069 939 3144 μορφοῦται.
977 3068 1051 3122 Τὸ
1100 3070 1198 3138 μὲν
1243 3069 1353 3138 γάρ
1406 3069 1621 3138 πρῶτον
1664 3068 1899 3137 ἐλέγετο·
1938 3068 2066 3132 Ἐξ-

479 3155 748 3225 αγαγέτω
771 3153 841 3206 τὰ
877 3151 1065 3206 ὕδατα
1091 3152 1306 3218 ἑρπετὰ
1330 3151 1550 3219 ψυχῶν
1573 3148 1792 3211 ζωσῶν·
1829 3150 1891 3216 ἐξ
1923 3145 1984 3204 οῦ
2013 3151 2069 3204 δὲ

484 3238 656 3308 ἐπέϐη
690 3236 799 3290 τῶν
841 3235 1107 3306 Ἰορδάνου
1145 3245 1166 3274 ο
1206 3235 1434 3304 ῥείθρων
1466 3237 1494 3288 6
1520 3235 1814 3305 Δεσπότης,
1846 3236 1947 3289 ούκ
1991 3236 2070 3289 ἔτι

485 3321 691 3395 ἐρπετά
717 3319 902 3390 ψυχῶν
937 3318 1146 3383 ζωσῶν,
1181 3317 1316 3372 ἀλλὰ
1339 3317 1517 3388 ψυχὰς
1550 3318 1774 3386 λογικὰς
1802 3319 1895 3372 καὶ
1917 3336 2073 3372 πνευ-

488 3405 830 3476 ματοφόρους
854 3401 915 3454 τὸ
950 3400 1094 3470 ῦᾶυρ
1124 3399 1433 3455 ἀναδίδωσι.
1459 3401 1569 3454 Καὶ
1596 3400 1624 3454 6
1649 3403 1778 3472 περὶ
1797 3401 1892 3455 τοῦ
1919 3401 2070 3472 ἡλίου

486 3490 720 3558 εἴρηται,
747 3486 829 3539 ὅτι
857 3485 953 3550 Ὠς
973 3484 1231 3552 νυμφίος
1254 3483 1729 3554 ἐκπορευόμενος
1746 3486 1813 3539 ἐκ
1836 3486 2072 3540 παστοῦ

483 3569 694 3632 αὑτοῦ,
723 3568 882 3622 τοῦτο
908 3569 1034 3637 περὶ
1065 3565 1172 3619 τῶν
1199 3567 1408 3620 πιστῶν
1439 3567 1630 3640 καιρὸς
1657 3568 1723 3622 ἂν
1749 3568 1833 3639 εἴη
1870 3568 2070 3638 μᾶλλον

487 3655 680 3708 εἰπεῖν.
721 3648 907 3720 Πολλῷ
939 3650 1049 3720 γὰρ
1083 3649 1444 3719 φαιδροτέρας
1486 3651 1678 3712 ἀφιᾶσι
1719 3650 1746 3690 ἀ
1776 3650 1874 3713 τὰς
1912 3652 2070 3705 ἀκτῖ-

488 3752 585 3798 νας
619 3733 845 3788 ἐκείνου.
884 3731 1040 3785 Ἀλλά
1070 3731 1130 3784 τὸ
1163 3731 1262 3799 μὲν
1289 3733 1347 3783 ἐν
1373 3735 1438 3803 τῇ
1476 3733 1658 3803 μήτρᾳ
1678 3731 2071 3803 διαπλαττόμε-

383 3877 387 3880 ,
489 3835 600 3878 νον,
635 3816 827 3886 χρόνου
857 3814 1045 3868 δεῖται·
1073 3815 1128 3866 ἐν
1155 3811 1234 3883 τῷ
1258 3813 1409 3866 ὕδατι
1435 3813 1493 3866 δέ
1521 3815 1618 3884 οὑχ
1650 3815 1842 3878 οὕτως,
1865 3815 1981 3869 ἀλλ’
2014 3817 2072 3870 ἐν

493 3901 593 3972 μιᾷ
622 3901 762 3970 ῥοπῇ
795 3896 972 3951 πάντα
1005 3895 1238 3966 γίνεται.
1263 3895 1431 3949 Ἔνθα
1467 3896 1565 3966 μὲν
1598 3897 1706 3967 γὰρ
1741 3898 2004 3970 ἐπίκηρος
2037 3901 2070 3970 ἡ

489 3983 604 4054 ζωὴ
658 3982 755 4037 καὶ
799 3982 908 4036 ἀπὸ
954 3980 1272 4050 σωματικῆς
1312 3979 1522 4050 φθορᾶς
1574 3979 1685 4052 ἔχει
1732 3981 1832 4053 τὴν
1877 3983 2070 4054 ἀρχὴν,

492 4065 744 4138 βραδύνει
763 4065 824 4118 τὺ
840 4064 1179 4135 τικτόμενον,
1213 4062 1458 4134 (τοιαύτη
1481 4063 1589 4134 γὰρ
1617 4062 1722 4116 τῶν
1750 4064 2015 4135 σωμάτων
2037 4068 2070 4137 ὴ

490 4149 674 4220 φύσις·
717 4148 894 4220 χρόνῳ
937 4145 1342 4216 προσλαμϐάνει
1373 4145 1434 4199 τὺ
1465 4145 1713 4217 τέλειον)·
1754 4147 1848 4199 ἐπί
1875 4146 1932 4201 δὲ
1964 4147 2076 4201 τῶν

491 4231 875 4302 πνευματικῶν
909 4231 1006 4300 οὐχ
1051 4229 1211 4283 οὕτω.
1259 4228 1325 4282 Τί
1357 4230 1592 4301 δήποτε;
1627 4229 1749 4283 Ὀτι
1788 4229 1967 4294 τέλεια
2016 4229 2075 4295 ἐξ

491 4315 667 4387 ἀρχῆς
711 4312 1181 4378 κατασκευάζεται
1225 4313 1294 4366 τά
1317 4314 1616 4384 ογινόμενα.
1659 4312 1795 4366 Ἀλλ’
1828 4313 2014 4384 ἐπειδὴ
2044 4314 2074 4366 6

494 4399 796 4468 Νικόδημος
838 4397 1050 4450 ἀκούων
1099 4395 1271 4449 ταῦτα
1311 4396 1550 4465 συνεχῶς
1591 4396 1936 4466 ἐταράττετο,
1970 4397 2074 4468 ὄρα

495 4481 614 4545 πῶς
648 4480 796 4551 αὐτῷ
839 4478 1157 4548 παρανοίγει
1200 4477 1261 4531 τὸ
1299 4478 1609 4549 ἀπόρρητον
1638 4479 1731 4531 τοῦ
1772 4481 2072 4550 μυστηρίου

493 4563 705 4624 τούτου,
735 4563 829 4614 καὶ
857 4560 1023 4628 σαφὲς
1042 4560 1334 4630 ἐργάζεται
1363 4559 1425 4612 τὸ
1451 4559 1660 4629 ἀσαφὲς
1683 4562 1876 4632 ἐκείνῳ
1911 4563 2071 4627 τέως,

501 4645 572 4698 Τὸ
616 4640 1070 4712 γεγεννημένον.
1107 4640 1301 4709 λέγων,
1349 4641 1418 4695 ἐκ
1476 4639 1583 4709 τῆς
1631 4642 1880 4709 σαρκὸς,
1917 4645 2075 4711 σάρξ

466 4726 663 4779 -έστν
712 4724 778 4777 τὸ
833 4723 901 4778 δέ
944 4723 1378 4794 γεγεννημένον
1419 4723 1487 4777 ἐκ
1546 4724 1651 4780 τοῦ
1708 4725 2074 4794 Πνεύματος,

495 4805 733 4876 πνεῦμά
769 4807 959 4860 ἐστιν.
1009 4807 1232 4873 Ἀπάγει
1265 4805 1372 4859 τῶν
1401 4807 1672 4876 αἰσθητῶν
1698 4808 1860 4862 αὑτὸν
1898 4809 2075 4863 ἀπάν-

495 4908 624 4955 των,
670 4884 762 4944 καί
801 4890 902 4943 οὐκ
944 4890 1137 4960 ἀφίησι
1185 4892 1296 4952 τοῖς
1326 4890 1622 4960 ὀφθαλμοῖς
1663 4891 1874 4956 τούτοις
1922 4909 2078 4964 περι-

498 4973 836 5046 εργάσασθαι
886 4973 982 5046 τὴν
1027 4973 1433 5044 μυσταγωγίαν.
1465 4974 1540 5028 υύ
1572 4974 1680 5046 γὰρ
1714 4975 1840 5048 περὶ
1877 4977 2079 5048 σαρκὸς

496 5058 877 5128 διαλεγόμεθα,
916 5059 1099 5129 φησὶν,
1129 5057 1265 5111 ἀλλά
1298 5059 1424 5129 περί
1459 5060 1796 5129 Πνεύματος,
1839 5055 1884 5114 ὦ
1915 5062 2079 5116 Νικό-

495 5141 656 5211 δημε.
687 5143 837 5204 Τέως
875 5141 1037 5195 αὐτὸν
1065 5139 1144 5208 τῷ
1172 5140 1315 5208 λόγῳ
1347 5140 1521 5212 τούτῳ
1551 5143 1684 5213 πρὸς
1708 5143 1770 5196 τὸ
1793 5144 1905 5198 ἀνω
1935 5163 2078 5217 παρ-

500 5224 733 5293 έπεμψε.
758 5224 937 5293 Μηδὲν
967 5225 1146 5278 τοίνυν
1169 5223 1276 5276 τῶν
1294 5223 1567 5295 αἰσθητῶν
1597 5227 1861 5298 ἐπιζήτει·
1893 5229 1952 5281 τὸ
1972 5239 2080 5301 γὰρ

501 5304 724 5374 Πνεῦμα
761 5307 860 5360 οὐκ
890 5306 955 5360 ἂν
994 5307 1187 5378 φανείη
1219 5310 1330 5371 τοῖς
1361 5309 1653 5380 ὀφθαλμοῖς
1683 5311 1910 5376 τούτοις·
1945 5313 2081 5385 μηδὲ

503 5386 710 5454 νόμιζε,
740 5389 820 5440 ὅτι
845 5391 1022 5458 σάρκα
1044 5391 1216 5444 τίκτει
1243 5391 1304 5445 τὸ
1337 5393 1582 5463 Πνεῦμα.

575 5469 699 5551 Πῶς
741 5465 854 5531 οὖν,
902 5473 1032 5535 ἴσως
1065 5476 1205 5529 εῖποι
1253 5475 1318 5530 ἄν
1362 5494 1467 5540 τις,
1499 5479 1532 5547 ή
1561 5476 1654 5531 τοῦ
1697 5477 1897 5550 Κυρίου
1944 5478 2080 5551 σάρξ

503 5550 734 5622 ἐτέχθη;
775 5553 888 5605 Οὐκ
930 5555 1037 5606 ἀπὸ
1078 5557 1392 5628 Πνεύματος
1438 5562 1618 5630 μόνον,
1663 5563 1797 5615 ἀλλὰ
1836 5563 1929 5616 και
1974 5550 2082 5618 ἀπὸ

566 5674 592 5749 ς
618 5673 794 5749 M_0re_l.
824 5678 1120 5749 τιμιωτέραν.
1155 5680 1675 5749 διήλ-λαμπροτέραν,
1740 5687 1770 5728 ιι
1793 5688 1941 5738 Codd,
1971 5690 2081 5748 705,

615 5742 703 5813 τῆς
716 5741 802 5796 γῆς
826 5735 1128 5813 έξεπξέσαμεν.
1161 5744 1250 5788 Καὶ
1274 5735 1720 5813 ούδὲὲτῆξηένταῦθα
1747 5735 1888 5813 ειᾶγζ

506 5798 856 5874 [Thasiian
879 5798 962 5874 al,“
987 5800 1297 5874 γεγόναμενλ.
1325 5807 1346 5833 τ
1375 5798 1658 5874 ΒισΜοτοι.
1684 5817 1737 5857 ει
1758 5798 1953 5870 quidan
1975 5798 2076 5860 alii;

500 5857 783 5924 sas-inps»;
817 5857 1122 5924 Ἰορδανείων.
1158 5857 1216 5898 'd
1246 5863 1326 5911 sic.
1363 5879 1488 5913 mm,
1534 5869 1686 5916 mm
1723 5857 1854 5920 τάγε.
1881 5857 2079 5924 ζ”έίέίε

499 5919 767 5984 iugandum
789 5919 1124 5982 susbicabulur
1147 5925 1368 5974 Saviiius.
1398 5927 1521 5978 [sum
1551 5931 1730 5992 iii-qm,

2144 763 2242 832 μὲν
2277 762 2388 834 γὰρ
2417 763 2640 834 Πνεῦμα
2680 764 2842 817 αὐτὸν
2869 764 3156 819 διέπλασεν
3187 767 3380 833 οὕτως,
3425 771 3486 822 ού
3531 770 3638 842 μὴν
3667 771 3732 838 ἐξ

2139 846 2241 899 οὐκ
2269 846 2461 901 ὄντων·
2497 848 2620 900 ἐπεὶ
2663 850 2716 900 τί
2763 847 2870 901 έδει
2919 851 3020 920 τῆς
3072 852 3316 921 μήτρας;
3364 852 3478 906 ἀλλ’
3518 854 3583 908 ἐκ
3631 859 3732 926 τῆς

2143 931 2344 1002 σαρκὸς
2372 932 2472 1000 τῆς
2502 931 2854 1003 παρθενικῆς·
2874 933 2934 986 τὸ
2957 934 3034 996 δὲ,
3055 933 3191 997 πῶς,
3215 936 3275 988 οὐ
3298 934 3534 1006 δύναμαι
3560 940 3733 1009 ἑρμη-

2142 1015 2339 1072 νεύειν.
2372 1018 2542 1071 Τοῦτο
2578 1017 2635 1071 δὲ
2672 1016 2916 1086 γέγονεν.
2961 1019 3046 1072 ἵνα
3084 1021 3156 1090 μή
3189 1037 3279 1083 τις
3324 1021 3603 1094 ἀλλότριον
3630 1025 3734 1094 τῆς

2141 1100 2421 1173 ἡμετέρας
2446 1097 2586 1154 εἷναι
2615 1101 2814 1174 νομίσῃ
2843 1101 3058 1170 φύσεως
3081 1102 3143 1155 τὸ
3166 1105 3504 1174 τικτόμενον.
3537 1105 3600 1157 Εἰ
3621 1105 3731 1175 γάρ

2142 1182 2332 1237 τούτου
2359 1184 2650 1254 γενομένου
2677 1185 2781 1237 εἰσί
2806 1201 2949 1248 τινες
2977 1186 3027 1238 οἳ
3055 1185 3394 1240 διαπιστοῦσι
3417 1189 3481 1257 τῇ
3506 1185 3732 1259 τοιαύτῃ

2143 1269 2416 1338 γεννήσει,
2447 1269 2496 1320 εἰ
2537 1268 2611 1338 μὴ
2635 1271 2735 1337 τῆς
2768 1266 2968 1338 σαρκὸς
3002 1267 3326 1338 ἐκοινώνησε
3349 1269 3448 1340 τῆς
3471 1269 3733 1338 παρθενιο

2147 1350 2268 1419 κῆς,
2293 1349 2398 1402 ποῦ
2421 1350 2522 1403 οὐκ
2552 1349 2618 1403 ἀν
2648 1349 2911 1414 ἐξέπεσαν
2945 1349 3198 1414 ἀσεϐείας
3223 1344 3404 1418 οὖτοι;
3440 1351 3510 1405 Τό
3534 1369 3734 1422 γεγεν-

2144 1431 2409 1500 νημένον
2435 1433 2504 1486 ἐκ
2536 1432 2641 1486 τοῦ
2667 1433 3034 1502 Πνεύματος,
3071 1432 3306 1501 πνεῦμά
3339 1433 3528 1490 ἐστιν.
3572 1434 3735 1505 Ὁρᾷς

2147 1513 2462 1584 Πνεύματος
2496 1515 2694 1583 ἀξίαν;
2727 1515 2800 1568 T6
2839 1515 2949 1586 γὰρ
2977 1515 3070 1568 τοῦ
3100 1515 3236 1570 Θεοῦ
3275 1516 3434 1588 ἔργον
3482 1518 3734 1587 φαίνεται

2149 1597 2352 1652 ποιοῦν.
2393 1597 2672 1669 Ἀνωτέρω
2705 1597 2803 1668 μὲν
2823 1593 2916 1651 οὖν
2943 1597 3125 1666 ἔλεγεν
3153 1597 3198 1662 τ,
3225 1601 3305 1652 ὅτι
3339 1600 3432 1653 Ἐκ
3457 1599 3562 1654 τοῦ
3584 1599 3734 1654 Θεοῦ

2147 1679 2582 1750 ἐγεννήθησαν·
2638 1680 2874 1735 ἐνταῦθα
2923 1680 3002 1744 δὲ,
3045 1683 3125 1736 ὅτι
3163 1682 3225 1736 τὸ
3269 1682 3491 1752 Πνεῦμα
3538 1684 3736 1747 αὐτοὺς

2150 1763 2332 1833 γεννᾷ.
2365 1764 2434 1818 Τὸ
2453 1763 2908 1832 γεγεννημένον,
2933 1766 3118 1834 φησὶν.
3139 1765 3207 1819 ἐκ
3236 1766 3341 1821 τοῦ
3368 1768 3732 1835 Πνεύματος,

2149 1843 2386 1914 πνεῦμά
2405 1846 2593 1899 ἐστιν.
2618 1847 2682 1899 ’0
2711 1847 2766 1899 δὲ
2798 1846 2945 1915 λέγει
2973 1847 3210 1902 τοιοῦτόν
3245 1850 3422 1901 ἐστιν·
3457 1849 3514 1902 '0
3547 1861 3738 1916 γεγενε

2151 1927 2382 1998 νημένος
2408 1929 2472 1981 ἐκ
2499 1927 2595 1981 τοῦ
2618 1927 2958 1999 Πνεύματος,
2983 1931 3352 2000 πνευματικός
3374 1931 3510 1983 ἐστι.
3540 1929 3738 2000 Γέννη-

2121 2027 2237 2064 -σιν
2264 2010 2373 2082 γάρ
2411 2010 2645 2064 ἐνταῦθα
2674 2011 2735 2064 ού
2772 2012 2871 2083 τὴν
2901 2014 3023 2066 κατ’
3050 2013 3238 2066 οὐσίαν
3270 2013 3442 2082 λέγει,
3472 2013 3608 2066 ἀλλά
3632 2013 3734 2085 τὴν

2151 2096 2292 2148 κατὰ
2317 2095 2483 2165 τιμὴν
2515 2095 2608 2147 καὶ
2634 2095 2813 2165 χάριν.
2846 2094 2910 2148 Εἰ
2932 2095 3109 2149 τοίνυν
3144 2097 3238 2150 καὶ
3265 2098 3292 2149 6
3317 2096 3447 2160 Υίὸς
3477 2095 3619 2150 οὕτω
3643 2113 3738 2165 γε·

2153 2179 2428 2248 γέννηται,
2460 2178 2513 2230 τί
2537 2177 2698 2230 πλέον
2726 2177 2836 2241 ἕξει
2863 2177 2971 2230 τῶν
3001 2178 3304 2249 ἀνθρώπων
3333 2177 3440 2232 τῶν
3473 2178 3617 2232 οὓτω
3646 2195 3741 2246 γε-

2153 2261 2540 2331 γεννημένωνς
2582 2260 2699 2322 πῶς
2727 2261 2783 2313 δὲ
2824 2263 3118 2332 μονογενής
3156 2263 3309 2326 ἐστι;
3352 2260 3463 2315 Καὶ
3506 2261 3617 2333 γὰρ
3646 2262 3741 2316 καὶ⁵

2155 2342 2267 2412 ἐγὼ
2299 2347 2363 2396 ἐκ
2397 2343 2531 2397 Θεοῦ
2564 2343 2920 2414 γεγέννημαι,
2945 2343 3060 2397 ἀλλ’
3083 2343 3183 2410 οὐκ
3223 2345 3286 2398 ἐκ
3313 2345 3413 2413 τῆς
3433 2345 3619 2410 οὐσίας
3644 2345 3743 2400 αὑ-

2156 2426 2272 2481 τοῦ.
2307 2428 2367 2480 Εἰ
2416 2427 2594 2481 τοίνυν
2637 2427 2772 2499 μηδὲ
2811 2427 2972 2490 αύτδς
3014 2427 3078 2480 ἐκ
3125 2428 3222 2498 τῆς
3263 2428 3472 2492 οὐσίας,
3501 2428 3553 2481 τί
3599 2427 3743 2481 κατά

2157 2508 2314 2562 τοῦτο
2357 2508 2507 2582 [150]
2552 2510 2855 2581 διενήνοχεν
2897 2511 3090 2582 ὴμῶνς
3133 2511 3504 2582 Εὐρεθήσεται
3543 2512 3599 2566 δέ
3633 2513 3745 2582 ἀρα

2160 2594 2255 2647 καὶ
2296 2593 2390 2646 τοῦ
2435 2593 2751 2662 Πνεύματος
2780 2591 2953 2656 οὕτως
2983 2593 3238 2650 ἐλάττων.
3287 2595 3348 2647 Ἢ
3378 2595 3488 2666 γὰρ
3519 2595 3742 2665 τοιαύτη

2160 2677 2412 2745 γέννησις
2436 2678 2498 2729 ἐκ
2523 2679 2620 2747 τῆς
2650 2675 2743 2728 τοῦ
2775 2675 3092 2746 Πνεύματος
3123 2677 3334 2744 γίνεται
3357 2678 3596 2749 χάριτος.
3615 2673 3744 2749 'Ap‘

2162 2756 2255 2813 οὖν
2304 2759 2391 2813 ἵνα
2428 2759 2564 2830 μένῃ
2598 2759 2742 2822 Υἱὸς,
2780 2759 2878 2829 τῆς
2919 2760 3068 2830 παρὰ
3097 2759 3190 2813 τοῦ
3232 2761 3548 2832 Πνεύματος
3576 2761 3743 2814 δεῖται

2166 2842 2442 2913 βοηθείαςς
2473 2843 2581 2895 Καὶ
2614 2842 2668 2894 τί
2699 2841 2874 2895 ταῦτα
2907 2843 3212 2897 Ἰουδαϊκῶν
3253 2843 3502 2915 διέστηκε
3539 2844 3748 2915 δογμάο

2164 2942 2305 2988 των;
2336 2923 2519 2976 Εἰπὼν
2543 2924 2720 2978 τοίνυν
2752 2925 2780 2976 ό
2819 2922 3070 2996 Χριστὸς,
3092 2926 3172 2978 ὅτι
3212 2927 3240 2978 6
3267 2927 3660 2996 γεγεννημένος
3685 2926 3751 2979 ἐκ

2166 3007 2260 3062 τοῦ
2288 3007 2621 3077 Πνεύματος,
2664 3005 2881 3078 πνεῦμά
2917 3010 3084 3061 ἐστιν·
3121 3009 3308 3079 ἐπειδὴ
3356 3009 3750 3081 θορυὸούμενον

2173 3092 2332 3145 πάλιν
2355 3085 2512 3153 εἶδεν,
2545 3090 2636 3143 ἐπὶ
2664 3089 2920 3159 αἰσθητὸν
2941 3091 3289 3162 παράδειγμα
3317 3092 3442 3160 ἀγει
3460 3092 3550 3146 τὸν
3569 3092 3748 3160 λόγον.

2171 3171 2266 3242 Μὴ
2309 3172 2624 3242 θαυμάσῃς
2649 3173 2779 3244 γάρ,
2818 3174 3004 3241 φησὶν.
3039 3174 3129 3226 ὅτι
3153 3170 3327 3227 εἶπόν
3367 3191 3487 3238 σοι,
3539 3174 3628 3228 ὅτι
3662 3173 3761 3228 δεῖ

2170 3258 2328 3326 ὑμᾶς
2365 3254 2728 3326 γεννηθῆναι
2757 3255 3007 3309 ἄνωθεν.
3038 3255 3108 3310 Τὸ
3144 3255 3380 3325 πνεῦμα
3410 3256 3562 3310 ὅπου
3596 3255 3754 3312 θέλει

2171 3341 2360 3394 πνέει.
2404 3339 2493 3408 Τῷ
2519 3340 2628 3406 γὰρ
2653 3340 2848 3403 εἰπεῖν,
2878 3338 2969 3408 Μὴ
3009 3339 3312 3411 θαυμάσῃς,
3351 3339 3622 3394 δείκνυσιν
3655 3339 3754 3394 αὖ·

2170 3421 2264 3476 τοῦ
2297 3420 2388 3474 τὸν
2428 3418 2657 3489 θόρυϐον
2703 3418 2805 3488 τῆς
2849 3419 3048 3489 ψυχῆς,
3083 3420 3178 3472 καί
3214 3421 3304 3472 ἐπὶ
3338 3421 3399 3472 τὸ
3428 3419 3756 3492 λεπτότερον

2170 3505 2333 3559 αὐτὸν
2377 3501 2500 3571 ἄγει
2536 3501 2648 3554 τῶν
2694 3502 2984 3572 σωμάτων.
3022 3503 3142 3554 Τῶν
3180 3504 3277 3574 μὲν
3320 3503 3429 3574 γὰρ
3478 3504 3755 3575 σαρκικῶν

2169 3589 2458 3658 ἀπήγαγεν
2504 3585 2695 3650 εἰπὼν,
2724 3584 2798 3638 Τὸ
2844 3585 3282 3654 γεγεννημένον
3309 3587 3377 3640 ἐκ
3413 3587 3518 3642 τοῦ
3567 3588 3755 3642 Πνεύ-

2165 3687 2372 3740 ματος,
2417 3667 2652 3737 πνεῦμά
2691 3668 2882 3722 ἐστιν.
2929 3669 3146 3740 Ἐπειδὴ
3176 3669 3234 3722 δὲ
3265 3669 3362 3722 οὐκ
3393 3670 3510 3740 ᾔδει
3537 3669 3590 3722 τί
3625 3685 3754 3722 ποτε

2170 3753 2318 3806 ἐστὶν
2361 3753 2389 3805 ὅ
2424 3767 2608 3822 φησιν,
2639 3749 2712 3802 T6
2741 3751 3139 3820 γεγεννημένον
3181 3753 3246 3804 ἐκ
3274 3749 3371 3804 τοῦ
3418 3751 3752 3822 Πνεύματος,

2171 3834 2389 3904 πνεῦμά
2423 3835 2590 3897 ἐστιν,
2625 3831 2814 3884 λοιπὸν
2856 3831 3018 3886 αὐτὸν
3065 3831 3201 3903 πρὸς
3231 3833 3425 3903 ἑτέραν
3458 3834 3755 3904 μεταφέρει

2171 3916 2374 3980 εἰκόνα,
2408 3913 2532 3967 οὔτε
2565 3915 2591 3954 ε
2617 3915 2696 3976 είς
2717 3913 2814 3984 τὴν
2841 3912 2948 3966 τῶν
2981 3914 3246 3984 σωμάτων
3275 3915 3422 3982 ἄγων
3445 3915 3753 3985 παχύτητα,

2170 3999 2293 4054 οὔτε
2325 3997 2452 4070 περὶ
2477 3997 2784 4068 ἀσωμάτων
2805 3995 3060 4067 καθαρῶς
3081 3996 3457 4066 διαλεγόμενος
3479 3999 3619 4059 ιούδέ
3648 4000 3757 4071 γάρ

2172 4083 2395 4136 ἐδύνατο
2421 4080 2637 4134 ἀκούων
2666 4082 2864 4151 χωρεῖν
2898 4077 2925 4116 δ
2955 4080 3208 4148 ἐκεῖνος),
3229 4079 3342 4132 ἀλλ’
3370 4079 3546 4150 εὑρών
3572 4098 3625 4134 τι
3658 4081 3758 4152 μέ-

2174 4185 2265 4221 σον
2308 4165 2556 4236 σιὶιματός
2601 4181 2662 4216 τε
2712 4163 2805 4217 καὶ
2841 4163 3155 4234 ἀσωμάτου,
3189 4161 3287 4234 τὴν
3312 4161 3406 4215 τοῦ
3434 4163 3637 4234 ἀνέμου
3663 4181 3758 4234 φο-

2177 4251 2296 4321 ράν,
2337 4248 2584 4304 ἐντεῦθεν
2618 4247 2779 4302 αὐτὸν
2805 4247 3017 4315 ἀνάγει.
3064 4247 3200 4318 Περί
3228 4245 3336 4316 γάρ
3373 4246 3536 4300 αὐτοῦ
3571 4247 3757 4315 φησιν,

2173 4333 2255 4386 ὄτι
2315 4331 2436 4400 Τὴν
2489 4329 2700 4400 φωνὴν
2754 4328 2942 4384 αὑτοῦ
2978 4329 3240 4396 ἀκούεις,
3281 4328 3550 4383 ἀλλὀὐκ
3591 4325 3757 4394 οἶδας

2175 4419 2360 4470 πόθεν
2407 4415 2660 4483 ἔρχεται,
2720 4412 2820 4467 καί
2877 4410 2998 4466 ποῦ
3050 4411 3282 4482 ὑπάγει.
3331 4412 3394 4466 Εἰ
3442 4411 3497 4464 δὲ
3541 4409 3756 4480 λέγειί,

2177 4498 2350 4551 Ὅπου
2385 4496 2525 4550 θέλει
2548 4498 2691 4559 πνεῖ,
2718 4495 2816 4564 οὐχ
2837 4493 2912 4558 ὡς
2936 4494 3254 4566 προαίρεσίν
3280 4511 3400 4548 τινα
3430 4494 3524 4547 τοῦ
3553 4495 3757 4564 ἀνέμου

2177 4579 2389 4649 ἔχοντος
2417 4579 2564 4648 λέγει
2593 4579 2766 4640 τοῦτο,
2795 4578 2933 4632 ἀλλά
2959 4578 3057 4649 τὴν
3091 4579 3199 4632 ἀπὸ
3223 4578 3437 4648 φύσεως
3461 4577 3634 4648 φοράν
3662 4579 3760 4646 τὴν

2177 4663 2454 4717 ἀκώλυτον
2494 4663 2587 4718 καὶ
2631 4665 2749 4733 μετ’
2786 4661 3033 4727 ἐξουσίας
3071 4662 3364 4733 γινομένην
3411 4662 3608 4732 δηλῶν.
3639 4657 3759 4715 Οἵδε

2178 4747 2286 4818 γάρ
2309 4749 2342 4817 ή
2370 4748 2556 4818 Γραφὴ
2579 4747 2674 4800 καὶ
2700 4745 2952 4815 περὶτῶν
2975 4744 3197 4816 ἀψύχων
3225 4745 3369 4800 οὕτω
3395 4745 3758 4813 διαλέγεσθαι,

2178 4829 2252 4892 ὡς
2272 4831 2400 4883 ὅταν
2430 4828 2584 4902 λέγῃ·
2625 4827 2704 4896 Τῇ
2743 4827 2852 4899 γὰρ
2885 4831 3234 4898 ματαιότητι
3259 4830 3296 4898 ἡ
3332 4828 3529 4892 κτίσις
3547 4826 3762 4882 ὑπετὰ-

2180 4929 2254 4982 γη
2319 4913 2432 4981 οὐχ
2487 4911 2732 4966 ἑκοῦσα.
2790 4910 2863 4965 T6
2892 4906 3005 4977 οὖν,
3057 4913 3242 4966 Ὅπου
3301 4911 3458 4966 θέλει
3496 4909 3652 4974 πνεῖ,
3702 4908 3764 4960 τὸ

2183 4993 2484 5048 ἀκάθεκτόν
2515 4995 2630 5047 ἐστι
2658 4993 2965 5064 δηλοῦντος,
2997 4995 3091 5047 καὶ
3131 4995 3213 5047 ὅτι
3259 4994 3524 5064 διαχεῖται
3562 5009 3766 5046 παντα-

2182 5077 2300 5148 χοῦ,
2349 5078 2444 5131 καὶ
2491 5079 2520 5131 6
2562 5075 2787 5130 κωλύων
2826 5077 3001 5140 οὐδεὶς
3050 5077 3175 5146 τῇδε
3215 5077 3440 5129 κάκεῖσε
3481 5074 3760 5146 φέρεσθαι·

2184 5163 2319 5216 ἀλλὰ
2355 5160 2494 5232 μετά
2529 5160 2542 5210 i
2596 5159 2797 5230 πολλῆς
2837 5161 2942 5229 τῆς
2985 5159 3232 5223 ἐξουσίας
3267 5159 3638 5226 σκεδάννυται,
3674 5157 3767 5212 καὶ

2182 5245 2354 5308 οὐδεὶς
2379 5247 2408 5298 6
2436 5243 2633 5314 ἰσχύων
2659 5243 3011 5314 παρατρέψαι
3043 5241 3140 5312 τὴν
3173 5241 3353 5312 ῥύμην
3379 5241 3568 5296 αὐτοῦ.

2255 5327 2318 5398 β’.
2351 5327 2463 5382 Καὶ
2483 5327 2597 5394 τὴν
2629 5326 2838 5396 φωνὴν
2856 5325 3042 5379 αὑτοῦ
3069 5324 3338 5388 ἀκούεις·
3369 5324 3637 5389 τουτέστι,
3677 5325 3770 5378 τὸν

2185 5411 2448 5478 πάταγον,
2466 5410 2557 5462 τὸν
2583 5409 2805 5463 κτύπον·
2835 5409 2973 5463 ἀλλ’
2989 5410 3100 5462 οὐκ
3121 5403 3283 5472 οἶδας
3303 5407 3492 5461 πόθεν
3509 5407 3766 5474 ἔρχεται,

2185 5493 2283 5547 καὶ
2309 5493 2426 5546 ποῦ
2455 5491 2691 5562 ὑπάγει.
2731 5491 2927 5556 Οὕτως
2960 5489 3092 5543 ἐστί
3123 5487 3241 5553 πᾶς
3273 5491 3306 5542 ό
3336 5487 3769 5557 γεγεννημένος

2185 5575 2253 5628 ἐκ
2277 5575 2382 5628 τοῦ
2418 5575 2784 5644 Πνεύματος.
2829 5571 3094 5627 Ἐνταῦθά
3139 5571 3255 5623 ἐστι
3296 5570 3358 5623 τὸ
3395 5572 3768 5642 συμπέρασμα

2246 5705 2270 5757 9
2296 5694 2400 5757 Ᾱιὶίγ
2435 5695 2738 5757 γεννώμενον.
2861 5692 3012 5757 Savi|_
3039 5692 3120 5753 μὲν
3151 5691 3240 5757 γάρ
3279 5708 3438 5757 φησιν.
3493 5690 3765 5757 ⁸ιῖ-(ὶιξὶίξενηιι

2183 5754 2365 5806 habent
2385 5751 2598 5817 ἀπάγων,
2625 5756 2768 5803 εἰπὼν
2793 5755 2844 5817 δέ
2867 5755 2978 5817 ότ.
2997 5751 3143 5817 ἐστιν,
3166 5751 3275 5817 ἄγγει
3291 5751 3450 5799 αὐτὸν
3485 5752 3561 5799 ἐπὶ
3584 5751 3642 5817 τά
3665 5767 3739 5817 σω

2181 5813 2505 5884 μιξτικιὶςςῳα,
2529 5817 2652 5864 οὔτε.
2698 5819 2750 5884 ’Β
2774 5816 2917 5884 Alius
2949 5814 3136 5884 ἀκρύων
3165 5813 3285 5884 πολὺ
3306 5818 3556 5884 ,χωρήσαιῖ
3631 5813 3768 5884 lfa-

2181 5853 2990 5937 ἀῖωδέιλξγῃῖέἰῖέρὶραίῦ[δἐι-ο
3013 5875 3276 5937 legendum
3300 5853 3416 5937 ὸίξαξ
3503 5873 3632 5933 λέγῃ.
3659 5869 3766 5920 Μο-

2181 5940 2267 5988 rel.
2294 5940 2330 5988 ιί
2355 5933 2539 5998 eum"
2581 5933 2726 5988 beris.
2803 5940 2816 6008 ἰ
2852 5933 3020 6010 ξιιπτει.
3049 5933 3122 5982 καὶ
3149 5936 3233 5995 γὰρ
3257 5933 3388 5994 9-16:.

3203 6129 3331 6136 .-
