4068 6136
1230 247 1293 303 IN
1330 245 1640 303 JOANNEM
1683 245 1910 301 llOHlL.
1958 244 2145 300 XXVI.
2190 245 2262 299 al.
2306 242 2472 300 XXV.

3371 203 3468 293 ist

3195 378 3468 395 ’.ρ-»4

1541 459 1888 522 HOMILIA
1924 459 2163 520 XXV].

202 618 250 674 6.
294 615 441 680 Quod
470 624 646 668 uatum
676 622 745 665 est
779 629 842 666 e1:
880 629 1057 674 carne,
1088 626 1206 664 caro
1234 619 1336 672 est;
1362 618 1408 662 et
1450 605 1585 674 quod
1613 613 1786 658 natum

595 714 666 757 est
704 719 766 758 ea:
808 702 1026 772 Spiritu,
1055 703 1264 767 spiritus
1283 708 1374 754 est.

278 842 328 897 Ι.
370 838 575 910 Magnis
624 855 722 894 nos
764 838 1034 909 mysteriis
1065 837 1312 907 dignatus
1357 843 1441 891 est
1485 835 1787 904 unigenitus

208 933 373 987 Fitius
415 933 546 994 Dei;
593 931 835 1002 magnis,
882 942 936 985 et
982 930 1178 1000 quibus
1204 929 1347 998 digni
1386 944 1490 982 non
1538 941 1773 993 eramus,

211 1021 302 1075 sed
333 1037 452 1090 quae
480 1020 706 1076 decebat
745 1021 890 1074 illum
938 1020 1087 1075 dare.
1121 1020 1252 1074 Nam
1304 1019 1346 1072 si
1380 1018 1568 1073 merita
1609 1027 1786 1071 nostra

209 1113 328 1183 quis
356 1122 584 1181 reputet,
633 1127 737 1166 non
767 1112 938 1166 solum
982 1111 1126 1165 dono
1167 1125 1381 1165 eramus
1426 1109 1649 1179 indigni,
1693 1107 1786 1162 sed

208 1205 473 1275 supplicio
510 1216 564 1259 et
607 1204 788 1260 ultioni
834 1205 1068 1260 obnoxii.
1113 1204 1217 1259 Sed
1262 1204 1312 1258 id
1363 1218 1467 1256 non
1498 1203 1788 1271 respiciens

209 1298 300 1352 ille
324 1339 340 1360 ,
371 1312 479 1351 non
526 1297 686 1352 modo
712 1313 809 1352 nos
834 1313 862 1351 a
893 1297 1156 1367 supplicio
1185 1297 1446 1362 liberavit,
1489 1295 1584 1350 sed
1625 1295 1786 1349 vitam

207 1390 433 1460 largitus
449 1398 529 1443 est
555 1390 716 1458 priori
740 1390 895 1459 longe
921 1390 1222 1453 clariorem;
1249 1389 1300 1442 in
1332 1387 1492 1442 alium
1522 1402 1619 1441 nos
1636 1402 1792 1440 mun-

207 1479 333 1532 dum
359 1480 586 1544 induxit,
618 1479 772 1534 aliam
802 1479 1035 1535 condidit
1064 1489 1364 1533 creaturam
1391 1496 1404 1531 :
1436 1477 1498 1533 Si
1526 1494 1625 1546 qua
1657 1477 1791 1532 enim

208 1573 260 1625 in
288 1569 491 1626 Christo
531 1586 660 1624 nova
698 1581 927 1624 creatura
958 1569 1032 1642 (2.
1065 1572 1181 1623 Cor.
1213 1570 1267 1624 5.
1292 1570 1412 1638 Π),
1448 1568 1634 1638 inquit.
1660 1567 1791 1635 Quae

211 1677 348 1718 nova
375 1659 656 1716 creatura?
699 1660 833 1715 Audi
864 1662 1034 1728 ipsum
1063 1677 1075 1712 :
1108 1659 1225 1713 Nisi
1244 1661 1354 1728 quis
1383 1669 1531 1712 natus
1550 1660 1701 1728 fuerit
1729 1675 1793 1712 ea:

210 1771 341 1818 aqua
364 1763 412 1808 et
438 1751 660 1823 Spiritu,
696 1768 793 1805 non
819 1752 996 1820 poterit
1025 1751 1213 1804 intrare
1233 1751 1284 1802 in
1312 1766 1521 1820 regnum
1551 1748 1668 1804 Dei.
1694 1749 1793 1803 Pas

211 1846 422 1901 radisus
453 1845 607 1899 nobis
625 1841 967 1898 concreditus
997 1842 1090 1897 fuit
1123 1844 1138 1874 ⁸
1166 1885 1181 1908 ,
1215 1858 1387 1911 neque
1420 1841 1563 1912 digni
1595 1840 1791 1896 fuimus

211 1939 299 2006 qui
323 1936 436 1990 illic
462 1949 822 2001 versaremur,
850 1945 902 1990 et
931 1935 983 1988 in
1013 1935 1199 1989 caelum
1219 1951 1315 1989 nos
1335 1935 1548 1989 extulit.
1575 1933 1630 1987 In
1650 1933 1794 2003 prio-

210 2029 360 2084 ribus
382 2028 565 2083 fideles
581 2043 687 2082 non
710 2027 1000 2092 fueramus,
1023 2037 1075 2081 et
1103 2027 1301 2097 majora
1332 2037 1506 2082 tamen
1532 2028 1745 2082 tradidit
1774 2044 1788 2080 :

212 2134 316 2174 non
351 2118 622 2189 potuimus
659 2118 728 2174 ab
763 2133 870 2172 uno
897 2117 1166 2173 abstinere
1204 2119 1348 2188 ligno
1371 2159 1386 2183 ,
1433 2125 1489 2172 et
1535 2133 1796 2188 supernas

211 2211 442 2281 praebuit
472 2209 737 2266 delicias:
770 2209 823 2264 in
865 2209 1110 2279 paradiso
1153 2224 1258 2264 non
1300 2209 1790 2278 perscveravimus,

210 2311 264 2358 et
294 2300 462 2356 celos
493 2301 646 2354 nobis
665 2300 892 2370 aperuit.
914 2299 1042 2354 Jure
1073 2300 1207 2354 dixit
1227 2300 1423 2355 Paulus
1456 2317 1468 2352 :
1504 2299 1548 2354 Ο
1577 2300 1793 2353 altitudo

207 2398 507 2452 divitiarum
537 2395 800 2466 sapientia:
837 2403 883 2448 et
919 2394 1141 2448 scientia
1172 2393 1266 2448 Dei
1311 2395 1497 2465 (Rom.
1528 2396 1611 2450 H.
1642 2396 1750 2465 55)
1777 2398 1790 2450 !

209 2487 329 2543 Non
362 2487 500 2542 ultra
541 2494 729 2550 mater,
763 2500 869 2540 non
912 2486 1046 2540 ultra
1079 2494 1262 2554 partus
1285 2526 1298 2550 ,
1327 2500 1433 2540 non
1455 2485 1661 2549 somni,
1688 2500 1795 2540 non

209 2580 532 2636 concubitus
556 2590 608 2633 et
635 2578 912 2648 amplexus
944 2595 957 2631 :
991 2593 1202 2632 sursum
1232 2577 1442 2632 tandem
1468 2587 1671 2631 natura:
1694 2591 1793 2631 no-

211 2680 341 2726 stra:
374 2671 572 2726 texitur
597 2669 866 2739 Opificium
894 2685 956 2722 ex
975 2667 1173 2738 Spiritu
1196 2679 1249 2723 et
1269 2684 1423 2737 aqua.
1450 2670 1599 2737 Aqua
1616 2676 1794 2722 autem

210 2773 490 2832 assumpta
520 2769 603 2816 est
626 2801 642 2825 ,
674 2769 856 2830 partus
880 2761 1059 2832 genito
1089 2758 1245 2814 facta.
1275 2759 1425 2827 Quod
1466 2767 1551 2813 est
1598 2761 1792 2813 matrix

212 2852 518 2924 etnbryoni,
552 2851 650 2907 hoc
682 2862 766 2906 est
793 2867 926 2922 aqua
951 2851 1090 2906 fideli
1118 2868 1132 2905 :
1160 2851 1211 2904 in
1243 2866 1376 2920 aqua
1409 2849 1552 2906 enim
1586 2849 1797 2920 fingitur

210 2957 266 3002 et
294 2945 573 3000 formatur.
603 2943 837 2998 Primum
873 2942 1184 2998 dicebatur:
1213 2940 1504 2995 Producant
1542 2957 1687 3011 aqua:
1711 2958 1794 2995 re-

208 3038 334 3109 ptile
359 3037 543 3090 animae
567 3035 771 3088 viventis
795 3033 946 3104 (Gen.
968 3035 1020 3089 l.
1037 3033 1128 3103 20)
1154 3051 1168 3098 ;
1196 3050 1260 3088 ex
1283 3049 1387 3104 quo
1410 3045 1586 3089 autem
1609 3034 1797 3089 Jorda-

211 3132 294 3186 nis
317 3130 516 3185 fluenta
543 3131 814 3199 ingressus
838 3137 920 3183 est
946 3127 1221 3194 Dominus,
1258 3143 1362 3182 non
1417 3128 1646 3198 amplius
1700 3143 1790 3182 re-

210 3227 362 3296 ptilia
413 3226 710 3280 animarum
767 3224 1076 3290 viventium,
1110 3222 1202 3278 sed
1256 3221 1460 3276 animas
1510 3221 1797 3276 rationales

209 3319 476 3389 Spiritum
504 3326 747 3370 sanetum
794 3317 1024 3370 ferentes
1069 3329 1202 3384 aqua
1247 3314 1509 3384 producit.
1552 3314 1628 3367 Ae
1657 3312 1795 3382 quod

207 3412 277 3466 de
302 3411 423 3466 sole
461 3409 660 3465 dictum
691 3418 771 3464 est
795 3449 810 3474 ,
842 3407 1118 3478 Tamquam
1160 3423 1375 3477 sponsus
1422 3406 1695 3475 procedens
1735 3405 1798 3459 de

210 3503 441 3557 thalamo
476 3517 568 3553 suo
605 3499 774 3573 (Psai.
806 3499 892 3554 l8.
924 3497 1017 3568 6);
1053 3499 1103 3552 id
1139 3497 1205 3553 de
1247 3497 1491 3552 fidelibus
1529 3497 1642 3566 jam
1692 3495 1795 3550 dici

210 3596 402 3662 possit,
427 3593 518 3663 qui
565 3591 958 3662 splendidiores
981 3605 1138 3660 quam
1178 3589 1257 3644 sol
1289 3588 1543 3644 emittunt
1593 3586 1794 3642 radios.

207 3686 316 3742 Sed
345 3685 490 3755 quod
520 3683 572 3737 in
617 3683 770 3738 vulva
803 3681 1062 3736 formatur
1086 3723 1102 3749 ,
1146 3690 1388 3749 tempore
1426 3693 1560 3748 opus
1603 3677 1794 3743 habet;

207 3781 264 3834 in
292 3793 433 3848 aqua
464 3789 592 3830 vero
638 3790 742 3828 non
774 3774 885 3837 sic,
935 3772 1028 3827 sed
1086 3785 1193 3825 uno
1244 3769 1500 3840 temporis
1529 3778 1798 3823 momento

207 3871 340 3925 fiunt
372 3869 575 3923 omnia.
608 3865 706 3921 Ubi
734 3864 875 3919 enim
908 3863 1046 3918 ﬂuxa
1089 3863 1192 3917 vita
1221 3877 1286 3916 ex
1315 3875 1569 3930 corporea
1608 3874 1794 3914 corru-

207 3965 393 4031 ptione
424 3958 740 4031 principium
760 3956 1135 4022 habet,moras
1161 3954 1322 4007 trahit
1343 3953 1393 4007 id
1423 3951 1563 4022 quod
1593 3952 1798 4021 paritur

205 4052 370 4123 (talis
399 4050 598 4120 quippe
626 4057 709 4102 est
730 4060 1017 4117 corporum
1048 4053 1234 4098 natura
1261 4063 1274 4098 :
1302 4053 1540 4111 tempore
1569 4042 1652 4095 illa
1679 4057 1800 4110 per-

203 4147 500 4200 fectionem
532 4143 837 4213 acquirunt)
867 4159 880 4195 :
910 4139 1206 4210 spiritualia
1253 4152 1379 4192 vero
1408 4152 1512 4190 non
1551 4135 1647 4189 sic.
1693 4134 1797 4189 Sed

199 4239 376 4309 quid?
411 4239 459 4292 A
487 4236 748 4306 principio
778 4235 1011 4304 perfecta
1041 4241 1179 4286 sunt.
1205 4231 1396 4285 Verum
1425 4229 1547 4299 quia
1577 4227 1801 4282 Nicode-

198 4347 332 4385 mus
378 4331 499 4384 haec
529 4327 839 4398 frequenter
885 4324 1106 4378 audiens
1138 4321 1467 4382 turbabatur,
1501 4318 1618 4373 vide
1663 4333 1798 4387 quo-

195 4421 372 4476 modo
400 4419 500 4489 ipsi
528 4418 768 4490 mysterii
819 4431 1069 4470 arcanum
1095 4413 1319 4484 aperiat,
1353 4419 1405 4465 et
1449 4410 1648 4464 clarum
1678 4408 1799 4462 red-

195 4516 304 4570 dat
332 4514 384 4568 id
409 4513 550 4583 quod
581 4513 865 4567 obscurum
896 4518 1052 4564 antea
1073 4517 1219 4572 erat,
1255 4522 1374 4562 cum
1402 4505 1475 4559 ait
1505 4520 1520 4556 :
1548 4503 1695 4568 Quod
1716 4519 1800 4555 na-

195 4617 322 4659 tum
342 4613 415 4659 est
441 4621 502 4657 ea:
522 4619 695 4668 carne,
719 4617 838 4654 caro
865 4611 937 4654 est
955 4615 974 4664 ,'
995 4609 1041 4653 et
1062 4598 1196 4668 quod
1216 4608 1389 4650 uatum
1411 4606 1481 4650 est
1504 4611 1564 4648 ea:
1579 4594 1794 4664 Spiritu,

195 4699 426 4767 spiritus
468 4706 562 4749 est.
593 4695 768 4763 Ipsum
799 4693 1012 4748 abducit
1034 4707 1063 4746 a
1091 4691 1251 4746 rebus
1280 4690 1524 4745 omnibus
1551 4689 1649 4742 sub
1678 4702 1801 4742 sen-

199 4807 337 4844 sum
368 4788 712 4853 cadentibus,
747 4801 920 4855 neque
955 4784 1078 4839 sinit
1107 4783 1380 4852 corporeis
1401 4782 1572 4836 oculis
1603 4789 1802 4850 mystc-

202 4881 288 4934 ria
326 4877 579 4934 scrutari.
624 4876 741 4931 Non
769 4877 836 4930 de
856 4890 1050 4939 carne,
1083 4874 1282 4942 inquit,
1324 4871 1656 4935 disserimus,
1707 4868 1801 4924 sed

198 4972 273 5024 de
316 4970 550 5039 spiritu,
605 4982 638 5021 ο
671 4965 981 5021 Nieodeme.
1026 4965 1241 5019 lnterim
1285 4979 1406 5018 eum
1454 4963 1519 5016 ad
1571 4976 1800 5030 superna

198 5061 555 5117 transmittit.
589 5058 731 5112 Nihil
760 5072 888 5127 ergo
927 5057 1123 5111 sensile
1152 5069 1358 5125 qua-ras
1391 5071 1402 5106 :
1433 5069 1552 5108 nam
1576 5053 1800 5122 Spiritus

198 5153 288 5206 his
319 5153 499 5207 oculis
529 5166 636 5204 non
666 5149 989 5219 percipitur:
1019 5162 1189 5216 neque
1211 5155 1364 5216 putes
1403 5144 1542 5214 quod
1587 5158 1800 5197 carnem

195 5243 448 5313 Spiritus
482 5243 674 5312 pariat.

266 5333 473 5387 Christi
512 5345 635 5384 caro
676 5328 927 5400 quomodo
970 5337 1108 5381 nata.
1142 5325 1430 5395 Explicatio
1458 5324 1616 5390 illius,
1650 5321 1800 5389 Quod

197 5436 398 5479 natum
426 5433 510 5479 est
540 5437 606 5476 ex
636 5421 848 5490 spiritu,
869 5419 1086 5488 spiritus
1103 5427 1203 5482 est,
1223 5429 1267 5469 et
1288 5416 1446 5481 illius,
1468 5414 1694 5484 Spiritus
1713 5413 1799 5466 ubi

197 5648 231 5695 ί
257 5573 272 5602 ³
295 5579 524 5638 Quidam
560 5575 774 5627 Codices
805 5573 988 5624 habent
1029 5585 1042 5620 :
1079 5580 1114 5621 ε
1153 5570 1438 5633 possessione
1479 5573 1626 5619 terra:
1666 5563 1805 5619 eari-

233 5649 398 5695 iussis.

233 5649 398 5699 assus.

1894 599 2006 653 Villi.
2033 600 2296 667 spirat.—
2315 599 2594 668 Quomodo
2622 616 2768 670 ergo,
2797 602 2991 657 dixerit
3019 604 3152 659 forte
3191 605 3475 675 quispiam,

1896 691 2124 756 Domini,
2159 705 2285 746 caro
2326 703 2446 746 nata
2485 692 2609 746 est?
2635 691 2749 747 Non
2799 709 2827 745 a
2869 693 3069 763 Spiritu
3101 703 3338 760 tantum,
3382 693 3474 748 sed

1893 785 2052 838 etiam
2099 798 2128 837 a
2159 798 2352 846 carne;
2397 782 2540 854 quod
2569 784 2764 838 Paulus
2814 784 2895 838 bis
2937 785 3112 838 verbis
3160 786 3428 854 significat
3464 803 3476 838 :

1894 872 2114 929 Factum
2139 891 2203 928 ea:
2227 874 2461 941 muliere,
2501 878 2693 945 factum
2715 876 2805 929 sub
2833 876 2938 946 lege
2961 875 3099 946 (Gal.
3128 878 3182 930 4.
3209 878 3280 946 4).
3310 877 3478 946 Spiri-

1895 975 1980 1020 tus
2010 967 2152 1021 enim
2177 967 2322 1022 illam
2343 967 2420 1020 sic
2443 965 2711 1031 formavit,
2737 983 2842 1020 non
2875 982 2938 1021 ex
2970 966 3136 1020 nihilo
3167 984 3178 1018 :
3211 983 3328 1019 nam
3352 967 3478 1034 quid

1893 1072 2027 1128 opus
2052 1058 2238 1115 fuisset
2258 1058 2450 1114 vulva?
2479 1057 2572 1115 sed
2615 1074 2678 1113 ex
2711 1059 2946 1128 virginea
2975 1073 3138 1114 carne
3169 1077 3181 1112 :
3211 1066 3480 1129 quomodo

1894 1160 2094 1217 autem,
2126 1167 2232 1205 non
2266 1165 2482 1221 possum
2512 1151 2800 1220 explicare.
2826 1148 2956 1204 Illud
2985 1165 3144 1220 porro
3163 1150 3354 1204 factum
3376 1159 3478 1212 est.

1895 1245 2100 1315 nequis
2123 1245 2356 1299 alienum
2383 1260 2412 1300 a
2442 1255 2628 1298 natura
2662 1251 2840 1297 nostra
2873 1250 3082 1311 partum
3116 1243 3260 1296 illum
3288 1242 3477 1296 existi-

1896 1343 2086 1390 maret.
2117 1334 2247 1388 Nam
2276 1334 2320 1389 si
2350 1349 2408 1389 re
2436 1335 2513 1388 sic
2543 1342 2690 1402 gesta
2713 1374 2727 1399 ,
2761 1342 2885 1386 sunt
2925 1341 3100 1386 tamen
3130 1332 3341 1400 quidam
3389 1332 3477 1401 qui

1897 1424 2059 1478 talem
2089 1439 2194 1477 non
2217 1423 2444 1478 credunt
2472 1423 2911 1494 generationem;
2938 1420 3037 1474 nisi
3069 1421 3342 1490 virginalis
3362 1435 3481 1475 ear-

1897 1514 1978 1568 nis
2008 1514 2278 1583 particeps
2308 1511 2516 1577 fuisset,
2549 1527 2655 1582 quo
2684 1527 2788 1566 non
2817 1511 3184 1580 prorupissent
3231 1510 3479 1580 impieta-

1897 1605 2010 1659 tis?
2044 1605 2193 1672 Quod
2239 1613 2412 1658 uatum
2450 1614 2518 1657 est
2547 1620 2608 1657 ea:
2639 1603 2838 1672 Spiritu
2859 1645 2872 1666 ,
2917 1603 3127 1672 spiritus
3169 1612 3259 1655 est.
3295 1601 3482 1655 Viden’

1897 1695 2128 1766 Spiritus
2158 1695 2504 1764 dignitatem?
2533 1693 2663 1748 Nam
2693 1693 2787 1748 Dei
2819 1707 2953 1762 Opus
2980 1693 3068 1748 ille
3094 1692 3278 1747 efficit.
3309 1692 3481 1762 Supra

1896 1790 2128 1853 dicebat,
2155 1788 2239 1844 Ea:
2270 1789 2378 1844 Deo
2403 1789 2507 1842 uati
2529 1797 2643 1842 sunt
2668 1804 2685 1851 ;
2716 1787 2803 1842 hic
2833 1801 2957 1841 vero
2979 1787 3112 1840 dixit
3136 1788 3278 1854 ἱνευε
3303 1801 3332 1840 a
3360 1786 3482 1856 Spi-

1898 1887 2002 1937 ritu
2031 1883 2174 1953 gigni
2207 1901 2219 1936 :
2259 1882 2409 1949 Quod
2437 1892 2611 1935 uatum
2635 1891 2788 1953 estea:
2810 1881 3030 1950 Spiritu,
3056 1882 3263 1950 spiritus
3290 1891 3398 1944 est;
3429 1881 3482 1935 id

1897 1983 2000 2040 est,
2028 1973 2127 2041 Qui
2157 1982 2312 2028 natus
2342 1981 2426 2027 est
2451 1988 2516 2027 ex
2545 1972 2766 2042 Spiritu,
2791 1972 3081 2041 spiritualis
3108 1983 3208 2025 est.
3240 1972 3479 2026 Genera-

1901 2064 2100 2120 tionem
2122 2064 2318 2134 quippe
2349 2062 2437 2117 hic
2482 2076 2587 2116 non
2623 2062 2913 2116 secundum
2945 2061 3295 2115 substantiam
3325 2062 3478 2126 dicit,

1898 2153 1992 2208 sed
2022 2153 2313 2209 secundum
2343 2153 2600 2208 honorem
2629 2161 2683 2206 et
2717 2152 2961 2222 gratiam.
2994 2150 3048 2206 Si
3079 2165 3206 2219 ergo
3237 2150 3375 2204 filius
3405 2151 3482 2204 sic

1900 2255 2058 2299 natus
2083 2253 2184 2310 est,
2219 2243 2344 2315 quid
2374 2243 2603 2314 amplius
2633 2241 2853 2296 habebit
2891 2257 3050 2311 quam
3076 2241 3254 2295 caeteri
3301 2241 3482 2294 Immi-

1899 2351 2018 2402 nes,
2067 2336 2157 2406 qui
2210 2337 2280 2390 ita
2325 2336 2434 2390 nati
2477 2333 2638 2390 sunt?
2691 2333 2961 2403 quomodo
3004 2333 3321 2403 Uuigenitus
3368 2332 3482 2386 est?

1899 2425 2031 2480 Nam
2061 2434 2116 2481 et
2143 2441 2244 2496 ego
2272 2440 2336 2481 ex
2367 2426 2477 2482 Deo
2500 2434 2658 2480 natus
2691 2439 2830 2487 sum,
2861 2424 2953 2478 sed
2995 2438 3098 2478 non
3126 2439 3189 2477 ex
3219 2422 3332 2490 ejus
3357 2422 3482 2477 sub-

1899 2517 2114 2572 stantia.
2167 2515 2221 2571 Si
2253 2530 2381 2586 ergo
2425 2530 2599 2585 neque
2641 2516 2752 2586 ipse
2800 2529 2864 2568 ex
2895 2513 3011 2582 ejus
3051 2513 3344 2566 substantia
3370 2553 3386 2577 ,
3429 2512 3480 2564 in

1901 2623 2008 2678 quo
2055 2606 2232 2661 differt
2270 2583 2525 2662 a-nobis‘i
2548 2605 2635 2660 Sic
2669 2583 2883 2675 quoque
2908 2603 3105 2673 Spiritu
3135 2617 3307 2656 nnnor
3333 2617 3481 2656 mve-

1903 2699 2096 2753 nietur.
2130 2696 2260 2752 Nam
2293 2696 2595 2766 hujusmodi
2624 2695 2899 2766 generatio
2929 2696 2986 2747 fit
3006 2709 3067 2748 ex
3102 2693 3330 2762 Spiritus
3359 2707 3483 2762 gra-

1905 2790 1996 2845 tia.
2021 2787 2157 2843 Num
2180 2803 2308 2858 ergo
2336 2797 2391 2840 ut
2418 2787 2586 2842 Filius
2613 2794 2844 2848 maneat,
2868 2784 3098 2854 Spiritus
3123 2783 3320 2836 auxilio
3350 2796 3484 2850 opus

1901 2879 2099 2934 habet?
2121 2877 2321 2948 Ecquid
2342 2879 2454 2932 haec
2479 2891 2508 2930 a
2528 2875 2746 2931 Judaica
2774 2875 3010 2929 doctrina
3041 2872 3324 2928 differunt?
3351 2872 3482 2926 Cum

1900 2971 2124 3027 dixisset
2153 2986 2280 3040 ergo
2304 2969 2571 3034 Christus,
2600 2967 2699 3034 Qui
2731 2977 2884 3021 natus
2909 2975 2991 3020 est
3031 2981 3094 3020 ex
3118 2965 3340 3034 Spiritu,
3369 2964 3482 3033 Spi-

1900 3064 2036 3118 ritus
2067 3070 2180 3128 est;
2209 3060 2352 3132 quod
2385 3060 2652 3114 turbatum
2701 3059 2844 3112 illum
2888 3056 3060 3111 adhuc
3102 3065 3370 3122 cerneret,
3416 3054 3482 3107 ad

1899 3153 2154 3210 sensibile
2191 3151 2494 3219 exemplum
2528 3149 2884 3220 progreditur.
2913 3148 2966 3202 7.
3001 3145 3084 3200 Ne
3129 3146 3360 3211 mireris,
3399 3144 3483 3198 in-

1899 3247 2034 3318 quit,
2078 3246 2195 3315 quia
2227 3245 2334 3299 dixi
2375 3244 2483 3310 tibi,
2514 3243 2722 3312 Oportet
2747 3257 2837 3294 nos
2860 3241 2998 3294 nasci
3019 3240 3203 3293 denuo.
3232 3239 3284 3292 8.
3317 3237 3485 3306 Spiri-

1900 3348 1980 3393 tus
2001 3338 2085 3392 ubi
2112 3337 2215 3391 vult
2243 3337 2421 3406 spirat.
2453 3333 2586 3390 Cum
2616 3333 2765 3398 dicit,
2791 3330 2872 3384 Ne
2910 3331 3125 3394 mireris,
3166 3331 3282 3396 ejus
3317 3328 3484 3382 animi

1901 3427 2356 3499 perturbationem
2389 3424 2675 3495 signiﬁcat,
2725 3430 2778 3476 et
2822 3421 2888 3475 ad
2934 3419 3267 3474 subtiliorem
3296 3433 3485 3487 corpo-

1901 3535 2020 3574 rum
2050 3518 2314 3573 rationcm
2343 3515 2581 3571 deducit.
2613 3512 2743 3567 Nam
2775 3527 2803 3571 a
2835 3510 3141 3566 carnalibus
3185 3510 3354 3577 ipsum
3385 3506 3485 3560 ab-

1901 3611 2127 3665 duxerat
2155 3608 2238 3663 his
2257 3606 2455 3673 verbis,
2490 3604 2638 3673 Quod
2663 3613 2838 3656 natum
2858 3611 2930 3655 est
2955 3617 3017 3654 ea:
3040 3600 3258 3671 Spiritu,
3277 3600 3488 3668 spiritus

1902 3710 1991 3756 est.
2023 3699 2156 3766 Quia
2191 3713 2318 3753 vero
2358 3713 2465 3752 non
2511 3695 2848 3764 intelligebat
2891 3693 2982 3747 ille
3011 3691 3138 3760 quid
3173 3691 3272 3745 hoc
3317 3701 3478 3755 esset,

1902 3805 2086 3845 rursus
2113 3789 2259 3843 illum
2287 3787 2352 3842 ad
2379 3787 2536 3840 aliam
2571 3784 2824 3840 transfert
2849 3781 3171 3854 imaginem,
3203 3796 3376 3851 neque
3416 3782 3483 3834 ad

1900 3895 2184 3950 corporum
2213 3877 2621 3933 crassitudinem
2667 3875 2961 3939 adducens,
2993 3889 3165 3942 neque
3214 3873 3280 3927 de
3312 3874 3488 3926 incor-

1904 3971 2079 4040 poreis
2107 3969 2326 4024 omnino
2355 3957 2580 4037 loquens
2627 3966 2839 4036 (neque
2875 3965 3018 4020 enim
3071 3973 3277 4032 poterat
3315 3963 3366 4016 id
3398 3964 3487 4014 ille

1903 4061 2267 4131 intelligere);
2297 4058 2392 4113 sed
2423 4056 2657 4111 medium
2681 4053 2880 4124 aliquid
2911 4068 3225 4123 corporeum
3268 4053 3404 4106 inter
3431 4061 3487 4107 et

1903 4155 2277 4220 incorporeum
2310 4149 2544 4213 invenit,
2587 4147 2732 4201 venti
2780 4161 2972 4215 nempe
3003 4147 3287 4214 impetum;
3338 4144 3488 4198 indc-

1902 4260 2006 4314 que
2034 4244 2181 4297 illum
2224 4241 2479 4294 instituit.
2517 4239 2590 4292 De
2629 4245 2788 4291 vento
2817 4251 3046 4304 namque
3093 4235 3221 4288 dicit
3252 4251 3266 4288 :
3303 4233 3486 4289 Vocem

1902 4337 2010 4405 ejus
2039 4333 2220 4398 audis;
2247 4332 2334 4385 sed
2361 4331 2520 4385 nescis
2551 4329 2683 4382 unde
2711 4328 2894 4391 veniat,
2918 4336 3006 4379 aut
3035 4342 3131 4397 quo
3155 4325 3320 4378 vadat.
3350 4325 3484 4380 Cum

1905 4426 2052 4491 dicit,
2097 4423 2193 4478 Ubi
2235 4425 2339 4476 vult
2378 4423 2558 4493 spirat,
2588 4435 2694 4474 non
2724 4416 2985 4489 significat
3011 4423 3226 4472 ventum
3260 4417 3484 4471 arbitrio

1904 4532 2002 4573 suo
2023 4516 2180 4581 ferri;
2224 4513 2318 4569 sed
2360 4511 2656 4568 naturalem
2689 4510 2803 4578 ejus
2835 4509 3088 4577 impetum
3133 4515 3186 4560 et
3235 4509 3341 4561 vim
3370 4507 3486 4559 sine

1905 4611 2284 4682 impedimento
2307 4610 2488 4662 latam.
2513 4604 2663 4660 Solet
2708 4603 2850 4657 enim
2895 4600 3167 4669 Scriptura
3212 4599 3372 4654 etiam
3418 4599 3486 4653 de

1906 4703 2212 4760 inanimatis
2241 4703 2311 4756 ita
2339 4698 2504 4768 loqui,
2539 4705 2595 4750 Ill
2620 4709 2743 4749 cum
2769 4692 2896 4747 dicit
2935 4711 2947 4744 :
2987 4690 3212 4744 Vauitati
3253 4700 3484 4743 creatura

1904 4797 2126 4866 subjecta
2145 4803 2218 4848 est
2239 4807 2338 4846 non
2360 4788 2526 4844 volens
2554 4786 2727 4857 (Rom.
2753 4784 2805 4839 8.
2836 4783 2946 4850 20).
2979 4781 3109 4835 Illud
3166 4782 3344 4850 igitur,
3386 4780 3484 4833 Ubi

1904 4892 2009 4946 uult
2055 4888 2246 4956 spirat,
2297 4899 2402 4938 non
2459 4894 2614 4951 posse
2653 4877 2799 4931 illum
2848 4873 3062 4928 retineri
3107 4873 3385 4942 significat,
3432 4882 3484 4924 et

1908 4983 2100 5052 ubique
2122 4976 2367 5041 diffundi,
2402 4974 2773 5037 neminemque
2794 4967 2941 5020 illum
2966 4965 3244 5033 impedire,
3278 4963 3484 5030 quomi—

1905 5089 2006 5127 nus
2037 5073 2140 5125 huc
2163 5069 2287 5123 illuc
2311 5065 2544 5120 feratur:
2578 5059 2671 5115 sed
2703 5073 2892 5127 magna
2921 5057 2972 5109 vi
3015 5053 3234 5120 effundi,
3273 5052 3483 5106 nemina

1907 5165 2158 5232 impetum
2180 5171 2430 5213 coercere
2457 5154 2684 5207 valente.

1974 5254 2028 5306 2.
2051 5251 2115 5304 Et
2137 5265 2301 5304 uocem
2323 5248 2432 5317 ejus
2457 5243 2638 5306 audis;
2667 5239 2943 5308 strepitum
2972 5249 3162 5302 nempe
3185 5243 3440 5287 etsonum
3466 5249 3478 5285 :

1906 5343 1992 5398 sed
2011 5342 2168 5394 nescis
2193 5337 2323 5392 unde
2349 5336 2530 5397 veniat,
2559 5343 2643 5385 aut
2671 5345 2768 5398 quo
2797 5326 2964 5381 vadat.
2997 5325 3083 5377 Sic
3109 5333 3183 5378 est
3212 5325 3376 5377 omnis
3394 5326 3481 5394 qui

1905 5444 2052 5488 natus
2100 5439 2170 5484 est
2199 5445 2260 5483 ex
2305 5426 2523 5495 Spiritu.
2574 5422 2699 5475 Haec
2744 5414 3012 5470 conclusio
3068 5421 3168 5466 est.
3224 5412 3275 5468 Si
3329 5413 3482 5482 hujus

1904 5526 2046 5582 venti
2074 5565 2087 5581 .
2124 5520 2321 5590 inquit,
2358 5531 2514 5586 quem
2541 5527 2700 5567 sensu
2722 5549 2738 5574 ,
2769 5521 2960 5574 nempe
2987 5505 3168 5560 auditu
3216 5516 3268 5560 et
3299 5515 3436 5558 tactu
3464 5545 3479 5568 ,

1907 5615 2170 5691 pmcipis,
2223 5613 2473 5680 impetum
2519 5602 2784 5675 explicare
2829 5611 2932 5653 non
2975 5608 3158 5669 potes,
3205 5611 3300 5651 nec
3344 5597 3481 5649 viam
