4068 6136
565 275 672 331 155

565 395 681 458 ejus
713 389 886 452 nosti;
912 402 1007 441 cur
1046 383 1208 438 divini
1239 380 1472 451 Spiritus
1519 376 1885 446 operationem
1939 372 2149 427 curiose

565 483 835 552 exploras,
864 480 953 548 qui
984 475 1128 532 venti
1165 475 1270 527 vim
1297 487 1401 526 non
1428 468 1694 538 intelligis,
1728 466 1827 521 etsi
1849 478 2037 519 sonum
2059 477 2153 517 au-

569 573 722 628 dias?
765 569 898 625 Illud
929 567 1071 624 enim
1095 608 1112 633 ,
1139 564 1237 620 Ubi
1262 563 1364 616 vult
1392 562 1578 630 spirat,
1607 559 1674 613 de
1712 553 1968 611 Paracleti
2005 561 2154 623 pote-

565 672 704 718 state
724 662 923 716 dictum
943 667 1044 723 est,
1067 666 1119 713 et
1139 655 1216 710 sic
1241 652 1612 722 explicandum
1639 667 1652 702 :
1682 647 1734 702 Si
1755 655 1970 700 ventum
1995 657 2152 699 nemo

565 754 801 817 cohibet,
833 751 924 806 sed
953 764 1057 820 quo
1086 747 1196 802 vult
1222 745 1310 800 ille
1335 743 1526 807 fertur,
1554 739 1720 795 multo
1737 736 1904 808 magis
1924 733 2153 805 Spiritus

567 845 931 916 operationem
951 855 1050 895 nec
1076 849 1278 893 naturae
1301 837 1444 905 leges
1460 833 1735 904 quaelibet,
1758 844 1857 884 nec
1883 841 2154 896 corporeae.

569 935 928 1006 generationis
957 931 1166 987 termini
1193 971 1207 994 ,
1242 943 1339 982 nec
1369 925 1568 996 quaevis
1597 924 1698 977 alia
1726 919 2025 991 hujusmodi
2058 935 2152 988 po-

573 1035 747 1084 terunt
760 1025 1028 1080 cohibere.
1051 1019 1202 1087 Quod
1219 1028 1394 1074 autem
1413 1017 1478 1071 de
1497 1025 1654 1069 vento
1670 1012 1876 1068 dicatur
1894 1011 2043 1076 illud,
2058 1008 2159 1063 1ίό-

574 1133 677 1172 cem
689 1119 798 1188 ejus
813 1112 1107 1180 audis,inde
1125 1110 1459 1180 perapicuum
1474 1104 1760 1174 est.Neque
1776 1103 1915 1158 enim
1935 1099 2154 1164 inﬁdeli,

573 1209 662 1279 qui
690 1223 793 1261 non
824 1215 1006 1260 nosset
1035 1201 1404 1272 operationem
1431 1196 1661 1268 Spiritus
1685 1194 1940 1257 dixisset,
1980 1190 2160 1244 Vocem

576 1302 686 1371 ejus
710 1297 878 1352 audis.
908 1290 1368 1363 Quemadmodum
1394 1289 1553 1359 igitur
1581 1294 1770 1340 ventus
1789 1299 1894 1338 non
1920 1288 2157 1352 apparet,

574 1386 783 1446 etiamsi
809 1402 1000 1443 sonum
1033 1384 1278 1440 emittat:
1311 1382 1388 1436 sic
1429 1394 1528 1435 nec
1565 1377 1853 1450 Spiritualis
1888 1374 2162 1446 generatio

574 1483 743 1538 oculis
765 1479 1038 1550 corporeis
1065 1474 1407 1548 perspicitur.
1437 1471 1598 1542 Atqui
1627 1478 1813 1525 ventus
1836 1476 1921 1523 est
1945 1479 2159 1536 corpus,

579 1577 702 1631 licet
730 1573 1099 1629 tenuissimum
1133 1587 1148 1624 :
1177 1584 1299 1622 nam
1330 1565 1471 1637 quod
1501 1563 1680 1619 sensui
1709 1560 2009 1630 subjicitur,
2037 1572 2160 1612 cor-

578 1684 673 1738 pus
689 1676 790 1722 est.
815 1667 873 1722 Si
903 1679 1030 1736 ergo
1047 1678 1154 1719 non
1177 1675 1318 1731 aegre
1338 1659 1442 1713 fers
1458 1656 1600 1727 quod
1617 1669 1812 1724 corpus
1833 1668 1939 1706 non
1955 1651 2160 1712 videas,

581 1774 756 1828 neque
796 1758 917 1813 ideo
952 1756 1125 1826 ipsum
1152 1767 1272 1808 esse
1306 1749 1587 1813 dil‘ﬁteris;
1615 1761 1710 1801 cur
1729 1745 1796 1800 de
1831 1744 2019 1814 spiritu
2065 1757 2164 1796 au-

578 1851 731 1905 diens
757 1847 985 1903 turbaris
1005 1887 1019 1911 ,
1047 1853 1101 1899 et
1128 1852 1204 1898 tot
1231 1842 1468 1896 rationes
1496 1838 1699 1908 exigis,
1737 1851 1858 1890 cum
1890 1844 2066 1889 tamen
2113 1831 2164 1886 id

579 1941 719 1995 circa
749 1951 944 2006 corpus
972 1951 1077 1990 non
1105 1932 1271 2002 agas?
1295 1929 1432 1999 Quid
1454 1943 1582 1999 ergo
1601 1923 1956 1982 Nieodemus?
1982 1922 2168 1977 Adhuc

582 2032 633 2086 in
656 2030 875 2085 Judaiea
898 2028 1098 2082 vilitate
1122 2033 1321 2089 manet,
1350 2037 1472 2076 cum
1495 2031 1600 2073 tam
1626 2016 1962 2073 manifestum
1984 2013 2168 2070 exem-

473 2176 483 2184 .
581 2125 726 2196 plum
752 2119 1038 2189 acceperit.
1061 2117 1157 2172 Cui
1184 2114 1357 2169 adhuc
1377 2128 1496 2168 cum
1521 2110 1684 2166 dubio
1705 2108 1924 2173 dicenti,
1949 2107 2001 2162 9.
2027 2105 2167 2173 Quo-

584 2195 734 2268 modo
754 2219 958 2280 possunt
976 2210 1079 2263 hate
1101 2207 1246 2276 ﬁeri?
1269 2202 1633 2259 vehementius
1649 2200 1777 2255 dicit
1794 2197 2055 2261 Christus,
2080 2195 2166 2249 IO.

585 2304 663 2359 Tu
682 2321 734 2358 es
755 2299 1054 2372 magisteria
1076 2297 1262 2362 Israel,
1283 2305 1328 2349 et
1351 2295 1458 2349 haec
1483 2295 1688 2365 ignoras
1711 2290 1734 2343 ?
1755 2288 1885 2343 Vide
1900 2284 2170 2357 quomodo

585 2410 844 2466 nusquam
871 2408 994 2448 eum
1020 2391 1088 2446 de
1117 2389 1346 2453 malitia,
1379 2384 1472 2440 sed
1516 2383 1583 2437 de
1612 2379 1900 2436 stoliditate
1942 2376 2118 2448 potius
2150 2375 2168 2407 ι

585 2506 649 2545 ac
668 2487 1007 2558 simplicitate
1035 2490 1271 2538 accusat.
1308 2477 1512 2548 Ecquid
1545 2475 1703 2529 habet
1723 2483 2004 2528 commune
2026 2467 2175 2522 dixe-

587 2583 654 2635 rit
681 2557 966 2650 quispiam,
1000 2576 1113 2630 hccc
1134 2570 1407 2643 generatio
1433 2583 1553 2623 cum
1580 2564 1816 2622 Judaicis
1841 2560 2038 2616 rebus?
2061 2557 2168 2615 Sed

587 2671 714 2740 quid
735 2713 749 2735 ,
781 2683 961 2739 qumso
981 2708 996 2731 ,
1029 2680 1133 2719 non
1163 2659 1486 2718 commune?
1515 2656 1724 2714 Etenim
1757 2652 1912 2725 primi
1939 2651 2170 2705 hominis

589 2760 872 2824 formatio,
925 2772 1129 2812 necnon
1175 2753 1412 2808 mulieris
1458 2766 1522 2806 ex
1565 2748 1731 2802 latere
1774 2744 2009 2810 eductae,
2048 2739 2174 2794 item

591 2851 836 2915 steriles,
869 2857 924 2902 et
949 2864 1009 2903 ea
1040 2861 1162 2916 qua:
1189 2859 1287 2915 per
1317 2856 1480 2913 aquas
1503 2839 1736 2909 perlecta
1767 2842 1925 2900 sunt,
1955 2833 2006 2886 in
2033 2829 2178 2886 fonte

592 2941 873 3002 videlicet,
917 2937 1061 2992 unde
1105 2935 1329 2988 Elisaeus
1374 2930 1575 2985 ferrum
1605 2925 1820 2989 eduxit;
1861 2937 1923 2977 ea
1961 2935 2078 2990 quae
2123 2919 2178 2973 in

595 3032 728 3088 mari
767 3029 968 3085 Rubro.
1001 3024 1141 3096 quod
1175 3022 1499 3091 traiecerunt
1522 3017 1720 3079 Judaei;
1751 3029 1813 3068 ea
1840 3027 1958 3083 qua:
1989 3012 2042 3066 in
2094 3010 2175 3078 pi-

595 3123 766 3186 scina,
793 3135 950 3190 quatn
981 3116 1201 3187 angelus
1235 3111 1487 3183 agitabat,
1513 3118 1566 3163 et
1591 3122 1709 3176 qua:
1728 3105 1794 3160 ad
1825 3103 2055 3158 Neeman
2081 3099 2180 3172 Sy-

598 3231 714 3268 rum
759 3218 1039 3282 spectant,
1085 3207 1174 3278 qui
1219 3206 1271 3260 in
1318 3202 1552 3259 Jordane
1597 3197 1880 3254 mundatus
1907 3205 1986 3251 est
2016 3211 2030 3246 :
2066 3193 2180 3248 haec

600 3309 814 3376 inquam
837 3302 1013 3358 omnia
1036 3297 1436 3372 generationem
1465 3303 1518 3350 et
1540 3293 1902 3364 purgationem
1926 3289 2176 3352 futuram,

598 3399 748 3469 quasi
793 3398 844 3451 in
878 3395 1038 3466 ﬁgura
1070 3389 1525 3464 prmnuntiabanl;
1556 3400 1760 3441 necnon
1802 3381 2180 3453 prophetarum

599 3467 740 3544 dicta
768 3489 909 3543 hunc
934 3482 1183 3539 nascendi
1211 3481 1427 3536 modum
1471 3475 1912 3540 subindicabant,
1953 3467 2182 3542 exempli

601 3597 798 3636 causa:
853 3577 1246 3633 Aunuutiabitur
1291 3573 1508 3626 Domino
1550 3568 1803 3641 generatio
1853 3574 2099 3629 uentura,
2139 3571 2184 3616 et

601 3672 972 3727 anmmtiabunt
996 3670 1252 3740 justitiam
1299 3667 1408 3734 ejus
1437 3663 1623 3734 populo
1641 3660 1726 3730 qui
1751 3668 2000 3721 nascetur,
2041 3669 2186 3725 quem

606 3767 720 3838 fecit
747 3763 992 3816 Dominus
1024 3759 1193 3830 (Psal.
1219 3757 1309 3810 2|.
1334 3756 1422 3823 54)
1447 3773 1461 3820 ;
1507 3763 1559 3808 et
1585 3752 1734 3815 illud,
1767 3749 2104 3804 Renovabitur
2134 3755 2188 3799 ut

601 3857 790 3926 aquila
820 3855 1058 3925 juventus
1089 3859 1173 3902 tua
1200 3846 1371 3922 (Psal.
1401 3845 1521 3900 102.
1548 3843 1635 3914 5);
1680 3843 1806 3896 item
1828 3881 1844 3906 ,
1883 3839 2188 3895 lllmuinarc

602 3948 890 4005 Jerusalem
919 3962 938 4000 .'
964 3961 1076 3999 ecce
1104 3943 1212 3999 Rea:
1233 3951 1345 3994 tuus
1371 3939 1500 3993 venit
1523 3936 1576 4007 (I
1582 3937 1676 3990 sai.
1704 3935 1792 3989 60.
1822 3932 1911 4005 I):
1941 3941 2015 3998 et,
2045 3931 2190 3986 Beati

605 4059 821 4114 quorum
842 4038 1062 4094 remissa:
1086 4043 1200 4091 sunt
1224 4032 1512 4102 iniquitates
1538 4028 1706 4103 (Psal.
1733 4027 1824 4082 51.
1857 4026 1926 4094 1).
1955 4025 2020 4078 Et
2048 4023 2190 4077 Isaac

605 4148 819 4205 quoque
861 4131 1024 4201 ﬁgura
1055 4134 1170 4184 crat
1200 4124 1358 4194 hujus
1384 4119 1762 4194 generationis.
1815 4117 1907 4172 Dic
1945 4117 2085 4171 enim
2111 4155 2126 4179 ,
2159 4129 2190 4168 ο

610 4225 898 4285 Nicodeme
918 4264 932 4288 ,
963 4218 1232 4292 quomodo
1263 4226 1418 4272 natus
1441 4215 1528 4270 ille
1559 4213 1678 4269 est?
1705 4227 1771 4266 an
1793 4210 1910 4278 lege
1949 4206 2192 4262 naturae?

610 4319 952 4389 Nequaquam
983 4331 996 4367 :
1030 4325 1157 4381 ergo
1184 4307 1397 4378 quidam
1426 4304 1632 4361 medius
1656 4303 1795 4357 inter
1815 4301 1951 4355 hanc
1973 4309 2026 4354 et
2047 4296 2190 4351 illam

609 4408 1007 4480 generationem
1039 4402 1228 4456 modus
1249 4407 1361 4454 erat
1380 4440 1394 4460 ,
1419 4398 1508 4452 illa
1531 4396 1672 4452 enim
1701 4410 1765 4448 ex
1787 4392 2067 4448 concubitu
2088 4399 2190 4454 est,

616 4500 704 4553 hic
732 4512 862 4550 vero
893 4511 998 4549 non
1023 4509 1089 4546 ex
1119 4488 1465 4560 sanguinihus
1496 4494 1649 4538 natus
1678 4493 1780 4538 cst.
1809 4483 1922 4552 Ego
1950 4497 2076 4536 vero
2101 4478 2194 4534 de-

615 4588 926 4643 monstrabo
952 4625 967 4650 ,
995 4597 1101 4636 non
1130 4579 1267 4634 hanc
1293 4577 1451 4631 modo
1478 4573 1913 4645 generationem,
1931 4569 2024 4624 sed
2045 4576 2100 4623 et
2127 4567 2195 4622 il-

613 4680 722 4732 lam
764 4693 828 4732 ex
859 4675 1075 4744 Virgine
1099 4715 1114 4738 ,
1167 4671 1314 4725 hisce
1361 4665 1534 4724 modis
1569 4663 1974 4737 przcnuntiatam
2010 4659 2192 4714 fuisse.

613 4770 750 4837 Quia
777 4768 920 4823 enim
966 4780 1124 4820 nemo
1157 4762 1308 4818 facile
1333 4759 1635 4816 crediturus
1664 4765 1777 4812 erat
1805 4753 2064 4823 virginem
2105 4764 2200 4820 pa-

621 4877 762 4923 rcre,
792 4857 1004 4914 steriles
1030 4856 1280 4926 primum,
1312 4850 1504 4906 deinde
1529 4864 1632 4904 non
1664 4844 1822 4902 modo
1851 4843 2082 4908 steriles,
2105 4838 2200 4896 sed

615 4953 780 5011 etiam
808 4965 940 5006 anus
969 4953 1324 5020 pepererunt:
1355 4941 1594 5014 quamvis
1621 4940 1776 5008 longe
1798 4934 2090 4991 mirabilius
2109 4931 2199 4996 sit,

622 5063 689 5103 ex
716 5055 864 5102 costa
893 5041 1170 5097 mulierem
1204 5035 1351 5101 ﬁeri;
1385 5048 1568 5089 verum
1592 5031 1712 5103 quia
1745 5026 1872 5082 illud
1898 5021 2204 5094 antiquissi-

625 5153 768 5193 mum
795 5142 911 5191 erat
927 5173 946 5198 ,
977 5131 1110 5184 alius
1139 5124 1377 5198 pariendi
1401 5138 1569 5178 novus
1591 5120 1780 5176 modus
1801 5126 2056 5188 sequutus
2079 5119 2200 5176 est,

627 5242 819 5298 nempe
848 5222 1139 5285 sterilium,
1182 5217 1270 5287 qui
1302 5214 1573 5286 virginalis
1621 5221 1803 5282 partus
1850 5208 2008 5264 ﬁdem
2057 5211 2205 5258 ante-

630 5322 810 5374 cessit.
843 5318 967 5372 llaec
1005 5328 1134 5384 ergo
1176 5309 1465 5366 Nicodemo
1494 5307 1546 5359 in
1593 5303 1902 5359 memoriam
1950 5310 2206 5354 revocans

629 5408 839 5463 (licebat
871 5425 883 5460 :
919 5405 996 5459 Tu
1024 5421 1075 5458 es
1121 5401 1358 5474 magister
1391 5399 1443 5451 in
1472 5394 1635 5450 Israel
1659 5436 1672 5461 ,
1714 5403 1761 5446 et
1809 5393 1916 5446 haec
1958 5385 2209 5460 ignoras?

636 5495 784 5561 Quod
805 5498 987 5549 scimus
1022 5494 1294 5566 loquimur,
1337 5500 1384 5545 et
1432 5488 1566 5559 quod
1602 5485 1816 5538 vidimus
1850 5491 2111 5544 testamur,
2161 5486 2207 5529 et

632 5585 971 5643 testimonium
995 5597 1218 5640 nostrum
1245 5600 1390 5639 nemo
1425 5581 1629 5652 accipit.
1667 5577 1790 5633 llznc
1816 5571 2088 5644 subiunxit
2111 5609 2126 5633 ,
2156 5577 2211 5622 et

705 5695 722 5726 ⁸
759 5692 847 5744 Alii
879 5693 1078 5758 legunt,
1100 5702 1300 5759 tantum,
1327 5708 1432 5760 pro,
1453 5691 1628 5760 potius.

1264 267 1318 320 S.
1359 263 1634 320 JO.\I\'.\'IS
1672 258 2142 316 CIIRI’SOSTOMI
2183 257 2503 320 AIlCIIIEP.
2543 265 3074 327 CONSTANTINOP.

3737 271 3833 326 I56

2261 374 2473 434 aliunde
2501 396 2710 438 rursum
2735 385 2877 440 dicto
2905 386 3063 442 ﬁdem
3090 385 3318 454 faciens,
3362 395 3415 443 ct
3449 386 3590 441 illius
3620 387 3634 417 ⁸
3667 386 3829 441 imbe-

2257 470 2460 527 cillitati
2488 487 2546 528 se
2573 484 2953 556 attemperans.

2327 561 2379 616 '5.
2409 562 2543 629 Quid
2573 581 2698 620 vero
2732 569 2993 638 Signiﬁcat
3025 569 3156 625 illud
3177 613 3190 637 ,
3224 571 3309 625 Il.
3349 570 3500 638 Quod
3527 572 3710 626 scimus
3761 573 3838 626 lo-

2255 655 2476 722 quimur,
2518 667 2564 711 et
2595 660 2732 728 quod
2771 662 2984 717 vidimus
3020 664 3297 718 testamur?
3343 663 3477 731 Quia
3531 680 3652 720 cum
3699 666 3840 722 visus

2259 751 2379 819 plus
2417 765 2574 818 quam
2616 751 2706 805 alii
2747 767 2938 808 sensus
2983 755 3138 810 nobis
3189 755 3348 810 ﬁdem
3381 756 3570 822 faciat,
3621 767 3676 812 et
3721 773 3838 813 cum

2258 841 2583 911 persuadere
2614 843 2878 908 volumus,
2907 844 2976 899 ita
3006 846 3286 913 loquamur
3313 887 3326 908 .
3349 847 3465 902 Non
3506 847 3688 902 auditu
3717 864 3837 918 per-

2258 932 2517 1002 cepimus,
2550 933 2643 988 sed
2687 935 2818 1004 ipsis
2842 935 3011 990 oculis
3042 937 3288 992 vidimus.
3322 937 3445 992 Ideo
3473 937 3715 993 Christus
3748 939 3842 992 hu-

2261 1037 2420 1078 mano
2469 1039 2617 1078 more
2646 1024 2820 1096 ipsum
2861 1027 3182 1097 alloquitur,
3215 1028 3446 1098 hincque
3483 1028 3640 1083 dictis
3685 1028 3840 1084 ﬁdem

2265 1116 2406 1170 facit.
2435 1116 2693 1188 Quodque
2719 1133 2807 1174 res
2836 1118 2908 1174 ita
2949 1120 3037 1184 sit,
3067 1119 3208 1190 quod
3244 1121 3373 1176 nihil
3403 1120 3546 1175 aliud
3571 1120 3843 1177 declarare

2263 1208 2408 1272 velit,
2442 1223 2616 1277 neque
2641 1209 2812 1265 visum
2843 1210 3151 1265 sensibilem
3181 1211 3476 1281 intelligat,
3519 1209 3643 1266 hinc
3672 1209 3841 1280 palam

2262 1307 2367 1352 est.
2393 1297 2677 1369 Postquam
2701 1299 2840 1356 enim
2860 1299 3087 1368 dixerat,
3113 1300 3261 1367 Quod
3282 1311 3459 1354 natum
3485 1310 3558 1356 est
3584 1317 3647 1356 ea:
3670 1316 3838 1366 carne,

2264 1405 2384 1444 caro
2410 1402 2518 1454 est;
2561 1401 2608 1444 et
2634 1393 2772 1462 quod
2798 1402 2975 1447 uatum
3013 1402 3085 1446 est
3123 1409 3186 1447 ea:
3228 1392 3458 1462 Spiritu,
3492 1393 3702 1462 spiritus
3730 1403 3843 1457 est;

2265 1483 2558 1551 subjunxit,
2595 1483 2744 1550 Quod
2774 1485 2967 1538 scimus
2999 1484 3266 1554 loquimur,
3299 1493 3345 1537 et
3371 1483 3506 1552 quod
3530 1484 3743 1538 vidimus
3773 1494 3843 1538 tc-

2265 1583 2482 1628 stumur.
2525 1573 2636 1628 lloc
2665 1581 2846 1628 autem
2875 1573 3110 1629 nondum
3143 1573 3339 1628 factum
3371 1572 3561 1628 fuerat.
3587 1573 3695 1628 Cur
3717 1588 3846 1644 ergo

2267 1663 2417 1727 dicit,
2468 1663 2618 1729 Quod
2644 1663 2904 1718 vidimus?
2946 1665 3140 1719 Annon
3189 1663 3527 1718 manifestum
3565 1673 3648 1719 est
3677 1665 3847 1733 ipsum

2271 1755 2412 1825 loqui
2439 1753 2506 1810 de
2538 1763 2782 1808 accurata
2804 1754 3128 1824 cognitione,
3156 1769 3274 1823 quae
3301 1768 3403 1807 non
3429 1767 3610 1808 errare
3640 1753 3846 1823 possit?

2259 1846 2337 1900 Et
2354 1847 2691 1902 testimonium
2708 1854 2934 1900 nostrum
2963 1862 3107 1900 nemo
3133 1846 3339 1915 accipit.
3362 1844 3493 1900 Illud
3517 1859 3666 1914 ergo,
3698 1843 3850 1910 Quod

2269 1939 2477 2005 scimus,
2510 1939 2590 1993 vel
2631 1937 2699 1993 de
2736 1951 2795 1993 se
2840 1945 2895 1992 et
2931 1936 2999 1992 de
3032 1937 3187 1992 Patre
3234 1936 3396 2000 dicit,
3428 1935 3511 1990 vel
3549 1935 3616 1990 de
3647 1949 3707 1989 6e
3736 1936 3850 2005 ipso

2270 2031 2464 2086 solum.
2506 2029 2638 2085 Illud
2681 2045 2829 2096 vero,
2875 2028 3041 2083 Nemo
3067 2029 3268 2099 accipit,
3313 2043 3417 2081 non
3447 2041 3589 2097 mgre
3633 2025 3851 2082 ferentis

2272 2139 2413 2179 nunc
2439 2130 2542 2186 est,
2567 2122 2660 2177 sed
2683 2136 2793 2178 rem
2816 2133 3016 2192 gestam
3038 2121 3320 2175 narrantis.
3351 2118 3469 2174 Non
3499 2118 3643 2174 enim
3673 2118 3806 2191 dixit
3835 2136 3848 2172 :

2271 2213 2410 2282 Quid
2433 2213 2583 2268 vobis
2612 2185 2971 2267 insensibilius
3014 2211 3085 2266 sit
3110 2251 3126 2278 ,
3157 2211 3246 2280 qui
3305 2225 3366 2263 ea
3392 2224 3512 2278 qua:
3539 2223 3568 2261 a
3598 2208 3752 2263 nobis
3783 2185 3852 2262 ita

2274 2315 2522 2360 accurate
2546 2303 2932 2359 annuntiantur
2962 2317 3065 2356 non
3089 2300 3412 2357 admittitis?
3458 2299 3552 2356 scd
3598 2297 3758 2353 rebus
3802 2306 3855 2352 et

2278 2394 2458 2449 verbis
2502 2393 2702 2448 nullam
2734 2407 2840 2447 non
2873 2391 3336 2446 mansuetudinem
3386 2389 3681 2452 exhibens,
3725 2387 3856 2442 nihil

2277 2484 2349 2538 ita
2377 2483 2644 2554 loquitur;
2683 2482 2776 2539 sed
2822 2484 2937 2538 miti
2966 2497 3214 2538 sermone
3261 2480 3406 2552 quod
3458 2479 3694 2535 futurum
3739 2487 3858 2532 erat

2276 2576 2538 2648 praedicit,
2592 2591 2691 2631 nos
2739 2575 2863 2630 hinc
2907 2589 3115 2646 quoque
3165 2572 3232 2628 ad
3265 2587 3526 2628 summam
3575 2571 3858 2625 instituens

2277 2667 2739 2724 mansuetudinem
2763 2708 2778 2734 ,
2814 2675 2872 2721 ut
2898 2681 3018 2722 cum
3068 2665 3325 2736 quosdam
3366 2663 3688 2731 alloquimur
3715 2701 3731 2726 ,
3760 2675 3860 2715 nee

2281 2760 2412 2830 ipsis
2436 2757 2720 2814 suademus
2740 2799 2756 2825 ,
2785 2773 2854 2813 ne
2884 2757 2935 2811 id
2959 2757 3173 2827 indigne
3201 2753 3453 2810 feramus.
3491 2752 3623 2808 Nam
3654 2751 3743 2822 qui
3775 2751 3857 2806 in-

2281 2849 2548 2921 dignatur,
2582 2847 2710 2903 nihil
2748 2847 3007 2918 perﬁcere
3046 2847 3215 2913 solet,
3248 2844 3343 2898 sed
3373 2843 3541 2913 magis
3566 2857 3596 2896 a
3630 2841 3733 2897 ﬁde
3764 2840 3860 2894 ha-

2283 2942 2453 2999 benda
2504 2942 2711 2997 avertit.
2745 2941 2868 2996 Ideo
2910 2947 3123 3010 oportet
3168 2939 3235 2992 ab
3264 2937 3340 2991 ira
3368 2936 3640 2990 abstinere
3681 2951 3694 2988 :
3734 2931 3860 2988 illud

2283 3048 2412 3090 vero
2437 3033 2577 3104 quod
2604 3031 2832 3087 dicimus
2876 3029 2980 3086 ﬁde
3001 3029 3218 3100 dignum
3246 3025 3493 3090 reddere,
3524 3022 3863 3087 abstinendo,

2284 3139 2389 3178 non
2419 3123 2485 3178 ab
2508 3123 2582 3177 ira
2609 3122 2788 3188 modo,
2813 3121 2907 3176 sed
2953 3121 3112 3176 etiam
3136 3135 3164 3171 a
3191 3119 3448 3172 clamore.
3472 3114 3686 3169 Materia
3721 3114 3866 3168 enim

2285 3214 2378 3270 iraa
2406 3213 2628 3269 clamor.
2651 3212 3006 3283 lmpediamus
3039 3209 3197 3280 igitur
3221 3222 3438 3278 equum,
3471 3215 3528 3261 ut
3555 3204 3869 3274 dejiciamus

2285 3305 2520 3376 equitem
2545 3319 2560 3367 ;
2591 3304 2683 3359 ira:
2712 3317 2915 3373 pennas
2948 3300 3237 3364 cmdamus,
3259 3313 3327 3352 ne
3347 3295 3544 3350 malum
3573 3303 3866 3348 accrescat.

2289 3398 2487 3451 Acutus
2515 3395 2660 3450 enim
2696 3392 2915 3447 morbus
2943 3399 3027 3446 est
3051 3391 3129 3445 ira
3154 3430 3170 3456 ,
3199 3388 3290 3459 qui
3342 3387 3512 3457 possit
3543 3383 3747 3438 animas
3773 3397 3869 3437 no-

2288 3499 2426 3546 stras
2457 3488 2724 3558 decipere.
2765 3485 2888 3541 Ideo
2920 3484 2996 3539 illi
3038 3482 3213 3537 aditus
3248 3480 3482 3550 undique
3513 3475 3872 3532 intercluden-

2287 3582 2388 3638 dus
2435 3591 2536 3638 est.
2587 3579 2718 3634 Nam
2758 3576 3049 3632 absurdum
3096 3582 3239 3630 esset
3283 3573 3422 3627 feras
3471 3567 3873 3624 mansuefacere

2291 3690 2448 3747 posse
2472 3718 2488 3743 ,
2532 3681 2764 3729 mentem
2805 3686 2933 3725 vero
2984 3677 3222 3723 nostram
3266 3664 3541 3720 efferatam
3569 3659 3869 3730 despicere.

2292 3769 2433 3840 Ignis
2460 3765 2747 3821 vehemens
2772 3771 2854 3816 est
2885 3761 2959 3815 ira
2995 3800 3010 3826 ,
3040 3757 3130 3829 qui
3161 3755 3338 3812 omnia
3368 3752 3638 3808 absumit:
3669 3765 3792 3805 nam
3819 3755 3876 3802 et

2291 3838 2486 3926 corpus
2525 3853 2816 3924 corrumpit
2845 3859 2900 3907 et
2923 3851 3154 3904 animam
3195 3847 3509 3909 labefactat,
3541 3851 3698 3912 atque
3725 3838 3870 3908 inju-

2293 3946 2522 4002 cundum
2545 3945 2772 4013 visuque
2819 3954 3028 4010 turpem
3069 3939 3341 3993 hominem
3391 3933 3585 3990 reddit.
3625 3930 3786 3987 Certe
3827 3929 3876 3983 si

2295 4042 2460 4096 iratus
2498 4038 2730 4108 seipsum
2759 4035 2951 4089 intueri
3001 4039 3222 4103 posset,
3255 4044 3360 4084 non
3414 4028 3581 4080 altera
3613 4023 3880 4093 indigeret

2296 4131 2679 4189 admonitione.
2703 4127 2845 4183 Nihil
2866 4127 3008 4182 enim
3033 4122 3302 4179 insuavius
3327 4119 3463 4173 irato
3483 4117 3652 4183 vultu,
3685 4115 3875 4170 Ebrie-

2297 4237 2379 4282 tas
2420 4223 2662 4296 quaadam
2711 4220 2787 4274 ira
2817 4227 2898 4273 est
2917 4259 2932 4284 ,
2975 4217 3082 4270 imo
3111 4212 3371 4270 ebrietate
3399 4209 3657 4274 deterior,
3680 4215 3734 4261 et
3760 4205 3880 4260 da:-

2299 4334 2456 4375 mone
2491 4314 2869 4372 miserabilior.
2905 4311 3099 4365 Verum
3137 4309 3182 4362 si
3215 4319 3463 4361 curemus
3490 4317 3558 4358 ne
3587 4303 3639 4356 in
3667 4300 3879 4355 clamo-

2299 4428 2412 4468 rem
2435 4419 2798 4478 erumpamus,
2820 4403 3072 4475 Optimam
3095 4397 3445 4470 philosophia:
3469 4394 3605 4448 viam
3640 4391 3881 4446 invenie-

2301 4517 2439 4558 mus.
2468 4501 2594 4557 ldeo
2622 4499 2819 4554 Paulus
2846 4509 2951 4550 non
2975 4493 3108 4548 iram
3134 4490 3293 4546 modo
3313 4529 3328 4556 ,
3353 4485 3446 4542 s‘ed
3485 4485 3645 4540 etiam
3674 4482 3885 4537 clamo-

2301 4610 2414 4650 rem
2440 4595 2609 4648 vitare
2633 4591 2783 4660 jubet
2813 4607 2826 4644 :
2864 4585 3041 4641 Omnis
3062 4585 3140 4638 ira
3164 4591 3209 4636 et
3235 4581 3426 4634 clamor
3457 4577 3667 4632 tollatur
3692 4589 3724 4625 a
3743 4573 3889 4624 vobis

2303 4688 2519 4760 (Ephes.
2543 4687 2596 4740 4.
2638 4682 2752 4754 5|).
2775 4675 3254 4746 Obtempercmus'
3272 4686 3399 4740 ergo
3422 4669 3545 4723 huic
3565 4665 3739 4720 omnis
3762 4662 3889 4732 phi-

2304 4779 2558 4848 losophia:
2588 4775 2872 4846 magistro:
2897 4780 3090 4827 etcum
3113 4775 3298 4822 contra
3329 4774 3514 4818 servos
3541 4767 3753 4813 nostros
3779 4756 3889 4809 ira-

2304 4876 2522 4937 scimur,
2546 4878 2755 4941 peccata
2781 4872 2963 4920 nostra
2993 4861 3307 4931 cogitemus,
3326 4863 3381 4909 et
3399 4865 3583 4908 eorum
3611 4861 3708 4902 nos
3731 4861 3890 4898 mau-

2306 4962 2600 5021 suetudinis
2617 4959 2826 5031 pudeat.
2858 4953 2989 5009 Cum
3016 4951 3158 5006 enim
3189 4957 3243 5001 tu
3271 4943 3526 5000 conviciis
3553 4949 3768 4997 oneras,
3802 4932 3902 4985 ille

2308 5069 2437 5110 vero
2457 5052 2619 5106 silens
2643 5047 2879 5103 convicia
2912 5043 3106 5098 tolerat
3130 5055 3145 5102 ;
3179 5047 3234 5090 tu
3261 5045 3311 5089 te
3339 5031 3565 5101 turpiter
3592 5025 3760 5097 geris,
3791 5021 3892 5076 ille

2312 5144 2712 5217 phiIOSophatur
2742 5157 2754 5192 :
2780 5136 2830 5191 id
2856 5150 2952 5204 pro
2965 5129 3326 5188 admonitione
3349 5123 3568 5178 habeas.
3600 5116 3712 5171 Etsi
3739 5128 3910 5168 nam-

2311 5253 2413 5307 que
2435 5248 2643 5297 servus,
2677 5231 2835 5284 homo
2862 5235 3038 5279 tamen
3063 5228 3164 5283 est,
3188 5217 3363 5270 anima
3394 5211 3646 5281 praeditus
3675 5207 3913 5260 immor-

2317 5294 2426 5390 tali,
2462 5324 2756 5390 iisdemque
2787 5335 2814 5371 a
2839 5312 3111 5372 communi
3145 5308 3372 5362 Domino
3396 5304 3688 5357 honoratus
3713 5294 3915 5349 donis.

2315 5384 2465 5485 Quod
2495 5415 2538 5468 si
2580 5384 2687 5482 ρπ-
2705 5409 2856 5464 nobis
2885 5407 2936 5460 in
2964 5401 3257 5472 majoribus
3287 5406 3341 5452 et
3366 5388 3768 5465 spiritualibus,
3803 5384 3923 5436 hu-

2382 5554 2399 5584 ι
2436 5547 2600 5598 Morel.
2625 5545 2793 5601 habet,
2813 5540 3146 5601 illormu,pro,
3165 5531 3318 5601 illius.
3557 5597 3644 5601 “ﬁ
3661 5597 3693 5601 η

2381 5615 2401 5644 ³
2436 5584 3178 5659 Eiii'iaﬁei'iia'éa'iisiiss";
3213 5594 3474 5659 clamorem
3496 5584 3777 5649 suppressit.
3809 5584 3935 5638 Ob—

2323 5654 2662 5737 tcmpergmus,
2679 5654 2797 5727 etc.,
2822 5664 3009 5713 omissis
3036 5654 3353 5717 interpositis.
