4068 6136
402 297 507 352 153

397 413 567 468 ἅπαν.
600 413 665 467 El
702 411 812 484 γάρ
852 413 1065 475 τούτου,
1097 411 1250 483 φησὶ,
1293 412 1385 465 τοῦ
1416 411 1744 483 πνεύματος,
1782 406 1844 467 οὗ
1876 412 1975 482 τὴν

397 496 649 568 αῐσθησιν
677 493 809 568 δέχῃ
832 497 898 566 τῇ
926 495 1060 564 ἀκοῇ
1092 495 1185 548 καὶ
1208 496 1273 566 τῇ
1309 495 1442 564 ἀφῇ,
1471 493 1569 565 τὴν
1596 493 1773 565 ὁρμὴν
1804 495 1976 565 ἑρμη-

399 583 588 636 νεῦσαι
620 582 722 635 οὐκ
766 577 934 644 οἶδας,
973 579 1093 634 οὐδὲ
1139 580 1238 651 τὴν
1278 579 1414 633 ὀδόν·
1447 580 1563 644 πῶς
1604 581 1701 652 τὴν
1743 581 1852 635 ἀπὸ
1880 580 1974 635 τοῦ

399 665 544 720 θείου
569 661 886 734 Πνεύματος
920 662 1199 734 ἐνέργειαν
1228 662 1586 735 περιεργάζῃ,
1609 663 1707 735 τὴν
1729 662 1824 717 τοῦ
1856 662 1980 717 ἀνέ-

401 763 506 817 μου
532 746 633 799 οὐκ
664 745 1043 815 ἐπιστάμενος,
1078 745 1253 799 καίτοι
1282 745 1464 817 φωνὴν
1495 746 1744 813 ἀκούων;
1773 747 1847 799 Τὸ
1873 746 1982 799 τοί-

401 846 517 890 νυν.
555 829 747 883 Ὅπου
780 840 808 869 ι
837 826 996 882 θέλει
1024 827 1183 893 πνεῖ,
1210 829 1305 881 καὶ
1337 828 1473 899 πρὸς
1510 829 1850 900 παράστασιν
1877 828 1977 897 τῆς

399 908 494 963 τοῦ
515 909 872 981 Παρακλήτου
900 911 1113 981 είρηται
1137 908 1403 974 ἐξουσίας.
1441 912 1506 964 '0
1524 911 1582 964 δέ
1610 910 1774 978 λέγει,
1802 911 1976 963 τοιοῦ-

399 993 495 1046 τόν
524 995 692 1046 ἀστιν·
724 993 788 1046 El
817 992 926 1063 γάρ
943 992 1101 1045 τοῦτο
1126 993 1297 1056 οὐδεὶς
1318 993 1555 1064 κατέχει,
1588 992 1701 1046 ἀλλ’
1727 994 1859 1046 ὅπου
1889 992 1976 1045 θέ-

401 1072 483 1128 λει
507 1074 752 1147 φέρεται·
784 1073 963 1145 πολλῷ
1004 1074 1203 1145 μᾶλλον
1233 1075 1330 1146 τὴν
1355 1074 1449 1128 τοῦ
1479 1074 1790 1145 Πνεύματος
1820 1075 1976 1143 ὲνέρ-

402 1174 558 1226 γειαν
603 1156 667 1210 οὐ
699 1158 916 1226 φύσεως
950 1155 1273 1228 δυνήσονται
1327 1158 1481 1227 νόμοι
1526 1161 1841 1229 κατασχεῖν,
1880 1159 1977 1227 οὐχ

401 1241 518 1313 ὅροι
561 1241 878 1309 σωματικῆς
913 1241 1240 1309 γεννήσεως,
1284 1239 1384 1293 οὐκ
1415 1240 1543 1293 ἄλλο
1572 1240 1682 1293 τῶν
1720 1239 1979 1294 τοιούτων

397 1322 574 1378 οὐδέν.
609 1323 731 1375 ὀτι
773 1321 833 1375 δὲ
863 1322 991 1392 περὶ
1026 1322 1228 1392 ἀνέμου
1266 1323 1480 1394 εῖρηται
1513 1322 1576 1376 τὸ
1616 1322 1736 1390 Τὴν
1768 1321 1980 1391 φωνὴν

397 1404 586 1462 αὐτοῦ
630 1406 890 1470 ἀκούεις,
941 1405 1101 1474 δῆλον
1145 1406 1373 1460 ἐκεῖθεν.
1415 1407 1488 1460 Οὐ
1528 1405 1635 1477 γάρ
1660 1405 1728 1459 ἂν
1765 1406 1977 1476 ἀπίστῳ

396 1486 795 1558 διαλεγόμενος,
840 1488 934 1541 καὶ
965 1488 1066 1541 οὐκ
1105 1487 1268 1542 εἰδότι
1295 1487 1390 1541 τοῦ
1425 1488 1739 1558 Πνεύματος
1766 1487 1863 1558 τὴν
1893 1490 1977 1540 ἐν·

398 1569 618 1642 έργειαν
663 1565 805 1637 εἷπε,
836 1568 959 1638 Τὴν
1003 1569 1212 1639 φωνὴν
1261 1571 1448 1626 αὐτοῦ
1488 1571 1746 1635 ἀκούεις.
1768 1571 1975 1641 ’Ὠσπερ

396 1648 493 1707 οὖν
519 1655 548 1707 6
573 1653 770 1723 ἀνεμος
790 1654 852 1707 οὐ
879 1654 1146 1723 φαίνεται,
1182 1655 1355 1709 καίτοι
1380 1672 1441 1724 γε
1466 1654 1646 1725 φωνὴν
1670 1653 1863 1717 διδούς·
1884 1654 1977 1707 οὐ-

396 1752 507 1799 τως
531 1735 651 1790 οὐδὲ
679 1737 713 1807 ή
734 1734 828 1789 τοῦ
850 1736 1214 1806 πνευματικοῦ
1238 1738 1484 1807 φαίνεται
1511 1738 1759 1807 γέννησις
1778 1737 1975 1805 ὀφθαλ-

398 1820 524 1890 μοῖς
553 1819 822 1889 σώματος,
850 1819 1025 1873 καίτοι
1055 1836 1117 1888 γε
1142 1818 1300 1890 σῶμα
1327 1822 1355 1874 6
1380 1821 1597 1892 ἄνεμος,
1621 1822 1669 1874 εί
1698 1823 1792 1875 καὶ
1822 1821 1972 1893 [151]

396 1900 741 1955 λεπτότατον·
773 1900 835 1955 τὸ
866 1901 974 1972 γὰρ
1006 1902 1255 1971 αἰσθήσει
1301 1903 1755 1974 ὑποϐαλλόμενον,
1793 1905 1970 1975 σῶμα.

396 1982 467 2040 El
493 1983 675 2038 τοίνυν
712 1984 775 2038 16
808 1984 967 2055 σῶμα
997 1985 1098 2038 οὐκ
1128 1985 1419 2056 ἀσχάλλεις
1446 1987 1526 2039 ὅτι
1571 1988 1645 2058 μὴ
1672 1988 1824 2057 ὁρᾷς,
1853 1988 1974 2041 οὐδέ

395 2067 645 2128 ἀπιστεῖς
685 2065 773 2119 διά
803 2064 980 2128 τοῦτο,
1033 2067 1086 2119 τί
1125 2066 1321 2139 δήποτε
1360 2069 1488 2138 περὶ
1529 2069 1623 2121 τοῦ
1661 2069 1975 2139 Πνεύματος

396 2146 613 2203 ἀκούων
645 2148 898 2220 ίλιγγιᾷς,
929 2149 1022 2202 καὶ
1047 2149 1313 2213 τοσαύτας
1334 2151 1582 2214 ἀπαιτεῖς
1608 2150 1854 2214 εὐθύνας,
1884 2152 1975 2204 ἐπὶ

398 2229 651 2300 σώματος
675 2228 834 2283 τοῦτο
860 2231 920 2284 οὐ
953 2230 1120 2284 ποιῶν
1146 2246 1159 2294 ;
1192 2231 1257 2284 Τί
1288 2227 1380 2285 οὖν
1409 2234 1438 2286 6
1468 2233 1776 2303 Νικόδημος
1809 2250 1824 2297 ;
1854 2234 1973 2286 ΙΈτι

395 2310 492 2364 ἐπὶ
518 2310 619 2381 τῆς
653 2311 948 2383 Ἰουδαϊκῆς
975 2312 1248 2377 εὐτελείας
1275 2314 1446 2384 μένει,
1474 2314 1570 2367 καὶ
1597 2314 1768 2367 ταῦτα
1796 2329 1975 2386 παρα-

394 2390 685 2462 δείγματος
713 2392 855 2448 οὓτω
881 2393 1066 2463 σαφῶς
1100 2394 1377 2464 λεχθέντος
1407 2397 1574 2466 αὐτῷ.
1611 2390 1680 2467 ᾯ
1720 2397 1813 2450 καὶ
1841 2398 1975 2449 ἀπο-

400 2473 640 2544 ρητικῶς
683 2475 843 2531 πάλιν
882 2477 1112 2541 είπόντι,
1140 2476 1269 2544 Πῶς
1309 2478 1557 2532 δύναται
1589 2479 1776 2535 ταῦτα
1811 2479 1975 2548 γενέ-

362 2559 577 2622 δσθαι;
627 2558 811 2613 λοιπὸν
862 2559 1303 2632 πληκτικώτερον
1355 2560 1494 2633 πρὸς
1548 2562 1709 2616 αὐτὸν
1756 2564 1785 2615 6
1837 2563 1974 2632 Χρι-

398 2639 524 2704 στὸς
558 2640 881 2710 διαλέγεται,
917 2643 1000 2697 Σὺ
1038 2640 1095 2697 εἷ
1130 2646 1163 2697 ό
1199 2643 1587 2710 διδάσκαλος,
1628 2645 1824 2714 λέγων,
1864 2644 1971 2698 τοῦ

411 2720 679 2791 Ἰσραὴλ,
707 2723 1011 2778 καὶταῦτα
1036 2727 1109 2780 οὐ
1142 2725 1484 2796 γινώσκειςς
1513 2727 1655 2797 Ὅρα
1682 2726 1796 2789 πῶς
1823 2726 1974 2779 οὐδα-

399 2805 506 2874 μοῦ
552 2805 814 2878 ⁸πονηρίαν
850 2811 1144 2881 κατηγορεῖ
1178 2809 1271 2861 τοῦ
1311 2810 1522 2880 ἀνδρὸς,
1566 2808 1678 2862 ἀλλ’
1723 2807 1971 2881 εὐήθειαν

395 2890 494 2944 καὶ
538 2890 794 2958 ἀφέλειαν
847 2893 1044 2965 μᾶλλον
1067 2895 1115 2949 δ.
1175 2895 1284 2948 Καὶ
1330 2895 1383 2947 τί
1427 2895 1603 2949 κοινὸν
1649 2895 1787 2966 αὕτη
1836 2896 1971 2966 πρὸς

394 2973 464 3028 τὰ
508 2972 770 3028 Ἰουδαῖκα
804 2977 1116 3047 ήγέννησις
1152 2978 1295 3048 EXEI;
1331 2979 1471 3032 εῐποι
1512 2996 1597 3042 τις
1635 2977 1719 3033 ἄν.
1756 2978 1822 3031 Τί
1861 2978 1970 3049 γὰρ

393 3056 455 3109 οὐ
482 3058 680 3123 κοινὸν,
705 3059 824 3112 είπέ
854 3077 976 3129 μοις
997 3061 1066 3115 Ὀ
1094 3078 1151 3114 τε
1185 3062 1293 3133 γὰρ
1322 3062 1535 3135 πρῶτος
1560 3063 1850 3134 γενόμενος
1879 3063 1971 3116 ἄν-

393 3137 633 3211 θρωπος,
662 3141 700 3211 ή
722 3158 779 3195 τε
803 3142 910 3196 ἀπὸ
934 3145 1032 3215 τῆς
1056 3143 1185 3198 πλευ
1195 3146 1292 3215 ρᾶς
1317 3147 1580 3217 γενομένη
1607 3146 1763 3217 γυνή,
1795 3146 1888 3199 καὶ
1914 3147 1967 3199 αἱ

395 3224 631 3295 στεῖραι,
654 3226 749 3277 καὶ
773 3225 842 3279 τά
872 3225 960 3278 διά
987 3227 1095 3279 τῶν
1125 3227 1331 3281 ὐδάτων
1360 3229 1793 3291 ἐπιτελεσθέντα,
1829 3228 1971 3297 λέγω

391 3303 449 3358 δὲ
474 3306 545 3358 τά
573 3307 713 3361 κατά
740 3308 840 3378 τὴν
862 3311 1044 3379 πηγὴν
1077 3310 1135 3377 ἐξ
1160 3306 1227 3382 ἧς
1251 3312 1280 3363 6
1312 3310 1608 3375 Ἐλισσαῖος
1642 3312 1703 3365 16
1733 3312 1972 3383 σιδήριον

393 3386 749 3456 ἐμετεώρισε,
780 3393 848 3443 τά
878 3390 1018 3445 κατά
1059 3395 1155 3463 τὴν
1199 3393 1462 3465 Ἐρυθρὰν
1495 3394 1768 3449 θάλασσαν
1798 3396 1864 3466 ἣν
1892 3394 1970 3447 δι-

390 3468 602 3542 έϐησαν
634 3473 684 3524 οί
720 3473 978 3541 Ἰουδαῖοι,
1014 3474 1081 3528 τά
1115 3477 1252 3529 κατά
1293 3477 1389 3548 τὴν
1433 3478 1814 3550 κολυμϐήθραν
1844 3479 1910 3550 ἢν
1943 3481 1971 3531 ὁ

388 3551 623 3621 ἄγγελος
644 3554 833 3620 ἐκίνει,
865 3556 931 3609 τά
962 3557 1101 3610 κατά
1129 3558 1220 3611 τὸν
1252 3558 1421 3628 Σύρον
1446 3558 1661 3631 Νεεμὰν
1690 3562 1778 3614 τὸν
1808 3562 1864 3614 ὲν
1893 3560 1970 3630 τῷ

404 3635 645 3709 Ἰορδάνῃ
682 3638 1041 3711 καθαρθέντα·
1073 3641 1241 3695 ταῦτα
1274 3644 1451 3696 πάντα
1477 3643 1573 3714 τὴν
1598 3643 1849 3714 γέννησιν
1877 3643 1970 3697 καὶ

387 3717 483 3774 τὸν
516 3719 797 3792 καθαρμὸν
819 3722 908 3775 τὸν
934 3723 1190 3794 μέλλοντα
1224 3725 1461 3792 ἔσεσθαι,
1486 3728 1560 3790 ὡς
1583 3729 1640 3779 ἐν
1664 3727 1820 3797 τύπῳ
1840 3743 1971 3796 προ-

390 3802 683 3872 ανεφώνει.
722 3805 827 3858 Καὶ
872 3806 940 3859 τά
978 3807 1128 3878 παρά
1152 3807 1282 3880 ,τῶν
1323 3809 1614 3879 προφητῶν
1647 3808 1910 3880 εἰρημένα
1943 3821 1966 3850 ο

387 3884 585 3940 τοῦτον
607 3886 896 3942 αἰνίττεται
922 3889 1022 3959 τῆς
1056 3893 1360 3962 γεννήσεως
1394 3892 1484 3945 τὸν
1514 3893 1731 3964 τρόπον·
1761 3887 1872 3947 οἷον
1909 3892 1971 3946 16

403 3967 896 4037 Ἁνατγελήσεται
931 3970 1010 4037 τῷ
1037 3975 1229 4043 Κυρίῳ
1262 3976 1434 4045 γενεὰ
1461 3977 1500 4044 ή
1526 3976 1839 4046 ἐρχομένη,
1870 3977 1967 4031 καὶ

386 4049 801 4120 ἀπραγ-τελοῦσι
831 4052 946 4122 τὴν
980 4054 1374 4124 δικαιοσύνην
1398 4059 1586 4113 αὐτοῦ
1618 4058 1745 4124 λαῷ
1774 4058 1854 4124 τῷ
1882 4076 1970 4114 τεο

372 4135 771 4204 κθησομένῳ,
811 4137 884 4191 ὃν
906 4139 1196 4207 ἐποίησεν
1223 4144 1256 4195 δ
1289 4144 1530 4211 Κύριος·
1558 4142 1619 4195 τὸ
1651 4142 1970 4196 Ἀνακαινι-

387 4215 687 4283 σθήσεται
713 4220 794 4284 ὡς
822 4221 998 4276 ἀετοῦ
1030 4221 1068 4289 ἠ
1104 4225 1315 4290 νεότης
1343 4239 1480 4278 σου·
1506 4224 1565 4277 16
1593 4224 1844 4284 Φωτίζου
1881 4226 1972 4277 Ἰε-

378 4300 735 4370 ρουσαλήμ·
773 4302 901 4356 ἰδοὺ
927 4306 959 4358 ό
982 4304 1281 4372 ,ϐασιλεὺς
1307 4322 1422 4360 σου
1459 4305 1693 4374 ἔρχεται
1713 4324 1726 4337 ·
1765 4307 1826 4359 16
1851 4310 1971 4360 Ma-

387 4381 590 4451 κάριοι
612 4381 702 4438 ὧν
728 4385 1042 4455 ἀφέθησαν
1086 4391 1145 4442 at
1181 4390 1439 4458 ἀνομίαι.
1471 4390 1579 4443 Καὶ
1618 4392 1647 4442 6
1697 4390 1880 4443 Ἰσαάκ
1913 4389 1971 4441 δέ

385 4466 567 4530 τύπος
599 4462 668 4539 ἦν
698 4467 801 4537 τῆς
826 4471 1132 4541 γεννήσεως
1157 4472 1377 4544 ταύτης.
1411 4474 1542 4525 Εἰπὲ
1570 4473 1697 4543 γὰρ,
1729 4466 1774 4526 ὦ
1803 4472 1969 4525 Νικό-

385 4549 559 4621 δημε,
596 4550 714 4614 πῶς
737 4553 940 4616 ἐκεῖνος
965 4555 1155 4626 ἐτέχθη
1177 4575 1193 4623 -,
1223 4553 1330 4628 ἆρα
1356 4558 1502 4628 νόμῳ
1525 4557 1770 4627 φύσεως;
1803 4558 1972 4611 Οὐδα-

387 4633 533 4703 μῶς.
561 4632 720 4688 Οὕτω
750 4635 911 4705 μέσος
937 4638 966 4690 6
989 4639 1186 4708 τρόπος
1209 4640 1411 4710 ταύτης
1440 4641 1696 4710 κάκείνης
1726 4641 1824 4712 τῆς
1850 4630 1970 4709 γεν-

385 4717 604 4786 νὴσεως
634 4712 786 4783 οὗτος
812 4713 900 4789 ἦν·
926 4721 1141 4793 ἐκείνης
1170 4722 1289 4792 μὲν,
1312 4724 1392 4777 ὅτι
1421 4726 1485 4778 ἐκ
1509 4726 1808 4789 συνουσίας·
1841 4727 1973 4779 ταύ-

383 4816 489 4870 της
522 4798 605 4865 δέ,
637 4800 717 4854 ὅτι
744 4801 845 4855 οὐκ
874 4802 933 4869 ἐξ
958 4804 1202 4874 αἱμάτων
1225 4806 1439 4877 ἐτέχθη.
1478 4807 1619 4875 Ἐγὼ
1644 4808 1698 4860 δὲ
1725 4808 1972 4879 δείκνυμι

384 4882 474 4936 ὅτι
504 4882 571 4935 οὐ
599 4882 801 4954 ταύτην
837 4885 997 4955 μόνον
1035 4887 1133 4957 τήν
1165 4889 1434 4958 γέννησιν,
1473 4891 1608 4944 ἀλλὰ
1645 4892 1739 4945 καὶ
1779 4891 1876 4963 τήν
1909 4893 1973 4946 ἐκ

386 4963 669 5036 παρθένου
699 4968 1114 5039 προανεφώνουν
1137 4965 1281 5025 οὗτοι
1306 4973 1355 5024 οἱ
1380 4973 1589 5042 τρόποι.
1631 4975 1846 5045 Ἐπειδὴ
1864 4975 1974 5045 γὰρ

383 5049 494 5102 οὐκ
528 5046 601 5101 ἄν
647 5066 731 5112 τις
778 5050 976 5121 ῥᾳδίως
1008 5053 1326 5106 ἐπίστευσεν
1367 5055 1448 5108 ὅτι
1480 5056 1745 5127 παρθένος
1777 5058 1970 5118 τίκτει,

384 5133 613 5202 στεῖραι
639 5132 954 5201 προέλαϐον,
990 5130 1107 5188 εἶτα
1140 5136 1200 5188 οὐ
1242 5140 1450 5207 στεῖραι
1498 5140 1674 5208 μόνον,
1719 5141 1854 5194 ἀλλά
1882 5141 1975 5194 καὶ

381 5217 781 5286 γεγηρακυῖαι.
808 5214 999 5270 Καίτοι
1023 5217 1121 5283 τῆς
1148 5219 1364 5289 στείρας
1384 5220 1515 5274 πολὺ
1540 5222 1976 5295 θαυμαστότερον

382 5297 451 5350 τὸ
478 5296 603 5350 ἀπὸ
632 5296 868 5377 πλευρᾶς
899 5300 1148 5368 γενέσθαι
1176 5306 1426 5370 γυναῖκα·
1449 5303 1562 5357 ἀλλ’
1588 5306 1772 5377 ἐπειδὴ
1801 5308 1976 5361 ἐκεῖνο

381 5378 633 5452 ἀρχαῖον
653 5374 720 5450 ἦν
754 5381 850 5434 καὶ
881 5381 1126 5445 παλαιὸν,
1166 5383 1326 5439 πάλιν
1359 5385 1513 5450 ἄλλος
1542 5374 1976 5459 γίνεταιτρόπος

382 5460 516 5526 νέος
553 5462 653 5514 καὶ
679 5464 1006 5533 πρόσφατος,
1033 5468 1060 5519 6
1082 5465 1191 5518 τῶν
1230 5469 1477 5540 στειρῶν,
1515 5470 1879 5541 προοδοποιῶν
1908 5476 1974 5544 τῇ

382 5544 589 5598 πίστει
617 5544 708 5614 τῆς
736 5547 1066 5618 παρθενικῆς
1085 5549 1287 5615 ὠδῖνος.
1313 5551 1526 5605 Τούτων
1546 5549 1639 5607 οὖν
1659 5555 1819 5608 αὐτὸν
1845 5557 1977 5609 ἀνα-

383 5626 581 5697 μιμνή
592 5640 754 5692 σκων,
775 5628 946 5697 ἐλεγε-
969 5632 1054 5684 Σὺ
1069 5629 1126 5687 εἴ
1142 5636 1173 5685 ό
1195 5633 1560 5702 διδάσκαλος
1584 5637 1689 5690 τοῦ
1716 5638 1974 5705 Ἰσραὴλ,

381 5708 492 5764 καὶ
534 5706 729 5763 ταῦτα
774 5713 847 5764 οὐ
879 5712 1221 5780 γινώσκεις;
1258 5718 1318 5767 Ὃ
1353 5717 1617 5786 οἴδαμεν,
1648 5720 1975 5790 λαλοῦμεν,

448 5821 479 5849 ⁸
506 5816 752 5891 εξςῦὲᾼτιδ
783 5820 1054 5891 ξξςοπου.
1085 5822 1149 5891 -Ῑι
1173 5825 1271 5891 ΑΙιί
1300 5827 1515 5891 ἀφέλειαν
1545 5829 1700 5891 μόνον.
1771 5832 1792 5862 ε
1820 5828 1972 5881 Savil.

379 5886 443 5934 οι
461 5878 628 5931 codd.
650 5876 760 5941 705,
783 5879 874 5989 79,6
895 5886 1143 5944 προφητῶν
1168 5886 1216 5933 δὲ
1239 5876 1483 5950 λεγόμενα.
1545 5876 1563 5903 “’

1393 294 1458 349 IN
1496 292 1812 350 JOANNEM
1843 292 2075 350 IIOMIL.
2119 294 2311 352 XXVI.
2352 298 2423 354 al.
2465 297 2630 353 XXV.

3551 308 3651 364 156

2081 412 2177 465 καί
2208 413 2240 467 6
2282 414 2645 485 ἑωράκαμεν,
2688 421 3120 488 [mpm-power,
3168 422 3263 475 καί
3303 418 3417 489 τὴν
3442 438 3658 491 μαρτυ-

2071 495 2217 561 ρίαν
2252 495 2422 565 ἡμῶν
2464 499 2662 565 οὐδεὶς
2699 500 3008 569 λαμϐάνει.
3048 501 3233 557 Ταῦτα
3265 504 3533 575 ἐπήγαγε,
3563 510 3657 559 καὶ

2081 576 2344 649 ἑτέρωθεν
2371 581 2532 634 πάλιν
2557 581 2869 649 ἀξιόπιστον
2891 585 2982 639 τὸν
3006 585 3163 656 λόγον
3194 588 3383 653 ποιῶν,
3405 589 3499 642 καὶ
3523 589 3658 660 πρὸς

2078 660 2178 732 τὴν
2205 661 2486 716 ἀσθένειαν
2517 661 2615 735 τὴν
2642 665 2852 719 ἐκείνου
2882 666 2909 706 ά
2939 670 3386 737 συγκαταϐαίνων
3407 674 3471 743 τῇ
3490 670 3654 737 λέξει.

2149 748 2218 810 γ’.
2253 743 2317 796 Τί
2332 742 2387 797 δέ
2405 745 2592 800 ἐστινὸ
2608 762 2792 816 φησιν’
2826 750 2895 801 Ὃ
2918 750 3182 819 οἴδαμεν,
3202 753 3527 821 λαλοῦμεν,
3557 753 3657 806 καί

2082 823 2116 878 6
2135 825 2495 897 ἑωράκαμεν,
2514 829 2965 899 μαρτυροῦμεν;
3008 833 3223 904 Ἐπειδὴ
3247 835 3340 887 καὶ
3366 837 3497 904 παρ’
3525 838 3656 906 ήμῖν

2083 907 2116 978 ή
2160 906 2283 977 δψις
2320 910 2436 963 ἐστὶ
2477 910 2587 964 τῶν
2624 910 2800 965 ἄλλων
2840 914 3144 985 αίσθήσεων
3188 918 3498 989 πιστοτέρα,
3552 914 3664 972 κᾶν

2080 989 2428 1062 βονληθῶμέν
2458 1009 2580 1046 τινα
2617 994 3014 1061 πιστώσασθαι,
3045 996 3187 1051 οὕτω
3225 998 3475 1068 λέγομεν,
3504 999 3551 1072 [ί
3565 1000 3655 1071 62]
3712 1004 3721 1013 '

2078 1074 2159 1127 ὅτι
2193 1077 2303 1137 τοῖς
2344 1074 2640 1146 ὀφθαλμοῖς
2681 1078 2837 1147 ἡμῶν
2880 1079 3225 1152 ἑωράκαμεν,
3257 1082 3357 1135 οὐκ
3399 1080 3460 1148 ἐξ
3489 1084 3655 1152 ἀκοῆς

2077 1156 2316 1227 οἴδαμεν·
2357 1156 2445 1211 διὰ
2488 1157 2647 1212 τοῦτο
2689 1159 2781 1213 καὶ
2825 1161 2855 1215 6
2890 1161 3122 1231 Χριστὸς
3174 1162 3656 1234 ἀνθρωπινώτερον

2077 1240 2215 1310 πρὸς
2248 1238 2410 1292 αὐτὸν
2446 1239 2770 1308 διαλέγεται,
2802 1242 2892 1295 τὸν
2929 1243 3085 1313 λόγον
3114 1246 3404 1299 κάντεῦθεν
3435 1245 3654 1301 πιστού-

2080 1338 2256 1392 μενος.
2291 1323 2400 1375 Καὶ
2434 1322 2517 1375 ὅτι
2545 1323 2703 1376 τοῦτό
2735 1326 2872 1388 ἐστι,
2899 1326 2994 1379 καὶ
3026 1326 3175 1380 οὐδὲν
3204 1327 3332 1382 ἀλλο
3370 1329 3656 1400 παραστῆ-

2078 1420 2166 1458 σαι
2211 1403 2478 1473 βούλεται,
2534 1406 2655 1459 οὐδὲ
2700 1406 2822 1476 ὄψιν
2872 1408 3133 1480 αἰσθητήν
3178 1411 3452 1479 ἐμφαίνει,
3499 1410 3654 1483 δῆλον

2077 1486 2302 1540 ἐκεῖθεν.
2328 1486 2513 1541 Είπὼν
2538 1488 2665 1559 γὰρ,
2699 1490 2771 1543 Τὸ
2803 1491 3241 1560 γεγεννημένον
3269 1494 3338 1547 ἐκ
3370 1492 3481 1561 τῆς
3506 1510 3656 1562 cap-

2075 1568 2202 1636 κὸς,
2231 1569 2389 1637 σάρξ
2405 1572 2551 1624 ἐστι·
2574 1572 2690 1637 καὶ,
2715 1572 2785 1625 Τὸ
2804 1573 3237 1643 γεγεννημένον
3251 1576 3320 1630 ἐκ
3343 1575 3448 1630 τοῦ
3469 1579 3627 1631 [Ινεύ
3640 1606 3653 1620 -

2067 1667 2281 1720 ματος,
2316 1653 2553 1721 πνεῦμά
2584 1654 2774 1716 ἐστιν,
2809 1656 3109 1727 ἐπήγαγεν·
3157 1658 3217 1708 '0
3247 1657 3511 1728 οἴδαμεν,
3543 1663 3654 1713 λα-

2073 1733 2322 1801 λοῦμεν,
2353 1736 2449 1788 καὶ
2479 1734 2511 1789 6
2537 1733 2901 1805 ἑωράκαμεν,
2924 1737 3361 1808 μαρτιυροῦμεν.
3394 1739 3565 1794 Τοῦτο
3597 1741 3655 1794 δέ

2073 1816 2283 1869 οὐδέπω
2327 1818 2722 1888 γεγεννημένον
2753 1815 2842 1890 ἦν.
2888 1820 3010 1884 Πῶς
3044 1816 3137 1873 οὖν
3181 1820 3349 1890 λέγει,
3380 1825 3448 1877 Ὀ
3476 1823 3656 1891 ἑωρά-

2073 1916 2298 1969 καμεν;
2341 1901 2453 1953 Οὐκ
2498 1900 2719 1972 εὔδηλον
2768 1902 2849 1956 ὅτι
2893 1901 3040 1972 λέγει
3089 1905 3218 1975 περὶ
3254 1904 3353 1974 τῆς
3396 1905 3655 1976 ἀκριϐοῦς

2073 1981 2344 2048 γνώσεως,
2364 1983 2457 2036 καὶ⁵
2472 1982 2571 2036 οὐκ
2588 1983 2761 2048 ἀλλως
2788 1984 3016 2057 ἐχούσης
3033 2003 3046 2053 ;
3071 1989 3179 2040 Καὶ
3201 1985 3314 2052 τήν
3322 1989 3656 2057 μαρτυρίαν

2074 2063 2243 2133 ἡμῶν
2273 2065 2472 2131 οὐδεὶς
2505 2067 2813 2136 λαμϐάνει.
2845 2067 2918 2120 T6
2950 2067 3049 2137 μὲν
3085 2064 3198 2134 οὖν,
3231 2072 3300 2128 Ὅ
3326 2069 3572 2139 οἴδαμεν
3604 2083 3651 2134 ε,

2073 2146 2193 2217 ήτοι
2224 2147 2349 2216 περὶ
2373 2148 2568 2201 ἐαυτοῦ
2606 2148 2816 2202 καὶτοῦ
2850 2150 3063 2221 Πατρός
3093 2168 3277 2221 φησιν,
3305 2151 3339 2222 ἢ
3370 2152 3495 2224 περὶ
3523 2154 3651 2206 ἐαυ-

2072 2227 2165 2281 τοῦ
2205 2230 2387 2299 μόνου·
2410 2230 2471 2282 16
2499 2231 2577 2294 δὲ,
2609 2230 2821 2297 Οὐδεὶς
2847 2232 3158 2300 λαμϐάνει,
3192 2233 3254 2288 οὐ
3277 2234 3653 2305 δυσχεραίνονο

2072 2310 2162 2374 τός
2194 2312 2311 2365 ἐστι
2334 2312 2394 2365 τὸ
2417 2312 2567 2381 ῥῆμα
2590 2312 2708 2377 νῦν,
2738 2313 2873 2367 ἀλλά
2895 2314 2956 2367 16
2980 2316 3259 2387 γινόμενον
3285 2316 3652 2385 ἀπαγγέλλον-

2074 2409 2181 2455 τος.
2214 2394 2288 2445 υύ
2317 2394 2424 2463 γὰρ
2456 2389 2596 2448 εἷπε·
2629 2395 2694 2447 Τί
2713 2395 2769 2449 δὲ
2796 2395 2947 2466 ὑμῶν
2973 2397 3423 2468 ἀναισθητότερον
3452 2399 3655 2466 γένοιτ’

2076 2473 2164 2537 ἂν,
2198 2475 2249 2526 οῖ
2278 2477 2347 2528 τά
2384 2477 2514 2547 παρ’
2546 2476 2704 2546 ήμῶν
2750 2478 2922 2542 οὕτως
2963 2479 3205 2551 ἀκριϐῶς
3239 2480 3650 2549 ἀπαγγελθέντα

2074 2556 2134 2609 οὐ
2163 2558 2451 2626 προσίεσθε
2477 2574 2492 2624 ;
2522 2559 2655 2613 ἀλλά
2692 2561 2784 2614 καὶ
2825 2561 2912 2614 διὰ
2942 2562 3050 2614 τῶν
3080 2560 3255 2633 έργων
3296 2565 3388 2617 καὶ
3424 2563 3513 2617 διά
3541 2564 3653 2616 τῶν

2074 2639 2335 2709 ῥημάτων
2359 2642 2538 2695 πᾶσαν
2558 2642 2855 2694 ἐπιείκειαν
2879 2643 3300 2714 ἐνδεικνύμενος,
3325 2643 3528 2697 τούτων
3553 2646 3652 2714 μὲν

2072 2721 2222 2775 οὐδὲν
2250 2722 2565 2793 ἐφθέγξατο,
2598 2726 2787 2797 πράως
2818 2714 2874 2778 δὲ
2914 2727 3008 2780 καὶ
3029 2728 3252 2799 ήμέρως
3281 2728 3343 2781 τὸ
3373 2728 3651 2798 συμϐησό-

2075 2821 2234 2875 μενον
2276 2806 2752 2880 προανεφώνησεν,
2783 2808 3032 2863 ἐντεῦθεν
3064 2811 3145 2870 είς
3172 2812 3350 2864 πᾶσαν
3382 2812 3476 2864 καὶ
3506 2812 3654 2882 ἡμᾶς

2071 2887 2281 2956 ἐνάγων
2308 2890 2608 2961 πραότητα,
2644 2890 2740 2945 καὶ
2769 2892 3036 2946 παιδεύων
3065 2895 3233 2964 ἡμᾶς,
3260 2893 3388 2948 ὅταν
3417 2895 3552 2965 πρός
3571 2912 3652 2949 τι·

2071 2988 2168 3034 νας
2191 2970 2586 3043 διαλεγώμεθα,
2615 2974 2709 3026 καὶ
2735 2973 2809 3045 μὴ
2838 2974 3134 3045 πείθωμεν,
3164 2978 3239 3046 μὴ
3258 2977 3650 3046 δυσχεραίνειν,

2074 3054 2208 3125 μηδέ
2240 3053 2646 3126 ἐκθηριοῦσθαι.
2682 3057 2758 3109 Οὐ
2780 3057 2889 3128 γὰρ
2921 3057 3065 3110 ἐστιν
3098 3057 3291 3111 ἀνύσαι
3314 3059 3405 3112 τὸν
3440 3057 3455 3097 ί
3491 3058 3653 3127 χαλε·

2072 3137 2351 3203 παίνοντα,
2373 3138 2506 3192 ἀλλά
2531 3140 2626 3193 καὶ
2655 3139 3037 3212 ἀπειθέστερον
3061 3141 3395 3211 ἐργάσασθαι
3428 3142 3649 3212 μᾶλλον.

2071 3220 2170 3274 Διά
2218 3222 2375 3274 τοῦτο
2418 3220 2525 3294 χρὴ
2557 3221 2654 3291 τῆς
2690 3224 2787 3292 μὲν
2816 3222 2985 3294 ὀργῆς
3017 3223 3337 3294 ἀπέχεσθαι,
3386 3224 3653 3278 πάντοθεν

2070 3301 2129 3356 δὲ
2160 3301 2470 3367 ἀξιόπιστον
2497 3306 2673 3357 ποιεῖν
2706 3305 2795 3357 τὸν
2822 3304 3001 3374 λόγον,
3022 3306 3083 3358 οὐ
3113 3305 3191 3375 τῷ
3223 3307 3298 3377 μὴ
3336 3306 3653 3377 ὀργίζεσθαι

2075 3384 2252 3454 μόνον,
2282 3384 2417 3440 ἀλλά
2445 3386 2537 3438 καὶ
2559 3385 2637 3455 τῷ
2673 3386 2807 3456 μηδέ
2840 3387 3080 3457 κράζειν.
3114 3388 3254 3458 ’Ύλη
3284 3389 3392 3459 γάρ
3419 3389 3589 3461 ὀργῆς
3615 3391 3650 3460 ἡ

2071 3468 2308 3538 κραυγή.
2344 3467 2768 3537 Συμποδίσωμεν
2799 3468 2979 3520 τοίνυν
3011 3468 3102 3521 τὸν
3140 3469 3324 3535 ἵππον,
3363 3469 3451 3524 ἵνα
3484 3489 3652 3525 κατα·

2073 3551 2391 3621 στρέψωμεν
2420 3551 2510 3604 τὸν
2539 3551 2830 3621 ἀντιιϐέιτην⁹
2855 3551 3240 3622 περικόψωμεν
3270 3552 3338 3605 τά
3361 3553 3534 3622 πτερά
3555 3556 3650 3609 τοῦ

2072 3631 2266 3704 θυμοῦ,
2311 3634 2403 3686 καὶ
2434 3634 2532 3686 οὐκ
2569 3633 2647 3685 ἔτι
2686 3634 2819 3704 πρὸς
2858 3632 2989 3703 ὕψος
3030 3632 3327 3703 ἀρθήσεται
3367 3635 3428 3688 τὸ
3460 3638 3648 3691 κακόν.

2084 3712 2207 3779 ’0ξύ
2234 3714 2341 3785 γάρ
2369 3716 2401 3786 ή
2432 3715 2568 3785 ὀργὴ
2603 3714 2795 3781 πάθος,
2822 3714 2938 3783 ὀξὺ,
2978 3716 3072 3769 καὶ
3110 3715 3279 3770 δεινὸν
3321 3717 3515 3787 κλέψαι
3552 3723 3653 3782 τὰς

2072 3797 2345 3868 ήμετέρας
2381 3798 2578 3868 ψυχάς.
2611 3799 2709 3852 Διά
2737 3798 2896 3852 τοῦτο
2925 3799 3029 3869 χρὴ
3063 3800 3324 3854 πάντοθεν
3361 3802 3650 3874 ἀποφράτ-

2070 3896 2183 3934 τειν
2224 3879 2371 3950 αὐτῷ
2410 3880 2507 3950 τὴν
2542 3879 2764 3933 εἴσοδον.
2810 3883 2920 3935 Καὶ
2953 3882 3061 3952 γὰρ
3098 3881 3297 3936 ἄτοπον
3334 3883 3501 3953 θηρία
3550 3885 3650 3955 μὲν

2069 3962 2329 4016 δύνασθαι
2364 3962 2623 4033 ἡμεροῦν,
2651 3962 2750 4032 τήν
2776 3962 2832 4015 δὲ
2860 3964 3132 4034 ἡμετέραν
3161 3965 3398 4019 διάνοιαν
3426 3969 3649 4036 ἀγριαί-

2070 4063 2266 4099 νουσαν
2312 4047 2593 4115 περιορᾷν.
2647 4044 2764 4115 Πῦρ
2794 4048 2907 4098 ἐστι
2951 4048 3178 4116 σφοδρὸν
3207 4051 3234 4100 6
3263 4047 3432 4116 θυμὸς
3472 4051 3650 4103 πάντα

2069 4126 2402 4197 διατρώγων·
2432 4127 2522 4179 καὶ
2547 4126 2657 4195 γὰρ
2686 4127 2778 4179 καὶ
2808 4126 2967 4196 σῶμα
2984 4127 3322 4197 λυμαίνεται,
3357 4131 3445 4183 καὶ
3471 4130 3650 4202 ψυχὴν

2070 4209 2389 4278 διαφθείρει,
2420 4208 2512 4261 καὶ
2535 4208 2673 4278 ἀηδῆ
2704 4209 3099 4273 κατασκευάζει
3128 4212 3221 4261 καὶ
3250 4212 3474 4281 αἰσχρὸν
3499 4214 3645 4266 ίδεῖν·

2072 4294 2165 4346 καὶ
2189 4294 2235 4345 εί
2261 4290 2353 4343 τὸν
2384 4290 2733 4361 ὀργιζόμενον
2763 4286 2833 4362 ἦν
2865 4291 3087 4344 δυνατὸν
3117 4291 3293 4362 ἐαυτῷ
3319 4293 3476 4363 δῆλον
3510 4290 3653 4348 εἶναι

2073 4376 2213 4430 κατὰ
2261 4375 2354 4428 τὸν
2400 4374 2588 4443 καιρὸν
2631 4375 2733 4444 τῆς
2774 4375 2962 4445 ὀργῆς,
2998 4377 3098 4428 οὐκ
3128 4374 3193 4428 ἂν
3228 4376 3419 4448 ἑτέρας
3454 4377 3647 4449 ἐδεήθη

2074 4459 2462 4530 παραινέσεως.
2489 4459 2654 4513 Οὐδέν
2682 4459 2790 4531 γάρ
2814 4460 3206 4530 ἀτερπέστερον
3232 4459 3407 4527 ὅψεως
3436 4459 3651 4531 ὀργιζο-

2077 4543 2259 4614 μένης.
2296 4542 2449 4613 Μέθη
2478 4558 2563 4606 τις
2590 4542 2738 4595 ἐστὶν
2767 4544 2799 4613 ή
2830 4542 2987 4612 όργὴ,
3021 4542 3220 4612 μᾶλλον
3258 4542 3313 4595 δὲ
3348 4542 3519 4612 μέθης
3553 4562 3652 4614 χα-

2072 4625 2372 4697 λεπωτέρα,
2417 4624 2512 4678 καδ⁸
2543 4624 2794 4695 δαίμονος
2827 4625 3174 4694 ἐλεεινοτέρα.
3220 4625 3357 4678 Ἀλλ’
3390 4624 3456 4679 ἂν
3494 4625 3651 4696 μελε-

2072 4710 2328 4779 τήσωμεν
2359 4710 2433 4779 μὴ
2474 4708 2718 4778 κράζειν,
2747 4710 2975 4778 ἀρίστην
3000 4708 3115 4761 ὁδὸν
3139 4708 3452 4777 φιλοσοφίας
3484 4710 3650 4779 εὑρή-

2076 4809 2256 4862 σομεν.
2299 4792 2398 4845 Διὰ
2440 4791 2597 4844 τοῦτο
2640 4795 2668 4845 6
2703 4790 2909 4853 Παῦλος
2942 4792 3078 4860 μετὰ
3103 4792 3200 4861 τῆς
3231 4791 3398 4861 ὀργῆς
3428 4792 3521 4843 καὶ
3548 4792 3650 4859 τὴν

2075 4875 2321 4945 κραυγὴν
2362 4875 2604 4944 ἀναιρεῖν
2652 4874 2870 4944 γράφει,
2909 4873 3101 4939 λέγων·
3147 4871 3320 4926 Πᾶσα
3358 4871 3503 4939 ὀργὴ
3549 4871 3651 4924 καί

2074 4956 2306 5024 κραυγὴ
2340 4955 2572 5023 ἀρθήτω
2595 4956 2676 5024 ἀφ
2716 4954 2897 5025 ὑμῶν.
2933 4954 3140 5008 Οὐκοῦν
3180 4952 3492 5022 πειθώμεθα
3516 4952 3593 5022 τῷ
3621 4961 3654 5000 ε

2077 5041 2255 5109 πάσης
2287 5038 2601 5107 φιλοσοφίας
2629 5037 2950 5107 διδασκάλῳ·
2990 5038 3083 5089 καὶ
3130 5037 3257 5089 ὃταν
3303 5033 3653 5104 ὀργιζώμεθα

2076 5121 2214 5192 πρὸς
2253 5123 2378 5184 τοὺς
2427 5120 2662 5184 οἰκέτας,
2710 5120 2777 5173 τὰ
2827 5121 3198 5190 ἁμαρτήματα
3227 5118 3296 5170 τά
3325 5116 3528 5169 ἑαυτῶν
3562 5119 3650 5170 ἐν·

2075 5206 2304 5274 νοῶμεν,
2330 5204 2423 5256 καὶ
2444 5202 2540 5274 τὴν
2561 5203 2859 5256 ἐπιείκειαν
2883 5199 3265 5272 αἰσχυνώμεθα
3286 5201 3384 5268 τὴν
3403 5201 3652 5255 ἐκείνων.

2078 5287 2247 5340 Ὅταν
2292 5286 2399 5357 γὰρ
2444 5287 2508 5339 σὺ
2564 5286 2811 5357 ὐϐρίζῃς,
2855 5287 3059 5346 ἐκεῖνος
3104 5282 3160 5334 δὲ
3211 5284 3336 5352 σιγῇ
3377 5283 3516 5356 φέρῃ
3552 5285 3655 5352 τὴν

2079 5371 2256 5442 ὓϐριν,
2292 5370 2384 5423 καὶ
2428 5372 2490 5423 σὺ
2529 5371 2626 5440 μὲν
2664 5371 2999 5439 ἀσχημονῇς,
3039 5368 3242 5428 ἐκεῖνος
3273 5367 3329 5419 δὲ
3363 5367 3647 5436 φιλοσοφῇ,

2076 5453 2235 5506 τοῦτο
2261 5453 2377 5506 ἀντὶ
2402 5453 2582 5521 πάσης
2602 5451 2756 5520 δέχου
2781 5449 3078 5511 νουθεσίας.
3108 5449 3169 5501 Et
3193 5449 3299 5520 γάρ
3321 5449 3411 5503 καὶ
3435 5452 3650 5519 οἰκέτης

2079 5536 2248 5598 ἐστὶν,
2283 5536 2396 5589 ἀλλ’
2435 5534 2716 5601 ἄνθρωπος
2747 5529 2895 5603 [155]
2932 5531 3024 5583 καὶ
3059 5532 3236 5602 ψυχὴν
3283 5532 3419 5602 ἔχων
3449 5533 3649 5585 deam-

2144 5653 2169 5693 d
2193 5655 2363 5705 Morel.
2388 5654 2471 5709 τὴν
2493 5652 2698 5700 ἐκείνων.
2730 5649 2914 5713 Ibidem
2938 5649 3132 5710 quidam
3164 5656 3221 5713 τῇ
3242 5652 3375 5713 λέξει.
3403 5651 3490 5697 Διά
3509 5648 3659 5713 τοῦτό

2080 5729 2238 5778 φησιν·
2266 5716 2292 5761 ὃ
2325 5708 2443 5778 οἶδέ
2481 5716 2500 5778 ξ
2526 5714 2726 5778 Quidam
2751 5710 2892 5760 τοῦτο
3017 5708 3211 5778 Ὂιοῖδί
3265 5711 3284 5748 τ
3304 5714 3505 5778 _Sav._ct
3530 5708 3647 5778 Mur.

2080 5771 2390 5837 éu'spimnlur
2413 5771 2580 5837 ἁνύσαι
2608 5775 2751 5837 mm
2776 5786 2891 5837 vere}
2904 5775 2972 5837 sic
2992 5773 3171 5820 melius
3192 5771 3452 5837 qanrgg-el
3472 5771 3656 5814 serios-

2082 5829 2185 5883 Sed
2208 5838 2313 5883 sine
2337 5836 2476 5884 codd.
2505 5836 2793 5884 auctoritate
2818 5835 2935 5882 nihil
2969 5829 3228 5897 mulamus}
3298 5832 3323 5869 ε
3351 5829 3485 5897 [39133
3505 5840 3657 5886 κραν-

2083 5898 2171 5958 γήν
2196 5898 2364 5946 ἀνεῖκε.
2389 5897 2662 5958 Πειθώμεθα
2686 5897 2837 5944 τοίνυν
2860 5897 2928 5958 τῷ
2955 5894 3148 5942 omissis
3172 5886 3481 5951 interpositis
