4068 6136
377 285 478 340 ιεςτ

373 411 485 455 τον,
515 391 609 445 καὶ
634 391 742 454 τοῖς
780 390 958 451 αὐτοῖς
992 386 1145 458 παρὰ
1173 399 1201 428 ι
1238 385 1332 440 τοῦ
1363 385 1542 440 κοινοῦ
1573 386 1845 439 Δεσπότου
1870 403 1953 440 τι-

376 473 569 546 μηθεὶς
594 473 804 543 δώροις.
836 472 898 524 Εἰ
925 471 982 524 δὲ
1008 473 1036 524 ὁ
1064 471 1121 524 ἐν
1148 473 1260 534 τοῖς
1297 470 1507 540 μείζοσι
1540 470 1634 523 καὶ
1657 487 1956 538 πνευματι-

370 557 630 626 κωτέροις
658 554 920 625 ὁμότιμος
947 556 1080 624 ἡμῖν
1112 553 1208 616 ὣν,
1238 554 1304 606 δι’
1340 551 1692 620 ἀνθρωπίνην
1716 552 1836 605 τινά
1868 552 1956 604 εύ-

369 638 496 709 τελῆ
523 637 618 690 καὶ
646 636 850 707 μικρὰν
878 637 1150 707 ὑπεροχὴν
1177 635 1318 688 οὕτω
1341 635 1533 705 πράως
1563 629 1803 703 φέρειτά
1826 635 1957 704 παρ’

369 724 404 791 η
415 719 550 790 μῶν,
579 719 722 783 τίνος
757 719 822 773 ἂν
843 720 1033 789 εἴημεν
1062 717 1390 788 συγγνώμης
1421 718 1560 782 ἀξιοι
1589 717 1622 788 ἢ
1648 718 1806 780 ποίας
1832 719 1958 770 ἀπο-

369 801 555 870 λογίας
581 804 765 872 ήμεῖς,
794 802 844 855 οἱ
878 801 965 854 διὰ
995 801 1085 854 τὸν
1123 799 1215 855 τοῦ
1253 800 1388 854 Θεοῦ
1423 800 1586 870 φόϐον
1618 800 1692 871 μὴ
1721 800 1957 870 δυνάμε-

371 902 451 938 νοι
478 885 805 954 φιλοσοφεῖν,
839 885 1038 954 μᾶλλον
1066 884 1122 937 δὲ
1155 885 1216 938 ού
1245 883 1579 955 βουλόμενοι,
1611 883 1798 954 ὥσπερ
1818 885 1961 937 ἐκεῖ-

372 985 461 1032 νος
490 968 580 1022 διά
613 968 706 1021 τὸν
741 967 1006 1038 ἡμέτερον
1032 986 1046 1035 ;
1079 967 1265 1022 Ταῦτα
1297 962 1390 1021 οὖν
1423 967 1641 1021 ἅπαντα
1673 964 1959 1037 λογιζόμε-

433 1062 452 1085 ⁸
480 1064 652 1114 Morel.
676 1065 757 1112 καὶ
778 1064 876 1121 τοῖς
893 1064 1040 1127 παρά.

1058 275 1117 330 S.
1158 271 1442 330 JOANNIS
1477 270 1966 329 CllllYSOS'l‘OMl
2016 271 2337 330 ARCHIEP.
2379 273 2923 334 CONSTANTINOP.

3539 283 3642 337 158

2061 404 2163 449 νοι,
2215 389 2310 442 καὶ
2351 388 2419 442 τά
2459 391 2832 463 ἁμαρτήματα
2884 394 3042 466 ἡμῶν
3084 393 3407 457 ἐννοοῦντες,
3446 392 3540 446 καὶ
3585 391 3648 445 τὸ

2061 470 2239 524 κοινὸν
2284 474 2382 542 τῆς
2425 473 2775 546 ἀνθρωπίνης
2825 477 3060 546 φύσεως,
3113 475 3426 545 μελετῶμεν
3463 476 3649 547 ἡρέμα

2061 555 2338 626 πανταχοῦ
2365 554 2722 626 φθέγγεσθαι,
2758 559 2842 612 ἵνα
2874 560 3118 614 ταπεινοὶ
3151 563 3218 630 τῇ
3259 559 3458 630 καρδίᾳ
3489 559 3649 628 γενό-

2064 654 2233 708 μενοι,
2265 641 2386 702 ταῖς
2412 639 2611 710 ψυχαῖς
2630 641 2789 710 ἡμῶν
2817 642 3122 696 ἀνάπαυσιν
3154 644 3429 714 εὕρωμεν,
3459 645 3557 713 τήν
3587 662 3648 698 τε

2061 721 2365 791 παροῦσαν,
2389 724 2486 792 τήν
2508 740 2568 777 τε
2593 724 2910 794 μέλλουσαν·
2933 723 3002 798 ἦς
3023 727 3235 794 γένοιτο
3263 726 3474 789 πάντας
3494 728 3647 798 ἡμᾶς

2060 805 2359 873 ἐπιτυχεῖν,
2390 805 2573 874 χάριτι
2603 807 2698 860 καὶ
2725 807 3105 879 φιλανθρωπίᾳ
3130 809 3224 862 τοῦ
3252 808 3460 879 Κυρίου
3489 809 3645 879 ἡμῶν

2073 883 2245 954 Ἰησοῦ
2266 884 2526 956 Χριστοῦ,
2564 887 2682 957 μεθ’
2704 881 2764 942 οὗ
2792 888 2870 959 τῷ
2899 890 3076 960 Πατρὶ
3099 889 3225 953 δόξα
3252 889 3368 959 ἀμα
3396 889 3473 960 τῷ
3504 890 3646 962 ἀγίῳ

2061 968 2361 1039 Πνεύματι,
2395 968 2485 1024 νῦν
2511 970 2605 1023 καὶ
2630 971 2736 1037 ἀεὶ,
2769 971 2864 1025 καὶ
2891 973 2972 1037 εἰς
3002 973 3127 1037 τοὺς
3152 972 3356 1037 αἰῶνας
3382 971 3491 1026 τῶν
3514 972 3645 1028 αἰώ-

2059 1071 2185 1108 νων.
2206 1055 2400 1125 Ἀμήν.

1798 1220 2042 1275 ΟΜΙΛΙΛ
2079 1222 2207 1274 ΚΖ’.

371 1321 441 1375 Εἰ
471 1315 543 1372 τὰ
563 1315 790 1384 ἐπίγεια
812 1307 988 1384 εἷπον
1013 1312 1188 1384 ὑμῖν,
1207 1312 1307 1368 καί
1336 1313 1408 1367 οὐ
1440 1311 1773 1384 πιστεύετε,
1802 1307 1949 1384 πῶς,

440 1388 549 1442 ἐὰν
566 1379 711 1438 εἴπω
726 1383 867 1452 ὑμῖν
880 1383 952 1436 τὰ
965 1379 1312 1450 ἐπουράνια,
1328 1383 1686 1452 πιστεύσετε
1702 1396 1720 1442 ;
1743 1379 1953 1452 Οὐδείς

439 1450 807 1519 ἀναϐέϐηκεν
827 1454 913 1517 εἰς
941 1452 1050 1505 τὸν
1069 1454 1351 1520 οὐρανὸν,
1381 1455 1434 1506 εἰ
1455 1451 1541 1520 μὴ
1569 1454 1602 1505 ὁ
1629 1450 1698 1505 ἐκ
1727 1450 1834 1520 τοῦ
1858 1451 1950 1503 οὐ·

435 1525 625 1597 ρᾳνοῦ
655 1523 932 1597 καταϐὰς,
967 1524 1001 1576 ὁ
1044 1519 1177 1587 Υἱὸς
1204 1522 1310 1576 τοῦ
1344 1519 1681 1590 ἀνθρώπου,
1712 1523 1745 1576 ό
1770 1519 1855 1574 ὢν
1883 1520 1954 1574 ἐν

441 1591 523 1662 τῷ
553 1591 808 1662 οὐρανῷ.

440 1685 508 1732 a'.
530 1679 596 1729 Ὀ
613 1675 870 1739 πολλάκις
887 1669 1061 1740 εἶπον,
1079 1673 1237 1729 τοῦτο
1251 1672 1345 1727 καὶ
1359 1672 1454 1727 νῦν
1476 1671 1607 1744 ἐρῶ,
1626 1672 1718 1725 καὶ
1733 1671 1791 1725 ού
1812 1670 1953 1725 παύ-

371 1779 534 1832 σομαι
558 1759 756 1827 λέγων.
775 1757 914 1810 Τίδέ
943 1757 1098 1810 τοῦτό
1120 1760 1294 1823 ἐστιν;
1318 1756 1440 1809 ’Ότι
1463 1754 1674 1824 μέλλων
1695 1756 1723 1808 ό
1746 1753 1956 1825 Ἰησοῦς

370 1841 590 1915 ὑψηλῶν
633 1839 901 1894 ἅπτεσθαι
930 1840 1235 1910 δογμάτων,
1274 1839 1363 1892 διὰ
1389 1837 1488 1909 τὴν
1519 1837 1625 1891 τῶν
1650 1837 1954 1891 ἀκουόντων

370 1926 656 1982 ἀσθένειαν
689 1921 879 1975 ἑαυτὸν
911 1922 1131 1992 κατέχει
1175 1921 1454 1984 πολλάκις,
1491 1920 1587 1972 καὶ
1613 1919 1674 1971 οὐ
1716 1918 1954 1988 συνεχῶς

367 2011 478 2072 τοῖς
500 2005 669 2072 ἀξίοις
687 2005 786 2074 τῆς
811 2002 1202 2074 μεγαλωσύνης
1225 2002 1388 2056 αὐτοῦ
1408 2001 1586 2070 λόγοις
1606 1999 1950 2072 ἐνδιατρίϐει,

367 2092 504 2146 ἀλλὰ
537 2088 732 2161 μᾶλλον
772 2091 883 2151 τοῖς
927 2087 1332 2157 συγκατάϐασιν
1366 2087 1568 2157 έχουσι.
1607 2084 1679 2136 Τὸ
1715 2084 1815 2155 μὲν
1844 2085 1954 2156 γὰρ

370 2175 573 2247 ὑψηλὸν
596 2175 689 2228 καὶ
721 2172 886 2242 μέγα,
921 2173 1015 2226 καὶ
1041 2170 1189 2237 ἀπαξ
1207 2171 1416 2242 λεχθέν,
1449 2169 1633 2224 ἰκανὸν
1670 2169 1956 2242 παραστῆ-

370 2277 461 2314 σαι
487 2259 586 2328 τὴν
614 2257 772 2322 ἀξίαν
802 2255 1038 2326 ἐκείνην,
1066 2255 1296 2309 καθόσον
1323 2265 1342 2286 ³
1373 2257 1504 2325 ἡμῖν
1540 2252 1769 2308 ἀκοῦσαι
1799 2252 1956 2306 δυνα-

366 2343 458 2397 τόν
481 2360 494 2373 ·
521 2341 589 2395 τά
619 2341 676 2394 δέ
704 2339 1061 2408 ταπεινότερα
1090 2339 1185 2392 καὶ
1215 2340 1382 2408 ἐγγὺς
1413 2339 1512 2408 τῆς
1535 2338 1644 2391 τῶν
1667 2336 1954 2408 ἀκροωμέ-

367 2443 473 2479 νων
506 2424 765 2485 διανοίας,
825 2423 873 2474 εἱ
927 2422 1002 2491 μὴ
1033 2421 1294 2491 διηνεκῶς
1338 2420 1575 2488 ἐλέγετο,
1631 2420 1692 2474 οὐ
1743 2419 1953 2490 ταχέως

367 2507 600 2576 κατέσχε
627 2507 696 2560 τὰ
727 2503 908 2575 ὑψηλά
936 2505 1028 2557 τὸν
1059 2503 1397 2575 χαμαίζηλον
1441 2503 1736 2574 ἀκροατήν.
1772 2504 1870 2556 Διά
1888 2501 1953 2572 δὴ

365 2589 523 2642 τοῦτό
546 2591 662 2642 ἐστι
693 2587 786 2641 καὶ
817 2587 884 2640 τά
915 2586 1140 2640 πλείονα
1183 2585 1544 2656 ταπεινότερα
1589 2585 1698 2638 τῶν
1732 2583 1953 2656 ὑψηλῶν

368 2756 672 2828 ἐργάσηται
698 2754 898 2826 βλάϐην
922 2754 1106 2820 πάλιν,
1132 2752 1362 2823 κατέχον
1397 2751 1548 2805 κάτω
1563 2750 1653 2805 τὸν
1682 2751 1950 2822 μαθητὴν,

366 2841 465 2910 ούχ
493 2839 678 2902 ἁπλῶς
711 2837 779 2891 τὰ
803 2837 1198 2908 καταδεέστερα
1230 2836 1467 2906 τίθησιν,
1495 2835 1560 2889 ἂν
1585 2834 1660 2906 μὴ
1690 2835 1954 2906 πρότερον

368 2923 498 2996 εἴπῃ
531 2923 623 2976 καί
651 2921 748 2992 τὴν
775 2921 955 2975 αἰτίαν
993 2920 1060 2974 δι’
1091 2920 1158 2992 ἢν
1198 2917 1372 2973 ταῦτα
1420 2917 1607 2986 λέγει·
1643 2917 1671 2970 ὃ
1701 2917 1765 2988 δὴ
1803 2918 1832 2958 ιι
1862 2919 1954 2971 καὶ

367 3006 599 3061 ἐνταῦθα
623 3005 940 3075 πεποίηκεν.
985 3003 1201 3074 Ἐπειδὴ
1251 3003 1360 3074 γὰρ
1399 2997 1520 3054 εἰπε
1560 3000 1691 3071 περὶ
1726 2999 1821 3053 τοῦ
1853 3001 1952 3072 βα-

368 3092 668 3162 πτίσματος
701 3087 845 3160 ἅπερ
865 3083 1007 3151 εἰπε,
1031 3089 1122 3140 καί¹
1159 3087 1258 3156 τῆς
1293 3084 1437 3140 κατά
1464 3083 1624 3155 χάριν
1649 3086 1954 3155 γεννήσεως

367 3173 465 3242 τῆς
495 3175 551 3226 ἐν
573 3175 639 3243 τῇ
667 3175 736 3241 γῇ
769 3170 1080 3240 γινομένης,
1120 3168 1440 3239 βουλόμενος
1467 3168 1560 3220 καὶ
1587 3169 1666 3230 εἰς
1701 3167 1799 3239 τὴν
1830 3167 1952 3236 γέν-

367 3273 522 3326 νησιν
551 3254 795 3309 καθεῖναι
818 3253 915 3321 τὴν
943 3251 1138 3305 ἑαυτοῦ
1159 3251 1256 3323 τὴν
1282 3251 1593 3321 ἀπόρρητον
1620 3250 1836 3321 ἐκείνην
1859 3250 1953 3304 καὶ

367 3339 664 3410 ἄφραστον,
701 3337 835 3400 τέως
859 3334 1232 3401 διαϐαστάζει,
1267 3335 1362 3388 καὶ
1401 3333 1462 3386 ού
1507 3331 1760 3404 καθίησιν
1787 3349 1800 3362 ·
1830 3329 1953 3389 εἶτα

366 3423 461 3476 καὶ
498 3421 597 3492 τὴν
648 3422 827 3474 αἰτίαν
865 3431 887 3458 ο
924 3419 1094 3488 λέγει,
1131 3419 1198 3472 δι’
1254 3418 1320 3489 ἦν
1353 3417 1413 3470 ού
1454 3417 1697 3488 καθίησι.
1754 3417 1850 3482 Τίς
1893 3418 1951 3474 δέ

366 3505 512 3558 ἐστιν
540 3503 715 3574 αὖτη;
758 3503 822 3555 Ἦ
857 3501 1106 3571 παχύτης
1137 3500 1284 3571 κα.ὶή
1316 3498 1569 3553 ἀσθένεια
1591 3499 1701 3552 τῶν
1733 3502 1950 3554 ἀκουόν-

366 3604 494 3640 των.
523 3588 632 3639 Καὶ
659 3587 860 3656 ταύτην
897 3585 1264 3655 αἰνιττόμενος
1289 3582 1316 3622 ἀ
1357 3584 1603 3653 ἐπήγαγε
1633 3583 1804 3652 λέγων
1825 3601 1839 3614 '
1883 3587 1952 3638 Εἰ

367 3669 441 3722 τὰ
469 3669 699 3736 ἐπίγεια
711 3663 882 3720 εἷπον
907 3667 1070 3735 ὑμῖν,
1095 3666 1192 3718 καί
1213 3668 1284 3719 οὐ
1314 3669 1647 3730 πιστεύετε,
1675 3665 1819 3732 πῶς,
1841 3667 1951 3721 ἐὰν

364 3749 513 3803 εἴπω
547 3747 686 3817 ὑμῖν
712 3751 784 3802 τὰ
803 3747 1150 3814 ἐπουράνια,
1175 3749 1567 3810 πιστεύσετε;
1601 3749 1763 3802 Ὥστε
1787 3750 1950 3802 ὅπουο
1983 3782 1987 3785 -

366 3848 472 3904 περ
507 3831 572 3885 ἂν
596 3831 722 3903 εἴπῃ
759 3829 975 3900 μέτριόν
1008 3847 1060 3882 τι
1086 3830 1179 3882 καὶ
1202 3829 1476 3894 ταπεινὸν,
1506 3832 1572 3901 τῇ
1596 3830 1704 3882 τῶν
1725 3833 1949 3885 ἀκουόν-

275 3961 282 3964 .
363 3935 472 3970 των
503 3915 753 3986 ἀσθενείᾳ
775 3914 1049 3984 λογιστέον
1075 3913 1228 3968 αὑτό.
1256 3914 1337 3966 Τά
1361 3915 1417 3967 δέ
1453 3913 1671 3982 ἐπίγεια
1713 3915 1948 3968 ἐνταῦθα

363 4000 506 4063 τινὲς
536 3999 632 4070 μὲν
662 3997 900 4068 περὶτοῦ
930 3999 1134 4069 ἀνέμου
1155 3997 1317 4067 φασὶν
1337 3997 1619 4070 εἰρῆσθαιο
1645 3999 1944 4062 τουτέστιν,

363 4083 412 4135 εἰ
438 4082 529 4136 καὶ
555 4081 858 4153 ὑπόδειγμα
887 4081 995 4134 ἀπὸ
1016 4081 1126 4135 τῶν
1159 4080 1414 4150 ἐπιγείων
1457 4080 1664 4146 ἔδωκα,
1691 4081 1784 4136 καὶ
1822 4080 1945 4135 οὐδὲ

361 4164 534 4229 οὕτως
561 4165 872 4237 ἐπείσθητε,
911 4163 1056 4238 [154]
1088 4165 1204 4230 πῶς
1221 4164 1515 4236 δυνήσεσθε
1545 4163 1613 4217 τὰ
1640 4164 1946 4235 ὑψηλότερα

363 4250 590 4320 μαθεῖνς
627 4249 686 4303 Εἰ
722 4249 780 4302 δέ
821 4249 884 4303 τὸ
913 4250 1194 4320 βάπτισμα
1235 4249 1472 4318 ἐπίγειον
1504 4248 1738 4302 ἐνταῦθα
1770 4248 1941 4317 λέγοι,

365 4334 440 4404 μὴ
471 4334 777 4404 θαυμάσῃς.
816 4334 888 4386 Ἦ
927 4333 1036 4404 γὰρ
1063 4333 1151 4386 διὰ
1173 4331 1235 4384 τὸ
1273 4334 1330 4384 ἐν
1357 4335 1423 4402 τῇ
1448 4335 1518 4403 γῇ
1559 4332 1830 4387 τελεῖσθαι
1857 4373 1870 4396 ,
1907 4332 1943 4404 ἦ

362 4417 499 4486 πρὸς
533 4415 817 4484 σύγκρισιν
845 4415 942 4483 τῆς
971 4413 1164 4468 ἐαυτοῦ
1195 4415 1502 4484 γεννήσεως
1538 4414 1637 4484 τῆς
1679 4416 1944 4486 φρικωδε-

364 4499 567 4568 στάτης
595 4497 810 4566 ἐκείνης
837 4496 1115 4565 ὀνομάζων
1139 4495 1310 4558 οὕτως
1346 4494 1479 4548 αὐτὸ
1510 4495 1682 4549 καλεῖ.
1733 4497 1794 4549 Εἰ
1834 4499 1942 4567 γὰρ

362 4581 456 4634 καὶ
486 4579 803 4650 ἐπουράνιος
832 4577 970 4648 αὕτη
1005 4582 1038 4649 ὴ
1069 4577 1340 4656 γέννησις,
1394 4576 1529 4630 ἀλλά
1560 4577 1693 4648 πρὸς
1726 4580 1942 4649 ἐκείνην

362 4661 816 4733 παραϐαλλομένη
854 4661 953 4731 τὴν
976 4660 1172 4731 ἀληθῆ,
1217 4660 1310 4713 καὶ
1359 4661 1424 4713 ἐκ
1472 4659 1573 4729 τῆς
1605 4659 1697 4713 τοῦ
1728 4661 1941 4732 Πατρὸς

359 4745 548 4808 ούσίας
577 4740 763 4807 οὖσαν,
808 4743 1047 4812 ἐπίγειός
1088 4746 1222 4797 ἐστι.
1257 4743 1366 4798 Καὶ
1400 4743 1581 4806 καλῶς
1624 4743 1724 4796 οὐκ
1765 4739 1936 4811 είπεν,

359 4829 493 4900 Οὐχὶ
521 4830 710 4891 νοεῖτε,
740 4827 877 4890 ἀλλ’,
903 4828 982 4882 Οὐ
1000 4828 1330 4882 πιστεύετε.
1350 4827 1520 4881 Ὅταν
1551 4827 1648 4896 μὲν
1673 4827 1782 4899 γὰρ
1804 4828 1940 4899 προς

358 4917 540 4970 ἐκεῖνά
563 4933 647 4980 τις
680 4914 1022 4986 δυσκολαίνῃ,
1055 4914 1091 4968 ἀ
1116 4914 1203 4968 διά
1228 4913 1323 4968 τοῦ
1349 4915 1442 4968 νοῦ
1455 4912 1646 4968 λαϐεῖν
1669 4915 1806 4977 ἐστι,
1844 4918 1938 4970 καὶ

361 5003 438 5075 μὴ
462 5003 658 5075 ῥαδίως
679 5001 1060 5073 καταδέχηται,
1083 5001 1306 5064 εἰκότως
1328 5001 1394 5054 ἂν
1421 5001 1606 5056 ἄνοιαν
1631 5002 1933 5070 ἐγκαλοῖτο-

357 5089 486 5142 δταν
513 5089 568 5142 δὲ
610 5088 781 5142 ταῦτα
811 5087 886 5158 μὴ
916 5086 1152 5158 δέχηται,
1187 5086 1222 5141 ἃ
1273 5085 1517 5157 λογισμῷ
1550 5085 1648 5157 μὲν
1689 5088 1790 5141 ούκ
1819 5087 1931 5140 ἔστι

359 5172 558 5231 λαϐεῖν,
589 5173 770 5226 πίστει
791 5173 847 5226 δὲ
879 5172 1036 5243 μόνῃ,
1059 5172 1159 5224 οὐκ
1185 5169 1266 5222 ἐτι
1295 5169 1504 5233 ἀνοίας,
1537 5169 1648 5221 ἀλλ’
1676 5169 1932 5234 ἀπιστίας

358 5254 474 5307 ἐστὶ
506 5255 566 5307 τὸ
593 5257 860 5326 ἔγκλημα.
916 5255 1170 5323 Ἀπάγων
1199 5251 1294 5307 οὖν
1329 5253 1489 5306 αὐτὸν
1515 5251 1606 5306 τοῦ
1645 5253 1718 5324 μὴ
1750 5252 1932 5321 ζητεῖν

356 5337 631 5406 λογισμοῖς
659 5337 720 5389 τὸ
747 5337 957 5408 λεχθὲν,
986 5337 1343 5408 σφοδρότερον
1371 5335 1533 5389 αὑτοῦ
1573 5336 1929 5403 καθικνεῖται,

353 5419 611 5474 ἀπιστίαν
657 5420 925 5487 ἐγκαλῶν.
985 5421 1047 5473 Εἰ
1094 5420 1151 5473 δὲ
1175 5420 1276 5492 τὴν
1310 5417 1584 5488 ἡμετέραν
1623 5419 1801 5470 πίστει
1829 5418 1932 5489 χρὴ

411 5561 430 5584 ⁸
454 5561 629 5624 ﬂore].
660 5560 833 5619 καθώς,
851 5561 1002 5624 Savll.
1023 5563 1245 5624 καθόσον.
1270 5561 1343 5612 lb.
1371 5562 1545 5611 Morel.
1581 5562 1660 5610 καὶ
1687 5561 1928 5624 ἀπτόμενα

352 5629 448 5682 τῆς.
474 5622 626 5686 Ppulo
647 5627 758 5686 post
772 5622 964 5686 quidam
982 5623 1077 5669 τῶν
1093 5625 1397 5686 χαμαιζήλων
1416 5625 1682 5686 ἀκροατῶν.
1703 5623 1781 5686 Fr.
1803 5622 1929 5671 Are-

349 5687 482 5746 !lnus
503 5683 634 5733 hunc
647 5682 817 5746 ]ocum
835 5684 904 5731 sic
927 5682 1100 5746 νει-ιιι,
1115 5682 1214 5733 ἠοη
1237 5682 1381 5746 [wits
1403 5682 1632 5734 humilem
1656 5682 1928 5733 auditorem

345 5745 412 5814 94
445 5747 550 5814 μέτα
582 5743 798 5814 erigat":
829 5757 886 5814 ξε
916 5745 963 5814 5'.
989 5744 1184 5814 'Eseﬂ}:
1215 5743 1493 5814 ἀδεεᾉέως.
1515 5746 1743 5814 Mva
1773 5746 1836 5799 εἰς
1868 5747 1928 5814 τάξ

345 5806 523 5866 ὑψηλά.
590 5806 619 5845 δ
647 5804 745 5866 Alii
770 5804 921 5866 ταῦτα
944 5805 1053 5866 ἐρεῖ·
1085 5805 1111 5851 ὃ
1133 5806 1207 5861 δή.
1277 5805 1300 5834 °
1325 5804 1419 5853 Alii
1445 5807 1500 5853 ού
1526 5809 1616 5866 μὴν
1637 5804 1825 5860 καθίησι
1847 5809 1926 5853 καί

395 5865 432 5924 ᾖν
468 5868 635 5918 αἰτίαν.
703 5865 730 5907 δ
778 5865 950 5918 Morel.
975 5865 1046 5923 γῆν
1087 5866 1143 5924 δὴ
1182 5867 1262 5914 καὶ
1296 5867 1461 5914 αἰνιττ.

2053 1308 2304 1381 δέχεσθαι
2333 1311 2606 1385 γέννησιν,
2643 1313 2788 1378 τίνος
2817 1314 2883 1368 ἂν
2912 1311 3022 1370 εἶεν
3051 1315 3190 1382 ἄξιοι
3222 1317 3271 1369 οί
3294 1316 3391 1389 τὴν
3416 1317 3508 1372 τοῦ
3528 1319 3642 1373 Μο-

2053 1395 2306 1464 νογενοῦς
2323 1397 2606 1468 λογισμοῖς
2631 1399 3117 1471 περιεργαζόμενοι
3140 1420 3156 1468 ;
3185 1401 3322 1454 Ἀλλ’
3351 1403 3481 1466 ἴσως
3496 1405 3640 1458 εῐποι

2053 1497 2137 1543 τις
2155 1480 2242 1544 ἀν,
2277 1481 2374 1534 καί⁵
2395 1481 2538 1544 τίνος
2560 1480 2745 1536 ἕνεκεν
2771 1482 2989 1551 ἐλέγετο
3010 1483 3203 1542 ταῦτα.
3235 1486 3282 1536 εἰ
3313 1484 3386 1556 μὴ
3415 1485 3639 1555 εμελλον

2054 1561 2330 1616 πιστεύειν
2361 1564 2408 1615 οἰ
2439 1563 2765 1629 άκούοντες;
2795 1565 2918 1618 Ὅτι
2955 1566 3003 1618 εἰ
3047 1567 3142 1619 καὶ
3167 1568 3364 1620 ἐκεῖνοι
3399 1567 3473 1639 μὴ
3515 1568 3639 1622 ἐπί-

2056 1662 2265 1711 στευον,
2296 1645 2410 1698 ἀλλ’
2461 1647 2512 1698 οί
2545 1649 2664 1715 μετ’
2691 1647 2888 1711 αὐτοὺς
2925 1647 3152 1718 ἔμελλον
3199 1649 3339 1703 αὐτὰ
3386 1649 3638 1721 δέχεσθαι

2054 1728 2149 1781 καὶ
2180 1727 2500 1798 κερδαίνειν.
2534 1728 2975 1802 Καθικνούμενος
2999 1731 3177 1785 τοίνυν
3213 1731 3380 1785 αὑτοῦ
3411 1733 3639 1803 σφοδρό-

2055 1826 2214 1871 τατα,
2243 1810 2482 1864 δείκνυσι
2509 1810 2692 1866 λοιπὸν
2721 1812 2802 1866 ὅτι
2836 1813 2896 1865 ού
2937 1813 3109 1868 ταῦτα
3137 1810 3244 1867 οἶδε
3289 1815 3468 1885 μόνον,
3504 1815 3640 1870 ἀλλά

2055 1893 2149 1946 καὶ
2173 1893 2338 1963 ἕτερα
2364 1891 2542 1963 πολλῷ
2581 1893 2749 1947 πλείω
2785 1895 2990 1949 τούτων
3013 1897 3107 1949 καὶ
3136 1896 3306 1965 μείζω
3360 1896 3522 1952 Ὅθεν
3543 1897 3640 1952 καὶ

2054 1976 2214 2028 τοῦτο
2237 1976 2324 2028 διά
2346 1974 2445 2044 τῆς
2466 1977 2762 2048 ἐπαγωγῆς
2794 1978 3081 2049 ἐδήλωσεν,
3099 1979 3271 2043 οὕτως
3301 1980 3469 2036 εἰπών
3493 1997 3507 2011 ο
3530 1981 3640 2036 Καὶ

2055 2058 2253 2125 οὐδεὶς
2295 2057 2664 2127 ἀναϐέϐηκεν
2708 2063 2795 2126 εἰς
2836 2061 2945 2114 τὸν
2991 2062 3271 2130 οὐρανὸν,
3297 2066 3348 2117 εἰ
3379 2064 3465 2133 μὴ
3501 2067 3534 2119 ό
3571 2065 3642 2119 ἐκ

2055 2141 2161 2195 τοῦ
2177 2141 2436 2207 οὐρανοῦ
2464 2144 2742 2209 καταϐὰς,
2767 2147 2799 2197 ὀ
2833 2144 2967 2210 Υἱὸς
3003 2145 3108 2199 τοῦ
3133 2145 3469 2211 ἀνθρώπου,
3497 2149 3531 2200 ό
3557 2146 3643 2201 ὢν

2053 2223 2124 2277 ἐν
2153 2222 2232 2289 τῷ
2261 2223 2515 2303 οὐρανῷ,
2552 2226 2661 2280 Καὶ
2695 2227 2823 2279 ποία
2871 2226 3010 2298 αὕτη
3063 2230 3095 2299 ή
3137 2228 3449 2293 ἀκολουθία,
3479 2229 3638 2303 φησί;

2055 2305 2304 2375 Μεγίστη
2332 2307 2429 2376 μὲν
2455 2302 2568 2372 οὖν,
2607 2309 2700 2361 καὶ
2735 2320 2757 2349 ο
2795 2310 2998 2382 σφόδρα
3036 2313 3147 2374 τοῖς
3170 2311 3480 2382 ἔμπροσθεν
3518 2302 3645 2366 συν-

2055 2388 2273 2460 ᾴδουσα.
2318 2389 2536 2459 Ἐπειδὴ
2565 2389 2674 2460 γὰρ
2707 2393 2913 2455 ἐκεῖνος
2955 2389 3129 2458 εἶπεν,
3163 2395 3244 2447 ὅτι
3278 2395 3535 2464 Οἴδαμεν
3554 2396 3643 2450 ὅτι

2014 2489 2021 2497 λ
2055 2470 2174 2525 ἀπὸ
2212 2471 2360 2526 Θεοῦ
2389 2471 2698 2540 ἐλήλυθας
2723 2474 3111 2540 διδάσκαλος,
3157 2478 3313 2530 τοῦτο
3345 2479 3477 2532 αὐτὸ
3495 2479 3641 2550 διορ-

2057 2553 2262 2616 θοῦται,
2297 2557 2580 2626 μονονουχὶ
2604 2556 2778 2625 λέγων
2799 2574 2812 2588 ·
2849 2559 2924 2629 μὴ
2944 2559 3172 2631 νομίσῃς
3211 2579 3277 2631 με
3304 2562 3476 2627 οὕτως
3505 2562 3676 2617 εἶναι’

2055 2638 2372 2692 διδάσκαλον
2410 2639 2486 2703 ὡς
2513 2641 2640 2703 τοὺς
2671 2641 2898 2705 πολλοὺς
2935 2642 3046 2696 τῶν
3075 2645 3369 2714 προφητῶν
3402 2647 3510 2700 ἀπὸ
3538 2646 3642 2716 γῆς

2055 2721 2230 2785 ὄντας.
2275 2721 2364 2788 Ἐξ
2389 2721 2620 2793 ούρανοῦ
2650 2722 2760 2794 γάρ
2791 2724 3022 2796 πάρειμι
3049 2725 3164 2780 νῦν.
3198 2727 3321 2780 Τῶν
3358 2729 3456 2800 μὲν
3481 2729 3588 2801 γὰρ
3615 2726 3637 2766 ί

2054 2803 2348 2876 προφητῶν
2369 2804 2544 2868 οὐδεὶς
2575 2805 2916 2876 ἀναϐέϐηκεν
2945 2809 3097 2861 ἐκεῖ·
3131 2809 3242 2877 ἐγὼ
3272 2810 3330 2863 δὲ
3369 2812 3486 2864 ἐκεῖ
3522 2811 3644 2866 δια-

2053 2885 2239 2956 τρίϐω.
2267 2882 2426 2950 Εἶδες
2446 2886 2565 2951 πῶς
2591 2887 2684 2941 καὶ
2706 2888 2766 2941 τὸ
2798 2889 3004 2961 σφόδρα
3031 2890 3221 2945 δοκοῦν
3246 2892 3449 2964 ὑψηλὸν
3481 2889 3639 2958 εἰναι,

2055 2968 2258 3039 σφόδρα
2302 2969 2518 3036 ἀνάξιον
2557 2971 2722 3024 αὑτοῦ
2766 2971 2867 3041 τῆς
2902 2973 3293 3046 μεγαλωσύνης
3344 2975 3491 3030 ἐστίν
3518 2995 3531 3042 ;
3563 2978 3639 3031 Οὐ

2053 3051 2161 3122 γὰρ
2189 3053 2247 3104 ἐν
2272 3053 2487 3124 ούρανῷ
2521 3053 2680 3124 μόνον
2715 3055 2883 3120 ἐστὶν,
2928 3057 3063 3111 ἀλλά
3093 3059 3188 3112 καὶ
3217 3059 3510 3130 πανταχοῦ,
3547 3062 3641 3115 καὶ

2055 3135 2234 3188 πάντα
2289 3135 2503 3206 πληροῖ.
2571 3137 2709 3190 Ἀλλ’
2746 3138 2826 3192 ἔτι
2890 3140 3028 3211 πρὸς
3077 3142 3177 3214 τὴν
3229 3143 3512 3197 ἀσθένειαν
3544 3145 3639 3198 τοῦ

2052 3219 2323 3290 ἀκροατοῦ
2377 3220 2706 3290 διαλέγεται,
2769 3221 2912 3276 κατὰ
2951 3225 3164 3296 μικρὸν
3202 3229 3365 3281 αὑτὸν
3416 3229 3639 3298 ἀνάγειν

2053 3301 2394 3372 βουλόμενος.
2427 3303 2555 3356 Υἰὺν
2580 3304 2637 3357 δὲ
2667 3304 2958 3375 ἀνθρώπου
2983 3307 3216 3362 ἐνταῦθα
3241 3310 3302 3363 ού
3334 3310 3431 3380 τὴν
3459 3313 3638 3383 σάρκα

2052 3384 2329 3449 ἐκάλεσεν,
2357 3385 2472 3439 ἀλλ’
2504 3387 2612 3440 ἀπὸ
2637 3387 2738 3457 τῆς
2758 3388 3039 3453 ἐλάττονος
3067 3392 3254 3455 οὐσίας
3282 3393 3402 3446 ὅλον
3421 3395 3634 3460 ἐαυτὸν,

2052 3467 2117 3521 ἵν’
2141 3468 2312 3532 οὕτως
2363 3468 2522 3536 εἴπω,
2581 3470 2832 3541 ὠνόμασε
2871 3472 2987 3525 νῦν.
3051 3475 3162 3528 Καὶ
3191 3475 3302 3547 γὰρ
3329 3477 3486 3531 τοῦτο
3518 3479 3638 3542 ἑθος

2050 3551 2220 3622 αὐτῷ,
2262 3551 2521 3614 πολλάκις
2563 3553 2663 3624 μὲν
2692 3553 2800 3607 ἀπὸ
2827 3555 2928 3624 τῆς
2955 3555 3228 3627 θεότητος,
3282 3560 3544 3623 πολλάκις
3578 3560 3636 3613 δέ

2049 3635 2156 3688 ἀπὸ
2197 3636 2297 3705 τῆς
2335 3636 2752 3708 ἀνθρωπότητος
2783 3639 2844 3691 τὸ
2889 3641 2998 3692 πᾶν
3051 3641 3255 3694 καλεῖν.
3294 3644 3400 3696 Καὶ
3443 3643 3641 3710 καθὼς

2051 3720 2309 3788 Μωυσῆς
2322 3721 2532 3788 ὕψωσε
2548 3721 2654 3774 τὸν
2672 3722 2812 3790 ὅφιν
2829 3723 2898 3776 ἐν
2917 3723 2991 3790 τῇ
3006 3723 3222 3793 ἐρήμῳ,
3246 3727 3429 3795 φησὶν,
3450 3727 3636 3794 οὕτως

2051 3803 2364 3870 ὑψωθῆναι
2387 3803 2481 3858 δεῖ
2509 3805 2615 3858 τὸν
2645 3805 2782 3860 Υἰὸν
2826 3805 2933 3860 τοῦ
2953 3807 3289 3874 ἀνθρώπου.
3324 3810 3492 3863 Πάλιν
3542 3811 3636 3863 καί.

2049 3884 2207 3938 τοῦτο
2246 3884 2392 3938 δοκεῖ
2428 3886 2779 3957 ἀπηρτῆσθαι
2828 3888 2936 3942 τῶν
2980 3888 3309 3960 ἔμπροσθεν,
3353 3891 3551 3964 πολλὴν
3579 3891 3634 3945 δέ

2050 3967 2142 4019 καὶ
2169 3967 2300 4020 αὐτὸ
2316 3972 2412 4040 τὴν
2435 3970 2729 4038 συνάφειαν
2752 3970 2887 4042 ἔχει.
2911 3970 3092 4026 Εἰπὼν
3117 3971 3225 4044 γὰρ
3250 3973 3348 4044 τὴν
3373 3975 3634 4046 μεγίστην

2049 4050 2130 4112 εἰς
2154 4048 2474 4120 ἀνθρώπους
2500 4067 2726 4122 γεγεννη
2738 4054 2907 4124 μένην
2941 4054 3263 4126 εὐεργεσίαν
3301 4055 3389 4107 διά
3409 4055 3503 4109 τοῦ
3535 4057 3632 4126 βα-

2048 4132 2367 4201 πτίσματος,
2391 4133 2587 4202 ἐπάγει
2607 4136 2702 4188 καὶ
2719 4137 2816 4207 τὴν
2844 4136 3046 4207 ταύτης
3071 4136 3266 4203 αἰτίαν,
3299 4138 3392 4191 καί
3416 4140 3630 4212 ἐκείνης

2045 4214 2146 4268 ούκ
2174 4214 2448 4280 ἐλάττονα,
2471 4216 2568 4289 τὴν
2594 4216 2684 4272 διὰ
2705 4218 2798 4272 τοῦ
2836 4218 3090 4290 σταυροῦ.
3131 4220 3338 4290 Ὠσπερ
3371 4215 3464 4274 οὖν
3486 4223 3580 4275 καὶ
3603 4224 3629 4264 ⁸

2047 4297 2257 4362 Παῦλος
2288 4299 2590 4370 Κορινθίοις
2622 4301 3025 4371 διαλεγόμενος,
3055 4301 3258 4364 ταύτας
3293 4301 3428 4372 ὁμοῦ
3449 4303 3630 4374 τίθησι

2043 4380 2140 4444 τάς
2161 4382 2247 4434 εύε
2257 4381 2497 4452 ργεσίας,
2515 4383 2658 4437 οὕτω
2681 4384 2852 4450 λέγων
2872 4401 2884 4413 ·
2905 4383 3000 4450 Μὴ
3020 4384 3259 4450 Παῦλος
3282 4385 3628 4454 ἐσταυρώθη

2041 4462 2194 4530 ὑπὲρ
2218 4463 2403 4531 ὑμῶν,
2432 4464 2466 4532 ἣ
2497 4467 2584 4531 εἰς
2611 4467 2678 4519 τὸ
2717 4466 2904 4534 ὄνομα
2940 4467 3185 4520 Παύλου
3222 4466 3372 4539 [155]
3399 4467 3630 4521 ἐϐαπτί-

2041 4546 2227 4610 σθητε
2244 4559 2263 4606 ;
2291 4545 2542 4599 Μάλιστα
2571 4546 2679 4618 γὰρ
2709 4547 2925 4600 πάντων
2948 4547 3016 4600 τά
3046 4547 3138 4600 δύο
3156 4547 3330 4602 ταῦτα
3361 4549 3461 4619 τὴν
3486 4549 3628 4618 ἀφα-

2040 4644 2129 4679 τον
2168 4628 2330 4680 αύτοῦ
2373 4629 2643 4683 δείκνυσιν
2703 4631 2943 4702 ἀγάπην,
2996 4631 3078 4684 ὅτι
3120 4648 3182 4684 τε
3220 4632 3362 4701 ὑπὲρ
3416 4632 3628 4702 ἐχθρῶν

2039 4708 2230 4775 ἔπαθε,
2268 4710 2361 4763 καὶ
2390 4712 2472 4763 ὅτι
2508 4711 2795 4765 ἀποθανὼν
2844 4712 2984 4784 ὑπὲρ
3009 4713 3241 4784 ἐχθρῶν,
3279 4713 3368 4767 διὰ
3395 4713 3488 4766 τοῦ
3531 4714 3624 4785 βαρ

2041 4791 2341 4862 πτίσματος
2375 4792 2666 4863 ὀλόκληρον
2698 4793 2804 4848 τῶν
2837 4795 3250 4867 ἁμαρτημάτων
3267 4795 3365 4867 τὴν
3417 4795 3626 4868 συγχώ-

2043 4890 2200 4944 ρησιν
2226 4875 2554 4945 ἐδωρήσατο.

2112 4956 2175 5026 β’.
2209 4956 2363 5020 Τίνος
2392 4957 2449 5010 δέ
2473 4956 2658 5010 ἕνεκεν
2673 4959 2774 5011 οὐκ
2789 4956 2907 5013 εἶπε
2931 4960 3139 5030 σαφῶς,
3157 4961 3239 5015 ὅτι
3259 4961 3440 5033 μέλλω
3461 4979 3624 5018 σταυ-

2042 5039 2284 5110 ροῦσθαι,
2315 5039 2428 5093 ἀλλ’
2460 5041 2552 5093 ἐπὶ
2569 5041 2660 5093 τὸν
2691 5042 2918 5096 παλαιὸν
2947 5045 3277 5116 παρέπεμψε
3308 5045 3479 5100 τύπον
3499 5048 3624 5111 τοὺς

2037 5122 2345 5192 ἀκροατάςς
2380 5124 2601 5195 Πρῶτον
2636 5125 2754 5194 μὲν,
2779 5126 2866 5180 ἵνα
2904 5127 3149 5196 μάθωσιν
3180 5128 3211 5168 ιι
3254 5129 3336 5181 ὅτι
3383 5130 3618 5198 συγγενῆ

2037 5205 2105 5256 τά
2149 5206 2353 5260 παλαιὰ
2401 5209 2512 5270 τοῖς
2557 5209 2781 5272 καινοῖς,
2833 5208 2928 5261 καί
2968 5209 3068 5262 οὐκ
3111 5210 3369 5282 ἀλλότρια
3417 5213 3620 5265 τούτων

2038 5289 2252 5342 ἐκεῖνα*
2284 5289 2474 5343 ἔπειτα
2504 5290 2590 5343 ἵνα
2615 5290 2776 5360 γνῷς,
2809 5291 2891 5344 ὅτι
2914 5293 3016 5345 οὐκ
3055 5292 3204 5346 ἄκων
3235 5295 3329 5347 ἐπὶ
3355 5294 3417 5347 τὸ
3450 5295 3619 5358 πάθος

2037 5371 2270 5440 ἧρχετο’
2307 5373 2400 5424 καὶ
2441 5372 2519 5424 ἔτι
2565 5373 2702 5443 πρὸς
2756 5373 2963 5437 τούτοις
3006 5376 3094 5428 ἵνα
3121 5377 3318 5449 μάθῃς,
3365 5377 3447 5430 ὅτι
3494 5377 3614 5432 οὔτε

1975 5478 1980 5481 >
2035 5452 2182 5522 αὐτῷ
2221 5470 2305 5516 τις
2336 5454 2444 5506 ἀπὸ
2481 5454 2576 5506 τοῦ
2625 5455 2948 5526 πράγματος
3006 5458 3218 5526 γίνεται
3269 5458 3475 5529 βλάϐη,
3525 5457 3612 5513 καὶ

2035 5535 2249 5598 πολλοῖς
2281 5535 2533 5589 ἐντεῦθεν
2557 5539 2800 5592 τίκτεται
2836 5541 3098 5612 σωτηρία.
3147 5542 3265 5595 Ἵνα
3289 5543 3397 5615 γὰρ
3425 5545 3498 5614 μή
3535 5560 3621 5606 τις

2033 5616 2184 5687 λέγῃ,
2217 5618 2450 5683 καὶπῶς
2483 5621 2561 5673 ἔνι
2580 5622 2660 5684 εἰς
2688 5622 2778 5675 τὸν
2805 5623 3186 5693 σταυρωθέντα
3223 5628 3620 5687 πιστεύσαντας

2033 5699 2290 5769 σωθῆναι,
2316 5702 2444 5755 ὅταν
2469 5705 2562 5757 καὶ
2583 5705 2744 5767 αὐτὸς
2790 5704 2894 5757 ὑπὸ
2927 5705 3160 5760 θανάτου
3212 5707 3623 5777 κατεσχημένος

2101 5818 2124 5870 ς
2152 5805 2320 5854 Morel.
2361 5808 2576 5868 μεγίστη,
2601 5808 2832 5870 ἀγαπητὴ
2865 5808 2964 5856 καί.
3038 5809 3058 5848 ί
3088 5811 3256 5859 Morel.
3289 5813 3382 5857 τῶν
3407 5809 3488 5870 μὲν
3510 5808 3619 5859 οὖν.

2037 5868 2062 5906 Β
2089 5866 2256 5917 Morel.
2281 5866 2441 5929 ὥσπερ
2482 5870 2536 5924 δή
2569 5871 2665 5916 καί.
2739 5870 2762 5904 ιι
2790 5869 2938 5918 Savil.
2969 5871 3045 5918 ἵνα
3067 5873 3230 5932 μάίνῃς.
