  <div class='ocr_page' id='page_1' title='image "/cluster/home/n/w/nwhite01/storage/ocr_20150623/59/mdp.39015009383640/156.png"; bbox 0 0 4068 6136; ppageno 0'>
   <div class='ocr_carea' id='block_1_1' title="bbox 352 264 454 326">
    <p class='ocr_par' dir='ltr' id='par_1_1' title="bbox 352 264 454 326">
     <span class='ocr_line' id='line_1_1' title="bbox 352 264 454 326; baseline -0.02 0"><span class='ocrx_word' id='word_1_1' title='bbox 352 264 454 326; x_wconf 67' lang='lat'><strong>157</strong></span> 
     </span>
    </p>
   </div>
   <div class='ocr_carea' id='block_1_2' title="bbox 353 338 1934 423">
    <p class='ocr_par' dir='ltr' id='par_1_2' title="bbox 353 338 1934 423">
     <span class='ocr_line' id='line_1_2' title="bbox 353 338 1934 423; baseline -0.016 -7"><span class='ocrx_word' id='word_1_2' title='bbox 353 372 525 416; x_wconf 77' lang='lat' dir='ltr'><strong>mante</strong></span> <span class='ocrx_word' id='word_1_3' title='bbox 556 353 836 423; x_wconf 81' lang='lat' dir='ltr'><strong>cujusdam</strong></span> <span class='ocrx_word' id='word_1_4' title='bbox 873 362 929 408; x_wconf 90' lang='lat' dir='ltr'><strong>et</strong></span> <span class='ocrx_word' id='word_1_5' title='bbox 964 349 1080 405; x_wconf 90' lang='lat' dir='ltr'><strong>vilis</strong></span> <span class='ocrx_word' id='word_1_6' title='bbox 1113 346 1475 417; x_wconf 69' lang='lat' dir='ltr'><strong>prmrogativac</strong></span> <span class='ocrx_word' id='word_1_7' title='bbox 1498 341 1669 412; x_wconf 86' lang='lat' dir='ltr'><strong>gratia</strong></span> <span class='ocrx_word' id='word_1_8' title='bbox 1699 338 1934 395; x_wconf 89' lang='lat' dir='ltr'><strong>convicia</strong></span> 
     </span>
    </p>
   </div>
   <div class='ocr_carea' id='block_1_3' title="bbox 354 425 1928 507">
    <p class='ocr_par' dir='ltr' id='par_1_3' title="bbox 354 425 1928 507">
     <span class='ocr_line' id='line_1_3' title="bbox 354 425 1928 507; baseline -0.015 -4"><span class='ocrx_word' id='word_1_9' title='bbox 354 456 535 505; x_wconf 86' lang='lat' dir='ltr'><strong>nostra</strong></span> <span class='ocrx_word' id='word_1_10' title='bbox 571 445 643 498; x_wconf 88' lang='lat' dir='ltr'><strong>ita</strong></span> <span class='ocrx_word' id='word_1_11' title='bbox 671 447 955 497; x_wconf 84' lang='lat' dir='ltr'><strong>mansuete</strong></span> <span class='ocrx_word' id='word_1_12' title='bbox 984 437 1118 492; x_wconf 80' lang='lat' dir='ltr'><strong>ferat</strong></span> <span class='ocrx_word' id='word_1_13' title='bbox 1144 453 1159 490; x_wconf 91' lang='lat'><strong>:</strong></span> <span class='ocrx_word' id='word_1_14' title='bbox 1188 450 1290 507; x_wconf 83' lang='lat' dir='ltr'><strong>qua</strong></span> <span class='ocrx_word' id='word_1_15' title='bbox 1319 434 1471 489; x_wconf 88' lang='lat' dir='ltr'><strong>venia</strong></span> <span class='ocrx_word' id='word_1_16' title='bbox 1493 474 1509 499; x_wconf 91' lang='lat'><strong>,</strong></span> <span class='ocrx_word' id='word_1_17' title='bbox 1538 442 1591 487; x_wconf 88' lang='lat' dir='ltr'><strong>et</strong></span> <span class='ocrx_word' id='word_1_18' title='bbox 1620 444 1725 499; x_wconf 91' lang='lat' dir='ltr'><strong>qua</strong></span> <span class='ocrx_word' id='word_1_19' title='bbox 1744 425 1928 483; x_wconf 85' lang='lat' dir='ltr'><strong>delen-</strong></span> 
     </span>
    </p>
   </div>
   <div class='ocr_carea' id='block_1_4' title="bbox 355 527 1933 606">
    <p class='ocr_par' dir='ltr' id='par_1_4' title="bbox 355 527 1933 606">
     <span class='ocr_line' id='line_1_4' title="bbox 355 527 1933 606; baseline -0.016 -10"><span class='ocrx_word' id='word_1_20' title='bbox 355 542 510 596; x_wconf 86' lang='lat' dir='ltr'><strong>sione</strong></span> <span class='ocrx_word' id='word_1_21' title='bbox 532 533 676 606; x_wconf 89' lang='lat' dir='ltr'><strong>digni</strong></span> <span class='ocrx_word' id='word_1_22' title='bbox 706 533 925 595; x_wconf 81' lang='lat' dir='ltr'><strong>erimus,</strong></span> <span class='ocrx_word' id='word_1_23' title='bbox 958 529 1048 599; x_wconf 87' lang='lat' dir='ltr'><strong>qui</strong></span> <span class='ocrx_word' id='word_1_24' title='bbox 1079 527 1261 581; x_wconf 87' lang='lat' dir='ltr'><strong>divino</strong></span> <span class='ocrx_word' id='word_1_25' title='bbox 1288 532 1431 580; x_wconf 89' lang='lat' dir='ltr'><strong>metu</strong></span> <span class='ocrx_word' id='word_1_26' title='bbox 1475 537 1581 577; x_wconf 91' lang='lat' dir='ltr'><strong>non</strong></span> <span class='ocrx_word' id='word_1_27' title='bbox 1612 532 1898 592; x_wconf 85' lang='lat' dir='ltr'><strong>possumus</strong></span> <span class='ocrx_word' id='word_1_28' title='bbox 1917 557 1933 581; x_wconf 90' lang='lat'><strong>,</strong></span> 
     </span>
    </p>
   </div>
   <div class='ocr_carea' id='block_1_5' title="bbox 353 609 1937 688">
    <p class='ocr_par' dir='ltr' id='par_1_5' title="bbox 353 609 1937 688">
     <span class='ocr_line' id='line_1_5' title="bbox 353 609 1937 688; baseline -0.016 -1"><span class='ocrx_word' id='word_1_29' title='bbox 353 632 464 686; x_wconf 90' lang='lat' dir='ltr'><strong>imo</strong></span> <span class='ocrx_word' id='word_1_30' title='bbox 493 626 742 684; x_wconf 89' lang='lat' dir='ltr'><strong>nolumus</strong></span> <span class='ocrx_word' id='word_1_31' title='bbox 768 664 782 688; x_wconf 91' lang='lat'><strong>,</strong></span> <span class='ocrx_word' id='word_1_32' title='bbox 813 631 869 676; x_wconf 93' lang='lat' dir='ltr'><strong>ut</strong></span> <span class='ocrx_word' id='word_1_33' title='bbox 904 621 995 675; x_wconf 90' lang='lat' dir='ltr'><strong>ille</strong></span> <span class='ocrx_word' id='word_1_34' title='bbox 1014 628 1221 684; x_wconf 90' lang='lat' dir='ltr'><strong>nostro,</strong></span> <span class='ocrx_word' id='word_1_35' title='bbox 1255 612 1663 687; x_wconf 83' lang='lat' dir='ltr'><strong>philosophari?</strong></span> <span class='ocrx_word' id='word_1_36' title='bbox 1689 609 1813 665; x_wconf 61' lang='lat' dir='ltr'><strong>Haec</strong></span> <span class='ocrx_word' id='word_1_37' title='bbox 1839 610 1937 663; x_wconf 50' lang='lat' dir='ltr'><strong>ita-</strong></span> 
     </span>
    </p>
   </div>
   <div class='ocr_carea' id='block_1_6' title="bbox 350 710 1935 793">
    <p class='ocr_par' dir='ltr' id='par_1_6' title="bbox 350 710 1935 793">
     <span class='ocr_line' id='line_1_6' title="bbox 350 710 1935 793; baseline -0.015 -16"><span class='ocrx_word' id='word_1_38' title='bbox 350 737 458 793; x_wconf 90' lang='lat' dir='ltr'><strong>que</strong></span> <span class='ocrx_word' id='word_1_39' title='bbox 493 719 670 777; x_wconf 84' lang='lat' dir='ltr'><strong>omnia</strong></span> <span class='ocrx_word' id='word_1_40' title='bbox 715 715 994 771; x_wconf 89' lang='lat' dir='ltr'><strong>nobiscum</strong></span> <span class='ocrx_word' id='word_1_41' title='bbox 1020 719 1329 782; x_wconf 89' lang='lat' dir='ltr'><strong>reputantes</strong></span> <span class='ocrx_word' id='word_1_42' title='bbox 1355 751 1371 775; x_wconf 92' lang='lat'><strong>,</strong></span> <span class='ocrx_word' id='word_1_43' title='bbox 1398 722 1462 762; x_wconf 90' lang='lat' dir='ltr'><strong>ac</strong></span> <span class='ocrx_word' id='word_1_44' title='bbox 1507 712 1725 777; x_wconf 89' lang='lat' dir='ltr'><strong>peccata</strong></span> <span class='ocrx_word' id='word_1_45' title='bbox 1753 710 1935 793; x_wconf 82' lang='lat' dir='ltr'><strong>nostra</strong></span> 
     </span>
    </p>
   </div>
   <div class='ocr_carea' id='block_1_7' title="bbox 355 789 1931 879">
    <p class='ocr_par' dir='ltr' id='par_1_7' title="bbox 355 789 1931 879">
     <span class='ocr_line' id='line_1_7' title="bbox 355 789 1931 879; baseline -0.014 -11"><span class='ocrx_word' id='word_1_46' title='bbox 355 789 664 879; x_wconf 62' lang='lat' dir='ltr'><strong>naturaeque</strong></span> <span class='ocrx_word' id='word_1_47' title='bbox 694 804 1021 862; x_wconf 82' lang='lat' dir='ltr'><strong>consortium</strong></span> <span class='ocrx_word' id='word_1_48' title='bbox 1063 802 1359 872; x_wconf 79' lang='lat' dir='ltr'><strong>cogitantes</strong></span> <span class='ocrx_word' id='word_1_49' title='bbox 1378 839 1393 862; x_wconf 90' lang='lat'><strong>,</strong></span> <span class='ocrx_word' id='word_1_50' title='bbox 1423 802 1703 852; x_wconf 84' lang='lat' dir='ltr'><strong>mansuete</strong></span> <span class='ocrx_word' id='word_1_51' title='bbox 1732 789 1931 861; x_wconf 84' lang='lat' dir='ltr'><strong>ubique</strong></span> 
     </span>
    </p>
   </div>
   <div class='ocr_carea' id='block_1_8' title="bbox 1310 246 2596 309">
    <p class='ocr_par' dir='ltr' id='par_1_8' title="bbox 1310 246 2596 309">
     <span class='ocr_line' id='line_1_8' title="bbox 1310 246 2596 309; baseline -0.005 0"><span class='ocrx_word' id='word_1_52' title='bbox 1310 253 1375 309; x_wconf 82' lang='grc' dir='ltr'><strong>ΙΝ</strong></span> <span class='ocrx_word' id='word_1_53' title='bbox 1412 248 1721 307; x_wconf 74' lang='lat' dir='ltr'><strong>JOANNEM</strong></span> <span class='ocrx_word' id='word_1_54' title='bbox 1764 246 1990 302; x_wconf 70' lang='grc' dir='ltr'><strong>ιιυιιιι.</strong></span> <span class='ocrx_word' id='word_1_55' title='bbox 2038 246 2247 302; x_wconf 73' lang='lat' dir='ltr'><strong>XXVII.</strong></span> <span class='ocrx_word' id='word_1_56' title='bbox 2290 248 2363 302; x_wconf 88' lang='lat' dir='ltr'><strong>al.</strong></span> <span class='ocrx_word' id='word_1_57' title='bbox 2404 248 2596 305; x_wconf 70' lang='lat' dir='ltr'><strong>XXVI.</strong></span> 
     </span>
    </p>
   </div>
   <div class='ocr_carea' id='block_1_9' title="bbox 3533 260 3631 312">
    <p class='ocr_par' dir='ltr' id='par_1_9' title="bbox 3533 260 3631 312">
     <span class='ocr_line' id='line_1_9' title="bbox 3533 260 3631 312; baseline 0 0"><span class='ocrx_word' id='word_1_58' title='bbox 3533 260 3631 312; x_wconf 65' lang='lat' dir='ltr'><strong>tas</strong></span> 
     </span>
    </p>
   </div>
   <div class='ocr_carea' id='block_1_10' title="bbox 2045 338 3633 410">
    <p class='ocr_par' dir='ltr' id='par_1_10' title="bbox 2045 338 3633 410">
     <span class='ocr_line' id='line_1_10' title="bbox 2045 338 3633 410; baseline 0.006 -19"><span class='ocrx_word' id='word_1_59' title='bbox 2045 338 2188 407; x_wconf 87' lang='lat' dir='ltr'><strong>loqui</strong></span> <span class='ocrx_word' id='word_1_60' title='bbox 2216 339 2546 407; x_wconf 85' lang='lat' dir='ltr'><strong>studeamus,</strong></span> <span class='ocrx_word' id='word_1_61' title='bbox 2591 348 2652 397; x_wconf 90' lang='lat' dir='ltr'><strong>ut</strong></span> <span class='ocrx_word' id='word_1_62' title='bbox 2682 340 2911 397; x_wconf 82' lang='lat' dir='ltr'><strong>humiles</strong></span> <span class='ocrx_word' id='word_1_63' title='bbox 2938 340 3099 397; x_wconf 84' lang='lat' dir='ltr'><strong>corde</strong></span> <span class='ocrx_word' id='word_1_64' title='bbox 3121 342 3291 400; x_wconf 77' lang='lat' dir='ltr'><strong>cll‘ecti</strong></span> <span class='ocrx_word' id='word_1_65' title='bbox 3312 387 3324 410; x_wconf 92' lang='lat'><strong>,</strong></span> <span class='ocrx_word' id='word_1_66' title='bbox 3351 348 3633 402; x_wconf 73' lang='lat' dir='ltr'><strong>animabus</strong></span> 
     </span>
    </p>
   </div>
   <div class='ocr_carea' id='block_1_11' title="bbox 2042 429 3629 503">
    <p class='ocr_par' dir='ltr' id='par_1_11' title="bbox 2042 429 3629 503">
     <span class='ocr_line' id='line_1_11' title="bbox 2042 429 3629 503; baseline 0.004 -19"><span class='ocrx_word' id='word_1_67' title='bbox 2042 429 2242 485; x_wconf 77' lang='lat' dir='ltr'><strong>nostris</strong></span> <span class='ocrx_word' id='word_1_68' title='bbox 2266 431 2507 500; x_wconf 85' lang='lat' dir='ltr'><strong>requiem</strong></span> <span class='ocrx_word' id='word_1_69' title='bbox 2524 430 2860 489; x_wconf 72' lang='lat' dir='ltr'><strong>inveniamus</strong></span> <span class='ocrx_word' id='word_1_70' title='bbox 2880 441 2931 488; x_wconf 92' lang='lat' dir='ltr'><strong>et</strong></span> <span class='ocrx_word' id='word_1_71' title='bbox 2949 442 3268 503; x_wconf 82' lang='lat' dir='ltr'><strong>praesentem</strong></span> <span class='ocrx_word' id='word_1_72' title='bbox 3287 444 3340 489; x_wconf 91' lang='lat' dir='ltr'><strong>et</strong></span> <span class='ocrx_word' id='word_1_73' title='bbox 3364 433 3590 491; x_wconf 77' lang='lat' dir='ltr'><strong>futuram</strong></span> <span class='ocrx_word' id='word_1_74' title='bbox 3615 455 3629 502; x_wconf 90' lang='lat'><strong>;</strong></span> 
     </span>
    </p>
   </div>
   <div class='ocr_carea' id='block_1_12' title="bbox 2041 521 3631 601">
    <p class='ocr_par' dir='ltr' id='par_1_12' title="bbox 2041 521 3631 601">
     <span class='ocr_line' id='line_1_12' title="bbox 2041 521 3631 601; baseline 0.006 -28"><span class='ocrx_word' id='word_1_75' title='bbox 2041 534 2199 588; x_wconf 90' lang='lat' dir='ltr'><strong>quam</strong></span> <span class='ocrx_word' id='word_1_76' title='bbox 2233 521 2434 576; x_wconf 79' lang='lat' dir='ltr'><strong>utinam</strong></span> <span class='ocrx_word' id='word_1_77' title='bbox 2471 536 2658 579; x_wconf 87' lang='lat' dir='ltr'><strong>omnes</strong></span> <span class='ocrx_word' id='word_1_78' title='bbox 2704 538 3078 594; x_wconf 76' lang='lat' dir='ltr'><strong>assequamur,</strong></span> <span class='ocrx_word' id='word_1_79' title='bbox 3118 527 3286 595; x_wconf 87' lang='lat' dir='ltr'><strong>gratia</strong></span> <span class='ocrx_word' id='word_1_80' title='bbox 3312 539 3368 582; x_wconf 88' lang='lat' dir='ltr'><strong>et</strong></span> <span class='ocrx_word' id='word_1_81' title='bbox 3396 528 3631 601; x_wconf 86' lang='lat' dir='ltr'><strong>benigni-</strong></span> 
     </span>
    </p>
   </div>
   <div class='ocr_carea' id='block_1_13' title="bbox 2046 609 3635 691">
    <p class='ocr_par' dir='ltr' id='par_1_13' title="bbox 2046 609 3635 691">
     <span class='ocr_line' id='line_1_13' title="bbox 2046 609 3635 691; baseline 0.008 -28"><span class='ocrx_word' id='word_1_82' title='bbox 2046 618 2153 663; x_wconf 90' lang='lat' dir='ltr'><strong>tate</strong></span> <span class='ocrx_word' id='word_1_83' title='bbox 2198 609 2406 664; x_wconf 90' lang='lat' dir='ltr'><strong>Domini</strong></span> <span class='ocrx_word' id='word_1_84' title='bbox 2438 613 2603 668; x_wconf 79' lang='lat' dir='ltr'><strong>nostri</strong></span> <span class='ocrx_word' id='word_1_85' title='bbox 2628 613 2757 669; x_wconf 82' lang='lat' dir='ltr'><strong>Jesu</strong></span> <span class='ocrx_word' id='word_1_86' title='bbox 2782 614 2979 671; x_wconf 74' lang='lat' dir='ltr'><strong>Christi</strong></span> <span class='ocrx_word' id='word_1_87' title='bbox 3009 660 3026 684; x_wconf 93' lang='lat'><strong>,</strong></span> <span class='ocrx_word' id='word_1_88' title='bbox 3057 621 3270 690; x_wconf 88' lang='lat' dir='ltr'><strong>quicum</strong></span> <span class='ocrx_word' id='word_1_89' title='bbox 3302 619 3441 675; x_wconf 69' lang='lat' dir='ltr'><strong>Patri</strong></span> <span class='ocrx_word' id='word_1_90' title='bbox 3470 619 3635 691; x_wconf 84' lang='lat' dir='ltr'><strong>gloria</strong></span> 
     </span>
    </p>
   </div>
   <div class='ocr_carea' id='block_1_14' title="bbox 2046 698 3637 780">
    <p class='ocr_par' dir='ltr' id='par_1_14' title="bbox 2046 698 3637 780">
     <span class='ocr_line' id='line_1_14' title="bbox 2046 698 3637 780; baseline 0.009 -29"><span class='ocrx_word' id='word_1_91' title='bbox 2046 713 2261 768; x_wconf 90' lang='lat' dir='ltr'><strong>unaque</strong></span> <span class='ocrx_word' id='word_1_92' title='bbox 2288 698 2508 771; x_wconf 85' lang='lat' dir='ltr'><strong>Spiritui</strong></span> <span class='ocrx_word' id='word_1_93' title='bbox 2541 713 2747 768; x_wconf 83' lang='lat' dir='ltr'><strong>sancto,</strong></span> <span class='ocrx_word' id='word_1_94' title='bbox 2779 721 2919 760; x_wconf 91' lang='lat' dir='ltr'><strong>nunc</strong></span> <span class='ocrx_word' id='word_1_95' title='bbox 2941 717 2993 762; x_wconf 89' lang='lat' dir='ltr'><strong>ct</strong></span> <span class='ocrx_word' id='word_1_96' title='bbox 3017 724 3233 780; x_wconf 88' lang='lat' dir='ltr'><strong>semper</strong></span> <span class='ocrx_word' id='word_1_97' title='bbox 3257 752 3270 774; x_wconf 94' lang='lat'><strong>,</strong></span> <span class='ocrx_word' id='word_1_98' title='bbox 3297 719 3350 765; x_wconf 86' lang='lat' dir='ltr'><strong>et</strong></span> <span class='ocrx_word' id='word_1_99' title='bbox 3372 712 3423 765; x_wconf 93' lang='lat' dir='ltr'><strong>in</strong></span> <span class='ocrx_word' id='word_1_100' title='bbox 3443 714 3637 766; x_wconf 76' lang='lat' dir='ltr'><strong>szecnla</strong></span> 
     </span>
    </p>
   </div>
   <div class='ocr_carea' id='block_1_15' title="bbox 2043 790 2618 849">
    <p class='ocr_par' dir='ltr' id='par_1_15' title="bbox 2043 790 2618 849">
     <span class='ocr_line' id='line_1_15' title="bbox 2043 790 2618 849; baseline 0.009 -5"><span class='ocrx_word' id='word_1_101' title='bbox 2043 790 2389 847; x_wconf 69' lang='lat' dir='ltr'><strong>szeeulorum.</strong></span> <span class='ocrx_word' id='word_1_102' title='bbox 2424 795 2618 849; x_wconf 90' lang='lat' dir='ltr'><strong>Amen.</strong></span> 
     </span>
    </p>
   </div>
   <div class='ocr_carea' id='block_1_16' title="bbox 356 929 3626 971">
    <p class='ocr_par' dir='ltr' id='par_1_16' title="bbox 356 929 3626 971">
     <span class='ocr_line' id='line_1_16' title="bbox 356 929 3626 971; baseline -0.007 0"><span class='ocrx_word' id='word_1_103' title='bbox 356 929 3626 971; x_wconf 44' lang='lat' dir='ltr'><strong>MM</strong></span> 
     </span>
    </p>
   </div>
   <div class='ocr_carea' id='block_1_17' title="bbox 1664 1001 2322 1066">
    <p class='ocr_par' dir='ltr' id='par_1_17' title="bbox 1664 1001 2322 1066">
     <span class='ocr_line' id='line_1_17' title="bbox 1664 1001 2322 1066; baseline -0.002 0"><span class='ocrx_word' id='word_1_104' title='bbox 1664 1002 2008 1066; x_wconf 83' lang='lat' dir='ltr'><strong>HOMILIA</strong></span> <span class='ocrx_word' id='word_1_105' title='bbox 2058 1001 2322 1065; x_wconf 82' lang='lat' dir='ltr'><strong>XXVII.</strong></span> 
     </span>
    </p>
   </div>
   <div class='ocr_carea' id='block_1_18' title="bbox 362 1143 1941 1221">
    <p class='ocr_par' dir='ltr' id='par_1_18' title="bbox 362 1143 1941 1221">
     <span class='ocr_line' id='line_1_18' title="bbox 362 1143 1941 1221; baseline -0.016 0"><span class='ocrx_word' id='word_1_106' title='bbox 362 1165 447 1221; x_wconf 69' lang='grc' dir='ltr'><strong>η.</strong></span> <span class='ocrx_word' id='word_1_107' title='bbox 476 1163 534 1219; x_wconf 88' lang='lat' dir='ltr'><strong>Si</strong></span> <span class='ocrx_word' id='word_1_108' title='bbox 559 1173 756 1217; x_wconf 85' lang='lat' dir='ltr'><strong>terrena</strong></span> <span class='ocrx_word' id='word_1_109' title='bbox 779 1157 885 1211; x_wconf 71' lang='lat' dir='ltr'><strong>dixi</strong></span> <span class='ocrx_word' id='word_1_110' title='bbox 922 1155 1058 1209; x_wconf 81' lang='lat' dir='ltr'><strong>vobis</strong></span> <span class='ocrx_word' id='word_1_111' title='bbox 1083 1196 1096 1219; x_wconf 94' lang='lat'><strong>,</strong></span> <span class='ocrx_word' id='word_1_112' title='bbox 1132 1163 1177 1206; x_wconf 87' lang='lat' dir='ltr'><strong>et</strong></span> <span class='ocrx_word' id='word_1_113' title='bbox 1208 1168 1306 1206; x_wconf 85' lang='lat' dir='ltr'><strong>non</strong></span> <span class='ocrx_word' id='word_1_114' title='bbox 1337 1151 1558 1217; x_wconf 78' lang='lat' dir='ltr'><strong>creditis,</strong></span> <span class='ocrx_word' id='word_1_115' title='bbox 1590 1149 1865 1221; x_wconf 78' lang='lat' dir='ltr'><strong>quomodo,</strong></span> <span class='ocrx_word' id='word_1_116' title='bbox 1899 1143 1941 1196; x_wconf 77' lang='lat' dir='ltr'><strong>si</strong></span> 
     </span>
    </p>
   </div>
   <div class='ocr_carea' id='block_1_19' title="bbox 429 1238 1940 1311">
    <p class='ocr_par' dir='ltr' id='par_1_19' title="bbox 429 1238 1940 1311">
     <span class='ocr_line' id='line_1_19' title="bbox 429 1238 1940 1311; baseline -0.012 -2"><span class='ocrx_word' id='word_1_117' title='bbox 429 1257 602 1309; x_wconf 79' lang='lat' dir='ltr'><strong>dixero</strong></span> <span class='ocrx_word' id='word_1_118' title='bbox 628 1252 764 1307; x_wconf 76' lang='lat' dir='ltr'><strong>vobis</strong></span> <span class='ocrx_word' id='word_1_119' title='bbox 806 1246 1025 1302; x_wconf 70' lang='lat' dir='ltr'><strong>cxlestia</strong></span> <span class='ocrx_word' id='word_1_120' title='bbox 1046 1284 1061 1311; x_wconf 91' lang='lat'><strong>,</strong></span> <span class='ocrx_word' id='word_1_121' title='bbox 1097 1243 1346 1298; x_wconf 78' lang='lat' dir='ltr'><strong>credetis?</strong></span> <span class='ocrx_word' id='word_1_122' title='bbox 1390 1243 1476 1298; x_wconf 72' lang='lat'><strong>1‘5.</strong></span> <span class='ocrx_word' id='word_1_123' title='bbox 1524 1238 1690 1294; x_wconf 84' lang='lat' dir='ltr'><strong>Nemo</strong></span> <span class='ocrx_word' id='word_1_124' title='bbox 1716 1238 1940 1294; x_wconf 79' lang='lat' dir='ltr'><strong>ascendit</strong></span> 
     </span>
    </p>
   </div>
   <div class='ocr_carea' id='block_1_20' title="bbox 432 1328 1937 1408">
    <p class='ocr_par' dir='ltr' id='par_1_20' title="bbox 432 1328 1937 1408">
     <span class='ocr_line' id='line_1_20' title="bbox 432 1328 1937 1408; baseline -0.013 -8"><span class='ocrx_word' id='word_1_125' title='bbox 432 1346 483 1400; x_wconf 88' lang='lat' dir='ltr'><strong>in</strong></span> <span class='ocrx_word' id='word_1_126' title='bbox 512 1344 711 1405; x_wconf 73' lang='lat' dir='ltr'><strong>cwlum,</strong></span> <span class='ocrx_word' id='word_1_127' title='bbox 734 1338 833 1394; x_wconf 84' lang='lat' dir='ltr'><strong>nisi</strong></span> <span class='ocrx_word' id='word_1_128' title='bbox 858 1337 946 1408; x_wconf 85' lang='lat' dir='ltr'><strong>qui</strong></span> <span class='ocrx_word' id='word_1_129' title='bbox 971 1335 1033 1390; x_wconf 89' lang='lat' dir='ltr'><strong>de</strong></span> <span class='ocrx_word' id='word_1_130' title='bbox 1055 1334 1180 1390; x_wconf 74' lang='lat' dir='ltr'><strong>catlo</strong></span> <span class='ocrx_word' id='word_1_131' title='bbox 1201 1333 1479 1399; x_wconf 78' lang='lat' dir='ltr'><strong>descendit,</strong></span> <span class='ocrx_word' id='word_1_132' title='bbox 1508 1330 1674 1386; x_wconf 85' lang='lat' dir='ltr'><strong>Filius</strong></span> <span class='ocrx_word' id='word_1_133' title='bbox 1700 1328 1937 1393; x_wconf 80' lang='lat' dir='ltr'><strong>hominis,</strong></span> 
     </span>
    </p>
   </div>
   <div class='ocr_carea' id='block_1_21' title="bbox 431 1432 844 1508">
    <p class='ocr_par' dir='ltr' id='par_1_21' title="bbox 431 1432 844 1508">
     <span class='ocr_line' id='line_1_21' title="bbox 431 1432 844 1508; baseline -0.019 -16"><span class='ocrx_word' id='word_1_134' title='bbox 431 1437 515 1508; x_wconf 85' lang='lat' dir='ltr'><strong>qui</strong></span> <span class='ocrx_word' id='word_1_135' title='bbox 535 1445 604 1490; x_wconf 82' lang='lat' dir='ltr'><strong>est</strong></span> <span class='ocrx_word' id='word_1_136' title='bbox 623 1436 675 1489; x_wconf 87' lang='lat' dir='ltr'><strong>in</strong></span> <span class='ocrx_word' id='word_1_137' title='bbox 703 1432 844 1485; x_wconf 81' lang='lat' dir='ltr'><strong>ca&#39;lo.</strong></span> 
     </span>
    </p>
   </div>
   <div class='ocr_carea' id='block_1_22' title="bbox 435 1514 1939 1587">
    <p class='ocr_par' dir='ltr' id='par_1_22' title="bbox 435 1514 1939 1587">
     <span class='ocr_line' id='line_1_22' title="bbox 435 1514 1939 1587; baseline -0.015 0"><span class='ocrx_word' id='word_1_138' title='bbox 435 1534 484 1587; x_wconf 77' lang='lat' dir='ltr'><strong>i.</strong></span> <span class='ocrx_word' id='word_1_139' title='bbox 513 1531 742 1586; x_wconf 79' lang='lat' dir='ltr'><strong>Christus</strong></span> <span class='ocrx_word' id='word_1_140' title='bbox 781 1531 1072 1585; x_wconf 87' lang='lat' dir='ltr'><strong>auditorum</strong></span> <span class='ocrx_word' id='word_1_141' title='bbox 1102 1522 1434 1581; x_wconf 82' lang='lat' dir='ltr'><strong>imbecillitati</strong></span> <span class='ocrx_word' id='word_1_142' title='bbox 1476 1537 1529 1575; x_wconf 91' lang='lat' dir='ltr'><strong>se</strong></span> <span class='ocrx_word' id='word_1_143' title='bbox 1556 1514 1939 1586; x_wconf 83' lang='lat' dir='ltr'><strong>attemperabut,</strong></span> 
     </span>
    </p>
   </div>
   <div class='ocr_carea' id='block_1_23' title="bbox 363 1607 1949 1695">
    <p class='ocr_par' dir='ltr' id='par_1_23' title="bbox 363 1607 1949 1695">
     <span class='ocr_line' id='line_1_23' title="bbox 363 1607 1949 1695; baseline -0.014 -16"><span class='ocrx_word' id='word_1_144' title='bbox 363 1624 615 1695; x_wconf 88' lang='lat' dir='ltr'><strong>quomodo</strong></span> <span class='ocrx_word' id='word_1_145' title='bbox 637 1633 685 1678; x_wconf 90' lang='lat' dir='ltr'><strong>et</strong></span> <span class='ocrx_word' id='word_1_146' title='bbox 714 1639 815 1695; x_wconf 87' lang='lat' dir='ltr'><strong>qua</strong></span> <span class='ocrx_word' id='word_1_147' title='bbox 842 1630 1023 1677; x_wconf 80' lang='lat' dir='ltr'><strong>mente.</strong></span> <span class='ocrx_word' id='word_1_148' title='bbox 1054 1617 1312 1691; x_wconf 86' lang='lat' dir='ltr'><strong>Unigeniti</strong></span> <span class='ocrx_word' id='word_1_149' title='bbox 1339 1612 1594 1687; x_wconf 83' lang='lat' dir='ltr'><strong>generatio</strong></span> <span class='ocrx_word' id='word_1_150' title='bbox 1623 1625 1723 1664; x_wconf 90' lang='lat' dir='ltr'><strong>non</strong></span> <span class='ocrx_word' id='word_1_151' title='bbox 1750 1607 1949 1661; x_wconf 87' lang='lat' dir='ltr'><strong>ratione</strong></span> 
     </span>
    </p>
   </div>
   <div class='ocr_carea' id='block_1_24' title="bbox 363 1701 1948 1785">
    <p class='ocr_par' dir='ltr' id='par_1_24' title="bbox 363 1701 1948 1785">
     <span class='ocr_line' id='line_1_24' title="bbox 363 1701 1948 1785; baseline -0.011 -17"><span class='ocrx_word' id='word_1_152' title='bbox 363 1713 681 1785; x_wconf 82' lang='lat' dir='ltr'><strong>inquirenda.</strong></span> <span class='ocrx_word' id='word_1_153' title='bbox 720 1712 903 1768; x_wconf 83' lang='lat' dir='ltr'><strong>Versus</strong></span> <span class='ocrx_word' id='word_1_154' title='bbox 951 1728 1081 1782; x_wconf 90' lang='lat' dir='ltr'><strong>quos</strong></span> <span class='ocrx_word' id='word_1_155' title='bbox 1109 1709 1326 1780; x_wconf 75' lang='lat' dir='ltr'><strong>explicat</strong></span> <span class='ocrx_word' id='word_1_156' title='bbox 1368 1708 1497 1761; x_wconf 83' lang='lat' dir='ltr'><strong>inter</strong></span> <span class='ocrx_word' id='word_1_157' title='bbox 1524 1719 1577 1758; x_wconf 90' lang='lat' dir='ltr'><strong>se</strong></span> <span class='ocrx_word' id='word_1_158' title='bbox 1619 1701 1870 1756; x_wconf 76' lang='lat' dir='ltr'><strong>cohterere</strong></span> <span class='ocrx_word' id='word_1_159' title='bbox 1900 1706 1948 1751; x_wconf 89' lang='lat' dir='ltr'><strong>et</strong></span> 
     </span>
    </p>
   </div>
   <div class='ocr_carea' id='block_1_25' title="bbox 364 1791 1947 1875">
    <p class='ocr_par' dir='ltr' id='par_1_25' title="bbox 364 1791 1947 1875">
     <span class='ocr_line' id='line_1_25' title="bbox 364 1791 1947 1875; baseline -0.009 -15"><span class='ocrx_word' id='word_1_160' title='bbox 364 1806 612 1875; x_wconf 84' lang='lat' dir='ltr'><strong>quadrare</strong></span> <span class='ocrx_word' id='word_1_161' title='bbox 663 1805 971 1860; x_wconf 84' lang='lat' dir='ltr'><strong>demonstrat</strong></span> <span class='ocrx_word' id='word_1_162' title='bbox 1015 1801 1422 1874; x_wconf 81' lang='lat' dir='ltr'><strong>Chrysostomus.</strong></span> <span class='ocrx_word' id='word_1_163' title='bbox 1480 1824 1548 1835; x_wconf 91' lang='lat'><strong>-—</strong></span> <span class='ocrx_word' id='word_1_164' title='bbox 1603 1791 1755 1860; x_wconf 83' lang='lat' dir='ltr'><strong>Quod</strong></span> <span class='ocrx_word' id='word_1_165' title='bbox 1804 1803 1947 1860; x_wconf 61' lang='lat' dir='ltr'><strong>saepe</strong></span> 
     </span>
    </p>
   </div>
   <div class='ocr_carea' id='block_1_26' title="bbox 365 1881 1942 1963">
    <p class='ocr_par' dir='ltr' id='par_1_26' title="bbox 365 1881 1942 1963">
     <span class='ocr_line' id='line_1_26' title="bbox 365 1881 1942 1963; baseline -0.012 -11"><span class='ocrx_word' id='word_1_166' title='bbox 365 1897 471 1952; x_wconf 84' lang='lat' dir='ltr'><strong>dixi</strong></span> <span class='ocrx_word' id='word_1_167' title='bbox 498 1939 514 1963; x_wconf 88' lang='lat'><strong>,</strong></span> <span class='ocrx_word' id='word_1_168' title='bbox 557 1898 665 1953; x_wconf 91' lang='lat' dir='ltr'><strong>hoc</strong></span> <span class='ocrx_word' id='word_1_169' title='bbox 692 1905 747 1952; x_wconf 88' lang='lat' dir='ltr'><strong>et</strong></span> <span class='ocrx_word' id='word_1_170' title='bbox 777 1910 918 1952; x_wconf 91' lang='lat' dir='ltr'><strong>nunc</strong></span> <span class='ocrx_word' id='word_1_171' title='bbox 941 1894 1138 1960; x_wconf 87' lang='lat' dir='ltr'><strong>dicam,</strong></span> <span class='ocrx_word' id='word_1_172' title='bbox 1178 1906 1277 1947; x_wconf 90' lang='lat' dir='ltr'><strong>nec</strong></span> <span class='ocrx_word' id='word_1_173' title='bbox 1307 1888 1468 1943; x_wconf 91' lang='lat' dir='ltr'><strong>ﬁnem</strong></span> <span class='ocrx_word' id='word_1_174' title='bbox 1499 1882 1708 1941; x_wconf 89' lang='lat' dir='ltr'><strong>dicendi</strong></span> <span class='ocrx_word' id='word_1_175' title='bbox 1733 1881 1942 1936; x_wconf 78' lang='lat' dir='ltr'><strong>faciam.</strong></span> 
     </span>
    </p>
   </div>
   <div class='ocr_carea' id='block_1_27' title="bbox 366 1974 1940 2058">
    <p class='ocr_par' dir='ltr' id='par_1_27' title="bbox 366 1974 1940 2058">
     <span class='ocr_line' id='line_1_27' title="bbox 366 1974 1940 2058; baseline -0.012 -14"><span class='ocrx_word' id='word_1_176' title='bbox 366 1988 499 2057; x_wconf 83' lang='lat' dir='ltr'><strong>Quid</strong></span> <span class='ocrx_word' id='word_1_177' title='bbox 531 1989 633 2045; x_wconf 83' lang='lat' dir='ltr'><strong>hoc</strong></span> <span class='ocrx_word' id='word_1_178' title='bbox 660 1988 785 2043; x_wconf 82' lang='lat' dir='ltr'><strong>est?</strong></span> <span class='ocrx_word' id='word_1_179' title='bbox 822 1986 1167 2058; x_wconf 89' lang='lat' dir='ltr'><strong>Loquuturus</strong></span> <span class='ocrx_word' id='word_1_180' title='bbox 1194 1983 1352 2038; x_wconf 85' lang='lat' dir='ltr'><strong>Jesus</strong></span> <span class='ocrx_word' id='word_1_181' title='bbox 1376 1978 1446 2034; x_wconf 89' lang='lat' dir='ltr'><strong>de</strong></span> <span class='ocrx_word' id='word_1_182' title='bbox 1472 1974 1812 2041; x_wconf 84' lang='lat' dir='ltr'><strong>sublimibus,</strong></span> <span class='ocrx_word' id='word_1_183' title='bbox 1843 1986 1940 2026; x_wconf 89' lang='lat' dir='ltr'><strong>au-</strong></span> 
     </span>
    </p>
   </div>
   <div class='ocr_carea' id='block_1_28' title="bbox 367 2075 1950 2150">
    <p class='ocr_par' dir='ltr' id='par_1_28' title="bbox 367 2075 1950 2150">
     <span class='ocr_line' id='line_1_28' title="bbox 367 2075 1950 2150; baseline -0.008 -15"><span class='ocrx_word' id='word_1_184' title='bbox 367 2080 595 2135; x_wconf 87' lang='lat' dir='ltr'><strong>ditorum</strong></span> <span class='ocrx_word' id='word_1_185' title='bbox 638 2094 782 2150; x_wconf 80' lang='lat' dir='ltr'><strong>saepe</strong></span> <span class='ocrx_word' id='word_1_186' title='bbox 824 2076 1175 2134; x_wconf 85' lang='lat' dir='ltr'><strong>imbecillitati</strong></span> <span class='ocrx_word' id='word_1_187' title='bbox 1221 2089 1341 2130; x_wconf 88' lang='lat' dir='ltr'><strong>sese</strong></span> <span class='ocrx_word' id='word_1_188' title='bbox 1380 2075 1717 2140; x_wconf 87' lang='lat' dir='ltr'><strong>attemperat,</strong></span> <span class='ocrx_word' id='word_1_189' title='bbox 1774 2078 1950 2135; x_wconf 84' lang='lat' dir='ltr'><strong>neque</strong></span> 
     </span>
    </p>
   </div>
   <div class='ocr_carea' id='block_1_29' title="bbox 369 2156 1951 2241">
    <p class='ocr_par' dir='ltr' id='par_1_29' title="bbox 369 2156 1951 2241">
     <span class='ocr_line' id='line_1_29' title="bbox 369 2156 1951 2241; baseline -0.01 -17"><span class='ocrx_word' id='word_1_190' title='bbox 369 2170 731 2241; x_wconf 78' lang='lat' dir='ltr'><strong>magnitudine</strong></span> <span class='ocrx_word' id='word_1_191' title='bbox 759 2184 854 2224; x_wconf 90' lang='lat' dir='ltr'><strong>sua</strong></span> <span class='ocrx_word' id='word_1_192' title='bbox 881 2168 1054 2240; x_wconf 78' lang='lat' dir='ltr'><strong>dignis</strong></span> <span class='ocrx_word' id='word_1_193' title='bbox 1085 2167 1252 2221; x_wconf 88' lang='lat' dir='ltr'><strong>utitur</strong></span> <span class='ocrx_word' id='word_1_194' title='bbox 1279 2162 1462 2219; x_wconf 84' lang='lat' dir='ltr'><strong>verbis</strong></span> <span class='ocrx_word' id='word_1_195' title='bbox 1497 2202 1511 2225; x_wconf 94' lang='lat'><strong>,</strong></span> <span class='ocrx_word' id='word_1_196' title='bbox 1541 2158 1636 2214; x_wconf 91' lang='lat' dir='ltr'><strong>sed</strong></span> <span class='ocrx_word' id='word_1_197' title='bbox 1666 2156 1951 2213; x_wconf 78' lang='lat' dir='ltr'><strong>demissio-</strong></span> 
     </span>
    </p>
   </div>
   <div class='ocr_carea' id='block_1_30' title="bbox 370 2246 1952 2327">
    <p class='ocr_par' dir='ltr' id='par_1_30' title="bbox 370 2246 1952 2327">
     <span class='ocr_line' id='line_1_30' title="bbox 370 2246 1952 2327; baseline -0.009 -14"><span class='ocrx_word' id='word_1_198' title='bbox 370 2260 534 2315; x_wconf 88' lang='lat' dir='ltr'><strong>ribus.</strong></span> <span class='ocrx_word' id='word_1_199' title='bbox 570 2259 703 2314; x_wconf 85' lang='lat' dir='ltr'><strong>Nam</strong></span> <span class='ocrx_word' id='word_1_200' title='bbox 750 2260 976 2314; x_wconf 87' lang='lat' dir='ltr'><strong>sublime</strong></span> <span class='ocrx_word' id='word_1_201' title='bbox 1015 2268 1373 2327; x_wconf 88' lang='lat' dir='ltr'><strong>magnumque</strong></span> <span class='ocrx_word' id='word_1_202' title='bbox 1396 2253 1595 2307; x_wconf 90' lang='lat' dir='ltr'><strong>dictum</strong></span> <span class='ocrx_word' id='word_1_203' title='bbox 1635 2246 1799 2303; x_wconf 90' lang='lat' dir='ltr'><strong>semel</strong></span> <span class='ocrx_word' id='word_1_204' title='bbox 1835 2259 1952 2315; x_wconf 81' lang='lat' dir='ltr'><strong>pro-</strong></span> 
     </span>
    </p>
   </div>
   <div class='ocr_carea' id='block_1_31' title="bbox 372 2342 1949 2419">
    <p class='ocr_par' dir='ltr' id='par_1_31' title="bbox 372 2342 1949 2419">
     <span class='ocr_line' id='line_1_31' title="bbox 372 2342 1949 2419; baseline -0.011 -13"><span class='ocrx_word' id='word_1_205' title='bbox 372 2351 557 2415; x_wconf 83' lang='lat' dir='ltr'><strong>latum,</strong></span> <span class='ocrx_word' id='word_1_206' title='bbox 602 2350 745 2405; x_wconf 82' lang='lat' dir='ltr'><strong>illam</strong></span> <span class='ocrx_word' id='word_1_207' title='bbox 798 2358 975 2419; x_wconf 87' lang='lat' dir='ltr'><strong>posset</strong></span> <span class='ocrx_word' id='word_1_208' title='bbox 1004 2348 1315 2419; x_wconf 90' lang='lat' dir='ltr'><strong>dignitatem</strong></span> <span class='ocrx_word' id='word_1_209' title='bbox 1349 2342 1647 2406; x_wconf 84' lang='lat' dir='ltr'><strong>declarare,</strong></span> <span class='ocrx_word' id='word_1_210' title='bbox 1693 2346 1949 2409; x_wconf 87' lang='lat' dir='ltr'><strong>quantum</strong></span> 
     </span>
    </p>
   </div>
   <div class='ocr_carea' id='block_1_32' title="bbox 371 2431 1953 2508">
    <p class='ocr_par' dir='ltr' id='par_1_32' title="bbox 371 2431 1953 2508">
     <span class='ocr_line' id='line_1_32' title="bbox 371 2431 1953 2508; baseline -0.008 -15"><span class='ocrx_word' id='word_1_211' title='bbox 371 2441 573 2494; x_wconf 86' lang='lat' dir='ltr'><strong>scilicet</strong></span> <span class='ocrx_word' id='word_1_212' title='bbox 597 2439 780 2494; x_wconf 89' lang='lat' dir='ltr'><strong>audire</strong></span> <span class='ocrx_word' id='word_1_213' title='bbox 821 2454 917 2493; x_wconf 93' lang='lat' dir='ltr'><strong>nos</strong></span> <span class='ocrx_word' id='word_1_214' title='bbox 949 2450 1231 2508; x_wconf 88' lang='lat' dir='ltr'><strong>possumus</strong></span> <span class='ocrx_word' id='word_1_215' title='bbox 1274 2452 1289 2489; x_wconf 90' lang='lat'>:</span> <span class='ocrx_word' id='word_1_216' title='bbox 1320 2431 1605 2488; x_wconf 84' lang='lat' dir='ltr'><strong>humiliora</strong></span> <span class='ocrx_word' id='word_1_217' title='bbox 1637 2441 1765 2483; x_wconf 88' lang='lat' dir='ltr'><strong>vero</strong></span> <span class='ocrx_word' id='word_1_218' title='bbox 1788 2468 1803 2494; x_wconf 92' lang='lat'><strong>,</strong></span> <span class='ocrx_word' id='word_1_219' title='bbox 1833 2440 1953 2497; x_wconf 75' lang='lat' dir='ltr'><strong>qua:</strong></span> 
     </span>
    </p>
   </div>
   <div class='ocr_carea' id='block_1_33' title="bbox 373 2521 1952 2601">
    <p class='ocr_par' dir='ltr' id='par_1_33' title="bbox 373 2521 1952 2601">
     <span class='ocr_line' id='line_1_33' title="bbox 373 2521 1952 2601; baseline -0.009 -15"><span class='ocrx_word' id='word_1_220' title='bbox 373 2532 666 2589; x_wconf 90' lang='lat' dir='ltr'><strong>auditorum</strong></span> <span class='ocrx_word' id='word_1_221' title='bbox 694 2540 928 2588; x_wconf 88' lang='lat' dir='ltr'><strong>mentem</strong></span> <span class='ocrx_word' id='word_1_222' title='bbox 951 2531 1214 2601; x_wconf 84' lang='lat' dir='ltr'><strong>attingere</strong></span> <span class='ocrx_word' id='word_1_223' title='bbox 1238 2534 1484 2599; x_wconf 88' lang='lat' dir='ltr'><strong>possunt,</strong></span> <span class='ocrx_word' id='word_1_224' title='bbox 1517 2522 1621 2577; x_wconf 90' lang='lat' dir='ltr'><strong>nisi</strong></span> <span class='ocrx_word' id='word_1_225' title='bbox 1642 2521 1952 2590; x_wconf 82' lang='lat' dir='ltr'><strong>frequenter</strong></span> 
     </span>
    </p>
   </div>
   <div class='ocr_carea' id='block_1_34' title="bbox 373 2615 1951 2690">
    <p class='ocr_par' dir='ltr' id='par_1_34' title="bbox 373 2615 1951 2690">
     <span class='ocr_line' id='line_1_34' title="bbox 373 2615 1951 2690; baseline -0.009 -13"><span class='ocrx_word' id='word_1_226' title='bbox 373 2622 689 2690; x_wconf 82' lang='lat' dir='ltr'><strong>dicerentur,</strong></span> <span class='ocrx_word' id='word_1_227' title='bbox 722 2623 967 2678; x_wconf 85' lang='lat' dir='ltr'><strong>sublimia</strong></span> <span class='ocrx_word' id='word_1_228' title='bbox 1022 2636 1144 2677; x_wconf 89' lang='lat' dir='ltr'><strong>cum</strong></span> <span class='ocrx_word' id='word_1_229' title='bbox 1197 2625 1419 2684; x_wconf 89' lang='lat' dir='ltr'><strong>essent,</strong></span> <span class='ocrx_word' id='word_1_230' title='bbox 1474 2615 1622 2670; x_wconf 90' lang='lat' dir='ltr'><strong>humi</strong></span> <span class='ocrx_word' id='word_1_231' title='bbox 1676 2619 1951 2682; x_wconf 88' lang='lat' dir='ltr'><strong>repentem</strong></span> 
     </span>
    </p>
   </div>
   <div class='ocr_carea' id='block_1_35' title="bbox 375 2700 1954 2785">
    <p class='ocr_par' dir='ltr' id='par_1_35' title="bbox 375 2700 1954 2785">
     <span class='ocr_line' id='line_1_35' title="bbox 375 2700 1954 2785; baseline -0.009 -17"><span class='ocrx_word' id='word_1_232' title='bbox 375 2715 665 2771; x_wconf 88' lang='lat' dir='ltr'><strong>auditorem</strong></span> <span class='ocrx_word' id='word_1_233' title='bbox 688 2730 794 2770; x_wconf 90' lang='lat' dir='ltr'><strong>non</strong></span> <span class='ocrx_word' id='word_1_234' title='bbox 831 2713 1148 2785; x_wconf 87' lang='lat' dir='ltr'><strong>attigissent.</strong></span> <span class='ocrx_word' id='word_1_235' title='bbox 1174 2710 1302 2766; x_wconf 82' lang='lat' dir='ltr'><strong>ideo</strong></span> <span class='ocrx_word' id='word_1_236' title='bbox 1344 2710 1500 2779; x_wconf 85' lang='lat' dir='ltr'><strong>longe</strong></span> <span class='ocrx_word' id='word_1_237' title='bbox 1545 2705 1696 2776; x_wconf 89' lang='lat' dir='ltr'><strong>plura</strong></span> <span class='ocrx_word' id='word_1_238' title='bbox 1736 2700 1954 2756; x_wconf 88' lang='lat' dir='ltr'><strong>humilia</strong></span> 
     </span>
    </p>
   </div>
   <div class='ocr_carea' id='block_1_36' title="bbox 377 2793 1953 2878">
    <p class='ocr_par' dir='ltr' id='par_1_36' title="bbox 377 2793 1953 2878">
     <span class='ocr_line' id='line_1_36' title="bbox 377 2793 1953 2878; baseline -0.01 -16"><span class='ocrx_word' id='word_1_239' title='bbox 377 2808 525 2875; x_wconf 79' lang='lat' dir='ltr'><strong>dixit,</strong></span> <span class='ocrx_word' id='word_1_240' title='bbox 556 2822 712 2878; x_wconf 88' lang='lat' dir='ltr'><strong>quam</strong></span> <span class='ocrx_word' id='word_1_241' title='bbox 740 2807 1006 2863; x_wconf 88' lang='lat' dir='ltr'><strong>sublimia.</strong></span> <span class='ocrx_word' id='word_1_242' title='bbox 1035 2804 1140 2862; x_wconf 90' lang='lat' dir='ltr'><strong>Sed</strong></span> <span class='ocrx_word' id='word_1_243' title='bbox 1169 2818 1236 2860; x_wconf 91' lang='lat' dir='ltr'><strong>ne</strong></span> <span class='ocrx_word' id='word_1_244' title='bbox 1264 2802 1365 2857; x_wconf 90' lang='lat' dir='ltr'><strong>hoc</strong></span> <span class='ocrx_word' id='word_1_245' title='bbox 1390 2798 1532 2856; x_wconf 89' lang='lat' dir='ltr'><strong>aliud</strong></span> <span class='ocrx_word' id='word_1_246' title='bbox 1561 2798 1812 2853; x_wconf 86' lang='lat' dir='ltr'><strong>damnum</strong></span> <span class='ocrx_word' id='word_1_247' title='bbox 1850 2793 1953 2848; x_wconf 90' lang='lat' dir='ltr'><strong>im-</strong></span> 
     </span>
    </p>
   </div>
   <div class='ocr_carea' id='block_1_37' title="bbox 379 2882 1954 2967">
    <p class='ocr_par' dir='ltr' id='par_1_37' title="bbox 379 2882 1954 2967">
     <span class='ocr_line' id='line_1_37' title="bbox 379 2882 1954 2967; baseline -0.012 -13"><span class='ocrx_word' id='word_1_248' title='bbox 379 2906 639 2967; x_wconf 79' lang='lat' dir='ltr'><strong>portaret,</strong></span> <span class='ocrx_word' id='word_1_249' title='bbox 673 2906 724 2952; x_wconf 88' lang='lat' dir='ltr'><strong>et</strong></span> <span class='ocrx_word' id='word_1_250' title='bbox 752 2898 895 2951; x_wconf 88' lang='lat' dir='ltr'><strong>hutni</strong></span> <span class='ocrx_word' id='word_1_251' title='bbox 934 2895 1254 2965; x_wconf 89' lang='lat' dir='ltr'><strong>discipulum</strong></span> <span class='ocrx_word' id='word_1_252' title='bbox 1287 2891 1559 2952; x_wconf 90' lang='lat' dir='ltr'><strong>retineret,</strong></span> <span class='ocrx_word' id='word_1_253' title='bbox 1593 2884 1842 2941; x_wconf 80' lang='lat' dir='ltr'><strong>inferiora</strong></span> <span class='ocrx_word' id='word_1_254' title='bbox 1869 2882 1954 2936; x_wconf 89' lang='lat' dir='ltr'><strong>illa</strong></span> 
     </span>
    </p>
   </div>
   <div class='ocr_carea' id='block_1_38' title="bbox 378 2974 1958 3051">
    <p class='ocr_par' dir='ltr' id='par_1_38' title="bbox 378 2974 1958 3051">
     <span class='ocr_line' id='line_1_38' title="bbox 378 2974 1958 3051; baseline -0.008 -11"><span class='ocrx_word' id='word_1_255' title='bbox 378 3003 477 3042; x_wconf 90' lang='lat' dir='ltr'><strong>non</strong></span> <span class='ocrx_word' id='word_1_256' title='bbox 512 2987 639 3042; x_wconf 90' lang='lat' dir='ltr'><strong>dicit</strong></span> <span class='ocrx_word' id='word_1_257' title='bbox 670 3028 684 3051; x_wconf 93' lang='lat'><strong>,</strong></span> <span class='ocrx_word' id='word_1_258' title='bbox 713 2987 815 3040; x_wconf 88' lang='lat' dir='ltr'><strong>nisi</strong></span> <span class='ocrx_word' id='word_1_259' title='bbox 842 3001 1055 3041; x_wconf 89' lang='lat' dir='ltr'><strong>causam</strong></span> <span class='ocrx_word' id='word_1_260' title='bbox 1084 2985 1169 3039; x_wconf 87' lang='lat' dir='ltr'><strong>illa</strong></span> <span class='ocrx_word' id='word_1_261' title='bbox 1197 2981 1409 3038; x_wconf 88' lang='lat' dir='ltr'><strong>dicendi</strong></span> <span class='ocrx_word' id='word_1_262' title='bbox 1460 2974 1839 3047; x_wconf 80' lang='lat' dir='ltr'><strong>afferatzquod</strong></span> <span class='ocrx_word' id='word_1_263' title='bbox 1870 2974 1958 3028; x_wconf 88' lang='lat' dir='ltr'><strong>hic</strong></span> 
     </span>
    </p>
   </div>
   <div class='ocr_carea' id='block_1_39' title="bbox 376 3068 1959 3138">
    <p class='ocr_par' dir='ltr' id='par_1_39' title="bbox 376 3068 1959 3138">
     <span class='ocr_line' id='line_1_39' title="bbox 376 3068 1959 3138; baseline -0.01 -5"><span class='ocrx_word' id='word_1_264' title='bbox 376 3079 531 3134; x_wconf 89' lang='lat' dir='ltr'><strong>etiam</strong></span> <span class='ocrx_word' id='word_1_265' title='bbox 589 3078 741 3134; x_wconf 79' lang='lat' dir='ltr'><strong>fecit.</strong></span> <span class='ocrx_word' id='word_1_266' title='bbox 784 3077 915 3133; x_wconf 87' lang='lat' dir='ltr'><strong>Cum</strong></span> <span class='ocrx_word' id='word_1_267' title='bbox 944 3076 1085 3131; x_wconf 90' lang='lat' dir='ltr'><strong>enim</strong></span> <span class='ocrx_word' id='word_1_268' title='bbox 1152 3073 1370 3129; x_wconf 79' lang='lat' dir='ltr'><strong>dixisset</strong></span> <span class='ocrx_word' id='word_1_269' title='bbox 1416 3071 1483 3126; x_wconf 92' lang='lat' dir='ltr'><strong>de</strong></span> <span class='ocrx_word' id='word_1_270' title='bbox 1521 3068 1876 3138; x_wconf 84' lang='lat' dir='ltr'><strong>baptismate,</strong></span> <span class='ocrx_word' id='word_1_271' title='bbox 1904 3072 1959 3118; x_wconf 92' lang='lat' dir='ltr'><strong>et</strong></span> 
     </span>
    </p>
   </div>
   <div class='ocr_carea' id='block_1_40' title="bbox 379 3160 1960 3238">
    <p class='ocr_par' dir='ltr' id='par_1_40' title="bbox 379 3160 1960 3238">
     <span class='ocr_line' id='line_1_40' title="bbox 379 3160 1960 3238; baseline -0.008 -15"><span class='ocrx_word' id='word_1_272' title='bbox 379 3169 442 3223; x_wconf 93' lang='lat' dir='ltr'><strong>dc</strong></span> <span class='ocrx_word' id='word_1_273' title='bbox 487 3170 571 3223; x_wconf 89' lang='lat' dir='ltr'><strong>illa</strong></span> <span class='ocrx_word' id='word_1_274' title='bbox 601 3184 721 3238; x_wconf 64' lang='lat' dir='ltr'><strong>quae</strong></span> <span class='ocrx_word' id='word_1_275' title='bbox 773 3168 827 3222; x_wconf 87' lang='lat' dir='ltr'><strong>in</strong></span> <span class='ocrx_word' id='word_1_276' title='bbox 868 3179 1009 3222; x_wconf 90' lang='lat' dir='ltr'><strong>terra</strong></span> <span class='ocrx_word' id='word_1_277' title='bbox 1037 3166 1096 3219; x_wconf 86' lang='lat' dir='ltr'><strong>[it</strong></span> <span class='ocrx_word' id='word_1_278' title='bbox 1129 3163 1424 3221; x_wconf 90' lang='lat' dir='ltr'><strong>secundum</strong></span> <span class='ocrx_word' id='word_1_279' title='bbox 1472 3160 1693 3231; x_wconf 82' lang='lat' dir='ltr'><strong>gratiam</strong></span> <span class='ocrx_word' id='word_1_280' title='bbox 1736 3171 1960 3229; x_wconf 80' lang='lat' dir='ltr'><strong>genera-</strong></span> 
     </span>
    </p>
   </div>
   <div class='ocr_carea' id='block_1_41' title="bbox 380 3254 1956 3328">
    <p class='ocr_par' dir='ltr' id='par_1_41' title="bbox 380 3254 1956 3328">
     <span class='ocr_line' id='line_1_41' title="bbox 380 3254 1956 3328; baseline -0.005 -17"><span class='ocrx_word' id='word_1_281' title='bbox 380 3259 543 3325; x_wconf 83' lang='lat' dir='ltr'><strong>tione,</strong></span> <span class='ocrx_word' id='word_1_282' title='bbox 574 3259 761 3313; x_wconf 84' lang='lat' dir='ltr'><strong>volens</strong></span> <span class='ocrx_word' id='word_1_283' title='bbox 809 3257 877 3314; x_wconf 89' lang='lat' dir='ltr'><strong>de</strong></span> <span class='ocrx_word' id='word_1_284' title='bbox 946 3258 1287 3328; x_wconf 85' lang='lat' dir='ltr'><strong>generatione</strong></span> <span class='ocrx_word' id='word_1_285' title='bbox 1333 3254 1421 3308; x_wconf 90' lang='lat' dir='ltr'><strong>illa</strong></span> <span class='ocrx_word' id='word_1_286' title='bbox 1487 3267 1581 3307; x_wconf 90' lang='lat' dir='ltr'><strong>sua</strong></span> <span class='ocrx_word' id='word_1_287' title='bbox 1642 3264 1836 3305; x_wconf 89' lang='lat' dir='ltr'><strong>arcana</strong></span> <span class='ocrx_word' id='word_1_288' title='bbox 1904 3258 1956 3304; x_wconf 90' lang='lat' dir='ltr'><strong>et</strong></span> 
     </span>
    </p>
   </div>
   <div class='ocr_carea' id='block_1_42' title="bbox 381 3340 1956 3417">
    <p class='ocr_par' dir='ltr' id='par_1_42' title="bbox 381 3340 1956 3417">
     <span class='ocr_line' id='line_1_42' title="bbox 381 3340 1956 3417; baseline -0.006 -14"><span class='ocrx_word' id='word_1_289' title='bbox 381 3348 630 3404; x_wconf 73' lang='lat' dir='ltr'><strong>incllabili</strong></span> <span class='ocrx_word' id='word_1_290' title='bbox 680 3349 845 3417; x_wconf 90' lang='lat' dir='ltr'><strong>loqui,</strong></span> <span class='ocrx_word' id='word_1_291' title='bbox 889 3346 1193 3403; x_wconf 89' lang='lat' dir='ltr'><strong>intermittit</strong></span> <span class='ocrx_word' id='word_1_292' title='bbox 1233 3355 1409 3400; x_wconf 88' lang='lat' dir='ltr'><strong>tamen</strong></span> <span class='ocrx_word' id='word_1_293' title='bbox 1438 3384 1452 3408; x_wconf 87' lang='lat'><strong>,</strong></span> <span class='ocrx_word' id='word_1_294' title='bbox 1492 3351 1546 3398; x_wconf 92' lang='lat' dir='ltr'><strong>et</strong></span> <span class='ocrx_word' id='word_1_295' title='bbox 1573 3356 1677 3413; x_wconf 88' lang='lat' dir='ltr'><strong>qua</strong></span> <span class='ocrx_word' id='word_1_296' title='bbox 1702 3340 1770 3395; x_wconf 90' lang='lat' dir='ltr'><strong>de</strong></span> <span class='ocrx_word' id='word_1_297' title='bbox 1799 3353 1956 3394; x_wconf 88' lang='lat' dir='ltr'><strong>causa</strong></span> 
     </span>
    </p>
   </div>
   <div class='ocr_carea' id='block_1_43' title="bbox 382 3431 1957 3508">
    <p class='ocr_par' dir='ltr' id='par_1_43' title="bbox 382 3431 1957 3508">
     <span class='ocr_line' id='line_1_43' title="bbox 382 3431 1957 3508; baseline -0.006 -16"><span class='ocrx_word' id='word_1_298' title='bbox 382 3440 698 3495; x_wconf 86' lang='lat' dir='ltr'><strong>intermittat</strong></span> <span class='ocrx_word' id='word_1_299' title='bbox 748 3439 862 3508; x_wconf 90' lang='lat' dir='ltr'><strong>ipse</strong></span> <span class='ocrx_word' id='word_1_300' title='bbox 908 3438 1163 3493; x_wconf 87' lang='lat' dir='ltr'><strong>declarat.</strong></span> <span class='ocrx_word' id='word_1_301' title='bbox 1214 3437 1469 3504; x_wconf 76' lang='lat' dir='ltr'><strong>Quaenam</strong></span> <span class='ocrx_word' id='word_1_302' title='bbox 1500 3434 1587 3488; x_wconf 90' lang='lat' dir='ltr'><strong>illa</strong></span> <span class='ocrx_word' id='word_1_303' title='bbox 1625 3447 1783 3487; x_wconf 86' lang='lat' dir='ltr'><strong>causa</strong></span> <span class='ocrx_word' id='word_1_304' title='bbox 1837 3431 1957 3484; x_wconf 81' lang='lat' dir='ltr'><strong>est?</strong></span> 
     </span>
    </p>
   </div>
   <div class='ocr_carea' id='block_1_44' title="bbox 381 3520 1959 3595">
    <p class='ocr_par' dir='ltr' id='par_1_44' title="bbox 381 3520 1959 3595">
     <span class='ocr_line' id='line_1_44' title="bbox 381 3520 1959 3595; baseline -0.008 -10"><span class='ocrx_word' id='word_1_305' title='bbox 381 3530 692 3585; x_wconf 82' lang='lat' dir='ltr'><strong>Auditorum</strong></span> <span class='ocrx_word' id='word_1_306' title='bbox 716 3530 987 3584; x_wconf 90' lang='lat' dir='ltr'><strong>crassitics</strong></span> <span class='ocrx_word' id='word_1_307' title='bbox 1017 3538 1070 3584; x_wconf 90' lang='lat' dir='ltr'><strong>et</strong></span> <span class='ocrx_word' id='word_1_308' title='bbox 1102 3527 1462 3591; x_wconf 89' lang='lat' dir='ltr'><strong>imbecillitas,</strong></span> <span class='ocrx_word' id='word_1_309' title='bbox 1498 3540 1657 3595; x_wconf 88' lang='lat' dir='ltr'><strong>quam</strong></span> <span class='ocrx_word' id='word_1_310' title='bbox 1688 3538 1811 3576; x_wconf 83' lang='lat' dir='ltr'><strong>mox</strong></span> <span class='ocrx_word' id='word_1_311' title='bbox 1842 3520 1959 3574; x_wconf 91' lang='lat' dir='ltr'><strong>sub-</strong></span> 
     </span>
    </p>
   </div>
   <div class='ocr_carea' id='block_1_45' title="bbox 380 3614 1959 3680">
    <p class='ocr_par' dir='ltr' id='par_1_45' title="bbox 380 3614 1959 3680">
     <span class='ocr_line' id='line_1_45' title="bbox 380 3614 1959 3680; baseline -0.008 -6"><span class='ocrx_word' id='word_1_312' title='bbox 380 3621 629 3676; x_wconf 84' lang='lat' dir='ltr'><strong>indieavit</strong></span> <span class='ocrx_word' id='word_1_313' title='bbox 658 3622 741 3675; x_wconf 87' lang='lat' dir='ltr'><strong>his</strong></span> <span class='ocrx_word' id='word_1_314' title='bbox 771 3618 995 3674; x_wconf 65' lang='lat' dir='ltr'><strong>verbis:</strong></span> <span class='ocrx_word' id='word_1_315' title='bbox 1026 3618 1086 3673; x_wconf 87' lang='lat' dir='ltr'><strong>Si</strong></span> <span class='ocrx_word' id='word_1_316' title='bbox 1114 3628 1311 3672; x_wconf 87' lang='lat' dir='ltr'><strong>terrena</strong></span> <span class='ocrx_word' id='word_1_317' title='bbox 1339 3616 1447 3668; x_wconf 88' lang='lat' dir='ltr'><strong>dixi</strong></span> <span class='ocrx_word' id='word_1_318' title='bbox 1468 3614 1625 3680; x_wconf 83' lang='lat' dir='ltr'><strong>vobis,</strong></span> <span class='ocrx_word' id='word_1_319' title='bbox 1660 3622 1705 3666; x_wconf 89' lang='lat' dir='ltr'><strong>et</strong></span> <span class='ocrx_word' id='word_1_320' title='bbox 1731 3627 1832 3664; x_wconf 89' lang='lat' dir='ltr'><strong>non</strong></span> <span class='ocrx_word' id='word_1_321' title='bbox 1853 3626 1959 3663; x_wconf 85' lang='lat' dir='ltr'><strong>cre-</strong></span> 
     </span>
    </p>
   </div>
   <div class='ocr_carea' id='block_1_46' title="bbox 380 3699 1959 3782">
    <p class='ocr_par' dir='ltr' id='par_1_46' title="bbox 380 3699 1959 3782">
     <span class='ocr_line' id='line_1_46' title="bbox 380 3699 1959 3782; baseline -0.008 -17"><span class='ocrx_word' id='word_1_322' title='bbox 380 3713 516 3781; x_wconf 84' lang='lat' dir='ltr'><strong>ditis,</strong></span> <span class='ocrx_word' id='word_1_323' title='bbox 566 3712 835 3782; x_wconf 84' lang='lat' dir='ltr'><strong>quomodo,</strong></span> <span class='ocrx_word' id='word_1_324' title='bbox 896 3710 939 3765; x_wconf 89' lang='lat' dir='ltr'><strong>si</strong></span> <span class='ocrx_word' id='word_1_325' title='bbox 992 3712 1169 3764; x_wconf 89' lang='lat' dir='ltr'><strong>dixero</strong></span> <span class='ocrx_word' id='word_1_326' title='bbox 1220 3708 1356 3762; x_wconf 83' lang='lat' dir='ltr'><strong>vobis</strong></span> <span class='ocrx_word' id='word_1_327' title='bbox 1408 3705 1647 3769; x_wconf 62' lang='lat' dir='ltr'><strong>caelestia,</strong></span> <span class='ocrx_word' id='word_1_328' title='bbox 1708 3699 1959 3757; x_wconf 85' lang='lat' dir='ltr'><strong>credetis?</strong></span> 
     </span>
    </p>
   </div>
   <div class='ocr_carea' id='block_1_47' title="bbox 380 3792 1955 3874">
    <p class='ocr_par' dir='ltr' id='par_1_47' title="bbox 380 3792 1955 3874">
     <span class='ocr_line' id='line_1_47' title="bbox 380 3792 1955 3874; baseline -0.008 -18"><span class='ocrx_word' id='word_1_329' title='bbox 380 3803 557 3874; x_wconf 84' lang='lat' dir='ltr'><strong>Itaque</strong></span> <span class='ocrx_word' id='word_1_330' title='bbox 586 3802 675 3858; x_wconf 88' lang='lat' dir='ltr'><strong>ubi</strong></span> <span class='ocrx_word' id='word_1_331' title='bbox 697 3801 994 3857; x_wconf 92' lang='lat' dir='ltr'><strong>modestum</strong></span> <span class='ocrx_word' id='word_1_332' title='bbox 1022 3799 1149 3871; x_wconf 91' lang='lat' dir='ltr'><strong>quid</strong></span> <span class='ocrx_word' id='word_1_333' title='bbox 1178 3808 1232 3854; x_wconf 93' lang='lat' dir='ltr'><strong>et</strong></span> <span class='ocrx_word' id='word_1_334' title='bbox 1260 3797 1463 3852; x_wconf 89' lang='lat' dir='ltr'><strong>humile</strong></span> <span class='ocrx_word' id='word_1_335' title='bbox 1485 3795 1636 3860; x_wconf 91' lang='lat' dir='ltr'><strong>dicit,</strong></span> <span class='ocrx_word' id='word_1_336' title='bbox 1668 3793 1720 3848; x_wconf 92' lang='lat' dir='ltr'><strong>id</strong></span> <span class='ocrx_word' id='word_1_337' title='bbox 1745 3792 1955 3847; x_wconf 89' lang='lat' dir='ltr'><strong>audito—</strong></span> 
     </span>
    </p>
   </div>
   <div class='ocr_carea' id='block_1_48' title="bbox 381 3887 1958 3951">
    <p class='ocr_par' dir='ltr' id='par_1_48' title="bbox 381 3887 1958 3951">
     <span class='ocr_line' id='line_1_48' title="bbox 381 3887 1958 3951; baseline -0.009 -1"><span class='ocrx_word' id='word_1_338' title='bbox 381 3912 496 3950; x_wconf 90' lang='lat' dir='ltr'><strong>rum</strong></span> <span class='ocrx_word' id='word_1_339' title='bbox 527 3895 875 3951; x_wconf 89' lang='lat' dir='ltr'><strong>imbecillitati</strong></span> <span class='ocrx_word' id='word_1_340' title='bbox 904 3892 1316 3949; x_wconf 89' lang='lat' dir='ltr'><strong>adscribendum</strong></span> <span class='ocrx_word' id='word_1_341' title='bbox 1345 3897 1449 3944; x_wconf 86' lang='lat' dir='ltr'><strong>est.</strong></span> <span class='ocrx_word' id='word_1_342' title='bbox 1495 3887 1794 3942; x_wconf 88' lang='lat' dir='ltr'><strong>Terrestria</strong></span> <span class='ocrx_word' id='word_1_343' title='bbox 1828 3898 1958 3937; x_wconf 87' lang='lat' dir='ltr'><strong>vero</strong></span> 
     </span>
    </p>
   </div>
   <div class='ocr_carea' id='block_1_49' title="bbox 382 3979 1955 4059">
    <p class='ocr_par' dir='ltr' id='par_1_49' title="bbox 382 3979 1955 4059">
     <span class='ocr_line' id='line_1_49' title="bbox 382 3979 1955 4059; baseline -0.006 -18"><span class='ocrx_word' id='word_1_344' title='bbox 382 3986 466 4042; x_wconf 87' lang='lat' dir='ltr'><strong>hic</strong></span> <span class='ocrx_word' id='word_1_345' title='bbox 491 3989 707 4059; x_wconf 89' lang='lat' dir='ltr'><strong>quidam</strong></span> <span class='ocrx_word' id='word_1_346' title='bbox 738 3996 923 4058; x_wconf 89' lang='lat' dir='ltr'><strong>putant</strong></span> <span class='ocrx_word' id='word_1_347' title='bbox 946 3995 1163 4040; x_wconf 91' lang='lat' dir='ltr'><strong>ventum</strong></span> <span class='ocrx_word' id='word_1_348' title='bbox 1201 3982 1526 4054; x_wconf 88' lang='lat' dir='ltr'><strong>signiﬁcare,</strong></span> <span class='ocrx_word' id='word_1_349' title='bbox 1554 3994 1616 4034; x_wconf 90' lang='lat' dir='ltr'><strong>ac</strong></span> <span class='ocrx_word' id='word_1_350' title='bbox 1639 3980 1683 4035; x_wconf 88' lang='lat' dir='ltr'><strong>si</strong></span> <span class='ocrx_word' id='word_1_351' title='bbox 1720 3979 1955 4033; x_wconf 87' lang='lat' dir='ltr'><strong>diceret:</strong></span> 
     </span>
    </p>
   </div>
   <div class='ocr_carea' id='block_1_50' title="bbox 380 4071 1958 4151">
    <p class='ocr_par' dir='ltr' id='par_1_50' title="bbox 380 4071 1958 4151">
     <span class='ocr_line' id='line_1_50' title="bbox 380 4071 1958 4151; baseline -0.007 -16"><span class='ocrx_word' id='word_1_352' title='bbox 380 4078 438 4135; x_wconf 85' lang='lat' dir='ltr'><strong>Si</strong></span> <span class='ocrx_word' id='word_1_353' title='bbox 466 4081 768 4151; x_wconf 82' lang='lat' dir='ltr'><strong>exemplum</strong></span> <span class='ocrx_word' id='word_1_354' title='bbox 796 4096 860 4134; x_wconf 79' lang='lat' dir='ltr'><strong>ex</strong></span> <span class='ocrx_word' id='word_1_355' title='bbox 907 4078 1131 4133; x_wconf 90' lang='lat' dir='ltr'><strong>terrenis</strong></span> <span class='ocrx_word' id='word_1_356' title='bbox 1157 4076 1276 4131; x_wconf 86' lang='lat' dir='ltr'><strong>dedi</strong></span> <span class='ocrx_word' id='word_1_357' title='bbox 1300 4116 1313 4140; x_wconf 92' lang='lat'><strong>,</strong></span> <span class='ocrx_word' id='word_1_358' title='bbox 1344 4088 1445 4129; x_wconf 91' lang='lat' dir='ltr'><strong>nec</strong></span> <span class='ocrx_word' id='word_1_359' title='bbox 1473 4082 1651 4127; x_wconf 88' lang='lat' dir='ltr'><strong>tamen</strong></span> <span class='ocrx_word' id='word_1_360' title='bbox 1680 4071 1958 4140; x_wconf 83' lang='lat' dir='ltr'><strong>obtempe-</strong></span> 
     </span>
    </p>
   </div>
   <div class='ocr_carea' id='block_1_51' title="bbox 382 4159 1959 4240">
    <p class='ocr_par' dir='ltr' id='par_1_51' title="bbox 382 4159 1959 4240">
     <span class='ocr_line' id='line_1_51' title="bbox 382 4159 1959 4240; baseline -0.008 -15"><span class='ocrx_word' id='word_1_361' title='bbox 382 4174 574 4237; x_wconf 89' lang='lat' dir='ltr'><strong>rastis,</strong></span> <span class='ocrx_word' id='word_1_362' title='bbox 620 4168 887 4240; x_wconf 86' lang='lat' dir='ltr'><strong>quomodo</strong></span> <span class='ocrx_word' id='word_1_363' title='bbox 942 4169 1184 4239; x_wconf 88' lang='lat' dir='ltr'><strong>poteritis</strong></span> <span class='ocrx_word' id='word_1_364' title='bbox 1233 4164 1541 4221; x_wconf 89' lang='lat' dir='ltr'><strong>sublimiora</strong></span> <span class='ocrx_word' id='word_1_365' title='bbox 1602 4162 1849 4218; x_wconf 85' lang='lat' dir='ltr'><strong>discere?</strong></span> <span class='ocrx_word' id='word_1_366' title='bbox 1902 4159 1959 4214; x_wconf 90' lang='lat' dir='ltr'><strong>Si</strong></span> 
     </span>
    </p>
   </div>
   <div class='ocr_carea' id='block_1_52' title="bbox 383 4252 1955 4332">
    <p class='ocr_par' dir='ltr' id='par_1_52' title="bbox 383 4252 1955 4332">
     <span class='ocr_line' id='line_1_52' title="bbox 383 4252 1955 4332; baseline -0.01 -13"><span class='ocrx_word' id='word_1_367' title='bbox 383 4278 541 4332; x_wconf 87' lang='lat' dir='ltr'><strong>porro</strong></span> <span class='ocrx_word' id='word_1_368' title='bbox 586 4262 671 4318; x_wconf 88' lang='lat' dir='ltr'><strong>hic</strong></span> <span class='ocrx_word' id='word_1_369' title='bbox 698 4263 956 4331; x_wconf 87' lang='lat' dir='ltr'><strong>baptisma</strong></span> <span class='ocrx_word' id='word_1_370' title='bbox 1012 4269 1281 4315; x_wconf 88' lang='lat' dir='ltr'><strong>terrenum</strong></span> <span class='ocrx_word' id='word_1_371' title='bbox 1324 4256 1597 4328; x_wconf 89' lang='lat' dir='ltr'><strong>appellet,</strong></span> <span class='ocrx_word' id='word_1_372' title='bbox 1628 4270 1695 4308; x_wconf 90' lang='lat' dir='ltr'><strong>ne</strong></span> <span class='ocrx_word' id='word_1_373' title='bbox 1725 4252 1955 4307; x_wconf 90' lang='lat' dir='ltr'><strong>mireris.</strong></span> 
     </span>
    </p>
   </div>
   <div class='ocr_carea' id='block_1_53' title="bbox 382 4343 1956 4420">
    <p class='ocr_par' dir='ltr' id='par_1_53' title="bbox 382 4343 1956 4420">
     <span class='ocr_line' id='line_1_53' title="bbox 382 4343 1956 4420; baseline -0.007 -10"><span class='ocrx_word' id='word_1_374' title='bbox 382 4359 486 4410; x_wconf 76' lang='lat' dir='ltr'><strong>Aut</strong></span> <span class='ocrx_word' id='word_1_375' title='bbox 526 4356 668 4411; x_wconf 86' lang='lat' dir='ltr'><strong>enim</strong></span> <span class='ocrx_word' id='word_1_376' title='bbox 707 4354 837 4409; x_wconf 90' lang='lat' dir='ltr'><strong>illud</strong></span> <span class='ocrx_word' id='word_1_377' title='bbox 878 4354 947 4408; x_wconf 90' lang='lat' dir='ltr'><strong>ita</strong></span> <span class='ocrx_word' id='word_1_378' title='bbox 989 4359 1142 4407; x_wconf 90' lang='lat' dir='ltr'><strong>vocat</strong></span> <span class='ocrx_word' id='word_1_379' title='bbox 1175 4348 1389 4420; x_wconf 89' lang='lat' dir='ltr'><strong>quodin</strong></span> <span class='ocrx_word' id='word_1_380' title='bbox 1422 4346 1580 4402; x_wconf 88' lang='lat' dir='ltr'><strong>terris</strong></span> <span class='ocrx_word' id='word_1_381' title='bbox 1622 4343 1956 4399; x_wconf 79' lang='lat' dir='ltr'><strong>conferatur:</strong></span> 
     </span>
    </p>
   </div>
   <div class='ocr_carea' id='block_1_54' title="bbox 380 4435 1959 4516">
    <p class='ocr_par' dir='ltr' id='par_1_54' title="bbox 380 4435 1959 4516">
     <span class='ocr_line' id='line_1_54' title="bbox 380 4435 1959 4516; baseline -0.006 -19"><span class='ocrx_word' id='word_1_382' title='bbox 380 4457 468 4502; x_wconf 88' lang='lat' dir='ltr'><strong>aut</strong></span> <span class='ocrx_word' id='word_1_383' title='bbox 492 4449 562 4502; x_wconf 91' lang='lat' dir='ltr'><strong>ita</strong></span> <span class='ocrx_word' id='word_1_384' title='bbox 595 4455 771 4512; x_wconf 88' lang='lat' dir='ltr'><strong>vocat,</strong></span> <span class='ocrx_word' id='word_1_385' title='bbox 801 4446 971 4516; x_wconf 90' lang='lat' dir='ltr'><strong>ipsum</strong></span> <span class='ocrx_word' id='word_1_386' title='bbox 998 4440 1362 4513; x_wconf 87' lang='lat' dir='ltr'><strong>comparando</strong></span> <span class='ocrx_word' id='word_1_387' title='bbox 1388 4454 1509 4494; x_wconf 89' lang='lat' dir='ltr'><strong>cum</strong></span> <span class='ocrx_word' id='word_1_388' title='bbox 1552 4435 1828 4492; x_wconf 91' lang='lat' dir='ltr'><strong>tremenda</strong></span> <span class='ocrx_word' id='word_1_389' title='bbox 1872 4435 1959 4489; x_wconf 90' lang='lat' dir='ltr'><strong>illa</strong></span> 
     </span>
    </p>
   </div>
   <div class='ocr_carea' id='block_1_55' title="bbox 382 4529 1957 4611">
    <p class='ocr_par' dir='ltr' id='par_1_55' title="bbox 382 4529 1957 4611">
     <span class='ocr_line' id='line_1_55' title="bbox 382 4529 1957 4611; baseline -0.006 -18"><span class='ocrx_word' id='word_1_390' title='bbox 382 4554 472 4593; x_wconf 85' lang='lat' dir='ltr'><strong>sua</strong></span> <span class='ocrx_word' id='word_1_391' title='bbox 499 4540 865 4611; x_wconf 85' lang='lat' dir='ltr'><strong>generatione.</strong></span> <span class='ocrx_word' id='word_1_392' title='bbox 890 4537 1020 4593; x_wconf 84' lang='lat' dir='ltr'><strong>Nam</strong></span> <span class='ocrx_word' id='word_1_393' title='bbox 1042 4536 1141 4592; x_wconf 91' lang='lat' dir='ltr'><strong>etsi</strong></span> <span class='ocrx_word' id='word_1_394' title='bbox 1174 4537 1288 4590; x_wconf 82' lang='lat' dir='ltr'><strong>haec</strong></span> <span class='ocrx_word' id='word_1_395' title='bbox 1318 4532 1590 4604; x_wconf 79' lang='lat' dir='ltr'><strong>generatio</strong></span> <span class='ocrx_word' id='word_1_396' title='bbox 1611 4530 1839 4586; x_wconf 72' lang='lat' dir='ltr'><strong>czelestis</strong></span> <span class='ocrx_word' id='word_1_397' title='bbox 1868 4529 1957 4595; x_wconf 92' lang='lat' dir='ltr'><strong>sit,</strong></span> 
     </span>
    </p>
   </div>
   <div class='ocr_carea' id='block_1_56' title="bbox 383 4620 1958 4701">
    <p class='ocr_par' dir='ltr' id='par_1_56' title="bbox 383 4620 1958 4701">
     <span class='ocr_line' id='line_1_56' title="bbox 383 4620 1958 4701; baseline -0.008 -16"><span class='ocrx_word' id='word_1_398' title='bbox 383 4633 425 4685; x_wconf 87' lang='lat' dir='ltr'><strong>si</strong></span> <span class='ocrx_word' id='word_1_399' title='bbox 476 4642 656 4685; x_wconf 90' lang='lat' dir='ltr'><strong>tamen</strong></span> <span class='ocrx_word' id='word_1_400' title='bbox 696 4639 1037 4701; x_wconf 86' lang='lat' dir='ltr'><strong>comparetur</strong></span> <span class='ocrx_word' id='word_1_401' title='bbox 1070 4643 1191 4683; x_wconf 90' lang='lat' dir='ltr'><strong>cum</strong></span> <span class='ocrx_word' id='word_1_402' title='bbox 1222 4627 1312 4681; x_wconf 91' lang='lat' dir='ltr'><strong>illa</strong></span> <span class='ocrx_word' id='word_1_403' title='bbox 1355 4641 1421 4680; x_wconf 79' lang='lat' dir='ltr'><strong>ex</strong></span> <span class='ocrx_word' id='word_1_404' title='bbox 1465 4624 1636 4679; x_wconf 88' lang='lat' dir='ltr'><strong>Patris</strong></span> <span class='ocrx_word' id='word_1_405' title='bbox 1662 4620 1958 4677; x_wconf 88' lang='lat' dir='ltr'><strong>substantia</strong></span> 
     </span>
    </p>
   </div>
   <div class='ocr_carea' id='block_1_57' title="bbox 380 4713 1955 4793">
    <p class='ocr_par' dir='ltr' id='par_1_57' title="bbox 380 4713 1955 4793">
     <span class='ocr_line' id='line_1_57' title="bbox 380 4713 1955 4793; baseline -0.007 -16"><span class='ocrx_word' id='word_1_406' title='bbox 380 4723 725 4793; x_wconf 84' lang='lat' dir='ltr'><strong>generatione</strong></span> <span class='ocrx_word' id='word_1_407' title='bbox 746 4764 760 4788; x_wconf 91' lang='lat'><strong>,</strong></span> <span class='ocrx_word' id='word_1_408' title='bbox 794 4730 1006 4776; x_wconf 89' lang='lat' dir='ltr'><strong>terrena</strong></span> <span class='ocrx_word' id='word_1_409' title='bbox 1052 4719 1155 4773; x_wconf 91' lang='lat' dir='ltr'><strong>dici</strong></span> <span class='ocrx_word' id='word_1_410' title='bbox 1187 4726 1378 4788; x_wconf 88' lang='lat' dir='ltr'><strong>potest.</strong></span> <span class='ocrx_word' id='word_1_411' title='bbox 1412 4719 1488 4770; x_wconf 84' lang='lat' dir='ltr'><strong>Ac</strong></span> <span class='ocrx_word' id='word_1_412' title='bbox 1516 4716 1633 4785; x_wconf 86' lang='lat' dir='ltr'><strong>jure</strong></span> <span class='ocrx_word' id='word_1_413' title='bbox 1668 4730 1773 4770; x_wconf 93' lang='lat' dir='ltr'><strong>non</strong></span> <span class='ocrx_word' id='word_1_414' title='bbox 1803 4713 1955 4779; x_wconf 76' lang='lat' dir='ltr'><strong>dixit,</strong></span> 
     </span>
    </p>
   </div>
   <div class='ocr_carea' id='block_1_58' title="bbox 383 4807 1958 4885">
    <p class='ocr_par' dir='ltr' id='par_1_58' title="bbox 383 4807 1958 4885">
     <span class='ocr_line' id='line_1_58' title="bbox 383 4807 1958 4885; baseline -0.006 -17"><span class='ocrx_word' id='word_1_415' title='bbox 383 4815 494 4871; x_wconf 87' lang='lat' dir='ltr'><strong>Non</strong></span> <span class='ocrx_word' id='word_1_416' title='bbox 522 4814 839 4885; x_wconf 89' lang='lat' dir='ltr'><strong>intelligitis,</strong></span> <span class='ocrx_word' id='word_1_417' title='bbox 866 4813 959 4868; x_wconf 91' lang='lat' dir='ltr'><strong>sed</strong></span> <span class='ocrx_word' id='word_1_418' title='bbox 984 4854 999 4877; x_wconf 90' lang='lat'><strong>,</strong></span> <span class='ocrx_word' id='word_1_419' title='bbox 1042 4810 1165 4866; x_wconf 90' lang='lat' dir='ltr'><strong>Non</strong></span> <span class='ocrx_word' id='word_1_420' title='bbox 1212 4811 1432 4864; x_wconf 82' lang='lat' dir='ltr'><strong>creditis.</strong></span> <span class='ocrx_word' id='word_1_421' title='bbox 1470 4809 1524 4865; x_wconf 90' lang='lat' dir='ltr'><strong>Si</strong></span> <span class='ocrx_word' id='word_1_422' title='bbox 1570 4809 1687 4878; x_wconf 87' lang='lat' dir='ltr'><strong>quis</strong></span> <span class='ocrx_word' id='word_1_423' title='bbox 1718 4807 1857 4863; x_wconf 89' lang='lat' dir='ltr'><strong>enim</strong></span> <span class='ocrx_word' id='word_1_424' title='bbox 1897 4821 1958 4860; x_wconf 88' lang='lat' dir='ltr'><strong>ea</strong></span> 
     </span>
    </p>
   </div>
   <div class='ocr_carea' id='block_1_59' title="bbox 383 4898 1961 4972">
    <p class='ocr_par' dir='ltr' id='par_1_59' title="bbox 383 4898 1961 4972">
     <span class='ocr_line' id='line_1_59' title="bbox 383 4898 1961 4972; baseline -0.006 -12"><span class='ocrx_word' id='word_1_425' title='bbox 383 4906 604 4961; x_wconf 90' lang='lat' dir='ltr'><strong>credere</strong></span> <span class='ocrx_word' id='word_1_426' title='bbox 634 4914 689 4961; x_wconf 91' lang='lat' dir='ltr'><strong>et</strong></span> <span class='ocrx_word' id='word_1_427' title='bbox 735 4904 1020 4959; x_wconf 83' lang='lat' dir='ltr'><strong>admittere</strong></span> <span class='ocrx_word' id='word_1_428' title='bbox 1052 4903 1203 4968; x_wconf 90' lang='lat' dir='ltr'><strong>nolit,</strong></span> <span class='ocrx_word' id='word_1_429' title='bbox 1235 4918 1354 4972; x_wconf 79' lang='lat' dir='ltr'><strong>qua:</strong></span> <span class='ocrx_word' id='word_1_430' title='bbox 1392 4909 1571 4956; x_wconf 91' lang='lat' dir='ltr'><strong>mente</strong></span> <span class='ocrx_word' id='word_1_431' title='bbox 1601 4898 1799 4969; x_wconf 86' lang='lat' dir='ltr'><strong>percipi</strong></span> <span class='ocrx_word' id='word_1_432' title='bbox 1846 4911 1961 4967; x_wconf 85' lang='lat' dir='ltr'><strong>pos-</strong></span> 
     </span>
    </p>
   </div>
   <div class='ocr_carea' id='block_1_60' title="bbox 383 4988 1956 5065">
    <p class='ocr_par' dir='ltr' id='par_1_60' title="bbox 383 4988 1956 5065">
     <span class='ocr_line' id='line_1_60' title="bbox 383 4988 1956 5065; baseline -0.006 -16"><span class='ocrx_word' id='word_1_433' title='bbox 383 5005 524 5062; x_wconf 77' lang='lat' dir='ltr'><strong>sunt,</strong></span> <span class='ocrx_word' id='word_1_434' title='bbox 549 4996 595 5050; x_wconf 92' lang='lat' dir='ltr'><strong>is</strong></span> <span class='ocrx_word' id='word_1_435' title='bbox 620 4995 741 5065; x_wconf 82' lang='lat' dir='ltr'><strong>jure</strong></span> <span class='ocrx_word' id='word_1_436' title='bbox 762 4995 1002 5050; x_wconf 74' lang='lat' dir='ltr'><strong>stultitiae</strong></span> <span class='ocrx_word' id='word_1_437' title='bbox 1029 5001 1342 5056; x_wconf 87' lang='lat' dir='ltr'><strong>accusetur;</strong></span> <span class='ocrx_word' id='word_1_438' title='bbox 1370 4991 1415 5044; x_wconf 92' lang='lat' dir='ltr'><strong>si</strong></span> <span class='ocrx_word' id='word_1_439' title='bbox 1436 4991 1553 5060; x_wconf 89' lang='lat' dir='ltr'><strong>quis</strong></span> <span class='ocrx_word' id='word_1_440' title='bbox 1580 5004 1710 5043; x_wconf 90' lang='lat' dir='ltr'><strong>vero</strong></span> <span class='ocrx_word' id='word_1_441' title='bbox 1738 4988 1823 5042; x_wconf 87' lang='lat' dir='ltr'><strong>illa</strong></span> <span class='ocrx_word' id='word_1_442' title='bbox 1852 5004 1956 5040; x_wconf 87' lang='lat' dir='ltr'><strong>non</strong></span> 
     </span>
    </p>
   </div>
   <div class='ocr_carea' id='block_1_61' title="bbox 384 5081 1958 5158">
    <p class='ocr_par' dir='ltr' id='par_1_61' title="bbox 384 5081 1958 5158">
     <span class='ocr_line' id='line_1_61' title="bbox 384 5081 1958 5158; baseline -0.007 -16"><span class='ocrx_word' id='word_1_443' title='bbox 384 5086 644 5154; x_wconf 81' lang='lat' dir='ltr'><strong>admittat,</strong></span> <span class='ocrx_word' id='word_1_444' title='bbox 661 5101 779 5158; x_wconf 76' lang='lat' dir='ltr'><strong>qua:</strong></span> <span class='ocrx_word' id='word_1_445' title='bbox 799 5102 905 5141; x_wconf 91' lang='lat' dir='ltr'><strong>non</strong></span> <span class='ocrx_word' id='word_1_446' title='bbox 921 5095 1119 5150; x_wconf 90' lang='lat' dir='ltr'><strong>mente,</strong></span> <span class='ocrx_word' id='word_1_447' title='bbox 1141 5085 1235 5140; x_wconf 89' lang='lat' dir='ltr'><strong>sed</strong></span> <span class='ocrx_word' id='word_1_448' title='bbox 1261 5083 1364 5139; x_wconf 71' lang='lat' dir='ltr'><strong>title</strong></span> <span class='ocrx_word' id='word_1_449' title='bbox 1388 5082 1768 5152; x_wconf 89' lang='lat' dir='ltr'><strong>percipiuntur.</strong></span> <span class='ocrx_word' id='word_1_450' title='bbox 1789 5081 1831 5134; x_wconf 91' lang='lat' dir='ltr'><strong>is</strong></span> <span class='ocrx_word' id='word_1_451' title='bbox 1855 5094 1958 5132; x_wconf 89' lang='lat' dir='ltr'><strong>non</strong></span> 
     </span>
    </p>
   </div>
   <div class='ocr_carea' id='block_1_62' title="bbox 379 5172 1959 5248">
    <p class='ocr_par' dir='ltr' id='par_1_62' title="bbox 379 5172 1959 5248">
     <span class='ocr_line' id='line_1_62' title="bbox 379 5172 1959 5248; baseline -0.006 -14"><span class='ocrx_word' id='word_1_452' title='bbox 379 5179 485 5248; x_wconf 85' lang='lat' dir='ltr'><strong>jam</strong></span> <span class='ocrx_word' id='word_1_453' title='bbox 501 5180 762 5245; x_wconf 65' lang='lat' dir='ltr'><strong>stultitia},</strong></span> <span class='ocrx_word' id='word_1_454' title='bbox 789 5179 881 5233; x_wconf 88' lang='lat' dir='ltr'><strong>sed</strong></span> <span class='ocrx_word' id='word_1_455' title='bbox 905 5176 1287 5232; x_wconf 90' lang='lat' dir='ltr'><strong>incredulitatis</strong></span> <span class='ocrx_word' id='word_1_456' title='bbox 1301 5189 1458 5229; x_wconf 87' lang='lat' dir='ltr'><strong>causa</strong></span> <span class='ocrx_word' id='word_1_457' title='bbox 1479 5174 1730 5243; x_wconf 84' lang='lat' dir='ltr'><strong>arguitur.</strong></span> <span class='ocrx_word' id='word_1_458' title='bbox 1748 5172 1815 5227; x_wconf 90' lang='lat' dir='ltr'><strong>Ut</strong></span> <span class='ocrx_word' id='word_1_459' title='bbox 1833 5185 1959 5240; x_wconf 82' lang='lat' dir='ltr'><strong>ergo</strong></span> 
     </span>
    </p>
   </div>
   <div class='ocr_carea' id='block_1_63' title="bbox 385 5265 1955 5336">
    <p class='ocr_par' dir='ltr' id='par_1_63' title="bbox 385 5265 1955 5336">
     <span class='ocr_line' id='line_1_63' title="bbox 385 5265 1955 5336; baseline -0.007 -12"><span class='ocrx_word' id='word_1_460' title='bbox 385 5269 531 5325; x_wconf 90' lang='lat' dir='ltr'><strong>illum</strong></span> <span class='ocrx_word' id='word_1_461' title='bbox 553 5269 800 5336; x_wconf 86' lang='lat' dir='ltr'><strong>abducat,</strong></span> <span class='ocrx_word' id='word_1_462' title='bbox 826 5284 893 5324; x_wconf 89' lang='lat' dir='ltr'><strong>ne</strong></span> <span class='ocrx_word' id='word_1_463' title='bbox 921 5268 1209 5323; x_wconf 88' lang='lat' dir='ltr'><strong>ratiociniis</strong></span> <span class='ocrx_word' id='word_1_464' title='bbox 1225 5266 1424 5320; x_wconf 92' lang='lat' dir='ltr'><strong>dictum</strong></span> <span class='ocrx_word' id='word_1_465' title='bbox 1449 5265 1720 5333; x_wconf 86' lang='lat' dir='ltr'><strong>percipere</strong></span> <span class='ocrx_word' id='word_1_466' title='bbox 1736 5270 1955 5331; x_wconf 62' lang='lat' dir='ltr'><strong>quaerat,</strong></span> 
     </span>
    </p>
   </div>
   <div class='ocr_carea' id='block_1_64' title="bbox 385 5354 1958 5422">
    <p class='ocr_par' dir='ltr' id='par_1_64' title="bbox 385 5354 1958 5422">
     <span class='ocr_line' id='line_1_64' title="bbox 385 5354 1958 5422; baseline -0.006 -8"><span class='ocrx_word' id='word_1_467' title='bbox 385 5361 748 5418; x_wconf 83' lang='lat' dir='ltr'><strong>vehementius</strong></span> <span class='ocrx_word' id='word_1_468' title='bbox 769 5362 821 5415; x_wconf 95' lang='lat' dir='ltr'><strong>in</strong></span> <span class='ocrx_word' id='word_1_469' title='bbox 846 5360 992 5415; x_wconf 89' lang='lat' dir='ltr'><strong>illum</strong></span> <span class='ocrx_word' id='word_1_470' title='bbox 1016 5358 1297 5422; x_wconf 88' lang='lat' dir='ltr'><strong>invehitur,</strong></span> <span class='ocrx_word' id='word_1_471' title='bbox 1322 5356 1389 5411; x_wconf 88' lang='lat' dir='ltr'><strong>de</strong></span> <span class='ocrx_word' id='word_1_472' title='bbox 1411 5354 1776 5410; x_wconf 89' lang='lat' dir='ltr'><strong>incredulitate</strong></span> <span class='ocrx_word' id='word_1_473' title='bbox 1802 5368 1958 5407; x_wconf 91' lang='lat' dir='ltr'><strong>accu-</strong></span> 
     </span>
    </p>
   </div>
   <div class='ocr_carea' id='block_1_65' title="bbox 383 5444 1961 5519">
    <p class='ocr_par' dir='ltr' id='par_1_65' title="bbox 383 5444 1961 5519">
     <span class='ocr_line' id='line_1_65' title="bbox 383 5444 1961 5519; baseline -0.007 -12"><span class='ocrx_word' id='word_1_474' title='bbox 383 5468 524 5508; x_wconf 79' lang='lat' dir='ltr'><strong>sans.</strong></span> <span class='ocrx_word' id='word_1_475' title='bbox 548 5452 606 5510; x_wconf 86' lang='lat' dir='ltr'><strong>Si</strong></span> <span class='ocrx_word' id='word_1_476' title='bbox 630 5466 761 5507; x_wconf 86' lang='lat' dir='ltr'><strong>vero</strong></span> <span class='ocrx_word' id='word_1_477' title='bbox 788 5461 1024 5507; x_wconf 90' lang='lat' dir='ltr'><strong>nostram</strong></span> <span class='ocrx_word' id='word_1_478' title='bbox 1047 5450 1187 5504; x_wconf 89' lang='lat' dir='ltr'><strong>illam</strong></span> <span class='ocrx_word' id='word_1_479' title='bbox 1217 5446 1612 5519; x_wconf 86' lang='lat' dir='ltr'><strong>generationem</strong></span> <span class='ocrx_word' id='word_1_480' title='bbox 1644 5444 1746 5500; x_wconf 86' lang='lat' dir='ltr'><strong>ﬁde</strong></span> <span class='ocrx_word' id='word_1_481' title='bbox 1772 5444 1961 5499; x_wconf 88' lang='lat' dir='ltr'><strong>admit-</strong></span> 
     </span>
    </p>
   </div>
   <div class='ocr_carea' id='block_1_66' title="bbox 386 5535 1961 5613">
    <p class='ocr_par' dir='ltr' id='par_1_66' title="bbox 386 5535 1961 5613">
     <span class='ocr_line' id='line_1_66' title="bbox 386 5535 1961 5613; baseline -0.006 -18"><span class='ocrx_word' id='word_1_482' title='bbox 386 5550 497 5598; x_wconf 86' lang='lat' dir='ltr'><strong>tere</strong></span> <span class='ocrx_word' id='word_1_483' title='bbox 511 5550 774 5613; x_wconf 88' lang='lat' dir='ltr'><strong>oporteat,</strong></span> <span class='ocrx_word' id='word_1_484' title='bbox 794 5556 1022 5613; x_wconf 90' lang='lat' dir='ltr'><strong>quonon</strong></span> <span class='ocrx_word' id='word_1_485' title='bbox 1047 5539 1187 5611; x_wconf 86' lang='lat' dir='ltr'><strong>digni</strong></span> <span class='ocrx_word' id='word_1_486' title='bbox 1215 5548 1339 5593; x_wconf 89' lang='lat' dir='ltr'><strong>sunt</strong></span> <span class='ocrx_word' id='word_1_487' title='bbox 1358 5537 1636 5608; x_wconf 83' lang='lat' dir='ltr'><strong>supplicio,</strong></span> <span class='ocrx_word' id='word_1_488' title='bbox 1660 5536 1747 5606; x_wconf 90' lang='lat' dir='ltr'><strong>qui</strong></span> <span class='ocrx_word' id='word_1_489' title='bbox 1767 5535 1961 5604; x_wconf 83' lang='lat' dir='ltr'><strong>Unige-</strong></span> 
     </span>
    </p>
   </div>
   <div class='ocr_carea' id='block_1_67' title="bbox 385 5626 1959 5704">
    <p class='ocr_par' dir='ltr' id='par_1_67' title="bbox 385 5626 1959 5704">
     <span class='ocr_line' id='line_1_67' title="bbox 385 5626 1959 5704; baseline -0.007 -16"><span class='ocrx_word' id='word_1_490' title='bbox 385 5631 478 5690; x_wconf 86' lang='lat' dir='ltr'><strong>niti</strong></span> <span class='ocrx_word' id='word_1_491' title='bbox 497 5634 895 5704; x_wconf 85' lang='lat' dir='ltr'><strong>generationem</strong></span> <span class='ocrx_word' id='word_1_492' title='bbox 923 5631 1126 5685; x_wconf 90' lang='lat' dir='ltr'><strong>ratione</strong></span> <span class='ocrx_word' id='word_1_493' title='bbox 1153 5629 1459 5701; x_wconf 89' lang='lat' dir='ltr'><strong>inquirunt?</strong></span> <span class='ocrx_word' id='word_1_494' title='bbox 1486 5628 1589 5683; x_wconf 84' lang='lat' dir='ltr'><strong>Sed</strong></span> <span class='ocrx_word' id='word_1_495' title='bbox 1614 5627 1745 5681; x_wconf 80' lang='lat' dir='ltr'><strong>forte</strong></span> <span class='ocrx_word' id='word_1_496' title='bbox 1770 5626 1959 5680; x_wconf 74' lang='lat' dir='ltr'><strong>dixerit</strong></span> 
     </span>
    </p>
   </div>
   <div class='ocr_carea' id='block_1_68' title="bbox 706 5736 1335 5800">
    <p class='ocr_par' dir='ltr' id='par_1_68' title="bbox 706 5736 1335 5800">
     <span class='ocr_line' id='line_1_68' title="bbox 706 5736 1335 5800; baseline 0.011 -6"><span class='ocrx_word' id='word_1_497' title='bbox 706 5736 978 5796; x_wconf 67' lang='lat' dir='ltr'><strong>Parnm.</strong></span> <span class='ocrx_word' id='word_1_498' title='bbox 1019 5740 1131 5798; x_wconf 75' lang='lat' dir='ltr'><strong>(in.</strong></span> <span class='ocrx_word' id='word_1_499' title='bbox 1180 5744 1335 5800; x_wconf 68' lang='lat' dir='ltr'><strong>LIX.</strong></span> 
     </span>
    </p>
   </div>
   <div class='ocr_carea' id='block_1_69' title="bbox 2051 1148 3663 1219">
    <p class='ocr_par' dir='ltr' id='par_1_69' title="bbox 2051 1148 3663 1219">
     <span class='ocr_line' id='line_1_69' title="bbox 2051 1148 3663 1219; baseline 0.012 -22"><span class='ocrx_word' id='word_1_500' title='bbox 2051 1148 2336 1215; x_wconf 61' lang='lat' dir='ltr'><strong>quispiam,</strong></span> <span class='ocrx_word' id='word_1_501' title='bbox 2366 1150 2470 1204; x_wconf 89' lang='lat' dir='ltr'><strong>Cur</strong></span> <span class='ocrx_word' id='word_1_502' title='bbox 2499 1150 2615 1206; x_wconf 74' lang='lat' dir='ltr'><strong>lucc</strong></span> <span class='ocrx_word' id='word_1_503' title='bbox 2643 1151 2786 1207; x_wconf 88' lang='lat' dir='ltr'><strong>dicta</strong></span> <span class='ocrx_word' id='word_1_504' title='bbox 2815 1163 2973 1219; x_wconf 85' lang='lat' dir='ltr'><strong>sunt,</strong></span> <span class='ocrx_word' id='word_1_505' title='bbox 3011 1155 3058 1211; x_wconf 90' lang='lat' dir='ltr'><strong>si</strong></span> <span class='ocrx_word' id='word_1_506' title='bbox 3085 1156 3358 1213; x_wconf 84' lang='lat' dir='ltr'><strong>auditores</strong></span> <span class='ocrx_word' id='word_1_507' title='bbox 3383 1174 3492 1215; x_wconf 89' lang='lat' dir='ltr'><strong>non</strong></span> <span class='ocrx_word' id='word_1_508' title='bbox 3518 1174 3663 1216; x_wconf 37' lang='lat' dir='ltr'><strong>ere»</strong></span> 
     </span>
    </p>
   </div>
   <div class='ocr_carea' id='block_1_70' title="bbox 2052 1236 3639 1316">
    <p class='ocr_par' dir='ltr' id='par_1_70' title="bbox 2052 1236 3639 1316">
     <span class='ocr_line' id='line_1_70' title="bbox 2052 1236 3639 1316; baseline 0.01 -26"><span class='ocrx_word' id='word_1_509' title='bbox 2052 1236 2439 1294; x_wconf 87' lang='lat' dir='ltr'><strong>diturierant?</strong></span> <span class='ocrx_word' id='word_1_510' title='bbox 2475 1240 2606 1308; x_wconf 87' lang='lat' dir='ltr'><strong>Quia</strong></span> <span class='ocrx_word' id='word_1_511' title='bbox 2636 1244 2737 1299; x_wconf 90' lang='lat' dir='ltr'><strong>etsi</strong></span> <span class='ocrx_word' id='word_1_512' title='bbox 2782 1244 2854 1298; x_wconf 91' lang='lat' dir='ltr'><strong>illi</strong></span> <span class='ocrx_word' id='word_1_513' title='bbox 2898 1259 3003 1299; x_wconf 92' lang='lat' dir='ltr'><strong>non</strong></span> <span class='ocrx_word' id='word_1_514' title='bbox 3050 1245 3302 1301; x_wconf 88' lang='lat' dir='ltr'><strong>credituri</strong></span> <span class='ocrx_word' id='word_1_515' title='bbox 3341 1258 3537 1316; x_wconf 80' lang='lat' dir='ltr'><strong>erant,</strong></span> <span class='ocrx_word' id='word_1_516' title='bbox 3585 1260 3639 1305; x_wconf 85' lang='lat' dir='ltr'><strong>at</strong></span> 
     </span>
    </p>
   </div>
   <div class='ocr_carea' id='block_1_71' title="bbox 2053 1329 3639 1411">
    <p class='ocr_par' dir='ltr' id='par_1_71' title="bbox 2053 1329 3639 1411">
     <span class='ocr_line' id='line_1_71' title="bbox 2053 1329 3639 1411; baseline 0.009 -29"><span class='ocrx_word' id='word_1_517' title='bbox 2053 1329 2307 1384; x_wconf 89' lang='lat' dir='ltr'><strong>credituri</strong></span> <span class='ocrx_word' id='word_1_518' title='bbox 2330 1340 2474 1386; x_wconf 91' lang='lat' dir='ltr'><strong>certe</strong></span> <span class='ocrx_word' id='word_1_519' title='bbox 2505 1332 2663 1388; x_wconf 80' lang='lat' dir='ltr'><strong>futuri</strong></span> <span class='ocrx_word' id='word_1_520' title='bbox 2688 1333 2953 1399; x_wconf 90' lang='lat' dir='ltr'><strong>homines,</strong></span> <span class='ocrx_word' id='word_1_521' title='bbox 2985 1347 3040 1390; x_wconf 90' lang='lat' dir='ltr'><strong>et</strong></span> <span class='ocrx_word' id='word_1_522' title='bbox 3070 1336 3193 1393; x_wconf 89' lang='lat' dir='ltr'><strong>hinc</strong></span> <span class='ocrx_word' id='word_1_523' title='bbox 3213 1338 3492 1395; x_wconf 87' lang='lat' dir='ltr'><strong>utilitatem</strong></span> <span class='ocrx_word' id='word_1_524' title='bbox 3520 1354 3639 1411; x_wconf 82' lang='lat' dir='ltr'><strong>per—</strong></span> 
     </span>
    </p>
   </div>
   <div class='ocr_carea' id='block_1_72' title="bbox 2053 1421 3639 1497">
    <p class='ocr_par' dir='ltr' id='par_1_72' title="bbox 2053 1421 3639 1497">
     <span class='ocr_line' id='line_1_72' title="bbox 2053 1421 3639 1497; baseline 0.009 -24"><span class='ocrx_word' id='word_1_525' title='bbox 2053 1423 2280 1490; x_wconf 75' lang='lat' dir='ltr'><strong>cepturi.</strong></span> <span class='ocrx_word' id='word_1_526' title='bbox 2314 1421 2696 1480; x_wconf 81' lang='lat' dir='ltr'><strong>Vehementius</strong></span> <span class='ocrx_word' id='word_1_527' title='bbox 2724 1440 2851 1497; x_wconf 86' lang='lat' dir='ltr'><strong>ergo</strong></span> <span class='ocrx_word' id='word_1_528' title='bbox 2877 1427 2929 1481; x_wconf 90' lang='lat' dir='ltr'><strong>in</strong></span> <span class='ocrx_word' id='word_1_529' title='bbox 2959 1427 3107 1484; x_wconf 93' lang='lat' dir='ltr'><strong>illum</strong></span> <span class='ocrx_word' id='word_1_530' title='bbox 3137 1429 3392 1486; x_wconf 83' lang='lat' dir='ltr'><strong>invehens</strong></span> <span class='ocrx_word' id='word_1_531' title='bbox 3411 1473 3427 1497; x_wconf 90' lang='lat'><strong>,</strong></span> <span class='ocrx_word' id='word_1_532' title='bbox 3455 1442 3639 1489; x_wconf 88' lang='lat' dir='ltr'><strong>osten-</strong></span> 
     </span>
    </p>
   </div>
   <div class='ocr_carea' id='block_1_73' title="bbox 2054 1512 3638 1587">
    <p class='ocr_par' dir='ltr' id='par_1_73' title="bbox 2054 1512 3638 1587">
     <span class='ocr_line' id='line_1_73' title="bbox 2054 1512 3638 1587; baseline 0.008 -22"><span class='ocrx_word' id='word_1_533' title='bbox 2054 1512 2131 1566; x_wconf 87' lang='lat' dir='ltr'><strong>dit</strong></span> <span class='ocrx_word' id='word_1_534' title='bbox 2154 1512 2407 1581; x_wconf 88' lang='lat' dir='ltr'><strong>demum,</strong></span> <span class='ocrx_word' id='word_1_535' title='bbox 2437 1529 2495 1571; x_wconf 91' lang='lat' dir='ltr'><strong>se</strong></span> <span class='ocrx_word' id='word_1_536' title='bbox 2538 1532 2644 1570; x_wconf 91' lang='lat' dir='ltr'><strong>non</strong></span> <span class='ocrx_word' id='word_1_537' title='bbox 2677 1516 2837 1572; x_wconf 92' lang='lat' dir='ltr'><strong>modo</strong></span> <span class='ocrx_word' id='word_1_538' title='bbox 2867 1518 2953 1573; x_wconf 91' lang='lat' dir='ltr'><strong>illa</strong></span> <span class='ocrx_word' id='word_1_539' title='bbox 2983 1533 3141 1574; x_wconf 89' lang='lat' dir='ltr'><strong>nosse</strong></span> <span class='ocrx_word' id='word_1_540' title='bbox 3163 1561 3180 1587; x_wconf 87' lang='lat'><strong>,</strong></span> <span class='ocrx_word' id='word_1_541' title='bbox 3226 1520 3319 1576; x_wconf 88' lang='lat' dir='ltr'><strong>sed</strong></span> <span class='ocrx_word' id='word_1_542' title='bbox 3345 1523 3506 1578; x_wconf 87' lang='lat' dir='ltr'><strong>etiam</strong></span> <span class='ocrx_word' id='word_1_543' title='bbox 3536 1524 3638 1578; x_wconf 88' lang='lat' dir='ltr'><strong>alia</strong></span> 
     </span>
    </p>
   </div>
   <div class='ocr_carea' id='block_1_74' title="bbox 2055 1604 3640 1683">
    <p class='ocr_par' dir='ltr' id='par_1_74' title="bbox 2055 1604 3640 1683">
     <span class='ocr_line' id='line_1_74' title="bbox 2055 1604 3640 1683; baseline 0.008 -26"><span class='ocrx_word' id='word_1_544' title='bbox 2055 1604 2210 1677; x_wconf 81' lang='lat' dir='ltr'><strong>longe</strong></span> <span class='ocrx_word' id='word_1_545' title='bbox 2242 1607 2390 1675; x_wconf 89' lang='lat' dir='ltr'><strong>plura</strong></span> <span class='ocrx_word' id='word_1_546' title='bbox 2436 1617 2490 1664; x_wconf 92' lang='lat' dir='ltr'><strong>et</strong></span> <span class='ocrx_word' id='word_1_547' title='bbox 2538 1608 2740 1679; x_wconf 88' lang='lat' dir='ltr'><strong>majora</strong></span> <span class='ocrx_word' id='word_1_548' title='bbox 2769 1627 2784 1675; x_wconf 92' lang='lat'>;</span> <span class='ocrx_word' id='word_1_549' title='bbox 2816 1610 2959 1680; x_wconf 89' lang='lat' dir='ltr'><strong>quod</strong></span> <span class='ocrx_word' id='word_1_550' title='bbox 2993 1626 3090 1681; x_wconf 89' lang='lat' dir='ltr'><strong>per</strong></span> <span class='ocrx_word' id='word_1_551' title='bbox 3112 1614 3389 1683; x_wconf 89' lang='lat' dir='ltr'><strong>sequentia</strong></span> <span class='ocrx_word' id='word_1_552' title='bbox 3411 1615 3640 1670; x_wconf 87' lang='lat' dir='ltr'><strong>ostendit</strong></span> 
     </span>
    </p>
   </div>
   <div class='ocr_carea' id='block_1_75' title="bbox 2055 1696 3642 1774">
    <p class='ocr_par' dir='ltr' id='par_1_75' title="bbox 2055 1696 3642 1774">
     <span class='ocr_line' id='line_1_75' title="bbox 2055 1696 3642 1774; baseline 0.007 -23"><span class='ocrx_word' id='word_1_553' title='bbox 2055 1696 2240 1752; x_wconf 79' lang='lat' dir='ltr'><strong>dicens</strong></span> <span class='ocrx_word' id='word_1_554' title='bbox 2265 1716 2279 1751; x_wconf 91' lang='lat'><strong>:</strong></span> <span class='ocrx_word' id='word_1_555' title='bbox 2314 1697 2480 1752; x_wconf 83' lang='lat' dir='ltr'><strong>Nemo</strong></span> <span class='ocrx_word' id='word_1_556' title='bbox 2509 1700 2560 1753; x_wconf 89' lang='lat' dir='ltr'><strong>in</strong></span> <span class='ocrx_word' id='word_1_557' title='bbox 2580 1700 2759 1755; x_wconf 75' lang='lat' dir='ltr'><strong>cwlum</strong></span> <span class='ocrx_word' id='word_1_558' title='bbox 2784 1701 3032 1766; x_wconf 87' lang='lat' dir='ltr'><strong>ascendit,</strong></span> <span class='ocrx_word' id='word_1_559' title='bbox 3053 1703 3151 1758; x_wconf 89' lang='lat' dir='ltr'><strong>nisi</strong></span> <span class='ocrx_word' id='word_1_560' title='bbox 3190 1704 3278 1774; x_wconf 85' lang='lat' dir='ltr'><strong>qui</strong></span> <span class='ocrx_word' id='word_1_561' title='bbox 3309 1705 3372 1760; x_wconf 89' lang='lat' dir='ltr'><strong>de</strong></span> <span class='ocrx_word' id='word_1_562' title='bbox 3395 1707 3519 1761; x_wconf 66' lang='lat' dir='ltr'><strong>caelo</strong></span> <span class='ocrx_word' id='word_1_563' title='bbox 3555 1723 3642 1761; x_wconf 87' lang='lat' dir='ltr'><strong>ae-</strong></span> 
     </span>
    </p>
   </div>
   <div class='ocr_carea' id='block_1_76' title="bbox 2055 1789 3636 1868">
    <p class='ocr_par' dir='ltr' id='par_1_76' title="bbox 2055 1789 3636 1868">
     <span class='ocr_line' id='line_1_76' title="bbox 2055 1789 3636 1868; baseline 0.006 -24"><span class='ocrx_word' id='word_1_564' title='bbox 2055 1791 2267 1856; x_wconf 88' lang='lat' dir='ltr'><strong>scendit,</strong></span> <span class='ocrx_word' id='word_1_565' title='bbox 2298 1789 2467 1845; x_wconf 86' lang='lat' dir='ltr'><strong>Filius</strong></span> <span class='ocrx_word' id='word_1_566' title='bbox 2493 1793 2743 1859; x_wconf 80' lang='lat' dir='ltr'><strong>hominis,</strong></span> <span class='ocrx_word' id='word_1_567' title='bbox 2780 1794 2866 1863; x_wconf 88' lang='lat' dir='ltr'><strong>qui</strong></span> <span class='ocrx_word' id='word_1_568' title='bbox 2895 1802 2968 1848; x_wconf 85' lang='lat' dir='ltr'><strong>est</strong></span> <span class='ocrx_word' id='word_1_569' title='bbox 2992 1794 3044 1849; x_wconf 88' lang='lat' dir='ltr'><strong>in</strong></span> <span class='ocrx_word' id='word_1_570' title='bbox 3075 1795 3218 1850; x_wconf 77' lang='lat' dir='ltr'><strong>ctelo.</strong></span> <span class='ocrx_word' id='word_1_571' title='bbox 3245 1794 3313 1852; x_wconf 83' lang='lat' dir='ltr'><strong>Et</strong></span> <span class='ocrx_word' id='word_1_572' title='bbox 3350 1812 3593 1868; x_wconf 64' lang='lat' dir='ltr'><strong>qurenam</strong></span> <span class='ocrx_word' id='word_1_573' title='bbox 3623 1842 3636 1863; x_wconf 88' lang='lat'><strong>,</strong></span> 
     </span>
    </p>
   </div>
   <div class='ocr_carea' id='block_1_77' title="bbox 2056 1882 3642 1954">
    <p class='ocr_par' dir='ltr' id='par_1_77' title="bbox 2056 1882 3642 1954">
     <span class='ocr_line' id='line_1_77' title="bbox 2056 1882 3642 1954; baseline 0.004 -18"><span class='ocrx_word' id='word_1_574' title='bbox 2056 1883 2263 1952; x_wconf 88' lang='lat' dir='ltr'><strong>inquies</strong></span> <span class='ocrx_word' id='word_1_575' title='bbox 2281 1923 2298 1949; x_wconf 91' lang='lat'><strong>,</strong></span> <span class='ocrx_word' id='word_1_576' title='bbox 2331 1882 2448 1938; x_wconf 64' lang='lat' dir='ltr'><strong>haec</strong></span> <span class='ocrx_word' id='word_1_577' title='bbox 2471 1884 2897 1954; x_wconf 85' lang='lat' dir='ltr'><strong>consequentia?</strong></span> <span class='ocrx_word' id='word_1_578' title='bbox 2925 1883 3153 1940; x_wconf 79' lang='lat' dir='ltr'><strong>Maxima</strong></span> <span class='ocrx_word' id='word_1_579' title='bbox 3182 1897 3348 1951; x_wconf 88' lang='lat' dir='ltr'><strong>certe.</strong></span> <span class='ocrx_word' id='word_1_580' title='bbox 3380 1897 3434 1945; x_wconf 89' lang='lat' dir='ltr'><strong>et</strong></span> <span class='ocrx_word' id='word_1_581' title='bbox 3457 1888 3642 1945; x_wconf 87' lang='lat' dir='ltr'><strong>admo-</strong></span> 
     </span>
    </p>
   </div>
   <div class='ocr_carea' id='block_1_78' title="bbox 2055 1971 3639 2045">
    <p class='ocr_par' dir='ltr' id='par_1_78' title="bbox 2055 1971 3639 2045">
     <span class='ocr_line' id='line_1_78' title="bbox 2055 1971 3639 2045; baseline 0.004 -19"><span class='ocrx_word' id='word_1_582' title='bbox 2055 1971 2182 2027; x_wconf 91' lang='lat' dir='ltr'><strong>dum</strong></span> <span class='ocrx_word' id='word_1_583' title='bbox 2203 1988 2324 2027; x_wconf 91' lang='lat' dir='ltr'><strong>cum</strong></span> <span class='ocrx_word' id='word_1_584' title='bbox 2353 1973 2673 2044; x_wconf 90' lang='lat' dir='ltr'><strong>supradictis</strong></span> <span class='ocrx_word' id='word_1_585' title='bbox 2695 1988 3023 2030; x_wconf 89' lang='lat' dir='ltr'><strong>consonans.</strong></span> <span class='ocrx_word' id='word_1_586' title='bbox 3044 1975 3180 2045; x_wconf 88' lang='lat' dir='ltr'><strong>Quia</strong></span> <span class='ocrx_word' id='word_1_587' title='bbox 3200 1976 3343 2033; x_wconf 90' lang='lat' dir='ltr'><strong>enim</strong></span> <span class='ocrx_word' id='word_1_588' title='bbox 3375 1977 3463 2032; x_wconf 89' lang='lat' dir='ltr'><strong>ille</strong></span> <span class='ocrx_word' id='word_1_589' title='bbox 3486 1978 3639 2033; x_wconf 83' lang='lat' dir='ltr'><strong>dixe-</strong></span> 
     </span>
    </p>
   </div>
   <div class='ocr_carea' id='block_1_79' title="bbox 2057 2063 3642 2140">
    <p class='ocr_par' dir='ltr' id='par_1_79' title="bbox 2057 2063 3642 2140">
     <span class='ocr_line' id='line_1_79' title="bbox 2057 2063 3642 2140; baseline 0.004 -22"><span class='ocrx_word' id='word_1_590' title='bbox 2057 2071 2143 2118; x_wconf 89' lang='lat' dir='ltr'><strong>rat</strong></span> <span class='ocrx_word' id='word_1_591' title='bbox 2170 2082 2184 2118; x_wconf 89' lang='lat'><strong>:</strong></span> <span class='ocrx_word' id='word_1_592' title='bbox 2218 2063 2421 2121; x_wconf 84' lang='lat' dir='ltr'><strong>Scimus</strong></span> <span class='ocrx_word' id='word_1_593' title='bbox 2458 2067 2576 2134; x_wconf 87' lang='lat' dir='ltr'><strong>quia</strong></span> <span class='ocrx_word' id='word_1_594' title='bbox 2603 2081 2637 2119; x_wconf 89' lang='lat' dir='ltr'><strong>a</strong></span> <span class='ocrx_word' id='word_1_595' title='bbox 2672 2065 2779 2121; x_wconf 88' lang='lat' dir='ltr'><strong>Deo</strong></span> <span class='ocrx_word' id='word_1_596' title='bbox 2805 2067 2984 2121; x_wconf 84' lang='lat' dir='ltr'><strong>uenisti</strong></span> <span class='ocrx_word' id='word_1_597' title='bbox 3020 2069 3259 2139; x_wconf 85' lang='lat' dir='ltr'><strong>magister</strong></span> <span class='ocrx_word' id='word_1_598' title='bbox 3281 2109 3296 2133; x_wconf 90' lang='lat'><strong>,</strong></span> <span class='ocrx_word' id='word_1_599' title='bbox 3329 2068 3431 2123; x_wconf 90' lang='lat' dir='ltr'><strong>hoc</strong></span> <span class='ocrx_word' id='word_1_600' title='bbox 3470 2070 3642 2140; x_wconf 88' lang='lat' dir='ltr'><strong>ipsum</strong></span> 
     </span>
    </p>
   </div>
   <div class='ocr_carea' id='block_1_80' title="bbox 2059 2156 3644 2233">
    <p class='ocr_par' dir='ltr' id='par_1_80' title="bbox 2059 2156 3644 2233">
     <span class='ocr_line' id='line_1_80' title="bbox 2059 2156 3644 2233; baseline 0.005 -23"><span class='ocrx_word' id='word_1_601' title='bbox 2059 2156 2151 2213; x_wconf 89' lang='lat' dir='ltr'><strong>ille</strong></span> <span class='ocrx_word' id='word_1_602' title='bbox 2179 2158 2417 2228; x_wconf 89' lang='lat' dir='ltr'><strong>corrigit,</strong></span> <span class='ocrx_word' id='word_1_603' title='bbox 2446 2173 2509 2213; x_wconf 89' lang='lat' dir='ltr'><strong>ac</strong></span> <span class='ocrx_word' id='word_1_604' title='bbox 2538 2158 2583 2213; x_wconf 90' lang='lat' dir='ltr'><strong>si</strong></span> <span class='ocrx_word' id='word_1_605' title='bbox 2613 2158 2755 2213; x_wconf 91' lang='lat' dir='ltr'><strong>dicat</strong></span> <span class='ocrx_word' id='word_1_606' title='bbox 2779 2177 2792 2213; x_wconf 91' lang='lat'><strong>:</strong></span> <span class='ocrx_word' id='word_1_607' title='bbox 2823 2159 2900 2214; x_wconf 91' lang='lat' dir='ltr'><strong>Ne</strong></span> <span class='ocrx_word' id='word_1_608' title='bbox 2921 2169 3076 2230; x_wconf 90' lang='lat' dir='ltr'><strong>putes</strong></span> <span class='ocrx_word' id='word_1_609' title='bbox 3114 2175 3201 2216; x_wconf 86' lang='lat' dir='ltr'><strong>me</strong></span> <span class='ocrx_word' id='word_1_610' title='bbox 3230 2163 3300 2216; x_wconf 93' lang='lat' dir='ltr'><strong>ita</strong></span> <span class='ocrx_word' id='word_1_611' title='bbox 3332 2161 3644 2233; x_wconf 88' lang='lat' dir='ltr'><strong>magistrum</strong></span> 
     </span>
    </p>
   </div>
   <div class='ocr_carea' id='block_1_81' title="bbox 2058 2251 3646 2323">
    <p class='ocr_par' dir='ltr' id='par_1_81' title="bbox 2058 2251 3646 2323">
     <span class='ocr_line' id='line_1_81' title="bbox 2058 2251 3646 2323; baseline 0.001 -17"><span class='ocrx_word' id='word_1_612' title='bbox 2058 2264 2178 2306; x_wconf 89' lang='lat' dir='ltr'><strong>esse</strong></span> <span class='ocrx_word' id='word_1_613' title='bbox 2205 2258 2263 2304; x_wconf 89' lang='lat' dir='ltr'><strong>ut</strong></span> <span class='ocrx_word' id='word_1_614' title='bbox 2290 2251 2439 2306; x_wconf 91' lang='lat' dir='ltr'><strong>multi</strong></span> <span class='ocrx_word' id='word_1_615' title='bbox 2466 2251 2744 2322; x_wconf 64' lang='lat' dir='ltr'><strong>prophetae</strong></span> <span class='ocrx_word' id='word_1_616' title='bbox 2768 2294 2783 2318; x_wconf 93' lang='lat'><strong>,</strong></span> <span class='ocrx_word' id='word_1_617' title='bbox 2819 2253 2907 2323; x_wconf 89' lang='lat' dir='ltr'><strong>qui</strong></span> <span class='ocrx_word' id='word_1_618' title='bbox 2942 2253 3010 2307; x_wconf 91' lang='lat' dir='ltr'><strong>de</strong></span> <span class='ocrx_word' id='word_1_619' title='bbox 3038 2262 3177 2307; x_wconf 91' lang='lat' dir='ltr'><strong>terra</strong></span> <span class='ocrx_word' id='word_1_620' title='bbox 3204 2263 3377 2307; x_wconf 88' lang='lat' dir='ltr'><strong>erant.</strong></span> <span class='ocrx_word' id='word_1_621' title='bbox 3410 2254 3484 2309; x_wconf 77' lang='lat' dir='ltr'><strong>Ex</strong></span> <span class='ocrx_word' id='word_1_622' title='bbox 3513 2254 3646 2309; x_wconf 63' lang='lat' dir='ltr'><strong>caelo</strong></span> 
     </span>
    </p>
   </div>
   <div class='ocr_carea' id='block_1_82' title="bbox 2060 2343 3645 2415">
    <p class='ocr_par' dir='ltr' id='par_1_82' title="bbox 2060 2343 3645 2415">
     <span class='ocr_line' id='line_1_82' title="bbox 2060 2343 3645 2415; baseline 0.003 -18"><span class='ocrx_word' id='word_1_623' title='bbox 2060 2357 2288 2413; x_wconf 88' lang='lat' dir='ltr'><strong>namque</strong></span> <span class='ocrx_word' id='word_1_624' title='bbox 2314 2343 2490 2398; x_wconf 89' lang='lat' dir='ltr'><strong>venio.</strong></span> <span class='ocrx_word' id='word_1_625' title='bbox 2520 2343 2905 2415; x_wconf 84' lang='lat' dir='ltr'><strong>Prophetarum</strong></span> <span class='ocrx_word' id='word_1_626' title='bbox 2934 2345 3132 2415; x_wconf 89' lang='lat' dir='ltr'><strong>quippe</strong></span> <span class='ocrx_word' id='word_1_627' title='bbox 3160 2345 3337 2400; x_wconf 88' lang='lat' dir='ltr'><strong>nullus</strong></span> <span class='ocrx_word' id='word_1_628' title='bbox 3365 2361 3429 2400; x_wconf 93' lang='lat' dir='ltr'><strong>eo</strong></span> <span class='ocrx_word' id='word_1_629' title='bbox 3455 2361 3645 2401; x_wconf 87' lang='lat' dir='ltr'><strong>ascen-</strong></span> 
     </span>
    </p>
   </div>
   <div class='ocr_carea' id='block_1_83' title="bbox 2060 2432 3644 2504">
    <p class='ocr_par' dir='ltr' id='par_1_83' title="bbox 2060 2432 3644 2504">
     <span class='ocr_line' id='line_1_83' title="bbox 2060 2432 3644 2504; baseline 0.001 -18"><span class='ocrx_word' id='word_1_630' title='bbox 2060 2432 2184 2498; x_wconf 92' lang='lat' dir='ltr'><strong>dit;</strong></span> <span class='ocrx_word' id='word_1_631' title='bbox 2230 2448 2331 2503; x_wconf 86' lang='lat' dir='ltr'><strong>ego</strong></span> <span class='ocrx_word' id='word_1_632' title='bbox 2376 2433 2483 2487; x_wconf 92' lang='lat' dir='ltr'><strong>illie</strong></span> <span class='ocrx_word' id='word_1_633' title='bbox 2534 2432 2733 2489; x_wconf 87' lang='lat' dir='ltr'><strong>habito.</strong></span> <span class='ocrx_word' id='word_1_634' title='bbox 2775 2433 2961 2489; x_wconf 83' lang='lat' dir='ltr'><strong>Viden&#39;</strong></span> <span class='ocrx_word' id='word_1_635' title='bbox 3001 2434 3272 2504; x_wconf 90' lang='lat' dir='ltr'><strong>quomodo</strong></span> <span class='ocrx_word' id='word_1_636' title='bbox 3312 2435 3443 2490; x_wconf 91' lang='lat' dir='ltr'><strong>illud</strong></span> <span class='ocrx_word' id='word_1_637' title='bbox 3485 2436 3644 2490; x_wconf 90' lang='lat' dir='ltr'><strong>etiam</strong></span> 
     </span>
    </p>
   </div>
   <div class='ocr_carea' id='block_1_84' title="bbox 2060 2523 3643 2597">
    <p class='ocr_par' dir='ltr' id='par_1_84' title="bbox 2060 2523 3643 2597">
     <span class='ocr_line' id='line_1_84' title="bbox 2060 2523 3643 2597; baseline 0.003 -20"><span class='ocrx_word' id='word_1_638' title='bbox 2060 2523 2201 2594; x_wconf 88' lang='lat' dir='ltr'><strong>quod</strong></span> <span class='ocrx_word' id='word_1_639' title='bbox 2229 2524 2515 2579; x_wconf 89' lang='lat' dir='ltr'><strong>admodum</strong></span> <span class='ocrx_word' id='word_1_640' title='bbox 2548 2525 2777 2580; x_wconf 90' lang='lat' dir='ltr'><strong>sublime</strong></span> <span class='ocrx_word' id='word_1_641' title='bbox 2802 2525 3014 2581; x_wconf 88' lang='lat' dir='ltr'><strong>videtur</strong></span> <span class='ocrx_word' id='word_1_642' title='bbox 3040 2540 3160 2581; x_wconf 87' lang='lat' dir='ltr'><strong>esse</strong></span> <span class='ocrx_word' id='word_1_643' title='bbox 3182 2566 3198 2592; x_wconf 92' lang='lat'><strong>,</strong></span> <span class='ocrx_word' id='word_1_644' title='bbox 3234 2525 3351 2595; x_wconf 89' lang='lat' dir='ltr'><strong>ejus</strong></span> <span class='ocrx_word' id='word_1_645' title='bbox 3377 2527 3643 2597; x_wconf 88' lang='lat' dir='ltr'><strong>magnitu-</strong></span> 
     </span>
    </p>
   </div>
   <div class='ocr_carea' id='block_1_85' title="bbox 2063 2615 3647 2686">
    <p class='ocr_par' dir='ltr' id='par_1_85' title="bbox 2063 2615 3647 2686">
     <span class='ocr_line' id='line_1_85' title="bbox 2063 2615 3647 2686; baseline 0.001 -16"><span class='ocrx_word' id='word_1_646' title='bbox 2063 2616 2185 2670; x_wconf 91' lang='lat' dir='ltr'><strong>dine</strong></span> <span class='ocrx_word' id='word_1_647' title='bbox 2215 2616 2641 2686; x_wconf 88' lang='lat' dir='ltr'><strong>indignissimum</strong></span> <span class='ocrx_word' id='word_1_648' title='bbox 2686 2617 2803 2671; x_wconf 79' lang='lat' dir='ltr'><strong>sit?</strong></span> <span class='ocrx_word' id='word_1_649' title='bbox 2842 2615 2957 2671; x_wconf 87' lang='lat' dir='ltr'><strong>Non</strong></span> <span class='ocrx_word' id='word_1_650' title='bbox 3000 2626 3205 2672; x_wconf 89' lang='lat' dir='ltr'><strong>tantum</strong></span> <span class='ocrx_word' id='word_1_651' title='bbox 3236 2617 3378 2673; x_wconf 88' lang='lat' dir='ltr'><strong>enim</strong></span> <span class='ocrx_word' id='word_1_652' title='bbox 3418 2617 3469 2672; x_wconf 91' lang='lat' dir='ltr'><strong>in</strong></span> <span class='ocrx_word' id='word_1_653' title='bbox 3513 2617 3647 2674; x_wconf 73' lang='lat' dir='ltr'><strong>czelo</strong></span> 
     </span>
    </p>
   </div>
   <div class='ocr_carea' id='block_1_86' title="bbox 2061 2706 3646 2778">
    <p class='ocr_par' dir='ltr' id='par_1_86' title="bbox 2061 2706 3646 2778">
     <span class='ocr_line' id='line_1_86' title="bbox 2061 2706 3646 2778; baseline 0 -16"><span class='ocrx_word' id='word_1_654' title='bbox 2061 2714 2162 2773; x_wconf 90' lang='lat' dir='ltr'><strong>est,</strong></span> <span class='ocrx_word' id='word_1_655' title='bbox 2187 2707 2279 2762; x_wconf 90' lang='lat' dir='ltr'><strong>sed</strong></span> <span class='ocrx_word' id='word_1_656' title='bbox 2311 2708 2468 2762; x_wconf 84' lang='lat' dir='ltr'><strong>etiam</strong></span> <span class='ocrx_word' id='word_1_657' title='bbox 2497 2709 2713 2778; x_wconf 88' lang='lat' dir='ltr'><strong>ubique,</strong></span> <span class='ocrx_word' id='word_1_658' title='bbox 2745 2717 2800 2763; x_wconf 91' lang='lat' dir='ltr'><strong>et</strong></span> <span class='ocrx_word' id='word_1_659' title='bbox 2824 2709 3000 2763; x_wconf 84' lang='lat' dir='ltr'><strong>omnia</strong></span> <span class='ocrx_word' id='word_1_660' title='bbox 3024 2709 3227 2778; x_wconf 83' lang='lat' dir='ltr'><strong>implet.</strong></span> <span class='ocrx_word' id='word_1_661' title='bbox 3252 2706 3449 2763; x_wconf 77' lang='lat' dir='ltr'><strong>Verum</strong></span> <span class='ocrx_word' id='word_1_662' title='bbox 3471 2707 3646 2763; x_wconf 87' lang='lat' dir='ltr'><strong>adhuc</strong></span> 
     </span>
    </p>
   </div>
   <div class='ocr_carea' id='block_1_87' title="bbox 2063 2798 3646 2868">
    <p class='ocr_par' dir='ltr' id='par_1_87' title="bbox 2063 2798 3646 2868">
     <span class='ocr_line' id='line_1_87' title="bbox 2063 2798 3646 2868; baseline 0.001 -17"><span class='ocrx_word' id='word_1_663' title='bbox 2063 2813 2158 2867; x_wconf 81' lang='lat' dir='ltr'><strong>pro</strong></span> <span class='ocrx_word' id='word_1_664' title='bbox 2189 2798 2447 2853; x_wconf 88' lang='lat' dir='ltr'><strong>auditoris</strong></span> <span class='ocrx_word' id='word_1_665' title='bbox 2474 2798 2839 2853; x_wconf 87' lang='lat' dir='ltr'><strong>imbecillitate</strong></span> <span class='ocrx_word' id='word_1_666' title='bbox 2860 2798 3117 2866; x_wconf 87' lang='lat' dir='ltr'><strong>loquitur,</strong></span> <span class='ocrx_word' id='word_1_667' title='bbox 3140 2806 3200 2851; x_wconf 92' lang='lat' dir='ltr'><strong>ut</strong></span> <span class='ocrx_word' id='word_1_668' title='bbox 3224 2798 3476 2868; x_wconf 88' lang='lat' dir='ltr'><strong>paulatim</strong></span> <span class='ocrx_word' id='word_1_669' title='bbox 3495 2798 3646 2853; x_wconf 91' lang='lat' dir='ltr'><strong>illum</strong></span> 
     </span>
    </p>
   </div>
   <div class='ocr_carea' id='block_1_88' title="bbox 2063 2890 3647 2960">
    <p class='ocr_par' dir='ltr' id='par_1_88' title="bbox 2063 2890 3647 2960">
     <span class='ocr_line' id='line_1_88' title="bbox 2063 2890 3647 2960; baseline 0.001 -16"><span class='ocrx_word' id='word_1_670' title='bbox 2063 2891 2249 2960; x_wconf 91' lang='lat' dir='ltr'><strong>erigat.</strong></span> <span class='ocrx_word' id='word_1_671' title='bbox 2279 2890 2472 2946; x_wconf 85' lang='lat' dir='ltr'><strong>Filium</strong></span> <span class='ocrx_word' id='word_1_672' title='bbox 2499 2902 2676 2947; x_wconf 88' lang='lat' dir='ltr'><strong>autem</strong></span> <span class='ocrx_word' id='word_1_673' title='bbox 2717 2890 2949 2946; x_wconf 88' lang='lat' dir='ltr'><strong>hominis</strong></span> <span class='ocrx_word' id='word_1_674' title='bbox 2985 2890 3072 2945; x_wconf 87' lang='lat' dir='ltr'><strong>hic</strong></span> <span class='ocrx_word' id='word_1_675' title='bbox 3103 2906 3207 2944; x_wconf 92' lang='lat' dir='ltr'><strong>non</strong></span> <span class='ocrx_word' id='word_1_676' title='bbox 3246 2906 3462 2946; x_wconf 89' lang='lat' dir='ltr'><strong>carnem</strong></span> <span class='ocrx_word' id='word_1_677' title='bbox 3491 2906 3647 2947; x_wconf 79' lang='lat' dir='ltr'><strong>voca-</strong></span> 
     </span>
    </p>
   </div>
   <div class='ocr_carea' id='block_1_89' title="bbox 2064 2979 3638 3047">
    <p class='ocr_par' dir='ltr' id='par_1_89' title="bbox 2064 2979 3638 3047">
     <span class='ocr_line' id='line_1_89' title="bbox 2064 2979 3638 3047; baseline 0 -14"><span class='ocrx_word' id='word_1_678' title='bbox 2064 2980 2157 3047; x_wconf 84' lang='lat' dir='ltr'><strong>vit,</strong></span> <span class='ocrx_word' id='word_1_679' title='bbox 2183 2981 2278 3036; x_wconf 91' lang='lat' dir='ltr'><strong>sed</strong></span> <span class='ocrx_word' id='word_1_680' title='bbox 2307 2997 2337 3035; x_wconf 87' lang='lat' dir='ltr'><strong>a</strong></span> <span class='ocrx_word' id='word_1_681' title='bbox 2380 2982 2570 3037; x_wconf 87' lang='lat' dir='ltr'><strong>minori</strong></span> <span class='ocrx_word' id='word_1_682' title='bbox 2602 2982 2894 3037; x_wconf 88' lang='lat' dir='ltr'><strong>substantia</strong></span> <span class='ocrx_word' id='word_1_683' title='bbox 2926 2995 2984 3035; x_wconf 90' lang='lat' dir='ltr'><strong>se</strong></span> <span class='ocrx_word' id='word_1_684' title='bbox 3013 2988 3182 3035; x_wconf 88' lang='lat' dir='ltr'><strong>totum</strong></span> <span class='ocrx_word' id='word_1_685' title='bbox 3206 3019 3221 3045; x_wconf 91' lang='lat'><strong>,</strong></span> <span class='ocrx_word' id='word_1_686' title='bbox 3256 2989 3314 3033; x_wconf 92' lang='lat' dir='ltr'><strong>nt</strong></span> <span class='ocrx_word' id='word_1_687' title='bbox 3340 2980 3413 3034; x_wconf 92' lang='lat' dir='ltr'><strong>ita</strong></span> <span class='ocrx_word' id='word_1_688' title='bbox 3440 2979 3638 3045; x_wconf 87' lang='lat' dir='ltr'><strong>dicam,</strong></span> 
     </span>
    </p>
   </div>
   <div class='ocr_carea' id='block_1_90' title="bbox 2064 3072 3650 3143">
    <p class='ocr_par' dir='ltr' id='par_1_90' title="bbox 2064 3072 3650 3143">
     <span class='ocr_line' id='line_1_90' title="bbox 2064 3072 3650 3143; baseline -0.002 -15"><span class='ocrx_word' id='word_1_689' title='bbox 2064 3075 2379 3128; x_wconf 85' lang='lat' dir='ltr'><strong>nominavit.</strong></span> <span class='ocrx_word' id='word_1_690' title='bbox 2424 3074 2572 3130; x_wconf 90' lang='lat' dir='ltr'><strong>Solet</strong></span> <span class='ocrx_word' id='word_1_691' title='bbox 2610 3074 2752 3130; x_wconf 89' lang='lat' dir='ltr'><strong>enim</strong></span> <span class='ocrx_word' id='word_1_692' title='bbox 2783 3089 2927 3143; x_wconf 68' lang='lat' dir='ltr'><strong>saepe</strong></span> <span class='ocrx_word' id='word_1_693' title='bbox 2968 3088 2998 3127; x_wconf 91' lang='lat' dir='ltr'><strong>a</strong></span> <span class='ocrx_word' id='word_1_694' title='bbox 3042 3072 3318 3128; x_wconf 82' lang='lat' dir='ltr'><strong>divinitate</strong></span> <span class='ocrx_word' id='word_1_695' title='bbox 3344 3114 3359 3138; x_wconf 92' lang='lat'><strong>,</strong></span> <span class='ocrx_word' id='word_1_696' title='bbox 3404 3086 3547 3142; x_wconf 68' lang='lat' dir='ltr'><strong>stupe</strong></span> <span class='ocrx_word' id='word_1_697' title='bbox 3581 3072 3650 3126; x_wconf 89' lang='lat' dir='ltr'><strong>ab</strong></span> 
     </span>
    </p>
   </div>
   <div class='ocr_carea' id='block_1_91' title="bbox 2065 3161 3650 3232">
    <p class='ocr_par' dir='ltr' id='par_1_91' title="bbox 2065 3161 3650 3232">
     <span class='ocr_line' id='line_1_91' title="bbox 2065 3161 3650 3232; baseline -0.001 -15"><span class='ocrx_word' id='word_1_698' title='bbox 2065 3163 2392 3220; x_wconf 88' lang='lat' dir='ltr'><strong>humanitate</strong></span> <span class='ocrx_word' id='word_1_699' title='bbox 2419 3207 2434 3232; x_wconf 91' lang='lat'><strong>,</strong></span> <span class='ocrx_word' id='word_1_700' title='bbox 2479 3181 2538 3220; x_wconf 90' lang='lat' dir='ltr'><strong>se</strong></span> <span class='ocrx_word' id='word_1_701' title='bbox 2587 3174 2755 3219; x_wconf 91' lang='lat' dir='ltr'><strong>totum</strong></span> <span class='ocrx_word' id='word_1_702' title='bbox 2807 3178 3019 3219; x_wconf 88' lang='lat' dir='ltr'><strong>vocare.</strong></span> <span class='ocrx_word' id='word_1_703' title='bbox 3069 3164 3156 3218; x_wconf 70' lang='grc'><strong>14.</strong></span> <span class='ocrx_word' id='word_1_704' title='bbox 3199 3163 3264 3216; x_wconf 84' lang='lat' dir='ltr'><strong>Et</strong></span> <span class='ocrx_word' id='word_1_705' title='bbox 3307 3163 3438 3217; x_wconf 84' lang='lat' dir='ltr'><strong>sicut</strong></span> <span class='ocrx_word' id='word_1_706' title='bbox 3483 3161 3650 3216; x_wconf 77' lang='lat' dir='ltr'><strong>Moses</strong></span> 
     </span>
    </p>
   </div>
   <div class='ocr_carea' id='block_1_92' title="bbox 2064 3254 3648 3326">
    <p class='ocr_par' dir='ltr' id='par_1_92' title="bbox 2064 3254 3648 3326">
     <span class='ocr_line' id='line_1_92' title="bbox 2064 3254 3648 3326; baseline -0.002 -15"><span class='ocrx_word' id='word_1_707' title='bbox 2064 3258 2301 3311; x_wconf 81' lang='lat' dir='ltr'><strong>exultavit</strong></span> <span class='ocrx_word' id='word_1_708' title='bbox 2331 3267 2609 3325; x_wconf 87' lang='lat' dir='ltr'><strong>serpentem</strong></span> <span class='ocrx_word' id='word_1_709' title='bbox 2632 3257 2685 3310; x_wconf 91' lang='lat' dir='ltr'><strong>in</strong></span> <span class='ocrx_word' id='word_1_710' title='bbox 2721 3256 2916 3311; x_wconf 86' lang='lat' dir='ltr'><strong>deserto</strong></span> <span class='ocrx_word' id='word_1_711' title='bbox 2948 3297 2962 3319; x_wconf 92' lang='lat'><strong>,</strong></span> <span class='ocrx_word' id='word_1_712' title='bbox 2996 3256 3066 3309; x_wconf 91' lang='lat' dir='ltr'><strong>ita</strong></span> <span class='ocrx_word' id='word_1_713' title='bbox 3091 3254 3305 3315; x_wconf 71' lang='lat' dir='ltr'><strong>exaltari</strong></span> <span class='ocrx_word' id='word_1_714' title='bbox 3330 3264 3526 3326; x_wconf 84' lang='lat' dir='ltr'><strong>oportet</strong></span> <span class='ocrx_word' id='word_1_715' title='bbox 3554 3254 3648 3309; x_wconf 82' lang='lat' dir='ltr'><strong>Fi-</strong></span> 
     </span>
    </p>
   </div>
   <div class='ocr_carea' id='block_1_93' title="bbox 2066 3347 3650 3416">
    <p class='ocr_par' dir='ltr' id='par_1_93' title="bbox 2066 3347 3650 3416">
     <span class='ocr_line' id='line_1_93' title="bbox 2066 3347 3650 3416; baseline 0.003 -16"><span class='ocrx_word' id='word_1_716' title='bbox 2066 3348 2188 3401; x_wconf 85' lang='lat' dir='ltr'><strong>lium</strong></span> <span class='ocrx_word' id='word_1_717' title='bbox 2210 3349 2445 3402; x_wconf 84' lang='lat' dir='ltr'><strong>hominis.</strong></span> <span class='ocrx_word' id='word_1_718' title='bbox 2472 3347 2587 3403; x_wconf 84' lang='lat' dir='ltr'><strong>Hoc</strong></span> <span class='ocrx_word' id='word_1_719' title='bbox 2612 3363 2820 3402; x_wconf 89' lang='lat' dir='ltr'><strong>rursum</strong></span> <span class='ocrx_word' id='word_1_720' title='bbox 2844 3347 3053 3403; x_wconf 88' lang='lat' dir='ltr'><strong>videtur</strong></span> <span class='ocrx_word' id='word_1_721' title='bbox 3072 3363 3102 3401; x_wconf 91' lang='lat' dir='ltr'><strong>a</strong></span> <span class='ocrx_word' id='word_1_722' title='bbox 3130 3348 3499 3416; x_wconf 90' lang='lat' dir='ltr'><strong>superioribus</strong></span> <span class='ocrx_word' id='word_1_723' title='bbox 3521 3349 3650 3404; x_wconf 87' lang='lat' dir='ltr'><strong>alie-</strong></span> 
     </span>
    </p>
   </div>
   <div class='ocr_carea' id='block_1_94' title="bbox 2066 3439 3650 3503">
    <p class='ocr_par' dir='ltr' id='par_1_94' title="bbox 2066 3439 3650 3503">
     <span class='ocr_line' id='line_1_94' title="bbox 2066 3439 3650 3503; baseline 0.001 -10"><span class='ocrx_word' id='word_1_724' title='bbox 2066 3456 2189 3493; x_wconf 91' lang='lat' dir='ltr'><strong>num</strong></span> <span class='ocrx_word' id='word_1_725' title='bbox 2216 3457 2229 3503; x_wconf 91' lang='lat'><strong>;</strong></span> <span class='ocrx_word' id='word_1_726' title='bbox 2264 3440 2356 3495; x_wconf 83' lang='lat' dir='ltr'><strong>sed</strong></span> <span class='ocrx_word' id='word_1_727' title='bbox 2396 3456 2516 3495; x_wconf 92' lang='lat' dir='ltr'><strong>cum</strong></span> <span class='ocrx_word' id='word_1_728' title='bbox 2549 3440 2653 3494; x_wconf 92' lang='lat' dir='ltr'><strong>illis</strong></span> <span class='ocrx_word' id='word_1_729' title='bbox 2681 3440 2911 3494; x_wconf 83' lang='lat' dir='ltr'><strong>maxime</strong></span> <span class='ocrx_word' id='word_1_730' title='bbox 2940 3441 3226 3493; x_wconf 90' lang='lat' dir='ltr'><strong>consentit.</strong></span> <span class='ocrx_word' id='word_1_731' title='bbox 3258 3439 3392 3495; x_wconf 88' lang='lat' dir='ltr'><strong>Cum</strong></span> <span class='ocrx_word' id='word_1_732' title='bbox 3428 3440 3650 3496; x_wconf 76' lang='lat' dir='ltr'><strong>dixisset</strong></span> 
     </span>
    </p>
   </div>
   <div class='ocr_carea' id='block_1_95' title="bbox 2064 3530 3651 3603">
    <p class='ocr_par' dir='ltr' id='par_1_95' title="bbox 2064 3530 3651 3603">
     <span class='ocr_line' id='line_1_95' title="bbox 2064 3530 3651 3603; baseline 0 -16"><span class='ocrx_word' id='word_1_733' title='bbox 2064 3533 2207 3587; x_wconf 89' lang='lat' dir='ltr'><strong>enim</strong></span> <span class='ocrx_word' id='word_1_734' title='bbox 2269 3533 2556 3587; x_wconf 68' lang='lat' dir='ltr'><strong>maximum</strong></span> <span class='ocrx_word' id='word_1_735' title='bbox 2602 3548 2697 3603; x_wconf 90' lang='lat' dir='ltr'><strong>per</strong></span> <span class='ocrx_word' id='word_1_736' title='bbox 2736 3531 3001 3601; x_wconf 90' lang='lat' dir='ltr'><strong>baptisma</strong></span> <span class='ocrx_word' id='word_1_737' title='bbox 3057 3531 3306 3585; x_wconf 92' lang='lat' dir='ltr'><strong>collatum</strong></span> <span class='ocrx_word' id='word_1_738' title='bbox 3349 3530 3651 3588; x_wconf 89' lang='lat' dir='ltr'><strong>hominibus</strong></span> 
     </span>
    </p>
   </div>
   <div class='ocr_carea' id='block_1_96' title="bbox 2066 3621 3649 3692">
    <p class='ocr_par' dir='ltr' id='par_1_96' title="bbox 2066 3621 3649 3692">
     <span class='ocr_line' id='line_1_96' title="bbox 2066 3621 3649 3692; baseline -0.001 -15"><span class='ocrx_word' id='word_1_739' title='bbox 2066 3638 2185 3677; x_wconf 87' lang='lat' dir='ltr'><strong>esse</strong></span> <span class='ocrx_word' id='word_1_740' title='bbox 2213 3622 2528 3677; x_wconf 87' lang='lat' dir='ltr'><strong>beneﬁcium</strong></span> <span class='ocrx_word' id='word_1_741' title='bbox 2557 3666 2570 3689; x_wconf 89' lang='lat'><strong>,</strong></span> <span class='ocrx_word' id='word_1_742' title='bbox 2603 3622 2749 3677; x_wconf 84' lang='lat' dir='ltr'><strong>addit</strong></span> <span class='ocrx_word' id='word_1_743' title='bbox 2799 3621 2957 3692; x_wconf 89' lang='lat' dir='ltr'><strong>hujus</strong></span> <span class='ocrx_word' id='word_1_744' title='bbox 3000 3636 3215 3676; x_wconf 89' lang='lat' dir='ltr'><strong>causam</strong></span> <span class='ocrx_word' id='word_1_745' title='bbox 3240 3664 3256 3689; x_wconf 93' lang='lat'><strong>,</strong></span> <span class='ocrx_word' id='word_1_746' title='bbox 3300 3637 3474 3692; x_wconf 88' lang='lat' dir='ltr'><strong>neque</strong></span> <span class='ocrx_word' id='word_1_747' title='bbox 3504 3623 3649 3677; x_wconf 88' lang='lat' dir='ltr'><strong>illam</strong></span> 
     </span>
    </p>
   </div>
   <div class='ocr_carea' id='block_1_97' title="bbox 2066 3712 3651 3784">
    <p class='ocr_par' dir='ltr' id='par_1_97' title="bbox 2066 3712 3651 3784">
     <span class='ocr_line' id='line_1_97' title="bbox 2066 3712 3651 3784; baseline -0.001 -16"><span class='ocrx_word' id='word_1_748' title='bbox 2066 3714 2327 3768; x_wconf 90' lang='lat' dir='ltr'><strong>minorem</strong></span> <span class='ocrx_word' id='word_1_749' title='bbox 2354 3755 2367 3779; x_wconf 93' lang='lat'><strong>,</strong></span> <span class='ocrx_word' id='word_1_750' title='bbox 2401 3713 2604 3767; x_wconf 84' lang='lat' dir='ltr'><strong>scilicet</strong></span> <span class='ocrx_word' id='word_1_751' title='bbox 2661 3728 2757 3784; x_wconf 89' lang='lat' dir='ltr'><strong>per</strong></span> <span class='ocrx_word' id='word_1_752' title='bbox 2813 3728 3050 3768; x_wconf 91' lang='lat' dir='ltr'><strong>crucem.</strong></span> <span class='ocrx_word' id='word_1_753' title='bbox 3098 3712 3555 3781; x_wconf 85' lang='lat' dir='ltr'><strong>Quemadmodum</strong></span> <span class='ocrx_word' id='word_1_754' title='bbox 3598 3725 3651 3768; x_wconf 90' lang='lat' dir='ltr'><strong>et</strong></span> 
     </span>
    </p>
   </div>
   <div class='ocr_carea' id='block_1_98' title="bbox 2068 3805 3651 3878">
    <p class='ocr_par' dir='ltr' id='par_1_98' title="bbox 2068 3805 3651 3878">
     <span class='ocr_line' id='line_1_98' title="bbox 2068 3805 3651 3878; baseline -0.001 -17"><span class='ocrx_word' id='word_1_755' title='bbox 2068 3808 2260 3862; x_wconf 86' lang='lat' dir='ltr'><strong>Paulus</strong></span> <span class='ocrx_word' id='word_1_756' title='bbox 2288 3806 2593 3862; x_wconf 87' lang='lat' dir='ltr'><strong>Corinthios</strong></span> <span class='ocrx_word' id='word_1_757' title='bbox 2622 3806 2902 3878; x_wconf 84' lang='lat' dir='ltr'><strong>alloquens</strong></span> <span class='ocrx_word' id='word_1_758' title='bbox 2920 3846 2935 3870; x_wconf 95' lang='lat'><strong>,</strong></span> <span class='ocrx_word' id='word_1_759' title='bbox 2966 3805 3079 3860; x_wconf 72' lang='lat' dir='ltr'><strong>hmc</strong></span> <span class='ocrx_word' id='word_1_760' title='bbox 3106 3806 3262 3861; x_wconf 90' lang='lat' dir='ltr'><strong>simul</strong></span> <span class='ocrx_word' id='word_1_761' title='bbox 3284 3805 3462 3876; x_wconf 88' lang='lat' dir='ltr'><strong>jungit</strong></span> <span class='ocrx_word' id='word_1_762' title='bbox 3489 3806 3651 3861; x_wconf 88' lang='lat' dir='ltr'><strong>bene-</strong></span> 
     </span>
    </p>
   </div>
   <div class='ocr_carea' id='block_1_99' title="bbox 2067 3898 3651 3967">
    <p class='ocr_par' dir='ltr' id='par_1_99' title="bbox 2067 3898 3651 3967">
     <span class='ocr_line' id='line_1_99' title="bbox 2067 3898 3651 3967; baseline -0.004 -12"><span class='ocrx_word' id='word_1_763' title='bbox 2067 3901 2184 3956; x_wconf 80' lang='lat' dir='ltr'><strong>ﬁcia</strong></span> <span class='ocrx_word' id='word_1_764' title='bbox 2227 3900 2309 3956; x_wconf 87' lang='lat' dir='ltr'><strong>his</strong></span> <span class='ocrx_word' id='word_1_765' title='bbox 2360 3901 2573 3956; x_wconf 83' lang='lat' dir='ltr'><strong>verbis:</strong></span> <span class='ocrx_word' id='word_1_766' title='bbox 2608 3899 2873 3967; x_wconf 86' lang='lat' dir='ltr'><strong>Numquid</strong></span> <span class='ocrx_word' id='word_1_767' title='bbox 2914 3898 3112 3953; x_wconf 86' lang='lat' dir='ltr'><strong>Paulus</strong></span> <span class='ocrx_word' id='word_1_768' title='bbox 3146 3898 3417 3966; x_wconf 75' lang='lat' dir='ltr'><strong>cruciﬁxus</strong></span> <span class='ocrx_word' id='word_1_769' title='bbox 3462 3906 3535 3950; x_wconf 89' lang='lat' dir='ltr'><strong>est</strong></span> <span class='ocrx_word' id='word_1_770' title='bbox 3561 3913 3651 3967; x_wconf 84' lang='lat' dir='ltr'><strong>pro</strong></span> 
     </span>
    </p>
   </div>
   <div class='ocr_carea' id='block_1_100' title="bbox 2065 3987 3646 4060">
    <p class='ocr_par' dir='ltr' id='par_1_100' title="bbox 2065 3987 3646 4060">
     <span class='ocr_line' id='line_1_100' title="bbox 2065 3987 3646 4060; baseline -0.002 -15"><span class='ocrx_word' id='word_1_771' title='bbox 2065 3993 2243 4047; x_wconf 80' lang='lat' dir='ltr'><strong>vobis?</strong></span> <span class='ocrx_word' id='word_1_772' title='bbox 2270 4002 2357 4047; x_wconf 89' lang='lat' dir='ltr'><strong>aut</strong></span> <span class='ocrx_word' id='word_1_773' title='bbox 2386 3994 2439 4045; x_wconf 86' lang='lat' dir='ltr'><strong>in</strong></span> <span class='ocrx_word' id='word_1_774' title='bbox 2469 3992 2669 4047; x_wconf 87' lang='lat' dir='ltr'><strong>nomine</strong></span> <span class='ocrx_word' id='word_1_775' title='bbox 2686 3990 2842 4045; x_wconf 85' lang='lat' dir='ltr'><strong>Pauli</strong></span> <span class='ocrx_word' id='word_1_776' title='bbox 2859 3990 3099 4060; x_wconf 74' lang='lat' dir='ltr'><strong>baptizati</strong></span> <span class='ocrx_word' id='word_1_777' title='bbox 3127 3991 3245 4043; x_wconf 87' lang='lat' dir='ltr'><strong>estis</strong></span> <span class='ocrx_word' id='word_1_778' title='bbox 3267 3987 3409 4058; x_wconf 84' lang='lat' dir='ltr'><strong>(Cor.</strong></span> <span class='ocrx_word' id='word_1_779' title='bbox 3431 3989 3481 4042; x_wconf 82' lang='grc'><strong>1.</strong></span> <span class='ocrx_word' id='word_1_780' title='bbox 3512 3988 3600 4057; x_wconf 81' lang='grc'><strong>15)</strong></span> <span class='ocrx_word' id='word_1_781' title='bbox 3623 3987 3646 4041; x_wconf 82' lang='lat'><strong>?</strong></span> 
     </span>
    </p>
   </div>
   <div class='ocr_carea' id='block_1_101' title="bbox 2068 4078 3651 4148">
    <p class='ocr_par' dir='ltr' id='par_1_101' title="bbox 2068 4078 3651 4148">
     <span class='ocr_line' id='line_1_101' title="bbox 2068 4078 3651 4148; baseline -0.004 -11"><span class='ocrx_word' id='word_1_782' title='bbox 2068 4084 2191 4139; x_wconf 62' lang='lat' dir='ltr'><strong>Haec</strong></span> <span class='ocrx_word' id='word_1_783' title='bbox 2212 4084 2354 4139; x_wconf 91' lang='lat' dir='ltr'><strong>enim</strong></span> <span class='ocrx_word' id='word_1_784' title='bbox 2378 4082 2484 4137; x_wconf 91' lang='lat' dir='ltr'><strong>duo</strong></span> <span class='ocrx_word' id='word_1_785' title='bbox 2524 4081 2755 4136; x_wconf 80' lang='lat' dir='ltr'><strong>maxime</strong></span> <span class='ocrx_word' id='word_1_786' title='bbox 2795 4079 3118 4134; x_wconf 81' lang='lat' dir='ltr'><strong>ineﬁ‘abilem</strong></span> <span class='ocrx_word' id='word_1_787' title='bbox 3140 4078 3254 4148; x_wconf 87' lang='lat' dir='ltr'><strong>ejus</strong></span> <span class='ocrx_word' id='word_1_788' title='bbox 3279 4091 3517 4131; x_wconf 87' lang='lat' dir='ltr'><strong>amorem</strong></span> <span class='ocrx_word' id='word_1_789' title='bbox 3559 4089 3651 4131; x_wconf 85' lang='lat' dir='ltr'><strong>os—</strong></span> 
     </span>
    </p>
   </div>
   <div class='ocr_carea' id='block_1_102' title="bbox 2068 4164 3651 4241">
    <p class='ocr_par' dir='ltr' id='par_1_102' title="bbox 2068 4164 3651 4241">
     <span class='ocr_line' id='line_1_102' title="bbox 2068 4164 3651 4241; baseline -0.007 -13"><span class='ocrx_word' id='word_1_790' title='bbox 2068 4174 2291 4228; x_wconf 89' lang='lat' dir='ltr'><strong>tendunt</strong></span> <span class='ocrx_word' id='word_1_791' title='bbox 2326 4189 2342 4237; x_wconf 93' lang='lat'><strong>;</strong></span> <span class='ocrx_word' id='word_1_792' title='bbox 2385 4169 2527 4241; x_wconf 85' lang='lat' dir='ltr'><strong>quod</strong></span> <span class='ocrx_word' id='word_1_793' title='bbox 2559 4185 2656 4239; x_wconf 91' lang='lat' dir='ltr'><strong>pro</strong></span> <span class='ocrx_word' id='word_1_794' title='bbox 2678 4168 2906 4223; x_wconf 90' lang='lat' dir='ltr'><strong>inimicis</strong></span> <span class='ocrx_word' id='word_1_795' title='bbox 2935 4181 3126 4238; x_wconf 90' lang='lat' dir='ltr'><strong>passus</strong></span> <span class='ocrx_word' id='word_1_796' title='bbox 3159 4165 3269 4231; x_wconf 87' lang='lat' dir='ltr'><strong>sit,</strong></span> <span class='ocrx_word' id='word_1_797' title='bbox 3301 4175 3355 4219; x_wconf 90' lang='lat' dir='ltr'><strong>et</strong></span> <span class='ocrx_word' id='word_1_798' title='bbox 3379 4164 3520 4234; x_wconf 90' lang='lat' dir='ltr'><strong>quod</strong></span> <span class='ocrx_word' id='word_1_799' title='bbox 3554 4178 3651 4234; x_wconf 91' lang='lat' dir='ltr'><strong>pro</strong></span> 
     </span>
    </p>
   </div>
   <div class='ocr_carea' id='block_1_103' title="bbox 2070 4257 3651 4329">
    <p class='ocr_par' dir='ltr' id='par_1_103' title="bbox 2070 4257 3651 4329">
     <span class='ocr_line' id='line_1_103' title="bbox 2070 4257 3651 4329; baseline -0.007 -10"><span class='ocrx_word' id='word_1_800' title='bbox 2070 4264 2297 4319; x_wconf 87' lang='lat' dir='ltr'><strong>inimicis</strong></span> <span class='ocrx_word' id='word_1_801' title='bbox 2325 4271 2564 4315; x_wconf 84' lang='lat' dir='ltr'><strong>mortuus</strong></span> <span class='ocrx_word' id='word_1_802' title='bbox 2589 4301 2603 4324; x_wconf 92' lang='lat'><strong>,</strong></span> <span class='ocrx_word' id='word_1_803' title='bbox 2638 4275 2732 4329; x_wconf 89' lang='lat' dir='ltr'><strong>per</strong></span> <span class='ocrx_word' id='word_1_804' title='bbox 2761 4258 3085 4328; x_wconf 82' lang='lat' dir='ltr'><strong>baptismum</strong></span> <span class='ocrx_word' id='word_1_805' title='bbox 3110 4257 3370 4326; x_wconf 89' lang='lat' dir='ltr'><strong>integram</strong></span> <span class='ocrx_word' id='word_1_806' title='bbox 3407 4263 3651 4325; x_wconf 85' lang='lat' dir='ltr'><strong>peccato-</strong></span> 
     </span>
    </p>
   </div>
   <div class='ocr_carea' id='block_1_104' title="bbox 2068 4352 2796 4423">
    <p class='ocr_par' dir='ltr' id='par_1_104' title="bbox 2068 4352 2796 4423">
     <span class='ocr_line' id='line_1_104' title="bbox 2068 4352 2796 4423; baseline -0.008 -13"><span class='ocrx_word' id='word_1_807' title='bbox 2068 4374 2183 4411; x_wconf 88' lang='lat' dir='ltr'><strong>rum</strong></span> <span class='ocrx_word' id='word_1_808' title='bbox 2216 4354 2423 4409; x_wconf 81' lang='lat' dir='ltr'><strong>veniam</strong></span> <span class='ocrx_word' id='word_1_809' title='bbox 2454 4353 2677 4423; x_wconf 87' lang='lat' dir='ltr'><strong>largitus</strong></span> <span class='ocrx_word' id='word_1_810' title='bbox 2708 4352 2796 4406; x_wconf 91' lang='lat' dir='ltr'><strong>sit.</strong></span> 
     </span>
    </p>
   </div>
   <div class='ocr_carea' id='block_1_105' title="bbox 2137 4437 3650 4509">
    <p class='ocr_par' dir='ltr' id='par_1_105' title="bbox 2137 4437 3650 4509">
     <span class='ocr_line' id='line_1_105' title="bbox 2137 4437 3650 4509; baseline -0.009 -4"><span class='ocrx_word' id='word_1_811' title='bbox 2137 4450 2194 4505; x_wconf 74' lang='lat'><strong>2.</strong></span> <span class='ocrx_word' id='word_1_812' title='bbox 2232 4448 2342 4504; x_wconf 88' lang='lat' dir='ltr'><strong>Cur</strong></span> <span class='ocrx_word' id='word_1_813' title='bbox 2381 4456 2557 4502; x_wconf 88' lang='lat' dir='ltr'><strong>autem</strong></span> <span class='ocrx_word' id='word_1_814' title='bbox 2602 4460 2706 4500; x_wconf 81' lang='lat' dir='ltr'><strong>non</strong></span> <span class='ocrx_word' id='word_1_815' title='bbox 2759 4442 2905 4497; x_wconf 87' lang='lat' dir='ltr'><strong>clare</strong></span> <span class='ocrx_word' id='word_1_816' title='bbox 2949 4439 3083 4494; x_wconf 79' lang='lat' dir='ltr'><strong>dixit</strong></span> <span class='ocrx_word' id='word_1_817' title='bbox 3126 4454 3185 4494; x_wconf 89' lang='lat' dir='ltr'><strong>se</strong></span> <span class='ocrx_word' id='word_1_818' title='bbox 3229 4437 3650 4509; x_wconf 86' lang='lat' dir='ltr'><strong>crueiﬁgendum</strong></span> 
     </span>
    </p>
   </div>
   <div class='ocr_carea' id='block_1_106' title="bbox 2069 4525 3651 4607">
    <p class='ocr_par' dir='ltr' id='par_1_106' title="bbox 2069 4525 3651 4607">
     <span class='ocr_line' id='line_1_106' title="bbox 2069 4525 3651 4607; baseline -0.011 -10"><span class='ocrx_word' id='word_1_819' title='bbox 2069 4557 2208 4607; x_wconf 91' lang='lat' dir='ltr'><strong>esse,</strong></span> <span class='ocrx_word' id='word_1_820' title='bbox 2241 4540 2332 4595; x_wconf 89' lang='lat' dir='ltr'><strong>sed</strong></span> <span class='ocrx_word' id='word_1_821' title='bbox 2362 4539 2428 4593; x_wconf 91' lang='lat' dir='ltr'><strong>ad</strong></span> <span class='ocrx_word' id='word_1_822' title='bbox 2458 4547 2694 4593; x_wconf 86' lang='lat' dir='ltr'><strong>veterem</strong></span> <span class='ocrx_word' id='word_1_823' title='bbox 2730 4534 2948 4605; x_wconf 86' lang='lat' dir='ltr'><strong>ﬁguram</strong></span> <span class='ocrx_word' id='word_1_824' title='bbox 2974 4529 3244 4585; x_wconf 89' lang='lat' dir='ltr'><strong>auditores</strong></span> <span class='ocrx_word' id='word_1_825' title='bbox 3271 4527 3513 4584; x_wconf 81' lang='lat' dir='ltr'><strong>remisit?</strong></span> <span class='ocrx_word' id='word_1_826' title='bbox 3536 4525 3651 4585; x_wconf 84' lang='lat' dir='ltr'><strong>Pri-</strong></span> 
     </span>
    </p>
   </div>
   <div class='ocr_carea' id='block_1_107' title="bbox 2070 4618 3649 4691">
    <p class='ocr_par' dir='ltr' id='par_1_107' title="bbox 2070 4618 3649 4691">
     <span class='ocr_line' id='line_1_107' title="bbox 2070 4618 3649 4691; baseline -0.01 -3"><span class='ocrx_word' id='word_1_827' title='bbox 2070 4651 2212 4689; x_wconf 90' lang='lat' dir='ltr'><strong>mum</strong></span> <span class='ocrx_word' id='word_1_828' title='bbox 2246 4642 2302 4687; x_wconf 91' lang='lat' dir='ltr'><strong>ut</strong></span> <span class='ocrx_word' id='word_1_829' title='bbox 2332 4629 2638 4686; x_wconf 77' lang='lat' dir='ltr'><strong>discerent1</strong></span> <span class='ocrx_word' id='word_1_830' title='bbox 2668 4635 2904 4681; x_wconf 87' lang='lat' dir='ltr'><strong>veterum</strong></span> <span class='ocrx_word' id='word_1_831' title='bbox 2936 4638 3056 4678; x_wconf 89' lang='lat' dir='ltr'><strong>cum</strong></span> <span class='ocrx_word' id='word_1_832' title='bbox 3080 4622 3230 4676; x_wconf 84' lang='lat' dir='ltr'><strong>nevis</strong></span> <span class='ocrx_word' id='word_1_833' title='bbox 3258 4618 3649 4691; x_wconf 83' lang='lat' dir='ltr'><strong>cognationem,</strong></span> 
     </span>
    </p>
   </div>
   <div class='ocr_carea' id='block_1_108' title="bbox 2068 4709 3650 4795">
    <p class='ocr_par' dir='ltr' id='par_1_108' title="bbox 2068 4709 3650 4795">
     <span class='ocr_line' id='line_1_108' title="bbox 2068 4709 3650 4795; baseline -0.012 -13"><span class='ocrx_word' id='word_1_834' title='bbox 2068 4728 2374 4795; x_wconf 86' lang='lat' dir='ltr'><strong>scirentque</strong></span> <span class='ocrx_word' id='word_1_835' title='bbox 2419 4721 2533 4776; x_wconf 77' lang='lat' dir='ltr'><strong>hcce</strong></span> <span class='ocrx_word' id='word_1_836' title='bbox 2574 4719 2679 4773; x_wconf 91' lang='lat' dir='ltr'><strong>illis</strong></span> <span class='ocrx_word' id='word_1_837' title='bbox 2718 4717 2890 4771; x_wconf 91' lang='lat' dir='ltr'><strong>aliena</strong></span> <span class='ocrx_word' id='word_1_838' title='bbox 2923 4729 3027 4769; x_wconf 92' lang='lat' dir='ltr'><strong>non</strong></span> <span class='ocrx_word' id='word_1_839' title='bbox 3071 4728 3232 4778; x_wconf 89' lang='lat' dir='ltr'><strong>esse;</strong></span> <span class='ocrx_word' id='word_1_840' title='bbox 3265 4710 3456 4767; x_wconf 91' lang='lat' dir='ltr'><strong>deinde</strong></span> <span class='ocrx_word' id='word_1_841' title='bbox 3485 4718 3542 4765; x_wconf 89' lang='lat' dir='ltr'><strong>ut</strong></span> <span class='ocrx_word' id='word_1_842' title='bbox 3566 4709 3650 4764; x_wconf 89' lang='lat' dir='ltr'><strong>in-</strong></span> 
     </span>
    </p>
   </div>
   <div class='ocr_carea' id='block_1_109' title="bbox 2073 4796 3649 4891">
    <p class='ocr_par' dir='ltr' id='par_1_109' title="bbox 2073 4796 3649 4891">
     <span class='ocr_line' id='line_1_109' title="bbox 2073 4796 3649 4891; baseline -0.013 -15"><span class='ocrx_word' id='word_1_843' title='bbox 2073 4821 2276 4891; x_wconf 81' lang='lat' dir='ltr'><strong>telligas</strong></span> <span class='ocrx_word' id='word_1_844' title='bbox 2296 4861 2310 4884; x_wconf 88' lang='lat'><strong>,</strong></span> <span class='ocrx_word' id='word_1_845' title='bbox 2342 4817 2511 4886; x_wconf 90' lang='lat' dir='ltr'><strong>ipsum</strong></span> <span class='ocrx_word' id='word_1_846' title='bbox 2554 4828 2659 4867; x_wconf 93' lang='lat' dir='ltr'><strong>non</strong></span> <span class='ocrx_word' id='word_1_847' title='bbox 2690 4811 2909 4864; x_wconf 89' lang='lat' dir='ltr'><strong>invitum</strong></span> <span class='ocrx_word' id='word_1_848' title='bbox 2941 4806 3007 4861; x_wconf 92' lang='lat' dir='ltr'><strong>ad</strong></span> <span class='ocrx_word' id='word_1_849' title='bbox 3049 4815 3275 4861; x_wconf 89' lang='lat' dir='ltr'><strong>mortem</strong></span> <span class='ocrx_word' id='word_1_850' title='bbox 3302 4809 3548 4867; x_wconf 88' lang='lat' dir='ltr'><strong>venisse;</strong></span> <span class='ocrx_word' id='word_1_851' title='bbox 3583 4796 3649 4856; x_wconf 87' lang='lat' dir='ltr'><strong>ad</strong></span> 
     </span>
    </p>
   </div>
   <div class='ocr_carea' id='block_1_110' title="bbox 2069 4892 3650 4969">
    <p class='ocr_par' dir='ltr' id='par_1_110' title="bbox 2069 4892 3650 4969">
     <span class='ocr_line' id='line_1_110' title="bbox 2069 4892 3650 4969; baseline -0.015 0"><span class='ocrx_word' id='word_1_852' title='bbox 2069 4916 2182 4969; x_wconf 69' lang='lat' dir='ltr'><strong>lucc</strong></span> <span class='ocrx_word' id='word_1_853' title='bbox 2208 4923 2383 4967; x_wconf 83' lang='lat' dir='ltr'><strong>autem</strong></span> <span class='ocrx_word' id='word_1_854' title='bbox 2429 4918 2485 4963; x_wconf 92' lang='lat' dir='ltr'><strong>ut</strong></span> <span class='ocrx_word' id='word_1_855' title='bbox 2527 4907 2763 4961; x_wconf 87' lang='lat' dir='ltr'><strong>disceres</strong></span> <span class='ocrx_word' id='word_1_856' title='bbox 2792 4945 2805 4969; x_wconf 93' lang='lat'><strong>,</strong></span> <span class='ocrx_word' id='word_1_857' title='bbox 2835 4901 3035 4956; x_wconf 88' lang='lat' dir='ltr'><strong>nullum</strong></span> <span class='ocrx_word' id='word_1_858' title='bbox 3082 4898 3180 4968; x_wconf 89' lang='lat' dir='ltr'><strong>ipsi</strong></span> <span class='ocrx_word' id='word_1_859' title='bbox 3215 4896 3283 4951; x_wconf 89' lang='lat' dir='ltr'><strong>ab</strong></span> <span class='ocrx_word' id='word_1_860' title='bbox 3322 4896 3409 4950; x_wconf 90' lang='lat' dir='ltr'><strong>illa</strong></span> <span class='ocrx_word' id='word_1_861' title='bbox 3457 4909 3515 4948; x_wconf 92' lang='lat' dir='ltr'><strong>re</strong></span> <span class='ocrx_word' id='word_1_862' title='bbox 3556 4892 3650 4947; x_wconf 84' lang='lat' dir='ltr'><strong>da-</strong></span> 
     </span>
    </p>
   </div>
   <div class='ocr_carea' id='block_1_111' title="bbox 2068 4988 3647 5072">
    <p class='ocr_par' dir='ltr' id='par_1_111' title="bbox 2068 4988 3647 5072">
     <span class='ocr_line' id='line_1_111' title="bbox 2068 4988 3647 5072; baseline -0.014 -12"><span class='ocrx_word' id='word_1_863' title='bbox 2068 5021 2251 5061; x_wconf 89' lang='lat' dir='ltr'><strong>mnum</strong></span> <span class='ocrx_word' id='word_1_864' title='bbox 2270 4998 2565 5072; x_wconf 86' lang='lat' dir='ltr'><strong>importari,</strong></span> <span class='ocrx_word' id='word_1_865' title='bbox 2590 5006 2644 5052; x_wconf 92' lang='lat' dir='ltr'><strong>ct</strong></span> <span class='ocrx_word' id='word_1_866' title='bbox 2665 4997 2788 5049; x_wconf 90' lang='lat' dir='ltr'><strong>hinc</strong></span> <span class='ocrx_word' id='word_1_867' title='bbox 2808 4992 2986 5048; x_wconf 89' lang='lat' dir='ltr'><strong>multis</strong></span> <span class='ocrx_word' id='word_1_868' title='bbox 3004 4991 3172 5059; x_wconf 89' lang='lat' dir='ltr'><strong>ipsum</strong></span> <span class='ocrx_word' id='word_1_869' title='bbox 3190 4988 3412 5040; x_wconf 86' lang='lat' dir='ltr'><strong>salutem</strong></span> <span class='ocrx_word' id='word_1_870' title='bbox 3436 4998 3647 5053; x_wconf 89' lang='lat' dir='ltr'><strong>parere.</strong></span> 
     </span>
    </p>
   </div>
   <div class='ocr_carea' id='block_1_112' title="bbox 2066 5078 3651 5169">
    <p class='ocr_par' dir='ltr' id='par_1_112' title="bbox 2066 5078 3651 5169">
     <span class='ocr_line' id='line_1_112' title="bbox 2066 5078 3651 5169; baseline -0.016 -15"><span class='ocrx_word' id='word_1_871' title='bbox 2066 5098 2143 5154; x_wconf 89' lang='lat' dir='ltr'><strong>Ne</strong></span> <span class='ocrx_word' id='word_1_872' title='bbox 2192 5096 2310 5169; x_wconf 91' lang='lat' dir='ltr'><strong>quis</strong></span> <span class='ocrx_word' id='word_1_873' title='bbox 2336 5094 2476 5150; x_wconf 86' lang='lat' dir='ltr'><strong>enim</strong></span> <span class='ocrx_word' id='word_1_874' title='bbox 2503 5091 2704 5145; x_wconf 90' lang='lat' dir='ltr'><strong>diceret</strong></span> <span class='ocrx_word' id='word_1_875' title='bbox 2727 5130 2742 5154; x_wconf 91' lang='lat'><strong>,</strong></span> <span class='ocrx_word' id='word_1_876' title='bbox 2778 5087 2842 5140; x_wconf 86' lang='lat' dir='ltr'><strong>Et</strong></span> <span class='ocrx_word' id='word_1_877' title='bbox 2885 5081 3154 5155; x_wconf 83' lang='lat' dir='ltr'><strong>quomodo</strong></span> <span class='ocrx_word' id='word_1_878' title='bbox 3190 5078 3302 5131; x_wconf 91' lang='lat' dir='ltr'><strong>ﬁeri</strong></span> <span class='ocrx_word' id='word_1_879' title='bbox 3346 5084 3561 5145; x_wconf 77' lang='lat' dir='ltr'><strong>potest,</strong></span> <span class='ocrx_word' id='word_1_880' title='bbox 3595 5085 3651 5129; x_wconf 91' lang='lat' dir='ltr'><strong>nt</strong></span> 
     </span>
    </p>
   </div>
   <div class='ocr_carea' id='block_1_113' title="bbox 2067 5174 3650 5264">
    <p class='ocr_par' dir='ltr' id='par_1_113' title="bbox 2067 5174 3650 5264">
     <span class='ocr_line' id='line_1_113' title="bbox 2067 5174 3650 5264; baseline -0.019 -17"><span class='ocrx_word' id='word_1_881' title='bbox 2067 5193 2155 5264; x_wconf 88' lang='lat' dir='ltr'><strong>qui</strong></span> <span class='ocrx_word' id='word_1_882' title='bbox 2189 5192 2241 5245; x_wconf 91' lang='lat' dir='ltr'><strong>in</strong></span> <span class='ocrx_word' id='word_1_883' title='bbox 2290 5185 2600 5243; x_wconf 79' lang='lat' dir='ltr'><strong>cruciﬁxum</strong></span> <span class='ocrx_word' id='word_1_884' title='bbox 2649 5178 2875 5237; x_wconf 89' lang='lat' dir='ltr'><strong>credunt</strong></span> <span class='ocrx_word' id='word_1_885' title='bbox 2903 5220 2915 5241; x_wconf 91' lang='lat'><strong>,</strong></span> <span class='ocrx_word' id='word_1_886' title='bbox 2950 5174 3173 5228; x_wconf 90' lang='lat' dir='ltr'><strong>salutem</strong></span> <span class='ocrx_word' id='word_1_887' title='bbox 3214 5176 3611 5264; x_wconf 80' lang='lat' dir='ltr'><strong>consequantur</strong></span> <span class='ocrx_word' id='word_1_888' title='bbox 3637 5210 3650 5229; x_wconf 83' lang='grc'><em>,</em></span> 
     </span>
    </p>
   </div>
   <div class='ocr_carea' id='block_1_114' title="bbox 2068 5257 3651 5352">
    <p class='ocr_par' dir='ltr' id='par_1_114' title="bbox 2068 5257 3651 5352">
     <span class='ocr_line' id='line_1_114' title="bbox 2068 5257 3651 5352; baseline -0.018 -14"><span class='ocrx_word' id='word_1_889' title='bbox 2068 5257 2188 5338; x_wconf 75' lang='lat' dir='ltr'><strong>eum</strong></span> <span class='ocrx_word' id='word_1_890' title='bbox 2231 5291 2284 5335; x_wconf 90' lang='lat' dir='ltr'><strong>et</strong></span> <span class='ocrx_word' id='word_1_891' title='bbox 2323 5282 2437 5352; x_wconf 85' lang='lat' dir='ltr'><strong>ipse</strong></span> <span class='ocrx_word' id='word_1_892' title='bbox 2478 5293 2505 5329; x_wconf 87' lang='lat' dir='ltr'><strong>a</strong></span> <span class='ocrx_word' id='word_1_893' title='bbox 2550 5282 2721 5330; x_wconf 88' lang='lat' dir='ltr'><strong>morte</strong></span> <span class='ocrx_word' id='word_1_894' title='bbox 2760 5276 3037 5336; x_wconf 77' lang='lat' dir='ltr'><strong>correptus</strong></span> <span class='ocrx_word' id='word_1_895' title='bbox 3074 5260 3227 5315; x_wconf 81' lang='lat' dir='ltr'><strong>fuerit</strong></span> <span class='ocrx_word' id='word_1_896' title='bbox 3251 5260 3274 5312; x_wconf 82' lang='lat' dir='ltr'><strong>‘l</strong></span> <span class='ocrx_word' id='word_1_897' title='bbox 3299 5257 3368 5313; x_wconf 88' lang='lat' dir='ltr'><strong>ad</strong></span> <span class='ocrx_word' id='word_1_898' title='bbox 3412 5266 3651 5312; x_wconf 91' lang='lat' dir='ltr'><strong>veterem</strong></span> 
     </span>
    </p>
   </div>
   <div class='ocr_carea' id='block_1_115' title="bbox 2069 5351 3652 5429">
    <p class='ocr_par' dir='ltr' id='par_1_115' title="bbox 2069 5351 3652 5429">
     <span class='ocr_line' id='line_1_115' title="bbox 2069 5351 3652 5429; baseline -0.02 0"><span class='ocrx_word' id='word_1_899' title='bbox 2069 5390 2163 5429; x_wconf 91' lang='lat' dir='ltr'><strong>nos</strong></span> <span class='ocrx_word' id='word_1_900' title='bbox 2201 5351 2477 5426; x_wconf 79' lang='lat' dir='ltr'><strong>historiam</strong></span> <span class='ocrx_word' id='word_1_901' title='bbox 2513 5366 2675 5421; x_wconf 91' lang='lat' dir='ltr'><strong>ducit.</strong></span> <span class='ocrx_word' id='word_1_902' title='bbox 2708 5361 2835 5416; x_wconf 80' lang='lat' dir='ltr'><strong>Nam</strong></span> <span class='ocrx_word' id='word_1_903' title='bbox 2877 5358 2921 5410; x_wconf 91' lang='lat' dir='ltr'><strong>si</strong></span> <span class='ocrx_word' id='word_1_904' title='bbox 2963 5351 3246 5423; x_wconf 79' lang='lat' dir='ltr'><strong>imaginem</strong></span> <span class='ocrx_word' id='word_1_905' title='bbox 3283 5362 3487 5404; x_wconf 72' lang='lat' dir='ltr'><strong>teneam</strong></span> <span class='ocrx_word' id='word_1_906' title='bbox 3537 5360 3652 5400; x_wconf 85' lang='lat' dir='ltr'><strong>ser-</strong></span> 
     </span>
    </p>
   </div>
   <div class='ocr_carea' id='block_1_116' title="bbox 2069 5434 3654 5537">
    <p class='ocr_par' dir='ltr' id='par_1_116' title="bbox 2069 5434 3654 5537">
     <span class='ocr_line' id='line_1_116' title="bbox 2069 5434 3654 5537; baseline -0.02 -16"><span class='ocrx_word' id='word_1_907' title='bbox 2069 5467 2240 5537; x_wconf 86' lang='lat' dir='ltr'><strong>pentis</strong></span> <span class='ocrx_word' id='word_1_908' title='bbox 2282 5460 2627 5529; x_wconf 87' lang='lat' dir='ltr'><strong>respicientes</strong></span> <span class='ocrx_word' id='word_1_909' title='bbox 2661 5452 2826 5508; x_wconf 68' lang='lat' dir='ltr'><strong>Judari</strong></span> <span class='ocrx_word' id='word_1_910' title='bbox 2862 5491 2874 5513; x_wconf 92' lang='lat'><strong>,</strong></span> <span class='ocrx_word' id='word_1_911' title='bbox 2907 5454 3131 5502; x_wconf 84' lang='lat' dir='ltr'><strong>mortem</strong></span> <span class='ocrx_word' id='word_1_912' title='bbox 3170 5442 3407 5499; x_wconf 73' lang='lat' dir='ltr'><strong>vitabant</strong></span> <span class='ocrx_word' id='word_1_913' title='bbox 3435 5457 3451 5507; x_wconf 89' lang='lat'><strong>;</strong></span> <span class='ocrx_word' id='word_1_914' title='bbox 3482 5434 3654 5495; x_wconf 85' lang='lat' dir='ltr'><strong>multo</strong></span> 
     </span>
    </p>
   </div>
   <div class='ocr_carea' id='block_1_117' title="bbox 2134 5613 2636 5679">
    <p class='ocr_par' dir='ltr' id='par_1_117' title="bbox 2134 5613 2636 5679">
     <span class='ocr_line' id='line_1_117' title="bbox 2134 5613 2636 5679; baseline -0.028 -7"><span class='ocrx_word' id='word_1_915' title='bbox 2134 5627 2145 5655; x_wconf 84' lang='grc'>¹</span> <span class='ocrx_word' id='word_1_916' title='bbox 2185 5619 2324 5670; x_wconf 66' lang='lat' dir='ltr'><strong>savii.</strong></span> <span class='ocrx_word' id='word_1_917' title='bbox 2347 5655 2359 5679; x_wconf 94' lang='lat'><strong>,</strong></span> <span class='ocrx_word' id='word_1_918' title='bbox 2386 5623 2434 5665; x_wconf 85' lang='lat' dir='ltr'><strong>ut</strong></span> <span class='ocrx_word' id='word_1_919' title='bbox 2460 5613 2636 5663; x_wconf 59' lang='lat' dir='ltr'><strong>discas.</strong></span> 
     </span>
    </p>
   </div>
   <div class='ocr_carea' id='block_1_118' title="bbox 3236 5718 3307 5774">
    <p class='ocr_par' dir='ltr' id='par_1_118' title="bbox 3236 5718 3307 5774">
     <span class='ocr_line' id='line_1_118' title="bbox 3236 5718 3307 5774; baseline 0.014 -1"><span class='ocrx_word' id='word_1_920' title='bbox 3236 5718 3307 5774; x_wconf 82' lang='lat'><strong>10</strong></span> 
     </span>
    </p>
   </div>
  </div>
