4068 6136
472 278 566 331 Ιῗὲἔ)
855 314 858 317 .
1176 267 1231 319 S.
1273 264 1550 320 JOANNIS
1584 262 2058 320 CllRYSOSTOMl
2095 263 2413 323 AliClllEP.
2454 270 2984 336 CONSTANTINOP.

460 391 633 458 magis
678 388 713 442 ii
756 386 846 456 qui
886 385 938 439 in
983 380 1292 437 cruciﬁxum
1348 379 1572 434 credunt
1601 420 1616 445 ,
1672 378 2039 447 praestantiore

460 484 705 538 fruentur
733 478 1010 536 beneﬁcio.
1041 475 1155 530 Non
1180 474 1323 529 enim
1354 483 1572 544 propter
1600 471 1838 527 crucifixi
1867 471 2035 526 imbe-

459 578 732 632 «illitatem
763 614 778 640 ,
813 586 983 641 neque
1009 569 1148 641 quod
1171 567 1338 622 Judmi
1369 565 1671 634 superiores
1701 564 1936 631 fuerint,
1967 565 2037 620 ita

458 669 654 725 factum
686 677 770 723 est
800 686 811 721 :
840 666 931 722 scd
963 666 1087 735 quia
1116 664 1253 717 Dens
1277 663 1452 717 dilexit
1484 661 1747 725 mundum,
1781 659 1899 712 ideo
1924 660 2038 712 ani-

456 771 654 815 matum
698 759 815 828 ejus
857 759 1107 826 templum
1147 755 1492 824 cruciﬁgitur.
1542 753 1628 807 15.
1670 748 1735 806 Ut
1766 752 1927 805 omnis
1951 751 2038 820 qui

452 852 611 905 credit
657 851 713 903 in
740 848 886 903 illum
911 865 1010 901 non
1037 856 1242 917 pereat,
1273 846 1363 901 sed
1392 845 1570 899 habeat
1596 845 1746 898 vitam
1773 854 2033 897 (sternam.

454 942 642 997 Viden‘
680 941 854 994 crucis
885 954 1099 993 causam
1125 977 1140 1001 ,
1170 946 1224 991 et
1253 936 1479 991 salutem
1524 934 1646 988 inde
1684 934 1927 1002 partam?
1958 933 2035 986 vi-

450 1033 574 1087 den'
602 1031 783 1100 ﬁgurae
812 1045 931 1083 cum
963 1028 1183 1083 veritate
1205 1024 1648 1082 consonantiam?
1669 1024 1780 1079 lllic
1808 1032 2031 1078 mortem

449 1125 683 1195 effugere
711 1122 881 1177 Judaei
907 1163 923 1187 ,
967 1120 1059 1176 sed
1093 1129 1486 1190 temporaneam
1513 1134 1528 1182 ;
1557 1118 1644 1172 hic
1682 1126 1937 1173 teternam
1971 1116 2033 1169 ﬁ.

450 1216 617 1271 deles.
646 1214 757 1268 lliic
784 1227 1074 1282 suspensus
1097 1224 1317 1280 serpens
1354 1218 1662 1279 serpentum
1694 1223 1903 1263 morsus
1940 1223 2032 1262 cu-

451 1307 633 1361 rabat:
666 1305 753 1359 hic
782 1302 1065 1358 cruciﬁxus
1091 1300 1245 1357 Jesus
1283 1316 1314 1355 a
1355 1301 1614 1371 spirituali
1640 1299 1870 1354 dracone
1896 1298 2033 1353 inlli-

446 1407 561 1452 ctas
592 1397 771 1468 plagas
800 1395 1036 1449 curabat.
1066 1393 1177 1447 illic
1204 1392 1292 1462 qui
1321 1392 1490 1446 oculis
1507 1392 1778 1461 corporeis
1793 1391 2027 1459 videbat,

447 1489 761 1552 curabatur;
784 1485 874 1541 hic
898 1485 986 1555 qui
1014 1484 1206 1538 mentis
1227 1482 1394 1537 oculis
1421 1482 1581 1548 videt,
1610 1492 1824 1552 peccata
1846 1482 2024 1537 omnia

447 1579 685 1649 deponit.
718 1577 827 1631 lllic
853 1592 926 1631 tes
955 1575 1218 1645 pendebat
1245 1574 1310 1628 ad
1347 1575 1561 1628 modum
1605 1575 1868 1640 serpentis
1897 1574 2031 1643 tiguo

446 1678 651 1733 ratum;
693 1666 780 1722 hic
820 1680 1014 1736 corpus
1060 1665 1389 1720 Dominicum
1432 1680 1460 1717 a
1489 1664 1691 1734 Spiritu
1722 1666 2025 1720 formatum.

447 1762 557 1816 Illic
584 1774 806 1829 serpens
828 1758 1126 1823 mordebat,
1158 1768 1210 1813 et
1239 1773 1459 1828 serpens
1487 1760 1739 1825 curabat;
1770 1759 1857 1815 hic
1881 1774 2029 1816 mors

446 1853 709 1924 perdidit,
736 1861 787 1906 et
820 1866 964 1906 mors
1005 1855 1252 1906 servavit.
1286 1852 1391 1906 Sed
1420 1853 1507 1922 qui
1538 1852 1877 1909 interimebat
1908 1869 2026 1909 ser-

445 1962 575 2015 pens
595 1986 610 2009 ,
640 1960 903 2001 venenum
937 1944 1168 2000 habebat
1198 1963 1212 2009 ;
1245 1945 1333 2015 qui
1365 1960 1493 2000 vero
1522 1945 1790 2010 servabat,
1820 1962 2025 2001 veneno

445 2053 648 2094 vacuus
676 2046 812 2093 erat.
845 2038 1076 2108 ldipsum
1098 2037 1208 2107 jam
1239 2037 1420 2092 videre
1440 2048 1540 2093 est.
1569 2038 1701 2093 Nam
1732 2055 1878 2095 mors
1906 2055 2026 2110 qua:

442 2129 799 2194 interimebat,
825 2138 1098 2198 peccatum
1133 2128 1379 2196 habebat,
1406 2139 1465 2185 ut
1479 2146 1743 2186 venenum
1765 2146 2023 2201 serpens:

445 2220 653 2275 Domini
681 2230 857 2276 autem
890 2236 1033 2277 mors
1077 2221 1144 2276 ab
1167 2223 1310 2276 omni
1339 2233 1558 2293 peccato
1587 2224 1840 2281 immunis
1865 2234 1982 2281 erat
2005 2267 2022 2295 ,

438 2324 502 2367 ut
529 2327 710 2368 aeneus
746 2328 968 2383 serpens
996 2329 1026 2369 a
1047 2330 1253 2371 veneno
1278 2331 1497 2372 vacuus.
1528 2316 1799 2372 Peccatum
1834 2301 1975 2374 enim
2005 2361 2021 2387 ,

443 2403 648 2471 inquit,
691 2420 791 2457 non
820 2404 971 2472 fecit,
1006 2420 1097 2459 nec
1135 2405 1365 2461 inventus
1403 2415 1476 2460 est
1518 2407 1664 2462 dolus
1704 2409 1757 2462 in
1783 2425 1868 2463 ore
1910 2411 2024 2477 ejus

440 2496 458 2563 (
474 2497 519 2549 Ι.
552 2494 665 2549 Pet.
691 2495 746 2548 2.
773 2495 887 2566 9.2).
918 2495 1029 2550 lloc
1048 2511 1175 2567 ergo
1196 2508 1276 2552 est
1300 2498 1440 2567 quod
1458 2499 1771 2568 signiﬁcavit
1793 2500 2021 2557 Paulus:

440 2587 750 2659 Exspolians
801 2590 1114 2660 principatus
1155 2599 1203 2644 et
1256 2599 1561 2659 potestates,
1598 2592 1821 2646 traduxit
1863 2593 2023 2661 con/i-

439 2684 613 2736 denter
636 2723 650 2747 ,
684 2681 857 2751 palam
894 2682 1212 2750 triumphans
1256 2682 1373 2736 illos
1414 2683 1468 2737 in
1507 2685 1771 2755 semetipso
1802 2683 2018 2754 (Coloss.

436 2773 494 2827 ‘2.
531 2773 641 2843 15).
671 2772 1130 2840 Quemadmodum
1184 2774 1327 2829 enim
1374 2774 1570 2829 athleta
1596 2783 1865 2840 strenuus,
1896 2790 2017 2830 cum

440 2864 720 2918 sublimem
757 2873 932 2919 actum
970 2865 1333 2919 adversarium
1375 2867 1705 2935 prosternit,
1737 2866 2022 2922 clariorem

439 2958 601 3012 refert
630 2959 906 3013 victoriam
934 2977 946 3012 :
977 2958 1053 3014 sic
1084 2968 1135 3012 ct
1164 2958 1404 3013 Christus
1427 2968 1538 3012 toto
1563 2966 1839 3028 spectante
1867 2959 2018 3027 orbe,

441 3049 771 3104 adversarios
792 3057 1084 3120 potestates
1109 3049 1324 3119 dejecit;
1354 3057 1410 3104 et
1429 3049 1506 3104 eis
1535 3050 1625 3119 qui
1653 3050 1703 3103 in
1733 3050 2019 3106 solitudine

429 3140 699 3194 vulnerati
728 3142 937 3196 fuerant
962 3142 1160 3195 curratis
1192 3183 1206 3209 ,
1239 3141 1306 3195 al)
1336 3140 1584 3195 omnibus
1611 3140 1735 3195 feris
1771 3141 1914 3211 ipsos
1960 3141 2014 3198 in

442 3246 603 3287 cruce
632 3247 921 3303 suspensus
952 3233 1214 3287 liberavit.
1235 3233 1426 3288 Verum
1458 3248 1560 3287 non
1587 3233 1738 3297 dixit,
1757 3234 2019 3304 Suspendi

436 3332 669 3392 oportet,
713 3323 827 3387 sed,
864 3322 1119 3378 Exaltari.
1147 3324 1296 3392 Quod
1334 3327 1475 3379 enim
1508 3324 1653 3379 dictu
1690 3326 2018 3382 tolerabilius

438 3428 558 3469 esse
579 3415 860 3470 videbatur
894 3415 944 3468 in
971 3414 1236 3470 audientis
1256 3420 1479 3486 gratiam
1507 3457 1521 3480 ,
1553 3418 1654 3471 hoc
1686 3418 1927 3488 proxime
1953 3418 2019 3473 ad

440 3506 659 3577 ﬁguram
689 3505 764 3577 (a)
791 3507 1050 3562 accedens
1081 3508 1274 3576 posuit.

514 3600 604 3654 Dei
666 3617 809 3654 artior
863 3616 982 3671 erga
1038 3600 1263 3655 homines
1291 3611 1509 3671 quantas
1559 3603 1621 3655 sit
1669 3619 1732 3656 ea:
1784 3603 2022 3657 incarna-

438 3693 571 3745 tione
611 3701 657 3745 et
696 3698 928 3761 passione
969 3692 1224 3762 probatur.
1260 3693 1430 3760 Quare
1457 3704 1614 3747 morte
1651 3710 1746 3748 sua
1788 3695 2018 3749 διώξηάὶ-

438 3792 551 3833 cata
579 3821 595 3846 ,
644 3783 812 3834 statim
838 3798 889 3835 se
927 3792 1177 3834 auctorem
1218 3783 1332 3835 vita:
1355 3783 1644 3852 praedixerit
1682 3784 2021 3839 Christus.—

439 3872 527 3926 16.
581 3870 671 3927 Sic
701 3873 832 3925 enim
866 3871 1000 3925 Deus
1030 3872 1205 3925 dilexit
1241 3874 1485 3926 mundam
1513 3915 1527 3941 ,
1562 3885 1614 3928 ut
1645 3874 1838 3930 Filium
1874 3893 2019 3931 suum

436 3965 752 4036 unigenitum
780 3964 921 4018 daret
949 4004 964 4031 ,
998 3974 1051 4016 ut
1081 3965 1259 4029 omnis,
1298 3965 1384 4035 qui
1417 3966 1573 4019 credit
1603 3967 1654 4020 in
1683 3967 1882 4036 ipsum,
1916 3985 2019 4023 non

434 4067 627 4128 pereat,
651 4056 739 4110 sed
760 4055 937 4110 habeat
967 4055 1117 4108 vitam
1146 4065 1403 4110 (sternam.
1430 4056 1541 4112 Hoc
1569 4069 1646 4113 est
1669 4075 1681 4110 :
1706 4057 1783 4114 Ne
1808 4060 2017 4115 mireris

433 4149 574 4220 quod
604 4164 703 4219 ego
744 4150 1061 4205 exaltandus
1091 4150 1223 4216 sim,
1253 4160 1309 4205 ut
1338 4165 1433 4206 vos
1462 4152 1688 4208 salutem
1716 4168 2014 4224 consequa.

434 4243 584 4297 mini.
630 4241 760 4297 Nam
802 4242 906 4297 hoc
947 4243 1016 4296 ita
1057 4241 1199 4296 Patri
1239 4244 1408 4300 visum
1439 4255 1521 4300 est
1551 4261 1566 4309 ;
1599 4254 1652 4301 et
1698 4247 1777 4301 sic
1806 4247 1894 4302 ille
1922 4262 2016 4302 vos

431 4333 636 4397 dilexit,
665 4345 719 4387 ut
736 4350 830 4402 pro
847 4335 1020 4390 servis
1046 4333 1236 4389 Filium
1260 4335 1445 4401 daret,
1475 4346 1528 4392 et
1550 4353 1646 4407 pro
1665 4338 1883 4408 ingratis
1900 4352 2013 4393 ser-

431 4428 532 4483 vis.
548 4426 706 4495 Atqui
723 4442 895 4496 neque
917 4442 1013 4497 pro
1029 4428 1201 4482 amico
1217 4429 1478 4497 quispiam
1498 4429 1547 4483 id
1571 4439 1721 4499 agat:
1758 4429 1854 4484 Via:
1883 4430 2015 4485 enim

431 4536 528 4589 pro
547 4519 690 4589 justo
718 4519 831 4588 quis
857 4519 1103 4571 moriatur
1130 4520 1288 4586 (Rom
1338 4520 1394 4575 5.
1424 4520 1500 4590 7).
1533 4520 1637 4574 Sed
1664 4522 1751 4575 ille
1774 4522 2015 4593 longiore

433 4626 560 4663 usus
590 4623 838 4663 sermone
862 4617 948 4662 est
968 4649 982 4672 ,
1012 4609 1132 4677 quia
1175 4608 1415 4665 ﬁdelibus
1444 4610 1609 4665 verba
1633 4610 1895 4667 iaciebat:
1928 4614 2013 4669 hic

429 4708 608 4753 autem
631 4698 845 4753 brevius
870 4698 1135 4763 Christus,
1168 4701 1291 4766 quia
1313 4699 1656 4755 Nicodamum
1697 4702 2010 4772 alloqueba-

430 4800 515 4844 tur
544 4806 558 4855 ;
593 4789 686 4844 sed
713 4804 833 4844 cum
862 4789 1063 4859 majore
1085 4791 1322 4861 emphasi
1346 4809 1358 4844 :
1388 4808 1506 4862 quae
1535 4794 1586 4848 in
1613 4794 1833 4865 singulis
1854 4795 2013 4851 dictis

428 4883 765 4937 observatur.
816 4881 910 4936 His
951 4881 1094 4936 enim
1134 4883 1340 4950 verbis,
1370 4883 1459 4940 Sic
1488 4884 1704 4950 dilexit,
1751 4894 1846 4948 et,
1873 4883 2013 4940 Deus

429 4976 675 5031 mundum
698 5017 712 5042 ,
745 4975 931 5048 ingens
960 4989 1114 5029 amor
1156 4975 1503 5046 signiﬁcatur.
1535 4977 1755 5034 Multum
1777 4980 2008 5050 quippe,

430 5072 549 5136 imo,
574 5072 892 5127 immensum
934 5076 1050 5124 erat
1092 5067 1401 5126 discrimen.
1444 5071 1576 5127 Nam
1619 5072 1934 5128 immortalis
1959 5081 2049 5135 et_

430 5164 546 5217 sine
578 5163 859 5234 principio,
892 5160 1200 5232 magnitudo
1222 5162 1424 5218 infinita
1450 5205 1465 5230 ,
1492 5179 1555 5219 ex
1589 5175 1727 5219 terra
1758 5175 1812 5221 et
1833 5166 2013 5223 cinere

432 5258 701 5321 formatos,
737 5257 1033 5312 innumeris
1062 5267 1282 5311 onustos
1307 5257 1545 5327 peccatis
1564 5299 1578 5324 ,
1603 5259 1691 5330 qui
1716 5275 1930 5330 semper
1953 5275 2012 5316 se

430 5344 791 5414 ofl'endebant,
825 5347 1096 5418 ingratos;
1124 5346 1254 5413 itOS,
1289 5348 1524 5418 inquam,
1550 5349 1755 5405 dilexit.
1786 5352 1846 5405 lit
1891 5368 2012 5422 qua:

434 5446 616 5501 postea
660 5448 953 5507 sequuntur
1017 5440 1236 5509 perinde
1279 5440 1613 5496 vehementia
1654 5452 1818 5507 sunt;
1864 5444 2014 5499 addit

431 5530 574 5583 enim
612 5547 626 5584 :
662 5529 729 5584 Ut
770 5529 961 5584 Filium
999 5550 1144 5587 suum
1187 5534 1498 5606 unigenitum
1539 5534 1727 5600 daret;
1759 5552 1862 5590 non
1891 5551 2008 5591 ser-

428 5663 988 5789 ms(mettitqntnisiﬁgurate
1008 5667 1179 5719 dicitur
1193 5671 1411 5722 Christus
1429 5667 1651 5733 exaltari,
1669 5683 1779 5721 cum
1799 5672 1845 5720 In
1863 5684 2009 5726 cruce

640 5742 655 5777 ι
679 5742 754 5781 ur.

640 5742 754 5781 lllli‘.

3622 289 3649 347 Ἰ
3660 290 3727 349 ευ

2149 396 2291 445 vum,
2320 397 2424 439 non
2448 388 2717 459 angelum,
2739 409 2842 448 non
2859 395 3236 468 archangelum
3257 400 3350 456 ait.
3377 403 3537 475 Atqui
3560 423 3719 464 nemo

2148 488 2376 544 unquam
2406 479 2488 533 vel
2525 483 2663 538 circa
2703 483 2869 541 ﬁlium
2914 498 3117 543 tantum
3159 490 3393 547 studium
3438 495 3724 569 adhibuit,

2144 577 2399 637 quantum
2428 570 2568 625 Deus
2601 574 2740 628 circa
2778 575 3014 646 ingratos
3040 593 3244 635 servos.
3291 581 3601 641 Passioncm
3628 590 3725 644 ita-

2143 673 2247 728 que
2267 665 2376 713 ‘non
2406 664 2624 717 omnino
2651 676 2832 735 aperte
2853 710 2867 735 ,
2900 669 2993 723 sed
3020 670 3247 726 obscure
3274 675 3545 743 pra-dicit;
3576 692 3727 735 emo-

2144 751 2436 806 lumentum
2483 764 2659 811 autem
2700 772 2767 813 ex
2815 761 3065 829 passione
3114 761 3347 819 futurum
3379 767 3522 823 clare
3547 769 3722 828 dicit:

2147 842 2212 897 Ut
2241 846 2402 899 omnis
2424 847 2512 916 qui
2538 850 2692 902 credit
2714 851 2766 904 in
2791 868 2904 905 eum
2928 893 2943 918 ,
2981 869 3082 909 non
3112 866 3313 924 pereat,
3337 856 3425 913 sed
3452 860 3630 915 habeat
3649 863 3726 917 vi-

2143 945 2246 991 tam
2275 947 2536 993 aeternam.
2565 941 2698 1009 Quia
2748 943 2953 1001 dixerat
2996 947 3168 1018 ipsum
3206 952 3494 1008 exaltatum
3538 955 3641 1024 iri,
3669 966 3722 1014 et

2143 1038 2370 1085 mortem
2421 1033 2852 1089 subindicaverat
2875 1078 2888 1098 ,
2930 1053 2998 1092 ne
3024 1040 3186 1094 verba
3221 1042 3407 1097 isthmc
3433 1060 3718 1103 mceror-em

2139 1124 2638 1189 parerentauditori
2669 1167 2683 1192 ,
2730 1134 2784 1180 ct
2817 1126 2883 1181 de
2935 1128 3051 1196 ipso
3105 1129 3399 1185 humanum
3446 1135 3717 1204 quidpiam

2138 1214 2535 1282 suspicaretur,
2568 1228 2879 1289 putaretque
2927 1231 3153 1276 mortem
3196 1223 3294 1293 ipsi
3332 1224 3491 1279 ﬁnem
3540 1229 3715 1283 exsis-

2139 1303 2282 1357 tcndi
2313 1303 2540 1360 futuram
2590 1323 2729 1371 esse,
2776 1309 2897 1363 vide
2942 1327 3047 1380 quo
3079 1322 3233 1380 pacto
3282 1313 3334 1367 id
3357 1323 3715 1385 attemperet,

2136 1411 2255 1450 cum
2282 1397 2406 1452 dicit
2439 1398 2620 1452 datum
2653 1415 2770 1454 esse
2796 1403 2887 1456 Dei
2914 1402 3130 1471 Filium,
3161 1407 3283 1460 vita:
3321 1422 3536 1462 causam
3563 1450 3578 1474 ,
3606 1410 3714 1464 imo

2135 1487 2256 1540 vita:
2301 1498 2537 1543 :eternan
2573 1489 2621 1544 ls
2664 1507 2790 1545 vero
2828 1493 2916 1563 qui
2950 1509 3043 1562 per
3090 1505 3316 1551 mortem
3359 1512 3508 1552 suam
3555 1499 3714 1554 vitam

2134 1579 2251 1633 aliis
2279 1579 2500 1635 daturus
2544 1592 2659 1637 erat
2679 1625 2693 1649 ,
2724 1584 2775 1638 in
2806 1595 2980 1641 morte
3007 1603 3111 1640 non
3142 1588 3233 1642 diu
3268 1604 3551 1645 mansurus
3577 1602 3713 1648 erat.

2132 1670 2263 1726 Nam
2286 1672 2331 1727 si
2361 1674 2395 1727 ii
2441 1675 2527 1744 qui
2552 1676 2604 1729 in
2636 1679 2950 1733 cruciﬁxum
2982 1681 3210 1735 credunt
3233 1722 3249 1748 ,
3290 1698 3396 1737 non
3444 1695 3667 1755 pereunt
3691 1729 3708 1750 ,

2133 1764 2301 1818 multo
2345 1765 2520 1820 minus
2552 1769 2746 1837 peribit
2775 1770 2864 1825 ille
2892 1772 3195 1827 cruciﬁxus.
3224 1773 3325 1842 Qui
3361 1777 3503 1831 enim
3540 1779 3714 1847 perni-

2133 1853 2269 1909 ciem
2321 1856 2389 1910 ab
2437 1857 2555 1912 aliis
2599 1858 2811 1927 aufert,
2860 1862 3031 1917 mul:o
3063 1864 3229 1932 magis
3270 1865 3383 1934 ipse
3408 1882 3437 1920 a
3477 1868 3713 1936 pernicit-

2132 1945 2269 2001 liber
2295 1948 2398 2003 erit
2426 1969 2437 2003 :
2467 1949 2554 2019 qui
2582 1950 2702 2005 aliis
2723 1952 2882 2006 vitam
2911 1952 3182 2022 impertit,
3215 1955 3383 2009 multo
3415 1957 3580 2027 magis
3611 1959 3711 2014 sibi

2132 2037 2420 2107 impertiet.
2460 2040 2644 2094 Viden’
2674 2041 2868 2111 ubique
2893 2058 3027 2113 opus
3067 2059 3187 2099 esse
3229 2045 3335 2099 ﬁde
3363 2046 3386 2099 ?
3411 2045 3543 2101 Nam
3586 2063 3711 2102 cru-

2131 2143 2246 2185 cem
2276 2130 2397 2185 vitre
2425 2130 2625 2187 fontem
2651 2147 2771 2189 esse
2796 2133 2943 2188 dicit.
2972 2135 3024 2188 ld
3057 2137 3393 2192 ratiocinium
3422 2154 3525 2193 non
3555 2138 3712 2197 facile

2131 2218 2375 2275 admittat
2407 2237 2420 2274 :
2450 2221 2600 2292 cujus
2629 2224 2702 2278 rei
2737 2232 2899 2279 testes
2926 2241 3064 2280 nunc
3085 2237 3209 2280 sunt
3232 2229 3460 2297 gentiles
3485 2269 3499 2294 ,
3536 2230 3624 2299 qui
3657 2230 3709 2283 id

2130 2309 2370 2365 videntes
2391 2327 2510 2366 cum
2533 2313 2645 2368 risu
2669 2315 2971 2384 excipiunt:
2995 2316 3126 2371 ﬁdes
3149 2332 3276 2372 vero
3299 2334 3417 2388 qua:
3447 2317 3714 2378 ratiocinii

2131 2403 2546 2459 imbecillitatem
2574 2416 2821 2474 superat.
2853 2407 2953 2462 hoc
2982 2407 3133 2463 facile
3154 2409 3386 2464 admittit
3409 2418 3463 2464 et
3493 2410 3706 2466 retinet.

2131 2494 2283 2550 Unde
2313 2503 2488 2549 autem
2538 2507 2813 2568 tantOpere
2846 2500 2986 2555 Deus
3035 2502 3289 2556 mundum
3330 2502 3514 2558 dilexit
3541 2504 3565 2557 ἲ
3592 2502 3707 2560 Non

2129 2589 2362 2653 aliunde,
2393 2606 2550 2660 quam
2577 2607 2642 2646 ex
2674 2594 2784 2647 sola
2819 2593 3142 2665 benignitate
3165 2611 3281 2651 sua.

2200 2682 2254 2736 ὅ.
2295 2681 2344 2735 Ε
2373 2683 2623 2749 beneﬁciis
2647 2700 2679 2736 a
2702 2685 2898 2739 Christo
2924 2687 2975 2740 in
2998 2687 3223 2741 homines
3249 2688 3468 2753 collatis,
3497 2691 3709 2745 eleema-

2128 2788 2309 2842 synam
2347 2784 2392 2827 et
2416 2775 2674 2829 caritatem
2702 2778 3035 2832 commendat'
3064 2819 3079 2845 ,
3112 2795 3291 2850 eosque
3318 2781 3575 2852 redarguit
3617 2785 3705 2852 qui

2129 2866 2434 2935 pauperibus
2456 2868 2691 2938 neglectis
2719 2869 2864 2923 luxui
2887 2870 3268 2925 serriunt.-—ln
3297 2872 3552 2942 pudorem
3576 2888 3708 2944 ergo

2129 2965 2400 3012 vertamnr
2423 2957 2492 3013 ob
2531 2968 2729 3014 tantam
2762 2961 3036 3016 caritatem
3065 2978 3077 3015 :
3110 2963 3486 3017 erubescamus
3511 2963 3579 3018 de
3609 2963 3704 3018 bc-

2128 3051 2404 3121 nignilatis
2432 3067 2676 3107 excessu.
2721 3053 2838 3122 lpse
2864 3053 3004 3108 enim
3043 3062 3105 3108 ut
3150 3070 3247 3109 nos
3298 3064 3583 3116 servaret,
3634 3070 3705 3112 ne

2125 3142 2398 3212 unigenito
2440 3143 2652 3213 quidem
2693 3144 2829 3199 Filio
2856 3161 2954 3201 suo
2998 3148 3272 3216 pepercit;
3322 3162 3420 3202 nos
3464 3148 3705 3217 pecuniis

2120 3233 2397 3302 parcimus
2441 3233 2494 3288 in
2552 3244 2790 3316 nostram
2844 3236 3158 3305 perniciem.
3207 3235 3325 3306 Ipse
3376 3237 3700 3307 unigenitum

2125 3328 2319 3383 Filium
2364 3342 2460 3397 pro
2482 3328 2635 3385 nobis
2662 3329 2847 3395 dedit;
2880 3345 2978 3385 nos
3008 3344 3074 3385 ne
3102 3339 3381 3400 argentum
3404 3330 3618 3401 quidem
3649 3330 3702 3385 in

2124 3420 2244 3491 ejus
2264 3422 2487 3492 gratiam
2516 3420 2841 3490 despicimus
2861 3461 2876 3488 ,
2906 3421 3014 3475 imo
3061 3436 3162 3476 nec
3189 3423 3242 3476 in
3287 3432 3521 3477 noSIram
3554 3422 3700 3477 utili-

2126 3524 2307 3569 tatem.
2339 3514 2406 3568 Et
2428 3528 2657 3583 quanam
2694 3513 2809 3567 haec
2849 3512 3003 3568 venia
3033 3512 3191 3582 digna
3221 3513 3391 3567 sunt?
3438 3513 3493 3568 Si
3528 3512 3701 3567 homi-

2125 3624 2250 3664 nem
2277 3607 2550 3662 videamus
2570 3607 2805 3676 pericula
2832 3613 2887 3660 et
2916 3614 3142 3659 mortem
3171 3620 3267 3673 pro
3295 3605 3452 3659 nobis
3476 3604 3654 3659 subire
3680 3644 3698 3670 ,

2125 3704 2296 3773 ipsum
2348 3700 2595 3757 omnibus
2632 3699 3038 3770 anteponimus,
3072 3705 3127 3752 et
3176 3698 3227 3751 iu
3272 3697 3475 3751 intimis
3516 3696 3702 3752 amicis

2122 3809 2559 3858 annumeramus,
2604 3800 2783 3846 nostra
2845 3791 3022 3845 omnia
3067 3790 3167 3859 ipsi
3221 3789 3518 3856 tradimus,
3548 3797 3601 3844 et
3636 3803 3699 3843 ea

2123 3887 2291 3956 ipsius
2335 3899 2455 3940 esse
2485 3886 2651 3954 magis
2672 3897 2829 3953 quam
2873 3891 3053 3935 nostra
3096 3879 3365 3947 dicimus;
3408 3895 3581 3949 neque
3623 3880 3700 3935 sic

2124 3987 2370 4049 putamus
2420 3976 2631 4047 dignam
2673 3974 2971 4045 rependere
3010 3973 3204 4028 vicem.
3250 3972 3386 4042 Erga
3431 3972 3699 4027 Christum

2120 4085 2250 4125 vero
2275 4083 2446 4139 neque
2488 4067 2628 4123 hunc
2652 4067 2789 4137 grati
2819 4065 2978 4120 animi
3023 4064 3238 4120 modum
3261 4077 3558 4118 servamus.
3609 4064 3702 4120 llle

2121 4163 2352 4216 animam
2382 4176 2478 4230 pro
2504 4159 2657 4214 nobis
2682 4157 2856 4228 posuit
2882 4199 2896 4224 ,
2928 4166 2977 4211 et
3026 4163 3244 4226 propter
3280 4168 3378 4209 nos
3406 4154 3697 4223 pretiosum

2121 4254 2431 4324 sanguinem
2462 4250 2649 4306 eﬁ'udit
2672 4290 2688 4315 ,
2732 4263 2831 4304 nos
2853 4289 2869 4315 ,
2898 4248 3112 4317 inquam
3138 4287 3154 4313 ,
3197 4245 3288 4315 qui
3326 4258 3425 4299 nec
3447 4243 3573 4298 boni
3601 4256 3700 4298 nec

2119 4346 2254 4416 grati
2284 4357 2537 4407 eramus;
2571 4357 2668 4395 nos
2695 4355 2825 4395 vero
2872 4353 2941 4393 ne
2971 4338 3022 4391 in
3050 4347 3286 4392 nostram
3315 4333 3529 4405 quidem
3558 4334 3698 4389 utili-

2124 4444 2284 4491 tatem
2314 4433 2571 4506 pecunias
2600 4428 2921 4486 eﬂ'undimus
2945 4443 2961 4493 ;
2984 4426 3078 4482 sed
3129 4441 3253 4483 eum
3280 4426 3367 4496 qui
3400 4440 3499 4496 pro
3544 4424 3696 4479 nobis

2118 4534 2360 4581 mortuus
2388 4532 2473 4580 est
2500 4564 2516 4590 ,
2564 4532 2617 4577 et
2648 4519 2848 4575 nudum
2873 4528 2927 4574 et
2971 4518 3310 4588 peregrinum
3346 4515 3695 4584 despicimus.

2120 4614 2315 4685 Ecquis
2344 4628 2443 4668 nos
2490 4628 2518 4665 a
2566 4611 2743 4666 futuro
2771 4609 3034 4680 supplicio
3076 4605 3319 4663 eximet?
3357 4604 3491 4660 Nam
3520 4604 3697 4659 sinon

2119 4706 2259 4761 Deus
2288 4720 2405 4770 nos,
2439 4703 2532 4758 sed
2563 4717 2663 4758 nos
2689 4702 2789 4772 ipsi
2820 4700 3150 4771 puniremus,
3181 4714 3360 4753 annon
3386 4707 3571 4753 contra
3602 4711 3701 4751 nos

2118 4797 2381 4854 calculum
2408 4794 2722 4851 ferremus?
2765 4795 2954 4846 Annon
2979 4804 3078 4845 nos
3132 4788 3278 4859 ipsos
3324 4787 3393 4843 ad
3439 4786 3702 4859 gehennae

2118 4892 2293 4962 ignem
2324 4886 2836 4950 condemnaremus,
2862 4881 3006 4954 quod
3034 4896 3156 4937 eum
3188 4920 3203 4945 ,
3231 4878 3322 4951 qui
3349 4879 3580 4933 animam
3602 4891 3701 4947 pro

2119 4981 2272 5037 nobis
2299 4977 2520 5050 posuit,
2574 4973 2715 5029 fama
2760 4974 3123 5029 tabescentem
3171 4966 3700 5053 contempserimus?

2118 5074 2185 5130 Et
2211 5072 2336 5146 quid
2363 5069 2614 5142 pecunias
2640 5064 2922 5124 memoro?
2947 5065 3004 5123 Si
3036 5065 3179 5121 enim
3205 5063 3353 5119 mille
3383 5061 3699 5119 haberemus

2117 5168 2344 5234 animas,
2371 5178 2548 5219 annon
2591 5162 2707 5217 illas
2736 5175 2923 5216 omnes
2949 5174 3049 5230 pro
3077 5157 3171 5212 illo
3200 5170 3399 5226 ponere
3427 5150 3701 5223 oportuit?

2119 5263 2340 5321 Etiamsi
2383 5276 2453 5317 ne
2482 5260 2559 5314 sic
2586 5270 2798 5328 quoque
2836 5252 2962 5323 quid
2996 5250 3260 5308 beneﬁcio
3289 5256 3434 5303 tanto
3478 5245 3697 5314 dignum

2118 5357 2454 5414 fecissemus.
2499 5351 2632 5407 Nam
2658 5348 2749 5421 qui
2792 5345 2937 5416 prior
2959 5340 3277 5400 beneﬁcium
3311 5335 3493 5409 ponit,
3523 5333 3700 5390 mani-

2118 5449 2310 5506 festum
2338 5461 2445 5516 pra:
2481 5458 2540 5499 se
2566 5442 2668 5497 fert
2691 5436 2942 5495 bonitatis
2971 5433 3225 5490 indicium
3247 5448 3261 5484 :
3284 5426 3373 5499 qui
3394 5433 3577 5516 autem
3603 5424 3699 5479 be-

2117 5538 2309 5596 neﬁcio
2337 5514 2565 5590 afficitur
2588 5572 2603 5596 ,
2632 5525 2890 5601 quidquid
2921 5522 3137 5608 tandem
3183 5517 3391 5575 dederit
3416 5514 3700 5608 ,_dcbituin

2119 5623 2314 5688 reddit,
2347 5636 2452 5676 non
2475 5599 2696 5689 gratiam
2718 5612 2851 5677 init;
2884 5607 3115 5665 maxime
3139 5618 3269 5659 vero
3292 5616 3414 5657 cum
3441 5599 3531 5655 ille
3558 5599 3701 5689 prior

2122 5686 2393 5775 beneﬁcus
2433 5686 2665 5768 inimicis
2702 5706 2841 5764 dona
2866 5697 3075 5762 confert
3099 5735 3116 5765 ,
3144 5704 3197 5752 et
3224 5694 3270 5752 is
3295 5693 3383 5767 qui
3415 5686 3697 5760 rependit,
