  <div class='ocr_page' id='page_1' title='image "/cluster/home/n/w/nwhite01/storage/ocr_20150623/59/mdp.39015009383640/158.png"; bbox 0 0 4068 6136; ppageno 0'>
   <div class='ocr_carea' id='block_1_1' title="bbox 419 222 522 281">
    <p class='ocr_par' dir='ltr' id='par_1_1' title="bbox 419 222 522 281">
     <span class='ocr_line' id='line_1_1' title="bbox 419 222 522 281; baseline 0.019 -3"><span class='ocrx_word' id='word_1_1' title='bbox 419 222 522 281; x_wconf 61' lang='grc'>189</span> 
     </span>
    </p>
   </div>
   <div class='ocr_carea' id='block_1_2' title="bbox 415 332 2006 413">
    <p class='ocr_par' dir='ltr' id='par_1_2' title="bbox 415 332 2006 413">
     <span class='ocr_line' id='line_1_2' title="bbox 415 332 2006 413; baseline -0.003 -23"><span class='ocrx_word' id='word_1_2' title='bbox 415 338 450 413; x_wconf 77' lang='grc' dir='ltr'><strong>ᾗ</strong></span> <span class='ocrx_word' id='word_1_3' title='bbox 473 356 489 402; x_wconf 89' lang='grc'>;</span> <span class='ocrx_word' id='word_1_4' title='bbox 530 335 623 390; x_wconf 74' lang='grc' dir='ltr'>ἐπὶ</span> <span class='ocrx_word' id='word_1_5' title='bbox 651 334 748 405; x_wconf 68' lang='grc' dir='ltr'>τὴν</span> <span class='ocrx_word' id='word_1_6' title='bbox 780 334 1014 389; x_wconf 80' lang='grc' dir='ltr'>παλαιάν</span> <span class='ocrx_word' id='word_1_7' title='bbox 1043 336 1187 405; x_wconf 84' lang='grc' dir='ltr'>ἡμᾶς</span> <span class='ocrx_word' id='word_1_8' title='bbox 1212 333 1452 405; x_wconf 72' lang='grc' dir='ltr'>ἱστορίαν</span> <span class='ocrx_word' id='word_1_9' title='bbox 1479 335 1621 402; x_wconf 83' lang='grc' dir='ltr'>ἀγει.</span> <span class='ocrx_word' id='word_1_10' title='bbox 1656 335 1715 388; x_wconf 79' lang='grc' dir='ltr'><strong>Εἰ</strong></span> <span class='ocrx_word' id='word_1_11' title='bbox 1742 335 1849 406; x_wconf 71' lang='grc' dir='ltr'>γάρ</span> <span class='ocrx_word' id='word_1_12' title='bbox 1871 332 2006 403; x_wconf 81' lang='grc' dir='ltr'>πρὸς</span> 
     </span>
    </p>
   </div>
   <div class='ocr_carea' id='block_1_3' title="bbox 419 416 2008 489">
    <p class='ocr_par' dir='ltr' id='par_1_3' title="bbox 419 416 2008 489">
     <span class='ocr_line' id='line_1_3' title="bbox 419 416 2008 489; baseline -0.003 -16"><span class='ocrx_word' id='word_1_13' title='bbox 419 420 604 473; x_wconf 85' lang='grc' dir='ltr'>εἰκόνα</span> <span class='ocrx_word' id='word_1_14' title='bbox 633 417 843 489; x_wconf 80' lang='grc' dir='ltr'>χαλκῆν</span> <span class='ocrx_word' id='word_1_15' title='bbox 888 417 1065 488; x_wconf 81' lang='grc' dir='ltr'>δφεως</span> <span class='ocrx_word' id='word_1_16' title='bbox 1097 416 1296 480; x_wconf 87' lang='grc' dir='ltr'>ἰδόντες</span> <span class='ocrx_word' id='word_1_17' title='bbox 1341 417 1580 471; x_wconf 82' lang='grc' dir='ltr'>Ἰουδαῖοι</span> <span class='ocrx_word' id='word_1_18' title='bbox 1630 417 1885 488; x_wconf 81' lang='grc' dir='ltr'>διέφυγον</span> <span class='ocrx_word' id='word_1_19' title='bbox 1911 416 2008 469; x_wconf 80' lang='grc' dir='ltr'>θά-</span> 
     </span>
    </p>
   </div>
   <div class='ocr_carea' id='block_1_4' title="bbox 417 500 2005 571">
    <p class='ocr_par' dir='ltr' id='par_1_4' title="bbox 417 500 2005 571">
     <span class='ocr_line' id='line_1_4' title="bbox 417 500 2005 571; baseline -0.004 -15"><span class='ocrx_word' id='word_1_20' title='bbox 417 518 606 556; x_wconf 86' lang='grc' dir='ltr'>νατον·</span> <span class='ocrx_word' id='word_1_21' title='bbox 639 500 819 564; x_wconf 87' lang='grc' dir='ltr'>πολλῷ</span> <span class='ocrx_word' id='word_1_22' title='bbox 871 500 1070 571; x_wconf 77' lang='grc' dir='ltr'>μᾶλλον</span> <span class='ocrx_word' id='word_1_23' title='bbox 1118 501 1169 552; x_wconf 88' lang='grc' dir='ltr'>οἰ</span> <span class='ocrx_word' id='word_1_24' title='bbox 1204 501 1284 564; x_wconf 89' lang='grc' dir='ltr'>είς</span> <span class='ocrx_word' id='word_1_25' title='bbox 1321 500 1411 553; x_wconf 88' lang='lat' dir='ltr'><em>16v</em></span> <span class='ocrx_word' id='word_1_26' title='bbox 1461 501 1877 571; x_wconf 78' lang='grc' dir='ltr'>ἐσταυρωμένον</span> <span class='ocrx_word' id='word_1_27' title='bbox 1916 516 2005 551; x_wconf 81' lang='grc' dir='ltr'>πι-</span> 
     </span>
    </p>
   </div>
   <div class='ocr_carea' id='block_1_5' title="bbox 421 582 2004 654">
    <p class='ocr_par' dir='ltr' id='par_1_5' title="bbox 421 582 2004 654">
     <span class='ocr_line' id='line_1_5' title="bbox 421 582 2004 654; baseline -0.004 -15"><span class='ocrx_word' id='word_1_28' title='bbox 421 584 725 648; x_wconf 89' lang='grc' dir='ltr'>στεύοντες,</span> <span class='ocrx_word' id='word_1_29' title='bbox 745 583 968 648; x_wconf 77' lang='grc' dir='ltr'>εἰκότως</span> <span class='ocrx_word' id='word_1_30' title='bbox 991 584 1085 637; x_wconf 71' lang='grc' dir='ltr'>καί⁵</span> <span class='ocrx_word' id='word_1_31' title='bbox 1117 582 1300 654; x_wconf 81' lang='grc' dir='ltr'>πολλῷ</span> <span class='ocrx_word' id='word_1_32' title='bbox 1331 583 1579 652; x_wconf 74' lang='grc' dir='ltr'>μείζονος</span> <span class='ocrx_word' id='word_1_33' title='bbox 1606 582 2004 652; x_wconf 87' lang='grc' dir='ltr'>ἀπολαύσονται</span> 
     </span>
    </p>
   </div>
   <div class='ocr_carea' id='block_1_6' title="bbox 417 664 2003 739">
    <p class='ocr_par' dir='ltr' id='par_1_6' title="bbox 417 664 2003 739">
     <span class='ocr_line' id='line_1_6' title="bbox 417 664 2003 739; baseline -0.004 -16"><span class='ocrx_word' id='word_1_34' title='bbox 417 670 523 739; x_wconf 85' lang='grc' dir='ltr'>τῆς</span> <span class='ocrx_word' id='word_1_35' title='bbox 553 667 893 739; x_wconf 87' lang='grc' dir='ltr'>εὐεργεσίας.</span> <span class='ocrx_word' id='word_1_36' title='bbox 929 668 1003 721; x_wconf 85' lang='grc' dir='ltr'>Οὐ</span> <span class='ocrx_word' id='word_1_37' title='bbox 1033 667 1141 738; x_wconf 85' lang='grc' dir='ltr'>γὰρ</span> <span class='ocrx_word' id='word_1_38' title='bbox 1163 666 1254 721; x_wconf 81' lang='grc' dir='ltr'>διὰ</span> <span class='ocrx_word' id='word_1_39' title='bbox 1279 667 1377 737; x_wconf 79' lang='grc' dir='ltr'>τὴν</span> <span class='ocrx_word' id='word_1_40' title='bbox 1402 667 1689 721; x_wconf 80' lang='grc' dir='ltr'>ἀσθένειαν</span> <span class='ocrx_word' id='word_1_41' title='bbox 1720 664 1814 719; x_wconf 91' lang='grc' dir='ltr'>τοῦ</span> <span class='ocrx_word' id='word_1_42' title='bbox 1842 682 2003 719; x_wconf 88' lang='grc' dir='ltr'>σταυ-</span> 
     </span>
    </p>
   </div>
   <div class='ocr_carea' id='block_1_7' title="bbox 423 749 2008 824">
    <p class='ocr_par' dir='ltr' id='par_1_7' title="bbox 423 749 2008 824">
     <span class='ocr_line' id='line_1_7' title="bbox 423 749 2008 824; baseline -0.001 -20"><span class='ocrx_word' id='word_1_43' title='bbox 423 752 711 824; x_wconf 89' lang='grc' dir='ltr'>ρουμένου,</span> <span class='ocrx_word' id='word_1_44' title='bbox 747 751 870 804; x_wconf 84' lang='grc' dir='ltr'>οὐδὲ</span> <span class='ocrx_word' id='word_1_45' title='bbox 894 749 983 803; x_wconf 84' lang='grc' dir='ltr'>διὰ</span> <span class='ocrx_word' id='word_1_46' title='bbox 1016 750 1076 803; x_wconf 82' lang='grc' dir='ltr'>τὺ</span> <span class='ocrx_word' id='word_1_47' title='bbox 1115 750 1502 821; x_wconf 82' lang='grc' dir='ltr'>περιγενέσθαι</span> <span class='ocrx_word' id='word_1_48' title='bbox 1540 750 1824 813; x_wconf 78' lang='grc' dir='ltr'>Ἰουδαίους</span> <span class='ocrx_word' id='word_1_49' title='bbox 1849 749 2008 802; x_wconf 87' lang='grc' dir='ltr'>τοῦτο</span> 
     </span>
    </p>
   </div>
   <div class='ocr_carea' id='block_1_8' title="bbox 418 833 2003 906">
    <p class='ocr_par' dir='ltr' id='par_1_8' title="bbox 418 833 2003 906">
     <span class='ocr_line' id='line_1_8' title="bbox 418 833 2003 906; baseline -0.002 -18"><span class='ocrx_word' id='word_1_50' title='bbox 418 836 651 906; x_wconf 71' lang='grc' dir='ltr'>γίνεται,</span> <span class='ocrx_word' id='word_1_51' title='bbox 672 834 789 887; x_wconf 82' lang='grc' dir='ltr'>ἀλλ’</span> <span class='ocrx_word' id='word_1_52' title='bbox 817 833 1003 903; x_wconf 88' lang='grc' dir='ltr'>ἐπειδὴ</span> <span class='ocrx_word' id='word_1_53' title='bbox 1037 834 1377 902; x_wconf 74' lang='grc' dir='ltr'>Ἡγὰπησεν</span> <span class='ocrx_word' id='word_1_54' title='bbox 1400 838 1434 889; x_wconf 87' lang='grc' dir='ltr'>ό</span> <span class='ocrx_word' id='word_1_55' title='bbox 1453 835 1599 900; x_wconf 79' lang='grc' dir='ltr'>Θεὸς</span> <span class='ocrx_word' id='word_1_56' title='bbox 1626 833 1734 887; x_wconf 86' lang='grc' dir='ltr'>τὸν</span> <span class='ocrx_word' id='word_1_57' title='bbox 1750 835 2003 902; x_wconf 84' lang='grc' dir='ltr'>κόσμον,</span> 
     </span>
    </p>
   </div>
   <div class='ocr_carea' id='block_1_9' title="bbox 417 915 2007 989">
    <p class='ocr_par' dir='ltr' id='par_1_9' title="bbox 417 915 2007 989">
     <span class='ocr_line' id='line_1_9' title="bbox 417 915 2007 989; baseline -0.001 -19"><span class='ocrx_word' id='word_1_58' title='bbox 417 918 509 972; x_wconf 85' lang='grc' dir='ltr'>διά</span> <span class='ocrx_word' id='word_1_59' title='bbox 536 917 696 972; x_wconf 90' lang='grc' dir='ltr'>τοῦτο</span> <span class='ocrx_word' id='word_1_60' title='bbox 742 917 774 970; x_wconf 90' lang='lat'>6</span> <span class='ocrx_word' id='word_1_61' title='bbox 819 915 1062 987; x_wconf 71' lang='grc' dir='ltr'>ἐμψυχος</span> <span class='ocrx_word' id='word_1_62' title='bbox 1099 915 1264 970; x_wconf 88' lang='grc' dir='ltr'>αὐτοῦ</span> <span class='ocrx_word' id='word_1_63' title='bbox 1299 916 1426 979; x_wconf 81' lang='grc' dir='ltr'>ναὸς</span> <span class='ocrx_word' id='word_1_64' title='bbox 1483 915 1830 989; x_wconf 82' lang='grc' dir='ltr'>σταυροῦται.</span> <span class='ocrx_word' id='word_1_65' title='bbox 1872 917 2007 969; x_wconf 86' lang='grc' dir='ltr'>Ἵνα</span> 
     </span>
    </p>
   </div>
   <div class='ocr_carea' id='block_1_10' title="bbox 419 997 2003 1068">
    <p class='ocr_par' dir='ltr' id='par_1_10' title="bbox 419 997 2003 1068">
     <span class='ocr_line' id='line_1_10' title="bbox 419 997 2003 1068; baseline -0.003 -14"><span class='ocrx_word' id='word_1_66' title='bbox 419 999 542 1066; x_wconf 82' lang='grc' dir='ltr'>πᾶς</span> <span class='ocrx_word' id='word_1_67' title='bbox 563 1004 597 1056; x_wconf 87' lang='grc' dir='ltr'>ό</span> <span class='ocrx_word' id='word_1_68' title='bbox 617 1001 923 1054; x_wconf 66' lang='grc' dir='ltr'>πιστεύω</span> <span class='ocrx_word' id='word_1_69' title='bbox 944 1002 1031 1065; x_wconf 81' lang='grc' dir='ltr'>εἰς</span> <span class='ocrx_word' id='word_1_70' title='bbox 1051 997 1257 1061; x_wconf 82' lang='grc' dir='ltr'>αὑτὸν,</span> <span class='ocrx_word' id='word_1_71' title='bbox 1272 998 1359 1068; x_wconf 80' lang='grc' dir='ltr'>μὴ</span> <span class='ocrx_word' id='word_1_72' title='bbox 1384 999 1702 1066; x_wconf 73' lang='grc' dir='ltr'>ἀπόληται.</span> <span class='ocrx_word' id='word_1_73' title='bbox 1733 998 1871 1052; x_wconf 74' lang='grc' dir='ltr'>ἀλλ’</span> <span class='ocrx_word' id='word_1_74' title='bbox 1890 998 2003 1067; x_wconf 78' lang='grc' dir='ltr'>ἔχῃ</span> 
     </span>
    </p>
   </div>
   <div class='ocr_carea' id='block_1_11' title="bbox 420 1080 2006 1153">
    <p class='ocr_par' dir='ltr' id='par_1_11' title="bbox 420 1080 2006 1153">
     <span class='ocr_line' id='line_1_11' title="bbox 420 1080 2006 1153; baseline -0.003 -17"><span class='ocrx_word' id='word_1_75' title='bbox 420 1081 578 1152; x_wconf 76' lang='grc' dir='ltr'>ζωὴν</span> <span class='ocrx_word' id='word_1_76' title='bbox 598 1080 860 1136; x_wconf 66' lang='grc' dir='ltr'>αἰώνιον.</span> <span class='ocrx_word' id='word_1_77' title='bbox 901 1082 1064 1153; x_wconf 84' lang='grc' dir='ltr'>Ὁρᾷς</span> <span class='ocrx_word' id='word_1_78' title='bbox 1107 1082 1207 1151; x_wconf 81' lang='grc' dir='ltr'>τὴν</span> <span class='ocrx_word' id='word_1_79' title='bbox 1253 1080 1347 1133; x_wconf 83' lang='grc' dir='ltr'>τοῦ</span> <span class='ocrx_word' id='word_1_80' title='bbox 1395 1081 1630 1151; x_wconf 87' lang='grc' dir='ltr'>σταυροῦ</span> <span class='ocrx_word' id='word_1_81' title='bbox 1682 1080 1879 1140; x_wconf 89' lang='grc' dir='ltr'>αἰτίαν,</span> <span class='ocrx_word' id='word_1_82' title='bbox 1911 1081 2006 1132; x_wconf 74' lang='grc' dir='ltr'>καὶ</span> 
     </span>
    </p>
   </div>
   <div class='ocr_carea' id='block_1_12' title="bbox 418 1163 2004 1237">
    <p class='ocr_par' dir='ltr' id='par_1_12' title="bbox 418 1163 2004 1237">
     <span class='ocr_line' id='line_1_12' title="bbox 418 1163 2004 1237; baseline -0.001 -22"><span class='ocrx_word' id='word_1_83' title='bbox 418 1165 522 1236; x_wconf 80' lang='grc' dir='ltr'>τὴν</span> <span class='ocrx_word' id='word_1_84' title='bbox 554 1165 611 1232; x_wconf 84' lang='grc' dir='ltr'>ἐξ</span> <span class='ocrx_word' id='word_1_85' title='bbox 641 1165 805 1219; x_wconf 84' lang='grc' dir='ltr'>αὐτοῦ</span> <span class='ocrx_word' id='word_1_86' title='bbox 858 1164 1162 1235; x_wconf 88' lang='grc' dir='ltr'>σωτηρίαν;</span> <span class='ocrx_word' id='word_1_87' title='bbox 1196 1165 1330 1237; x_wconf 85' lang='grc' dir='ltr'>όρᾷς</span> <span class='ocrx_word' id='word_1_88' title='bbox 1361 1165 1457 1217; x_wconf 87' lang='grc' dir='ltr'>τοῦ</span> <span class='ocrx_word' id='word_1_89' title='bbox 1512 1164 1685 1217; x_wconf 90' lang='grc' dir='ltr'>τύπου</span> <span class='ocrx_word' id='word_1_90' title='bbox 1716 1165 1852 1234; x_wconf 84' lang='grc' dir='ltr'>πρὸς</span> <span class='ocrx_word' id='word_1_91' title='bbox 1904 1163 2004 1233; x_wconf 86' lang='grc' dir='ltr'>τὴν</span> 
     </span>
    </p>
   </div>
   <div class='ocr_carea' id='block_1_13' title="bbox 419 1245 2003 1319">
    <p class='ocr_par' dir='ltr' id='par_1_13' title="bbox 419 1245 2003 1319">
     <span class='ocr_line' id='line_1_13' title="bbox 419 1245 2003 1319; baseline -0.001 -20"><span class='ocrx_word' id='word_1_92' title='bbox 419 1246 680 1317; x_wconf 81' lang='grc' dir='ltr'>ἀλήθειαν</span> <span class='ocrx_word' id='word_1_93' title='bbox 705 1247 803 1319; x_wconf 81' lang='grc' dir='ltr'>τήν</span> <span class='ocrx_word' id='word_1_94' title='bbox 839 1248 1196 1316; x_wconf 87' lang='grc' dir='ltr'>συγγένειαν;</span> <span class='ocrx_word' id='word_1_95' title='bbox 1246 1248 1397 1300; x_wconf 82' lang='grc' dir='ltr'>Ἐκεῖ</span> <span class='ocrx_word' id='word_1_96' title='bbox 1440 1246 1668 1300; x_wconf 86' lang='grc' dir='ltr'>θάνατον</span> <span class='ocrx_word' id='word_1_97' title='bbox 1692 1245 1947 1313; x_wconf 78' lang='grc' dir='ltr'>διέφυγον</span> <span class='ocrx_word' id='word_1_98' title='bbox 1976 1257 2003 1285; x_wconf 78' lang='grc' dir='ltr'>ι</span> 
     </span>
    </p>
   </div>
   <div class='ocr_carea' id='block_1_14' title="bbox 433 1326 2004 1400">
    <p class='ocr_par' dir='ltr' id='par_1_14' title="bbox 433 1326 2004 1400">
     <span class='ocr_line' id='line_1_14' title="bbox 433 1326 2004 1400; baseline -0.001 -19"><span class='ocrx_word' id='word_1_99' title='bbox 433 1330 697 1395; x_wconf 79' lang='grc' dir='ltr'>Ἰουδαῖοι,</span> <span class='ocrx_word' id='word_1_100' title='bbox 721 1329 856 1383; x_wconf 87' lang='grc' dir='ltr'>ἀλλά</span> <span class='ocrx_word' id='word_1_101' title='bbox 881 1329 972 1383; x_wconf 81' lang='lat' dir='ltr'><em>16v</em></span> <span class='ocrx_word' id='word_1_102' title='bbox 998 1329 1333 1400; x_wconf 84' lang='grc' dir='ltr'>πρόσκαιρον</span> <span class='ocrx_word' id='word_1_103' title='bbox 1350 1348 1367 1362; x_wconf 79' lang='grc' dir='ltr'><strong>ο</strong></span> <span class='ocrx_word' id='word_1_104' title='bbox 1402 1326 1635 1381; x_wconf 73' lang='grc' dir='ltr'>ἐνταῦθα</span> <span class='ocrx_word' id='word_1_105' title='bbox 1661 1327 1753 1381; x_wconf 86' lang='grc' dir='ltr'>τὸν</span> <span class='ocrx_word' id='word_1_106' title='bbox 1787 1326 2004 1380; x_wconf 90' lang='grc' dir='ltr'>αἰώνιον</span> 
     </span>
    </p>
   </div>
   <div class='ocr_carea' id='block_1_15' title="bbox 420 1410 2006 1483">
    <p class='ocr_par' dir='ltr' id='par_1_15' title="bbox 420 1410 2006 1483">
     <span class='ocr_line' id='line_1_15' title="bbox 420 1410 2006 1483; baseline 0 -20"><span class='ocrx_word' id='word_1_107' title='bbox 420 1413 472 1464; x_wconf 79' lang='grc' dir='ltr'>οί</span> <span class='ocrx_word' id='word_1_108' title='bbox 496 1412 859 1476; x_wconf 79' lang='grc' dir='ltr'>πιστεύοντες.</span> <span class='ocrx_word' id='word_1_109' title='bbox 905 1412 1053 1465; x_wconf 81' lang='grc' dir='ltr'>Ἐκεῖ</span> <span class='ocrx_word' id='word_1_110' title='bbox 1074 1412 1327 1483; x_wconf 81' lang='grc' dir='ltr'>δήγματα</span> <span class='ocrx_word' id='word_1_111' title='bbox 1354 1411 1529 1481; x_wconf 75' lang='grc' dir='ltr'>ὄφεων</span> <span class='ocrx_word' id='word_1_112' title='bbox 1575 1412 1692 1464; x_wconf 80' lang='grc' dir='ltr'>ἰᾶτο</span> <span class='ocrx_word' id='word_1_113' title='bbox 1722 1413 1751 1464; x_wconf 89' lang='lat'>6</span> <span class='ocrx_word' id='word_1_114' title='bbox 1796 1410 2006 1480; x_wconf 85' lang='grc' dir='ltr'>κρεμά-</span> 
     </span>
    </p>
   </div>
   <div class='ocr_carea' id='block_1_16' title="bbox 421 1494 2005 1565">
    <p class='ocr_par' dir='ltr' id='par_1_16' title="bbox 421 1494 2005 1565">
     <span class='ocr_line' id='line_1_16' title="bbox 421 1494 2005 1565; baseline -0.001 -19"><span class='ocrx_word' id='word_1_115' title='bbox 421 1510 584 1563; x_wconf 82' lang='grc' dir='ltr'>μενος</span> <span class='ocrx_word' id='word_1_116' title='bbox 611 1495 757 1563; x_wconf 79' lang='grc' dir='ltr'>ὅφις,</span> <span class='ocrx_word' id='word_1_117' title='bbox 778 1494 1011 1549; x_wconf 89' lang='grc' dir='ltr'>ἐνταῦθα</span> <span class='ocrx_word' id='word_1_118' title='bbox 1027 1494 1122 1548; x_wconf 92' lang='grc' dir='ltr'>τοῦ</span> <span class='ocrx_word' id='word_1_119' title='bbox 1142 1495 1333 1565; x_wconf 91' lang='grc' dir='ltr'>νοητοῦ</span> <span class='ocrx_word' id='word_1_120' title='bbox 1360 1496 1652 1565; x_wconf 88' lang='grc' dir='ltr'>δράκοντος</span> <span class='ocrx_word' id='word_1_121' title='bbox 1672 1494 2005 1565; x_wconf 73' lang='grc' dir='ltr'>ἐθεράπευσε</span> 
     </span>
    </p>
   </div>
   <div class='ocr_carea' id='block_1_17' title="bbox 420 1575 2007 1650">
    <p class='ocr_par' dir='ltr' id='par_1_17' title="bbox 420 1575 2007 1650">
     <span class='ocr_line' id='line_1_17' title="bbox 420 1575 2007 1650; baseline -0.001 -21"><span class='ocrx_word' id='word_1_122' title='bbox 420 1579 522 1641; x_wconf 67' lang='grc' dir='ltr'>τὰς</span> <span class='ocrx_word' id='word_1_123' title='bbox 549 1578 764 1648; x_wconf 82' lang='grc' dir='ltr'>πληγὰς</span> <span class='ocrx_word' id='word_1_124' title='bbox 800 1580 829 1631; x_wconf 91' lang='lat'>6</span> <span class='ocrx_word' id='word_1_125' title='bbox 855 1577 1190 1650; x_wconf 79' lang='grc' dir='ltr'>σταυρωθεὶς</span> <span class='ocrx_word' id='word_1_126' title='bbox 1223 1577 1432 1648; x_wconf 83' lang='grc' dir='ltr'>Ἰησοῦς</span> <span class='ocrx_word' id='word_1_127' title='bbox 1454 1596 1467 1609; x_wconf 73' lang='grc' dir='ltr'><strong>ο</strong></span> <span class='ocrx_word' id='word_1_128' title='bbox 1493 1580 1609 1631; x_wconf 86' lang='grc' dir='ltr'>ἐκεῖ</span> <span class='ocrx_word' id='word_1_129' title='bbox 1633 1579 1661 1630; x_wconf 97' lang='lat'>6</span> <span class='ocrx_word' id='word_1_130' title='bbox 1680 1580 1792 1639; x_wconf 90' lang='grc' dir='ltr'>τοῖς</span> <span class='ocrx_word' id='word_1_131' title='bbox 1812 1575 2007 1644; x_wconf 80' lang='grc' dir='ltr'>ὀφθαλ-</span> 
     </span>
    </p>
   </div>
   <div class='ocr_carea' id='block_1_18' title="bbox 422 1659 2007 1731">
    <p class='ocr_par' dir='ltr' id='par_1_18' title="bbox 422 1659 2007 1731">
     <span class='ocr_line' id='line_1_18' title="bbox 422 1659 2007 1731; baseline -0.002 -19"><span class='ocrx_word' id='word_1_132' title='bbox 422 1662 545 1730; x_wconf 83' lang='grc' dir='ltr'>μοῖς</span> <span class='ocrx_word' id='word_1_133' title='bbox 574 1660 783 1724; x_wconf 82' lang='grc' dir='ltr'>τούτοις</span> <span class='ocrx_word' id='word_1_134' title='bbox 812 1660 1023 1731; x_wconf 80' lang='grc' dir='ltr'>βλέπων</span> <span class='ocrx_word' id='word_1_135' title='bbox 1050 1660 1435 1730; x_wconf 84' lang='grc' dir='ltr'>ἐθεραπεύετο,</span> <span class='ocrx_word' id='word_1_136' title='bbox 1463 1660 1698 1713; x_wconf 87' lang='grc' dir='ltr'>ἐνταῦθα</span> <span class='ocrx_word' id='word_1_137' title='bbox 1726 1660 1754 1711; x_wconf 93' lang='lat'>6</span> <span class='ocrx_word' id='word_1_138' title='bbox 1774 1661 1888 1722; x_wconf 87' lang='grc' dir='ltr'>τοῖς</span> <span class='ocrx_word' id='word_1_139' title='bbox 1909 1659 2007 1729; x_wconf 88' lang='grc' dir='ltr'>τῆς</span> 
     </span>
    </p>
   </div>
   <div class='ocr_carea' id='block_1_19' title="bbox 418 1742 2005 1816">
    <p class='ocr_par' dir='ltr' id='par_1_19' title="bbox 418 1742 2005 1816">
     <span class='ocr_line' id='line_1_19' title="bbox 418 1742 2005 1816; baseline -0.001 -22"><span class='ocrx_word' id='word_1_140' title='bbox 418 1742 658 1805; x_wconf 79' lang='grc' dir='ltr'>διανοίας</span> <span class='ocrx_word' id='word_1_141' title='bbox 690 1743 987 1813; x_wconf 84' lang='grc' dir='ltr'>ὀφθαλμοῖς</span> <span class='ocrx_word' id='word_1_142' title='bbox 1012 1745 1176 1816; x_wconf 87' lang='grc' dir='ltr'>ὁρῶν,</span> <span class='ocrx_word' id='word_1_143' title='bbox 1200 1744 1379 1798; x_wconf 89' lang='grc' dir='ltr'>πάντα</span> <span class='ocrx_word' id='word_1_144' title='bbox 1404 1743 1717 1797; x_wconf 87' lang='grc' dir='ltr'>ἀποτίθεται</span> <span class='ocrx_word' id='word_1_145' title='bbox 1744 1742 1811 1794; x_wconf 85' lang='grc' dir='ltr'>τά</span> <span class='ocrx_word' id='word_1_146' title='bbox 1832 1742 2005 1812; x_wconf 85' lang='grc' dir='ltr'>ἁμαρ-</span> 
     </span>
    </p>
   </div>
   <div class='ocr_carea' id='block_1_20' title="bbox 421 1822 2005 1900">
    <p class='ocr_par' dir='ltr' id='par_1_20' title="bbox 421 1822 2005 1900">
     <span class='ocr_line' id='line_1_20' title="bbox 421 1822 2005 1900; baseline -0.002 -19"><span class='ocrx_word' id='word_1_147' title='bbox 421 1827 669 1897; x_wconf 87' lang='grc' dir='ltr'>τήματα·</span> <span class='ocrx_word' id='word_1_148' title='bbox 724 1829 843 1881; x_wconf 85' lang='grc' dir='ltr'>ἐκεῖ</span> <span class='ocrx_word' id='word_1_149' title='bbox 869 1827 1070 1898; x_wconf 85' lang='grc' dir='ltr'>χαλκὸς</span> <span class='ocrx_word' id='word_1_150' title='bbox 1113 1827 1175 1882; x_wconf 85' lang='lat'>16</span> <span class='ocrx_word' id='word_1_151' title='bbox 1229 1828 1575 1900; x_wconf 78' lang='grc' dir='ltr'>κρεμάμενον</span> <span class='ocrx_word' id='word_1_152' title='bbox 1605 1822 1673 1897; x_wconf 80' lang='grc' dir='ltr'>ἦν</span> <span class='ocrx_word' id='word_1_153' title='bbox 1707 1828 1787 1889; x_wconf 88' lang='grc' dir='ltr'>εἰς</span> <span class='ocrx_word' id='word_1_154' title='bbox 1821 1827 2005 1895; x_wconf 86' lang='grc' dir='ltr'>σχῆμα</span> 
     </span>
    </p>
   </div>
   <div class='ocr_carea' id='block_1_21' title="bbox 419 1908 2007 1981">
    <p class='ocr_par' dir='ltr' id='par_1_21' title="bbox 419 1908 2007 1981">
     <span class='ocr_line' id='line_1_21' title="bbox 419 1908 2007 1981; baseline 0.001 -20"><span class='ocrx_word' id='word_1_155' title='bbox 419 1908 598 1978; x_wconf 79' lang='grc' dir='ltr'>ὄφεως</span> <span class='ocrx_word' id='word_1_156' title='bbox 639 1910 1035 1976; x_wconf 79' lang='grc' dir='ltr'>διατυπωθεὶς,</span> <span class='ocrx_word' id='word_1_157' title='bbox 1088 1911 1322 1964; x_wconf 90' lang='grc' dir='ltr'>ἐνταῦθα</span> <span class='ocrx_word' id='word_1_158' title='bbox 1353 1911 1515 1981; x_wconf 89' lang='grc' dir='ltr'>σῶμα</span> <span class='ocrx_word' id='word_1_159' title='bbox 1548 1909 1868 1963; x_wconf 83' lang='grc' dir='ltr'>δεσποτικὸν</span> <span class='ocrx_word' id='word_1_160' title='bbox 1901 1910 2007 1963; x_wconf 77' lang='grc' dir='ltr'>ὑπὸ</span> 
     </span>
    </p>
   </div>
   <div class='ocr_carea' id='block_1_22' title="bbox 423 1991 2008 2063">
    <p class='ocr_par' dir='ltr' id='par_1_22' title="bbox 423 1991 2008 2063">
     <span class='ocr_line' id='line_1_22' title="bbox 423 1991 2008 2063; baseline 0.001 -20"><span class='ocrx_word' id='word_1_161' title='bbox 423 1991 741 2062; x_wconf 86' lang='grc' dir='ltr'>Πνεύματος</span> <span class='ocrx_word' id='word_1_162' title='bbox 775 1993 1238 2047; x_wconf 86' lang='grc' dir='ltr'>κατασκευασθέν.</span> <span class='ocrx_word' id='word_1_163' title='bbox 1280 1996 1440 2063; x_wconf 84' lang='grc' dir='ltr'>Ὄφις</span> <span class='ocrx_word' id='word_1_164' title='bbox 1474 1993 1695 2047; x_wconf 75' lang='grc' dir='ltr'>ἔδακνεν</span> <span class='ocrx_word' id='word_1_165' title='bbox 1728 1995 1865 2055; x_wconf 83' lang='grc' dir='ltr'>ἐκεῖ,</span> <span class='ocrx_word' id='word_1_166' title='bbox 1915 1992 2008 2046; x_wconf 74' lang='grc' dir='ltr'>καὶ</span> 
     </span>
    </p>
   </div>
   <div class='ocr_carea' id='block_1_23' title="bbox 421 2074 2008 2140">
    <p class='ocr_par' dir='ltr' id='par_1_23' title="bbox 421 2074 2008 2140">
     <span class='ocr_line' id='line_1_23' title="bbox 421 2074 2008 2140; baseline 0.002 -14"><span class='ocrx_word' id='word_1_167' title='bbox 421 2074 547 2140; x_wconf 69' lang='grc' dir='ltr'>δ’ρις</span> <span class='ocrx_word' id='word_1_168' title='bbox 577 2076 691 2128; x_wconf 81' lang='grc' dir='ltr'>ἰᾶτο</span> <span class='ocrx_word' id='word_1_169' title='bbox 713 2093 727 2107; x_wconf 71' lang='grc'><strong>⁸</strong></span> <span class='ocrx_word' id='word_1_170' title='bbox 754 2074 898 2129; x_wconf 75' lang='grc' dir='ltr'>οὕτω</span> <span class='ocrx_word' id='word_1_171' title='bbox 934 2078 1029 2130; x_wconf 79' lang='grc' dir='ltr'>καὶ</span> <span class='ocrx_word' id='word_1_172' title='bbox 1074 2077 1305 2131; x_wconf 86' lang='grc' dir='ltr'>ἐνταῦθα</span> <span class='ocrx_word' id='word_1_173' title='bbox 1338 2077 1565 2140; x_wconf 84' lang='grc' dir='ltr'>θάνατος</span> <span class='ocrx_word' id='word_1_174' title='bbox 1599 2076 1877 2139; x_wconf 77' lang='grc' dir='ltr'>ἀπώλεσε,</span> <span class='ocrx_word' id='word_1_175' title='bbox 1914 2077 2008 2130; x_wconf 82' lang='grc' dir='ltr'>καὶ</span> 
     </span>
    </p>
   </div>
   <div class='ocr_carea' id='block_1_24' title="bbox 420 2155 2003 2232">
    <p class='ocr_par' dir='ltr' id='par_1_24' title="bbox 420 2155 2003 2232">
     <span class='ocr_line' id='line_1_24' title="bbox 420 2155 2003 2232; baseline 0.003 -24"><span class='ocrx_word' id='word_1_176' title='bbox 420 2155 652 2220; x_wconf 78' lang='grc' dir='ltr'>θάνατος</span> <span class='ocrx_word' id='word_1_177' title='bbox 683 2157 904 2213; x_wconf 82' lang='grc' dir='ltr'>ἔσωσεν.</span> <span class='ocrx_word' id='word_1_178' title='bbox 954 2159 1093 2213; x_wconf 71' lang='grc' dir='ltr'>Ἀλλ’</span> <span class='ocrx_word' id='word_1_179' title='bbox 1116 2162 1145 2214; x_wconf 92' lang='lat'>6</span> <span class='ocrx_word' id='word_1_180' title='bbox 1177 2162 1275 2232; x_wconf 85' lang='grc' dir='ltr'>μὲν</span> <span class='ocrx_word' id='word_1_181' title='bbox 1303 2160 1541 2225; x_wconf 84' lang='grc' dir='ltr'>ἀπολλύς</span> <span class='ocrx_word' id='word_1_182' title='bbox 1564 2160 1706 2230; x_wconf 77' lang='grc' dir='ltr'>ὄφις,</span> <span class='ocrx_word' id='word_1_183' title='bbox 1741 2161 1816 2213; x_wconf 73' lang='grc' dir='ltr'>ἰύν</span> <span class='ocrx_word' id='word_1_184' title='bbox 1839 2156 2003 2230; x_wconf 80' lang='grc' dir='ltr'>εἶχεν·</span> 
     </span>
    </p>
   </div>
   <div class='ocr_carea' id='block_1_25' title="bbox 421 2239 2010 2315">
    <p class='ocr_par' dir='ltr' id='par_1_25' title="bbox 421 2239 2010 2315">
     <span class='ocr_line' id='line_1_25' title="bbox 421 2239 2010 2315; baseline 0.002 -23"><span class='ocrx_word' id='word_1_185' title='bbox 421 2241 451 2292; x_wconf 89' lang='lat'>6</span> <span class='ocrx_word' id='word_1_186' title='bbox 479 2239 535 2293; x_wconf 77' lang='grc' dir='ltr'>δὲ</span> <span class='ocrx_word' id='word_1_187' title='bbox 563 2239 771 2304; x_wconf 79' lang='grc' dir='ltr'>σώζων,</span> <span class='ocrx_word' id='word_1_188' title='bbox 807 2240 887 2294; x_wconf 92' lang='grc' dir='ltr'>ἰοῦ</span> <span class='ocrx_word' id='word_1_189' title='bbox 938 2242 1178 2313; x_wconf 76' lang='grc' dir='ltr'>καθαρὸς</span> <span class='ocrx_word' id='word_1_190' title='bbox 1224 2239 1310 2315; x_wconf 78' lang='grc' dir='ltr'>ἦν.</span> <span class='ocrx_word' id='word_1_191' title='bbox 1344 2246 1452 2297; x_wconf 73' lang='grc' dir='ltr'>Καὶ</span> <span class='ocrx_word' id='word_1_192' title='bbox 1508 2244 1741 2298; x_wconf 80' lang='grc' dir='ltr'>ἐνταῦθα</span> <span class='ocrx_word' id='word_1_193' title='bbox 1770 2242 1831 2297; x_wconf 82' lang='lat'>16</span> <span class='ocrx_word' id='word_1_194' title='bbox 1877 2242 2010 2296; x_wconf 77' lang='grc' dir='ltr'>αὐτὸ</span> 
     </span>
    </p>
   </div>
   <div class='ocr_carea' id='block_1_26' title="bbox 424 2323 2005 2399">
    <p class='ocr_par' dir='ltr' id='par_1_26' title="bbox 424 2323 2005 2399">
     <span class='ocr_line' id='line_1_26' title="bbox 424 2323 2005 2399; baseline 0.002 -23"><span class='ocrx_word' id='word_1_195' title='bbox 424 2324 617 2377; x_wconf 86' lang='grc' dir='ltr'>πάλιν·</span> <span class='ocrx_word' id='word_1_196' title='bbox 658 2327 686 2378; x_wconf 88' lang='lat'>6</span> <span class='ocrx_word' id='word_1_197' title='bbox 710 2325 811 2395; x_wconf 87' lang='grc' dir='ltr'>μὲν</span> <span class='ocrx_word' id='word_1_198' title='bbox 840 2325 948 2396; x_wconf 79' lang='grc' dir='ltr'>γάρ</span> <span class='ocrx_word' id='word_1_199' title='bbox 993 2327 1230 2390; x_wconf 82' lang='grc' dir='ltr'>ἀπολλὺς</span> <span class='ocrx_word' id='word_1_200' title='bbox 1267 2327 1495 2391; x_wconf 82' lang='grc' dir='ltr'>θάνατος</span> <span class='ocrx_word' id='word_1_201' title='bbox 1530 2328 1802 2399; x_wconf 81' lang='grc' dir='ltr'>ἁμαρτίαν</span> <span class='ocrx_word' id='word_1_202' title='bbox 1838 2323 2005 2397; x_wconf 81' lang='grc' dir='ltr'>εἶχεν,</span> 
     </span>
    </p>
   </div>
   <div class='ocr_carea' id='block_1_27' title="bbox 422 2408 2011 2483">
    <p class='ocr_par' dir='ltr' id='par_1_27' title="bbox 422 2408 2011 2483">
     <span class='ocr_line' id='line_1_27' title="bbox 422 2408 2011 2483; baseline 0.003 -24"><span class='ocrx_word' id='word_1_203' title='bbox 422 2408 609 2479; x_wconf 79' lang='grc' dir='ltr'>ὥσπερ</span> <span class='ocrx_word' id='word_1_204' title='bbox 634 2408 724 2460; x_wconf 86' lang='grc' dir='ltr'>τὸν</span> <span class='ocrx_word' id='word_1_205' title='bbox 766 2408 842 2461; x_wconf 84' lang='grc' dir='ltr'>ίὸν</span> <span class='ocrx_word' id='word_1_206' title='bbox 875 2412 903 2463; x_wconf 98' lang='lat'>6</span> <span class='ocrx_word' id='word_1_207' title='bbox 930 2409 1052 2479; x_wconf 74' lang='grc' dir='ltr'>ὄφις</span> <span class='ocrx_word' id='word_1_208' title='bbox 1074 2427 1088 2440; x_wconf 88' lang='grc'><strong>·</strong></span> <span class='ocrx_word' id='word_1_209' title='bbox 1132 2413 1159 2463; x_wconf 98' lang='lat'>6</span> <span class='ocrx_word' id='word_1_210' title='bbox 1187 2410 1243 2464; x_wconf 88' lang='grc' dir='ltr'>δέ</span> <span class='ocrx_word' id='word_1_211' title='bbox 1266 2411 1360 2463; x_wconf 90' lang='grc' dir='ltr'>τοῦ</span> <span class='ocrx_word' id='word_1_212' title='bbox 1403 2412 1695 2476; x_wconf 82' lang='grc' dir='ltr'>Δεσπότου,</span> <span class='ocrx_word' id='word_1_213' title='bbox 1736 2413 2011 2483; x_wconf 85' lang='grc' dir='ltr'>ἁμαρτίας</span> 
     </span>
    </p>
   </div>
   <div class='ocr_carea' id='block_1_28' title="bbox 425 2491 2005 2566">
    <p class='ocr_par' dir='ltr' id='par_1_28' title="bbox 425 2491 2005 2566">
     <span class='ocr_line' id='line_1_28' title="bbox 425 2491 2005 2566; baseline 0.001 -21"><span class='ocrx_word' id='word_1_214' title='bbox 425 2492 605 2563; x_wconf 82' lang='grc' dir='ltr'>πάσης</span> <span class='ocrx_word' id='word_1_215' title='bbox 664 2492 997 2564; x_wconf 85' lang='grc' dir='ltr'>ἀπήλλακτο,</span> <span class='ocrx_word' id='word_1_216' title='bbox 1054 2492 1241 2566; x_wconf 86' lang='grc' dir='ltr'>ῶσπερ</span> <span class='ocrx_word' id='word_1_217' title='bbox 1286 2491 1378 2549; x_wconf 76' lang='grc' dir='ltr'>οὖν</span> <span class='ocrx_word' id='word_1_218' title='bbox 1408 2498 1436 2549; x_wconf 90' lang='lat'>6</span> <span class='ocrx_word' id='word_1_219' title='bbox 1478 2496 1709 2566; x_wconf 75' lang='grc' dir='ltr'>χαλκοῦς</span> <span class='ocrx_word' id='word_1_220' title='bbox 1735 2496 1877 2563; x_wconf 73' lang='grc' dir='ltr'>ὄφις,</span> <span class='ocrx_word' id='word_1_221' title='bbox 1906 2493 2005 2547; x_wconf 70' lang='grc' dir='ltr'>ἰοῦ.</span> 
     </span>
    </p>
   </div>
   <div class='ocr_carea' id='block_1_29' title="bbox 446 2575 2011 2647">
    <p class='ocr_par' dir='ltr' id='par_1_29' title="bbox 446 2575 2011 2647">
     <span class='ocr_line' id='line_1_29' title="bbox 446 2575 2011 2647; baseline 0.001 -20"><span class='ocrx_word' id='word_1_222' title='bbox 446 2575 745 2643; x_wconf 81' lang='grc' dir='ltr'>Λμαρτίαν</span> <span class='ocrx_word' id='word_1_223' title='bbox 771 2576 900 2647; x_wconf 84' lang='grc' dir='ltr'>γάρ,</span> <span class='ocrx_word' id='word_1_224' title='bbox 932 2577 1118 2647; x_wconf 78' lang='grc' dir='ltr'>φησὶν,</span> <span class='ocrx_word' id='word_1_225' title='bbox 1167 2580 1279 2631; x_wconf 82' lang='grc' dir='ltr'>οὐκ</span> <span class='ocrx_word' id='word_1_226' title='bbox 1304 2578 1597 2646; x_wconf 82' lang='grc' dir='ltr'>ἐποίησεν</span> <span class='ocrx_word' id='word_1_227' title='bbox 1616 2618 1629 2641; x_wconf 88' lang='grc'>,</span> <span class='ocrx_word' id='word_1_228' title='bbox 1663 2576 1806 2629; x_wconf 83' lang='grc' dir='ltr'>οὐδὲ</span> <span class='ocrx_word' id='word_1_229' title='bbox 1831 2576 2011 2639; x_wconf 77' lang='grc' dir='ltr'>δόλος</span> 
     </span>
    </p>
   </div>
   <div class='ocr_carea' id='block_1_30' title="bbox 428 2657 2011 2728">
    <p class='ocr_par' dir='ltr' id='par_1_30' title="bbox 428 2657 2011 2728">
     <span class='ocr_line' id='line_1_30' title="bbox 428 2657 2011 2728; baseline 0.001 -17"><span class='ocrx_word' id='word_1_230' title='bbox 428 2657 638 2725; x_wconf 82' lang='grc' dir='ltr'>εὑρέθη</span> <span class='ocrx_word' id='word_1_231' title='bbox 660 2658 728 2711; x_wconf 77' lang='grc' dir='ltr'>ἐν</span> <span class='ocrx_word' id='word_1_232' title='bbox 750 2658 831 2724; x_wconf 83' lang='grc' dir='ltr'>τῷ</span> <span class='ocrx_word' id='word_1_233' title='bbox 886 2661 1138 2728; x_wconf 85' lang='grc' dir='ltr'>στόματι</span> <span class='ocrx_word' id='word_1_234' title='bbox 1179 2659 1389 2716; x_wconf 88' lang='grc' dir='ltr'>αὐτοῦ.</span> <span class='ocrx_word' id='word_1_235' title='bbox 1423 2663 1531 2714; x_wconf 78' lang='grc' dir='ltr'>Καὶ</span> <span class='ocrx_word' id='word_1_236' title='bbox 1575 2661 1734 2714; x_wconf 82' lang='grc' dir='ltr'>τοῦτό</span> <span class='ocrx_word' id='word_1_237' title='bbox 1780 2662 1948 2724; x_wconf 92' lang='grc' dir='ltr'>ἐστιν,</span> <span class='ocrx_word' id='word_1_238' title='bbox 1983 2661 2011 2713; x_wconf 86' lang='grc' dir='ltr'>ὅ</span> 
     </span>
    </p>
   </div>
   <div class='ocr_carea' id='block_1_31' title="bbox 430 2740 2011 2813">
    <p class='ocr_par' dir='ltr' id='par_1_31' title="bbox 430 2740 2011 2813">
     <span class='ocr_line' id='line_1_31' title="bbox 430 2740 2011 2813; baseline 0.002 -22"><span class='ocrx_word' id='word_1_239' title='bbox 430 2756 563 2807; x_wconf 81' lang='grc' dir='ltr'>φησι</span> <span class='ocrx_word' id='word_1_240' title='bbox 594 2740 803 2804; x_wconf 82' lang='grc' dir='ltr'>Παῦλος</span> <span class='ocrx_word' id='word_1_241' title='bbox 823 2757 836 2772; x_wconf 83' lang='grc'><em>’</em></span> <span class='ocrx_word' id='word_1_242' title='bbox 878 2742 1392 2812; x_wconf 79' lang='grc' dir='ltr'>Ἀπεκδυσάμενος</span> <span class='ocrx_word' id='word_1_243' title='bbox 1423 2744 1530 2810; x_wconf 82' lang='grc' dir='ltr'>τὰς</span> <span class='ocrx_word' id='word_1_244' title='bbox 1563 2743 1753 2813; x_wconf 80' lang='grc' dir='ltr'>ἀρχὰς</span> <span class='ocrx_word' id='word_1_245' title='bbox 1782 2742 1881 2796; x_wconf 76' lang='grc' dir='ltr'>καὶ</span> <span class='ocrx_word' id='word_1_246' title='bbox 1906 2742 2011 2808; x_wconf 84' lang='grc' dir='ltr'>τὰς</span> 
     </span>
    </p>
   </div>
   <div class='ocr_carea' id='block_1_32' title="bbox 427 2822 2007 2895">
    <p class='ocr_par' dir='ltr' id='par_1_32' title="bbox 427 2822 2007 2895">
     <span class='ocr_line' id='line_1_32' title="bbox 427 2822 2007 2895; baseline 0.002 -21"><span class='ocrx_word' id='word_1_247' title='bbox 427 2822 733 2888; x_wconf 76' lang='grc' dir='ltr'>ἐξουσίας,</span> <span class='ocrx_word' id='word_1_248' title='bbox 753 2822 1162 2893; x_wconf 80' lang='grc' dir='ltr'>ἐδειγμάτισεν</span> <span class='ocrx_word' id='word_1_249' title='bbox 1187 2826 1258 2880; x_wconf 79' lang='grc' dir='ltr'>ἐν</span> <span class='ocrx_word' id='word_1_250' title='bbox 1283 2828 1587 2894; x_wconf 54' lang='grc' dir='ltr'>πῴρησίᾳ</span> <span class='ocrx_word' id='word_1_251' title='bbox 1613 2826 2007 2895; x_wconf 75' lang='grc' dir='ltr'>θριαμϐεύσας</span> 
     </span>
    </p>
   </div>
   <div class='ocr_carea' id='block_1_33' title="bbox 430 2904 2008 2981">
    <p class='ocr_par' dir='ltr' id='par_1_33' title="bbox 430 2904 2008 2981">
     <span class='ocr_line' id='line_1_33' title="bbox 430 2904 2008 2981; baseline 0 -21"><span class='ocrx_word' id='word_1_252' title='bbox 430 2904 650 2969; x_wconf 84' lang='grc' dir='ltr'>αὐτοὺς</span> <span class='ocrx_word' id='word_1_253' title='bbox 672 2906 934 2973; x_wconf 84' lang='grc' dir='ltr'>ἐναὺτῷ.</span> <span class='ocrx_word' id='word_1_254' title='bbox 956 2908 1225 2980; x_wconf 83' lang='grc' dir='ltr'>Καθάπερ</span> <span class='ocrx_word' id='word_1_255' title='bbox 1244 2909 1349 2979; x_wconf 89' lang='grc' dir='ltr'>γάρ</span> <span class='ocrx_word' id='word_1_256' title='bbox 1374 2926 1455 2972; x_wconf 90' lang='grc' dir='ltr'>τις</span> <span class='ocrx_word' id='word_1_257' title='bbox 1481 2910 1718 2981; x_wconf 84' lang='grc' dir='ltr'>ἀθλητὴς</span> <span class='ocrx_word' id='word_1_258' title='bbox 1741 2910 2008 2978; x_wconf 83' lang='grc' dir='ltr'>γενναῖος,</span> 
     </span>
    </p>
   </div>
   <div class='ocr_carea' id='block_1_34' title="bbox 430 2987 2011 3063">
    <p class='ocr_par' dir='ltr' id='par_1_34' title="bbox 430 2987 2011 3063">
     <span class='ocr_line' id='line_1_34' title="bbox 430 2987 2011 3063; baseline 0.002 -24"><span class='ocrx_word' id='word_1_259' title='bbox 430 2987 555 3039; x_wconf 82' lang='grc' dir='ltr'>ὅταν</span> <span class='ocrx_word' id='word_1_260' title='bbox 577 2989 668 3041; x_wconf 82' lang='grc' dir='ltr'>ἐπὶ</span> <span class='ocrx_word' id='word_1_261' title='bbox 699 2989 974 3061; x_wconf 81' lang='grc' dir='ltr'>μετεώρου</span> <span class='ocrx_word' id='word_1_262' title='bbox 994 2991 1085 3043; x_wconf 81' lang='grc' dir='ltr'>τὸν</span> <span class='ocrx_word' id='word_1_263' title='bbox 1112 2994 1517 3063; x_wconf 80' lang='grc' dir='ltr'>ἀνταγωνιστὴν</span> <span class='ocrx_word' id='word_1_264' title='bbox 1538 2994 1674 3063; x_wconf 79' lang='grc' dir='ltr'>ἄρας</span> <span class='ocrx_word' id='word_1_265' title='bbox 1694 2995 1788 3046; x_wconf 75' lang='grc' dir='ltr'>καὶ</span> <span class='ocrx_word' id='word_1_266' title='bbox 1804 2992 2011 3061; x_wconf 81' lang='grc' dir='ltr'>καταρ-</span> 
     </span>
    </p>
   </div>
   <div class='ocr_carea' id='block_1_35' title="bbox 433 3072 2013 3148">
    <p class='ocr_par' dir='ltr' id='par_1_35' title="bbox 433 3072 2013 3148">
     <span class='ocr_line' id='line_1_35' title="bbox 433 3072 2013 3148; baseline 0.006 -23"><span class='ocrx_word' id='word_1_267' title='bbox 433 3072 620 3144; x_wconf 79' lang='grc' dir='ltr'>ράξας,</span> <span class='ocrx_word' id='word_1_268' title='bbox 645 3073 1029 3145; x_wconf 81' lang='grc' dir='ltr'>λαμπροτέραν</span> <span class='ocrx_word' id='word_1_269' title='bbox 1060 3076 1335 3146; x_wconf 81' lang='grc' dir='ltr'>ἀποφαίνῃ</span> <span class='ocrx_word' id='word_1_270' title='bbox 1363 3076 1391 3115; x_wconf 77' lang='lat' dir='ltr'><strong>b</strong></span> <span class='ocrx_word' id='word_1_271' title='bbox 1420 3080 1517 3145; x_wconf 84' lang='grc' dir='ltr'>τὴν</span> <span class='ocrx_word' id='word_1_272' title='bbox 1545 3077 1701 3148; x_wconf 84' lang='grc' dir='ltr'>νίκην</span> <span class='ocrx_word' id='word_1_273' title='bbox 1720 3094 1733 3107; x_wconf 82' lang='lat'>&#39;</span> <span class='ocrx_word' id='word_1_274' title='bbox 1758 3077 1900 3132; x_wconf 82' lang='grc' dir='ltr'>οὕτω</span> <span class='ocrx_word' id='word_1_275' title='bbox 1919 3081 2013 3134; x_wconf 79' lang='grc' dir='ltr'>καὶ</span> 
     </span>
    </p>
   </div>
   <div class='ocr_carea' id='block_1_36' title="bbox 430 3156 2014 3232">
    <p class='ocr_par' dir='ltr' id='par_1_36' title="bbox 430 3156 2014 3232">
     <span class='ocr_line' id='line_1_36' title="bbox 430 3156 2014 3232; baseline 0.006 -24"><span class='ocrx_word' id='word_1_276' title='bbox 430 3156 458 3207; x_wconf 88' lang='lat'>6</span> <span class='ocrx_word' id='word_1_277' title='bbox 481 3156 733 3228; x_wconf 83' lang='grc' dir='ltr'>Χριστὸς,</span> <span class='ocrx_word' id='word_1_278' title='bbox 757 3157 859 3228; x_wconf 89' lang='grc' dir='ltr'>τῆς</span> <span class='ocrx_word' id='word_1_279' title='bbox 874 3158 1200 3229; x_wconf 76' lang='grc' dir='ltr'>οἰκουμένης</span> <span class='ocrx_word' id='word_1_280' title='bbox 1229 3160 1448 3229; x_wconf 87' lang='grc' dir='ltr'>ἁπάσης</span> <span class='ocrx_word' id='word_1_281' title='bbox 1473 3160 1708 3232; x_wconf 73' lang='grc' dir='ltr'>όρώσης,</span> <span class='ocrx_word' id='word_1_282' title='bbox 1742 3163 1841 3226; x_wconf 80' lang='grc' dir='ltr'>τὰς</span> <span class='ocrx_word' id='word_1_283' title='bbox 1868 3164 2014 3218; x_wconf 87' lang='grc' dir='ltr'>ἀντι-</span> 
     </span>
    </p>
   </div>
   <div class='ocr_carea' id='block_1_37' title="bbox 431 3240 2012 3320">
    <p class='ocr_par' dir='ltr' id='par_1_37' title="bbox 431 3240 2012 3320">
     <span class='ocr_line' id='line_1_37' title="bbox 431 3240 2012 3320; baseline 0.003 -26"><span class='ocrx_word' id='word_1_284' title='bbox 431 3240 687 3312; x_wconf 85' lang='grc' dir='ltr'>κειμένας</span> <span class='ocrx_word' id='word_1_285' title='bbox 706 3242 965 3312; x_wconf 86' lang='grc' dir='ltr'>δυνάμεις</span> <span class='ocrx_word' id='word_1_286' title='bbox 998 3243 1285 3307; x_wconf 75' lang='grc' dir='ltr'>κατέϐαλε,</span> <span class='ocrx_word' id='word_1_287' title='bbox 1326 3244 1418 3295; x_wconf 77' lang='grc' dir='ltr'>καὶ</span> <span class='ocrx_word' id='word_1_288' title='bbox 1464 3246 1589 3307; x_wconf 88' lang='grc' dir='ltr'>τούς</span> <span class='ocrx_word' id='word_1_289' title='bbox 1633 3247 1725 3298; x_wconf 70' lang='grc' dir='ltr'>ἐπὶ</span> <span class='ocrx_word' id='word_1_290' title='bbox 1755 3247 1853 3317; x_wconf 86' lang='grc' dir='ltr'>τῆς</span> <span class='ocrx_word' id='word_1_291' title='bbox 1880 3249 2012 3320; x_wconf 87' lang='grc' dir='ltr'>ἐρη-</span> 
     </span>
    </p>
   </div>
   <div class='ocr_carea' id='block_1_38' title="bbox 437 3324 2014 3401">
    <p class='ocr_par' dir='ltr' id='par_1_38' title="bbox 437 3324 2014 3401">
     <span class='ocr_line' id='line_1_38' title="bbox 437 3324 2014 3401; baseline 0.005 -24"><span class='ocrx_word' id='word_1_292' title='bbox 437 3325 564 3393; x_wconf 85' lang='grc' dir='ltr'>μίας</span> <span class='ocrx_word' id='word_1_293' title='bbox 618 3324 1021 3395; x_wconf 86' lang='grc' dir='ltr'>πληττομένους</span> <span class='ocrx_word' id='word_1_294' title='bbox 1057 3325 1368 3394; x_wconf 83' lang='grc' dir='ltr'>ἰασάμενος,</span> <span class='ocrx_word' id='word_1_295' title='bbox 1421 3327 1639 3380; x_wconf 84' lang='grc' dir='ltr'>πάντων</span> <span class='ocrx_word' id='word_1_296' title='bbox 1669 3328 1778 3383; x_wconf 88' lang='grc' dir='ltr'>τῶν</span> <span class='ocrx_word' id='word_1_297' title='bbox 1810 3330 2014 3401; x_wconf 90' lang='grc' dir='ltr'>θηρίων</span> 
     </span>
    </p>
   </div>
   <div class='ocr_carea' id='block_1_39' title="bbox 432 3409 2016 3482">
    <p class='ocr_par' dir='ltr' id='par_1_39' title="bbox 432 3409 2016 3482">
     <span class='ocr_line' id='line_1_39' title="bbox 432 3409 2016 3482; baseline 0.004 -21"><span class='ocrx_word' id='word_1_298' title='bbox 432 3409 706 3481; x_wconf 73' lang='grc' dir='ltr'>ἀπήλλαξε</span> <span class='ocrx_word' id='word_1_299' title='bbox 758 3409 1093 3479; x_wconf 61' lang='grc' dir='ltr'>κρεμασθείς</span> <span class='ocrx_word' id='word_1_300' title='bbox 1152 3410 1243 3460; x_wconf 78' lang='grc' dir='ltr'>ἐπὶ</span> <span class='ocrx_word' id='word_1_301' title='bbox 1298 3410 1393 3462; x_wconf 82' lang='grc' dir='ltr'>τοῦ</span> <span class='ocrx_word' id='word_1_302' title='bbox 1444 3411 1696 3482; x_wconf 83' lang='grc' dir='ltr'>σταυροῦ.</span> <span class='ocrx_word' id='word_1_303' title='bbox 1744 3413 1881 3467; x_wconf 86' lang='grc' dir='ltr'>Ἀλλ’</span> <span class='ocrx_word' id='word_1_304' title='bbox 1915 3416 2016 3468; x_wconf 88' lang='grc' dir='ltr'>οὐκ</span> 
     </span>
    </p>
   </div>
   <div class='ocr_carea' id='block_1_40' title="bbox 433 3487 2016 3570">
    <p class='ocr_par' dir='ltr' id='par_1_40' title="bbox 433 3487 2016 3570">
     <span class='ocr_line' id='line_1_40' title="bbox 433 3487 2016 3570; baseline 0.005 -26"><span class='ocrx_word' id='word_1_305' title='bbox 433 3487 555 3545; x_wconf 80' lang='grc' dir='ltr'>εἷπε</span> <span class='ocrx_word' id='word_1_306' title='bbox 587 3502 633 3557; x_wconf 75' lang='grc' dir='ltr'>ε,</span> <span class='ocrx_word' id='word_1_307' title='bbox 674 3492 1050 3563; x_wconf 85' lang='grc' dir='ltr'>κρεμασθῆναι</span> <span class='ocrx_word' id='word_1_308' title='bbox 1098 3493 1197 3556; x_wconf 86' lang='grc' dir='ltr'>δεῖ,</span> <span class='ocrx_word' id='word_1_309' title='bbox 1255 3492 1389 3557; x_wconf 84' lang='grc' dir='ltr'>ἀλλ’,</span> <span class='ocrx_word' id='word_1_310' title='bbox 1441 3494 1803 3564; x_wconf 58' lang='grc' dir='ltr'>’Υψωθῆναα</span> <span class='ocrx_word' id='word_1_311' title='bbox 1838 3499 2016 3570; x_wconf 86' lang='grc' dir='ltr'>Ὅπερ</span> 
     </span>
    </p>
   </div>
   <div class='ocr_carea' id='block_1_41' title="bbox 433 3573 2014 3653">
    <p class='ocr_par' dir='ltr' id='par_1_41' title="bbox 433 3573 2014 3653">
     <span class='ocr_line' id='line_1_41' title="bbox 433 3573 2014 3653; baseline 0.004 -22"><span class='ocrx_word' id='word_1_312' title='bbox 433 3578 541 3649; x_wconf 79' lang='grc' dir='ltr'>γὰρ</span> <span class='ocrx_word' id='word_1_313' title='bbox 585 3578 955 3648; x_wconf 82' lang='grc' dir='ltr'>εὐφημότερον</span> <span class='ocrx_word' id='word_1_314' title='bbox 992 3573 1131 3629; x_wconf 77' lang='grc' dir='ltr'>εἶναι</span> <span class='ocrx_word' id='word_1_315' title='bbox 1173 3576 1345 3631; x_wconf 89' lang='grc' dir='ltr'>ἐδόκει</span> <span class='ocrx_word' id='word_1_316' title='bbox 1393 3577 1482 3631; x_wconf 81' lang='grc' dir='ltr'>διὰ</span> <span class='ocrx_word' id='word_1_317' title='bbox 1510 3579 1600 3632; x_wconf 81' lang='grc' dir='ltr'>τὸν</span> <span class='ocrx_word' id='word_1_318' title='bbox 1645 3580 2014 3653; x_wconf 86' lang='grc' dir='ltr'>ἀκροώμενον,</span> 
     </span>
    </p>
   </div>
   <div class='ocr_carea' id='block_1_42' title="bbox 436 3659 1731 3736">
    <p class='ocr_par' dir='ltr' id='par_1_42' title="bbox 436 3659 1731 3736">
     <span class='ocr_line' id='line_1_42' title="bbox 436 3659 1731 3736; baseline 0.001 -20"><span class='ocrx_word' id='word_1_319' title='bbox 436 3662 589 3736; x_wconf 77' lang='lat'><em>[156]</em></span> <span class='ocrx_word' id='word_1_320' title='bbox 622 3663 718 3717; x_wconf 76' lang='grc' dir='ltr'>καὶ</span> <span class='ocrx_word' id='word_1_321' title='bbox 745 3663 913 3730; x_wconf 84' lang='grc' dir='ltr'>ἐγγὺς</span> <span class='ocrx_word' id='word_1_322' title='bbox 939 3661 1034 3714; x_wconf 85' lang='grc' dir='ltr'>τοῦ</span> <span class='ocrx_word' id='word_1_323' title='bbox 1064 3659 1258 3725; x_wconf 89' lang='grc' dir='ltr'>τύπου,</span> <span class='ocrx_word' id='word_1_324' title='bbox 1288 3661 1447 3713; x_wconf 90' lang='grc' dir='ltr'>τοῦτο</span> <span class='ocrx_word' id='word_1_325' title='bbox 1469 3662 1731 3718; x_wconf 87' lang='grc' dir='ltr'>τέθεικεν.</span> 
     </span>
    </p>
   </div>
   <div class='ocr_carea' id='block_1_43' title="bbox 509 3744 2019 3818">
    <p class='ocr_par' dir='ltr' id='par_1_43' title="bbox 509 3744 2019 3818">
     <span class='ocr_line' id='line_1_43' title="bbox 509 3744 2019 3818; baseline 0.004 -18"><span class='ocrx_word' id='word_1_326' title='bbox 509 3746 672 3800; x_wconf 84' lang='grc' dir='ltr'>Οὕτω</span> <span class='ocrx_word' id='word_1_327' title='bbox 708 3747 814 3817; x_wconf 71' lang='grc' dir='ltr'>γὰρ</span> <span class='ocrx_word' id='word_1_328' title='bbox 864 3745 1184 3815; x_wconf 73' lang='grc' dir='ltr'>ἠγάπησεν</span> <span class='ocrx_word' id='word_1_329' title='bbox 1236 3747 1268 3798; x_wconf 87' lang='grc' dir='ltr'>ό</span> <span class='ocrx_word' id='word_1_330' title='bbox 1306 3744 1450 3809; x_wconf 82' lang='grc' dir='ltr'>Θεὸς</span> <span class='ocrx_word' id='word_1_331' title='bbox 1502 3746 1608 3799; x_wconf 86' lang='grc' dir='ltr'>τὸν</span> <span class='ocrx_word' id='word_1_332' title='bbox 1639 3749 1892 3818; x_wconf 78' lang='grc' dir='ltr'>κόσμον,</span> <span class='ocrx_word' id='word_1_333' title='bbox 1930 3752 2019 3806; x_wconf 85' lang='grc' dir='ltr'>ὅτι</span> 
     </span>
    </p>
   </div>
   <div class='ocr_carea' id='block_1_44' title="bbox 438 3826 2020 3899">
    <p class='ocr_par' dir='ltr' id='par_1_44' title="bbox 438 3826 2020 3899">
     <span class='ocr_line' id='line_1_44' title="bbox 438 3826 2020 3899; baseline 0.004 -17"><span class='ocrx_word' id='word_1_334' title='bbox 438 3829 542 3883; x_wconf 78' lang='grc' dir='ltr'>τὸν</span> <span class='ocrx_word' id='word_1_335' title='bbox 577 3831 714 3883; x_wconf 82' lang='grc' dir='ltr'>Υίὺν</span> <span class='ocrx_word' id='word_1_336' title='bbox 737 3831 923 3883; x_wconf 84' lang='grc' dir='ltr'>αὐτοῦ</span> <span class='ocrx_word' id='word_1_337' title='bbox 959 3830 1067 3883; x_wconf 85' lang='grc' dir='ltr'>τὸν</span> <span class='ocrx_word' id='word_1_338' title='bbox 1097 3826 1398 3898; x_wconf 80' lang='grc' dir='ltr'>μονογενῆ</span> <span class='ocrx_word' id='word_1_339' title='bbox 1432 3827 1675 3895; x_wconf 76' lang='grc' dir='ltr'>ἔδωκεν,</span> <span class='ocrx_word' id='word_1_340' title='bbox 1702 3831 1803 3885; x_wconf 77' lang='grc' dir='ltr'>ἵνα</span> <span class='ocrx_word' id='word_1_341' title='bbox 1822 3832 1941 3899; x_wconf 84' lang='grc' dir='ltr'>πᾶς</span> <span class='ocrx_word' id='word_1_342' title='bbox 1986 3837 2020 3888; x_wconf 84' lang='grc' dir='ltr'>ό</span> 
     </span>
    </p>
   </div>
   <div class='ocr_carea' id='block_1_45' title="bbox 437 3915 2020 3988">
    <p class='ocr_par' dir='ltr' id='par_1_45' title="bbox 437 3915 2020 3988">
     <span class='ocr_line' id='line_1_45' title="bbox 437 3915 2020 3988; baseline 0.004 -21"><span class='ocrx_word' id='word_1_343' title='bbox 437 3916 739 3968; x_wconf 76' lang='grc' dir='ltr'>πιστεύων</span> <span class='ocrx_word' id='word_1_344' title='bbox 763 3917 851 3981; x_wconf 82' lang='grc' dir='ltr'>είς</span> <span class='ocrx_word' id='word_1_345' title='bbox 887 3917 1073 3969; x_wconf 78' lang='grc' dir='ltr'>αὐτὸν</span> <span class='ocrx_word' id='word_1_346' title='bbox 1093 3915 1181 3984; x_wconf 74' lang='grc' dir='ltr'>μὴ</span> <span class='ocrx_word' id='word_1_347' title='bbox 1204 3915 1520 3981; x_wconf 76' lang='grc' dir='ltr'>ἀπόληται,</span> <span class='ocrx_word' id='word_1_348' title='bbox 1565 3915 1702 3970; x_wconf 72' lang='grc' dir='ltr'>ἀλλ’</span> <span class='ocrx_word' id='word_1_349' title='bbox 1723 3918 1835 3987; x_wconf 74' lang='grc' dir='ltr'>ἔχῃ</span> <span class='ocrx_word' id='word_1_350' title='bbox 1867 3917 2020 3988; x_wconf 81' lang='grc' dir='ltr'>ζωὴν</span> 
     </span>
    </p>
   </div>
   <div class='ocr_carea' id='block_1_46' title="bbox 437 3996 2018 4076">
    <p class='ocr_par' dir='ltr' id='par_1_46' title="bbox 437 3996 2018 4076">
     <span class='ocr_line' id='line_1_46' title="bbox 437 3996 2018 4076; baseline 0.004 -26"><span class='ocrx_word' id='word_1_351' title='bbox 437 3996 692 4052; x_wconf 80' lang='grc' dir='ltr'>αἰώνιον.</span> <span class='ocrx_word' id='word_1_352' title='bbox 735 4000 799 4051; x_wconf 90' lang='grc' dir='ltr'><strong>Ὃ</strong></span> <span class='ocrx_word' id='word_1_353' title='bbox 838 3998 895 4050; x_wconf 85' lang='grc' dir='ltr'>δέ</span> <span class='ocrx_word' id='word_1_354' title='bbox 923 3997 1090 4067; x_wconf 86' lang='grc' dir='ltr'>λέγει,</span> <span class='ocrx_word' id='word_1_355' title='bbox 1125 3996 1365 4050; x_wconf 88' lang='grc' dir='ltr'>τοιοῦτόν</span> <span class='ocrx_word' id='word_1_356' title='bbox 1419 3998 1574 4050; x_wconf 77' lang='grc' dir='ltr'>ἐστι’</span> <span class='ocrx_word' id='word_1_357' title='bbox 1604 4000 1693 4071; x_wconf 81' lang='grc' dir='ltr'>Μὴ</span> <span class='ocrx_word' id='word_1_358' title='bbox 1734 4001 2018 4076; x_wconf 80' lang='grc' dir='ltr'>θαυμάσῃς</span> 
     </span>
    </p>
   </div>
   <div class='ocr_carea' id='block_1_47' title="bbox 437 4066 2019 4159">
    <p class='ocr_par' dir='ltr' id='par_1_47' title="bbox 437 4066 2019 4159">
     <span class='ocr_line' id='line_1_47' title="bbox 437 4066 2019 4159; baseline 0.003 -24"><span class='ocrx_word' id='word_1_359' title='bbox 437 4082 518 4135; x_wconf 83' lang='grc' dir='ltr'>ὅτι</span> <span class='ocrx_word' id='word_1_360' title='bbox 549 4079 661 4150; x_wconf 77' lang='grc' dir='ltr'>ἐγὼ</span> <span class='ocrx_word' id='word_1_361' title='bbox 695 4080 872 4152; x_wconf 86' lang='grc' dir='ltr'>μέλλω</span> <span class='ocrx_word' id='word_1_362' title='bbox 905 4066 1189 4152; x_wconf 74' lang='grc' dir='ltr'>ὑψοῦσθαι,</span> <span class='ocrx_word' id='word_1_363' title='bbox 1213 4082 1299 4133; x_wconf 78' lang='grc' dir='ltr'>ἵνα</span> <span class='ocrx_word' id='word_1_364' title='bbox 1334 4080 1544 4152; x_wconf 83' lang='grc' dir='ltr'>σωθῆτε</span> <span class='ocrx_word' id='word_1_365' title='bbox 1567 4066 1743 4154; x_wconf 80' lang='grc' dir='ltr'>ὑμεῖς.</span> <span class='ocrx_word' id='word_1_366' title='bbox 1777 4066 1885 4139; x_wconf 74' lang='grc' dir='ltr'>Κάὶ</span> <span class='ocrx_word' id='word_1_367' title='bbox 1912 4066 2019 4159; x_wconf 71' lang='grc' dir='ltr'>γάρ</span> 
     </span>
    </p>
   </div>
   <div class='ocr_carea' id='block_1_48' title="bbox 439 4164 2022 4241">
    <p class='ocr_par' dir='ltr' id='par_1_48' title="bbox 439 4164 2022 4241">
     <span class='ocr_line' id='line_1_48' title="bbox 439 4164 2022 4241; baseline 0.004 -23"><span class='ocrx_word' id='word_1_368' title='bbox 439 4167 531 4219; x_wconf 84' lang='grc' dir='ltr'>καὶ</span> <span class='ocrx_word' id='word_1_369' title='bbox 563 4164 641 4236; x_wconf 84' lang='grc' dir='ltr'>τῷ</span> <span class='ocrx_word' id='word_1_370' title='bbox 698 4167 872 4238; x_wconf 71' lang='grc' dir='ltr'>Πατρὶ</span> <span class='ocrx_word' id='word_1_371' title='bbox 907 4167 1064 4219; x_wconf 89' lang='grc' dir='ltr'>τοῦτο</span> <span class='ocrx_word' id='word_1_372' title='bbox 1117 4167 1281 4228; x_wconf 89' lang='grc' dir='ltr'>δοκεῖ,</span> <span class='ocrx_word' id='word_1_373' title='bbox 1315 4165 1411 4218; x_wconf 66' lang='grc' dir='ltr'>καί⁵</span> <span class='ocrx_word' id='word_1_374' title='bbox 1465 4166 1626 4230; x_wconf 85' lang='grc' dir='ltr'>αὐτὸς</span> <span class='ocrx_word' id='word_1_375' title='bbox 1662 4168 1833 4232; x_wconf 76' lang='grc' dir='ltr'>οὕτως</span> <span class='ocrx_word' id='word_1_376' title='bbox 1878 4171 2022 4241; x_wconf 83' lang='grc' dir='ltr'>ὑμᾶς</span> 
     </span>
    </p>
   </div>
   <div class='ocr_carea' id='block_1_49' title="bbox 439 4250 2021 4323">
    <p class='ocr_par' dir='ltr' id='par_1_49' title="bbox 439 4250 2021 4323">
     <span class='ocr_line' id='line_1_49' title="bbox 439 4250 2021 4323; baseline 0.003 -19"><span class='ocrx_word' id='word_1_377' title='bbox 439 4253 746 4322; x_wconf 86' lang='grc' dir='ltr'>ἡγάπησεν,</span> <span class='ocrx_word' id='word_1_378' title='bbox 774 4250 848 4315; x_wconf 85' lang='grc' dir='ltr'>ὠς</span> <span class='ocrx_word' id='word_1_379' title='bbox 874 4251 1015 4323; x_wconf 84' lang='grc' dir='ltr'>ὑπὲρ</span> <span class='ocrx_word' id='word_1_380' title='bbox 1043 4252 1149 4304; x_wconf 88' lang='grc' dir='ltr'>τῶν</span> <span class='ocrx_word' id='word_1_381' title='bbox 1180 4250 1381 4306; x_wconf 86' lang='grc' dir='ltr'>δούλων</span> <span class='ocrx_word' id='word_1_382' title='bbox 1414 4252 1597 4307; x_wconf 81' lang='grc' dir='ltr'>δοῦναι</span> <span class='ocrx_word' id='word_1_383' title='bbox 1634 4254 1725 4308; x_wconf 80' lang='grc' dir='ltr'>τὸν</span> <span class='ocrx_word' id='word_1_384' title='bbox 1758 4255 1906 4319; x_wconf 75' lang='grc' dir='ltr'>Υἱὸν,</span> <span class='ocrx_word' id='word_1_385' title='bbox 1927 4259 2021 4309; x_wconf 71' lang='grc' dir='ltr'>καὶ</span> 
     </span>
    </p>
   </div>
   <div class='ocr_carea' id='block_1_50' title="bbox 438 4333 2023 4407">
    <p class='ocr_par' dir='ltr' id='par_1_50' title="bbox 438 4333 2023 4407">
     <span class='ocr_line' id='line_1_50' title="bbox 438 4333 2023 4407; baseline 0.001 -19"><span class='ocrx_word' id='word_1_386' title='bbox 438 4334 636 4388; x_wconf 85' lang='grc' dir='ltr'>δούλων</span> <span class='ocrx_word' id='word_1_387' title='bbox 661 4333 1012 4403; x_wconf 88' lang='grc' dir='ltr'>ἀγνωμόνων.</span> <span class='ocrx_word' id='word_1_388' title='bbox 1055 4335 1247 4389; x_wconf 80' lang='grc' dir='ltr'>Καίτοι</span> <span class='ocrx_word' id='word_1_389' title='bbox 1272 4338 1372 4390; x_wconf 90' lang='grc' dir='ltr'>οὐκ</span> <span class='ocrx_word' id='word_1_390' title='bbox 1410 4339 1475 4391; x_wconf 83' lang='grc' dir='ltr'>άν</span> <span class='ocrx_word' id='word_1_391' title='bbox 1504 4355 1586 4400; x_wconf 86' lang='grc' dir='ltr'>τις</span> <span class='ocrx_word' id='word_1_392' title='bbox 1608 4337 1727 4389; x_wconf 79' lang='grc' dir='ltr'>οὐδὲ</span> <span class='ocrx_word' id='word_1_393' title='bbox 1765 4338 1903 4407; x_wconf 82' lang='grc' dir='ltr'>ὑπὲρ</span> <span class='ocrx_word' id='word_1_394' title='bbox 1936 4338 2023 4406; x_wconf 83' lang='grc' dir='ltr'>φί-</span> 
     </span>
    </p>
   </div>
   <div class='ocr_carea' id='block_1_51' title="bbox 441 4417 2020 4493">
    <p class='ocr_par' dir='ltr' id='par_1_51' title="bbox 441 4417 2020 4493">
     <span class='ocr_line' id='line_1_51' title="bbox 441 4417 2020 4493; baseline 0.003 -23"><span class='ocrx_word' id='word_1_395' title='bbox 441 4417 533 4471; x_wconf 90' lang='grc' dir='ltr'>λου</span> <span class='ocrx_word' id='word_1_396' title='bbox 566 4418 728 4472; x_wconf 88' lang='grc' dir='ltr'>τοῦτο</span> <span class='ocrx_word' id='word_1_397' title='bbox 770 4420 1080 4489; x_wconf 87' lang='grc' dir='ltr'>ποιήσειεν,</span> <span class='ocrx_word' id='word_1_398' title='bbox 1118 4418 1144 4459; x_wconf 73' lang='grc' dir='ltr'><em>ά</em></span> <span class='ocrx_word' id='word_1_399' title='bbox 1173 4420 1315 4492; x_wconf 81' lang='grc' dir='ltr'>[οὐδὲ</span> <span class='ocrx_word' id='word_1_400' title='bbox 1360 4420 1502 4493; x_wconf 81' lang='grc' dir='ltr'>ὑπὲρ</span> <span class='ocrx_word' id='word_1_401' title='bbox 1554 4420 1761 4474; x_wconf 82' lang='grc' dir='ltr'>δικαίου</span> <span class='ocrx_word' id='word_1_402' title='bbox 1792 4422 2020 4490; x_wconf 85' lang='grc' dir='ltr'>ταχέως,</span> 
     </span>
    </p>
   </div>
   <div class='ocr_carea' id='block_1_52' title="bbox 440 4502 2024 4577">
    <p class='ocr_par' dir='ltr' id='par_1_52' title="bbox 440 4502 2024 4577">
     <span class='ocr_line' id='line_1_52' title="bbox 440 4502 2024 4577; baseline 0.003 -22"><span class='ocrx_word' id='word_1_403' title='bbox 440 4502 576 4573; x_wconf 82' lang='grc' dir='ltr'>ὅπερ</span> <span class='ocrx_word' id='word_1_404' title='bbox 604 4505 696 4557; x_wconf 67' lang='grc' dir='ltr'>καὶ</span> <span class='ocrx_word' id='word_1_405' title='bbox 717 4504 747 4555; x_wconf 93' lang='lat'>6</span> <span class='ocrx_word' id='word_1_406' title='bbox 771 4502 979 4566; x_wconf 83' lang='grc' dir='ltr'>Παῦλος</span> <span class='ocrx_word' id='word_1_407' title='bbox 1001 4503 1176 4573; x_wconf 80' lang='grc' dir='ltr'>δηλῶν</span> <span class='ocrx_word' id='word_1_408' title='bbox 1207 4506 1357 4574; x_wconf 74' lang='grc' dir='ltr'>ἔλεγε</span> <span class='ocrx_word' id='word_1_409' title='bbox 1485 4506 1672 4569; x_wconf 65' lang='grc' dir='ltr'>Μόλις</span> <span class='ocrx_word' id='word_1_410' title='bbox 1714 4506 1823 4573; x_wconf 79' lang='grc' dir='ltr'>γάρ</span> <span class='ocrx_word' id='word_1_411' title='bbox 1875 4506 2024 4574; x_wconf 83' lang='grc' dir='ltr'>ὑπὲρ</span> 
     </span>
    </p>
   </div>
   <div class='ocr_carea' id='block_1_53' title="bbox 440 4585 2023 4659">
    <p class='ocr_par' dir='ltr' id='par_1_53' title="bbox 440 4585 2023 4659">
     <span class='ocr_line' id='line_1_53' title="bbox 440 4585 2023 4659; baseline 0.002 -20"><span class='ocrx_word' id='word_1_412' title='bbox 440 4585 676 4641; x_wconf 81' lang='grc' dir='ltr'>δικαίου</span> <span class='ocrx_word' id='word_1_413' title='bbox 700 4604 788 4651; x_wconf 87' lang='grc' dir='ltr'>τις</span> <span class='ocrx_word' id='word_1_414' title='bbox 813 4585 1211 4641; x_wconf 74' lang='grc' dir='ltr'>ἀποθανεῖται.</span> <span class='ocrx_word' id='word_1_415' title='bbox 1276 4589 1412 4642; x_wconf 81' lang='grc' dir='ltr'>Ἀλλ’</span> <span class='ocrx_word' id='word_1_416' title='bbox 1444 4591 1646 4653; x_wconf 79' lang='grc' dir='ltr'>ἐκεῖνος</span> <span class='ocrx_word' id='word_1_417' title='bbox 1681 4589 1778 4659; x_wconf 80' lang='grc' dir='ltr'>μὲν</span> <span class='ocrx_word' id='word_1_418' title='bbox 1818 4589 2023 4643; x_wconf 85' lang='grc' dir='ltr'>πλατύ-</span> 
     </span>
    </p>
   </div>
   <div class='ocr_carea' id='block_1_54' title="bbox 440 4670 2023 4745">
    <p class='ocr_par' dir='ltr' id='par_1_54' title="bbox 440 4670 2023 4745">
     <span class='ocr_line' id='line_1_54' title="bbox 440 4670 2023 4745; baseline 0.001 -21"><span class='ocrx_word' id='word_1_419' title='bbox 440 4687 631 4744; x_wconf 86' lang='grc' dir='ltr'>τερον,</span> <span class='ocrx_word' id='word_1_420' title='bbox 681 4670 872 4745; x_wconf 72' lang='grc' dir='ltr'>Δἐπειδὴ</span> <span class='ocrx_word' id='word_1_421' title='bbox 913 4671 1049 4741; x_wconf 86' lang='grc' dir='ltr'>πρὸς</span> <span class='ocrx_word' id='word_1_422' title='bbox 1101 4674 1322 4735; x_wconf 81' lang='grc' dir='ltr'>πιστοὺς</span> <span class='ocrx_word' id='word_1_423' title='bbox 1375 4673 1670 4740; x_wconf 84' lang='grc' dir='ltr'>διελέγετο·</span> <span class='ocrx_word' id='word_1_424' title='bbox 1703 4674 1937 4726; x_wconf 82' lang='grc' dir='ltr'>ἐνταῦθα</span> <span class='ocrx_word' id='word_1_425' title='bbox 1967 4673 2023 4726; x_wconf 82' lang='grc' dir='ltr'>δὲ</span> 
     </span>
    </p>
   </div>
   <div class='ocr_carea' id='block_1_55' title="bbox 443 4755 2026 4830">
    <p class='ocr_par' dir='ltr' id='par_1_55' title="bbox 443 4755 2026 4830">
     <span class='ocr_line' id='line_1_55' title="bbox 443 4755 2026 4830; baseline 0.001 -21"><span class='ocrx_word' id='word_1_426' title='bbox 443 4755 887 4826; x_wconf 78' lang='grc' dir='ltr'>συνεσταλμένως</span> <span class='ocrx_word' id='word_1_427' title='bbox 920 4755 1020 4825; x_wconf 84' lang='grc' dir='ltr'>μὲν</span> <span class='ocrx_word' id='word_1_428' title='bbox 1063 4756 1091 4807; x_wconf 93' lang='lat'>6</span> <span class='ocrx_word' id='word_1_429' title='bbox 1128 4757 1380 4828; x_wconf 63' lang='grc' dir='ltr'>Χριστὸς,</span> <span class='ocrx_word' id='word_1_430' title='bbox 1417 4757 1603 4828; x_wconf 85' lang='grc' dir='ltr'>ἐπειδὴ</span> <span class='ocrx_word' id='word_1_431' title='bbox 1638 4758 1773 4827; x_wconf 79' lang='grc' dir='ltr'>πρὸς</span> <span class='ocrx_word' id='word_1_432' title='bbox 1795 4758 2026 4830; x_wconf 84' lang='grc' dir='ltr'>Νικόδη-</span> 
     </span>
    </p>
   </div>
   <div class='ocr_carea' id='block_1_56' title="bbox 445 4835 2024 4913">
    <p class='ocr_par' dir='ltr' id='par_1_56' title="bbox 445 4835 2024 4913">
     <span class='ocr_line' id='line_1_56' title="bbox 445 4835 2024 4913; baseline 0.001 -20"><span class='ocrx_word' id='word_1_433' title='bbox 445 4856 541 4910; x_wconf 88' lang='grc' dir='ltr'>μον</span> <span class='ocrx_word' id='word_1_434' title='bbox 556 4835 625 4910; x_wconf 81' lang='grc' dir='ltr'>ἡν</span> <span class='ocrx_word' id='word_1_435' title='bbox 650 4841 678 4893; x_wconf 91' lang='lat'>6</span> <span class='ocrx_word' id='word_1_436' title='bbox 701 4838 880 4906; x_wconf 86' lang='grc' dir='ltr'>λόγος,</span> <span class='ocrx_word' id='word_1_437' title='bbox 903 4840 1375 4911; x_wconf 83' lang='grc' dir='ltr'>ἐμφαντικώτερον</span> <span class='ocrx_word' id='word_1_438' title='bbox 1401 4851 1423 4879; x_wconf 76' lang='grc' dir='ltr'>θ</span> <span class='ocrx_word' id='word_1_439' title='bbox 1452 4841 1527 4893; x_wconf 86' lang='grc' dir='ltr'>δέ.</span> <span class='ocrx_word' id='word_1_440' title='bbox 1561 4844 1666 4893; x_wconf 74' lang='grc' dir='ltr'>Καὶ</span> <span class='ocrx_word' id='word_1_441' title='bbox 1691 4841 1798 4910; x_wconf 75' lang='grc' dir='ltr'>γὰρ</span> <span class='ocrx_word' id='word_1_442' title='bbox 1820 4842 2024 4913; x_wconf 78' lang='grc' dir='ltr'>ἑκάστη</span> 
     </span>
    </p>
   </div>
   <div class='ocr_carea' id='block_1_57' title="bbox 443 4922 2023 4997">
    <p class='ocr_par' dir='ltr' id='par_1_57' title="bbox 443 4922 2023 4997">
     <span class='ocr_line' id='line_1_57' title="bbox 443 4922 2023 4997; baseline 0.004 -24"><span class='ocrx_word' id='word_1_443' title='bbox 443 4923 583 4989; x_wconf 77' lang='grc' dir='ltr'>λέξις</span> <span class='ocrx_word' id='word_1_444' title='bbox 610 4923 813 4994; x_wconf 76' lang='grc' dir='ltr'>πολλὴν</span> <span class='ocrx_word' id='word_1_445' title='bbox 857 4922 966 4992; x_wconf 82' lang='grc' dir='ltr'>ἔχει</span> <span class='ocrx_word' id='word_1_446' title='bbox 1016 4925 1115 4992; x_wconf 76' lang='grc' dir='ltr'>τὴν</span> <span class='ocrx_word' id='word_1_447' title='bbox 1147 4922 1404 4993; x_wconf 79' lang='grc' dir='ltr'>ἔμφασιν.</span> <span class='ocrx_word' id='word_1_448' title='bbox 1440 4925 1529 4995; x_wconf 81' lang='grc' dir='ltr'>Τῷ</span> <span class='ocrx_word' id='word_1_449' title='bbox 1578 4943 1636 4978; x_wconf 89' lang='grc' dir='ltr'>τε</span> <span class='ocrx_word' id='word_1_450' title='bbox 1692 4925 1799 4997; x_wconf 82' lang='grc' dir='ltr'>γάρ</span> <span class='ocrx_word' id='word_1_451' title='bbox 1829 4928 2023 4991; x_wconf 83' lang='grc' dir='ltr'>εἰπεῖν,</span> 
     </span>
    </p>
   </div>
   <div class='ocr_carea' id='block_1_58' title="bbox 446 5004 2023 5080">
    <p class='ocr_par' dir='ltr' id='par_1_58' title="bbox 446 5004 2023 5080">
     <span class='ocr_line' id='line_1_58' title="bbox 446 5004 2023 5080; baseline 0.004 -23"><span class='ocrx_word' id='word_1_452' title='bbox 446 5008 643 5074; x_wconf 62' lang='grc' dir='ltr'>Οὕτως</span> <span class='ocrx_word' id='word_1_453' title='bbox 676 5004 979 5076; x_wconf 78' lang='grc' dir='ltr'>ἠγάπησε,</span> <span class='ocrx_word' id='word_1_454' title='bbox 1025 5007 1117 5058; x_wconf 72' lang='grc' dir='ltr'>καὶ</span> <span class='ocrx_word' id='word_1_455' title='bbox 1149 5006 1246 5076; x_wconf 83' lang='grc' dir='ltr'>τῷ,</span> <span class='ocrx_word' id='word_1_456' title='bbox 1295 5008 1359 5059; x_wconf 89' lang='lat'>&#39;0</span> <span class='ocrx_word' id='word_1_457' title='bbox 1406 5010 1550 5073; x_wconf 70' lang='grc' dir='ltr'>Θεὸς</span> <span class='ocrx_word' id='word_1_458' title='bbox 1606 5009 1714 5061; x_wconf 81' lang='grc' dir='ltr'>τὸν</span> <span class='ocrx_word' id='word_1_459' title='bbox 1768 5011 2023 5080; x_wconf 82' lang='grc' dir='ltr'>κόσμον,</span> 
     </span>
    </p>
   </div>
   <div class='ocr_carea' id='block_1_59' title="bbox 443 5089 2027 5166">
    <p class='ocr_par' dir='ltr' id='par_1_59' title="bbox 443 5089 2027 5166">
     <span class='ocr_line' id='line_1_59' title="bbox 443 5089 2027 5166; baseline 0.005 -27"><span class='ocrx_word' id='word_1_460' title='bbox 443 5090 641 5160; x_wconf 66' lang='grc' dir='ltr'>πολλὴν</span> <span class='ocrx_word' id='word_1_461' title='bbox 670 5089 912 5142; x_wconf 87' lang='grc' dir='ltr'>δείκνυσι</span> <span class='ocrx_word' id='word_1_462' title='bbox 936 5089 1036 5159; x_wconf 89' lang='grc' dir='ltr'>τῆς</span> <span class='ocrx_word' id='word_1_463' title='bbox 1061 5090 1283 5161; x_wconf 84' lang='grc' dir='ltr'>ἀγάπης</span> <span class='ocrx_word' id='word_1_464' title='bbox 1320 5090 1417 5161; x_wconf 79' lang='grc' dir='ltr'>τὴν</span> <span class='ocrx_word' id='word_1_465' title='bbox 1451 5091 1719 5145; x_wconf 82' lang='grc' dir='ltr'>ἐπίτασιν.</span> <span class='ocrx_word' id='word_1_466' title='bbox 1751 5093 1893 5147; x_wconf 89' lang='grc' dir='ltr'>Πολύ</span> <span class='ocrx_word' id='word_1_467' title='bbox 1918 5094 2027 5166; x_wconf 79' lang='grc' dir='ltr'>γὰρ</span> 
     </span>
    </p>
   </div>
   <div class='ocr_carea' id='block_1_60' title="bbox 440 5170 2027 5248">
    <p class='ocr_par' dir='ltr' id='par_1_60' title="bbox 440 5170 2027 5248">
     <span class='ocr_line' id='line_1_60' title="bbox 440 5170 2027 5248; baseline 0.005 -25"><span class='ocrx_word' id='word_1_468' title='bbox 440 5174 499 5226; x_wconf 81' lang='grc' dir='ltr'>τὸ</span> <span class='ocrx_word' id='word_1_469' title='bbox 534 5174 701 5243; x_wconf 82' lang='grc' dir='ltr'>μέσον</span> <span class='ocrx_word' id='word_1_470' title='bbox 732 5172 828 5227; x_wconf 73' lang='grc' dir='ltr'>καὶ</span> <span class='ocrx_word' id='word_1_471' title='bbox 852 5174 1076 5242; x_wconf 78' lang='grc' dir='ltr'>ἄπειρον</span> <span class='ocrx_word' id='word_1_472' title='bbox 1113 5170 1202 5245; x_wconf 79' lang='grc' dir='ltr'>ἦν.</span> <span class='ocrx_word' id='word_1_473' title='bbox 1252 5175 1309 5227; x_wconf 90' lang='lat'>&#39;0</span> <span class='ocrx_word' id='word_1_474' title='bbox 1332 5176 1440 5246; x_wconf 82' lang='grc' dir='ltr'>γὰρ</span> <span class='ocrx_word' id='word_1_475' title='bbox 1478 5175 1743 5239; x_wconf 87' lang='grc' dir='ltr'>ἀθάνατος</span> <span class='ocrx_word' id='word_1_476' title='bbox 1768 5218 1781 5241; x_wconf 93' lang='grc'>,</span> <span class='ocrx_word' id='word_1_477' title='bbox 1811 5180 1838 5231; x_wconf 90' lang='lat'>6</span> <span class='ocrx_word' id='word_1_478' title='bbox 1864 5178 2027 5248; x_wconf 73' lang='grc' dir='ltr'>ἄναρο</span> 
     </span>
    </p>
   </div>
   <div class='ocr_carea' id='block_1_61' title="bbox 443 5256 2029 5333">
    <p class='ocr_par' dir='ltr' id='par_1_61' title="bbox 443 5256 2029 5333">
     <span class='ocr_line' id='line_1_61' title="bbox 443 5256 2029 5333; baseline 0.004 -25"><span class='ocrx_word' id='word_1_479' title='bbox 443 5274 556 5325; x_wconf 86' lang='grc' dir='ltr'>χος,</span> <span class='ocrx_word' id='word_1_480' title='bbox 588 5258 623 5327; x_wconf 90' lang='grc' dir='ltr'>ἡ</span> <span class='ocrx_word' id='word_1_481' title='bbox 662 5256 1021 5329; x_wconf 87' lang='grc' dir='ltr'>μεγαλωσύνη</span> <span class='ocrx_word' id='word_1_482' title='bbox 1067 5260 1099 5328; x_wconf 88' lang='grc' dir='ltr'>ἡ</span> <span class='ocrx_word' id='word_1_483' title='bbox 1151 5258 1476 5331; x_wconf 85' lang='grc' dir='ltr'>ἀπέραντος,</span> <span class='ocrx_word' id='word_1_484' title='bbox 1498 5261 1625 5322; x_wconf 77' lang='grc' dir='ltr'>τοὺς</span> <span class='ocrx_word' id='word_1_485' title='bbox 1657 5262 1764 5314; x_wconf 77' lang='grc' dir='ltr'>ἀπὸ</span> <span class='ocrx_word' id='word_1_486' title='bbox 1796 5262 1899 5333; x_wconf 87' lang='grc' dir='ltr'>γῆς</span> <span class='ocrx_word' id='word_1_487' title='bbox 1934 5264 2029 5316; x_wconf 71' lang='grc' dir='ltr'>καὶ</span> 
     </span>
    </p>
   </div>
   <div class='ocr_carea' id='block_1_62' title="bbox 447 5339 2028 5417">
    <p class='ocr_par' dir='ltr' id='par_1_62' title="bbox 447 5339 2028 5417">
     <span class='ocr_line' id='line_1_62' title="bbox 447 5339 2028 5417; baseline 0.006 -26"><span class='ocrx_word' id='word_1_488' title='bbox 447 5339 665 5402; x_wconf 86' lang='grc' dir='ltr'>σποδοῦ,</span> <span class='ocrx_word' id='word_1_489' title='bbox 696 5342 824 5404; x_wconf 82' lang='grc' dir='ltr'>τοὺς</span> <span class='ocrx_word' id='word_1_490' title='bbox 855 5343 1065 5412; x_wconf 88' lang='grc' dir='ltr'>μυρίων</span> <span class='ocrx_word' id='word_1_491' title='bbox 1104 5344 1375 5415; x_wconf 88' lang='grc' dir='ltr'>γέμοντας</span> <span class='ocrx_word' id='word_1_492' title='bbox 1420 5346 1852 5417; x_wconf 85' lang='grc' dir='ltr'>ἁμαρτημάτων,</span> <span class='ocrx_word' id='word_1_493' title='bbox 1903 5348 2028 5410; x_wconf 77' lang='grc' dir='ltr'>τοὺς</span> 
     </span>
    </p>
   </div>
   <div class='ocr_carea' id='block_1_63' title="bbox 445 5423 2030 5501">
    <p class='ocr_par' dir='ltr' id='par_1_63' title="bbox 445 5423 2030 5501">
     <span class='ocr_line' id='line_1_63' title="bbox 445 5423 2030 5501; baseline 0.004 -25"><span class='ocrx_word' id='word_1_494' title='bbox 445 5423 532 5476; x_wconf 76' lang='grc' dir='ltr'>διὰ</span> <span class='ocrx_word' id='word_1_495' title='bbox 557 5426 759 5487; x_wconf 82' lang='grc' dir='ltr'>παντὸς</span> <span class='ocrx_word' id='word_1_496' title='bbox 790 5430 1300 5498; x_wconf 84' lang='grc' dir='ltr'>προσκεκρουκότας</span> <span class='ocrx_word' id='word_1_497' title='bbox 1325 5430 1419 5482; x_wconf 87' lang='grc' dir='ltr'>τοῦ</span> <span class='ocrx_word' id='word_1_498' title='bbox 1450 5430 1662 5501; x_wconf 89' lang='grc' dir='ltr'>χρόνου,</span> <span class='ocrx_word' id='word_1_499' title='bbox 1696 5432 1821 5495; x_wconf 87' lang='grc' dir='ltr'>τούς</span> <span class='ocrx_word' id='word_1_500' title='bbox 1852 5431 2030 5499; x_wconf 88' lang='grc' dir='ltr'>ἀγνώ-</span> 
     </span>
    </p>
   </div>
   <div class='ocr_carea' id='block_1_64' title="bbox 451 5508 2029 5584">
    <p class='ocr_par' dir='ltr' id='par_1_64' title="bbox 451 5508 2029 5584">
     <span class='ocr_line' id='line_1_64' title="bbox 451 5508 2029 5584; baseline 0.006 -24"><span class='ocrx_word' id='word_1_501' title='bbox 451 5523 637 5577; x_wconf 83' lang='grc' dir='ltr'>μονας,</span> <span class='ocrx_word' id='word_1_502' title='bbox 662 5508 889 5572; x_wconf 83' lang='grc' dir='ltr'>τούτους</span> <span class='ocrx_word' id='word_1_503' title='bbox 918 5511 1194 5583; x_wconf 83' lang='grc' dir='ltr'>ἡγάπησε.</span> <span class='ocrx_word' id='word_1_504' title='bbox 1215 5513 1325 5566; x_wconf 77' lang='grc' dir='ltr'>Καὶ</span> <span class='ocrx_word' id='word_1_505' title='bbox 1346 5513 1411 5566; x_wconf 86' lang='grc' dir='ltr'>τὰ</span> <span class='ocrx_word' id='word_1_506' title='bbox 1434 5514 1571 5584; x_wconf 84' lang='grc' dir='ltr'>μετὰ</span> <span class='ocrx_word' id='word_1_507' title='bbox 1598 5514 1771 5568; x_wconf 89' lang='grc' dir='ltr'>ταῦτα</span> <span class='ocrx_word' id='word_1_508' title='bbox 1790 5517 1846 5569; x_wconf 84' lang='grc' dir='ltr'>δέ</span> <span class='ocrx_word' id='word_1_509' title='bbox 1871 5518 2029 5570; x_wconf 88' lang='grc' dir='ltr'>πάλιν</span> 
     </span>
    </p>
   </div>
   <div class='ocr_carea' id='block_1_65' title="bbox 512 5613 2026 5684">
    <p class='ocr_par' dir='ltr' id='par_1_65' title="bbox 512 5613 2026 5684">
     <span class='ocr_line' id='line_1_65' title="bbox 512 5613 2026 5684; baseline 0.005 -22"><span class='ocrx_word' id='word_1_510' title='bbox 512 5614 540 5644; x_wconf 77' lang='grc'><strong><em>⁸</em></strong></span> <span class='ocrx_word' id='word_1_511' title='bbox 575 5613 801 5684; x_wconf 49' lang='lat' dir='ltr'>Quidam“</span> <span class='ocrx_word' id='word_1_512' title='bbox 828 5618 994 5679; x_wconf 75' lang='grc' dir='ltr'>ἔφυγον</span> <span class='ocrx_word' id='word_1_513' title='bbox 1080 5621 1105 5659; x_wconf 80' lang='lat' dir='ltr'><strong>b</strong></span> <span class='ocrx_word' id='word_1_514' title='bbox 1139 5619 1289 5669; x_wconf 75' lang='lat' dir='ltr'>Savi].</span> <span class='ocrx_word' id='word_1_515' title='bbox 1335 5622 1599 5684; x_wconf 77' lang='grc' dir='ltr'>ἀποφαίνει,</span> <span class='ocrx_word' id='word_1_516' title='bbox 1649 5625 1808 5672; x_wconf 84' lang='lat' dir='ltr'><strong>minus</strong></span> <span class='ocrx_word' id='word_1_517' title='bbox 1842 5629 1981 5674; x_wconf 82' lang='lat' dir='ltr'>recte</span> <span class='ocrx_word' id='word_1_518' title='bbox 2016 5638 2026 5670; x_wconf 90' lang='lat'>:</span> 
     </span>
    </p>
   </div>
   <div class='ocr_carea' id='block_1_66' title="bbox 448 5677 2031 5751">
    <p class='ocr_par' dir='ltr' id='par_1_66' title="bbox 448 5677 2031 5751">
     <span class='ocr_line' id='line_1_66' title="bbox 448 5677 2031 5751; baseline 0.006 -28"><span class='ocrx_word' id='word_1_519' title='bbox 448 5677 735 5751; x_wconf 32' lang='lat' dir='ltr'><em>113110.}:qu</em></span> <span class='ocrx_word' id='word_1_520' title='bbox 754 5677 1171 5751; x_wconf 53' lang='grc' dir='ltr'>ρειτγεοειοιηυῐη-</span> <span class='ocrx_word' id='word_1_521' title='bbox 1185 5683 1297 5751; x_wconf 61' lang='grc' dir='ltr'>ὅταν</span> <span class='ocrx_word' id='word_1_522' title='bbox 1318 5677 1699 5751; x_wconf 47' lang='grc' dir='ltr'>⁵ιιιιίῃύιιιιιιᾷυῐη</span> <span class='ocrx_word' id='word_1_523' title='bbox 1728 5700 1926 5751; x_wconf 75' lang='lat' dir='ltr'>semper</span> <span class='ocrx_word' id='word_1_524' title='bbox 1949 5700 2031 5733; x_wconf 86' lang='lat' dir='ltr'>re-</span> 
     </span>
    </p>
   </div>
   <div class='ocr_carea' id='block_1_67' title="bbox 448 5740 2031 5806">
    <p class='ocr_par' dir='ltr' id='par_1_67' title="bbox 448 5740 2031 5806">
     <span class='ocr_line' id='line_1_67' title="bbox 448 5740 2031 5806; baseline -0.001 -9"><span class='ocrx_word' id='word_1_525' title='bbox 448 5740 620 5806; x_wconf 68' lang='grc' dir='ltr'>(ιιιιιζίι,</span> <span class='ocrx_word' id='word_1_526' title='bbox 673 5800 683 5806; x_wconf 91' lang='lat'><em>_</em></span> <span class='ocrx_word' id='word_1_527' title='bbox 714 5741 735 5768; x_wconf 70' lang='grc' dir='ltr'><strong>ε</strong></span> <span class='ocrx_word' id='word_1_528' title='bbox 755 5740 938 5806; x_wconf 60' lang='lat' dir='ltr'>Morel.</span> <span class='ocrx_word' id='word_1_529' title='bbox 970 5741 1195 5806; x_wconf 74' lang='grc' dir='ltr'>σταυροῦ.</span> <span class='ocrx_word' id='word_1_530' title='bbox 1240 5745 1333 5792; x_wconf 83' lang='grc' dir='ltr'>Καὶ</span> <span class='ocrx_word' id='word_1_531' title='bbox 1361 5740 1440 5792; x_wconf 71' lang='grc' dir='ltr'>διά</span> <span class='ocrx_word' id='word_1_532' title='bbox 1468 5746 1513 5792; x_wconf 89' lang='grc' dir='ltr'>τί</span> <span class='ocrx_word' id='word_1_533' title='bbox 1546 5746 1633 5793; x_wconf 82' lang='grc' dir='ltr'>οὐκ</span> <span class='ocrx_word' id='word_1_534' title='bbox 1660 5749 1777 5795; x_wconf 84' lang='grc' dir='ltr'>εἷπε.</span> <span class='ocrx_word' id='word_1_535' title='bbox 1839 5740 1887 5787; x_wconf 76' lang='grc' dir='ltr'>ἰι</span> <span class='ocrx_word' id='word_1_536' title='bbox 1912 5749 2031 5806; x_wconf 60' lang='lat' dir='ltr'>Quae</span> 
     </span>
    </p>
   </div>
   <div class='ocr_carea' id='block_1_68' title="bbox 451 5800 2025 5867">
    <p class='ocr_par' dir='ltr' id='par_1_68' title="bbox 451 5800 2025 5867">
     <span class='ocr_line' id='line_1_68' title="bbox 451 5800 2025 5867; baseline 0.007 -23"><span class='ocrx_word' id='word_1_537' title='bbox 451 5800 856 5867; x_wconf 34' lang='lat' dir='ltr'>lx‘ncinisjnbclgnsa</span> <span class='ocrx_word' id='word_1_538' title='bbox 891 5811 1023 5867; x_wconf 57' lang='lat' dir='ltr'>sqnt,</span> <span class='ocrx_word' id='word_1_539' title='bbox 1051 5800 1232 5853; x_wconf 61' lang='lat' dir='ltr'>Sévilio</span> <span class='ocrx_word' id='word_1_540' title='bbox 1257 5806 1502 5854; x_wconf 71' lang='lat' dir='ltr'>debemur</span> <span class='ocrx_word' id='word_1_541' title='bbox 1528 5815 1579 5855; x_wconf 74' lang='lat' dir='ltr'><strong>et</strong></span> <span class='ocrx_word' id='word_1_542' title='bbox 1607 5810 1744 5856; x_wconf 79' lang='lat' dir='ltr'>codd.</span> <span class='ocrx_word' id='word_1_543' title='bbox 1773 5809 1881 5867; x_wconf 71' lang='lat'>7033,</span> <span class='ocrx_word' id='word_1_544' title='bbox 1918 5800 2025 5856; x_wconf 64' lang='lat'><em>706.</em></span> 
     </span>
    </p>
   </div>
   <div class='ocr_carea' id='block_1_69' title="bbox 454 5850 1881 5928">
    <p class='ocr_par' dir='ltr' id='par_1_69' title="bbox 454 5850 1881 5928">
     <span class='ocr_line' id='line_1_69' title="bbox 454 5850 1881 5928; baseline -0.041 0"><span class='ocrx_word' id='word_1_545' title='bbox 454 5857 587 5907; x_wconf 65' lang='lat' dir='ltr'>Eon&#39;</span> <span class='ocrx_word' id='word_1_546' title='bbox 652 5861 671 5882; x_wconf 51' lang='grc' dir='ltr'><strong>ε</strong></span> <span class='ocrx_word' id='word_1_547' title='bbox 698 5860 902 5919; x_wconf 65' lang='lat' dir='ltr'><strong>Quidam</strong></span> <span class='ocrx_word' id='word_1_548' title='bbox 930 5850 1332 5928; x_wconf 45' lang='grc' dir='ltr'>ἐμξπτικώέέρᾶλ</span> <span class='ocrx_word' id='word_1_549' title='bbox 1533 5850 1579 5855; x_wconf 53' lang='grc' dir='ltr'>ν’</span> <span class='ocrx_word' id='word_1_550' title='bbox 1611 5850 1744 5856; x_wconf 78' lang='lat'><strong>&quot;&quot;&quot;&quot;&#39;</strong></span> <span class='ocrx_word' id='word_1_551' title='bbox 1781 5850 1881 5870; x_wconf 64' lang='grc' dir='ltr'>’νη</span> 
     </span>
    </p>
   </div>
   <div class='ocr_carea' id='block_1_70' title="bbox 1431 220 2720 283">
    <p class='ocr_par' dir='ltr' id='par_1_70' title="bbox 1431 220 2720 283">
     <span class='ocr_line' id='line_1_70' title="bbox 1431 220 2720 283; baseline 0.003 -4"><span class='ocrx_word' id='word_1_552' title='bbox 1431 222 1498 279; x_wconf 81' lang='grc' dir='ltr'>ἰΝ</span> <span class='ocrx_word' id='word_1_553' title='bbox 1534 223 1852 280; x_wconf 63' lang='grc' dir='ltr'>ΙΟᾹΝΝΕΜ</span> <span class='ocrx_word' id='word_1_554' title='bbox 1893 220 2125 278; x_wconf 78' lang='grc' dir='ltr'>ΙΙΟΜΙΙ..</span> <span class='ocrx_word' id='word_1_555' title='bbox 2168 222 2380 279; x_wconf 72' lang='lat' dir='ltr'>XXVII.</span> <span class='ocrx_word' id='word_1_556' title='bbox 2421 228 2490 282; x_wconf 76' lang='lat' dir='ltr'>nl.</span> <span class='ocrx_word' id='word_1_557' title='bbox 2533 227 2720 283; x_wconf 73' lang='lat' dir='ltr'>XXVI.</span> 
     </span>
    </p>
   </div>
   <div class='ocr_carea' id='block_1_71' title="bbox 3597 218 3698 276">
    <p class='ocr_par' dir='ltr' id='par_1_71' title="bbox 3597 218 3698 276">
     <span class='ocr_line' id='line_1_71' title="bbox 3597 218 3698 276; baseline 0 -1"><span class='ocrx_word' id='word_1_558' title='bbox 3597 218 3698 276; x_wconf 76' lang='grc'>160</span> 
     </span>
    </p>
   </div>
   <div class='ocr_carea' id='block_1_72' title="bbox 2111 328 3700 405">
    <p class='ocr_par' dir='ltr' id='par_1_72' title="bbox 2111 328 3700 405">
     <span class='ocr_line' id='line_1_72' title="bbox 2111 328 3700 405; baseline -0.001 -21"><span class='ocrx_word' id='word_1_559' title='bbox 2111 333 2311 401; x_wconf 86' lang='grc' dir='ltr'>ὁμοίως</span> <span class='ocrx_word' id='word_1_560' title='bbox 2345 335 2675 405; x_wconf 75' lang='grc' dir='ltr'>ἐμφαντικά,</span> <span class='ocrx_word' id='word_1_561' title='bbox 2707 335 2849 405; x_wconf 75' lang='grc' dir='ltr'>άπερ</span> <span class='ocrx_word' id='word_1_562' title='bbox 2887 333 3133 403; x_wconf 80' lang='grc' dir='ltr'>ἐπήγαγε</span> <span class='ocrx_word' id='word_1_563' title='bbox 3175 328 3379 397; x_wconf 81' lang='grc' dir='ltr'>λέγων·</span> <span class='ocrx_word' id='word_1_564' title='bbox 3420 329 3549 383; x_wconf 85' lang='grc' dir='ltr'>Ὂτι</span> <span class='ocrx_word' id='word_1_565' title='bbox 3591 332 3700 383; x_wconf 83' lang='grc' dir='ltr'>τὸν</span> 
     </span>
    </p>
   </div>
   <div class='ocr_carea' id='block_1_73' title="bbox 2124 411 3700 489">
    <p class='ocr_par' dir='ltr' id='par_1_73' title="bbox 2124 411 3700 489">
     <span class='ocr_line' id='line_1_73' title="bbox 2124 411 3700 489; baseline -0.003 -21"><span class='ocrx_word' id='word_1_566' title='bbox 2124 417 2261 469; x_wconf 80' lang='grc' dir='ltr'>ΥΙὸν</span> <span class='ocrx_word' id='word_1_567' title='bbox 2288 420 2473 473; x_wconf 81' lang='grc' dir='ltr'>αὑτοῦ</span> <span class='ocrx_word' id='word_1_568' title='bbox 2512 422 2619 473; x_wconf 79' lang='grc' dir='ltr'>τὸν</span> <span class='ocrx_word' id='word_1_569' title='bbox 2644 416 2945 489; x_wconf 70' lang='grc' dir='ltr'>μονογενῆ</span> <span class='ocrx_word' id='word_1_570' title='bbox 2981 415 3209 469; x_wconf 76' lang='grc' dir='ltr'>ἔδωκεν</span> <span class='ocrx_word' id='word_1_571' title='bbox 3230 430 3243 442; x_wconf 91' lang='grc'><strong>·</strong></span> <span class='ocrx_word' id='word_1_572' title='bbox 3274 411 3336 465; x_wconf 85' lang='grc' dir='ltr'>οὐ</span> <span class='ocrx_word' id='word_1_573' title='bbox 3364 411 3570 479; x_wconf 86' lang='grc' dir='ltr'>δοῦλον,</span> <span class='ocrx_word' id='word_1_574' title='bbox 3597 413 3700 465; x_wconf 85' lang='grc' dir='ltr'>οὐκ</span> 
     </span>
    </p>
   </div>
   <div class='ocr_carea' id='block_1_74' title="bbox 2114 494 3694 575">
    <p class='ocr_par' dir='ltr' id='par_1_74' title="bbox 2114 494 3694 575">
     <span class='ocr_line' id='line_1_74' title="bbox 2114 494 3694 575; baseline -0.003 -23"><span class='ocrx_word' id='word_1_575' title='bbox 2114 500 2366 569; x_wconf 80' lang='grc' dir='ltr'>ἄγγελον,</span> <span class='ocrx_word' id='word_1_576' title='bbox 2400 503 2498 555; x_wconf 87' lang='grc' dir='ltr'>οὐκ</span> <span class='ocrx_word' id='word_1_577' title='bbox 2538 502 2877 575; x_wconf 88' lang='grc' dir='ltr'>ἀρχάγγελόν</span> <span class='ocrx_word' id='word_1_578' title='bbox 2924 517 3075 569; x_wconf 89' lang='grc' dir='ltr'>φησι.</span> <span class='ocrx_word' id='word_1_579' title='bbox 3112 497 3302 551; x_wconf 87' lang='grc' dir='ltr'>Καίτοι</span> <span class='ocrx_word' id='word_1_580' title='bbox 3338 512 3401 564; x_wconf 90' lang='grc' dir='ltr'>γε</span> <span class='ocrx_word' id='word_1_581' title='bbox 3433 495 3540 549; x_wconf 78' lang='grc' dir='ltr'>οὐδ’</span> <span class='ocrx_word' id='word_1_582' title='bbox 3572 495 3638 549; x_wconf 80' lang='grc' dir='ltr'>ἂν</span> <span class='ocrx_word' id='word_1_583' title='bbox 3674 494 3694 531; x_wconf 71' lang='grc' dir='ltr'><em>τ</em></span> 
     </span>
    </p>
   </div>
   <div class='ocr_carea' id='block_1_75' title="bbox 2115 578 3701 654">
    <p class='ocr_par' dir='ltr' id='par_1_75' title="bbox 2115 578 3701 654">
     <span class='ocr_line' id='line_1_75' title="bbox 2115 578 3701 654; baseline -0.004 -18"><span class='ocrx_word' id='word_1_584' title='bbox 2115 585 2242 651; x_wconf 73' lang='grc' dir='ltr'>περὶ</span> <span class='ocrx_word' id='word_1_585' title='bbox 2266 585 2433 638; x_wconf 82' lang='grc' dir='ltr'>παῖδά</span> <span class='ocrx_word' id='word_1_586' title='bbox 2475 602 2560 648; x_wconf 91' lang='grc' dir='ltr'>τις</span> <span class='ocrx_word' id='word_1_587' title='bbox 2609 584 2878 654; x_wconf 79' lang='grc' dir='ltr'>τοσαύτην</span> <span class='ocrx_word' id='word_1_588' title='bbox 2932 580 3247 647; x_wconf 79' lang='grc' dir='ltr'>ἐπεδείξατο</span> <span class='ocrx_word' id='word_1_589' title='bbox 3273 578 3533 651; x_wconf 74' lang='grc' dir='ltr'>σπουδὴν,</span> <span class='ocrx_word' id='word_1_590' title='bbox 3569 580 3701 648; x_wconf 83' lang='grc' dir='ltr'>ὅσην</span> 
     </span>
    </p>
   </div>
   <div class='ocr_carea' id='block_1_76' title="bbox 2114 658 3701 739">
    <p class='ocr_par' dir='ltr' id='par_1_76' title="bbox 2114 658 3701 739">
     <span class='ocr_line' id='line_1_76' title="bbox 2114 658 3701 739; baseline -0.003 -19"><span class='ocrx_word' id='word_1_591' title='bbox 2114 668 2242 739; x_wconf 79' lang='grc' dir='ltr'>περὶ</span> <span class='ocrx_word' id='word_1_592' title='bbox 2270 670 2396 731; x_wconf 83' lang='grc' dir='ltr'>τοὺς</span> <span class='ocrx_word' id='word_1_593' title='bbox 2421 670 2636 732; x_wconf 86' lang='grc' dir='ltr'>οἰκέτας</span> <span class='ocrx_word' id='word_1_594' title='bbox 2661 670 2790 731; x_wconf 80' lang='grc' dir='ltr'>τοὺς</span> <span class='ocrx_word' id='word_1_595' title='bbox 2811 667 3132 737; x_wconf 87' lang='grc' dir='ltr'>ἀγνώμονας</span> <span class='ocrx_word' id='word_1_596' title='bbox 3159 666 3187 716; x_wconf 91' lang='lat'>6</span> <span class='ocrx_word' id='word_1_597' title='bbox 3214 662 3364 725; x_wconf 87' lang='grc' dir='ltr'>Θεός.</span> <span class='ocrx_word' id='word_1_598' title='bbox 3391 662 3465 716; x_wconf 82' lang='lat' dir='ltr'><em>T6</em></span> <span class='ocrx_word' id='word_1_599' title='bbox 3494 663 3592 734; x_wconf 81' lang='grc' dir='ltr'>μὲν</span> <span class='ocrx_word' id='word_1_600' title='bbox 3607 658 3701 716; x_wconf 79' lang='grc' dir='ltr'>οὖν</span> 
     </span>
    </p>
   </div>
   <div class='ocr_carea' id='block_1_77' title="bbox 2115 749 3700 825">
    <p class='ocr_par' dir='ltr' id='par_1_77' title="bbox 2115 749 3700 825">
     <span class='ocr_line' id='line_1_77' title="bbox 2115 749 3700 825; baseline -0.004 -20"><span class='ocrx_word' id='word_1_601' title='bbox 2115 753 2285 817; x_wconf 85' lang='grc' dir='ltr'>πάθος</span> <span class='ocrx_word' id='word_1_602' title='bbox 2317 754 2378 806; x_wconf 88' lang='grc' dir='ltr'>οὐ</span> <span class='ocrx_word' id='word_1_603' title='bbox 2419 753 2623 825; x_wconf 83' lang='grc' dir='ltr'>σφόδρα</span> <span class='ocrx_word' id='word_1_604' title='bbox 2652 751 2876 823; x_wconf 89' lang='grc' dir='ltr'>γυμνῶς</span> <span class='ocrx_word' id='word_1_605' title='bbox 2910 752 2936 791; x_wconf 73' lang='grc' dir='ltr'>ε</span> <span class='ocrx_word' id='word_1_606' title='bbox 2970 749 3204 820; x_wconf 87' lang='grc' dir='ltr'>τίθησιν,</span> <span class='ocrx_word' id='word_1_607' title='bbox 3234 751 3371 805; x_wconf 86' lang='grc' dir='ltr'>ἁλλά</span> <span class='ocrx_word' id='word_1_608' title='bbox 3413 764 3700 802; x_wconf 88' lang='grc' dir='ltr'>συνεσκια-</span> 
     </span>
    </p>
   </div>
   <div class='ocr_carea' id='block_1_78' title="bbox 2116 833 3703 907">
    <p class='ocr_par' dir='ltr' id='par_1_78' title="bbox 2116 833 3703 907">
     <span class='ocr_line' id='line_1_78' title="bbox 2116 833 3703 907; baseline -0.003 -18"><span class='ocrx_word' id='word_1_609' title='bbox 2116 837 2327 907; x_wconf 87' lang='grc' dir='ltr'>σμένως</span> <span class='ocrx_word' id='word_1_610' title='bbox 2351 853 2364 867; x_wconf 73' lang='grc' dir='ltr'><strong><em>ο</em></strong></span> <span class='ocrx_word' id='word_1_611' title='bbox 2394 838 2456 891; x_wconf 84' lang='lat'>16</span> <span class='ocrx_word' id='word_1_612' title='bbox 2501 838 2558 891; x_wconf 84' lang='grc' dir='ltr'>δὲ</span> <span class='ocrx_word' id='word_1_613' title='bbox 2604 837 2715 892; x_wconf 86' lang='grc' dir='ltr'>ἀπὸ</span> <span class='ocrx_word' id='word_1_614' title='bbox 2754 835 2850 890; x_wconf 88' lang='grc' dir='ltr'>τοῦ</span> <span class='ocrx_word' id='word_1_615' title='bbox 2904 834 3111 897; x_wconf 84' lang='grc' dir='ltr'>πάθους</span> <span class='ocrx_word' id='word_1_616' title='bbox 3145 834 3354 906; x_wconf 82' lang='grc' dir='ltr'>κέρδος,</span> <span class='ocrx_word' id='word_1_617' title='bbox 3392 834 3578 903; x_wconf 87' lang='grc' dir='ltr'>σαφῶς</span> <span class='ocrx_word' id='word_1_618' title='bbox 3608 833 3703 885; x_wconf 72' lang='grc' dir='ltr'>καὶ</span> 
     </span>
    </p>
   </div>
   <div class='ocr_carea' id='block_1_79' title="bbox 2112 917 3701 993">
    <p class='ocr_par' dir='ltr' id='par_1_79' title="bbox 2112 917 3701 993">
     <span class='ocr_line' id='line_1_79' title="bbox 2112 917 3701 993; baseline -0.005 -18"><span class='ocrx_word' id='word_1_619' title='bbox 2112 921 2683 993; x_wconf 82' lang='grc' dir='ltr'>ἀνακεκαλυμμένως,</span> <span class='ocrx_word' id='word_1_620' title='bbox 2729 921 2906 989; x_wconf 87' lang='grc' dir='ltr'>λέγων</span> <span class='ocrx_word' id='word_1_621' title='bbox 2947 919 3149 981; x_wconf 75' lang='grc' dir='ltr'>οὓτως·</span> <span class='ocrx_word' id='word_1_622' title='bbox 3205 920 3340 973; x_wconf 83' lang='grc' dir='ltr'>Ἵνα</span> <span class='ocrx_word' id='word_1_623' title='bbox 3378 917 3497 984; x_wconf 78' lang='grc' dir='ltr'>πᾶς</span> <span class='ocrx_word' id='word_1_624' title='bbox 3533 920 3566 971; x_wconf 88' lang='grc' dir='ltr'>ό</span> <span class='ocrx_word' id='word_1_625' title='bbox 3604 933 3701 968; x_wconf 84' lang='grc' dir='ltr'>πι-</span> 
     </span>
    </p>
   </div>
   <div class='ocr_carea' id='block_1_80' title="bbox 2114 997 3707 1079">
    <p class='ocr_par' dir='ltr' id='par_1_80' title="bbox 2114 997 3707 1079">
     <span class='ocr_line' id='line_1_80' title="bbox 2114 997 3707 1079; baseline -0.003 -23"><span class='ocrx_word' id='word_1_626' title='bbox 2114 1005 2347 1057; x_wconf 82' lang='grc' dir='ltr'>στεύων</span> <span class='ocrx_word' id='word_1_627' title='bbox 2385 1007 2471 1070; x_wconf 89' lang='grc' dir='ltr'>εὶς</span> <span class='ocrx_word' id='word_1_628' title='bbox 2516 1004 2725 1067; x_wconf 80' lang='grc' dir='ltr'>αὐτὸν,</span> <span class='ocrx_word' id='word_1_629' title='bbox 2752 1003 2839 1073; x_wconf 80' lang='grc' dir='ltr'>μὴ</span> <span class='ocrx_word' id='word_1_630' title='bbox 2872 1004 3191 1079; x_wconf 69' lang='grc' dir='ltr'>ἀπόληται.</span> <span class='ocrx_word' id='word_1_631' title='bbox 3242 1002 3380 1054; x_wconf 71' lang='grc' dir='ltr'>ἀλλ’</span> <span class='ocrx_word' id='word_1_632' title='bbox 3407 1001 3519 1066; x_wconf 73' lang='grc' dir='ltr'>ἔχῃ</span> <span class='ocrx_word' id='word_1_633' title='bbox 3552 997 3707 1064; x_wconf 76' lang='grc' dir='ltr'>ζωὴν</span> 
     </span>
    </p>
   </div>
   <div class='ocr_carea' id='block_1_81' title="bbox 2113 1081 3705 1157">
    <p class='ocr_par' dir='ltr' id='par_1_81' title="bbox 2113 1081 3705 1157">
     <span class='ocr_line' id='line_1_81' title="bbox 2113 1081 3705 1157; baseline -0.003 -20"><span class='ocrx_word' id='word_1_634' title='bbox 2113 1087 2373 1140; x_wconf 71' lang='grc' dir='ltr'>αἰώνιον.</span> <span class='ocrx_word' id='word_1_635' title='bbox 2416 1087 2632 1156; x_wconf 82' lang='grc' dir='ltr'>Ἐπειδὴ</span> <span class='ocrx_word' id='word_1_636' title='bbox 2655 1086 2763 1157; x_wconf 83' lang='grc' dir='ltr'>γὰρ</span> <span class='ocrx_word' id='word_1_637' title='bbox 2798 1081 2973 1147; x_wconf 83' lang='grc' dir='ltr'>εἶπεν,</span> <span class='ocrx_word' id='word_1_638' title='bbox 3017 1082 3329 1152; x_wconf 76' lang='grc' dir='ltr'>’Υψωθῆναι</span> <span class='ocrx_word' id='word_1_639' title='bbox 3362 1081 3461 1143; x_wconf 83' lang='grc' dir='ltr'>δεῖ,</span> <span class='ocrx_word' id='word_1_640' title='bbox 3494 1082 3588 1133; x_wconf 71' lang='grc' dir='ltr'>καὶ</span> <span class='ocrx_word' id='word_1_641' title='bbox 3616 1081 3705 1133; x_wconf 77' lang='grc' dir='ltr'>τον</span> 
     </span>
    </p>
   </div>
   <div class='ocr_carea' id='block_1_82' title="bbox 2115 1162 3707 1238">
    <p class='ocr_par' dir='ltr' id='par_1_82' title="bbox 2115 1162 3707 1238">
     <span class='ocr_line' id='line_1_82' title="bbox 2115 1162 3707 1238; baseline -0.003 -20"><span class='ocrx_word' id='word_1_642' title='bbox 2115 1165 2343 1220; x_wconf 90' lang='grc' dir='ltr'>θάνατον</span> <span class='ocrx_word' id='word_1_643' title='bbox 2394 1167 2634 1238; x_wconf 78' lang='grc' dir='ltr'>ᾐνίξατο,</span> <span class='ocrx_word' id='word_1_644' title='bbox 2692 1168 2778 1221; x_wconf 78' lang='grc' dir='ltr'>ἵνα</span> <span class='ocrx_word' id='word_1_645' title='bbox 2817 1167 2891 1238; x_wconf 81' lang='grc' dir='ltr'>μὴ</span> <span class='ocrx_word' id='word_1_646' title='bbox 2917 1165 3168 1235; x_wconf 80' lang='grc' dir='ltr'>κατηφὴς</span> <span class='ocrx_word' id='word_1_647' title='bbox 3215 1166 3244 1216; x_wconf 91' lang='lat'>6</span> <span class='ocrx_word' id='word_1_648' title='bbox 3292 1163 3567 1234; x_wconf 81' lang='grc' dir='ltr'>ἀκροατὴς</span> <span class='ocrx_word' id='word_1_649' title='bbox 3598 1162 3707 1225; x_wconf 71' lang='grc' dir='ltr'>ἀπὸ</span> 
     </span>
    </p>
   </div>
   <div class='ocr_carea' id='block_1_83' title="bbox 2112 1243 3707 1321">
    <p class='ocr_par' dir='ltr' id='par_1_83' title="bbox 2112 1243 3707 1321">
     <span class='ocr_line' id='line_1_83' title="bbox 2112 1243 3707 1321; baseline -0.005 -20"><span class='ocrx_word' id='word_1_650' title='bbox 2112 1248 2318 1302; x_wconf 86' lang='grc' dir='ltr'>τούτων</span> <span class='ocrx_word' id='word_1_651' title='bbox 2345 1251 2572 1319; x_wconf 89' lang='grc' dir='ltr'>γένηται</span> <span class='ocrx_word' id='word_1_652' title='bbox 2623 1249 2734 1302; x_wconf 88' lang='grc' dir='ltr'>τῶν</span> <span class='ocrx_word' id='word_1_653' title='bbox 2770 1248 3054 1321; x_wconf 75' lang='grc' dir='ltr'>ῥημάτων,</span> <span class='ocrx_word' id='word_1_654' title='bbox 3107 1244 3449 1316; x_wconf 85' lang='grc' dir='ltr'>ἀνθρώπινόν</span> <span class='ocrx_word' id='word_1_655' title='bbox 3477 1262 3531 1297; x_wconf 89' lang='grc' dir='ltr'>τι</span> <span class='ocrx_word' id='word_1_656' title='bbox 3580 1243 3707 1314; x_wconf 74' lang='grc' dir='ltr'>περὶ</span> 
     </span>
    </p>
   </div>
   <div class='ocr_carea' id='block_1_84' title="bbox 2115 1325 3707 1397">
    <p class='ocr_par' dir='ltr' id='par_1_84' title="bbox 2115 1325 3707 1397">
     <span class='ocr_line' id='line_1_84' title="bbox 2115 1325 3707 1397; baseline -0.005 -13"><span class='ocrx_word' id='word_1_657' title='bbox 2115 1329 2282 1384; x_wconf 82' lang='grc' dir='ltr'>αὐτοῦ</span> <span class='ocrx_word' id='word_1_658' title='bbox 2310 1331 2338 1370; x_wconf 74' lang='lat' dir='ltr'><strong>h</strong></span> <span class='ocrx_word' id='word_1_659' title='bbox 2385 1330 2729 1397; x_wconf 85' lang='grc' dir='ltr'>ὑποπτεύων,</span> <span class='ocrx_word' id='word_1_660' title='bbox 2770 1331 2866 1384; x_wconf 73' lang='grc' dir='ltr'>καὶ</span> <span class='ocrx_word' id='word_1_661' title='bbox 2892 1330 2983 1383; x_wconf 84' lang='grc' dir='ltr'>τὸν</span> <span class='ocrx_word' id='word_1_662' title='bbox 3017 1328 3244 1382; x_wconf 89' lang='grc' dir='ltr'>θάνατον</span> <span class='ocrx_word' id='word_1_663' title='bbox 3271 1325 3434 1380; x_wconf 87' lang='grc' dir='ltr'>αὐτοῦ</span> <span class='ocrx_word' id='word_1_664' title='bbox 3472 1326 3707 1396; x_wconf 77' lang='grc' dir='ltr'>νομίζων</span> 
     </span>
    </p>
   </div>
   <div class='ocr_carea' id='block_1_85' title="bbox 2114 1409 3708 1485">
    <p class='ocr_par' dir='ltr' id='par_1_85' title="bbox 2114 1409 3708 1485">
     <span class='ocr_line' id='line_1_85' title="bbox 2114 1409 3708 1485; baseline -0.005 -18"><span class='ocrx_word' id='word_1_665' title='bbox 2114 1413 2455 1485; x_wconf 84' lang='grc' dir='ltr'>ἀνυπαρξίαν</span> <span class='ocrx_word' id='word_1_666' title='bbox 2486 1412 2645 1480; x_wconf 76' lang='grc' dir='ltr'>εἶναι,</span> <span class='ocrx_word' id='word_1_667' title='bbox 2684 1416 2874 1467; x_wconf 87' lang='grc' dir='ltr'>σκόπει</span> <span class='ocrx_word' id='word_1_668' title='bbox 2916 1413 3035 1476; x_wconf 90' lang='grc' dir='ltr'>πῶς</span> <span class='ocrx_word' id='word_1_669' title='bbox 3062 1411 3191 1465; x_wconf 79' lang='grc' dir='ltr'>αὐτὸ</span> <span class='ocrx_word' id='word_1_670' title='bbox 3224 1409 3552 1482; x_wconf 86' lang='grc' dir='ltr'>διορθοῦται,</span> <span class='ocrx_word' id='word_1_671' title='bbox 3581 1409 3708 1461; x_wconf 75' lang='grc' dir='ltr'>Υἰόν</span> 
     </span>
    </p>
   </div>
   <div class='ocr_carea' id='block_1_86' title="bbox 2112 1492 3708 1565">
    <p class='ocr_par' dir='ltr' id='par_1_86' title="bbox 2112 1492 3708 1565">
     <span class='ocr_line' id='line_1_86' title="bbox 2112 1492 3708 1565; baseline -0.004 -16"><span class='ocrx_word' id='word_1_672' title='bbox 2112 1514 2171 1550; x_wconf 87' lang='grc' dir='ltr'>τε</span> <span class='ocrx_word' id='word_1_673' title='bbox 2196 1496 2333 1550; x_wconf 88' lang='grc' dir='ltr'>Θεοῦ</span> <span class='ocrx_word' id='word_1_674' title='bbox 2363 1496 2537 1565; x_wconf 89' lang='grc' dir='ltr'>λέγων</span> <span class='ocrx_word' id='word_1_675' title='bbox 2568 1492 2709 1550; x_wconf 77' lang='grc' dir='ltr'>εἶναι</span> <span class='ocrx_word' id='word_1_676' title='bbox 2740 1496 2831 1549; x_wconf 83' lang='grc' dir='ltr'>τὸν</span> <span class='ocrx_word' id='word_1_677' title='bbox 2860 1495 3159 1565; x_wconf 82' lang='grc' dir='ltr'>διδόμενον,</span> <span class='ocrx_word' id='word_1_678' title='bbox 3198 1496 3291 1548; x_wconf 86' lang='grc' dir='ltr'>καί</span> <span class='ocrx_word' id='word_1_679' title='bbox 3338 1493 3487 1562; x_wconf 77' lang='grc' dir='ltr'>ζωῆς</span> <span class='ocrx_word' id='word_1_680' title='bbox 3534 1492 3708 1546; x_wconf 76' lang='grc' dir='ltr'>αἴτιον</span> 
     </span>
    </p>
   </div>
   <div class='ocr_carea' id='block_1_87' title="bbox 2115 1575 3708 1651">
    <p class='ocr_par' dir='ltr' id='par_1_87' title="bbox 2115 1575 3708 1651">
     <span class='ocr_line' id='line_1_87' title="bbox 2115 1575 3708 1651; baseline -0.004 -18"><span class='ocrx_word' id='word_1_681' title='bbox 2115 1577 2274 1645; x_wconf 72' lang='grc' dir='ltr'>εἶναι,</span> <span class='ocrx_word' id='word_1_682' title='bbox 2304 1583 2399 1635; x_wconf 76' lang='grc' dir='ltr'>καὶ</span> <span class='ocrx_word' id='word_1_683' title='bbox 2422 1581 2567 1651; x_wconf 81' lang='grc' dir='ltr'>ζωῆς</span> <span class='ocrx_word' id='word_1_684' title='bbox 2592 1581 2829 1635; x_wconf 86' lang='grc' dir='ltr'>αἰωνίου.</span> <span class='ocrx_word' id='word_1_685' title='bbox 2860 1580 2975 1632; x_wconf 83' lang='grc' dir='ltr'>Οὐκ</span> <span class='ocrx_word' id='word_1_686' title='bbox 2997 1578 3064 1633; x_wconf 79' lang='grc' dir='ltr'>ἂν</span> <span class='ocrx_word' id='word_1_687' title='bbox 3085 1579 3143 1632; x_wconf 82' lang='grc' dir='ltr'>δὲ</span> <span class='ocrx_word' id='word_1_688' title='bbox 3170 1581 3197 1631; x_wconf 88' lang='lat'>6</span> <span class='ocrx_word' id='word_1_689' title='bbox 3219 1583 3331 1641; x_wconf 83' lang='grc' dir='ltr'>τοῖς</span> <span class='ocrx_word' id='word_1_690' title='bbox 3357 1577 3535 1640; x_wconf 78' lang='grc' dir='ltr'>ἄλλοις</span> <span class='ocrx_word' id='word_1_691' title='bbox 3562 1575 3708 1645; x_wconf 83' lang='grc' dir='ltr'>ζωὴν</span> 
     </span>
    </p>
   </div>
   <div class='ocr_carea' id='block_1_88' title="bbox 2115 1654 3709 1735">
    <p class='ocr_par' dir='ltr' id='par_1_88' title="bbox 2115 1654 3709 1735">
     <span class='ocr_line' id='line_1_88' title="bbox 2115 1654 3709 1735; baseline -0.004 -19"><span class='ocrx_word' id='word_1_692' title='bbox 2115 1665 2371 1735; x_wconf 82' lang='grc' dir='ltr'>παρέχων</span> <span class='ocrx_word' id='word_1_693' title='bbox 2397 1663 2485 1717; x_wconf 86' lang='grc' dir='ltr'>διά</span> <span class='ocrx_word' id='word_1_694' title='bbox 2512 1662 2608 1716; x_wconf 90' lang='grc' dir='ltr'>τοῦ</span> <span class='ocrx_word' id='word_1_695' title='bbox 2637 1662 2889 1723; x_wconf 87' lang='grc' dir='ltr'>θανάτου,</span> <span class='ocrx_word' id='word_1_696' title='bbox 2929 1661 3090 1724; x_wconf 80' lang='grc' dir='ltr'>αὐτὸς</span> <span class='ocrx_word' id='word_1_697' title='bbox 3113 1660 3337 1730; x_wconf 77' lang='grc' dir='ltr'>ἔμελλεν</span> <span class='ocrx_word' id='word_1_698' title='bbox 3372 1654 3510 1713; x_wconf 76' lang='grc' dir='ltr'>εἶναι</span> <span class='ocrx_word' id='word_1_699' title='bbox 3542 1660 3599 1711; x_wconf 88' lang='grc' dir='ltr'>ἐν</span> <span class='ocrx_word' id='word_1_700' title='bbox 3630 1656 3709 1727; x_wconf 80' lang='grc' dir='ltr'>τῷ</span> 
     </span>
    </p>
   </div>
   <div class='ocr_carea' id='block_1_89' title="bbox 2115 1742 3707 1818">
    <p class='ocr_par' dir='ltr' id='par_1_89' title="bbox 2115 1742 3707 1818">
     <span class='ocr_line' id='line_1_89' title="bbox 2115 1742 3707 1818; baseline -0.005 -16"><span class='ocrx_word' id='word_1_701' title='bbox 2115 1748 2331 1818; x_wconf 83' lang='grc' dir='ltr'>θανάτῳ</span> <span class='ocrx_word' id='word_1_702' title='bbox 2378 1746 2663 1817; x_wconf 84' lang='grc' dir='ltr'>διηνεκῶς.</span> <span class='ocrx_word' id='word_1_703' title='bbox 2719 1747 2781 1798; x_wconf 85' lang='grc' dir='ltr'>Εἰ</span> <span class='ocrx_word' id='word_1_704' title='bbox 2832 1745 2942 1814; x_wconf 84' lang='grc' dir='ltr'>γὰρ</span> <span class='ocrx_word' id='word_1_705' title='bbox 2991 1746 3042 1797; x_wconf 84' lang='grc' dir='ltr'>οἰ</span> <span class='ocrx_word' id='word_1_706' title='bbox 3093 1744 3442 1807; x_wconf 88' lang='grc' dir='ltr'>πιστεύοντες</span> <span class='ocrx_word' id='word_1_707' title='bbox 3494 1744 3573 1806; x_wconf 90' lang='grc' dir='ltr'>εἰς</span> <span class='ocrx_word' id='word_1_708' title='bbox 3613 1742 3707 1795; x_wconf 77' lang='grc' dir='ltr'>τὸν</span> 
     </span>
    </p>
   </div>
   <div class='ocr_carea' id='block_1_90' title="bbox 2115 1826 3707 1903">
    <p class='ocr_par' dir='ltr' id='par_1_90' title="bbox 2115 1826 3707 1903">
     <span class='ocr_line' id='line_1_90' title="bbox 2115 1826 3707 1903; baseline -0.004 -19"><span class='ocrx_word' id='word_1_709' title='bbox 2115 1831 2528 1903; x_wconf 76' lang='grc' dir='ltr'>ἐσταυρωμένον</span> <span class='ocrx_word' id='word_1_710' title='bbox 2553 1831 2652 1884; x_wconf 89' lang='grc' dir='ltr'>οὐκ</span> <span class='ocrx_word' id='word_1_711' title='bbox 2673 1829 3032 1891; x_wconf 86' lang='grc' dir='ltr'>ἀπόλλυνται,</span> <span class='ocrx_word' id='word_1_712' title='bbox 3074 1827 3254 1897; x_wconf 88' lang='grc' dir='ltr'>πολλῷ</span> <span class='ocrx_word' id='word_1_713' title='bbox 3299 1826 3499 1898; x_wconf 86' lang='grc' dir='ltr'>μᾶλλον</span> <span class='ocrx_word' id='word_1_714' title='bbox 3544 1826 3707 1889; x_wconf 81' lang='grc' dir='ltr'>αὐτὸς</span> 
     </span>
    </p>
   </div>
   <div class='ocr_carea' id='block_1_91' title="bbox 2117 1908 3705 1985">
    <p class='ocr_par' dir='ltr' id='par_1_91' title="bbox 2117 1908 3705 1985">
     <span class='ocr_line' id='line_1_91' title="bbox 2117 1908 3705 1985; baseline -0.006 -17"><span class='ocrx_word' id='word_1_715' title='bbox 2117 1915 2453 1985; x_wconf 72' lang='grc' dir='ltr'>σταυρωθεὶς</span> <span class='ocrx_word' id='word_1_716' title='bbox 2502 1915 2603 1967; x_wconf 89' lang='grc' dir='ltr'>οὐκ</span> <span class='ocrx_word' id='word_1_717' title='bbox 2651 1912 2954 1967; x_wconf 81' lang='grc' dir='ltr'>ἀπολεῖται.</span> <span class='ocrx_word' id='word_1_718' title='bbox 2996 1912 3054 1964; x_wconf 90' lang='grc' dir='ltr'><strong>Ὀ</strong></span> <span class='ocrx_word' id='word_1_719' title='bbox 3084 1911 3191 1982; x_wconf 82' lang='grc' dir='ltr'>γάρ</span> <span class='ocrx_word' id='word_1_720' title='bbox 3239 1910 3349 1963; x_wconf 88' lang='grc' dir='ltr'>τῶν</span> <span class='ocrx_word' id='word_1_721' title='bbox 3395 1908 3569 1964; x_wconf 74' lang='grc' dir='ltr'>ἄλλων</span> <span class='ocrx_word' id='word_1_722' title='bbox 3606 1909 3705 1978; x_wconf 80' lang='grc' dir='ltr'>τὴν</span> 
     </span>
    </p>
   </div>
   <div class='ocr_carea' id='block_1_92' title="bbox 2115 1992 3706 2068">
    <p class='ocr_par' dir='ltr' id='par_1_92' title="bbox 2115 1992 3706 2068">
     <span class='ocr_line' id='line_1_92' title="bbox 2115 1992 3706 2068; baseline -0.004 -16"><span class='ocrx_word' id='word_1_723' title='bbox 2115 1999 2394 2053; x_wconf 85' lang='grc' dir='ltr'>ἀπώλειαν</span> <span class='ocrx_word' id='word_1_724' title='bbox 2410 1997 2669 2068; x_wconf 86' lang='grc' dir='ltr'>ἀναιρῶν,</span> <span class='ocrx_word' id='word_1_725' title='bbox 2692 1995 2871 2066; x_wconf 81' lang='grc' dir='ltr'>πολλῷ</span> <span class='ocrx_word' id='word_1_726' title='bbox 2896 1994 3099 2066; x_wconf 78' lang='grc' dir='ltr'>μᾶλλον</span> <span class='ocrx_word' id='word_1_727' title='bbox 3123 1993 3287 2056; x_wconf 84' lang='grc' dir='ltr'>αὐτὸς</span> <span class='ocrx_word' id='word_1_728' title='bbox 3310 1992 3512 2063; x_wconf 87' lang='grc' dir='ltr'>ταύτης</span> <span class='ocrx_word' id='word_1_729' title='bbox 3532 1993 3706 2060; x_wconf 85' lang='grc' dir='ltr'>ἀπήλ-</span> 
     </span>
    </p>
   </div>
   <div class='ocr_carea' id='block_1_93' title="bbox 2116 2075 3707 2150">
    <p class='ocr_par' dir='ltr' id='par_1_93' title="bbox 2116 2075 3707 2150">
     <span class='ocr_line' id='line_1_93' title="bbox 2116 2075 3707 2150; baseline -0.005 -14"><span class='ocrx_word' id='word_1_730' title='bbox 2116 2083 2313 2138; x_wconf 87' lang='grc' dir='ltr'>λακται</span> <span class='ocrx_word' id='word_1_731' title='bbox 2337 2098 2351 2114; x_wconf 74' lang='grc' dir='ltr'><strong>ο</strong></span> <span class='ocrx_word' id='word_1_732' title='bbox 2384 2084 2413 2135; x_wconf 92' lang='lat'>6</span> <span class='ocrx_word' id='word_1_733' title='bbox 2440 2084 2551 2145; x_wconf 85' lang='grc' dir='ltr'>τοῖς</span> <span class='ocrx_word' id='word_1_734' title='bbox 2579 2080 2760 2144; x_wconf 76' lang='grc' dir='ltr'>ἄλλοις</span> <span class='ocrx_word' id='word_1_735' title='bbox 2794 2079 3052 2150; x_wconf 86' lang='grc' dir='ltr'>παρέχων</span> <span class='ocrx_word' id='word_1_736' title='bbox 3087 2075 3255 2148; x_wconf 79' lang='grc' dir='ltr'>ζωὴν,</span> <span class='ocrx_word' id='word_1_737' title='bbox 3293 2076 3474 2146; x_wconf 85' lang='grc' dir='ltr'>πολλῷ</span> <span class='ocrx_word' id='word_1_738' title='bbox 3508 2075 3707 2146; x_wconf 77' lang='grc' dir='ltr'>μᾶλλον</span> 
     </span>
    </p>
   </div>
   <div class='ocr_carea' id='block_1_94' title="bbox 2119 2158 3707 2238">
    <p class='ocr_par' dir='ltr' id='par_1_94' title="bbox 2119 2158 3707 2238">
     <span class='ocr_line' id='line_1_94' title="bbox 2119 2158 3707 2238; baseline -0.007 -17"><span class='ocrx_word' id='word_1_739' title='bbox 2119 2166 2296 2238; x_wconf 84' lang='grc' dir='ltr'>ἐαυτῷ</span> <span class='ocrx_word' id='word_1_740' title='bbox 2341 2162 2578 2236; x_wconf 77' lang='grc' dir='ltr'>πηγάζει</span> <span class='ocrx_word' id='word_1_741' title='bbox 2629 2163 2794 2233; x_wconf 77' lang='grc' dir='ltr'>ζωήν.</span> <span class='ocrx_word' id='word_1_742' title='bbox 2840 2163 3001 2232; x_wconf 81' lang='grc' dir='ltr'>Ὁρᾷς</span> <span class='ocrx_word' id='word_1_743' title='bbox 3042 2161 3124 2213; x_wconf 83' lang='grc' dir='ltr'>ὅτι</span> <span class='ocrx_word' id='word_1_744' title='bbox 3150 2159 3426 2229; x_wconf 83' lang='grc' dir='ltr'>πανταχοῦ</span> <span class='ocrx_word' id='word_1_745' title='bbox 3474 2158 3707 2221; x_wconf 89' lang='grc' dir='ltr'>πίστεως</span> 
     </span>
    </p>
   </div>
   <div class='ocr_carea' id='block_1_95' title="bbox 2118 2238 3706 2322">
    <p class='ocr_par' dir='ltr' id='par_1_95' title="bbox 2118 2238 3706 2322">
     <span class='ocr_line' id='line_1_95' title="bbox 2118 2238 3706 2322; baseline -0.006 -20"><span class='ocrx_word' id='word_1_746' title='bbox 2118 2250 2309 2322; x_wconf 86' lang='grc' dir='ltr'>χρεία;</span> <span class='ocrx_word' id='word_1_747' title='bbox 2341 2248 2444 2301; x_wconf 79' lang='grc' dir='ltr'>Τὸν</span> <span class='ocrx_word' id='word_1_748' title='bbox 2469 2248 2578 2316; x_wconf 81' lang='grc' dir='ltr'>γὰρ</span> <span class='ocrx_word' id='word_1_749' title='bbox 2613 2246 2841 2317; x_wconf 74' lang='grc' dir='ltr'>σταυρὸν</span> <span class='ocrx_word' id='word_1_750' title='bbox 2875 2244 3058 2316; x_wconf 80' lang='grc' dir='ltr'>πηγὴν</span> <span class='ocrx_word' id='word_1_751' title='bbox 3108 2242 3256 2311; x_wconf 79' lang='grc' dir='ltr'>ζωῆς</span> <span class='ocrx_word' id='word_1_752' title='bbox 3298 2238 3436 2295; x_wconf 78' lang='grc' dir='ltr'>εἶναί</span> <span class='ocrx_word' id='word_1_753' title='bbox 3464 2257 3650 2311; x_wconf 88' lang='grc' dir='ltr'>φησιν,</span> <span class='ocrx_word' id='word_1_754' title='bbox 3676 2242 3706 2293; x_wconf 85' lang='grc' dir='ltr'><strong>ὃ</strong></span> 
     </span>
    </p>
   </div>
   <div class='ocr_carea' id='block_1_96' title="bbox 2117 2326 3705 2404">
    <p class='ocr_par' dir='ltr' id='par_1_96' title="bbox 2117 2326 3705 2404">
     <span class='ocr_line' id='line_1_96' title="bbox 2117 2326 3705 2404; baseline -0.006 -17"><span class='ocrx_word' id='word_1_755' title='bbox 2117 2334 2375 2404; x_wconf 71' lang='grc' dir='ltr'>λογισμὸς</span> <span class='ocrx_word' id='word_1_756' title='bbox 2412 2333 2511 2402; x_wconf 82' lang='grc' dir='ltr'>μὲν</span> <span class='ocrx_word' id='word_1_757' title='bbox 2541 2332 2641 2385; x_wconf 88' lang='grc' dir='ltr'>οὐκ</span> <span class='ocrx_word' id='word_1_758' title='bbox 2672 2330 2736 2384; x_wconf 81' lang='grc' dir='ltr'>ἂν</span> <span class='ocrx_word' id='word_1_759' title='bbox 2774 2328 2971 2402; x_wconf 77' lang='grc' dir='ltr'>ῥᾳδίως</span> <span class='ocrx_word' id='word_1_760' title='bbox 3005 2326 3367 2399; x_wconf 83' lang='grc' dir='ltr'>παραδέξαιτο</span> <span class='ocrx_word' id='word_1_761' title='bbox 3389 2342 3402 2356; x_wconf 91' lang='grc'><strong>·</strong></span> <span class='ocrx_word' id='word_1_762' title='bbox 3429 2326 3522 2379; x_wconf 64' lang='grc' dir='ltr'>καὶ</span> <span class='ocrx_word' id='word_1_763' title='bbox 3562 2341 3705 2395; x_wconf 88' lang='grc' dir='ltr'>μαρ-</span> 
     </span>
    </p>
   </div>
   <div class='ocr_carea' id='block_1_97' title="bbox 2117 2408 3708 2488">
    <p class='ocr_par' dir='ltr' id='par_1_97' title="bbox 2117 2408 3708 2488">
     <span class='ocr_line' id='line_1_97' title="bbox 2117 2408 3708 2488; baseline -0.006 -18"><span class='ocrx_word' id='word_1_764' title='bbox 2117 2416 2369 2488; x_wconf 87' lang='grc' dir='ltr'>τυροῦσιν</span> <span class='ocrx_word' id='word_1_765' title='bbox 2403 2415 2482 2469; x_wconf 75' lang='grc' dir='ltr'>ἔτι</span> <span class='ocrx_word' id='word_1_766' title='bbox 2528 2416 2622 2467; x_wconf 77' lang='grc' dir='ltr'>καὶ</span> <span class='ocrx_word' id='word_1_767' title='bbox 2666 2413 2762 2467; x_wconf 89' lang='grc' dir='ltr'>νῦν</span> <span class='ocrx_word' id='word_1_768' title='bbox 2796 2411 3058 2484; x_wconf 83' lang='grc' dir='ltr'>Ἓλληνες</span> <span class='ocrx_word' id='word_1_769' title='bbox 3081 2409 3491 2477; x_wconf 86' lang='grc' dir='ltr'>καταγελῶντες</span> <span class='ocrx_word' id='word_1_770' title='bbox 3514 2425 3529 2438; x_wconf 90' lang='grc'><strong>·</strong></span> <span class='ocrx_word' id='word_1_771' title='bbox 3570 2410 3605 2478; x_wconf 93' lang='grc' dir='ltr'>ἡ</span> <span class='ocrx_word' id='word_1_772' title='bbox 3648 2408 3708 2461; x_wconf 74' lang='grc' dir='ltr'>δὲ</span> 
     </span>
    </p>
   </div>
   <div class='ocr_carea' id='block_1_98' title="bbox 2118 2492 3703 2572">
    <p class='ocr_par' dir='ltr' id='par_1_98' title="bbox 2118 2492 3703 2572">
     <span class='ocr_line' id='line_1_98' title="bbox 2118 2492 3703 2572; baseline -0.007 -17"><span class='ocrx_word' id='word_1_773' title='bbox 2118 2502 2217 2572; x_wconf 75' lang='grc' dir='ltr'>τὴν</span> <span class='ocrx_word' id='word_1_774' title='bbox 2250 2501 2357 2554; x_wconf 90' lang='grc' dir='ltr'>τῶν</span> <span class='ocrx_word' id='word_1_775' title='bbox 2390 2499 2667 2569; x_wconf 85' lang='grc' dir='ltr'>λογισμῶν</span> <span class='ocrx_word' id='word_1_776' title='bbox 2705 2496 2988 2552; x_wconf 83' lang='grc' dir='ltr'>ἀσθένειαν</span> <span class='ocrx_word' id='word_1_777' title='bbox 3039 2493 3441 2564; x_wconf 78' lang='grc' dir='ltr'>ὑπερϐαίνουσα</span> <span class='ocrx_word' id='word_1_778' title='bbox 3488 2492 3703 2555; x_wconf 86' lang='grc' dir='ltr'>πίστις.</span> 
     </span>
    </p>
   </div>
   <div class='ocr_carea' id='block_1_99' title="bbox 2122 2575 3707 2658">
    <p class='ocr_par' dir='ltr' id='par_1_99' title="bbox 2122 2575 3707 2658">
     <span class='ocr_line' id='line_1_99' title="bbox 2122 2575 3707 2658; baseline -0.008 -19"><span class='ocrx_word' id='word_1_779' title='bbox 2122 2585 2321 2658; x_wconf 79' lang='grc' dir='ltr'>ῥαδίως</span> <span class='ocrx_word' id='word_1_780' title='bbox 2352 2583 2419 2638; x_wconf 83' lang='grc' dir='ltr'>ἂν</span> <span class='ocrx_word' id='word_1_781' title='bbox 2451 2584 2582 2636; x_wconf 87' lang='grc' dir='ltr'>αὐτὸ</span> <span class='ocrx_word' id='word_1_782' title='bbox 2610 2583 2705 2636; x_wconf 70' lang='grc' dir='ltr'>καὶ</span> <span class='ocrx_word' id='word_1_783' title='bbox 2728 2581 2940 2645; x_wconf 86' lang='grc' dir='ltr'>δέξαιτο</span> <span class='ocrx_word' id='word_1_784' title='bbox 2977 2579 3073 2633; x_wconf 67' lang='grc' dir='ltr'>καὶ</span> <span class='ocrx_word' id='word_1_785' title='bbox 3116 2577 3399 2647; x_wconf 87' lang='grc' dir='ltr'>κατάσχοι.</span> <span class='ocrx_word' id='word_1_786' title='bbox 3450 2576 3620 2630; x_wconf 84' lang='grc' dir='ltr'>Πόθεν</span> <span class='ocrx_word' id='word_1_787' title='bbox 3649 2575 3707 2628; x_wconf 83' lang='grc' dir='ltr'>δὲ</span> 
     </span>
    </p>
   </div>
   <div class='ocr_carea' id='block_1_100' title="bbox 2119 2660 3708 2738">
    <p class='ocr_par' dir='ltr' id='par_1_100' title="bbox 2119 2660 3708 2738">
     <span class='ocr_line' id='line_1_100' title="bbox 2119 2660 3708 2738; baseline -0.006 -16"><span class='ocrx_word' id='word_1_788' title='bbox 2119 2669 2293 2731; x_wconf 75' lang='grc' dir='ltr'>οὕτως</span> <span class='ocrx_word' id='word_1_789' title='bbox 2330 2669 2341 2704; x_wconf 79' lang='grc' dir='ltr'>ί</span> <span class='ocrx_word' id='word_1_790' title='bbox 2371 2668 2660 2738; x_wconf 79' lang='grc' dir='ltr'>ἠγάπησεν</span> <span class='ocrx_word' id='word_1_791' title='bbox 2687 2667 2714 2717; x_wconf 89' lang='grc' dir='ltr'><strong>ὀ</strong></span> <span class='ocrx_word' id='word_1_792' title='bbox 2742 2664 2874 2727; x_wconf 81' lang='grc' dir='ltr'>Θεὸς</span> <span class='ocrx_word' id='word_1_793' title='bbox 2895 2664 2984 2717; x_wconf 83' lang='grc' dir='ltr'>τὸν</span> <span class='ocrx_word' id='word_1_794' title='bbox 3025 2662 3260 2733; x_wconf 76' lang='grc' dir='ltr'>κόσμονς</span> <span class='ocrx_word' id='word_1_795' title='bbox 3300 2660 3555 2715; x_wconf 81' lang='grc' dir='ltr'>Ἀλλοθεν</span> <span class='ocrx_word' id='word_1_796' title='bbox 3608 2660 3708 2731; x_wconf 72' lang='grc' dir='ltr'>μὲν</span> 
     </span>
    </p>
   </div>
   <div class='ocr_carea' id='block_1_101' title="bbox 2121 2746 3198 2823">
    <p class='ocr_par' dir='ltr' id='par_1_101' title="bbox 2121 2746 3198 2823">
     <span class='ocr_line' id='line_1_101' title="bbox 2121 2746 3198 2823; baseline -0.005 -17"><span class='ocrx_word' id='word_1_797' title='bbox 2121 2752 2441 2823; x_wconf 80' lang='grc' dir='ltr'>οὐδαμόθεν,</span> <span class='ocrx_word' id='word_1_798' title='bbox 2469 2750 2529 2815; x_wconf 83' lang='grc' dir='ltr'>ἐξ</span> <span class='ocrx_word' id='word_1_799' title='bbox 2551 2748 2887 2819; x_wconf 85' lang='grc' dir='ltr'>ἁγαθότητος</span> <span class='ocrx_word' id='word_1_800' title='bbox 2915 2748 2973 2801; x_wconf 86' lang='grc' dir='ltr'>δέ</span> <span class='ocrx_word' id='word_1_801' title='bbox 3009 2746 3198 2818; x_wconf 82' lang='grc' dir='ltr'>μόνης.</span> 
     </span>
    </p>
   </div>
   <div class='ocr_carea' id='block_1_102' title="bbox 2191 2828 3708 2907">
    <p class='ocr_par' dir='ltr' id='par_1_102' title="bbox 2191 2828 3708 2907">
     <span class='ocr_line' id='line_1_102' title="bbox 2191 2828 3708 2907; baseline -0.007 -17"><span class='ocrx_word' id='word_1_802' title='bbox 2191 2844 2260 2907; x_wconf 78' lang='grc' dir='ltr'>γ’.</span> <span class='ocrx_word' id='word_1_803' title='bbox 2303 2834 2690 2906; x_wconf 88' lang='grc' dir='ltr'>Ἐντραπῶμεν</span> <span class='ocrx_word' id='word_1_804' title='bbox 2708 2833 2887 2886; x_wconf 86' lang='grc' dir='ltr'>τοίνυν</span> <span class='ocrx_word' id='word_1_805' title='bbox 2912 2831 3076 2886; x_wconf 90' lang='grc' dir='ltr'>αὐτοῦ</span> <span class='ocrx_word' id='word_1_806' title='bbox 3098 2830 3196 2901; x_wconf 79' lang='grc' dir='ltr'>τὴν</span> <span class='ocrx_word' id='word_1_807' title='bbox 3223 2828 3463 2899; x_wconf 87' lang='grc' dir='ltr'>ἀγάπην·</span> <span class='ocrx_word' id='word_1_808' title='bbox 3488 2829 3708 2898; x_wconf 84' lang='grc' dir='ltr'>αἰσχυν-</span> 
     </span>
    </p>
   </div>
   <div class='ocr_carea' id='block_1_103' title="bbox 2122 2910 3727 2993">
    <p class='ocr_par' dir='ltr' id='par_1_103' title="bbox 2122 2910 3727 2993">
     <span class='ocr_line' id='line_1_103' title="bbox 2122 2910 3727 2993; baseline -0.007 -19"><span class='ocrx_word' id='word_1_809' title='bbox 2122 2921 2303 2993; x_wconf 88' lang='grc' dir='ltr'>θῶμεν</span> <span class='ocrx_word' id='word_1_810' title='bbox 2334 2918 2483 2991; x_wconf 75' lang='grc'>[157]</span> <span class='ocrx_word' id='word_1_811' title='bbox 2526 2919 2625 2988; x_wconf 86' lang='grc' dir='ltr'>τῆς</span> <span class='ocrx_word' id='word_1_812' title='bbox 2653 2915 3063 2986; x_wconf 85' lang='grc' dir='ltr'>φιλανθρωπίας</span> <span class='ocrx_word' id='word_1_813' title='bbox 3093 2913 3192 2985; x_wconf 81' lang='grc' dir='ltr'>τὴν</span> <span class='ocrx_word' id='word_1_814' title='bbox 3226 2912 3552 2984; x_wconf 77' lang='grc' dir='ltr'>ὑπερϐολήν.</span> <span class='ocrx_word' id='word_1_815' title='bbox 3604 2910 3727 2963; x_wconf 70' lang='grc' dir='ltr'>Δύο</span> 
     </span>
    </p>
   </div>
   <div class='ocr_carea' id='block_1_104' title="bbox 2087 2997 3705 3073">
    <p class='ocr_par' dir='ltr' id='par_1_104' title="bbox 2087 2997 3705 3073">
     <span class='ocr_line' id='line_1_104' title="bbox 2087 2997 3705 3073; baseline -0.005 -15"><span class='ocrx_word' id='word_1_816' title='bbox 2087 3005 2211 3068; x_wconf 63' lang='grc' dir='ltr'>,τὸς</span> <span class='ocrx_word' id='word_1_817' title='bbox 2242 3003 2341 3073; x_wconf 85' lang='grc' dir='ltr'>μὲν</span> <span class='ocrx_word' id='word_1_818' title='bbox 2372 3002 2481 3072; x_wconf 73' lang='grc' dir='ltr'>γάρ</span> <span class='ocrx_word' id='word_1_819' title='bbox 2508 3002 2628 3055; x_wconf 88' lang='grc' dir='ltr'>οὐδέ</span> <span class='ocrx_word' id='word_1_820' title='bbox 2654 3001 2748 3054; x_wconf 86' lang='grc' dir='ltr'>τοῦ</span> <span class='ocrx_word' id='word_1_821' title='bbox 2788 2998 3129 3068; x_wconf 90' lang='grc' dir='ltr'>Μονογενοῦς</span> <span class='ocrx_word' id='word_1_822' title='bbox 3159 2997 3416 3067; x_wconf 80' lang='grc' dir='ltr'>ἐφείσατο</span> <span class='ocrx_word' id='word_1_823' title='bbox 3446 2997 3511 3051; x_wconf 77' lang='grc' dir='ltr'>δι’</span> <span class='ocrx_word' id='word_1_824' title='bbox 3540 2997 3705 3067; x_wconf 80' lang='grc' dir='ltr'>ἡμᾶς·</span> 
     </span>
    </p>
   </div>
   <div class='ocr_carea' id='block_1_105' title="bbox 2049 3078 3713 3158">
    <p class='ocr_par' dir='ltr' id='par_1_105' title="bbox 2049 3078 3713 3158">
     <span class='ocr_line' id='line_1_105' title="bbox 2049 3078 3713 3158; baseline -0.007 -17"><span class='ocrx_word' id='word_1_825' title='bbox 2049 3139 2059 3149; x_wconf 85' lang='grc'>,</span> <span class='ocrx_word' id='word_1_826' title='bbox 2123 3090 2283 3158; x_wconf 80' lang='grc' dir='ltr'>ἡμεῖς</span> <span class='ocrx_word' id='word_1_827' title='bbox 2304 3087 2359 3140; x_wconf 84' lang='grc' dir='ltr'>δὲ</span> <span class='ocrx_word' id='word_1_828' title='bbox 2393 3086 2486 3140; x_wconf 74' lang='grc' dir='ltr'>καὶ</span> <span class='ocrx_word' id='word_1_829' title='bbox 2506 3085 2803 3156; x_wconf 83' lang='grc' dir='ltr'>χρημάτων</span> <span class='ocrx_word' id='word_1_830' title='bbox 2830 3081 3121 3153; x_wconf 86' lang='grc' dir='ltr'>φειδόμεθα</span> <span class='ocrx_word' id='word_1_831' title='bbox 3143 3080 3264 3135; x_wconf 79' lang='grc' dir='ltr'>καθ’</span> <span class='ocrx_word' id='word_1_832' title='bbox 3283 3079 3508 3133; x_wconf 74' lang='grc' dir='ltr'>ἑαυτῶν.</span> <span class='ocrx_word' id='word_1_833' title='bbox 3536 3078 3713 3141; x_wconf 78' lang='grc' dir='ltr'>Αὐτὸς</span> 
     </span>
    </p>
   </div>
   <div class='ocr_carea' id='block_1_106' title="bbox 2123 3163 3712 3240">
    <p class='ocr_par' dir='ltr' id='par_1_106' title="bbox 2123 3163 3712 3240">
     <span class='ocr_line' id='line_1_106' title="bbox 2123 3163 3712 3240; baseline -0.006 -15"><span class='ocrx_word' id='word_1_834' title='bbox 2123 3174 2217 3225; x_wconf 68' lang='grc' dir='ltr'>καὶ</span> <span class='ocrx_word' id='word_1_835' title='bbox 2243 3171 2335 3223; x_wconf 85' lang='grc' dir='ltr'>τόν</span> <span class='ocrx_word' id='word_1_836' title='bbox 2388 3172 2611 3240; x_wconf 84' lang='grc' dir='ltr'>γνήσιον</span> <span class='ocrx_word' id='word_1_837' title='bbox 2648 3168 2776 3222; x_wconf 81' lang='grc' dir='ltr'>Υἱὺν</span> <span class='ocrx_word' id='word_1_838' title='bbox 2818 3167 3017 3220; x_wconf 73' lang='grc' dir='ltr'>ἔδωκεν</span> <span class='ocrx_word' id='word_1_839' title='bbox 3051 3165 3192 3236; x_wconf 80' lang='grc' dir='ltr'>ὑπὲρ</span> <span class='ocrx_word' id='word_1_840' title='bbox 3239 3164 3431 3235; x_wconf 88' lang='grc' dir='ltr'>ἡμῶν·</span> <span class='ocrx_word' id='word_1_841' title='bbox 3469 3165 3629 3234; x_wconf 81' lang='grc' dir='ltr'>ἡμεῖς</span> <span class='ocrx_word' id='word_1_842' title='bbox 3655 3163 3712 3216; x_wconf 75' lang='grc' dir='ltr'>δέ</span> 
     </span>
    </p>
   </div>
   <div class='ocr_carea' id='block_1_107' title="bbox 2124 3245 3712 3326">
    <p class='ocr_par' dir='ltr' id='par_1_107' title="bbox 2124 3245 3712 3326">
     <span class='ocr_line' id='line_1_107' title="bbox 2124 3245 3712 3326; baseline -0.006 -17"><span class='ocrx_word' id='word_1_843' title='bbox 2124 3256 2244 3309; x_wconf 85' lang='grc' dir='ltr'>οὐδέ</span> <span class='ocrx_word' id='word_1_844' title='bbox 2275 3254 2535 3326; x_wconf 85' lang='grc' dir='ltr'>ἀργυρίου</span> <span class='ocrx_word' id='word_1_845' title='bbox 2566 3252 3015 3323; x_wconf 87' lang='grc' dir='ltr'>καταφρονοῦμεν</span> <span class='ocrx_word' id='word_1_846' title='bbox 3046 3251 3186 3320; x_wconf 88' lang='grc' dir='ltr'>ὐπέρ</span> <span class='ocrx_word' id='word_1_847' title='bbox 3218 3247 3414 3313; x_wconf 88' lang='grc' dir='ltr'>αὐτοῦ,</span> <span class='ocrx_word' id='word_1_848' title='bbox 3449 3247 3564 3302; x_wconf 88' lang='grc' dir='ltr'>ἀλλ’</span> <span class='ocrx_word' id='word_1_849' title='bbox 3591 3245 3712 3299; x_wconf 80' lang='grc' dir='ltr'>οὐδὲ</span> 
     </span>
    </p>
   </div>
   <div class='ocr_carea' id='block_1_108' title="bbox 2127 3329 3709 3409">
    <p class='ocr_par' dir='ltr' id='par_1_108' title="bbox 2127 3329 3709 3409">
     <span class='ocr_line' id='line_1_108' title="bbox 2127 3329 3709 3409; baseline -0.006 -17"><span class='ocrx_word' id='word_1_850' title='bbox 2127 3339 2266 3409; x_wconf 82' lang='grc' dir='ltr'>ὑπὲρ</span> <span class='ocrx_word' id='word_1_851' title='bbox 2292 3338 2465 3408; x_wconf 87' lang='grc' dir='ltr'>ἡμῶν.</span> <span class='ocrx_word' id='word_1_852' title='bbox 2495 3336 2602 3390; x_wconf 73' lang='grc' dir='ltr'>Καὶ</span> <span class='ocrx_word' id='word_1_853' title='bbox 2633 3336 2750 3399; x_wconf 89' lang='grc' dir='ltr'>πῶς</span> <span class='ocrx_word' id='word_1_854' title='bbox 2775 3335 2841 3388; x_wconf 81' lang='grc' dir='ltr'>ἂν</span> <span class='ocrx_word' id='word_1_855' title='bbox 2873 3335 2958 3405; x_wconf 80' lang='grc' dir='ltr'>εἴη</span> <span class='ocrx_word' id='word_1_856' title='bbox 2992 3332 3168 3386; x_wconf 88' lang='grc' dir='ltr'>ταῦτα</span> <span class='ocrx_word' id='word_1_857' title='bbox 3192 3331 3518 3402; x_wconf 89' lang='grc' dir='ltr'>συγγνώμης</span> <span class='ocrx_word' id='word_1_858' title='bbox 3550 3329 3709 3396; x_wconf 79' lang='grc' dir='ltr'>άξιας</span> 
     </span>
    </p>
   </div>
   <div class='ocr_carea' id='block_1_109' title="bbox 2126 3413 3715 3490">
    <p class='ocr_par' dir='ltr' id='par_1_109' title="bbox 2126 3413 3715 3490">
     <span class='ocr_line' id='line_1_109' title="bbox 2126 3413 3715 3490; baseline -0.007 -15"><span class='ocrx_word' id='word_1_859' title='bbox 2126 3421 2247 3475; x_wconf 86' lang='grc' dir='ltr'>Κᾶν</span> <span class='ocrx_word' id='word_1_860' title='bbox 2280 3421 2378 3490; x_wconf 81' lang='grc' dir='ltr'>μὲν</span> <span class='ocrx_word' id='word_1_861' title='bbox 2412 3419 2699 3490; x_wconf 81' lang='grc' dir='ltr'>ἄνθρωπον</span> <span class='ocrx_word' id='word_1_862' title='bbox 2734 3418 2935 3488; x_wconf 75' lang='grc' dir='ltr'>ἴδωμεν</span> <span class='ocrx_word' id='word_1_863' title='bbox 2980 3415 3259 3478; x_wconf 86' lang='grc' dir='ltr'>κινδύνους</span> <span class='ocrx_word' id='word_1_864' title='bbox 3304 3416 3398 3467; x_wconf 72' lang='grc' dir='ltr'>καὶ</span> <span class='ocrx_word' id='word_1_865' title='bbox 3448 3413 3715 3475; x_wconf 87' lang='grc' dir='ltr'>θανάτους</span> 
     </span>
    </p>
   </div>
   <div class='ocr_carea' id='block_1_110' title="bbox 2126 3495 3715 3574">
    <p class='ocr_par' dir='ltr' id='par_1_110' title="bbox 2126 3495 3715 3574">
     <span class='ocr_line' id='line_1_110' title="bbox 2126 3495 3715 3574; baseline -0.006 -17"><span class='ocrx_word' id='word_1_866' title='bbox 2126 3503 2267 3574; x_wconf 84' lang='grc' dir='ltr'>ὐπέρ</span> <span class='ocrx_word' id='word_1_867' title='bbox 2293 3503 2451 3574; x_wconf 86' lang='grc' dir='ltr'>ἡμῶν</span> <span class='ocrx_word' id='word_1_868' title='bbox 2485 3500 2941 3569; x_wconf 81' lang='grc' dir='ltr'>καταδεξάμενον,</span> <span class='ocrx_word' id='word_1_869' title='bbox 2967 3500 3185 3552; x_wconf 85' lang='grc' dir='ltr'>πάντων</span> <span class='ocrx_word' id='word_1_870' title='bbox 3216 3495 3547 3568; x_wconf 83' lang='grc' dir='ltr'>προτίθεμεν</span> <span class='ocrx_word' id='word_1_871' title='bbox 3569 3536 3584 3554; x_wconf 86' lang='grc'>,</span> <span class='ocrx_word' id='word_1_872' title='bbox 3619 3496 3715 3549; x_wconf 73' lang='grc' dir='ltr'>καὶ</span> 
     </span>
    </p>
   </div>
   <div class='ocr_carea' id='block_1_111' title="bbox 2126 3578 3714 3654">
    <p class='ocr_par' dir='ltr' id='par_1_111' title="bbox 2126 3578 3714 3654">
     <span class='ocr_line' id='line_1_111' title="bbox 2126 3578 3714 3654; baseline -0.006 -14"><span class='ocrx_word' id='word_1_873' title='bbox 2126 3588 2184 3641; x_wconf 87' lang='grc' dir='ltr'>ἐν</span> <span class='ocrx_word' id='word_1_874' title='bbox 2212 3589 2325 3649; x_wconf 89' lang='grc' dir='ltr'>τοίς</span> <span class='ocrx_word' id='word_1_875' title='bbox 2356 3583 2592 3653; x_wconf 88' lang='grc' dir='ltr'>πρώτοις</span> <span class='ocrx_word' id='word_1_876' title='bbox 2623 3582 2964 3654; x_wconf 84' lang='grc' dir='ltr'>ἀριθμοῦμεν</span> <span class='ocrx_word' id='word_1_877' title='bbox 3010 3581 3119 3633; x_wconf 85' lang='grc' dir='ltr'>τῶν</span> <span class='ocrx_word' id='word_1_878' title='bbox 3178 3579 3369 3649; x_wconf 77' lang='grc' dir='ltr'>φίλων,</span> <span class='ocrx_word' id='word_1_879' title='bbox 3399 3580 3492 3631; x_wconf 74' lang='grc' dir='ltr'>καὶ</span> <span class='ocrx_word' id='word_1_880' title='bbox 3536 3578 3714 3632; x_wconf 89' lang='grc' dir='ltr'>πάντα</span> 
     </span>
    </p>
   </div>
   <div class='ocr_carea' id='block_1_112' title="bbox 2127 3660 3714 3739">
    <p class='ocr_par' dir='ltr' id='par_1_112' title="bbox 2127 3660 3714 3739">
     <span class='ocr_line' id='line_1_112' title="bbox 2127 3660 3714 3739; baseline -0.006 -18"><span class='ocrx_word' id='word_1_881' title='bbox 2127 3667 2276 3739; x_wconf 81' lang='grc' dir='ltr'>αὐτῷ</span> <span class='ocrx_word' id='word_1_882' title='bbox 2307 3672 2375 3720; x_wconf 87' lang='grc' dir='ltr'>τὰ</span> <span class='ocrx_word' id='word_1_883' title='bbox 2408 3667 2650 3738; x_wconf 87' lang='grc' dir='ltr'>ἡμέτερα</span> <span class='ocrx_word' id='word_1_884' title='bbox 2691 3664 3089 3735; x_wconf 79' lang='grc' dir='ltr'>ἐγχειρίζομεν,</span> <span class='ocrx_word' id='word_1_885' title='bbox 3121 3662 3217 3717; x_wconf 80' lang='grc' dir='ltr'>καὶ</span> <span class='ocrx_word' id='word_1_886' title='bbox 3248 3660 3412 3714; x_wconf 86' lang='grc' dir='ltr'>αὐτοῦ</span> <span class='ocrx_word' id='word_1_887' title='bbox 3442 3661 3641 3731; x_wconf 84' lang='grc' dir='ltr'>μᾶλλον</span> <span class='ocrx_word' id='word_1_888' title='bbox 3679 3660 3714 3730; x_wconf 83' lang='grc' dir='ltr'><strong>ἦ</strong></span> 
     </span>
    </p>
   </div>
   <div class='ocr_carea' id='block_1_113' title="bbox 2129 3744 3717 3823">
    <p class='ocr_par' dir='ltr' id='par_1_113' title="bbox 2129 3744 3717 3823">
     <span class='ocr_line' id='line_1_113' title="bbox 2129 3744 3717 3823; baseline -0.006 -19"><span class='ocrx_word' id='word_1_889' title='bbox 2129 3752 2374 3823; x_wconf 89' lang='grc' dir='ltr'>ἡμέτερα</span> <span class='ocrx_word' id='word_1_890' title='bbox 2406 3746 2544 3803; x_wconf 77' lang='grc' dir='ltr'>εἷναί</span> <span class='ocrx_word' id='word_1_891' title='bbox 2568 3765 2747 3820; x_wconf 86' lang='grc' dir='ltr'>φαμεν</span> <span class='ocrx_word' id='word_1_892' title='bbox 2766 3766 2778 3779; x_wconf 87' lang='grc'><strong>·</strong></span> <span class='ocrx_word' id='word_1_893' title='bbox 2813 3747 2905 3800; x_wconf 69' lang='grc' dir='ltr'>καὶ</span> <span class='ocrx_word' id='word_1_894' title='bbox 2925 3747 3045 3799; x_wconf 71' lang='grc' dir='ltr'>οὐδέ</span> <span class='ocrx_word' id='word_1_895' title='bbox 3073 3745 3245 3808; x_wconf 77' lang='grc' dir='ltr'>οὕτως</span> <span class='ocrx_word' id='word_1_896' title='bbox 3260 3744 3544 3815; x_wconf 77' lang='grc' dir='ltr'>ἡγούμεθα</span> <span class='ocrx_word' id='word_1_897' title='bbox 3569 3744 3717 3797; x_wconf 90' lang='grc' dir='ltr'>ἀντί-</span> 
     </span>
    </p>
   </div>
   <div class='ocr_carea' id='block_1_114' title="bbox 2126 3826 3717 3904">
    <p class='ocr_par' dir='ltr' id='par_1_114' title="bbox 2126 3826 3717 3904">
     <span class='ocr_line' id='line_1_114' title="bbox 2126 3826 3717 3904; baseline -0.008 -14"><span class='ocrx_word' id='word_1_898' title='bbox 2126 3837 2271 3890; x_wconf 88' lang='grc' dir='ltr'>δοσιν</span> <span class='ocrx_word' id='word_1_899' title='bbox 2300 3835 2457 3900; x_wconf 81' lang='grc' dir='ltr'>ἀξίαν</span> <span class='ocrx_word' id='word_1_900' title='bbox 2482 3833 2630 3904; x_wconf 82' lang='grc' dir='ltr'>αὐτῴ</span> <span class='ocrx_word' id='word_1_901' title='bbox 2654 3833 2867 3886; x_wconf 87' lang='grc' dir='ltr'>διδόναι.</span> <span class='ocrx_word' id='word_1_902' title='bbox 2920 3831 3043 3884; x_wconf 76' lang='grc' dir='ltr'>Ἐπὶ</span> <span class='ocrx_word' id='word_1_903' title='bbox 3085 3830 3142 3882; x_wconf 86' lang='grc' dir='ltr'>δὲ</span> <span class='ocrx_word' id='word_1_904' title='bbox 3176 3828 3270 3882; x_wconf 91' lang='grc' dir='ltr'>τοῦ</span> <span class='ocrx_word' id='word_1_905' title='bbox 3322 3827 3559 3898; x_wconf 82' lang='grc' dir='ltr'>Χριστοῦ</span> <span class='ocrx_word' id='word_1_906' title='bbox 3595 3826 3717 3880; x_wconf 84' lang='grc' dir='ltr'>οὐδὲ</span> 
     </span>
    </p>
   </div>
   <div class='ocr_carea' id='block_1_115' title="bbox 2127 3910 3716 3990">
    <p class='ocr_par' dir='ltr' id='par_1_115' title="bbox 2127 3910 3716 3990">
     <span class='ocr_line' id='line_1_115' title="bbox 2127 3910 3716 3990; baseline -0.008 -17"><span class='ocrx_word' id='word_1_907' title='bbox 2127 3920 2286 3973; x_wconf 88' lang='grc' dir='ltr'>τοῦτο</span> <span class='ocrx_word' id='word_1_908' title='bbox 2309 3920 2371 3972; x_wconf 85' lang='grc' dir='ltr'>τὸ</span> <span class='ocrx_word' id='word_1_909' title='bbox 2395 3918 2593 3990; x_wconf 85' lang='grc' dir='ltr'>μέτρον</span> <span class='ocrx_word' id='word_1_910' title='bbox 2617 3916 2715 3986; x_wconf 87' lang='grc' dir='ltr'>τῆς</span> <span class='ocrx_word' id='word_1_911' title='bbox 2740 3912 3164 3983; x_wconf 71' lang='grc' dir='ltr'>εὐγνωμοσύνης</span> <span class='ocrx_word' id='word_1_912' title='bbox 3190 3912 3533 3981; x_wconf 88' lang='grc' dir='ltr'>φυλάττομεν</span> <span class='ocrx_word' id='word_1_913' title='bbox 3558 3925 3572 3938; x_wconf 82' lang='lat'>&#39;</span> <span class='ocrx_word' id='word_1_914' title='bbox 3600 3910 3716 3963; x_wconf 81' lang='grc' dir='ltr'>ἁλλ’</span> 
     </span>
    </p>
   </div>
   <div class='ocr_carea' id='block_1_116' title="bbox 2130 3993 3721 4074">
    <p class='ocr_par' dir='ltr' id='par_1_116' title="bbox 2130 3993 3721 4074">
     <span class='ocr_line' id='line_1_116' title="bbox 2130 3993 3721 4074; baseline -0.009 -15"><span class='ocrx_word' id='word_1_915' title='bbox 2130 4007 2336 4067; x_wconf 84' lang='grc' dir='ltr'>ἐκεῖνος</span> <span class='ocrx_word' id='word_1_916' title='bbox 2370 4004 2467 4074; x_wconf 82' lang='grc' dir='ltr'>μὲν</span> <span class='ocrx_word' id='word_1_917' title='bbox 2498 4002 2598 4072; x_wconf 79' lang='grc' dir='ltr'>τὴν</span> <span class='ocrx_word' id='word_1_918' title='bbox 2630 4000 2807 4069; x_wconf 68' lang='grc' dir='ltr'>ψυχὴν</span> <span class='ocrx_word' id='word_1_919' title='bbox 2842 3999 3039 4067; x_wconf 81' lang='grc' dir='ltr'>έθηκεν</span> <span class='ocrx_word' id='word_1_920' title='bbox 3088 3997 3229 4067; x_wconf 80' lang='grc' dir='ltr'>ὑπὲρ</span> <span class='ocrx_word' id='word_1_921' title='bbox 3280 3996 3458 4065; x_wconf 90' lang='grc' dir='ltr'>ἡμῶν.</span> <span class='ocrx_word' id='word_1_922' title='bbox 3515 3994 3609 4046; x_wconf 77' lang='grc' dir='ltr'>καὶ</span> <span class='ocrx_word' id='word_1_923' title='bbox 3660 3993 3721 4045; x_wconf 79' lang='lat'>16</span> 
     </span>
    </p>
   </div>
   <div class='ocr_carea' id='block_1_117' title="bbox 2130 4076 3721 4159">
    <p class='ocr_par' dir='ltr' id='par_1_117' title="bbox 2130 4076 3721 4159">
     <span class='ocr_line' id='line_1_117' title="bbox 2130 4076 3721 4159; baseline -0.008 -18"><span class='ocrx_word' id='word_1_924' title='bbox 2130 4085 2270 4159; x_wconf 77' lang='grc' dir='ltr'>αἷμα</span> <span class='ocrx_word' id='word_1_925' title='bbox 2302 4089 2361 4141; x_wconf 75' lang='grc' dir='ltr'>τὸ</span> <span class='ocrx_word' id='word_1_926' title='bbox 2383 4088 2561 4157; x_wconf 89' lang='grc' dir='ltr'>τίμιον</span> <span class='ocrx_word' id='word_1_927' title='bbox 2590 4084 2773 4153; x_wconf 81' lang='grc' dir='ltr'>ἐξέχεε</span> <span class='ocrx_word' id='word_1_928' title='bbox 2803 4083 2869 4134; x_wconf 85' lang='grc' dir='ltr'>δι’</span> <span class='ocrx_word' id='word_1_929' title='bbox 2905 4083 3071 4151; x_wconf 78' lang='grc' dir='ltr'>ἡμᾶς,</span> <span class='ocrx_word' id='word_1_930' title='bbox 3099 4080 3224 4140; x_wconf 84' lang='grc' dir='ltr'>τούς</span> <span class='ocrx_word' id='word_1_931' title='bbox 3245 4079 3345 4130; x_wconf 88' lang='grc' dir='ltr'>οὐκ</span> <span class='ocrx_word' id='word_1_932' title='bbox 3379 4076 3567 4140; x_wconf 77' lang='grc' dir='ltr'>εὔνους</span> <span class='ocrx_word' id='word_1_933' title='bbox 3602 4077 3721 4159; x_wconf 80' lang='grc' dir='ltr'>οὐδέ</span> 
     </span>
    </p>
   </div>
   <div class='ocr_carea' id='block_1_118' title="bbox 2130 4158 3725 4239">
    <p class='ocr_par' dir='ltr' id='par_1_118' title="bbox 2130 4158 3725 4239">
     <span class='ocr_line' id='line_1_118' title="bbox 2130 4158 3725 4239; baseline -0.01 -14"><span class='ocrx_word' id='word_1_934' title='bbox 2130 4170 2370 4239; x_wconf 79' lang='grc' dir='ltr'>ἀγαθοὺς</span> <span class='ocrx_word' id='word_1_935' title='bbox 2402 4167 2832 4238; x_wconf 88' lang='grc' dir='ltr'>γεγενημένους·</span> <span class='ocrx_word' id='word_1_936' title='bbox 2862 4166 3022 4235; x_wconf 80' lang='grc' dir='ltr'>ἡμεῖς</span> <span class='ocrx_word' id='word_1_937' title='bbox 3068 4161 3124 4214; x_wconf 84' lang='grc' dir='ltr'>δέ</span> <span class='ocrx_word' id='word_1_938' title='bbox 3159 4159 3279 4213; x_wconf 86' lang='grc' dir='ltr'>οὐδέ</span> <span class='ocrx_word' id='word_1_939' title='bbox 3309 4160 3569 4231; x_wconf 86' lang='grc' dir='ltr'>χρήματα</span> <span class='ocrx_word' id='word_1_940' title='bbox 3605 4158 3725 4228; x_wconf 84' lang='grc' dir='ltr'>χέο-</span> 
     </span>
    </p>
   </div>
   <div class='ocr_carea' id='block_1_119' title="bbox 2136 4240 3723 4324">
    <p class='ocr_par' dir='ltr' id='par_1_119' title="bbox 2136 4240 3723 4324">
     <span class='ocr_line' id='line_1_119' title="bbox 2136 4240 3723 4324; baseline -0.009 -18"><span class='ocrx_word' id='word_1_941' title='bbox 2136 4271 2233 4324; x_wconf 89' lang='grc' dir='ltr'>μεν</span> <span class='ocrx_word' id='word_1_942' title='bbox 2265 4253 2331 4305; x_wconf 80' lang='grc' dir='ltr'>δι’</span> <span class='ocrx_word' id='word_1_943' title='bbox 2367 4252 2616 4313; x_wconf 77' lang='grc' dir='ltr'>ἐαυτούς,</span> <span class='ocrx_word' id='word_1_944' title='bbox 2657 4248 2793 4301; x_wconf 88' lang='grc' dir='ltr'>ἀλλά</span> <span class='ocrx_word' id='word_1_945' title='bbox 2826 4244 3174 4318; x_wconf 86' lang='grc' dir='ltr'>περιορῶμεν</span> <span class='ocrx_word' id='word_1_946' title='bbox 3197 4242 3359 4296; x_wconf 82' lang='grc' dir='ltr'>αὐτὸν</span> <span class='ocrx_word' id='word_1_947' title='bbox 3382 4240 3587 4313; x_wconf 77' lang='grc' dir='ltr'>γυμνὸν</span> <span class='ocrx_word' id='word_1_948' title='bbox 3628 4241 3723 4324; x_wconf 70' lang='grc' dir='ltr'>καὶ</span> 
     </span>
    </p>
   </div>
   <div class='ocr_carea' id='block_1_120' title="bbox 2135 4323 3721 4405">
    <p class='ocr_par' dir='ltr' id='par_1_120' title="bbox 2135 4323 3721 4405">
     <span class='ocr_line' id='line_1_120' title="bbox 2135 4323 3721 4405; baseline -0.01 -15"><span class='ocrx_word' id='word_1_949' title='bbox 2135 4323 2284 4402; x_wconf 80' lang='grc' dir='ltr'>ξένον</span> <span class='ocrx_word' id='word_1_950' title='bbox 2308 4336 2447 4405; x_wconf 84' lang='grc' dir='ltr'>ὑπὲρ</span> <span class='ocrx_word' id='word_1_951' title='bbox 2471 4332 2629 4405; x_wconf 87' lang='grc' dir='ltr'>ἡμῶν</span> <span class='ocrx_word' id='word_1_952' title='bbox 2656 4330 3016 4384; x_wconf 86' lang='grc' dir='ltr'>ἀποθανόντα.</span> <span class='ocrx_word' id='word_1_953' title='bbox 3050 4327 3159 4380; x_wconf 73' lang='grc' dir='ltr'>Καὶ</span> <span class='ocrx_word' id='word_1_954' title='bbox 3188 4325 3271 4389; x_wconf 92' lang='grc' dir='ltr'>τίς</span> <span class='ocrx_word' id='word_1_955' title='bbox 3290 4327 3439 4393; x_wconf 80' lang='grc' dir='ltr'>ἡμᾶς</span> <span class='ocrx_word' id='word_1_956' title='bbox 3462 4325 3563 4394; x_wconf 86' lang='grc' dir='ltr'>τῆς</span> <span class='ocrx_word' id='word_1_957' title='bbox 3593 4323 3721 4394; x_wconf 85' lang='grc' dir='ltr'>μελ-</span> 
     </span>
    </p>
   </div>
   <div class='ocr_carea' id='block_1_121' title="bbox 2132 4407 3719 4492">
    <p class='ocr_par' dir='ltr' id='par_1_121' title="bbox 2132 4407 3719 4492">
     <span class='ocr_line' id='line_1_121' title="bbox 2132 4407 3719 4492; baseline -0.003 -18"><span class='ocrx_word' id='word_1_958' title='bbox 2132 4421 2331 4492; x_wconf 81' lang='grc' dir='ltr'>λούσης</span> <span class='ocrx_word' id='word_1_959' title='bbox 2363 4417 2713 4488; x_wconf 85' lang='grc' dir='ltr'>ἐξαιρήσεται</span> <span class='ocrx_word' id='word_1_960' title='bbox 2762 4413 3070 4477; x_wconf 87' lang='grc' dir='ltr'>κολάσεως;</span> <span class='ocrx_word' id='word_1_961' title='bbox 3104 4411 3167 4463; x_wconf 83' lang='grc' dir='ltr'>Εἰ</span> <span class='ocrx_word' id='word_1_962' title='bbox 3199 4408 3309 4478; x_wconf 79' lang='grc' dir='ltr'>γάρ</span> <span class='ocrx_word' id='word_1_963' title='bbox 3359 4408 3432 4478; x_wconf 78' lang='grc' dir='ltr'>μὴ</span> <span class='ocrx_word' id='word_1_964' title='bbox 3481 4410 3510 4460; x_wconf 90' lang='grc' dir='ltr'><strong>ὀ</strong></span> <span class='ocrx_word' id='word_1_965' title='bbox 3551 4407 3682 4492; x_wconf 73' lang='grc' dir='ltr'>Θεὸς</span> <span class='ocrx_word' id='word_1_966' title='bbox 3705 4446 3719 4469; x_wconf 75' lang='grc' dir='ltr'>ν</span> 
     </span>
    </p>
   </div>
   <div class='ocr_carea' id='block_1_122' title="bbox 2134 4491 3722 4576">
    <p class='ocr_par' dir='ltr' id='par_1_122' title="bbox 2134 4491 3722 4576">
     <span class='ocr_line' id='line_1_122' title="bbox 2134 4491 3722 4576; baseline -0.011 -16"><span class='ocrx_word' id='word_1_967' title='bbox 2134 4491 2425 4576; x_wconf 75' lang='grc' dir='ltr'>ἀλλ’ἡμεῖς</span> <span class='ocrx_word' id='word_1_968' title='bbox 2457 4501 2681 4564; x_wconf 79' lang='grc' dir='ltr'>ἑαυτοὺς</span> <span class='ocrx_word' id='word_1_969' title='bbox 2712 4498 3063 4567; x_wconf 77' lang='grc' dir='ltr'>ἐκολάςομεν,</span> <span class='ocrx_word' id='word_1_970' title='bbox 3088 4491 3199 4564; x_wconf 85' lang='grc' dir='ltr'>ἄρα</span> <span class='ocrx_word' id='word_1_971' title='bbox 3223 4494 3323 4547; x_wconf 87' lang='grc' dir='ltr'>οὐκ</span> <span class='ocrx_word' id='word_1_972' title='bbox 3356 4493 3420 4545; x_wconf 83' lang='grc' dir='ltr'>ἀν</span> <span class='ocrx_word' id='word_1_973' title='bbox 3447 4491 3570 4545; x_wconf 88' lang='grc' dir='ltr'>καθ’</span> <span class='ocrx_word' id='word_1_974' title='bbox 3600 4492 3722 4544; x_wconf 88' lang='grc' dir='ltr'>ἐαυ-</span> 
     </span>
    </p>
   </div>
   <div class='ocr_carea' id='block_1_123' title="bbox 2133 4576 3723 4659">
    <p class='ocr_par' dir='ltr' id='par_1_123' title="bbox 2133 4576 3723 4659">
     <span class='ocr_line' id='line_1_123' title="bbox 2133 4576 3723 4659; baseline -0.003 -15"><span class='ocrx_word' id='word_1_975' title='bbox 2133 4590 2240 4643; x_wconf 88' lang='grc' dir='ltr'>τῶν</span> <span class='ocrx_word' id='word_1_976' title='bbox 2284 4590 2380 4659; x_wconf 84' lang='grc' dir='ltr'>τὴν</span> <span class='ocrx_word' id='word_1_977' title='bbox 2433 4588 2610 4657; x_wconf 67' lang='grc' dir='ltr'>ψῆφον</span> <span class='ocrx_word' id='word_1_978' title='bbox 2664 4583 3071 4659; x_wconf 78' lang='grc' dir='ltr'>ἐξηνέγκαμενς</span> <span class='ocrx_word' id='word_1_979' title='bbox 3113 4577 3223 4659; x_wconf 68' lang='grc' dir='ltr'>ἄρα</span> <span class='ocrx_word' id='word_1_980' title='bbox 3252 4578 3352 4659; x_wconf 67' lang='grc' dir='ltr'>οὐκ</span> <span class='ocrx_word' id='word_1_981' title='bbox 3404 4576 3590 4659; x_wconf 43' lang='grc' dir='ltr'>ᾂνςτδ,</span> <span class='ocrx_word' id='word_1_982' title='bbox 3623 4576 3723 4658; x_wconf 68' lang='grc' dir='ltr'>τῇς</span> 
     </span>
    </p>
   </div>
   <div class='ocr_carea' id='block_1_124' title="bbox 2132 4647 3725 4729">
    <p class='ocr_par' dir='ltr' id='par_1_124' title="bbox 2132 4647 3725 4729">
     <span class='ocr_line' id='line_1_124' title="bbox 2132 4647 3725 4729; baseline -0.009 -16"><span class='ocrx_word' id='word_1_983' title='bbox 2132 4647 2356 4729; x_wconf 78' lang='grc' dir='ltr'>γεέννης</span> <span class='ocrx_word' id='word_1_984' title='bbox 2385 4647 2611 4719; x_wconf 68' lang='grc' dir='ltr'>ἑαυτοὺς</span> <span class='ocrx_word' id='word_1_985' title='bbox 2629 4647 3097 4722; x_wconf 72' lang='grc' dir='ltr'>κατεδικάσάμενι</span> <span class='ocrx_word' id='word_1_986' title='bbox 3143 4647 3272 4719; x_wconf 79' lang='grc' dir='ltr'>πῦρ,</span> <span class='ocrx_word' id='word_1_987' title='bbox 3291 4649 3381 4701; x_wconf 84' lang='grc' dir='ltr'>τὸν</span> <span class='ocrx_word' id='word_1_988' title='bbox 3404 4647 3544 4717; x_wconf 82' lang='grc' dir='ltr'>ὑπὲρ</span> <span class='ocrx_word' id='word_1_989' title='bbox 3568 4647 3725 4717; x_wconf 75' lang='grc' dir='ltr'>ἡμῶν</span> 
     </span>
    </p>
   </div>
   <div class='ocr_carea' id='block_1_125' title="bbox 2135 4728 3726 4815">
    <p class='ocr_par' dir='ltr' id='par_1_125' title="bbox 2135 4728 3726 4815">
     <span class='ocr_line' id='line_1_125' title="bbox 2135 4728 3726 4815; baseline -0.01 -20"><span class='ocrx_word' id='word_1_990' title='bbox 2135 4743 2230 4815; x_wconf 83' lang='grc' dir='ltr'>τὴν</span> <span class='ocrx_word' id='word_1_991' title='bbox 2256 4728 2433 4813; x_wconf 78' lang='grc' dir='ltr'>ψυχὴν</span> <span class='ocrx_word' id='word_1_992' title='bbox 2466 4740 2628 4793; x_wconf 83' lang='grc' dir='ltr'>θέντα</span> <span class='ocrx_word' id='word_1_993' title='bbox 2657 4737 2800 4808; x_wconf 80' lang='grc' dir='ltr'>λιμῷ</span> <span class='ocrx_word' id='word_1_994' title='bbox 2847 4735 3147 4807; x_wconf 84' lang='grc' dir='ltr'>τηκόμενον</span> <span class='ocrx_word' id='word_1_995' title='bbox 3192 4730 3586 4815; x_wconf 84' lang='grc' dir='ltr'>περιορῶντες;</span> <span class='ocrx_word' id='word_1_996' title='bbox 3616 4728 3726 4815; x_wconf 66' lang='grc' dir='ltr'>Καὶ</span> 
     </span>
    </p>
   </div>
   <div class='ocr_carea' id='block_1_126' title="bbox 2134 4812 3724 4896">
    <p class='ocr_par' dir='ltr' id='par_1_126' title="bbox 2134 4812 3724 4896">
     <span class='ocr_line' id='line_1_126' title="bbox 2134 4812 3724 4896; baseline -0.004 -17"><span class='ocrx_word' id='word_1_997' title='bbox 2134 4812 2354 4894; x_wconf 79' lang='grc' dir='ltr'>τίλέγω</span> <span class='ocrx_word' id='word_1_998' title='bbox 2401 4826 2693 4896; x_wconf 75' lang='grc' dir='ltr'>χρήματα;</span> <span class='ocrx_word' id='word_1_999' title='bbox 2730 4823 2792 4875; x_wconf 83' lang='grc' dir='ltr'><strong>Εἰ</strong></span> <span class='ocrx_word' id='word_1_1000' title='bbox 2842 4820 2953 4890; x_wconf 81' lang='grc' dir='ltr'>γὰρ</span> <span class='ocrx_word' id='word_1_1001' title='bbox 2996 4819 3194 4890; x_wconf 81' lang='grc' dir='ltr'>μυρίας</span> <span class='ocrx_word' id='word_1_1002' title='bbox 3252 4816 3469 4886; x_wconf 78' lang='grc' dir='ltr'>εἴχομεν</span> <span class='ocrx_word' id='word_1_1003' title='bbox 3525 4812 3724 4882; x_wconf 63' lang='grc' dir='ltr'>ψυχὰς,</span> 
     </span>
    </p>
   </div>
   <div class='ocr_carea' id='block_1_127' title="bbox 2134 4897 3723 4981">
    <p class='ocr_par' dir='ltr' id='par_1_127' title="bbox 2134 4897 3723 4981">
     <span class='ocr_line' id='line_1_127' title="bbox 2134 4897 3723 4981; baseline -0.011 -17"><span class='ocrx_word' id='word_1_1004' title='bbox 2134 4913 2231 4981; x_wconf 80' lang='grc' dir='ltr'>οὐχ</span> <span class='ocrx_word' id='word_1_1005' title='bbox 2264 4910 2482 4972; x_wconf 82' lang='grc' dir='ltr'>ἁπάσας</span> <span class='ocrx_word' id='word_1_1006' title='bbox 2511 4908 2650 4978; x_wconf 83' lang='grc' dir='ltr'>ὑπὲρ</span> <span class='ocrx_word' id='word_1_1007' title='bbox 2670 4904 2834 4958; x_wconf 86' lang='grc' dir='ltr'>αὐτοῦ</span> <span class='ocrx_word' id='word_1_1008' title='bbox 2860 4904 3030 4956; x_wconf 87' lang='grc' dir='ltr'>θεῖναι</span> <span class='ocrx_word' id='word_1_1009' title='bbox 3064 4902 3268 4972; x_wconf 85' lang='grc' dir='ltr'>ἐχρῆν;</span> <span class='ocrx_word' id='word_1_1010' title='bbox 3300 4899 3492 4950; x_wconf 82' lang='grc' dir='ltr'>Καίτοι</span> <span class='ocrx_word' id='word_1_1011' title='bbox 3518 4914 3577 4964; x_wconf 88' lang='grc' dir='ltr'>γε</span> <span class='ocrx_word' id='word_1_1012' title='bbox 3605 4897 3723 4948; x_wconf 70' lang='grc' dir='ltr'>οὐδὲ</span> 
     </span>
    </p>
   </div>
   <div class='ocr_carea' id='block_1_128' title="bbox 2135 4974 3725 5057">
    <p class='ocr_par' dir='ltr' id='par_1_128' title="bbox 2135 4974 3725 5057">
     <span class='ocr_line' id='line_1_128' title="bbox 2135 4974 3725 5057; baseline -0.012 -15"><span class='ocrx_word' id='word_1_1013' title='bbox 2135 4974 2303 5051; x_wconf 70' lang='grc' dir='ltr'>οὕτως</span> <span class='ocrx_word' id='word_1_1014' title='bbox 2333 4988 2482 5052; x_wconf 80' lang='grc' dir='ltr'>ἄξιόν</span> <span class='ocrx_word' id='word_1_1015' title='bbox 2521 5004 2574 5038; x_wconf 89' lang='grc' dir='ltr'>τι</span> <span class='ocrx_word' id='word_1_1016' title='bbox 2594 4974 2689 5057; x_wconf 83' lang='grc' dir='ltr'>τῆς</span> <span class='ocrx_word' id='word_1_1017' title='bbox 2711 4982 3030 5055; x_wconf 86' lang='grc' dir='ltr'>εὐεργεσίας</span> <span class='ocrx_word' id='word_1_1018' title='bbox 3051 4980 3388 5049; x_wconf 85' lang='grc' dir='ltr'>ἐποιήσαμεν</span> <span class='ocrx_word' id='word_1_1019' title='bbox 3412 4975 3495 5026; x_wconf 85' lang='grc' dir='ltr'>ἄν.</span> <span class='ocrx_word' id='word_1_1020' title='bbox 3539 4975 3597 5027; x_wconf 83' lang='lat'>&#39;0</span> <span class='ocrx_word' id='word_1_1021' title='bbox 3627 4974 3725 5043; x_wconf 79' lang='grc' dir='ltr'>μὲν</span> 
     </span>
    </p>
   </div>
   <div class='ocr_carea' id='block_1_129' title="bbox 2136 5053 3726 5141">
    <p class='ocr_par' dir='ltr' id='par_1_129' title="bbox 2136 5053 3726 5141">
     <span class='ocr_line' id='line_1_129' title="bbox 2136 5053 3726 5141; baseline -0.013 -19"><span class='ocrx_word' id='word_1_1022' title='bbox 2136 5071 2243 5141; x_wconf 85' lang='grc' dir='ltr'>γὰρ</span> <span class='ocrx_word' id='word_1_1023' title='bbox 2287 5068 2516 5139; x_wconf 90' lang='grc' dir='ltr'>πρώτως</span> <span class='ocrx_word' id='word_1_1024' title='bbox 2550 5053 2875 5137; x_wconf 84' lang='grc' dir='ltr'>εὐεργετῶν,</span> <span class='ocrx_word' id='word_1_1025' title='bbox 2924 5060 3166 5132; x_wconf 79' lang='grc' dir='ltr'>φανεράν</span> <span class='ocrx_word' id='word_1_1026' title='bbox 3215 5054 3583 5141; x_wconf 68' lang='grc' dir='ltr'>ἐπιδείκνυται</span> <span class='ocrx_word' id='word_1_1027' title='bbox 3627 5053 3726 5141; x_wconf 69' lang='grc' dir='ltr'>τὴν</span> 
     </span>
    </p>
   </div>
   <div class='ocr_carea' id='block_1_130' title="bbox 2136 5132 3722 5221">
    <p class='ocr_par' dir='ltr' id='par_1_130' title="bbox 2136 5132 3722 5221">
     <span class='ocr_line' id='line_1_130' title="bbox 2136 5132 3722 5221; baseline -0.019 -16"><span class='ocrx_word' id='word_1_1028' title='bbox 2136 5132 2481 5221; x_wconf 77' lang='grc' dir='ltr'>χρηστότητα</span> <span class='ocrx_word' id='word_1_1029' title='bbox 2507 5165 2519 5178; x_wconf 89' lang='lat'><strong>-</strong></span> <span class='ocrx_word' id='word_1_1030' title='bbox 2572 5149 2600 5200; x_wconf 91' lang='lat'>6</span> <span class='ocrx_word' id='word_1_1031' title='bbox 2645 5132 2701 5198; x_wconf 74' lang='grc' dir='ltr'>δὲ</span> <span class='ocrx_word' id='word_1_1032' title='bbox 2737 5140 3154 5213; x_wconf 70' lang='grc' dir='ltr'>εὐεργετηθεὶς,</span> <span class='ocrx_word' id='word_1_1033' title='bbox 3195 5137 3332 5221; x_wconf 33' lang='lat' dir='ltr'><em>6A1:</em></span> <span class='ocrx_word' id='word_1_1034' title='bbox 3386 5132 3452 5185; x_wconf 86' lang='grc' dir='ltr'>ἂν</span> <span class='ocrx_word' id='word_1_1035' title='bbox 3504 5132 3722 5221; x_wconf 61' lang='grc' dir='ltr'>ἀντιδιξ),</span> 
     </span>
    </p>
   </div>
   <div class='ocr_carea' id='block_1_131' title="bbox 2137 5212 3724 5300">
    <p class='ocr_par' dir='ltr' id='par_1_131' title="bbox 2137 5212 3724 5300">
     <span class='ocr_line' id='line_1_131' title="bbox 2137 5212 3724 5300; baseline -0.019 -17"><span class='ocrx_word' id='word_1_1036' title='bbox 2137 5212 2355 5300; x_wconf 65' lang='grc' dir='ltr'>δίρείλὴν</span> <span class='ocrx_word' id='word_1_1037' title='bbox 2384 5212 2727 5288; x_wconf 84' lang='grc' dir='ltr'>ἀποδίδωσιν,</span> <span class='ocrx_word' id='word_1_1038' title='bbox 2752 5225 2813 5277; x_wconf 90' lang='grc' dir='ltr'>οὐ</span> <span class='ocrx_word' id='word_1_1039' title='bbox 2837 5212 3002 5293; x_wconf 80' lang='grc' dir='ltr'>χάριν</span> <span class='ocrx_word' id='word_1_1040' title='bbox 3038 5215 3387 5300; x_wconf 77' lang='grc' dir='ltr'>κατατίθεται</span> <span class='ocrx_word' id='word_1_1041' title='bbox 3410 5231 3422 5243; x_wconf 64' lang='grc' dir='ltr'>α</span> <span class='ocrx_word' id='word_1_1042' title='bbox 3471 5212 3565 5265; x_wconf 70' lang='grc' dir='ltr'>καὶ</span> <span class='ocrx_word' id='word_1_1043' title='bbox 3619 5214 3724 5300; x_wconf 38' lang='lat' dir='ltr'>pta-</span> 
     </span>
    </p>
   </div>
   <div class='ocr_carea' id='block_1_132' title="bbox 2137 5293 3725 5375">
    <p class='ocr_par' dir='ltr' id='par_1_132' title="bbox 2137 5293 3725 5375">
     <span class='ocr_line' id='line_1_132' title="bbox 2137 5293 3725 5375; baseline -0.011 -13"><span class='ocrx_word' id='word_1_1044' title='bbox 2137 5293 2452 5363; x_wconf 67' lang='grc' dir='ltr'>λίσταόταν</span> <span class='ocrx_word' id='word_1_1045' title='bbox 2477 5311 2504 5361; x_wconf 91' lang='lat'>6</span> <span class='ocrx_word' id='word_1_1046' title='bbox 2526 5305 2802 5375; x_wconf 85' lang='grc' dir='ltr'>κατάρξας</span> <span class='ocrx_word' id='word_1_1047' title='bbox 2835 5302 3063 5372; x_wconf 77' lang='grc' dir='ltr'>ἐχθροὺς</span> <span class='ocrx_word' id='word_1_1048' title='bbox 3092 5294 3408 5375; x_wconf 77' lang='grc' dir='ltr'>εὐεργετῶν</span> <span class='ocrx_word' id='word_1_1049' title='bbox 3440 5296 3555 5375; x_wconf 75' lang='grc' dir='ltr'>εἴη,</span> <span class='ocrx_word' id='word_1_1050' title='bbox 3578 5293 3670 5346; x_wconf 81' lang='grc' dir='ltr'>καὶ</span> <span class='ocrx_word' id='word_1_1051' title='bbox 3698 5295 3725 5345; x_wconf 85' lang='grc' dir='ltr'>ὁ</span> 
     </span>
    </p>
   </div>
   <div class='ocr_carea' id='block_1_133' title="bbox 2139 5373 3722 5455">
    <p class='ocr_par' dir='ltr' id='par_1_133' title="bbox 2139 5373 3722 5455">
     <span class='ocr_line' id='line_1_133' title="bbox 2139 5373 3722 5455; baseline -0.013 -12"><span class='ocrx_word' id='word_1_1052' title='bbox 2139 5390 2434 5451; x_wconf 80' lang='grc' dir='ltr'>ἀντιδιδοὺς</span> <span class='ocrx_word' id='word_1_1053' title='bbox 2456 5389 2548 5441; x_wconf 70' lang='grc' dir='ltr'>καὶ</span> <span class='ocrx_word' id='word_1_1054' title='bbox 2572 5389 2650 5450; x_wconf 86' lang='grc' dir='ltr'>εἰς</span> <span class='ocrx_word' id='word_1_1055' title='bbox 2677 5373 2970 5455; x_wconf 73' lang='grc' dir='ltr'>εὐεργέτην</span> <span class='ocrx_word' id='word_1_1056' title='bbox 2990 5375 3342 5444; x_wconf 85' lang='grc' dir='ltr'>κατατιθῆται</span> <span class='ocrx_word' id='word_1_1057' title='bbox 3359 5373 3424 5427; x_wconf 83' lang='grc' dir='ltr'>τὰ</span> <span class='ocrx_word' id='word_1_1058' title='bbox 3443 5373 3722 5442; x_wconf 86' lang='grc' dir='ltr'>γινόμενα,</span> 
     </span>
    </p>
   </div>
   <div class='ocr_carea' id='block_1_134' title="bbox 2139 5453 3726 5531">
    <p class='ocr_par' dir='ltr' id='par_1_134' title="bbox 2139 5453 3726 5531">
     <span class='ocr_line' id='line_1_134' title="bbox 2139 5453 3726 5531; baseline -0.013 -7"><span class='ocrx_word' id='word_1_1059' title='bbox 2139 5473 2233 5524; x_wconf 73' lang='grc' dir='ltr'>καὶ</span> <span class='ocrx_word' id='word_1_1060' title='bbox 2263 5469 2424 5531; x_wconf 85' lang='grc' dir='ltr'>αὐτὸς</span> <span class='ocrx_word' id='word_1_1061' title='bbox 2456 5466 2632 5519; x_wconf 84' lang='grc' dir='ltr'>αὐτῶν</span> <span class='ocrx_word' id='word_1_1062' title='bbox 2675 5453 2922 5531; x_wconf 82' lang='grc' dir='ltr'>ἀπολαύῃ</span> <span class='ocrx_word' id='word_1_1063' title='bbox 2947 5460 2972 5497; x_wconf 73' lang='grc' dir='ltr'>ιι</span> <span class='ocrx_word' id='word_1_1064' title='bbox 3006 5457 3187 5510; x_wconf 80' lang='grc' dir='ltr'>πάλιν.</span> <span class='ocrx_word' id='word_1_1065' title='bbox 3239 5453 3377 5509; x_wconf 68' lang='grc' dir='ltr'>Ἀλλ’</span> <span class='ocrx_word' id='word_1_1066' title='bbox 3428 5455 3573 5525; x_wconf 83' lang='grc' dir='ltr'>ἡμᾶς</span> <span class='ocrx_word' id='word_1_1067' title='bbox 3604 5453 3726 5506; x_wconf 81' lang='grc' dir='ltr'>οὐδέ</span> 
     </span>
    </p>
   </div>
   <div class='ocr_carea' id='block_1_135' title="bbox 2209 5550 3721 5625">
    <p class='ocr_par' dir='ltr' id='par_1_135' title="bbox 2209 5550 3721 5625">
     <span class='ocr_line' id='line_1_135' title="bbox 2209 5550 3721 5625; baseline -0.012 -11"><span class='ocrx_word' id='word_1_1068' title='bbox 2209 5566 2224 5601; x_wconf 74' lang='grc' dir='ltr'>τ</span> <span class='ocrx_word' id='word_1_1069' title='bbox 2253 5565 2537 5625; x_wconf 74' lang='lat' dir='ltr'>Legchutur</span> <span class='ocrx_word' id='word_1_1070' title='bbox 2563 5554 3132 5625; x_wconf 13' lang='lat' dir='ltr'>ooaéA.‘Scripsimus.0-36_’</span> <span class='ocrx_word' id='word_1_1071' title='bbox 3155 5554 3211 5601; x_wconf 83' lang='grc' dir='ltr'>ἄν</span> <span class='ocrx_word' id='word_1_1072' title='bbox 3236 5566 3294 5625; x_wconf 64' lang='lat' dir='ltr'>ea:</span> <span class='ocrx_word' id='word_1_1073' title='bbox 3323 5552 3473 5625; x_wconf 64' lang='grc' dir='ltr'>ξανῇί.</span> <span class='ocrx_word' id='word_1_1074' title='bbox 3498 5557 3550 5622; x_wconf 68' lang='grc' dir='ltr'>οι</span> <span class='ocrx_word' id='word_1_1075' title='bbox 3580 5550 3721 5625; x_wconf 54' lang='grc' dir='ltr'>ςοιίξί.</span> 
     </span>
    </p>
   </div>
   <div class='ocr_carea' id='block_1_136' title="bbox 2142 5613 3722 5683">
    <p class='ocr_par' dir='ltr' id='par_1_136' title="bbox 2142 5613 3722 5683">
     <span class='ocr_line' id='line_1_136' title="bbox 2142 5613 3722 5683; baseline -0.013 -6"><span class='ocrx_word' id='word_1_1076' title='bbox 2142 5613 2287 5677; x_wconf 44' lang='lat' dir='ltr'>Enn:</span> <span class='ocrx_word' id='word_1_1077' title='bbox 2329 5613 2370 5665; x_wconf 51' lang='grc' dir='ltr'>ἶ</span> <span class='ocrx_word' id='word_1_1078' title='bbox 2394 5626 2491 5674; x_wconf 81' lang='lat' dir='ltr'>Alii</span> <span class='ocrx_word' id='word_1_1079' title='bbox 2513 5625 2566 5670; x_wconf 86' lang='grc' dir='ltr'>οὐ</span> <span class='ocrx_word' id='word_1_1080' title='bbox 2592 5623 2773 5683; x_wconf 75' lang='grc' dir='ltr'>σφόδρα</span> <span class='ocrx_word' id='word_1_1081' title='bbox 2795 5613 2982 5683; x_wconf 73' lang='grc' dir='ltr'>γυμνόν.</span> <span class='ocrx_word' id='word_1_1082' title='bbox 3000 5617 3164 5683; x_wconf 11' lang='grc' dir='ltr'>γῐίιιιιο</span> <span class='ocrx_word' id='word_1_1083' title='bbox 3189 5620 3295 5677; x_wconf 73' lang='lat' dir='ltr'>post</span> <span class='ocrx_word' id='word_1_1084' title='bbox 3322 5613 3470 5683; x_wconf 68' lang='lat' dir='ltr'>Savil.</span> <span class='ocrx_word' id='word_1_1085' title='bbox 3498 5614 3545 5660; x_wconf 86' lang='lat' dir='ltr'>in</span> <span class='ocrx_word' id='word_1_1086' title='bbox 3585 5618 3722 5683; x_wconf 63' lang='grc' dir='ltr'>ιιιχῃι</span> 
     </span>
    </p>
   </div>
   <div class='ocr_carea' id='block_1_137' title="bbox 2139 5654 3725 5808">
    <p class='ocr_par' dir='ltr' id='par_1_137' title="bbox 2139 5654 3725 5808">
     <span class='ocr_line' id='line_1_137' title="bbox 2142 5654 3721 5677; baseline -0.014 0"><span class='ocrx_word' id='word_1_1087' title='bbox 2142 5654 2275 5677; x_wconf 47' lang='lat' dir='ltr'>Inmr-</span> <span class='ocrx_word' id='word_1_1088' title='bbox 2346 5654 2369 5665; x_wconf 83' lang='grc' dir='ltr'>ν</span> <span class='ocrx_word' id='word_1_1089' title='bbox 2394 5654 2491 5674; x_wconf 58' lang='lat' dir='ltr'>“In</span> <span class='ocrx_word' id='word_1_1090' title='bbox 2513 5654 2566 5670; x_wconf 78' lang='grc' dir='ltr'>νυ</span> <span class='ocrx_word' id='word_1_1091' title='bbox 2592 5654 2711 5670; x_wconf 55' lang='grc' dir='ltr'>υπιυ</span> <span class='ocrx_word' id='word_1_1092' title='bbox 2743 5654 2773 5667; x_wconf 69' lang='grc' dir='ltr'>ν.</span> <span class='ocrx_word' id='word_1_1093' title='bbox 2830 5654 2850 5666; x_wconf 72' lang='grc' dir='ltr'>ν</span> <span class='ocrx_word' id='word_1_1094' title='bbox 2898 5654 2982 5666; x_wconf 70' lang='grc' dir='ltr'>μιν.</span> <span class='ocrx_word' id='word_1_1095' title='bbox 3013 5654 3026 5666; x_wconf 82' lang='grc' dir='ltr'>ι</span> <span class='ocrx_word' id='word_1_1096' title='bbox 3052 5654 3161 5664; x_wconf 80' lang='grc' dir='ltr'>ι---ιυ</span> <span class='ocrx_word' id='word_1_1097' title='bbox 3202 5654 3295 5664; x_wconf 71' lang='grc' dir='ltr'>ιν..-</span> <span class='ocrx_word' id='word_1_1098' title='bbox 3323 5654 3470 5662; x_wconf 32' lang='grc' dir='ltr'>κάκη..</span> <span class='ocrx_word' id='word_1_1099' title='bbox 3501 5654 3545 5660; x_wconf 91' lang='grc'>---</span> <span class='ocrx_word' id='word_1_1100' title='bbox 3589 5654 3622 5658; x_wconf 78' lang='grc'>--</span> <span class='ocrx_word' id='word_1_1101' title='bbox 3643 5654 3683 5657; x_wconf 54' lang='grc' dir='ltr'>,μ</span> <span class='ocrx_word' id='word_1_1102' title='bbox 3710 5654 3721 5656; x_wconf 36' lang='grc' dir='ltr'>ε</span> 
     </span>
     <span class='ocr_line' id='line_1_138' title="bbox 2139 5654 3725 5752; baseline -0.014 -14"><span class='ocrx_word' id='word_1_1103' title='bbox 2139 5692 2305 5752; x_wconf 78' lang='grc' dir='ltr'>κέρδος</span> <span class='ocrx_word' id='word_1_1104' title='bbox 2321 5687 2609 5745; x_wconf 68' lang='grc' dir='ltr'>σαφέστερον</span> <span class='ocrx_word' id='word_1_1105' title='bbox 2627 5654 2815 5743; x_wconf 56' lang='grc' dir='ltr'>Ἰἐπείγει.ι</span> <span class='ocrx_word' id='word_1_1106' title='bbox 2856 5654 2906 5717; x_wconf 41' lang='lat' dir='ltr'>rh</span> <span class='ocrx_word' id='word_1_1107' title='bbox 2930 5682 3071 5729; x_wconf 81' lang='lat' dir='ltr'><strong>Alius</strong></span> <span class='ocrx_word' id='word_1_1108' title='bbox 3091 5654 3500 5740; x_wconf 61' lang='grc' dir='ltr'>ἀνθρωπινώτερον</span> <span class='ocrx_word' id='word_1_1109' title='bbox 3517 5674 3620 5741; x_wconf 80' lang='grc' dir='ltr'>περὶ</span> <span class='ocrx_word' id='word_1_1110' title='bbox 3640 5673 3725 5717; x_wconf 84' lang='grc' dir='ltr'>αὐ-</span> 
     </span>
     <span class='ocr_line' id='line_1_139' title="bbox 2140 5732 3724 5808; baseline -0.013 -10"><span class='ocrx_word' id='word_1_1111' title='bbox 2140 5754 2238 5799; x_wconf 83' lang='grc' dir='ltr'>τόν.</span> <span class='ocrx_word' id='word_1_1112' title='bbox 2301 5762 2310 5785; x_wconf 82' lang='grc' dir='ltr'>ι</span> <span class='ocrx_word' id='word_1_1113' title='bbox 2336 5748 2507 5796; x_wconf 78' lang='lat' dir='ltr'>Morel.</span> <span class='ocrx_word' id='word_1_1114' title='bbox 2529 5745 2781 5808; x_wconf 67' lang='grc' dir='ltr'>κατάσχοι.</span> <span class='ocrx_word' id='word_1_1115' title='bbox 2805 5742 2968 5808; x_wconf 80' lang='grc' dir='ltr'>Ταῦτα</span> <span class='ocrx_word' id='word_1_1116' title='bbox 2987 5741 3236 5808; x_wconf 49' lang='grc' dir='ltr'>ἀκούοντες</span> <span class='ocrx_word' id='word_1_1117' title='bbox 3259 5740 3330 5808; x_wconf 61' lang='grc' dir='ltr'>ὅτι</span> <span class='ocrx_word' id='word_1_1118' title='bbox 3351 5737 3515 5808; x_wconf 46' lang='grc' dir='ltr'>οὕτως..</span> <span class='ocrx_word' id='word_1_1119' title='bbox 3546 5745 3587 5807; x_wconf 46' lang='lat'><em>‘1</em></span> <span class='ocrx_word' id='word_1_1120' title='bbox 3623 5732 3724 5807; x_wconf 53' lang='lat' dir='ltr'>H1:-</span> 
     </span>
    </p>
   </div>
   <div class='ocr_carea' id='block_1_138' title="bbox 2141 5797 3723 5863">
    <p class='ocr_par' dir='ltr' id='par_1_138' title="bbox 2141 5797 3723 5863">
     <span class='ocr_line' id='line_1_140' title="bbox 2141 5797 3723 5863; baseline -0.013 -4"><span class='ocrx_word' id='word_1_1121' title='bbox 2259 5810 2441 5863; x_wconf 74' lang='grc' dir='ltr'>ἑαυτοῖς</span> <span class='ocrx_word' id='word_1_1122' title='bbox 2461 5809 2620 5855; x_wconf 58' lang='lat' dir='ltr'>uta-:56.</span> <span class='ocrx_word' id='word_1_1123' title='bbox 2688 5797 2719 5846; x_wconf 59' lang='grc' dir='ltr'><strong>Ἦ</strong></span> <span class='ocrx_word' id='word_1_1124' title='bbox 2743 5806 2891 5854; x_wconf 71' lang='lat' dir='ltr'>Savil.</span> <span class='ocrx_word' id='word_1_1125' title='bbox 2921 5812 2975 5851; x_wconf 73' lang='lat' dir='ltr'>et</span> <span class='ocrx_word' id='word_1_1126' title='bbox 2998 5803 3086 5850; x_wconf 84' lang='lat' dir='ltr'>cod</span> <span class='ocrx_word' id='word_1_1127' title='bbox 3112 5799 3219 5853; x_wconf 70' lang='lat'>706.</span> <span class='ocrx_word' id='word_1_1128' title='bbox 3257 5800 3347 5863; x_wconf 71' lang='grc' dir='ltr'>εἴη’</span> <span class='ocrx_word' id='word_1_1129' title='bbox 3385 5798 3462 5841; x_wconf 74' lang='grc' dir='ltr'>καὶ</span> <span class='ocrx_word' id='word_1_1130' title='bbox 3489 5797 3514 5841; x_wconf 77' lang='lat'>6</span> <span class='ocrx_word' id='word_1_1131' title='bbox 3537 5797 3620 5840; x_wconf 77' lang='grc' dir='ltr'>ἀντ</span> <span class='ocrx_word' id='word_1_1132' title='bbox 3673 5797 3723 5841; x_wconf 71' lang='lat'>&#39;3&#39;:</span> 
     </span>
    </p>
   </div>
   <div class='ocr_carea' id='block_1_139' title="bbox 2140 5860 3375 5927">
    <p class='ocr_par' dir='ltr' id='par_1_139' title="bbox 2140 5860 3375 5927">
     <span class='ocr_line' id='line_1_141' title="bbox 2140 5860 3375 5927; baseline -0.012 -7"><span class='ocrx_word' id='word_1_1133' title='bbox 2140 5876 2219 5921; x_wconf 75' lang='grc' dir='ltr'>καὶ</span> <span class='ocrx_word' id='word_1_1134' title='bbox 2245 5875 2306 5927; x_wconf 75' lang='grc' dir='ltr'>εἷς</span> <span class='ocrx_word' id='word_1_1135' title='bbox 2336 5873 2398 5919; x_wconf 79' lang='grc' dir='ltr'>εὐ.</span> <span class='ocrx_word' id='word_1_1136' title='bbox 2427 5860 2722 5917; x_wconf 70' lang='grc' dir='ltr'>κατατίῡεται</span> <span class='ocrx_word' id='word_1_1137' title='bbox 2744 5869 2801 5915; x_wconf 78' lang='grc' dir='ltr'>τὰ</span> <span class='ocrx_word' id='word_1_1138' title='bbox 2827 5867 3105 5924; x_wconf 78' lang='grc' dir='ltr'>διδόμενα...</span> <span class='ocrx_word' id='word_1_1139' title='bbox 3133 5860 3375 5908; x_wconf 65' lang='grc' dir='ltr'>ἀπολαύει.</span> 
     </span>
    </p>
   </div>
  </div>
