4068 6136
370 258 472 318 {6-1

365 369 539 426 ταῦτα
563 368 846 439 ἐφέλκεται
872 384 885 396 ·
933 366 1046 419 ἀλλ’
1076 365 1248 429 οὕτως
1291 365 1459 435 ἐσμὲν
1504 365 1837 435 ἀγνώμονες,
1874 363 1947 423 ὡς

366 454 604 517 οἰκέταις
662 453 761 523 μὲν
816 451 911 503 καὶ
955 450 1198 518 ἡμιόνοις
1252 448 1346 500 καὶ
1397 447 1583 510 ἵπποις
1632 445 1948 517 περιδέραια

366 539 545 607 χρυσᾶ
567 534 918 605 περιτιθέναι,
936 533 1026 585 τὸν
1045 531 1099 585 δὲ
1122 532 1397 602 Δεσπότην
1419 532 1625 600 γυμνὸν
1647 532 1946 601 περιϊόντα,

366 620 461 672 καὶ
491 619 660 688 θύρας
714 618 778 670 ἐκ
815 616 996 686 θυρῶν
1025 616 1342 686 ἀμείϐοντα,
1400 616 1493 668 καὶ
1543 614 1631 668 ἀεὶ
1671 614 1805 685 πρὸς
1832 615 1951 676 ταῖς

366 700 565 765 ἐξόδοις
606 701 893 771 ἱστάμενον
926 700 1022 753 καὶ
1076 701 1263 770 χεῖρας
1318 702 1629 753 ἐκτείνοντα
1663 699 1947 769 περιορᾷν,

367 784 625 848 πολλάκις
649 784 706 837 δὲ
738 784 832 837 καὶ
856 784 1051 854 ἀπηνεῖ
1086 784 1305 854 βλέπειν
1324 784 1484 836 αὐτὸν
1511 781 1774 852 ὀφθαλμῷ
1794 794 1809 810 ⁹
1833 781 1951 833 καί·

363 882 447 918 τοι
471 882 534 933 γε
568 867 661 920 καὶ
689 865 846 920 τοῦτο
875 866 1006 919 αὐτὸ
1026 866 1093 919 δι’
1114 867 1260 936 ἡμᾶς
1290 866 1572 936 ὑπομένει.
1616 865 1815 927 Ἡδέως
1843 864 1951 935 γὰρ

365 949 548 1017 πεινᾷ,
574 949 659 1001 ἵνα
690 950 753 1001 σὺ
779 952 991 1020 τραφῇς
1011 966 1023 978 '
1062 950 1154 1001 καὶ
1187 949 1392 1018 γυμνὸς
1425 948 1711 1019 περίεισιν,
1744 947 1832 999 ἴνα
1867 963 1950 999 σοι

365 1030 626 1101 παράσχῃ
648 1030 739 1082 τοῦ
773 1032 872 1099 τῆς
893 1030 1198 1101 ἀφθαρσίας
1228 1030 1522 1100 ἐνδύματος
1544 1031 1643 1102 τὴν
1672 1029 1947 1083 ὑπόθεσιν.

379 1113 517 1166 Ἀλλ’
546 1114 665 1166 ούδέ
700 1113 841 1167 οῦτω
869 1114 1124 1184 προΐεσθε
1146 1114 1253 1165 τῶν
1283 1114 1560 1182 ὑμετέρων
1597 1112 1748 1165 οὐδέν
1768 1130 1781 1143 ·
1814 1112 1951 1165 ἀλλά

309 1189 316 1211 ’
365 1195 475 1248 τῶν
503 1196 732 1266 ἱματίων
759 1196 825 1248 τά
860 1196 959 1265 μέν
983 1199 1099 1248 ὲστι
1125 1195 1462 1263 σητόϐρωτα,
1486 1195 1553 1247 τὰ
1577 1195 1633 1247 δὲ
1673 1194 1837 1264 ἄχθος
1871 1194 1951 1263 τῷ

368 1277 631 1347 κιϐωτίῳ,
669 1279 763 1331 καὶ
797 1277 1027 1348 περιττὴ
1069 1277 1290 1346 φροντὶς
1335 1279 1447 1338 τοῖς
1495 1276 1888 1345 κεκτημένοις·
1922 1276 1952 1327 ὁ

368 1360 427 1413 δὲ
458 1361 553 1414 καὶ
582 1360 754 1415 ταῦτα
786 1363 880 1414 καὶ
927 1361 996 1414 τὰ
1026 1360 1162 1413 ἄλλα
1216 1359 1395 1412 πάντα
1432 1356 1700 1420 δεδωκὼς,
1745 1358 1952 1428 γυμνὸς

369 1443 654 1513 περίεισιν.
696 1443 834 1496 Ἀλλ’
864 1444 963 1496 οὐκ
985 1446 1039 1496 ἐν
1067 1441 1144 1511 τῷ
1164 1440 1403 1512 κιϐωτίῳ
1436 1439 1575 1494 αὐτὰ
1604 1440 1947 1504 ἀποτίθεσθε,

367 1525 482 1578 ἀλλ’
516 1527 670 1580 αὐτοὶ
700 1525 991 1597 περιϐεϐλη
1003 1525 1150 1595 μένοι
1173 1522 1581 1587 καλλωπίζεσθε
1602 1540 1616 1589 ;
1640 1522 1794 1585 Εἰπὲ,
1812 1523 1863 1575 τί
1889 1522 1949 1575 τὸ

368 1608 528 1661 πλέον
575 1609 703 1679 ὑμῖν
755 1608 863 1661 ἀπὸ
902 1607 1109 1660 τούτων
1138 1624 1151 1672 ;
1187 1606 1303 1659 ’Ὶνα
1335 1605 1396 1659 τὸ
1422 1605 1530 1658 τῶν
1560 1605 1834 1676 ἀγοραίων
1864 1605 1950 1677 ἴδῃ

368 1691 574 1762 πλῆθος
608 1691 783 1761 ὑμᾶς;
820 1690 928 1744 Καὶ
961 1690 1012 1743 τί
1045 1689 1240 1753 τοῦτο;
1268 1689 1341 1740 Οὐ
1370 1688 1479 1758 γὰρ
1506 1688 1597 1741 τὸν
1632 1688 1951 1759 περικείμε-

366 1773 458 1826 νόν
487 1789 547 1826 σε
579 1772 754 1827 ταῦτα
787 1772 1179 1842 θαυμάσονται,
1210 1770 1343 1823 ἀλλὰ
1395 1770 1487 1821 τὸν
1534 1772 1649 1832 τοῖς
1678 1769 1952 1839 δεομένοις

372 1854 699 1924 παρέχοντα.
733 1854 892 1907 Ὥστε
915 1854 963 1906 εί
990 1852 1167 1923 βούλει
1197 1850 1593 1922 θαυμάζεσθαι,
1614 1852 1833 1922 ἐτέρους
1857 1868 1954 1904 πε·

373 1936 660 2008 ριὸάλλων,
689 1936 887 2006 μᾶλλον
921 1936 1129 2007 μυρίων
1157 1934 1435 2006 ἀπολαύσῃ
1463 1935 1691 2005 κρότων.
1723 1935 1853 1986 Τότε
1890 1951 1948 1987 σε

369 2019 464 2072 καὶ
491 2022 520 2073 6
551 2019 682 2082 Θεὸς
708 2018 1052 2072 ἐπαινέσεται
1082 2017 1219 2087 μετά
1246 2017 1355 2071 τῶν
1380 2016 1699 2088 ἀνθρώπων.
1736 2017 1874 2070 Νυνὶ
1894 2016 1951 2069 δὲ

368 2101 716 2156 ἐπαινέσεται
747 2101 845 2172 μέν
882 2100 1076 2165 οὐδεὶς,
1141 2100 1464 2171 φθονήσουσι
1519 2101 1575 2154 δὲ
1604 2102 1860 2165 ἅπαντες,
1892 2098 1952 2151 τὸ

1057 256 1113 309 S.
1146 251 1428 308 JOA‘NNIS
1467 246 1950 307 CIIBYSOSTOMI
1997 245 2320 303 ARCHIEP.
2364 232 2905 301 CONSTANTINOP.

3526 240 3628 302 me

2054 362 2152 432 μὲν
2176 361 2332 430 σῶμα
2355 356 3008 432 κοσμούμενονὸρῶντες,
3031 354 3127 425 τὴν
3155 355 3209 409 δὲ
3235 355 3412 430 ψυχὴν
3436 360 3634 432 ἠμελη.

2055 430 2219 513 μένην
2254 444 2461 512 ἔχοντα.
2496 439 2643 512 [158]
2672 430 2842 500 Οὗτος
2867 440 2957 491 καὶ
2979 436 3195 505 γυναιξὶ
3219 438 3446 510 πόρναις
3467 430 3634 513 πρόοὶ-

2051 543 2197 580 εστιν
2230 529 2258 579 6
2284 526 2516 593 κόσμοςο
2560 522 2818 583 πολλάκις
2847 520 2902 573 δὲ
2942 521 3036 572 καὶ
3069 520 3500 594 πολυτελέστερα
3540 528 3634 579 καὶ

2052 609 2377 679 φαιδρότερα
2401 607 2532 677 παρ’
2565 605 2801 666 ἐκείναις
2821 602 2888 656 τὰ
2923 603 3112 671 ἱμάτια
3131 619 3145 635 °
3172 605 3201 655 6
3232 603 3287 655 δὲ
3321 605 3419 674 τῆς
3455 606 3635 678 ψυχῆς

2052 693 2254 762 κόσμος
2282 689 2434 761 παρὰ
2468 690 2580 750 τοῖς
2635 690 2693 742 ἐν
2717 689 2885 757 ἀρετῇ
2931 684 3065 748 ζῶσι
3096 686 3255 756 μόνον
3285 688 3422 741 ἐστί.
3450 690 3635 744 Ταῦτα

2052 773 2289 845 συνεχῶς
2317 773 2482 841 λέγω,
2517 771 2611 824 καὶ
2653 771 2826 838 λέγων
2862 770 2921 821 ού
2957 768 3255 840 παύσομαι,
3286 770 3347 823 οὐ
3386 774 3636 843 πενήτων

2051 858 2192 912 οὕτω
2224 857 2542 928 κηδόμενος,
2576 855 2652 919 ὡς
2681 855 2791 907 τῶν
2824 853 3105 925 ὑμετέρων
3131 853 3338 924 ψυχῶν.
3374 856 3637 920 Ἐκείνοις

2056 942 2153 1013 μὲν
2202 942 2328 1011 γὰρ,
2383 940 2488 993 κᾶν
2522 940 2596 1010 μὴ
2654 937 2782 1009 παρ’
2808 938 2988 1009 ἡμῶν,
3020 937 3132 990 ἀλλ’
3173 939 3324 1008 ὅμως
3368 940 3635 1011 ἑτέρωθεν

2051 1024 2204 1078 ἔσται
2234 1041 2316 1086 τις
2360 1021 2684 1093 παραμυθία
2707 1037 2721 1051 ·
2753 1020 2854 1074 κᾶν
2896 1019 2969 1091 μὴ
3002 1019 3226 1091 γένηται
3270 1023 3593 1092 παραμυθία
3615 1063 3633 1090 ,

2051 1108 2188 1161 ἀλλὰ
2219 1107 2363 1175 λιμῷ
2397 1104 2786 1175 διαφθαρῶσιν,
2833 1104 2985 1157 οὐδὲν
3033 1104 3176 1174 μέγα
3219 1105 3279 1157 τὸ
3302 1106 3399 1175 τῆς
3433 1106 3636 1175 ζημίας

2053 1191 2255 1252 αὐτοῖς.
2286 1188 2350 1240 Τί
2380 1187 2490 1258 γάρ
2526 1185 2724 1252 ἔϐλαψε
2770 1186 2859 1238 τὸν
2889 1185 3138 1256 Λάζαρον
3173 1188 3205 1255 ἠ
3260 1187 3417 1240 πενία
3451 1188 3545 1241 καῖ⁹
3576 1187 3636 1241 τὸ

2050 1272 2195 1342 λιμῷ
2228 1271 2528 1342 τήκεσθαι;
2590 1269 2766 1338 Ὑμᾶς
2817 1267 2874 1319 δὲ
2933 1268 3105 1331 οὐδεὶς
3143 1268 3489 1340 ἐξαιρήσεται
3535 1270 3636 1341 τῆς

2051 1355 2296 1423 γεέννης,
2321 1352 2385 1405 ἂν
2413 1351 2486 1422 μὴ
2512 1351 2611 1421 τῆς
2633 1349 2783 1421 παρὰ
2813 1348 2923 1401 τῶν
2955 1350 3200 1418 πενήτων
3230 1362 3257 1391 ι
3285 1352 3483 1420 τύχητε
3512 1350 3637 1423 βοη-

2053 1435 2221 1499 θείας.
2269 1433 2406 1487 Ἀλλ’
2435 1434 2667 1505 ἐροῦμεν
2692 1431 2760 1485 τά
2782 1431 2920 1485 αὐτὰ
2954 1431 3031 1501 τῷ
3065 1430 3323 1502 πλουσίῳ.
3359 1431 3437 1502 τῷ
3461 1433 3636 1504 διηνε-

2053 1517 2162 1579 κῶς
2220 1518 2317 1586 μέν
2363 1513 2797 1586 τηγανιζομένῳ,
2859 1514 3211 1584 παραμυθίας
3260 1514 3316 1567 δὲ
3365 1514 3636 1585 μηδεμιᾶς

2048 1598 2390 1668 τυγχάνοντι.
2423 1598 2585 1651 Ἀλλά
2617 1597 2690 1668 μὴ
2717 1596 2949 1663 γένοιτο,
2976 1595 3181 1666 μηδένα
3212 1596 3383 1650 ταῦτα
3406 1595 3635 1650 ἀκοῦσαί

2048 1698 2178 1733 ποτε
2208 1682 2276 1734 τὰ
2317 1684 2577 1752 ῥήματα,
2634 1680 2748 1733 ἀλλ’
2801 1681 2881 1743 είς
2915 1681 3041 1741 τοὺς
3091 1679 3328 1741 κόλπους
3385 1680 3637 1750 Ἀϐραὰμ

2048 1766 2303 1819 ἀπελθεῖν
2325 1781 2338 1795 ’
2389 1765 2573 1835 χάριτι
2596 1764 2689 1817 καὶ
2719 1763 3098 1833 φιλανθρωπίᾳ
3123 1762 3218 1816 τοῦ
3247 1762 3451 1834 Κυρίου
3476 1761 3634 1833 ἡμῶν

2062 1848 2235 1918 Ἰησοῦ
2267 1847 2525 1919 Χριστοῦ,
2561 1847 2627 1900 δι’
2660 1840 2722 1899 οῦ
2750 1848 2843 1900 καὶ
2872 1846 2987 1917 μεθ’
3020 1840 3081 1899 οῦ
3107 1844 3183 1916 τῷ
3205 1845 3381 1916 Πατρὶ
3406 1847 3454 1923 ἡ.
3484 1844 3631 1910 δόξα,

2057 1932 2170 2002 ἅμα
2190 1931 2266 2002 τῷ
2292 1930 2433 2002 ἁγίῳ
2460 1929 2756 2002 Πνεύματι,
2782 1931 2860 1992 είς
2888 1930 3014 1992 τοὺς
3038 1928 3238 1991 αἰῶνας
3263 1927 3371 1981 τῶν
3400 1925 3630 1982 αἰώνων.

2069 2016 2263 2086 Ἀμήν.

2120 2105 2137 2127 ⁸
2164 2106 2364 2165 Quidam
2392 2105 2676 2153 πεινώντων.

1808 2267 2052 2320 ΟΜΙΛΙΑ
2086 2266 2216 2317 κη’.

372 2362 456 2415 ού
489 2361 599 2430 γὰρ
620 2360 979 2415 ἀπέστειλεν
1002 2364 1034 2415 ό
1063 2361 1205 2426 Θεὸς
1230 2361 1338 2414 τόν
1396 2362 1534 2415 Υίὸν
1563 2362 1747 2416 αὐτοῦ
1774 2401 1787 2423 ,
1850 2362 1949 2415 ἵνα

440 2432 616 2499 κρίνῃ
646 2431 755 2484 τὸν
787 2432 1041 2500 κόσμον,
1063 2432 1200 2485 ἀλλ’
1232 2432 1334 2484 ἵνα
1360 2432 1532 2500 σώσῃ
1558 2432 1665 2485 τὸν
1694 2434 1945 2499 κόσμον.

436 2531 507 2578 α’.
535 2524 724 2578 Πολλοὶ
750 2524 858 2578 τῶν
883 2524 1269 2597 ρᾳθυμοτέρων
1299 2527 1379 2588 είς
1409 2527 1818 2598 ἁμαρτημάτων
1850 2526 1946 2596 μέ-

369 2608 526 2678 γεθος
547 2611 641 2662 καὶ
667 2609 956 2679 ὀλιγωρίας
980 2608 1285 2679 ὑπερὸολὴν
1308 2611 1374 2681 τῇ
1401 2609 1497 2663 τοῦ
1517 2609 1651 2662 Θεοῦ
1679 2609 1950 2679 κεχρημέο

371 2707 451 2745 νοι
478 2691 875 2762 φιλανθρωπία,
898 2692 1073 2745 ταῦτα
1096 2691 1420 2762 φθέγγονται
1453 2692 1522 2746 τὰ
1552 2695 1773 2763 ῥήματα
1797 2708 1808 2720 ”
1836 2693 1951 2745 Ούκ

370 2776 485 2827 ἔστι
509 2776 721 2844 γέεννα,
755 2777 854 2828 οὐκ
883 2777 996 2828 ἔστι
1022 2777 1261 2840 κόλασις,
1296 2776 1472 2831 πάντα
1498 2778 1526 2830 6
1558 2777 1688 2839 θεὸς
1728 2777 1949 2847 ἀφίησιν

350 2860 499 2929 -ἡμτν
526 2860 594 2912 τὰ
620 2860 1004 2929 ἁμαρτήματα,
1040 2859 1259 2932 Οῦσπερ
1292 2861 1657 2930 ἐπιστομίζων
1682 2860 1841 2926 σοφός
1866 2877 1948 2922 τις

319 2942 509 3011 ,ἀνήρ
539 2954 565 2983 ι
599 2958 759 3013 φησι·
810 2941 909 3010 Μὴ
947 2944 1146 3009 ετπῃς,
1191 2944 1253 2994 '0
1287 2943 1585 3010 οὶκτιρμός
1622 2941 1808 2995 αὐτοῦ
1840 2958 1946 2994 πο-

368 3022 504 3089 λὺς,
527 3023 595 3077 τὸ
615 3022 849 3093 πλῆθος
875 3023 994 3077 τῶν
1009 3023 1307 3093 ἁμαρτιῶν
1317 3041 1436 3092 μου
1456 3022 1800 3087 ἐξιλάσεται
1821 3041 1833 3053 ·
1861 3023 1950 3077 ὅτι

370 3107 537 3173 ἕλεος
587 3108 683 3161 καὶ
714 3108 858 3176 ὀργὴ
894 3108 1029 3175 παρ’
1058 3105 1236 3172 αὐτῷ,
1278 3107 1372 3159 καὶ
1422 3108 1519 3160 ἐπὶ
1565 3108 1942 3176 ἁμαρτωλοὺς

373 3192 743 3245 καταπαύσει
794 3194 827 3244 ό
866 3191 1053 3258 θυμὸς
1094 3191 1313 3243 αὐτοῦ·
1350 3190 1442 3243 καὶ
1479 3190 1657 3255 πάλιν,
1692 3192 1850 3245 Κατὰ
1883 3192 1949 3244 τὸ

373 3271 534 3326 πολὺ
559 3273 730 3339 ἕλεος
772 3273 981 3336 αὐτοῦ,
1030 3273 1223 3339 πολὺς
1272 3275 1370 3327 καὶ
1403 3275 1706 3343 όὲλεγχος
1742 3274 1947 3329 αὑτοῦ.

377 3355 487 3408 Καὶ
515 3353 639 3417 ποῦ,
671 3356 824 3424 φησὶ,
844 3354 913 3407 τὰ
928 3354 1024 3425 τῆς
1041 3355 1470 3425 φιλανθρωπίας,
1497 3359 1545 3408 εί
1575 3357 1641 3409 τὰ
1659 3359 1777 3409 κατ’
1798 3357 1950 3420 ἀξίαν

371 3436 762 3507 ἀποληψόμεθα
798 3436 908 3489 τῶν
941 3437 1392 3509 ἀμαρτημάτων;
1440 3439 1561 3493 "Ut:
1600 3439 1696 3508 μὲν
1727 3440 1793 3492 τὰ
1831 3440 1949 3492 κατ’

372 3518 527 3584 ἀξίαν
551 3519 962 3590 ἀποληψόμεθα,
990 3522 1153 3575 ἄκουε
1178 3521 1272 3576 καὶ
1289 3522 1383 3575 τοῦ
1411 3524 1698 3594 Προφήτω
1734 3524 1827 3577 καὶ
1856 3522 1949 3576 τοῦ

374 3603 581 3657 Παύλου
611 3603 887 3671 λέγοντος·
935 3604 1029 3658 τοῦ
1079 3605 1200 3677 μὲν,
1228 3608 1310 3660 ὅτι
1338 3606 1420 3661 Σὺ
1454 3607 1785 3674 ἀποδώσεις
1815 3610 1950 3662 ἐκά-

371 3703 494 3750 στῳ
520 3686 667 3740 κατὰ
704 3686 771 3740 τὰ
803 3688 949 3756 ἔργα
993 3688 1210 3743 αὑτοῦ·
1258 3688 1351 3742 τοῦ
1378 3689 1433 3742 δὲ
1458 3731 1472 3753 ,
1511 3692 1607 3755 ’⁵ος
1650 3691 1951 3745 ἀποδώσει

372 3766 608 3834 ἑκάστῳ
638 3770 789 3823 κατὰ
830 3771 891 3822 τὸ
942 3770 1119 3839 ἔργον
1162 3771 1366 3825 αὐτοῦ.
1428 3774 1548 3825 Ὅτι
1585 3772 1641 3825 δὲ
1684 3774 1777 3827 καὶ
1808 3774 1950 3827 οὕτω

372 3850 540 3921 πολλὴ
587 3854 619 3920 ή
652 3851 1027 3922 φιλανἸρωπία
1060 3852 1173 3905 ’τοῦ
1201 3853 1356 3914 Θεοῦ,
1390 3855 1483 3906 καὶ
1516 3854 1670 3908 τοῦτο
1703 3857 1948 3910 ἐντεῦθεν

371 3934 549 4002 δῆλον.
583 3935 675 3998 Εἰς
704 3934 814 4005 γὰρ
840 3933 933 3988 δύο
969 3935 1115 4004 ζωῆς
1147 3935 1348 3998 αἰῶνας
1391 3936 1460 3988 τὰ
1494 3938 1734 4009 ἡμέτερα
1762 3939 1949 3994 διελὼν

369 4020 398 4069 6
424 4017 553 4080 θεὸς
587 4017 826 4081 τούτους,
867 4019 959 4071 τὸν
991 4020 1233 4089 παρόντα
1262 4020 1356 4071 καὶ
1386 4019 1478 4073 τὸν
1524 4020 1781 4091 μέλλοντα
1812 4024 1945 4094 βίον,

370 4101 463 4153 καὶ
492 4101 581 4153 τὸν
612 4101 709 4170 μὲν
743 4103 801 4153 ἐν
831 4101 1056 4169 ἀγώνων
1082 4100 1251 4167 τάξει,
1282 4102 1371 4156 τὸν
1400 4103 1458 4156 δὲ
1496 4104 1554 4157 ἐν
1577 4103 1727 4174 χώρᾳ.
1752 4107 1947 4174 στεφά-

372 4202 476 4235 νων
507 4186 735 4255 ποιήσας
764 4182 920 4247 εἶναι,
959 4185 1156 4256 πολλὴν
1189 4185 1483 4241 κάντεῦθεν
1512 4189 1609 4259 τὴν
1648 4190 1951 4261 φιλανθρω-

373 4267 497 4318 πίαν
530 4267 857 4335 ἐπεδείξατο.
892 4269 1013 4332 Πῶς
1036 4270 1130 4322 καὶ
1158 4270 1261 4322 τίνι
1294 4269 1517 4341 τρόπῳ;
1550 4271 1671 4324 Ὅτι
1707 4274 1948 4341 πράξαν-

369 4367 463 4412 τας
497 4350 667 4403 πολλά
691 4352 784 4405 καὶ
812 4351 1020 4421 χαλεπὰ
1045 4353 1435 4424 ἁμαρτήματα,
1468 4355 1563 4408 καὶ
1583 4357 1643 4409 οὐ
1678 4356 1949 4409 διαλιπόν-

369 4448 465 4493 τας
513 4433 620 4485 ἀπὸ
672 4433 921 4503 νεότητος
960 4436 1040 4497 εἰς
1087 4434 1309 4505 ἔσχατον
1361 4437 1539 4506 γῆρας
1589 4438 1803 4508 μυρίοις
1850 4440 1947 4509 τὴν

368 4516 544 4583 ψυχὴν
579 4517 1035 4587 καταρρυπαίνειν
1068 4517 1274 4569 ἐαυτῶν
1295 4520 1482 4579 κακοῖς
1514 4518 1564 4581 δ,
1594 4519 1803 4582 οὐδενὸς
1826 4522 1949 4574 τού-

368 4612 475 4647 των
524 4596 803 4665 ἀπῄτησεν
868 4597 1099 4660 εὐθύνας
1146 4598 1292 4667 ἠμᾶς
1348 4599 1455 4651 τῶν
1493 4600 1944 4671 ἁμαρτημάτων,

368 4676 481 4728 ἀλλ’
513 4676 711 4729 ἔδωκεν
735 4678 911 4731 αὐτῶν
934 4677 1126 4746 ἄφεσιν
1147 4679 1232 4733 διὰ
1260 4680 1486 4752 λουτροῦ
1510 4683 1946 4751 παλιγγενεσίας,

370 4760 463 4811 καὶ
491 4757 836 4830 δικαιοσύνην
888 4760 1037 4833 ιιδιη
1064 4764 1157 4816 καὶ
1189 4764 1460 4833 ἁγιασμόν
1514 4766 1825 4836 ἐχαρίσατο.
1882 4769 1946 4820 Τί

369 4838 480 4905 οὖν,
526 4844 709 4914 φησὶν,
757 4845 822 4897 ἂν
860 4846 925 4898 ἐκ
960 4844 1179 4917 πρώτης
1213 4847 1427 4918 ἡλικίας
1469 4849 1780 4918 μυστηρίων
1813 4868 1945 4903 κατ-

369 4927 618 4993 αξιωθείς
649 4946 730 4992 τις
764 4929 899 4999 μετά
928 4928 1098 4982 ταῦτα
1133 4931 1297 5001 μυρία
1325 4931 1544 5002 ἁμάρτῃ
1570 4951 1582 4997 ;
1624 4934 1682 4985 Ὀ
1708 4934 1946 4997 τοιοῦτος

368 5011 553 5065 λοιπον
611 5011 853 5082 μείζονος
896 5013 1170 5077 κολάσεως
1229 5014 1394 5078 ἄξιος.
1453 5015 1571 5069 Τῶν
1617 5018 1729 5087 γὰρ
1766 5017 1945 5071 αὐτῶν

368 5096 780 5167 ἁμαρτημάτων
826 5096 886 5149 οὑ
930 5096 1029 5159 τὰς
1063 5096 1231 5160 αὐτὲις
1278 5098 1530 5168 τίννυμεν
1581 5100 1754 5166 δίκας,
1812 5101 1944 5155 ἀλλά

368 5178 548 5248 πολλῷ
578 5178 980 5248 χαλεπωτέρας,
1010 5180 1135 5232 ὅταν
1177 5179 1312 5248 μετά
1348 5183 1733 5251 μυσταγωγίαν
1764 5183 1869 5254 πλη
1879 5205 1946 5255 μ-

371 5261 711 5331 μελήσωμεν.
739 5263 846 5315 Καὶ
876 5263 1027 5333 δηλοῖ
1059 5262 1267 5325 Παῦλος
1301 5262 1440 5316 οῦτω
1472 5264 1674 5333 λέγων’
1726 5263 1944 5336 Ἆθετή-

366 5360 483 5409 σας
504 5360 594 5409 τις
616 5347 804 5414 νόμον
825 5345 1140 5413 Μωῧσέιος,
1164 5347 1338 5414 χωρὶς
1354 5346 1664 5416 οἰκτιρμῶν
1676 5349 1775 5402 ἐπὶ
1800 5349 1938 5404 δυσὶ

368 5425 465 5478 καὶ
487 5427 643 5494 τρισί
664 5427 958 5493 μάρτυσιν
976 5429 1366 5495 ἀποθνήσκευ
1389 5433 1561 5494 πόσῳ
1578 5430 1804 5484 δοκεῖτε
1822 5433 1940 5498 χεί-

359 5522 545 5574 ρονος
574 5505 963 5574 ἀξιωθήσεται
993 5513 1269 5580 τιμωρίας
1292 5515 1323 5565 ό
1354 5512 1459 5565 τὸν
1496 5513 1633 5565 Υίὸν
1654 5513 1759 5567 τοῦ
1794 5514 1942 5568 Θεοῦ

370 5588 818 5656 καταπατήσας,
870 5592 968 5645 καί
1014 5594 1081 5645 τὸ
1106 5592 1252 5663 αἷμα
1284 5593 1391 5663 τῆς
1419 5595 1711 5663 διαθήκης
1740 5598 1945 5649 κοινέν

369 5674 776 5744 ἡγησάμενος,
807 5675 902 5726 καὶ
946 5674 1059 5741 τὴν
1108 5678 1283 5745 χάριν
1331 5680 1436 5733 τοῦ
1462 5681 1804 5750 Πνεύματος
1851 5680 1945 5733 ὲν-

428 5774 457 5803 ⁶
500 5772 663 5839 Qligu!
685 5772 915 5839 σοφιστὴς
940 5771 1111 5839 ἀνήρεῗ
1141 5773 1168 5812 δ
1203 5777 1295 5839 Alli
1336 5778 1407 5825 ὅτι
1442 5778 1702 5839 ἐπράξαμεν
1728 5778 1940 5825 πολλὰ...

368 5842 444 5887 καὶ
482 5834 537 5883 σὺ
579 5834 903 5893 διελίπομεν...
941 5835 1383 5899 καταβρυπαίνοντες
1423 5834 1601 5894 mia-2;.

2052 2360 2338 2427 υόρι’σας;
2360 2356 2621 2422 Μείζονος
2643 2353 2736 2412 οὖν
2756 2356 2906 2411 ἔσται
2937 2356 3210 2421 κολάσεως
3233 2356 3380 2421 ἄξιος
3410 2359 3438 2411 6
3466 2355 3639 2411 τοιοῦο

2051 2458 2143 2504 τος
2174 2454 2221 2495 υ.

2122 2524 2265 2595 Πλὴν
2284 2524 2418 2578 ἀλλά
2445 2526 2537 2578 καὶ
2566 2523 2740 2593 τούτῳ
2777 2523 3061 2595 μετανοίας
3087 2522 3289 2593 ἀνέῳξε
3317 2522 3509 2594 θύρας,
3540 2523 3635 2577 καὶ

2052 2612 2264 2674 πολλοῖς
2291 2612 2509 2683 τρόποις
2532 2610 2728 2663 ἔδωκεν
2752 2608 3113 2678 ἀπονίψασθαι
3142 2609 3209 2662 τὰ
3241 2609 3631 2680 πεπλημμεληο

2054 2696 2209 2764 μένα,
2254 2693 2319 2746 ἂν
2356 2693 2532 2765 ἐθέλῃ.
2575 2692 2858 2760 Ἐννόησον
2887 2688 2981 2744 οὖν
3031 2692 3193 2762 ἡλίκα
3239 2691 3411 2745 ταῦτα
3446 2690 3634 2759 φιλαν·

2051 2776 2296 2846 θρωπίας
2315 2774 2341 2813 ιι
2375 2775 2664 2845 δείγματα,
2694 2774 2752 2827 τὸ
2776 2774 2869 2827 καὶ
2897 2775 3079 2845 χάριτι
3106 2775 3341 2843 ἀφεῖναι,
3368 2774 3461 2827 καὶ⁸
3496 2771 3638 2843 μετά

2050 2859 2147 2928 τὴν
2193 2858 2353 2929 χάριν
2383 2858 2474 2913 τὸν
2510 2857 2825 2928 ἁμαρτόντα
2871 2859 2966 2911 καὶ
3004 2857 3152 2921 ἀξιον
3186 2855 3313 2909 ὅντα
3362 2855 3638 2919 κολάσεως

2055 2941 2127 3012 μὴ
2175 2942 2443 3006 κολάζειν,
2491 2941 2626 2995 ἀλλὰ
2675 2940 2873 2995 διδόναι
2929 2940 3119 3010 καιρὸν
3152 2939 3248 2993 καὶ
3295 2938 3639 3009 προθεσμίαν

2050 3025 2348 3093 ἀπολογίας
2394 3025 2562 3095 αὐτῷ.
2596 3023 2703 3077 Διά·
2741 3022 2913 3077 ταῦτα
2958 3024 3135 3077 πάντα
3163 3025 3192 3077 6
3221 3022 3452 3094 Χριστὸς
3500 3021 3639 3095 πρὸς

2048 3107 2139 3160 τὸν
2171 3108 2473 3177 Νικόδημον
2500 3107 2683 3174 ἔλεγεν
2705 3122 2718 3135 '
2752 3110 2871 3161 Οὐκ
2909 3108 3270 3162 ἀπέστειλεν
3292 3109 3326 3161 ό
3362 3106 3507 3173 Θεὸς
3532 3108 3634 3161 τὸν

2060 3190 2197 3243 Υἱὸν
2236 3190 2444 3254 αὑτοῦ,
2494 3191 2595 3243 τινα
2646 3191 2822 3259 κρίνῃ
2879 3192 2985 3244 τὸν
3042 3194 3296 3259 κόσμον,
3351 3191 3489 3244 ἀλλ’
3531 3191 3632 3244 ἵνα

2050 3272 2223 3340 σώσῃ
2272 3272 2380 3325 τὸν
2427 3274 2677 3341 κόσμον.
2721 3274 2825 3326 Δύο
2852 3273 2962 3344 γάρ
2995 3274 3132 3326 εἰσιν
3171 3274 3227 3326 αί
3271 3272 3366 3326 τοῦ
3400 3270 3636 3342 Χριστοῦ

2052 3354 2368 3425 παριιυσίαι⁹
2399 3357 2432 3425 ἡ
2464 3355 2562 3427 ἤδη
2609 3357 2974 3426 γεγενημένη,
3007 3356 3101 3409 καὶ
3145 3360 3177 3427 ἠ
3214 3356 3509 3427 μέλλουσα·
3537 3358 3638 3409 οὐκ

2053 3438 2143 3490 ἐπὶ
2174 3440 2287 3501 τοῖς
2320 3438 2503 3500 αὐτοῖς
2531 3438 2588 3490 δὲ
2622 3440 2677 3491 αί
2712 3438 2823 3502 δύο,
2849 3438 2963 3491 ἀλλ’
2993 3441 3026 3509 ἡ
3064 3438 3164 3509 μὲν
3194 3439 3432 3511 προτέρα
3473 3437 3633 3508 γέγοο

2051 3536 2163 3584 νεν,
2204 3519 2301 3590 οὐχ
2341 3520 2426 3574 ἵνα
2460 3519 2688 3592 ἐξετάσῃ
2721 3520 2789 3574 τὰ
2822 3522 3189 3592 πεπραγμένα
3228 3525 3382 3593 ἡμῖν,
3415 3522 3528 3575 ἀλλ’
3552 3523 3637 3575 ῐνα

2055 3604 2197 3673 ἀιρῇ⁴
2236 3604 2270 3674 ή
2309 3604 2365 3657 δὲ
2396 3604 2642 3674 δευτέρα,
2680 3604 2778 3675 οὐχ
2821 3604 2907 3657 ἵνα
2936 3604 3080 3676 ἀφῇ,
3128 3605 3239 3658 ἀλλ’
3269 3606 3354 3660 ἵνα
3385 3605 3637 3677 ἐξετάσῃ.

2051 3687 2148 3740 Διά
2173 3687 2331 3740 τοῦτο
2360 3689 2487 3757 περὶ
2518 3689 2615 3758 μὲν
2643 3689 2741 3757 τῆς
2770 3688 3039 3759 προτέρας
3069 3688 3232 3757 φησίν
3252 3706 3267 3721 ⁸
3301 3692 3420 3743 Οὐκ
3448 3685 3639 3759 ἦλθον

2048 3771 2148 3823 ἵνα
2181 3771 2361 3837 κρίνω
2410 3773 2515 3823 τὸν
2561 3772 2813 3838 κόσμον,
2863 3771 3000 3824 ἀλλ’
3034 3773 3134 3825 ἵνα
3176 3772 3354 3825 σώσω
3391 3773 3499 3825 τὸν
3541 3774 3638 3824 κός

2048 3869 2207 3921 σμον
2226 3868 2240 3882 '
2275 3853 2403 3923 περὶ
2436 3852 2493 3904 δὲ
2528 3853 2625 3923 τῆς
2653 3852 2931 3922 δευτέρας,
2953 3854 3129 3906 Ὅταν
3155 3853 3223 3906 δὲ
3256 3854 3403 3922 ἔλθῃ
3433 3857 3466 3907 ό
3506 3854 3637 3917 me

2048 3933 2219 4001 ἐντζῖ
2264 3933 2410 4001 δόξῃ
2451 3934 2557 3986 τοῦ
2613 3937 2842 4002 Πατριλς
2874 3936 3081 3999 αὑτοῦ,
3131 3935 3347 4001 στήσει
3404 3936 3475 3989 τὰ
3519 3935 3637 4004 μὲν

2051 4020 2315 4086 πρόϐατα
2346 4018 2413 4071 ἐκ
2451 4017 2683 4081 δεξιῶν,
2721 4019 2817 4072 καὶ
2856 4021 2927 4073 τὰ
2970 4020 3167 4088 ἐρίφια
3192 4020 3262 4083 ἐξ
3292 4021 3631 4089 εὐωνύμων.

2052 4098 2163 4152 Καὶ
2197 4098 2635 4153 ἀπελεύσονται
2666 4102 2718 4152 οἱ
2744 4098 2862 4167 μὲν
2897 4101 2983 4164 εις
3020 4098 3189 4165 ζῑοὴν,
3217 4102 3270 4152 οἱ
3307 4098 3374 4151 δὲ
3401 4102 3487 4165 εἰς
3531 4102 3633 4153 κό-

2048 4184 2235 4235 λασιν
2267 4180 2530 4235 αίώνιον.
2567 4182 2758 4235 Καίτοι
2790 4200 2852 4251 γε
2897 4183 3050 4252 καὶή
3089 4182 3327 4252 προτέρα
3365 4182 3635 4253 παρουσία

2051 4270 2284 4341 κρίσεως
2309 4265 2376 4340 ἦν
2412 4270 2554 4323 κατά
2587 4270 2676 4323 τὸν
2716 4272 2808 4323 τοῦ
2843 4271 3049 4324 δικαίου
3095 4270 3271 4338 λόγον.
3297 4272 3480 4334 Auni;
3512 4272 3635 4325 ’Ὁτι

2050 4352 2157 4423 πρὸ
2179 4354 2275 4422 τῆς
2299 4352 2462 4406 αὐτοῦ
2490 4353 2793 4423 παρουσίας
2821 4353 2983 4423 νόμος
3013 4349 3079 4424 ἦν
3101 4353 3348 4421 φυσικὸς,
3383 4353 3478 4406 καὶ
3505 4370 3635 4425 προ-

2050 4435 2237 4504 φῆται,
2262 4436 2356 4487 καὶ
2382 4436 2624 4503 γραπτὸς
2650 4435 2810 4489 πάλιν
2835 4435 3018 4505 νόμος,
3050 4436 3145 4488 καὶ
3172 4436 3511 4497 διδασκαλία,
3542 4436 3634 4488 καὶ

2054 4518 2243 4588 μυρίαι
2274 4519 2619 4586 ἐπαγγελίαι,
2660 4520 2754 4571 καὶ
2798 4518 3040 4587 σημείων
3069 4516 3378 4583 ἐπιδείξεις,
3415 4520 3509 4571 καὶ
3544 4535 3633 4571 κο-

2050 4598 2232 4663 λάσεις
2278 4602 2370 4653 καὶ
2414 4602 2700 4672 τιμωρίαι,
2743 4603 2838 4654 καὶ
2883 4600 3053 4653 πολλά
3087 4600 3251 4670 ξτερα
3283 4603 3353 4654 τὰ
3386 4599 3635 4672 διορθοῦν

2049 4682 2351 4751 δυνάμενα’
2383 4684 2477 4737 κα)⁵
2502 4694 2525 4721 ο
2557 4683 2845 4737 ἀκόλουθον
2874 4682 2940 4753 ἦν
2965 4672 3171 4737 τούτων
3217 4684 3434 4737 πάντων
3466 4686 3633 4737 ἁπαι-

2049 4764 2213 4833 τῆσαι
2264 4765 2527 4829 εὐθύνας’
2562 4766 2676 4819 ἀλλ’
2713 4766 2903 4836 ἐπειδὴ
2948 4765 3329 4837 φιλάνθρωπός
3368 4769 3535 4831 ἐστιν,
3571 4767 3631 4819 οὗ

2052 4850 2285 4901 ποιεῖται
2319 4848 2586 4915 ἐξέτασιν,
2635 4848 2772 4902 ἀλλὰ
2819 4848 3164 4920 συγχώρησιν
3200 4850 3360 4912 τέως.
3405 4850 3554 4903 Ἐπεί
3585 4852 3633 4902 εἰ

2048 4934 2207 4986 τοῦτο
2239 4933 2517 5001 ἐποίησεν,
2551 4932 2792 4996 ἅπαντες
2828 4932 2895 4986 ἂν
2934 4932 3131 5004 ἀθρόον
3169 4934 3629 5004 ἀνηρπάσθησαν’

2050 5015 2278 5081 Πάντες
2306 5018 2415 5085 γὰρ
2444 5016 2728 5084 ἥμαρτον,
2761 5014 2947 5085 φησὶν,
2979 5015 3077 5069 καὶ
3105 5016 3499 5083 ὑστεροῦνται
3526 5013 3633 5083 τῆς

2040 5097 2236 5164 δόξης
2267 5098 2372 5152 τοῦ
2410 5099 2576 5153 Θεοῦ.
2612 5094 2763 5162 Εἶδες
2795 5098 3206 5170 φιλανθρωπίας
3235 5099 3439 5168 ἄφατον
3464 5100 3632 5170 ὑπερ-

2050 5180 2240 5251 ϐολήν;
2282 5181 2334 5231 Ὀ
2374 5182 2676 5236 πιστεύων
2704 5184 2791 5248 εἰς
2816 5183 2924 5236 τὸν
2961 5183 3118 5245 Υιύν,
3150 5184 3223 5237 οὐ
3266 5183 3555 5250 κρίνεται*
3597 5185 3631 5237 ό

2050 5263 2118 5315 δὲ
2152 5263 2236 5332 μὴ
2272 5266 2593 5329 πιστεύων,
2621 5263 2737 5331 ἤδη
2778 5266 3061 5334 κέκριται.
3096 5266 3205 5319 Καὶ
3235 5264 3342 5334 μὴν
3362 5265 3409 5317 τί
3441 5263 3515 5335 μὴ
3543 5263 3629 5318 διὰ

2049 5347 2209 5400 τοῦτο
2262 5343 2447 5419 ἦλθεν,
2487 5350 2573 5402 ἵνα
2604 5349 2766 5419 κρίνῃ
2806 5349 2899 5402 τὸν
2944 5349 3169 5421 κόσμον,
3202 5349 3318 5413 πῶς
3350 5349 3378 5401 6
3420 5349 3494 5420 μὴ
3539 5367 3629 5402 πι-

2051 5428 2253 5482 στεύων
2298 5429 2396 5499 ηδη
2434 5431 2707 5500 κέκριται,
2749 5434 2798 5486 ει
2849 5432 3073 5503 μηδέπω
3118 5432 3349 5503 πάρεστι
3379 5431 3478 5501 τῆς
3510 5432 3631 5502 κρί-

2049 5528 2185 5574 σεως
2211 5514 2240 5564 6
2269 5512 2490 5582 καιρός;
2519 5514 2588 5565 ’Ἡ
2619 5513 2777 5567 τοῦτο
2808 5510 2902 5568 οὖν
2928 5532 3113 5586 φησιν,
3139 5516 3221 5569 ὃτι
3253 5514 3385 5569 αὐτὸ
3412 5514 3474 5567 τὸ
3502 5515 3629 5567 ἀπι-

2048 5598 2191 5646 στεῖν
2223 5594 2582 5664 ἀμετανόητα,
2619 5594 2837 5660 κόλασίς
2870 5598 2985 5650 ἐστι
3006 5615 3018 5627 ·
3050 5597 3111 5649 τὸ
3139 5597 3247 5668 γὰρ
3291 5597 3445 5660 ἐκτὸς
3488 5591 3625 5649 εἶναι

2111 5720 2135 5749 °
2175 5716 2345 5789 Mprel.
2400 5716 2492 5823 ἄεα
2536 5720 2755 5779 μειζόνως
2800 5721 3147 5778 κολασθήσεται
3197 5720 3316 5781 μετά
3358 5722 3444 5777 τὴν
3491 5718 3628 5780 χάριν

2044 5780 2284 5829 ἀιιαοτων.
2372 5777 2398 5817 ιι
2432 5812 2447 5825 ι
2469 5781 2579 5829 avil.
2618 5781 2767 5829 ἐθέλῃ.
2796 5780 2941 5829 Ταῦτ’
2983 5780 3063 5829 οὖν
3097 5782 3317 5829 ἐννόησον
3353 5781 3496 5829 ἡλίκα
3524 5776 3621 5829 od.

2050 5784 2284 5888 ἁμαρτών.
2372 5784 2579 5852 ιιβυιτίι.
2610 5784 2775 5854 ἐθέλῃι
2796 5784 2941 5853 Ταῦτξ
2983 5784 3063 5829 οὖν
3097 5784 3317 5839 ἐννόησον
3353 5784 3496 5836 ἡλίκα
3524 5784 3621 5838 φιλ.

2050 5850 2074 5878 ο
2097 5843 2132 5889 Α
2164 5842 2196 5889 ii
2221 5841 2356 5903 ἔτερα
2378 5857 2436 5889 τα
2454 5843 2723 5904 διορθουντα
2748 5858 2820 5904 ην.
2845 5843 2955 5889 Και.
