4068 6136
419 374 515 430 liii

420 478 745 542 benefactori
780 490 880 532 suo
904 475 1044 531 dona
1084 469 1372 536 retribuit,
1409 466 1602 538 quibus
1631 466 1793 520 etiam
1838 462 1994 518 donis

420 581 535 651 ipse
562 586 778 646 quoque
800 568 1013 624 fruitur.
1043 563 1243 621 Verum
1266 562 1349 617 bis
1376 575 1479 615 non
1505 572 1805 623 movemur,
1831 569 2000 625 usque

412 669 553 724 adeo
577 665 799 735 ingrati,
821 669 879 716 ut
903 658 1094 724 servis,
1118 656 1296 723 mulis,
1319 653 1470 724 equis
1491 651 1817 722 operimenta
1840 662 2001 701 aurea

416 760 914 828 circumponamus;
944 748 1224 804 Dominum
1247 759 1374 801 vero
1405 750 1665 806 nostrum,
1688 738 1886 793 nudum
1908 752 1996 792 er-

418 858 627 904 rantem
652 886 668 912 ,
694 843 928 898 ostiatim
959 837 1350 894 mendicantem
1375 874 1391 901 ,
1423 834 1474 887 in
1504 830 1749 901 compitis
1768 836 1998 884 stantem

415 950 472 997 et
496 950 688 995 manus
714 932 1093 990 extendentem
1122 926 1501 997 deSpieiamus,
1534 923 1643 976 imo
1669 934 1812 988 saepe
1839 918 2002 972 torvis

418 1035 723 1087 intueamur
756 1022 925 1080 oculis
951 1041 966 1077 :
998 1019 1208 1076 etiamsi
1238 1026 1456 1088 pr0pter
1478 1029 1577 1069 nos
1602 1013 1749 1066 hisce
1769 1009 1923 1065 malis
1944 1023 2004 1063 se

416 1122 684 1194 subjiciat.
708 1119 961 1175 Libenter
981 1115 1123 1170 enim
1143 1110 1332 1175 esurit,
1350 1116 1409 1163 ut
1436 1116 1490 1162 tu
1514 1104 1799 1169 nutriaris;
1828 1100 2003 1155 nudus

418 1191 702 1277 circumit,
755 1217 815 1264 ut
859 1206 954 1261 tibi
1010 1198 1424 1270 incorruptionis
1476 1202 1679 1251 vestem
1738 1191 2000 1247 conferat.

421 1302 561 1357 Nihil
589 1310 767 1356 tamen
791 1311 887 1352 vos
907 1292 1143 1364 erogatis
1174 1309 1187 1345 :
1220 1289 1315 1346 sed
1344 1287 1660 1343 vestimenta
1689 1290 1869 1338 vestra
1898 1279 2002 1335 alia

418 1412 452 1450 a
479 1395 635 1450 tineis
660 1391 941 1455 roduntur,
967 1387 1068 1441 alia
1092 1426 1108 1451 ,
1137 1386 1192 1439 in
1218 1396 1340 1437 arca
1371 1377 1647 1435 recondita
1669 1418 1682 1442 ,
1712 1373 1996 1444 superﬂue

422 1502 566 1545 cura
596 1481 990 1557 possidentibus
1031 1485 1155 1534 sunt
1184 1493 1198 1529 :
1229 1474 1354 1530 dum
1377 1474 1421 1527 is
1446 1471 1535 1540 qui
1572 1476 1627 1526 et
1656 1468 1770 1522 hmc
1807 1475 1861 1520 et
1903 1463 2006 1517 alia

423 1554 613 1635 omnia
644 1576 863 1646 largitus
909 1580 993 1626 est
1020 1611 1037 1636 ,
1066 1567 1239 1623 nudus
1280 1561 1603 1621 obambulat.
1647 1558 1850 1615 Verum
1891 1554 2007 1609 haec

427 1684 531 1726 non
559 1669 612 1723 in
640 1643 763 1722 arca
789 1661 1109 1726 reconditis,
1132 1657 1225 1713 sed
1263 1655 1346 1710 his
1372 1652 1651 1723 magniﬁce
1684 1643 2007 1703 induiminit

425 1759 583 1828 Quid,
606 1770 788 1830 quaso
815 1796 831 1821 ,
860 1753 984 1808 hinc
1012 1750 1164 1805 vobis
1193 1748 1311 1819 plus
1339 1742 1589 1800 accedit?
1619 1740 1690 1796 Ut
1714 1737 2006 1794 forensium

426 1852 576 1909 turba
597 1828 691 1906 vos
730 1845 1030 1917 suspiciat?
1055 1839 1258 1912 Ecquid
1286 1838 1428 1894 hoc?
1473 1834 1589 1890 Non
1630 1832 1772 1888 enim
1803 1829 1885 1883 his
1919 1828 2006 1881 in-

423 1946 609 2000 dutum
633 1941 991 2002 admirantur,
1019 1933 1112 1991 sed
1144 1946 1264 1989 eum
1294 1929 1382 2001 qui
1413 1925 1594 1996 egenis
1625 1922 1866 1992 largitur.
1897 1918 2005 1973 Ita-

426 2054 531 2109 que
557 2037 604 2093 si
646 2035 782 2090 velis
829 2026 1165 2087 admirationi
1215 2038 1333 2080 esse
1370 2064 1385 2084 .
1423 2020 1554 2075 alios
1580 2016 1741 2071 indue
1767 2055 1781 2078 ,
1828 2021 1883 2067 et
1927 2010 2006 2065 sic

428 2130 570 2185 mille
613 2125 882 2197 plausibus
929 2118 1228 2189 excipieris.
1257 2115 1407 2171 Tunc
1431 2121 1480 2167 te
1524 2111 1661 2165 Deus
1683 2121 1805 2161 cum
1836 2100 2008 2157 homi-

429 2221 584 2276 nibus
618 2216 866 2273 laudabit.
899 2212 1100 2268 Contra
1138 2222 1265 2263 vero
1285 2207 1328 2263 si
1357 2217 1512 2260 secus
1551 2213 1675 2270 agas
1706 2239 1721 2265 ,
1751 2207 1910 2249 nemo
1954 2200 2007 2245 te

1440 354 1506 410 IN
1540 342 1848 409 ,ισΑΝΝΕΜ
1888 348 2118 406 HOMIL.
2159 350 2400 408 XXVIII.
2442 353 2513 407 al.
2558 352 2769 409 XXVII.

3594 353 3711 411 I09:

2105 460 2380 532 laudabit,
2428 465 2521 519 sed
2561 480 2749 519 omnes
2777 464 2867 519 tibi
2905 464 3216 520 invidebunt
3239 505 3255 530 ,
3282 464 3407 520 dum
3441 465 3694 521 videbunt

2105 570 2299 625 corpus
2325 566 2591 620 ornatum,
2619 556 2850 609 animam
2878 571 3005 611 vero
3036 555 3349 626 neglectam.
3377 554 3691 625 llujusmodi

2106 654 2350 701 ornatum
2394 645 2704 701 meretrices
2732 654 3003 700 sectantur
3033 687 3047 713 ,
3078 661 3198 715 qua:
3235 661 3377 716 saepe
3422 647 3609 716 majori
3634 658 3687 701 et

2105 737 2427 807 opulentiori
2475 737 2621 791 cultu
2678 736 2947 807 gaudent;
2991 746 3214 791 ornatus
3262 748 3438 793 autem
3499 739 3692 794 anima:

2108 844 2271 900 penes
2318 829 2528 883 virtutis
2569 828 2839 884 studiosos
2899 836 3101 882 tantum
3145 827 3390 884 habetur.
3421 827 3547 885 Haec
3590 830 3698 884 fre-

2105 932 2331 993 quenter
2358 922 2509 985 dico,
2541 936 2641 977 nec
2678 919 2838 975 finem
2868 919 3076 975 dicendi
3106 918 3293 974 faciam
3315 960 3331 986 ,
3359 935 3464 974 non
3493 935 3694 990 paupe-

2107 1029 2195 1071 res
2238 1022 2441 1070 tantum
2481 1027 2675 1067 curans
2709 1053 2722 1075 ,
2754 1020 3012 1081 quantum
3060 1012 3267 1065 animas
3311 1021 3538 1065 vestras.
3590 1011 3697 1066 Illis

2107 1106 2250 1161 enim
2280 1104 2381 1160 etsi
2406 1119 2511 1158 non
2539 1118 2569 1157 a
2609 1102 2794 1165 nobis,
2835 1100 3047 1156 aliunde
3092 1108 3268 1156 tamen
3297 1099 3545 1171 qumdam
3587 1103 3695 1157 erit

2107 1197 2446 1262 consolatio;
2496 1196 2538 1249 si
2585 1194 2732 1249 nulla
2776 1194 2953 1259 adsit,
3000 1201 3055 1247 et
3096 1191 3234 1247 fame
3275 1201 3540 1261 pereant,
3587 1209 3692 1248 non

2109 1302 2357 1359 magnum
2381 1287 2483 1341 hoc
2510 1285 2762 1341 damnum
2786 1283 2934 1355 ipsis.
2965 1284 3103 1350 Quid
3131 1283 3535 1339 nocuitLazaro
3563 1298 3696 1354 pana

2110 1390 2287 1449 pertas
2314 1387 2368 1433 et
2414 1376 2621 1431 fames?
2667 1374 2775 1431 Sed
2816 1388 2911 1428 vos
2955 1373 3086 1427 nihil
3116 1387 3144 1426 a
3188 1373 3435 1444 gehenna
3465 1374 3653 1444 eripiet
3679 1415 3695 1437 ,

2111 1470 2213 1525 nisi
2241 1482 2533 1540 pauperum
2572 1480 2675 1535 0pc
2699 1463 2980 1535 juvemini.
3012 1462 3117 1519 Sed
3157 1464 3343 1519 eadem
3392 1467 3504 1534 ipsa
3548 1464 3697 1520 dice-

2113 1574 2231 1614 mus
2272 1573 2392 1629 quae
2438 1556 2587 1612 dives
2618 1555 2706 1609 ille
2753 1562 3007 1623 perpetuo
3052 1554 3275 1609 traditus
3325 1555 3472 1625 igni,
3523 1554 3697 1611 omnis

2112 1649 2491 1706 consolationis
2533 1645 2766 1715 experti.
2814 1644 3012 1699 Verum
3043 1645 3221 1710 absit,
3251 1653 3308 1699 ut
3331 1645 3450 1715 quis
3486 1644 3571 1699 illa
3601 1660 3691 1699 un-

2112 1756 2272 1813 quam
2315 1738 2475 1792 verba
2521 1734 2742 1798 audiat;
2791 1733 2922 1789 faxit
2966 1733 3105 1788 Deus
3151 1743 3205 1788 ut
3249 1748 3438 1789 omnes
3476 1734 3528 1788 in
3570 1734 3693 1788 sinu

2112 1833 2343 1889 Abrahze
2388 1829 2711 1896 recipiantur
2737 1867 2751 1891 ,
2795 1825 2961 1897 gratia
3005 1834 3060 1880 et
3106 1824 3435 1896 benignitate
3488 1824 3699 1880 Domini

2114 1922 2283 1980 nostri
2313 1920 2440 1977 Jesu
2470 1917 2685 1980 Christi,
2719 1932 2814 1987 per
2842 1932 3000 1985 quem
3026 1925 3224 1970 etcum
3270 1930 3378 1987 quo
3414 1914 3558 1971 Patri
3587 1915 3701 1985 glo-
3772 1970 3785 1975 ,

2113 2021 2213 2087 ria,
2247 2032 2456 2087 unaque
2506 2022 2692 2070 sancto
2725 2012 2966 2083 Spiritui,
3016 2011 3069 2066 in
3114 2010 3307 2067 sarcula
3346 2010 3691 2065 sreculorum.

2114 2115 2304 2169 Amen.

436 2297 3690 2372 _______________________._.________._______———————.————

1695 2395 2041 2466 HOMILIA
2084 2380 2384 2449 XXVlII.

433 2572 518 2625 Π.
561 2567 680 2623 Non
702 2568 833 2623 enim
873 2566 1007 2619 misit
1055 2562 1194 2616 Deus
1239 2558 1431 2614 Filium
1471 2570 1616 2610 suum
1656 2552 1710 2605 in
1748 2545 2010 2607 mundum,

504 2672 558 2715 ut
573 2660 770 2733 judicet
798 2657 1059 2722 mundum,
1083 2655 1171 2710 sed
1192 2661 1249 2706 ut
1275 2649 1467 2706 salvum
1492 2646 1644 2717 faciat
1671 2639 1935 2695 mundum.

506 2730 749 2810 L-Multi
777 2765 845 2806 ex
864 2747 1219 2818 segnioribus,
1253 2742 1318 2798 ad
1351 2748 1566 2811 peccata
1610 2730 2009 2804 multiplicando

436 2854 484 2901 et
516 2842 891 2915 negligentiam
924 2838 1218 2910 augendam
1246 2834 1424 2889 divina
1454 2830 1738 2885 abutentes
1772 2824 2011 2879 clemen-

437 2940 526 3001 tia,
558 2912 627 2992 ita
657 2912 982 3005 loquuntur:
1012 2929 1160 2985 Nulla
1187 2934 1267 2981 est
1291 2924 1555 2996 gehenna,
1586 2919 1787 2973 nullum
1809 2912 2011 2983 suppli-

435 3031 597 3091 cium,
620 3025 796 3080 omnia
831 3023 970 3078 Deus
1015 3026 1227 3090 peccata
1276 3014 1518 3071 remittit.
1560 3009 1795 3079 Quorum
1843 3018 1903 3058 os
1934 3003 2011 3056 sic

436 3118 664 3174 obstruit
704 3114 916 3183 sapiens
968 3110 1181 3182 quidam
1215 3125 1229 3161 :
1269 3105 1344 3159 Ne
1390 3104 1567 3167 dicas,
1619 3098 1880 3152 Miseratio
1904 3094 2012 3164 ejus

439 3228 640 3283 magna,
671 3205 1009 3263 multitudinis
1044 3210 1359 3271 peccatorum
1394 3210 1614 3249 meorum
1655 3188 1968 3243 miserebitur
1994 3199 2013 3238 :

439 3304 560 3372 quia
586 3297 932 3354 misericordia
976 3305 1018 3347 et
1047 3295 1124 3347 ira
1150 3290 1288 3360 apud
1316 3290 1499 3357 ipsum,
1531 3293 1575 3339 et
1603 3297 1755 3351 super
1786 3285 2017 3349 peccato—

440 3369 520 3452 res
538 3396 728 3449 ardebit
758 3397 904 3465 furor
932 3392 1039 3461 ejus
1088 3390 1107 3459 (
1138 3386 1296 3441 Eccli.
1329 3386 1381 3440 5.
1425 3382 1535 3451 6);
1584 3387 1638 3434 et
1668 3388 1875 3431 rursum
1902 3415 1916 3435 ,
1950 3369 2016 3424 Ut

441 3487 600 3541 multa
622 3461 964 3540 misericordia
988 3482 1116 3553 ejus,
1138 3488 1182 3533 et
1204 3477 1362 3531 multa
1382 3471 1671 3542 retlargutio
1698 3469 1807 3538 ejus
1829 3461 2015 3535 (Eccli.

443 3581 530 3637 t6.
556 3581 665 3651 t3).
689 3579 759 3635 Et
780 3577 889 3644 ubi,
918 3576 1146 3645 inquies,
1174 3570 1472 3640 benignitas
1498 3565 1636 3634 ejus,
1665 3561 1708 3615 si
1727 3557 2017 3615 secundum

446 3642 779 3744 peccatorum
801 3642 1100 3725 nostrorum
1126 3662 1314 3717 merita
1330 3655 1598 3725 accepturi
1614 3650 1840 3706 sumus?
1869 3642 2019 3712 Quod

445 3764 736 3822 secundum
763 3759 951 3815 merita
989 3753 1261 3825 accepturi
1309 3752 1507 3812 simus,
1555 3743 1674 3798 audi
1704 3740 2018 3813 prophetam

447 3867 500 3913 et
529 3854 751 3911 Paulum
777 3853 1076 3912 dicentem;
1110 3845 1255 3899 illum
1272 3840 1507 3913 quidem.
1532 3835 1609 3890 Tu
1629 3832 1807 3888 reddes
1824 3827 2024 3883 unicui-

447 3965 541 4018 que
566 3944 844 4001 secundum
867 3956 1018 4009 opera
1039 3953 1131 3992 sua
1152 3932 1325 4005 (Psal.
1357 3930 1444 3986 6|.
1478 3927 1568 3996 15)
1592 3943 1606 3991 ;
1651 3924 1791 3978 hunc
1819 3928 2018 3983 autem,

452 4011 551 4106 Qui
576 4037 747 4092 reddet
768 4033 1034 4103 unicuique
1059 4027 1331 4085 secundum
1353 4039 1480 4093 Opus
1503 4036 1650 4074 suum
1669 4016 1843 4088 (Rom.
1871 4013 1921 4066 ἓ.
1942 4011 2016 4083 6).

455 4127 605 4196 Quod
635 4137 814 4182 autem
845 4121 1191 4177 nihilominus
1219 4129 1407 4186 magna
1454 4113 1523 4168 sit
1569 4109 1660 4164 Dei
1713 4103 2018 4166 clementia,

451 4221 535 4277 vel
563 4219 689 4274 hinc
718 4216 889 4287 palam
934 4220 1037 4277 est,
1064 4209 1205 4282 quod
1257 4223 1378 4263 cum
1409 4205 1460 4259 in
1492 4205 1624 4257 vitas
1667 4201 1800 4255 duas
1844 4205 2023 4252 nostra

453 4313 594 4368 Deus
620 4308 880 4373 diviserit,
911 4306 1068 4360 aliam
1090 4299 1467 4362 certaminum,
1492 4296 1650 4349 aliam
1680 4304 2021 4351 coronarum,

452 4402 794 4460 multamhac
847 4401 898 4455 in
926 4416 983 4453 re
1029 4410 1238 4468 quoque
1278 4389 1654 4459 benignitatem
1704 4382 2024 4438 exhibuerit.

452 4493 770 4563 Quomodo?
797 4492 929 4558 Quia
958 4497 1235 4559 postquam
1264 4487 1541 4540 innumera
1570 4484 1784 4548 peccata
1806 4472 2027 4528 admisi-

455 4600 593 4652 mus,
620 4598 719 4640 nec
738 4582 1065 4638 ceSSavimus
1093 4594 1121 4633 a
1141 4578 1420 4648 juventute
1442 4572 1509 4626 ad
1541 4580 1833 4625 extremam
1864 4576 2031 4633 usque

456 4686 786 4736 senectutem
832 4673 1122 4730 sceleribus
1170 4670 1401 4724 animam
1460 4673 1693 4719 nostram
1733 4658 2026 4728 inquinare,

454 4771 623 4825 nullas
649 4780 836 4824 eorum
863 4775 1052 4834 poenas
1079 4767 1305 4830 repetat,
1330 4756 1424 4812 sed
1455 4770 1549 4825 per
1575 4754 1843 4807 lavacrum
1875 4762 2030 4816 rege-

456 4858 749 4915 nerationis
776 4853 987 4911 veniam
1014 4850 1308 4915 concedat,
1335 4849 1441 4903 imo
1459 4845 1718 4916 justitiam
1747 4849 1802 4895 ct
1830 4839 2030 4894 sancti-

458 4952 759 5007 ficationem
789 4945 1097 5017 elargiatur.
1142 4940 1280 5008 Quid
1310 4954 1459 5010 ergo,
1491 4937 1701 5008 inquies
1721 4975 1734 5000 ,
1772 4933 1814 4987 si
1855 4932 1974 5002 quis
2003 4944 2033 4983 a

458 5044 622 5113 prima
652 5049 813 5097 aetate
856 5035 1126 5111 mysteriis
1171 5034 1438 5104 dignatus,
1473 5039 1594 5101 post
1634 5029 1749 5082 hinc
1796 5025 1849 5080 in
1893 5022 2036 5078 mille

457 5145 671 5207 peccata
702 5133 943 5188 incidat?
974 5130 1070 5184 ilic
1101 5136 1248 5183 certe
1279 5124 1465 5193 majori
1506 5122 1773 5176 obnoxius
1800 5130 1881 5172 est
1903 5131 2033 5184 sup-

459 5232 637 5301 plicio.
667 5228 996 5285 Eorumdem
1022 5225 1163 5280 enim
1189 5231 1531 5293 peccatorum
1565 5233 1669 5271 non
1712 5231 1866 5286 pares
1910 5215 2036 5268 sub-

460 5327 595 5377 imus
619 5336 826 5393 pteuas,
851 5319 945 5374 sed
972 5318 1127 5386 longe
1152 5314 1443 5386 graviores,
1475 5312 1521 5365 si
1547 5317 1826 5380 postquam
1847 5306 2037 5361 initiati

460 5432 664 5478 sumus,
719 5415 772 5469 in
823 5413 1026 5467 scelera
1071 5409 1293 5462 ruimus.
1328 5405 1382 5459 Id
1426 5402 1688 5474 signiﬁcat
1729 5401 1921 5455 Paulus
1958 5399 2040 5452 his

459 5508 638 5566 verbis
669 5522 685 5559 :
720 5504 924 5559 Irritam
947 5503 1136 5573 faciens
1161 5501 1270 5569 quis
1292 5499 1447 5568 legem
1485 5495 1662 5560 Musis,
1689 5495 1796 5548 sine
1815 5493 1921 5546 ulla
1944 5494 2041 5545 mi-

461 5602 715 5656 seratione
759 5595 951 5650 duobus
1002 5593 1076 5647 vel
1130 5593 1285 5643 tribus
1337 5588 1539 5642 testibus
1582 5585 1792 5641 moritur
1821 5594 2041 5655 :qaanto

467 5695 628 5761 inagis
657 5688 843 5759 putatis
862 5687 1104 5741 deteriora
1127 5685 1304 5737 mereri
1339 5682 1586 5751 supplicia
1609 5681 1695 5748 qui
1728 5679 1921 5733 Filium
1950 5678 2042 5731 Dei

469 5779 866 5843 conculcaverit,
898 5788 941 5830 et
985 5778 1274 5848 sanguinem
1326 5773 1601 5828 testamenti
1650 5771 1899 5841 pollutum
1950 5770 2044 5821 du-

2117 2526 2265 2590 xerit,
2292 2533 2338 2577 et
2364 2520 2541 2590 gratiae
2567 2515 2792 2587 Spiritus
2817 2513 3171 2568 contumeliam
3198 2511 3372 2581 fecerit
3396 2510 3580 2584 (Hebr.
3634 2510 3699 2565 ιο

2113 2615 2204 2670 28.
2232 2611 2365 2682 ‘29)?
2403 2611 2544 2678 Ergo
2567 2605 2753 2676 majori
2782 2604 2871 2659 ille
2894 2602 3087 2672 dignus
3111 2603 3211 2657 erit
3234 2601 3494 2671 supplicio
3526 2603 3565 2653 ⁸.

2187 2703 2371 2760 Christi
2409 2699 2694 2754 clementia.
2728 2695 2839 2749 Duo
2866 2693 3054 2750 Christi
3078 2694 3337 2748 adventus.
3369 2722 3437 2733 —
3471 2692 3700 2747 Verum-

2119 2807 2295 2852 tamen
2323 2794 2445 2848 huic
2473 2791 2797 2861 puenitentitn
2826 2794 3006 2858 portas
3034 2787 3261 2857 aperuit,
3294 2800 3358 2842 ac
3382 2785 3580 2840 multos
3610 2785 3705 2840 ab-

2118 2886 2300 2943 luendi
2329 2892 2543 2955 peccata
2575 2879 2762 2936 modos
2790 2878 3230 2944 subministravit,
3261 2879 3305 2932 si
3337 2877 3425 2933 ille
3449 2876 3702 2932 voluerit.

2117 2978 2332 3047 Cogites
2360 2974 2519 3029 velim
2551 2978 2747 3041 quanta
2773 2970 2880 3024 sint
2905 2967 3020 3023 bare
3048 2967 3347 3023 clementiae
3373 2975 3701 3037 arguments,

2119 3067 2261 3138 quod
2310 3081 2407 3136 per
2442 3064 2666 3136 gratiam
2710 3059 3011 3127 remiserit,
3050 3068 3105 3114 et
3143 3058 3285 3130 quod
3326 3067 3447 3129 post
3480 3058 3708 3128 gratiam

2120 3167 2457 3230 peccatorcm
2501 3153 2743 3223 supplicii
2772 3151 2987 3221 dignum
3019 3165 3122 3205 non
3154 3151 3373 3221 puniat,
3405 3150 3498 3205 sed
3527 3164 3712 3205 emen-

2119 3249 2354 3305 dationis
2405 3246 2633 3316 spatium
2680 3242 2960 3298 concedat.
3014 3241 3303 3312 PrOpterea
3354 3242 3427 3295 ait
3467 3239 3711 3296 Christus

2122 3339 2411 3394 Nicodemo
2443 3354 2456 3392 :
2489 3334 2609 3389 Non
2636 3334 2771 3388 misit
2804 3332 2940 3387 Deus
2971 3331 3163 3386 Filium
3188 3349 3337 3386 suum
3364 3333 3416 3385 in
3444 3331 3709 3394 mundum,

2122 3440 2176 3485 ut
2207 3430 2404 3497 judicet
2444 3425 2691 3480 mundum
2714 3463 2728 3487 ,
2756 3422 2845 3476 sed
2869 3431 2921 3476 ut
2945 3422 3101 3476 solvet
3131 3422 3394 3475 arandum.
3429 3422 3542 3475 Duo
3566 3420 3708 3475 enim

2122 3530 2245 3577 sunt
2282 3518 2478 3575 Christi
2512 3516 2804 3579 adventus;
2836 3513 2926 3583 qui
2963 3513 3073 3581 jam
3115 3512 3251 3579 fuit,
3283 3521 3337 3567 et
3373 3512 3462 3581 qui
3502 3511 3710 3566 futurus

2122 3619 2207 3666 est
2234 3628 2248 3665 :
2275 3608 2368 3665 sed
2397 3622 2505 3662 non
2534 3605 2722 3660 iisdem
2751 3602 2817 3658 de
2844 3603 3020 3657 causis
3056 3603 3250 3667 ambo;
3280 3601 3373 3658 sed
3402 3602 3547 3671 prior
3574 3599 3709 3667 fuit,

2080 3738 2086 3744 -
2125 3715 2230 3755 non
2275 3707 2333 3752 ut
2373 3696 2603 3751 facinora
2649 3700 2831 3747 nostra
2873 3690 3175 3755 examinet,
3211 3691 3306 3746 sed
3348 3700 3405 3746 ut
3440 3690 3709 3753 dimittat;

2126 3789 2392 3845 secundus
2420 3787 2541 3852 erit,
2569 3800 2673 3839 non
2700 3791 2758 3837 ut
2785 3782 3040 3847 dimittat,
3068 3780 3161 3836 sed
3189 3791 3243 3836 ut
3274 3782 3561 3836 examinet.
3590 3781 3713 3836 Ideo

2126 3880 2192 3934 de
2221 3880 2397 3950 priore
2424 3875 2637 3946 quidem
2665 3873 2794 3928 dicit
2818 3890 2831 3924 :
2858 3870 2978 3925 Non
2998 3871 3109 3925 veni
3127 3879 3180 3924 ut
3199 3871 3426 3940 judicem
3447 3856 3708 3934 mundum,

2126 3970 2213 4025 sed
2240 3981 2292 4022 ut
2318 3969 2507 4022 salvem
2533 3964 2809 4027 mundum;
2830 3962 2897 4016 de
2921 3960 3154 4015 secundo
3182 3970 3381 4025 autem,
3412 3961 3537 4014 Cum
3566 3976 3713 4014 vene-

2127 4062 2192 4113 rit
2220 4059 2387 4112 Filius
2428 4058 2481 4110 in
2510 4055 2671 4126 gloria
2701 4052 2872 4105 Patris
2915 4052 3027 4116 sui,
3065 4059 3246 4103 statuet
3291 4066 3402 4104 oves
3443 4049 3643 4118 quidem
3686 4068 3718 4103 a

2130 4150 2338 4212 dextris,
2361 4147 2531 4201 haedos
2559 4154 2725 4198 autem
2745 4160 2776 4195 a
2802 4141 3019 4196 sinistris
3041 4139 3252 4210 (Matth.
3276 4140 3367 4195 '25.
3393 4140 3480 4194 51.
3507 4141 3617 4210 55).
3654 4138 3718 4194 Et

2132 4240 2333 4294 abibunt
2357 4238 2446 4291 alii
2472 4236 2674 4306 quidem
2698 4234 2751 4286 in
2783 4234 2935 4285 vitam
2959 4271 2972 4295 ,
3000 4232 3092 4284 alii
3120 4232 3171 4283 in
3198 4231 3504 4301 supplicium
3528 4234 3717 4302 sempi-

2134 4339 2327 4383 ternum
2360 4326 2521 4398 (Ibid.
2552 4340 2600 4377 υ.
2633 4320 2747 4391 :16).
2780 4321 2939 4390 Atqui
2972 4321 3118 4388 prior
3147 4321 3305 4374 ctiam
3346 4321 3606 4376 adventus
3630 4323 3718 4392 ju-

2132 4420 2255 4475 dicii
2294 4427 2406 4473 erat
2440 4414 2732 4470 secundum
2768 4411 2990 4482 iustitia:
3035 4411 3317 4466 rationem.
3350 4413 3562 4478 Quare?
3588 4413 3720 4480 Quia

2135 4520 2257 4564 ante
2301 4508 2588 4562 adventum
2628 4505 2746 4573 ejus
2790 4504 2873 4557 lex
2919 4510 3036 4555 erat
3081 4502 3370 4568 naturalis,
3415 4503 3719 4572 prophetm,

2137 4614 2455 4669 rursumque
2490 4598 2571 4652 lex
2603 4597 2818 4665 scripta,
2851 4594 3114 4659 doctrina,
3145 4594 3290 4649 mille
3318 4596 3720 4664 promissiones,

2137 4692 2316 4762 signa,
2359 4689 2617 4760 supplicia
2638 4728 2653 4755 ,
2684 4698 2740 4742 et
2777 4687 2879 4739 alia
2913 4685 3073 4739 multa
3094 4725 3110 4753 ,
3140 4701 3259 4755 quae
3295 4696 3515 4756 possent
3540 4704 3725 4742 cmen-

2142 4784 2299 4849 dare;
2331 4796 2556 4852 quorum
2589 4781 2723 4835 ratio
2756 4779 2973 4832 omnino
3004 4777 3264 4849 exigenda
3292 4788 3409 4834 erat
3431 4822 3447 4847 ,
3480 4780 3571 4834 sed
3602 4780 3722 4849 quia

2139 4876 2375 4930 clemens
2406 4881 2520 4937 est,
2564 4887 2667 4926 non
2713 4884 2935 4925 examen
2962 4910 2976 4933 ,
3018 4868 3111 4923 sed
3152 4870 3361 4924 veniam
3403 4870 3640 4924 exhibet.
3670 4870 3725 4924 Si

2140 4969 2280 5022 enim
2314 4963 2749 5035 perquisitionem
2781 4960 3026 5024 fecisset,
3054 4976 3241 5016 omnes
3272 4961 3426 5030 plane
3454 4961 3521 5014 de
3551 4960 3727 5016 medio

2143 5056 2333 5111 sublati
2369 5055 2589 5108 fuissent
2623 5070 2636 5106 :
2668 5050 2852 5105 Omnes
2884 5050 3018 5105 enim
3047 5060 3375 5118 peccaverunt
3398 5091 3412 5110 ,
3447 5050 3652 5118 inquit,
3682 5063 3728 5104 et

2144 5156 2285 5216 egent
2323 5146 2488 5215 gloria
2526 5142 2623 5196 Dei
2653 5143 2669 5208 (
2696 5141 2843 5194 Rom.
2878 5141 2931 5194 5.
2959 5139 3085 5209 ‘25).
3122 5139 3280 5194 Vides
3320 5153 3579 5193 summam
3620 5140 3730 5195 cle-

2146 5236 2437 5292 mentiam?
2466 5235 2548 5290 18.
2576 5234 2675 5299 Qui
2701 5234 2857 5287 credit
2883 5233 2935 5285 in
2958 5231 3005 5284 F
3007 5231 3173 5295 ilium,
3204 5246 3304 5283 non
3323 5229 3590 5300 judicatur
3609 5249 3628 5288 :
3648 5237 3732 5303 qui

2147 5340 2310 5384 autem
2338 5346 2435 5382 non
2463 5329 2639 5391 credit,
2664 5328 2777 5396 jam
2803 5325 3061 5395 judicatus
3091 5333 3181 5376 est.
3213 5323 3372 5393 Atqui
3400 5325 3441 5377 si
3473 5335 3595 5380 tunc
3626 5343 3728 5379 non

2149 5424 2292 5476 venit
2324 5431 2378 5475 ut
2401 5420 2661 5490 judicaret
2689 5416 2967 5479 mundum,
2995 5414 3262 5485 quomodo
3288 5416 3372 5485 qui
3405 5432 3506 5471 non
3536 5418 3731 5481 credit,

2144 5513 2251 5579 jam
2280 5511 2544 5580 judicatus
2569 5516 2684 5572 est,
2716 5507 2760 5560 si
2790 5503 3023 5560 nondum
3066 5504 3217 5560 adest
3257 5506 3440 5576 judicii
3484 5513 3731 5578 tempus!

2156 5604 2246 5657 Vel
2283 5603 2381 5655 hoc
2410 5600 2573 5665 dicit,
2611 5597 2732 5667 quia
2761 5596 2873 5665 ipsa
2903 5593 3248 5651 incredulitas
3277 5599 3392 5654 sine
3424 5599 3730 5668 paenitentia

2152 5717 2229 5838 με
2271 5713 2429 5823 hilaro].
2470 5712 2631 5769 habet,
2660 5717 2782 5771 Ergo
2813 5704 3020 5759 severius
3044 5709 3264 5771 punietur
3290 5709 3373 5771 qui
3405 5720 3505 5771 post
3526 5708 3728 5771 gratiam

2170 5814 2177 5821 ι
2200 5790 2293 5825 ‘t't'Jl
2321 5810 2329 5820 .

2170 5790 2329 5825 M‘t't'ill.
