4068 6136
365 389 468 452 163

368 509 684 580 supplicium
709 511 821 567 est;
849 519 966 555 nam
994 513 1141 555 extra
1169 501 1338 554 lucem
1361 515 1479 554 esse
1502 515 1596 568 per
1617 515 1672 552 se
1696 514 1942 567 maguum

370 609 454 654 est.
482 595 794 667 supplicium
831 609 842 646 :
875 593 956 646 vel
1001 593 1174 645 futura
1218 593 1554 659 prtennntiat.
1589 588 1948 654 Quemadmo-

370 692 495 744 dum
529 690 669 744 enim
700 686 984 750 homicida,
1017 685 1134 738 licet
1163 683 1422 736 sententia
1450 681 1644 752 jndicis
1671 681 1951 734 damnatus

373 798 474 832 non
508 782 597 844 sit,
628 781 741 849 ipsa
771 781 843 833 rei
875 788 1058 831 natura
1089 777 1196 844 jam
1229 775 1509 829 damnatus
1537 785 1618 828 est
1650 791 1662 826 :
1692 775 1768 828 sic
1794 782 1845 828 et
1873 775 1950 826 in-

370 870 635 924 credulus.
671 868 1106 937 Quandoquidem
1139 867 1305 919 Adam
1335 881 1434 935 qua
1463 866 1549 919 die
1576 864 1642 918 de
1682 865 1824 933 ligno
1853 880 1947 919 co-

370 959 554 1023 medit,
587 968 829 1011 mortuus
853 966 932 1010 est
961 976 974 1011 ;
1001 957 1086 1010 illa
1116 957 1312 1024 quippe
1341 956 1602 1008 sententia
1625 965 1736 1008 erat
1771 973 1782 1006 :
1814 955 1952 1020 Qua-

366 1065 576 1114 cumque
603 1048 684 1100 die
727 1046 1042 1100 comederitis
1072 1046 1133 1098 de
1171 1045 1307 1114 ligno
1331 1087 1345 1110 ,
1390 1045 1667 1097 moriemini
1694 1045 1709 1105 ί
1734 1042 1860 1097 Gen.
1892 1042 1947 1097 2.

369 1140 479 1209 l7).
505 1141 664 1208 Atqui
695 1137 928 1192 vivebat.
955 1137 1231 1203 Quomodo
1254 1138 1412 1205 igitur
1433 1148 1674 1189 mortuus
1696 1135 1848 1190 erat?
1872 1135 1949 1190 Ex

366 1228 651 1290 sententia,
684 1239 735 1280 ct
764 1243 826 1280 ex
859 1228 967 1294 ipsa
997 1227 1075 1279 rei
1102 1237 1308 1280 natura.
1340 1227 1468 1278 Nam
1492 1227 1580 1294 qui
1610 1242 1667 1279 se
1692 1227 1950 1298 supplicio

368 1320 655 1375 obnoxium
705 1318 964 1383 reddidit,
1008 1318 1105 1370 sub
1147 1318 1408 1385 supplicio
1449 1326 1561 1382 est;
1594 1317 1802 1371 etiamsi
1844 1333 1948 1371 non

371 1413 562 1481 reipsa,
593 1410 684 1465 sed
715 1427 778 1464 ex
807 1410 1090 1464 sententia.
1122 1409 1198 1463 Ne
1223 1409 1340 1478 quis
1367 1409 1507 1463 enim
1549 1408 1791 1474 audiens,
1828 1407 1949 1462 Non

368 1507 479 1558 veni
505 1515 557 1558 ut
573 1503 803 1575 judicent
836 1503 1098 1567 mundum,
1131 1519 1188 1558 se
1216 1511 1364 1571 putet
1393 1503 1607 1571 impune
1636 1517 1792 1571 posse
1822 1517 1947 1571 pec-

366 1612 512 1663 care,
537 1595 768 1664 hincque
791 1595 1142 1665 negligentior
1170 1594 1379 1658 evadat,
1410 1591 1548 1646 hanc
1572 1607 1785 1662 quoque
1813 1592 1951 1646 tollit

369 1685 651 1756 ignaviam,
684 1685 889 1748 dicens,
914 1682 1034 1736 Iam
1055 1684 1311 1752 judicatus
1341 1692 1432 1736 est.
1483 1683 1614 1747 Quia
1645 1683 1784 1737 enim
1809 1681 1950 1751 judi-

369 1781 505 1832 cium
531 1779 763 1832 futurum
791 1775 1023 1830 nondum
1053 1784 1292 1840 venerat,
1321 1775 1562 1843 supplicii
1592 1774 1833 1828 timorem
1857 1773 1951 1826 ad-

367 1879 587 1934 movet,
612 1881 666 1922 et
708 1869 1037 1937 punitionem
1073 1868 1182 1934 jam
1222 1866 1452 1920 ostendit
1483 1884 1494 1918 :
1524 1866 1574 1919 id
1601 1865 1740 1935 quod
1775 1865 1950 1919 multa:

367 1967 451 2012 est
481 1957 823 2027 benignitatis
848 1998 862 2022 ,
897 1972 1002 2009 non
1044 1955 1203 2009 modo
1245 1954 1439 2011 Filium
1467 1953 1594 2008 dare
1620 1995 1632 2016 ,
1666 1954 1757 2008 sed
1789 1955 1948 2008 etiam

365 2051 610 2120 supplicii
643 2059 852 2118 tempus
875 2047 1088 2103 differre
1112 2089 1126 2112 ,
1159 2056 1217 2100 ut
1243 2048 1445 2116 possint
1474 2056 1753 2115 peccantes
1781 2053 1836 2101 et
1864 2048 1949 2099 'm-

365 2143 568 2197 creduli
599 2153 814 2211 peccala
842 2157 936 2196 sua
967 2140 1204 2195 abluere.
1230 2138 1328 2204 Qui
1349 2139 1505 2191 credit
1531 2139 1582 2190 in
1605 2137 1652 2190 F
1656 2139 1818 2200 ilium,
1848 2154 1948 2191 non

359 2234 643 2304 judicatur.
673 2234 772 2301 Qui
817 2232 1025 2298 credit,
1057 2248 1163 2286 non
1195 2232 1283 2300 qui
1321 2231 1531 2286 curiose
1572 2230 1828 2300 inquirit;
1860 2230 1948 2299 qui

367 2326 559 2390 credit,
589 2341 693 2378 non
725 2326 813 2394 qui
846 2324 1067 2378 multum
1110 2332 1397 2377 scrutatur.
1429 2322 1563 2389 Quid
1601 2337 1746 2391 ergo,
1776 2322 1818 2374 si
1845 2321 1948 2374 im.

367 2435 496 2488 pura
523 2419 639 2484 ejus
667 2417 769 2470 vita
801 2418 888 2482 sit,
915 2429 968 2470 et
993 2425 1139 2486 gesta
1171 2429 1278 2468 non
1307 2415 1479 2469 bona?
1508 2414 1613 2467 llos
1640 2415 1818 2482 utique
1845 2429 1947 2467 non

370 2525 492 2564 vere
512 2509 693 2562 fideles
708 2522 826 2562 esse
849 2507 1044 2560 l’aulus
1067 2505 1139 2559 ait
1164 2524 1176 2558 :
1198 2503 1513 2573 Conﬁtentur
1529 2520 1582 2558 se
1602 2520 1746 2556 nosse
1766 2503 1946 2568 Deum,

369 2600 515 2670 [actis
540 2607 706 2652 autent
736 2608 918 2667 negant
953 2597 1086 2667 (Tit.
1126 2599 1176 2650 l.
1211 2597 1331 2667 l6).
1362 2596 1623 2650 lecrum
1663 2594 1748 2649 hic
1775 2594 1952 2649 decla-

369 2701 485 2756 rat,
533 2693 678 2759 ipsos
717 2707 820 2744 non
867 2691 965 2744 hac
1003 2689 1068 2744 de
1108 2705 1166 2743 re
1191 2688 1457 2757 judicari;
1500 2688 1592 2741 sed
1619 2689 1688 2742 ob
1718 2687 1948 2742 facinora

368 2784 597 2852 graviori
646 2783 847 2836 ultione
895 2781 1190 2850 puniendos
1240 2796 1359 2835 esse
1401 2797 1414 2834 :
1455 2780 1779 2834 infidelitatis
1822 2794 1950 2834 vero

369 2890 547 2936 causa,
577 2890 644 2928 eo
671 2875 808 2944 quod
840 2873 1178 2940 crediderint,
1210 2887 1312 2926 non
1347 2872 1539 2941 puniri.

440 2969 494 3022 2.
528 2967 712 3022 \‘iden’
733 2967 1000 3036 quomodo
1027 2982 1147 3020 cum
1179 2982 1206 3018 a
1237 2965 1561 3020 terribilibus
1589 2979 1743 3018 orsus
1771 2975 1945 3027 esset,

371 3062 422 3114 in
455 3058 640 3115 eadem
669 3075 850 3112 rursus
877 3058 1124 3112 desinat?
1154 3057 1306 3111 luitio
1332 3055 1526 3125 quippe
1551 3055 1760 3109 dicebat
1789 3073 1800 3106 :
1832 3053 1950 3108 Nisi

373 3151 481 3218 quis
510 3161 658 3202 natus
687 3151 834 3219 fuerit
864 3166 925 3202 ea:
954 3165 1082 3218 aqua
1111 3157 1156 3201 et
1185 3147 1404 3216 Spiritu,
1427 3163 1526 3199 non
1557 3146 1760 3198 intrabit
1789 3146 1841 3198 in
1868 3162 1949 3198 νει

367 3258 522 3310 gnum
553 3239 682 3305 Dei;
713 3240 797 3294 hic
823 3254 950 3294 vero
975 3252 1206 3303 rursum,
1235 3237 1334 3304 Qui
1360 3252 1457 3290 non
1481 3235 1634 3289 credit
1660 3237 1712 3288 in
1735 3235 1942 3298 Filium,

358 3335 472 3403 jam
505 3330 770 3401 judicatus
815 3340 918 3394 est;
950 3330 999 3384 id
1037 3339 1152 3394 est,
1193 3329 1271 3384 Ne
1307 3337 1460 3397 putes
1498 3344 1674 3382 moras
1719 3329 1950 3397 peccatis

366 3425 655 3479 obnoxium
679 3425 886 3493 juvare,
917 3424 1014 3477 nisi
1048 3424 1350 3493 resipucrit.
1380 3422 1510 3476 Nam
1534 3423 1622 3492 qui
1653 3439 1756 3476 non
1779 3422 1948 3476 credi-

365 3517 540 3581 derit,
573 3516 703 3570 nihil
739 3516 948 3570 differet
986 3515 1052 3568 ab
1091 3515 1168 3569 eis
1207 3515 1294 3584 qui
1331 3514 1439 3583 jam
1475 3513 1692 3582 judicati
1719 3521 1860 3566 sunt
1897 3523 1950 3566 et

366 3610 677 3675 puniuntur.
709 3607 796 3662 l9.
830 3606 942 3660 Hoc
967 3615 1037 3660 est
1067 3616 1233 3658 autem
1253 3606 1526 3675 judicium,
1555 3605 1674 3674 quia
1702 3605 1791 3658 lux
1818 3607 1948 3657 venit

363 3703 415 3752 in
446 3701 709 3765 mundum,
733 3709 778 3752 et
805 3699 1086 3753 dilexerunt
1116 3699 1340 3751 homines
1366 3699 1526 3766 magis
1553 3697 1776 3751 tenebras
1796 3715 1946 3768 quam

362 3795 521 3843 lucem
545 3805 564 3855 ;
597 3791 696 3844 hoc
726 3799 826 3853 est,
861 3789 985 3844 ideo
1023 3790 1330 3858 puniuntur,
1360 3790 1481 3858 quia
1515 3790 1760 3844 tenebras
1789 3790 1949 3844 relin-

360 3897 526 3948 quere
563 3890 616 3934 ct
656 3880 722 3934 ad
765 3881 936 3934 lucem
982 3893 1264 3934 accurrere
1303 3881 1606 3934 noluerunt.
1642 3880 1734 3934 llis
1770 3880 1945 3935 verbis

359 3989 573 4029 omnem
599 3974 666 4029 ab
694 3974 801 4027 illis
824 3974 996 4027 aufert
1025 3972 1444 4028 excusationem.
1476 3971 1606 4026 Nam
1639 3973 1681 4026 si
1714 3973 1946 4026 rationes

359 4077 413 4120 et
455 4079 638 4135 poenas
676 4066 1009 4135 expetiturus
1044 4065 1308 4119 venissem
1335 4105 1349 4128 ,
1381 4064 1585 4133 inquit,
1613 4063 1791 4118 dicere
1817 4079 1943 4134 pos-

357 4168 477 4211 sent
510 4175 522 4210 :
556 4156 680 4212 ldeo
723 4156 1048 4212 resiluimus.
1087 4155 1190 4210 Sed
1227 4155 1344 4209 veni
1389 4163 1446 4208 ut
1480 4154 1598 4208 illos
1637 4170 1664 4206 a
1708 4154 1943 4209 tenebris

355 4247 617 4316 eriperem
644 4288 659 4312 ,
690 4257 744 4303 et
771 4246 877 4301 luci
904 4247 1266 4301 admoverent.
1299 4245 1427 4312 Quis
1456 4259 1584 4315 ergo
1627 4245 1943 4299 misereatur

355 4341 503 4410 ejus,
531 4341 620 4410 qui
657 4355 686 4394 a
720 4341 952 4395 tenebris
989 4339 1055 4394 ad
1098 4339 1274 4394 lucem
1308 4338 1489 4392 venire
1528 4336 1778 4390 recusat?
1805 4337 1939 4390 Cum

353 4430 496 4483 enim
540 4430 685 4483 nulla
715 4429 782 4483 de
817 4445 876 4483 re
916 4443 1013 4482 nos
1052 4429 1296 4481 incusare
1340 4426 1580 4495 possint,
1614 4426 1816 4495 inquit,
1846 4426 1938 4480 sed

355 4521 500 4574 mille
528 4519 799 4574 beneficiis
830 4519 936 4571 sint
963 4517 1162 4580 allecti,
1195 4532 1222 4568 a
1255 4516 1409 4569 nobis
1447 4515 1706 4568 resiliunt.
1739 4516 1847 4572 [lac
1873 4516 1938 4570 de

356 4626 414 4664 re
436 4624 648 4678 quoque
678 4608 798 4660 illos
822 4607 948 4659 alibi
975 4620 1229 4660 accusans
1249 4604 1480 4666 dicebat,
1507 4603 1640 4657 Odia
1661 4604 1938 4659 habuerunt

355 4719 433 4756 me
459 4701 656 4772 gratis;
683 4707 736 4752 et
760 4711 990 4763 rursum,
1016 4697 1075 4751 Si
1102 4713 1201 4749 non
1229 4696 1466 4748 venissem
1492 4704 1537 4748 et
1563 4695 1793 4764 loquutus
1815 4696 1942 4766 fuis-

353 4810 456 4849 sem
496 4792 566 4845 eis
589 4833 603 4856 ,
638 4798 896 4859 peccatum
934 4805 1036 4842 non
1074 4787 1305 4841 haberent
1337 4785 1526 4857 (Joan.
1563 4787 1648 4842 15.
1680 4786 1769 4840 25.
1810 4786 1934 4857 24).

351 4887 452 4953 Qui
479 4883 621 4940 enim
645 4896 837 4953 expers
864 4881 1000 4935 lucis
1029 4881 1081 4935 in
1116 4879 1348 4934 tenebris
1374 4878 1554 4943 sedet,
1589 4877 1812 4932 fortasse
1842 4893 1936 4933 ve-

353 4979 494 5032 niani
521 4976 770 5044 impetret
793 4989 807 5038 ;
835 4973 923 5042 qui
951 4987 1077 5026 vero
1099 4979 1217 5041 post
1243 4969 1375 5024 lucis
1401 4969 1684 5023 adventum
1708 4969 1759 5022 in
1787 4977 1935 5024 tene-

351 5071 458 5124 bris
487 5066 719 5134 residet,
753 5078 1018 5136 perversa:
1055 5071 1109 5118 et
1144 5061 1440 5131 pervicacis
1468 5061 1750 5115 voluntatis
1777 5075 1934 5129 argu-

351 5171 587 5216 mentum
630 5175 740 5230 pra:
780 5173 839 5213 se
882 5156 1004 5212 fert.
1053 5153 1255 5210 Deinde
1289 5153 1411 5222 quia
1453 5152 1503 5206 id
1547 5152 1689 5222 quod
1731 5150 1932 5207 dictum

350 5258 522 5307 fuerat
545 5253 724 5308 multis
753 5250 1062 5306 incredibile
1090 5247 1370 5301 videbatur
1405 5245 1590 5315 (nemo
1615 5245 1756 5299 enim
1784 5252 1932 5298 tene-

349 5344 473 5398 bras
503 5343 607 5396 luci
645 5341 974 5411 praetulerit),
1005 5322 1394 5406 causam'ponit
1420 5351 1515 5390 cur
1539 5335 1617 5389 sic
1643 5333 1814 5389 allecti
1841 5349 1930 5388 cs-

347 5443 484 5489 scnt.
519 5434 770 5500 Quantam
813 5434 924 5487 lucc
965 5432 1087 5489 est?
1127 5429 1291 5484 Erant
1329 5429 1490 5492 enim,
1524 5427 1727 5497 inquit,
1759 5444 1930 5480 eorum

347 5527 484 5579 mala
512 5539 684 5594 Opera.
714 5521 804 5577 ΞΟ.
837 5522 1012 5575 Omnis
1039 5531 1205 5576 autent
1244 5520 1328 5588 qui
1371 5518 1502 5572 male
1526 5518 1683 5588 facit,
1709 5517 1814 5570 odit
1845 5517 1929 5569 lu-

348 5634 452 5670 cem
473 5657 488 5682 ,
521 5625 566 5669 et
602 5631 700 5668 non
743 5614 874 5667 venit
913 5613 979 5665 ad
1022 5615 1216 5680 lucem,
1247 5623 1300 5666 ut
1342 5629 1441 5666 nou
1470 5621 1748 5681 arguantur
1777 5627 1929 5678 opera

343 5709 476 5775 ejus.

423 5797 574 5855 Praei
607 5814 765 5852 mores
796 5796 1010 5850 maxime
1045 5794 1267 5849 homines
1303 5813 1332 5848 a
1358 5795 1737 5850 Clwistianisma
1779 5790 1918 5845 avch-

1039 386 1093 442 S.
1135 381 1412 442 JUANNIS
1450 352 1919 440 CllltYSOSTUMl
1961 377 2274 439 AliClllEP.
2315 343 2842 441 CONS'I‘AN'I'INOP.

3547 393 3644 448 lii-5

2065 507 2193 550 tum.
2227 497 2416 552 Nullus
2443 516 2670 569 paganus
2700 516 2812 553 vera
2843 499 3023 553 virtute
3048 500 3307 569 prwditus.
3342 499 3647 570 Philosophi

2059 590 2264 659 gentiles
2283 591 2446 644 inanis
2467 591 2642 661 gloria:
2655 607 2809 644 causa
2825 592 3052 643 virtutem
3075 591 3389 646 exercebant.
3410 622 3476 630 —
3489 592 3648 648 Certe

2059 697 2164 735 non
2192 682 2256 735 ad
2284 682 2626 750 judicandum
2657 683 2740 736 vel
2766 682 2830 736 ad
2858 683 3228 752 inquirendum
3257 685 3432 749 venit;
3461 686 3554 740 sed
3592 697 3648 741 ut

2059 776 2266 827 veniam
2295 784 2348 827 et
2373 775 2741 828 remissionem
2772 766 3110 844 peccatorum
3137 775 3308 837 daret.
3339 787 3392 830 et
3417 777 3645 832 salutem
3731 831 3734 834 .

2058 880 2151 933 per
2180 864 2334 918 fidem
2367 865 2663 933 largiretur.
2691 866 2796 920 Cur
2824 881 2954 935 ergo
2980 865 3293 932 fugerunt“!
3319 872 3452 925 Nam
3485 869 3526 921 si
3555 868 3644 936 ju-

2058 955 2326 1008 dicaturus
2355 955 2406 1007 in
2439 955 2684 1009 tribunali
2727 955 2991 1019 sedisset,
3027 957 3254 1024 aliquem
3285 962 3646 1014 excusationis

2057 1049 2291 1101 Colorem
2319 1046 2647 1102 habuissent.
2679 1048 2779 1115 Qui
2815 1048 2956 1102 enim
2986 1050 3246 1102 malorum
3275 1050 3376 1104 sibi
3399 1053 3644 1107 conscius

2056 1149 2136 1191 est
2162 1181 2174 1198 ,
2200 1138 2434 1207 judiccm
2467 1139 2649 1208 fugere
2691 1139 2829 1194 solet
2858 1159 2870 1193 :
2898 1141 3107 1193 veniam
3140 1149 3318 1195 autem
3343 1144 3649 1199 conceden-

2060 1242 2162 1284 tem
2197 1241 2502 1300 peccatores
2535 1245 2721 1286 omnes
2757 1231 2972 1286 adeunt.
3003 1232 3056 1285 Si
3091 1248 3219 1302 ergo
3245 1233 3642 1289 condonaturus

2057 1323 2224 1388 venit,
2254 1322 2353 1376 hos
2383 1324 2613 1378 maxime
2642 1338 2924 1379 accurrere
2953 1340 3049 1394 par
3079 1333 3211 1391 erat,
3241 1325 3329 1393 qui
3357 1325 3640 1384 multorum

2055 1415 2155 1468 sibi
2187 1416 2385 1470 conscii
2417 1425 2568 1470 erant
2599 1426 2936 1484 peccatorum
2969 1434 2982 1469 :
3015 1416 3154 1484 quod
3185 1417 3345 1471 etiam
3383 1418 3530 1472 inulti
3561 1419 3640 1472 fe-

2055 1515 2259 1560 cerunt.
2302 1507 2432 1559 Nam
2479 1516 2534 1560 et
2574 1507 2838 1576 publicani
2884 1518 2938 1562 et
2986 1515 3292 1576 peccatores
3329 1508 3597 1564 venientes
3623 1553 3636 1575 ,

2055 1611 2175 1650 cum
2206 1597 2328 1652 Jesu
2357 1598 2761 1652 accumbebant.
2793 1598 2930 1666 Quid
2958 1613 3086 1668 ergo
3111 1599 3210 1652 sibi
3242 1599 3354 1653 vult
3382 1600 3544 1655 illud?
3568 1603 3641 1656 De

2056 1686 2160 1741 illis
2189 1687 2424 1756 loquitur
2449 1688 2539 1756 qui
2577 1689 2629 1742 in
2671 1689 2907 1758 nequitia
2945 1691 3162 1744 omnino
3203 1705 3517 1759 permanere
3547 1693 3640 1746 de-

2055 1788 2358 1833 creverunt.
2383 1779 2501 1847 Ipse
2524 1794 2753 1848 namque
2783 1779 2904 1834 ideo
2934 1782 3074 1836 venit
3097 1822 3111 1847 ,
3138 1790 3193 1835 ut
3221 1784 3396 1850 priora
3425 1795 3636 1852 peccata

2055 1867 2387 1936 dimitteret,
2431 1879 2485 1924 ct
2520 1870 2586 1924 ad
2626 1869 2803 1924 futura
2843 1872 3078 1926 cavenda
3118 1874 3473 1928 confirmaret.
3505 1876 3636 1942 Quia

2056 1974 2183 2013 vero
2222 1959 2436 2028 quidam
2480 1969 2603 2014 sunt
2638 1960 2708 2014 ita
2745 1961 2934 2016 molles
2962 1971 3016 2016 et
3047 1962 3286 2018 dissoluti
3327 1964 3395 2017 ad
3431 1966 3640 2019 virtutis

2055 2051 2393 2106 sustinendos
2433 2052 2641 2107 labores
2667 2095 2680 2117 ,
2711 2063 2767 2106 ut
2801 2052 2864 2106 ad
2893 2063 3190 2108 extremum
3221 2069 3387 2124 usque
3418 2055 3636 2110 halitum

2055 2144 2218 2198 velint
2245 2145 2296 2197 in
2328 2145 2558 2211 peccatis
2580 2145 2884 2212 persistere,
2910 2154 2964 2199 et
2992 2162 3276 2215 numquam
3303 2147 3371 2201 ab
3398 2148 3498 2203 illis
3518 2149 3640 2203 abs-

2056 2236 2248 2288 cedere
2271 2276 2286 2300 ,
2318 2234 2438 2288 illos
2467 2235 2552 2289 hic
2582 2236 2851 2290 incessere
2880 2237 3106 2290 videtur.
3137 2238 3268 2304 Quia
3309 2239 3451 2292 enim
3481 2239 3637 2293 Chri-

2053 2327 2366 2381 stianismus
2391 2342 2510 2382 cum
2542 2339 2684 2383 recta
2711 2329 2952 2384 doctrina
2983 2331 3202 2399 probam
3233 2333 3391 2386 vitam
3417 2335 3632 2404 expetit,

2053 2417 2120 2470 ad
2150 2432 2248 2471 nos
2273 2419 2460 2472 venire
2491 2418 2812 2486 formidant,
2853 2421 3059 2490 inquit,
3096 2423 3215 2492 quia
3261 2423 3448 2478 nolunt
3478 2426 3636 2478 vitam

2053 2517 2252 2563 rectam
2294 2508 2568 2564 exhibere.
2610 2510 2739 2564 Nam
2777 2526 2898 2565 eum
2936 2513 3025 2581 qui
3065 2513 3116 2567 in
3155 2515 3429 2583 gentilium
3455 2531 3644 2573 errore

2053 2597 2215 2652 vitam
2242 2597 2386 2653 ducit
2412 2615 2571 2654 nemo
2598 2600 3004 2670 reprehenderit
3029 2620 3043 2657 :
3069 2603 3157 2673 qui
3183 2604 3325 2658 enim
3354 2606 3484 2660 tales
3513 2609 3640 2662 colit

2053 2688 2185 2744 deos
2209 2731 2224 2755 ,
2263 2691 2427 2746 festos
2453 2688 2568 2746 dies
2599 2693 2817 2761 perinde
2857 2705 3040 2763 turpes
3069 2706 3120 2749 et
3159 2695 3412 2752 ridiculos
3438 2741 3451 2763 ,
3483 2710 3640 2768 atquo

2054 2777 2126 2833 dii
2163 2779 2260 2849 ipsi
2292 2790 2445 2846 sunt,
2478 2782 2745 2846 celebrat,
2782 2798 2844 2837 ac
2873 2783 3029 2852 digna
3057 2784 3396 2854 dogmatibus
3424 2788 3637 2842 exhibet

2054 2888 2247 2942 opera;
2277 2874 2366 2943 qui
2399 2889 2522 2927 vero
2559 2875 2723 2928 Deum
2755 2875 2974 2940 colunt,
3006 2876 3048 2929 si
3090 2877 3323 2945 segniter
3350 2879 3564 2945 vivant,
3596 2895 3625 2934 a

2057 2964 2268 3018 nemine
2315 2979 2422 3018 non
2470 2964 2936 3033 reprehenduntur
2984 2975 3038 3021 et
3087 2977 3445 3022 accusantur:
3478 2977 3637 3024 tanta:

2055 3052 2395 3107 admirationi
2447 3054 2604 3108 etiam
2654 3057 2794 3123 apud
2842 3056 3086 3110 inimicos
3131 3073 3256 3112 suos
3297 3071 3380 3112 est
3421 3059 3634 3114 veritas.

2058 3141 2191 3197 Vide
2227 3159 2356 3214 ergo
2394 3161 2551 3214 quam
2583 3155 2830 3200 accurate
2861 3146 3123 3215 loquatur.
3158 3147 3273 3201 Non
3302 3149 3441 3202 enim
3473 3149 3598 3204 dicit
3619 3193 3633 3215 ,

2054 3233 2143 3302 qui
2177 3248 2336 3302 prava
2365 3245 2634 3304 operatur,
2668 3250 2771 3288 non
2805 3238 2949 3290 venit
2975 3236 3039 3289 ad
3072 3237 3280 3304 lucem;
3313 3239 3427 3303 sed,
3455 3239 3552 3306 Qui
3585 3240 3636 3294 in

2053 3326 2206 3380 malis
2235 3335 2578 3395 perseverat;
2608 3327 2659 3380 id
2688 3336 2770 3381 est
2789 3369 2803 3393 ,
2833 3327 2932 3394 Qui
2971 3326 3079 3381 vult
3108 3343 3321 3398 semper
3352 3330 3403 3383 in
3437 3333 3636 3399 peccati

2054 3435 2208 3476 coeno
2248 3420 2510 3484 volutari,
2553 3437 2656 3474 non
2699 3420 2810 3473 vult
2840 3435 2897 3474 se
2928 3420 3133 3488 legibus
3173 3422 3306 3476 meis
3338 3423 3635 3493 subjicere;

2053 3513 2147 3568 sed
2169 3521 2317 3566 extra
2346 3525 2568 3566 manens
2595 3511 2760 3566 libere
2788 3509 3103 3578 fornicatur,
3131 3524 3434 3584 caeteraque
3460 3517 3634 3569 omnia

2057 3605 2320 3673 prohibita
2359 3604 2688 3673 exsequitur.
2735 3603 2847 3658 Huc
2876 3604 3017 3658 enim
3049 3620 3106 3659 se
3135 3606 3416 3661 conferens
3439 3649 3454 3674 ,
3486 3610 3634 3677 quasi

2053 3697 2138 3750 fur
2169 3699 2218 3750 in
2250 3696 2401 3760 luce,
2433 3696 2610 3750 statim
2641 3695 2959 3750 manifestus
2989 3695 3246 3750 redditur.
3283 3697 3510 3767 Ideoque
3539 3699 3633 3752 iiii-

2054 3789 2259 3859 perium
2288 3789 2418 3859 fugit
2445 3803 2642 3842 meum.
2674 3787 2834 3842 Certe
2868 3787 3064 3841 multos
3091 3789 3369 3858 gentilium
3397 3789 3633 3844 dicentes

2052 3881 2329 3944 audimus,
2363 3895 2422 3935 se
2447 3880 2567 3935 ideo
2595 3895 2700 3934 non
2741 3895 2901 3951 posse
2926 3880 2994 3936 ad
3024 3881 3181 3936 fidem
3214 3892 3450 3937 nostram
3481 3898 3633 3940 acce-

2051 3971 2208 4036 dere,
2241 3970 2383 4039 quod
2422 3987 2525 4025 non
2566 3981 2783 4040 possent
2821 3971 2889 4025 ab
2927 3970 3216 4038 ebrietate,
3249 3973 3630 4042 fornicatione,

2051 4065 2365 4132 cwterisque
2390 4061 2694 4132 hujusmodi
2721 4063 2861 4118 vitiis
2888 4064 3175 4118 abstinere.
3203 4065 3337 4130 Quid
3364 4068 3527 4136 ergo?
3554 4068 3606 4120 in

2049 4155 2203 4224 quies
2244 4170 2256 4205 :
2298 4168 2478 4209 annon
2519 4164 2643 4209 sunt
2680 4155 2966 4210 Christiani
3006 4170 3112 4209 non
3155 4156 3391 4210 melioris
3431 4158 3630 4228 frugis,

2049 4261 2226 4299 annon
2255 4254 2309 4300 et
2334 4245 2560 4316 gentiles
2599 4245 2964 4316 philosophice
2998 4245 3272 4300 viventes?
3299 4246 3636 4303 Christianos

2049 4352 2169 4392 esse
2194 4338 2281 4407 qui
2313 4337 2450 4390 mala
2480 4345 2805 4406 perpetrent,
2839 4352 2938 4406 ego
2962 4353 3174 4408 quoque
3203 4338 3322 4391 novi
3348 4355 3360 4390 :
3389 4354 3512 4392 num
3541 4353 3633 4391 au-

2052 4437 2154 4482 tem
2198 4428 2423 4498 gentiles
2463 4428 2568 4482 sint
2612 4428 2701 4496 qui
2747 4427 2965 4497 probam
2994 4427 3190 4482 ducant
3218 4429 3380 4483 vitam
3402 4470 3416 4493 ,
3445 4429 3496 4482 id
3528 4445 3634 4483 non

2049 4518 2270 4588 perinde
2298 4529 2480 4572 notum
2512 4517 2660 4572 mihi.
2691 4517 2767 4572 Ne
2797 4518 2925 4571 mihi
2957 4519 3077 4572 illos
3101 4519 3322 4588 obiicias
3341 4520 3429 4589 qui
3452 4535 3516 4574 ex
3540 4535 3632 4574 na-

2048 4619 2164 4664 tura
2187 4625 2279 4662 sua
2308 4609 2530 4663 modesti
2554 4608 2834 4679 ornatique
2857 4619 2980 4662 sunt
3009 4627 3020 4662 :
3048 4610 3148 4663 hoc
3169 4611 3309 4664 enim
3332 4611 3500 4665 virtus
3527 4627 3631 4666 non

2047 4711 2158 4764 est;
2193 4700 2286 4754 sed
2320 4699 2439 4754 illos
2470 4699 2661 4754 all'eras
2681 4742 2696 4764 ,
2729 4700 2816 4769 qui
2845 4699 3122 4754 affectibus
3151 4701 3495 4755 vehementer
3523 4712 3630 4754 tra-

2049 4790 2263 4854 huntur,
2287 4799 2341 4845 et
2363 4799 2538 4844 tamen
2564 4789 3023 4859 philosophantur.
3051 4789 3116 4843 At
3139 4800 3283 4845 certe
3303 4807 3408 4844 non
3436 4796 3630 4861 possis.

2045 4883 2176 4938 Nam
2203 4883 2247 4937 si
2274 4883 2420 4953 regni
2450 4881 2750 4952 promissio,
2777 4880 3037 4951 gehennae
3066 4881 3430 4942 comminatio.
3455 4891 3510 4936 et
3529 4883 3629 4936 alia

2045 4974 2348 5044 hujusmodi
2377 4975 2463 5027 vix
2491 4972 2737 5026 licinines
2764 4974 2815 5025 in
2843 4971 3054 5025 virtutis
3077 4973 3334 5026 exercitio
3361 4974 3592 5027 retinent
3615 4988 3628 5026 :

2045 5068 2202 5137 longe
2223 5066 2494 5121 difficilius
2523 5064 2662 5118 illam
2691 5063 3017 5118 exercebant
3038 5062 3130 5133 qui
3153 5063 3277 5117 nihil
3308 5078 3492 5117 eorum
3515 5079 3628 5116 cre-

2043 5161 2194 5216 dunt.
2227 5160 2379 5226 Quod
2415 5158 2457 5212 si
2487 5159 2703 5228 quidam
2739 5157 2986 5211 virtutem
3025 5157 3305 5218 simulent,
3355 5156 3406 5208 id
3445 5154 3628 5222 gloria:

2042 5270 2200 5310 causa
2233 5253 2463 5318 faciunt;
2491 5252 2578 5321 qui
2608 5262 2784 5305 autem
2811 5266 2962 5304 vanae
2990 5249 3173 5320 gloria:
3192 5262 3357 5300 causa
3375 5246 3622 5299 virtutem

2042 5355 2318 5410 exercent,
2351 5345 2438 5399 ubi
2473 5345 2640 5398 latere
2671 5351 2940 5412 poterunt,
2971 5357 3075 5395 non
3103 5355 3132 5393 a
3165 5339 3338 5408 pravis
3367 5336 3627 5405 cupidita-

2043 5438 2180 5491 tibus
2220 5436 2578 5490 abstinebtmt.
2628 5433 2826 5487 Verum
2862 5449 2933 5487 ne
2970 5428 3286 5486 contentiosi
3327 5425 3623 5493 videamur,

2039 5530 2395 5585 concedamus
2435 5527 2571 5596 apud
2616 5526 2843 5595 gentiles
2887 5536 3008 5576 esse
3049 5521 3307 5591 quosdam
3352 5520 3438 5589 qui
3482 5527 3628 5572 recte

2041 5622 2216 5675 vivant
2259 5637 2270 5672 :
2315 5617 2442 5671 nihil
2490 5618 2630 5672 enim
2681 5615 2782 5669 hoc
2824 5614 2982 5666 dictis
3029 5613 3224 5665 nostris
3263 5609 3446 5665 ofﬁcit.
3492 5608 3624 5663 Nam

2107 5801 2120 5831 ¹
2163 5797 2343 5858 ΜυιϊΙ.,
2371 5799 2594 5861 fugerunt
2619 5795 2765 5859 igitur
2789 5792 2852 5840 ad
2877 5786 3133 5852 perniciem
3159 5800 3312 5836 suum.
