4068 6136
424 309 523 365 I63

421 419 560 492 quod
586 430 731 489 smpe
755 417 1034 488 contingit,
1060 431 1163 469 non
1188 414 1326 485 quod
1349 429 1471 469 raro
1491 414 1704 481 accidit,
1730 413 1815 468 hic
1842 413 2001 469 intel-

423 510 706 582 ligendum.

401 614 419 675 λ
490 603 541 657 3.
580 601 714 656 Vide
739 602 900 656 etiam
928 615 1033 670 quo
1080 608 1234 670 pacto
1272 597 1483 654 aliunde
1518 613 1729 670 quoque
1758 598 1863 654 illis
1887 613 2001 654 om-

425 711 541 750 nem
568 693 929 749 excusationis
948 691 1162 745 modum
1184 690 1409 753 auferat,
1431 705 1551 745 cum
1574 689 1721 756 dicit,
1752 690 1922 744 lucem
1946 689 2000 744 in

425 783 676 839 mundum
718 783 949 838 venisse.
993 782 1169 848 Num,
1212 784 1418 853 inquit,
1451 783 1595 836 illam
1634 783 2001 853 qumsierunt?

390 847 547 939 iuum
583 877 890 932 laborarunt
928 886 984 930 ut
1017 877 1467 947 assequerentur?
1496 876 1611 947 Ipsa
1649 877 1736 931 lux
1774 876 1840 930 ad
1881 877 2002 931 illos

422 971 604 1034 venit,
638 984 811 1039 neque
850 969 928 1024 sic
970 979 1145 1023 tamen
1189 978 1551 1023 occurrerunt.
1584 969 1717 1035 Quia
1746 985 1876 1024 vero
1900 969 2000 1024 ob-

422 1061 643 1117 tendere
672 1069 927 1130 possunt,
955 1059 1287 1116 Christianos
1315 1076 1433 1116 esse
1458 1060 1716 1130 quosdam
1745 1061 1833 1132 qui
1864 1061 2001 1116 male

423 1155 631 1217 vivant,
664 1151 1136 1219 respondebimus,
1168 1151 1255 1206 hic
1291 1167 1396 1204 non
1423 1151 1507 1221 agi
1535 1152 1603 1206 de
1640 1151 1708 1207 iis
1734 1152 1825 1221 qui
1849 1150 2003 1207 Chri-

427 1242 582 1297 stiani
623 1243 733 1297 nati
773 1251 935 1308 sunt,
962 1244 1162 1313 quique
1190 1258 1218 1295 a
1249 1243 1539 1311 majoribus
1566 1244 1707 1315 piam
1748 1258 2001 1312 accepere

425 1331 769 1401 religionem;
795 1331 892 1386 etsi
919 1346 1061 1400 saepe
1084 1331 1159 1385 illi
1181 1347 1245 1387 ex
1274 1347 1435 1402 prava
1461 1334 1566 1387 vita
1589 1349 1620 1387 a
1642 1348 1765 1388 vera
1797 1332 2000 1387 doetri-

424 1439 490 1478 ua
515 1423 725 1479 decussi
751 1423 967 1479 fuerint.
1002 1423 1199 1480 Verum
1229 1440 1335 1479 non
1363 1425 1430 1481 de
1456 1426 1522 1480 iis
1551 1435 1679 1496 puto
1705 1441 1845 1482 nunc
1871 1442 1993 1482 ser-

426 1532 635 1571 monem
668 1516 890 1580 haberi,
920 1516 1013 1571 sed
1042 1516 1109 1571 de
1138 1517 1204 1571 iis
1230 1517 1508 1586 gentilium
1538 1518 1620 1574 vel
1651 1517 1961 1574 .Iudteorum
1984 1559 1997 1580 .

424 1607 512 1677 qui
530 1607 786 1662 deberent
806 1606 872 1661 ad
896 1617 1094 1662 rectam
1123 1609 1360 1662 converti
1386 1607 1566 1663 ﬁdem.
1588 1607 1836 1664 Ostendit
1851 1610 1995 1664 enim

426 1696 688 1751 nentinem
710 1711 895 1750 eormn
923 1697 1011 1766 qui
1042 1695 1093 1751 in
1116 1712 1301 1752 errore
1325 1698 1557 1768 degunt,
1580 1699 1717 1754 velle
1741 1699 1807 1754 ad
1837 1699 1996 1754 ﬁdem

424 1785 706 1853 accedere,
732 1787 832 1841 nisi
856 1788 1003 1857 prius
1022 1796 1182 1842 recta:
1203 1789 1324 1843 vitae
1355 1805 1594 1843 normam
1626 1790 1726 1845 sibi
1760 1792 2000 1860 praescri-

427 1878 616 1945 pserit;
645 1876 1018 1947 neminemque
1043 1878 1095 1932 in
1124 1878 1491 1934 incredulitate
1518 1895 1825 1935 mansurum
1845 1921 1861 1945 ,
1891 1880 1990 1935 nisi

425 1969 570 2037 prius
598 1967 897 2023 decreverit
924 1970 974 2022 in
1009 1971 1267 2039 pravitate
1306 1972 1613 2040 persistere.
1646 1972 1724 2027 Ne
1754 1972 1885 2028 mihi
1915 1972 2000 2027 di-

426 2060 572 2113 xeris
596 2069 796 2113 castum
826 2059 973 2114 illum
997 2075 1144 2127 esse,
1176 2077 1275 2116 nec
1300 2062 1463 2116 furari
1487 2079 1501 2115 :
1531 2078 1634 2117 non
1661 2064 1803 2118 enim
1832 2065 1885 2118 in
1919 2063 2001 2118 his

427 2160 628 2205 tantum
675 2150 920 2205 consistit
958 2151 1149 2206 virtus.
1182 2150 1311 2218 Qua:
1356 2152 1498 2206 enim
1543 2152 1777 2219 utilitas,
1810 2155 1854 2207 si
1889 2153 2002 2208 hcce

427 2242 640 2311 quidem
680 2241 962 2309 observet,
994 2242 1089 2298 sed
1130 2258 1278 2298 vana:
1306 2244 1489 2314 glorise
1516 2245 1585 2298 sit
1626 2246 1884 2313 cupidus,
1919 2245 2001 2298 vel

425 2333 713 2387 amicorum
736 2332 899 2402 gratia
924 2333 974 2387 in
1000 2348 1184 2389 errore
1213 2334 1462 2387 maneat?
1489 2333 1599 2389 lIoe
1618 2338 1761 2389 enim
1785 2351 1888 2391 non
1917 2344 2000 2390 est

427 2434 569 2478 recte
597 2424 795 2479 vivere.
824 2424 957 2479 Nam
994 2425 1180 2495 gloria:
1210 2440 1398 2480 servus
1429 2441 1534 2480 non
1576 2428 1751 2480 minus
1780 2438 1999 2495 peccat,

426 2530 582 2583 quam
610 2513 899 2569 fornicator
922 2534 936 2584 ;
963 2515 1070 2570 imo
1096 2516 1251 2585 longe
1278 2517 1423 2585 plura
1450 2526 1504 2571 et
1532 2517 1775 2586 graviora
1802 2516 1996 2572 admit-

428 2605 509 2657 tit.
528 2603 722 2659 V'erum
746 2606 918 2660 indica
940 2605 1068 2660 mihi
1087 2607 1369 2677 quemdam
1389 2607 1528 2677 apud
1546 2607 1774 2677 gentiles
1794 2608 1861 2664 ab
1883 2623 2001 2662 om-

427 2694 583 2750 nibus
609 2695 752 2750 vitiis
800 2698 1137 2767 peccatisque
1180 2699 1425 2754 liberum.
1459 2698 1757 2769 Numquam
1803 2701 2001 2771 possis.

426 2783 556 2841 Nam
584 2788 672 2857 qui
703 2789 934 2844 maxime
956 2790 1096 2859 apud
1127 2791 1242 2846 illos
1268 2791 1607 2856 claruerunt,
1630 2791 1718 2862 qui
1762 2802 1816 2847 et
1847 2807 2006 2862 pecu-

429 2877 545 2933 nias
584 2886 640 2933 et
680 2879 817 2949 gulae
865 2879 1083 2935 delicias
1129 2889 1600 2950 contempserunt,
1647 2890 1705 2936 ut
1750 2882 1935 2947 aiunt,
1966 2883 2003 2937 ii

430 2969 657 3024 maxime
686 2970 924 3023 omnium
964 2969 1149 3039 gloria:
1191 2971 1526 3036 servierunt;
1560 2972 1702 3041 quod
1731 2987 1860 3026 sane
1884 2987 2002 3026 om-

433 3059 574 3113 nium
594 3069 675 3114 est
697 3075 857 3115 causa
890 3061 1171 3114 malorum.
1197 3060 1283 3114 Sic
1298 3069 1352 3116 et
1372 3060 1538 3115 Judaei
1562 3062 1612 3115 in
1631 3061 1865 3131 nequitia
1885 3077 2006 3131 per—

428 3151 692 3206 stiterunt.
723 3151 902 3219 Quare
928 3152 1048 3206 illos
1076 3166 1302 3221 arguens
1329 3151 1542 3207 dicebat
1568 3169 1581 3203 :
1616 3151 1881 3217 Quomodo
1906 3169 2003 3224 po-

426 3243 562 3297 testis
581 3243 802 3307 credere,
825 3244 910 3313 qui
928 3242 1144 3314 gloriam
1164 3243 1225 3296 ab
1248 3244 1532 3298 hominibus
1552 3246 1784 3315 accipitis
1806 3244 1999 3315 (Joan.

423 3332 479 3387 5.
500 3332 642 3402 44)?
669 3334 737 3387 Et
755 3349 850 3388 cur
868 3333 1182 3388 Nathanaeli
1207 3377 1221 3400 ,
1247 3337 1332 3389 cui
1356 3337 1631 3391 veritatem
1656 3338 2000 3406 praedicabat,

422 3424 494 3480 de
522 3426 604 3479 his
649 3426 894 3494 loquutus
923 3434 1167 3489 nonest,
1203 3441 1302 3482 nec
1345 3427 1569 3497 longiori
1609 3440 1695 3484 est
1725 3444 1852 3483 usus
1884 3445 2004 3484 ser-

424 3519 621 3573 mone?
649 3517 781 3586 Quia
806 3518 849 3573 is
869 3533 976 3574 non
1004 3534 1127 3574 cum
1150 3518 1243 3573 illo
1264 3519 1447 3575 studio
1471 3531 1709 3576 venerat.
1744 3522 1840 3576 Hic
1857 3523 2001 3577 enim

424 3611 565 3665 istud
584 3611 688 3665 sibi
709 3610 1006 3667 faciendum
1031 3612 1383 3668 constituerat
1402 3652 1419 3681 ,
1451 3613 1666 3684 etquod
1694 3615 1781 3669 alii
1804 3615 2002 3683 quieti,

424 3704 513 3759 hic
555 3704 835 3759 audienda:
878 3705 1138 3760 doctrinae
1186 3715 1396 3774 tempus
1442 3704 1702 3760 adhibuit.
1750 3706 1842 3761 llle
1874 3722 2003 3761 vero

421 3796 531 3851 alio
567 3796 829 3852 suadente
866 3798 1092 3853 accessit
1123 3816 1135 3852 :
1171 3812 1270 3851 nec
1310 3806 1486 3851 tamen
1527 3795 1676 3852 illum
1708 3798 2000 3866 praeteriit;

421 3888 595 3956 ipsum
617 3886 760 3943 enim
784 3886 862 3941 sic
884 3887 1202 3958 alloquitur:
1226 3886 1421 3941 Δηιοάο
1443 3887 1669 3941 videbitis
1686 3889 1838 3941 ctelos
1855 3904 2004 3958 aper-

418 3987 501 4029 tos
518 4016 533 4040 ,
557 3984 604 4030 et
640 3975 850 4047 angelos
873 3976 970 4031 Dei
999 3977 1319 4031 ascendentes
1345 3988 1394 4031 et
1419 3977 1773 4033 descendentes
1807 3976 1998 4049 (Joun.

423 4068 479 4121 Ι.
507 4066 632 4139 51).
664 4067 800 4122 Huic
822 4076 999 4123 autem
1022 4068 1155 4122 nihil
1180 4068 1371 4122 horum
1397 4068 1570 4133 dixit;
1600 4067 1694 4123 sed
1724 4068 1791 4122 de
1824 4069 1993 4122 incar-

420 4159 639 4213 natione
667 4169 720 4214 et
747 4157 816 4214 de
854 4159 960 4213 vita
999 4168 1199 4213 aeterna
1232 4160 1401 4228 ipsum
1430 4159 1718 4229 alloquitur
1739 4200 1754 4226 ,
1786 4158 2001 4214 diverso

419 4250 584 4304 modo
608 4250 834 4320 singulis
864 4266 959 4321 pro
982 4249 1174 4305 affectu
1204 4253 1462 4321 cujusque
1490 4251 1735 4321 loquens.
1771 4251 1849 4307 Illi
1877 4253 1998 4322 qui-

417 4340 543 4395 dem
563 4381 579 4408 ,
602 4341 727 4411 quia
748 4340 1034 4411 prephetas
1060 4341 1288 4397 callebat
1308 4381 1321 4404 ,
1355 4357 1528 4410 neque
1561 4343 1631 4395 ita
1659 4341 1838 4411 segnis
1862 4351 1999 4406 erat,

419 4431 537 4486 haec
564 4430 835 4486 audivisse
876 4431 1011 4486 satis
1053 4440 1209 4487 erat:
1260 4433 1381 4486 huic
1412 4447 1574 4498 vero,
1620 4432 1742 4501 quia
1771 4431 1998 4501 quadam

416 4520 595 4578 adhuc
634 4520 923 4576 formidine
951 4521 1288 4577 detinebatur
1309 4562 1324 4588 ,
1358 4537 1462 4575 non
1495 4530 1663 4575 totum
1703 4520 1883 4575 statim
1908 4537 1998 4576 rc-

1379 297 1447 356 ΙΝ
1480 296 1789 354 JOANNEM
1833 295 2065 353 IIOMIL.

2103 294 2296 351 XXIX.
2337 298 2406 352 al.
2452 296 2685 354 XXVIII.
3588 299 3685 359 £66

2109 414 2341 478 velavit;
2372 414 2466 470 sed
2497 425 2731 470 mentem
2762 415 2878 486 ejus
2906 412 3197 486 excitavit,
3230 428 3292 473 ut
3317 431 3457 476 metu
3484 432 3684 478 metum

2105 505 2443 571 excluderet,
2475 523 2596 562 cum
2626 508 2761 563 dixit
2791 524 2913 565 eum
2940 510 3030 580 qui
3071 525 3178 566 non
3204 511 3451 568 crederet
3473 555 3489 580 ,
3528 514 3678 580 judi-

2106 599 2216 653 cari
2237 639 2274 671 ,ᾔ
2298 609 2352 655 et
2381 614 2486 653 non
2517 599 2739 655 credere
2765 615 2794 653 a
2828 617 2987 668 prava
3037 604 3469 673 concupiscentia
3526 607 3686 676 profi-

2107 690 2259 745 cisci.
2288 689 2422 759 Quia
2450 690 2591 744 enim
2643 690 2915 745 hominum
2944 691 3169 761 gloriam
3214 695 3391 765 magni
3419 693 3684 760 faciebat,

2105 788 2159 835 et
2196 780 2363 850 pluris
2404 796 2562 851 quam
2607 781 2924 852 supplicium
2956 782 3151 856 (Multi
3188 785 3362 853 enim,
3393 786 3593 857 inquit,
3624 806 3688 843 ea:

2106 872 2418 943 principibus
2456 873 2778 929 crediderunt
2815 874 2871 928 in
2915 891 3062 942 eum,
3104 876 3193 929 sed
3231 887 3436 946 propter
3475 878 3688 935 Judazos

2106 980 2207 1018 non
2231 965 2597 1035 conﬁtebantur
2622 965 2809 1037 (Joan.
2834 967 2887 1023 5.
2910 967 2983 1021 44
3001 967 3021 1038 )
3041 1007 3054 1031 ,
3085 967 3211 1022 hinc
3236 969 3384 1024 illum
3411 973 3682 1039 perstrin-

2104 1055 2180 1125 git
2199 1096 2214 1116 ,
2245 1056 2580 1127 ostenditque
2599 1099 2614 1123 ,
2644 1072 2751 1111 non
2794 1071 2949 1128 posse
2975 1074 3097 1113 eum
3137 1060 3229 1131 qui
3259 1059 3311 1114 in
3342 1076 3403 1116 se
3430 1077 3536 1116 non
3565 1079 3686 1118 cre—

2106 1145 2289 1212 deret,
2318 1148 2418 1201 alia
2457 1147 2527 1203 de
2553 1164 2712 1203 causa
2754 1164 2861 1204 non
2909 1150 3165 1219 credere,
3207 1167 3366 1222 quam
3405 1154 3549 1224 quod
3580 1156 3685 1211 vita

2106 1238 2345 1308 impurus
2374 1249 2535 1295 esset.
2572 1241 2636 1294 Et
2665 1243 2716 1295 in
2757 1243 3106 1311 sequentibus
3135 1246 3247 1300 ait:
3282 1244 3392 1317 Ego
3418 1263 3529 1302 sum
3557 1248 3683 1314 hac;

2109 1328 2194 1384 hic
2218 1338 2394 1384 autem
2422 1330 2531 1393 ait,
2570 1328 2714 1384 Venit
2755 1330 2844 1386 lua:
2872 1332 2924 1386 in
2967 1334 3209 1387 mundum
3240 1334 3428 1405 (Joan.
3457 1338 3511 1393 8.
3555 1336 3683 1409 12).

2107 1419 2162 1473 1η
2191 1420 2452 1490 principio
2477 1422 2620 1476 enim
2648 1421 2949 1490 obscurius,
2977 1423 3173 1480 deinde
3201 1426 3400 1483 clarius
3428 1428 3689 1498 loqueba-

2111 1522 2214 1567 tur.
2245 1514 2494 1569 Attamen
2523 1514 2683 1569 homo
2729 1515 2817 1571 ille
2846 1516 3199 1572 multitudinis
3228 1518 3364 1573 fama
3413 1519 3691 1577 dutineha~

2108 1615 2222 1671 tur;
2241 1614 2563 1675 quapropter
2586 1621 2692 1659 non
2718 1620 2780 1660 ea
2793 1621 2894 1676 qua
2914 1622 3010 1677 par
3025 1619 3139 1662 erat
3155 1609 3401 1665 utebatur
3421 1611 3685 1669 libertate.

2186 1696 2331 1751 Vana
2382 1696 2545 1768 gloria
2594 1696 2875 1769 fugienda;
2913 1700 3109 1753 virtutis
3155 1705 3376 1771 fructum
3426 1704 3578 1759 tollit.
3614 1735 3686 1746 —

2108 1787 2394 1858 Fugiamus
2439 1802 2567 1858 ergo
2617 1788 2829 1843 inanem
2871 1789 3133 1859 gloriam;
3184 1790 3285 1847 hoc
3329 1794 3471 1848 enim
3516 1795 3690 1850 vitio—

2106 1893 2222 1933 rum
2259 1878 2496 1933 omnium
2546 1878 3070 1934 vehementissimum
3124 1891 3224 1936 est.
3275 1882 3407 1938 [line
3457 1887 3684 1940 avaritia

2106 1977 2161 2024 et
2181 1983 2332 2024 amor
2355 1969 2697 2036 pecuniarum
2724 1970 2989 2037 oriuntur,
3015 1969 3141 2026 hinc
3166 1971 3284 2026 odia
3310 2014 3326 2039 ,
3360 1972 3517 2039 bella,
3546 1977 3684 2029 lites.

2106 2059 2237 2114 Nam
2269 2060 2357 2130 qui
2404 2061 2553 2129 plura
2583 2060 2935 2129 concupiscit,
2965 2074 3229 2132 nusquam
3260 2064 3554 2120 consistere
3587 2080 3684 2134 po-

2108 2152 2252 2206 terit.
2281 2150 2428 2206 Nulla
2464 2161 2639 2206 autem
2670 2152 2773 2206 alia
2802 2152 2870 2208 de
2897 2167 3058 2210 causa
3087 2164 3278 2210 cmtera
3317 2165 3460 2210 amat
3481 2197 3493 2219 ,
3523 2173 3684 2226 quam

2106 2240 2248 2311 quod
2274 2257 2464 2295 vanam
2490 2242 2713 2313 gloriam
2736 2254 2899 2298 amet.
2923 2243 3035 2299 Cur
3058 2246 3201 2301 enim
3223 2288 3240 2313 ,
3268 2262 3452 2316 quteso
3472 2288 3488 2311 ,
3515 2260 3686 2302 cunn-

2107 2331 2333 2387 chorum
2370 2348 2591 2403 agmen,
2634 2348 2854 2404 gregem
2900 2349 3178 2391 servorum
3200 2377 3216 2402 ,
3245 2352 3341 2392 cur
3371 2348 3576 2392 tantum
3606 2338 3683 2393 fa-

2108 2430 2247 2475 stum
2279 2420 2429 2475 multi
2465 2421 2760 2477 exhibent?
2782 2422 2900 2478 Non
2925 2424 3026 2479 alia
3052 2439 3210 2479 causa
3232 2466 3248 2491 ,
3278 2425 3379 2479 nisi
3407 2436 3465 2479 ut
3495 2427 3688 2484 multos

2109 2514 2343 2569 habeant
2383 2516 2753 2585 inopportuna:
2801 2515 3211 2586 magniﬁcentia:
3251 2525 3435 2572 testes.
3465 2517 3520 2572 Si
3550 2518 3688 2574 hanc

2108 2620 2236 2676 ergo
2256 2606 2638 2672 rescindamus,
2662 2622 2782 2662 cum
2802 2607 2974 2677 capite
2993 2607 3152 2662 etiam
3172 2608 3410 2662 membra
3433 2609 3682 2676 nequitim

2109 2697 2393 2762 tollemus,
2452 2698 2691 2766 nihilque
2745 2697 3090 2767 prohibebit,
3148 2698 3436 2766 quominus
3490 2709 3686 2754 terram

2108 2791 2257 2858 quasi
2287 2791 2474 2844 caelum
2520 2790 2831 2844 incolamus.
2886 2789 3072 2859 Neque
3110 2791 3253 2845 enim
3283 2789 3351 2844 ad
3391 2791 3684 2859 nequitiam

2112 2890 2312 2936 tantum
2338 2895 2471 2951 quos
2499 2880 2641 2950 capit
2682 2880 2908 2949 impellit
2928 2919 2943 2944 ,
2973 2879 3067 2935 sed
3092 2890 3147 2935 et
3172 2880 3353 2934 virtuti
3379 2895 3442 2935 se
3465 2880 3688 2936 subdole

2108 2971 2397 3037 admiscet;
2427 2979 2624 3027 etcum
2652 2986 2681 3024 a
2709 2970 2903 3024 virtute
2928 2984 3026 3024 nos
3052 2969 3308 3025 decutere
3334 2984 3440 3023 non
3472 2979 3682 3039 potest,

2111 3064 2163 3119 in
2200 3064 2313 3134 ipsa
2343 3063 2429 3117 illa
2458 3061 2655 3117 virtute
2699 3076 2950 3131 maguum
2988 3060 3367 3116 detrimentum
3396 3062 3645 3131 importat
3671 3101 3688 3127 ,

2109 3155 2234 3211 dum
2258 3155 2469 3210 labores
2495 3154 2725 3209 tolerare
2746 3154 2920 3223 cogit,
2942 3162 2997 3207 et
3017 3152 3260 3207 laborum
3289 3151 3462 3207 fructu
3493 3153 3685 3221 privat.

2108 3245 2240 3300 Nam
2268 3245 2358 3316 qui
2388 3244 2455 3299 ad
2482 3259 2673 3298 vanam
2704 3244 2928 3313 gloriam
2972 3243 3223 3313 respicit,
3253 3243 3367 3301 sive
3388 3242 3688 3316 jejunium,

2109 3338 2223 3391 sive
2246 3336 2565 3401 orationem,
2596 3334 2708 3389 sive
2733 3334 3130 3406 eleetnosynam
3157 3346 3407 3391 exerceat
3425 3377 3439 3400 ,
3468 3352 3682 3391 onmem

2108 3429 2305 3482 amittit
2330 3427 2654 3482 mercedem.
2685 3425 2802 3492 Quo
2828 3426 3024 3479 damno
3046 3426 3170 3495 quid
3193 3427 3554 3482 miserabilius
3576 3429 3689 3483 fue-

2109 3519 2217 3573 rit?
2245 3517 2460 3588 quando
2487 3531 2679 3586 nempe
2706 3517 2825 3585 quis
2853 3533 2911 3571 se
2939 3515 3134 3570 frustra
3167 3528 3439 3584 macerat,
3487 3518 3708 3575 ridica»

2110 3609 2297 3677 Iusque
2316 3608 2513 3672 evadit,
2538 3617 2593 3662 et
2611 3622 2641 3661 a
2657 3621 2887 3676 superna
2913 3607 3082 3676 gloria
3104 3608 3325 3662 excidit.
3347 3607 3530 3678 Neque
3546 3611 3687 3664 enim

2110 3707 2285 3768 potest
2313 3698 2401 3769 qui
2452 3706 2731 3767 utramque
2760 3696 3066 3763 desiderat,
3100 3707 3381 3769 utramque
3409 3702 3684 3769 consequi.

2108 3789 2397 3844 Possumus
2427 3797 2601 3843 tamen
2631 3798 2911 3858 utramque
2943 3790 3240 3859 consequi,
3271 3790 3316 3845 si
3347 3805 3453 3845 non
3484 3800 3692 3846 utram-

2108 3896 2212 3949 que
2242 3880 2466 3950 gloriam
2509 3880 2953 3950 concupiscamus
2973 3920 2989 3943 ,
3018 3879 3112 3935 sed
3143 3881 3410 3935 cmlestem
3444 3890 3688 3948 tantum;

2107 3971 2198 4040 qui
2230 3985 2356 4024 vero
2388 3979 2666 4039 utramque
2691 3979 2834 4023 amat
2855 4011 2871 4036 ,
2899 3986 3004 4023 non
3033 3979 3312 4040 utramque
3337 3971 3562 4039 adipisci
3591 3986 3688 4039 po-

2109 4070 2230 4117 test.
2260 4061 2617 4130 Quamobrem
2649 4061 2691 4115 si
2724 4061 2949 4115 velimus
2982 4062 3204 4131 gloriam
3234 4061 3495 4133 adipisci,
3524 4062 3692 4133 fugia-

2109 4171 2226 4208 mus
2256 4153 2543 4207 humanam
2574 4154 2799 4223 gloriam
2821 4194 2836 4219 ,
2865 4162 2919 4208 et
2945 4168 3063 4207 eam
3105 4170 3225 4224 qua:
3249 4173 3278 4209 ιι
3306 4155 3424 4211 solo
3465 4156 3576 4212 Deo
3607 4167 3689 4212 est

2107 4244 2512 4308 desideremus;
2543 4254 2598 4298 et
2638 4244 2715 4298 sic
2744 4252 2966 4313 utraque
3012 4245 3293 4312 patiemur.
3329 4246 3538 4301 Utinam
3568 4263 3694 4303 vero

2110 4335 2209 4389 hac
2230 4334 2488 4401 fruamur,
2512 4334 2681 4404 gratia
2705 4342 2762 4388 et
2782 4334 3105 4404 benignitate
3133 4336 3340 4390 Domini
3372 4338 3538 4391 nostri
3560 4336 3688 4392 Jesu

2106 4428 2304 4483 Christi
2331 4471 2346 4495 ,
2379 4442 2472 4499 per
2499 4444 2657 4498 quem
2688 4438 2743 4483 et
2771 4444 2893 4482 cum
2937 4442 3045 4497 quo
3092 4428 3233 4483 Patri
3278 4429 3444 4498 gloria
3477 4446 3688 4499 unaque

2108 4529 2292 4576 sancto
2317 4519 2539 4590 Spiritui
2563 4561 2577 4585 ,
2610 4520 2663 4573 in
2692 4520 2886 4573 sarcula
2913 4520 3256 4574 swculorum.
3285 4520 3478 4575 Amen.

1731 4731 2076 4793 HOMILIA
2118 4730 2363 4792 XXIX.

412 4877 507 4931 2'2.
561 4876 707 4933 Venit
745 4888 914 4933 autem
955 4879 1009 4931 in
1036 4875 1276 4931 Iudaeam
1304 4886 1489 4930 terram
1518 4877 1627 4945 ipse
1676 4886 1722 4929 et
1764 4873 2002 4943 discipuli

540 4972 669 5040 ejus,
697 4979 743 5023 et
766 4969 872 5023 illic
900 4969 1252 5023 demorabatur
1273 4984 1387 5022 cum
1412 4969 1502 5032 eis,
1526 4978 1569 5022 et
1591 4967 1895 5037 baptizabat.

499 5061 545 5112 I.
579 5054 729 5113 Nihil
762 5061 970 5114 ueritate
1007 5060 1212 5125 clarius,
1256 5060 1384 5112 nihil
1428 5060 1690 5112 mendacio
1728 5058 2000 5126 inﬁrmius.

407 5151 526 5205 Cur
550 5150 783 5207 Christus
804 5167 905 5205 non
931 5152 1221 5221 baptizavit,
1253 5151 1342 5205 sed
1364 5149 1621 5219 discipuli.
1650 5179 1719 5190 —-
1744 5150 1882 5203 Nihil
1911 5166 2003 5204 vc-

405 5244 579 5300 .rilate
602 5245 823 5307 clarius,
862 5243 996 5298 niltii
1038 5243 1243 5307 fortius,
1292 5251 1348 5296 ut
1386 5242 1664 5297 mendacio
1694 5242 1820 5297 nihil
1852 5242 2002 5296 infir-

402 5335 581 5399 mius,
611 5336 823 5391 etiamsi
857 5334 1151 5389 innumeris
1193 5350 1252 5390 se
1291 5342 1432 5403 tegat
1471 5332 1836 5403 operimentis.
1870 5333 2002 5389 Nam

401 5426 574 5482 facile
601 5426 1043 5495 deprehenditur,
1075 5434 1128 5480 et
1164 5425 1317 5480 facile
1342 5423 1550 5479 difﬂuit.
1582 5423 1797 5480 Veritas
1819 5433 1999 5480 contra

402 5518 567 5575 nuda
598 5527 806 5588 prostat
847 5519 1112 5582 omnibus,
1156 5517 1244 5587 qui
1291 5518 1475 5572 volunt
1511 5517 1626 5586 ejus
1655 5517 2001 5588 pulchritudi-

400 5627 548 5669 nem
577 5611 806 5671 intueri;
836 5626 940 5664 non
980 5611 1092 5665 vult
1138 5611 1322 5675 latere,
1375 5625 1477 5664 non
1507 5610 1796 5679 periculum
1828 5609 2001 5673 timet,

403 5720 529 5763 non
562 5702 807 5765 insidias,
836 5715 940 5755 non
982 5701 1202 5772 gloriam
1247 5702 1597 5758 multitudinis
1636 5701 1821 5768 ambit,
1871 5699 2004 5756 nulli

2121 4874 2468 4928 humanarum
2505 4887 2680 4927 rerum
2718 4873 2994 4943 subjacet;
3022 4875 3114 4929 sed
3146 4875 3394 4929 onmibus
3429 4874 3692 4942 superior,

2114 4965 2305 5020 multas
2333 4965 2529 5034 excipit
2565 4965 2800 5031 insidias,
2833 4977 3012 5021 manet
3045 4976 3222 5022 autem
3250 4968 3464 5031 invicta,
3492 4981 3693 5034 eosque

2113 5059 2201 5126 qui
2229 5057 2292 5110 ad
2322 5071 2379 5110 se
2403 5056 2730 5125 confugiunt,
2774 5058 2919 5126 quasi
2960 5057 3226 5112 tutissimo
3270 5071 3424 5111 muro
3460 5055 3696 5109 munitos

2115 5155 2311 5213 servat,
2345 5147 2504 5216 idque
2532 5164 2596 5201 ex
2642 5148 2892 5217 potentiae
2938 5162 3048 5202 suae
3074 5146 3473 5214 magnitudine;
3500 5156 3555 5201 et
3595 5162 3689 5201 oc-

2115 5242 2286 5296 cultos
2314 5240 2538 5295 iusultus
2565 5243 2774 5306 evertit,
2805 5255 2897 5295 sua
2923 5254 3047 5294 vero
3078 5240 3252 5309 palam
3281 5238 3529 5293 omnibus
3567 5255 3690 5309 pro.

2116 5333 2268 5403 ponit
2291 5350 2303 5386 :
2333 5332 2475 5400 quod
2496 5342 2552 5386 et
2577 5332 2818 5388 Christus
2838 5331 3010 5386 Pilato
3031 5329 3115 5385 his
3139 5330 3316 5385 verbis
3337 5331 3652 5401 significavit
3677 5349 3691 5386 :

2116 5427 2228 5497 Ego
2258 5425 2425 5493 palam
2456 5425 2687 5494 loquutus
2712 5439 2823 5476 sum
2848 5422 3056 5485 mundo,
3087 5430 3134 5475 et
3162 5422 3215 5475 in
3241 5422 3432 5476 occulto
3460 5423 3693 5491 loquutus

2115 5532 2227 5572 sum
2256 5517 2383 5570 nihil
2414 5516 2589 5585 (Joan.
2631 5516 2714 5570 18.
2747 5513 2859 5584 20).
2892 5514 3041 5583 Quod
3082 5526 3205 5570 tunc
3230 5515 3361 5569 dixit
3384 5514 3555 5573 Jesus.
3592 5513 3693 5567 hoc

2120 5625 2259 5663 nunc
2291 5608 2431 5662 fecit.
2478 5605 2603 5660 Post
2634 5609 2760 5673 ha’c,
2795 5608 2982 5679 inquit,
3017 5612 3145 5667 venit
3172 5610 3222 5662 in
3250 5608 3485 5662 Indicam
3507 5618 3690 5659 terram

2116 5703 2221 5769 ipse
2250 5711 2292 5754 et
2323 5700 2552 5771 discipuli
2584 5700 2710 5770 ejus,
2744 5709 2787 5754 et
2817 5701 2920 5755 illic
2938 5701 3308 5770 demorabatur,
3330 5710 3372 5755 ct
3393 5694 3694 5759 baptizabat.
