4068 6136
339 323 442 384 167

342 438 396 492 In
424 435 846 493 solemnitatibus
876 435 927 489 in
967 433 1232 489 civitatem
1272 432 1614 496 ascendebat,
1644 441 1701 485 ut
1724 430 1776 485 iu
1805 444 1918 483 me-

340 529 431 582 dio
470 527 763 583 doctrinam
803 526 909 582 illis
953 535 1297 595 proponeret,
1343 535 1507 594 utque
1549 539 1612 577 ex
1654 521 1922 577 miraculis

347 620 622 673 utilitatem
673 625 947 686 caperent.
990 616 1224 670 Peractis
1250 624 1425 669 autem
1451 613 1637 668 dichus
1675 611 1841 674 festis,
1869 610 1922 663 in

341 710 630 763 Jordancm
669 723 812 776 srepe
851 707 1128 773 veniebat,
1169 708 1290 776 quia
1325 706 1416 760 illo
1456 705 1604 760 multi
1637 717 1926 758 concurre-

347 803 492 856 bant.
520 801 610 855 llla
637 802 777 854 enim
808 815 927 870 qua:
956 800 1122 869 magis
1145 799 1617 866 frequentabantur
1639 797 1756 851 loca
1787 811 1928 849 scm-

347 907 442 960 per
470 889 715 958 petebat;
764 904 868 944 non
897 888 1268 944 ostentationis
1304 903 1460 942 causa
1489 887 1571 941 vel
1601 883 1923 949 ambitionis,

346 981 441 1037 Sed
475 988 530 1033 ut
557 979 795 1048 pluribus
827 978 1119 1048 prodesset.
1149 978 1306 1048 Atqui
1337 977 1435 1031 sub
1463 977 1576 1030 hzec
1611 976 1738 1030 dicit
1767 991 1930 1030 evan-

345 1072 555 1140 gelista,
589 1085 692 1123 non
717 1069 896 1124 Je<um
931 1071 971 1135 ι,
1001 1070 1093 1124 sed
1120 1069 1408 1138 discipulos
1451 1061 1568 1137 ejus
1594 1067 1926 1136 haptizasse;

350 1164 492 1217 unde
521 1161 693 1232 palam
726 1171 807 1215 est
852 1161 954 1216 hoc
981 1160 1138 1215 etiam
1171 1160 1222 1213 in
1255 1160 1373 1213 loco
1406 1159 1474 1212 ita
1509 1157 1750 1226 intelligi,
1789 1158 1931 1225 ipsos

353 1270 544 1324 nempe
571 1255 714 1308 solos
741 1253 1108 1323 baptizavisse.
1143 1252 1207 1305 Et
1235 1266 1350 1316 cur,
1381 1250 1606 1318 inquies,
1633 1264 1736 1302 non
1765 1247 1933 1316 bapti-

353 1345 544 1402 zabat?
567 1345 684 1401 Jam
710 1345 854 1414 prius
876 1343 1090 1398 dixerat
1117 1343 1347 1397 Joannes
1373 1362 1386 1394 :
1409 1340 1437 1394 Ι
1443 1357 1529 1410 pse
1553 1355 1640 1394 vos
1661 1337 1934 1410 baptizabit

352 1442 404 1493 in
433 1438 631 1510 Spiritu
659 1445 830 1491 sancto
851 1445 897 1489 et
925 1435 1050 1507 igni.
1074 1433 1330 1505 Spiritum
1357 1448 1483 1486 vero
1506 1430 1739 1486 nondum
1769 1429 1933 1484 dede-

357 1539 456 1585 rat.
483 1529 611 1586 Jure
640 1544 767 1598 ergo
797 1543 901 1582 non
930 1527 1264 1595 baptizabat;
1310 1525 1404 1580 sed
1434 1523 1676 1592 discipuli
1709 1529 1932 1586 tantum,

355 1619 497 1692 quod
527 1619 727 1674 Vellent
748 1617 1008 1688 plurimos
1031 1616 1096 1670 ad
1127 1616 1412 1670 salutarem
1449 1613 1745 1668 doctrinam
1776 1622 1939 1666 attra-

359 1711 506 1765 here.
536 1708 604 1763 Et
625 1722 810 1778 quare,
834 1705 1108 1775 discipulis
1127 1704 1252 1760 Jesu
1273 1704 1682 1774 baptizantibus,
1705 1702 1938 1756 Joannes

359 1800 629 1870 baptizare
657 1813 761 1853 non
784 1797 1007 1861 destitit,
1031 1795 1202 1851 donec
1229 1796 1280 1850 in
1307 1810 1578 1851 carcerem
1601 1793 1938 1849 traderetur?

362 1890 494 1944 Nam
522 1904 644 1944 cum
671 1888 887 1953 dicitur,
931 1885 1056 1940 Erat
1094 1885 1318 1939 Joannes
1362 1885 1619 1953 baptizans
1651 1885 1705 1936 in
1729 1881 1940 1947 xEnon;

361 1981 733 2050 adjiciturque,
769 1976 870 2032 243
902 1975 1144 2030 Nondum
1182 1976 1365 2030 missus
1397 1980 1560 2046 fuerat
1588 1975 1639 2028 in
1669 1989 1938 2038 carcerem,

360 2070 623 2140 significat
673 2069 852 2138 utique
905 2067 1050 2120 illum
1097 2081 1204 2121 non
1249 2065 1504 2120 hactenus
1544 2063 1832 2119 destitisse.
1877 2061 1943 2115 Et

361 2178 456 2216 cur
480 2161 546 2216 ad
573 2160 700 2215 illud
733 2174 899 2225 usque
927 2166 1137 2227 tempus
1163 2156 1490 2226 baptizavit?
1516 2170 1636 2209 nam
1671 2153 1941 2223 digniores

363 2252 489 2308 Jesu
517 2251 804 2321 discipulos
825 2250 1172 2314 declarasset,
1201 2248 1244 2302 si
1276 2248 1377 2302 illis
1409 2245 1800 2316 incipientibus,
1831 2246 1944 2313 ipse

365 2345 677 2400 destitisset.
717 2342 826 2398 Cur
858 2357 988 2413 ergo
1017 2337 1354 2411 baptizabat?
1395 2338 1472 2393 Ne
1509 2336 1796 2406 discipulus
1820 2348 1945 2388 suos

366 2438 418 2492 in
447 2436 701 2504 majorem
722 2433 970 2488 invidiam
991 2442 1046 2487 et
1064 2429 1459 2487 contentionem
1483 2427 1788 2497 eonjiceret.
1813 2424 1946 2479 Nam

366 2529 410 2583 si
457 2542 601 2596 saepe
642 2523 942 2590 clamando,
997 2523 1298 2593 primasque
1326 2519 1537 2574 Christo
1579 2514 1942 2580 concedendo,

367 2633 592 2687 seseque.
621 2617 879 2670 minorem
923 2611 1261 2684 praedicando
1302 2625 1407 2665 non
1459 2608 1720 2679 persuasit
1763 2606 1865 2660 illis
1892 2612 1948 2659 ut

370 2707 438 2764 ad
466 2723 587 2761 eum
618 2705 933 2762 accederent
963 2722 976 2758 :
1010 2704 1055 2759 si
1100 2705 1200 2758 hoc
1245 2703 1408 2758 etiam
1448 2699 1751 2768 adjecissct,
1792 2697 1949 2768 longe

369 2797 809 2854 contentiosiores
856 2795 975 2851 illos
1015 2793 1354 2849 reddidisset.
1388 2792 1511 2846 Ideo
1537 2790 1786 2845 Christus
1824 2797 1950 2844 tunc

370 2888 599 2942 maxime
624 2887 913 2956 prtedicare
935 2886 1118 2954 erepit,
1145 2899 1266 2938 cum
1306 2882 1372 2936 de
1401 2881 1575 2936 medio
1601 2880 1840 2934 sublatus
1869 2887 1951 2934 est

369 2978 623 3038 Joannes.
652 2978 786 3033 Puto
806 2986 984 3033 autem
1014 2977 1133 3031 ideo
1161 2975 1318 3030 citius
1338 2972 1594 3028 Joannem
1624 2980 1796 3026 morte
1823 2970 1952 3026 sub-

371 3072 534 3125 latum
577 3071 756 3135 fuisse,
803 3079 861 3124 ut
890 3070 1050 3123 totius
1097 3064 1450 3121 multitudinis
1491 3064 1651 3118 animi
1697 3063 1765 3118 ad
1799 3061 1954 3118 Chri-

371 3172 512 3217 stum
552 3167 999 3216 converterentur
1026 3199 1041 3224 ,
1093 3171 1265 3227 neque
1309 3155 1535 3226 amplius
1579 3155 1721 3208 circa
1766 3153 1952 3208 ambos

373 3255 762 3310 scinderentur.
797 3253 1060 3307 Praeterea
1090 3248 1216 3306 dum
1246 3248 1546 3318 baptizabat
1567 3247 1822 3310 Joannes,
1848 3260 1951 3298 non

375 3346 532 3398 linem
559 3343 784 3398 faciebat
808 3340 1060 3398 monendi
1092 3350 1146 3395 et
1189 3353 1377 3410 magna
1403 3338 1470 3393 de
1497 3337 1623 3394 Jcsu
1657 3336 1952 3407 praedican-

373 3433 424 3487 di
478 3433 785 3502 Baptizabat
813 3447 942 3486 vero
969 3441 1171 3486 tantum
1207 3432 1258 3484 in
1285 3445 1406 3484 eum
1436 3430 1524 3500 qui
1565 3437 1685 3499 post
1726 3443 1784 3483 se
1826 3443 1954 3482 ven-

378 3533 527 3576 turus
548 3533 689 3589 erat,
717 3531 774 3576 ut
799 3524 850 3576 in
879 3537 1000 3576 eum
1043 3521 1341 3576 crederent.
1369 3521 1468 3586 Qui
1499 3519 1656 3588 igitur
1685 3517 1784 3572 hoc
1812 3532 1954 3587 pree-

376 3612 606 3678 dicahat,
649 3613 916 3681 quomodo
952 3612 1332 3681 discipulorum
1366 3609 1560 3666 Christi
1594 3609 1952 3680 praestantiam

377 3702 816 3768 demonstrasset,
863 3704 908 3757 si
946 3718 975 3757 a
1019 3704 1335 3774 baptismate
1371 3701 1699 3757 destitisset?
1749 3701 1879 3755 Nam
1926 3715 1956 3756 e

376 3793 645 3848 contrario
672 3793 844 3847 visum
869 3791 1076 3860 fuisset,
1106 3793 1277 3862 ipsum
1305 3807 1368 3848 ex
1397 3791 1589 3846 invidia
1613 3792 1694 3845 vel
1739 3791 1814 3844 ira
1843 3805 1958 3845 ces-

378 3901 547 3941 sare:
593 3885 927 3955 persistendo
965 3895 1164 3952 autem,
1209 3884 1323 3940 tunc
1366 3883 1596 3938 ﬁrmiora
1633 3883 1954 3938 declarabat.

378 3977 492 4032 Non
523 3979 664 4033 enim
691 3977 792 4032 sibi
821 3977 1044 4046 gloriam
1078 3977 1443 4047 comparabat,
1472 3976 1564 4031 sed
1596 3975 1866 4030 auditores
1891 3975 1956 4029 ad

375 4069 645 4126 Christum
672 4071 934 4137 mittebat,
963 4085 1062 4126 nec
1091 4071 1264 4125 minus
1290 4085 1451 4141 quam
1478 4068 1722 4138 discipuli
1751 4067 1816 4122 ad
1838 4082 1954 4122 eam

383 4178 492 4218 rem
523 4163 838 4233 praestabat;
872 4163 978 4217 imo
1009 4163 1124 4230 plus
1153 4177 1310 4232 quam
1345 4160 1439 4216 illi.
1472 4159 1605 4216 Nam
1633 4166 1833 4230 quanto
1863 4158 1963 4212 mi-

381 4268 482 4308 nus
501 4264 806 4324 suspectum
841 4265 958 4309 erat
996 4255 1113 4324 ejus
1151 4254 1536 4315 testimonium,
1569 4261 1717 4307 tanto
1758 4250 1962 4321 majore

379 4359 538 4413 quam
570 4345 668 4413 ipsi
696 4343 834 4398 fama
864 4344 1074 4398 valebat
1099 4344 1238 4412 apud
1263 4357 1470 4398 omnes.
1497 4343 1608 4397 l‘loc
1637 4343 1960 4412 evangelista

380 4432 722 4486 subiudicans
751 4433 963 4487 dicebat
995 4449 1008 4486 :
1042 4431 1262 4486 Exibunt
1303 4443 1350 4484 et
1392 4431 1774 4498 baptizabantur
1815 4432 1878 4485 ab
1904 4448 1961 4485 eo

382 4524 544 4576 antnis
580 4521 767 4576 Judtea
799 4530 845 4576 et
879 4522 1019 4592 regio
1059 4522 1194 4574 circa
1239 4521 1518 4575 Iordanem
1546 4520 1756 4590 (Matth.
1797 4524 1850 4576 '5.
1880 4522 1959 4590 5).

386 4612 664 4681 Discipulis
692 4612 1100 4681 baptizantibus,
1149 4628 1253 4668 non
1283 4612 1563 4669 cessabant
1599 4612 1748 4666 multi
1775 4613 1839 4666 ad
1866 4613 1962 4668 Jo-

384 4718 578 4758 annem
609 4716 907 4758 accurerre.
926 4701 1078 4770 Quod
1099 4704 1144 4758 si
1162 4703 1279 4772 quis
1306 4712 1669 4773 percontetur,
1699 4703 1822 4772 quid
1844 4704 1964 4773 plus

387 4794 631 4850 habuerit
659 4794 1066 4864 discipulorum,
1099 4811 1256 4866 quam
1300 4795 1524 4851 Joannis
1553 4796 1812 4865 baptisma
1833 4797 1856 4849 ?
1877 4795 1960 4850 di-

381 4902 586 4954 cemus,
615 4886 767 4941 nihil.
794 4884 926 4941 Nam
957 4897 1240 4956 utrumque
1267 4887 1525 4956 baptisma
1541 4887 1771 4956 Spiritus
1792 4889 1960 4957 gratia

389 4994 610 5034 vacuum
639 4987 773 5044 erat,
803 4988 856 5034 et
884 4993 985 5033 una
1014 4978 1288 5049 utriusque
1317 4978 1614 5048 baptizandi
1642 4994 1799 5034 causa
1825 4989 1961 5046 erat,

387 5079 444 5123 ut
467 5071 758 5141 baptizatos
782 5071 848 5126 ad
876 5069 1146 5126 Christum
1177 5071 1561 5140 pertraherent.
1590 5071 1666 5126 Ne
1695 5071 1838 5126 enim
1862 5072 1964 5126 cir-

362 5173 788 5233 _cumcursautes
817 5164 1131 5234 colligerent
1159 5179 1253 5219 eos
1295 5165 1383 5234 qui
1413 5163 1662 5218 credituri
1693 5173 1866 5231 erant,
1906 5174 1966 5220 ut

389 5253 658 5310 Simonem
687 5256 870 5322 frater,
896 5257 1276 5314 Nathanaelem
1306 5256 1578 5327 Philippus
1607 5257 1961 5326 adduxerunt,

391 5343 659 5413 baptizare
705 5347 1120 5412 constituerunt,
1181 5358 1236 5403 ut
1292 5362 1385 5418 per
1421 5346 1738 5416 baptismum
1780 5363 1965 5403 omnes

453 5494 560 5567 'hln
584 5491 756 5567 libello
775 5499 1096 5567 Questionum
1122 5505 1168 5550 tn
1184 5510 1442 5567 _.toannem,
1468 5501 1623 5567 inquit
1664 5502 1880 5567 Saviltus,
1896 5505 1966 5567 ita

389 5553 571 5630 luitur
589 5553 831 5630 blateras
853 5555 1074 5630 durities
1095 5565 1260 5630 verbis
1284 5577 1296 5611 ε
1325 5553 1551 5630 amisii
1565 5553 1965 5630 ευαηρειξειρίιεε

391 5576 571 5623 tegitur
593 5576 671 5604 mc
695 5576 831 5622 lycus
853 5576 1074 5617 pluribus
1095 5576 1260 5612 verbis
1284 5577 1296 5611 :
1361 5576 1542 5612 ιιαηιυιδ
1565 5576 1864 5624 evangelista
1885 5576 1964 5614 mc

388 5616 518 5665 (litat
536 5615 597 5665 de
607 5615 798 5686 (lirtsto
823 5649 838 5674 ,
863 5615 992 5686 Quod
1009 5618 1269 5686 byptizaret
1289 5658 1303 5681 ,
1325 5576 1414 5673 Zoc
1438 5623 1574 5686 dicit,
1606 5635 1699 5686 ngn
1723 5624 1964 5676 Christum

382 5689 473 5745 per
516 5690 567 5728 se
609 5675 864 5745 baptizare
879 5674 1195 5745 'Asiqniﬁcqns.
1222 5674 1304 5731 sed
1329 5674 1789 5745 inagistt'o'tribums
1817 5674 1963 5736 disci;

383 5757 415 5803 ν
440 5737 606 5788 .(urtmt
628 5737 820 5786 nt’mtns.
847 5737 1024 5785 Etenim
1048 5738 1132 5787 sub
1147 5739 1248 5790 lucc
1274 5741 1387 5792 :In‘it
1407 5737 1502 5793 non
1526 5753 1685 5795 Jeettm
1706 5780 1719 5806 ,
1746 5755 1840 5796 etc.

1145 317 1205 375 S.
1232 317 1506 374 JOANNIS
1542 313 2014 375 CHRYSOSTOMI
2055 311 2367 368 ARCIIIEP.
2409 309 2937 366 CONSTAN'IINOP.

3511 307 3625 362 (σε

2035 426 2148 480 sine
2163 425 2344 480 labore
2364 425 2750 493 pertraherent,
2773 433 2825 478 et
2842 426 3026 478 futurm
3041 421 3163 477 fidei
3185 422 3321 476 viam
3339 432 3608 491 pararent.

2027 516 2178 584 Quod
2207 526 2383 569 autem
2413 516 2527 570 lucc
2554 516 2866 586 baptismata
2898 515 3123 569 alterum
3150 515 3318 568 altero
3339 511 3470 567 nihil
3496 513 3615 581 plus

2033 607 2286 660 haberent
2312 608 2586 676 sequentia
2621 607 2874 660 indicant.
2901 606 3156 673 Qumnam
3179 604 3305 658 illa?
3331 603 3421 658 25.
3449 602 3614 658 Facta

2030 710 2123 764 est,
2158 698 2342 766 inquit,
2385 698 2594 762 quaestio
2641 715 2702 751 ex
2741 697 3002 766 discipulis
3029 695 3246 750 Joannis
3285 711 3399 749 cum
3423 693 3612 748 Judwo

2033 791 2096 842 de
2140 791 2511 860 puriﬁcatione.
2555 788 2860 843 Invidebant
2900 789 3094 858 quippe
3133 803 3344 856 semper
3370 785 3616 854 discipuli

2033 881 2252 937 Joannis
2290 881 2484 936 Chris:i
2521 882 2812 952 discipulis,
2841 881 2948 935 imo
2979 882 3073 950 ipsi
3101 879 3354 944 Christo;
3404 889 3459 932 et
3496 893 3616 931 cum

2037 972 2276 1026 viderent
2324 974 2444 1027 illos
2475 973 2763 1040 baptizare,
2797 986 2890 1026 eos
2921 972 3008 1041 qui
3050 971 3453 1038 baptizabantur
3481 968 3617 1022 allo-

2037 1062 2124 1132 qui
2157 1072 2452 1131 coeperunt,
2480 1063 2628 1132 quasi
2659 1062 2919 1130 baptisma
2965 1077 3116 1114 suum
3143 1059 3267 1128 quid
3295 1059 3415 1129 plus
3451 1059 3616 1112 habe-

2040 1163 2141 1220 ret,
2174 1170 2330 1224 quam
2378 1155 2636 1224 baptisma
2685 1154 3066 1223 discipulorum
3101 1153 3296 1208 Christi
3325 1171 3339 1208 :
3370 1161 3527 1221 atque
3553 1167 3618 1206 ex

2040 1242 2317 1312 baptizatis
2368 1246 2600 1314 aliquem
2639 1243 2832 1311 adorti,
2868 1244 2916 1298 id
2966 1244 3042 1298 illi
3084 1243 3404 1312 persuadere
3445 1244 3619 1296 conati

2039 1344 2184 1400 sunt,
2213 1349 2310 1389 nec
2331 1342 2635 1404 potuerunt.
2665 1334 2815 1400 Quod
2854 1343 3030 1388 autem
3071 1333 3166 1398 illi,
3194 1349 3298 1386 non
3327 1341 3500 1387 autem
3524 1331 3617 1386 Ju-

2041 1422 2191 1478 datus
2235 1424 2342 1490 ille,
2386 1425 2734 1494 quaestionem
2781 1432 3078 1490 moverint,
3120 1422 3242 1477 audi
3270 1423 3541 1493 quomodo
3572 1424 3622 1477 id

2043 1516 2363 1588 evangelista
2389 1517 2706 1573 subindicet.
2738 1517 2853 1572 Non
2886 1518 3028 1571 enim
3058 1516 3210 1582 dixit,
3239 1515 3480 1571 Judmum
3521 1515 3621 1569 ali-

2044 1624 2201 1678 quem
2230 1609 2296 1663 ah
2326 1609 2431 1664 illis
2475 1609 2804 1678 quaesivisse,
2835 1608 2930 1663 sed
2979 1623 3043 1662 ex
3083 1607 3307 1663 Joannis
3350 1607 3624 1675 discipulis

2044 1699 2390 1768 qutestionem
2413 1709 2609 1752 motam
2637 1698 2801 1755 fuisse
2829 1713 2950 1754 cum
2979 1697 3162 1754 Judaeo
3182 1697 3407 1769 quodam
3437 1697 3502 1751 dc
3524 1712 3623 1766 pu-

2045 1787 2360 1843 rificatione.

2116 1878 2172 1932 2.
2213 1877 2530 1934 Consideres
2565 1887 2740 1934 autem
2772 1881 2930 1934 velim
2964 1879 3304 1949 evangelistae
3333 1878 3620 1933 lenitatem.

2049 1969 2161 2023 Non
2189 1971 2330 2024 enim
2373 1970 2423 2023 in
2453 1970 2737 2025 adversum
2781 1969 3048 2024 invehitur
3070 2011 3084 2036 ,
3116 1969 3210 2024 sed
3256 1984 3351 2039 pro
3381 1969 3628 2022 facultate

2048 2063 2254 2132 culpam
2296 2063 2521 2130 minuit,
2567 2063 3025 2133 quiestionemque
3064 2063 3226 2116 fuisse
3265 2061 3640 2116 tantummodo

2048 2154 2196 2210 dicit.
2225 2154 2355 2209 Nam
2384 2155 2522 2225 quod
2549 2171 2612 2210 ex
2642 2155 2842 2210 invidia
2871 2155 2944 2209 illi
2975 2155 3174 2225 loquuti
3201 2155 3328 2221 sint,
3355 2156 3630 2225 sequentia

2051 2247 2303 2312 indicant,
2328 2263 2444 2317 qua:
2470 2249 2626 2302 etiam
2656 2249 2745 2303 ille
2771 2247 3044 2302 moderate
3070 2251 3297 2303 narravit
3323 2265 3336 2313 ;
3369 2265 3489 2302 nam
3517 2251 3628 2305 ait:

2049 2337 2138 2390 26.
2173 2335 2426 2392 Venerunt
2445 2337 2512 2390 ad
2531 2337 2780 2392 Joannem
2801 2347 2848 2392 et
2869 2339 3097 2392 dixerunt
3118 2339 3199 2393 ei:
3222 2338 3401 2403 Rabbi,
3420 2343 3508 2410 qui
3527 2349 3632 2394 erat

2053 2437 2212 2480 tecum
2239 2437 2378 2480 trans
2401 2426 2680 2482 Iordanem
2701 2469 2716 2494 ,
2745 2428 2827 2481 cui
2854 2437 2906 2480 tu
2935 2430 3268 2482 testimonium
3299 2429 3590 2499 perhibuisti
3613 2470 3629 2493 ,

2054 2536 2163 2573 ecce
2204 2519 2285 2573 Itic
2319 2519 2572 2589 baptizat,
2607 2529 2651 2572 et
2697 2536 2869 2574 omnes
2907 2521 3108 2573 veniunt
3148 2520 3216 2573 ad
3255 2537 3403 2583 cum;
3434 2521 3484 2574 id
3514 2529 3628 2584 cst,

2053 2611 2221 2680 Quem
2265 2620 2319 2664 tu
2363 2612 2671 2680 baptizasti;
2704 2626 2825 2666 nam
2866 2611 2992 2665 illud
3018 2651 3033 2676 ,
3077 2611 3171 2665 Cui
3209 2619 3262 2664 tu
3299 2612 3632 2666 testimonium

2055 2701 2366 2770 perhibuisti,
2398 2701 2499 2757 hoc
2529 2702 2726 2756 indicat
2745 2741 2760 2768 ,
2795 2717 2857 2756 ac
2885 2703 2928 2755 si
2954 2701 3213 2768 dicerent,
3240 2702 3408 2770 Quem
3433 2703 3632 2757 clarum

2054 2805 2108 2850 et
2126 2796 2469 2865 conspicuum
2490 2795 2735 2862 ell‘ecisti,
2760 2797 2874 2851 hzec
2895 2811 3012 2865 qua:
3039 2805 3092 2849 tu
3120 2795 3248 2850 facis
3269 2797 3428 2852 audet
3450 2812 3634 2867 aggre-

2055 2886 2129 2940 di.
2174 2886 2288 2940 Non
2331 2886 2611 2952 dixerunt,
2643 2886 2812 2954 Quem
2855 2897 2906 2940 tu
2953 2887 3231 2956 baptizasti
3263 2905 3275 2940 :
3305 2903 3427 2941 nam
3465 2887 3632 2941 coacti

2056 2976 2476 3032 fuissentvoeem
2501 2978 2642 3030 illam
2666 2991 2948 3046 supernam
2968 2993 3407 3044 commemorare,
3427 2993 3643 3032 necnon.

2055 3067 2284 3138 Spiritus
2311 3068 2479 3122 sancti
2507 3068 2820 3123 descensum
2848 3087 2862 3122 :
2885 3068 2978 3122 sed
3007 3068 3132 3138 quid
3161 3069 3378 3124 dicunt?
3409 3069 3506 3133 Qui
3530 3079 3637 3123 erat

2058 3167 2218 3211 tecum
2245 3168 2383 3212 trans
2410 3158 2686 3212 Iordanem
2705 3200 2720 3225 ,
2748 3159 2828 3212 cui
2856 3169 2908 3212 tu
2941 3160 3275 3213 testimonium
3304 3159 3595 3230 perhibuisti
3619 3173 3636 3211 :

2059 3249 2110 3303 id
2141 3259 2242 3315 est,
2270 3249 2371 3315 Qui
2395 3250 2446 3302 in
2472 3248 2849 3320 discipulorum
2876 3250 3063 3304 ordine
3087 3260 3221 3315 erat,
3245 3251 3334 3320 qui
3360 3249 3488 3304 nihil
3521 3250 3639 3319 plus

2061 3340 2287 3396 habebat
2313 3357 2471 3411 quam
2505 3356 2601 3397 nos
2621 3381 2634 3407 ,
2672 3342 2715 3395 is
2745 3355 2804 3396 se
2834 3341 2929 3396 abs
2959 3351 3009 3396 te
3037 3356 3320 3412 segregans
3340 3381 3354 3407 ,
3389 3341 3636 3410 baptizat.

2061 3432 2175 3487 Non
2205 3433 2307 3488 hoc
2334 3444 2510 3487 autem
2539 3434 2708 3486 solum
2739 3433 2897 3486 modo
2925 3433 3177 3502 putabant
3203 3447 3262 3487 se
3291 3433 3438 3486 illum
3464 3433 3641 3485 conci-

2064 3534 2177 3579 tare
2198 3539 2371 3595 posse,
2394 3524 2485 3579 sed
2509 3523 2648 3594 quod
2668 3523 2826 3578 etiam
2846 3537 2938 3576 sua
2953 3524 3060 3592 jam
3085 3523 3260 3576 minus
3278 3523 3417 3576 clara
3437 3531 3489 3576 et
3507 3536 3630 3575 cou-

2064 3616 2245 3684 Spicua
2277 3617 2450 3670 forent
2478 3633 2490 3669 :
2525 3615 2711 3669 Omnes
2737 3615 2866 3668 enim
2891 3616 3089 3667 veniunt
3121 3614 3188 3666 ad
3216 3630 3347 3678 eum,
3377 3613 3636 3682 inquiunt.

2069 3705 2218 3761 Unde
2245 3707 2413 3775 palam
2446 3715 2522 3760 est
2555 3720 2648 3760 eos
2680 3720 2777 3759 nee
2805 3703 3067 3768 Judaeum,
3101 3705 3312 3774 quicum
3342 3705 3642 3772 disputave-

2065 3809 2185 3854 rant
2208 3839 2221 3863 ,
2255 3799 2320 3853 ad
2350 3813 2498 3852 suam
2529 3798 2846 3853 sententiam
2883 3796 3187 3850 adduxisse.
3219 3797 3342 3850 llaec
3373 3810 3531 3865 porro
3555 3794 3641 3849 di-

2064 3891 2257 3946 cebant
2275 3931 2290 3956 ,
2317 3890 2456 3960 quod
2482 3889 2655 3944 adhuc
2682 3888 3121 3956 imperfectiores,
3153 3905 3251 3943 nec
3280 3903 3498 3958 prorsus
3526 3903 3642 3943 am-

2065 3982 2265 4036 bitione
2308 3983 2456 4034 vacui
2499 3988 2696 4035 essent.
2743 3980 2880 4048 Quid
2918 3995 3043 4049 ergo
3073 3979 3342 4033 Joannes?
3382 3979 3489 4033 Nec
3530 3981 3642 4049 ipse

2068 4076 2188 4130 illos
2214 4075 2560 4129 vehementer
2587 4073 2779 4143 arguit,
2809 4089 2874 4126 ne
2900 4088 2959 4127 se
2991 4071 3174 4125 relicto
3201 4070 3344 4124 aliud
3373 4071 3641 4140 quidpiam

2067 4165 2193 4220 mali
2223 4166 2666 4236 aggrederentur;
2701 4164 2792 4218 sed
2821 4162 2945 4232 quid
2976 4161 3143 4216 dicit?
3170 4160 3260 4216 27.
3296 4160 3458 4213 Nemo
3487 4169 3646 4230 potest

2067 4261 2293 4330 accipere
2329 4259 2621 4329 quidquam,
2655 4257 2752 4310 nisi
2781 4256 2931 4324 fuerit
2959 4256 3002 4309 ei
3029 4257 3200 4309 datum
3228 4255 3290 4307 de
3318 4254 3463 4308 caelo.
3493 4253 3642 4318 Quod

2069 4353 2111 4406 si
2143 4352 2391 4405 humilius
2419 4351 2663 4420 loquatur
2686 4348 2753 4403 de
2779 4347 3022 4414 Christo,
3053 4362 3119 4401 ne
3145 4346 3385 4411 mireris;
3417 4360 3519 4399 non
3551 4360 3646 4413 po-

2071 4453 2208 4498 terat
2251 4443 2340 4497 tali
2369 4441 2558 4496 all'ectu
2591 4447 2990 4510 praeoccupatos
3020 4438 3196 4492 statim
3228 4438 3404 4491 omnia
3433 4435 3644 4490 docere.

2068 4533 2171 4588 Sed
2209 4533 2319 4586 vult
2352 4533 2562 4585 interim
2608 4531 2726 4584 illos
2767 4537 2971 4584 terrere
2994 4569 3012 4596 ,
3053 4529 3288 4597 ipsisque
3327 4526 3608 4581 ostendere
3631 4568 3645 4591 ,

2070 4623 2216 4692 ipsos
2247 4637 2349 4676 non
2395 4621 2484 4675 alii
2524 4636 2679 4691 quam
2725 4619 2834 4673 Deo
2879 4619 2976 4688 ipsi
3011 4617 3302 4682 adversari,
3342 4618 3464 4670 dum
3506 4617 3647 4669 illum

2071 4713 2470 4782 impugnarent;
2517 4711 2657 4782 quod
2707 4711 2877 4779 ipsum
2922 4709 3133 4764 dicebat
3179 4709 3434 4764 Gamaliel
3479 4726 3491 4760 :
3532 4706 3651 4760 Non

2071 4805 2295 4875 poteritis
2335 4805 2604 4859 dissoluere
2645 4801 2774 4856 illud
2798 4843 2814 4869 ,
2843 4800 3110 4871 nequando
3148 4810 3195 4854 et
3231 4800 3338 4853 Deo
3373 4814 3652 4870 repugnare

2071 4897 2395 4966 reperiamini
2417 4897 2433 4927 ¹
2461 4896 2600 4964 (Act.
2631 4895 2683 4949 5.
2714 4895 2826 4962 59).
2862 4892 2970 4946 Hoc
2995 4902 3048 4946 et
3074 4892 3186 4961 ipse
3212 4893 3537 4945 subobscure
3561 4888 3653 4941 ad-

2071 4989 2244 5042 struit.
2287 4974 2420 5044 Cttm
2461 4987 2601 5041 enim
2642 4985 2806 5049 dicit,
2850 4982 3016 5036 Nemo
3056 4992 3215 5052 potest
3254 4982 3517 5049 accipere,
3559 4979 3654 5031 nisi

2071 5079 2219 5151 fuerit
2257 5082 2301 5133 ei
2349 5081 2522 5134 datum
2561 5079 2625 5132 de
2651 5077 2810 5141 cwlo;
2841 5075 2971 5129 nihil
2993 5076 3133 5129 aliud
3166 5073 3427 5144 signiﬁcat
3451 5112 3465 5137 ,
3494 5085 3652 5138 quam

2073 5170 2217 5239 ipsos
2254 5167 2600 5240 impossibilia
2630 5167 2844 5237 aggredi
2871 5208 2885 5232 ,
2919 5167 3150 5235 hincque
3181 5164 3292 5217 Deo
3317 5160 3654 5214 adversarios

2071 5261 2420 5331 deprehendi.
2442 5261 2578 5328 Quid
2605 5260 2801 5330 igitur?
2832 5257 3080 5312 Theudas
3105 5268 3280 5310 nonne
3307 5267 3337 5306 a
3363 5251 3539 5319 seipso
3563 5266 3654 5304 ac-

2072 5352 2324 5421 ceperat?
2368 5354 2660 5419 Acceperat
2702 5347 2952 5417 quidem,
2999 5346 3091 5400 sed
3141 5344 3317 5398 statim
3363 5349 3657 5410 prostratus

2075 5442 2229 5511 periit
2259 5459 2271 5493 :
2299 5457 2385 5494 res
2430 5451 2605 5494 autem
2650 5439 2846 5492 Christi
2889 5453 2992 5490 non
3039 5437 3135 5490 sic.
3189 5435 3320 5486 Ilinc
3366 5446 3459 5484 eos
3497 5433 3656 5484 etiam

2073 5531 2274 5586 sensim
2325 5530 2666 5594 consolatur,
2714 5527 3003 5581 ostendens
3049 5541 3153 5577 non
3205 5523 3514 5586 hominem,
3562 5518 3654 5572 sed

2075 5626 2238 5679 Deum
2281 5638 2399 5677 esse
2427 5623 2514 5692 qui
2546 5623 2689 5690 ipsos
2717 5619 2880 5689 gloria
2921 5626 3218 5685 superaret.
3253 5617 3583 5680 Quapropter
3609 5607 3655 5663 si

2142 5751 2156 5778 ³
2194 5747 2336 5798 uorel
2384 5747 2526 5810 legit,
2555 5759 2865 5809 rrprrwmur,
2894 5755 2997 5804 pro,
3014 5739 3337 5801 rcpcrumtim'.
