  <div class='ocr_page' id='page_1' title='image "/cluster/home/n/w/nwhite01/storage/ocr_20150623/59/mdp.39015009383640/168.png"; bbox 0 0 4068 6136; ppageno 0'>
   <div class='ocr_carea' id='block_1_1' title="bbox 365 319 470 378">
    <p class='ocr_par' dir='ltr' id='par_1_1' title="bbox 365 319 470 378">
     <span class='ocr_line' id='line_1_1' title="bbox 365 319 470 378; baseline -0.029 -1"><span class='ocrx_word' id='word_1_1' title='bbox 365 319 470 378; x_wconf 73' lang='lat'><strong>169</strong></span> 
     </span>
    </p>
   </div>
   <div class='ocr_carea' id='block_1_2' title="bbox 377 407 1954 500">
    <p class='ocr_par' dir='ltr' id='par_1_2' title="bbox 377 407 1954 500">
     <span class='ocr_line' id='line_1_2' title="bbox 377 407 1954 500; baseline -0.016 -15"><span class='ocrx_word' id='word_1_2' title='bbox 377 425 667 500; x_wconf 64' lang='lat' dir='ltr'><strong>splendidae</strong></span> <span class='ocrx_word' id='word_1_3' title='bbox 707 437 794 478; x_wconf 90' lang='lat' dir='ltr'><strong>res</strong></span> <span class='ocrx_word' id='word_1_4' title='bbox 833 421 950 490; x_wconf 81' lang='lat' dir='ltr'><strong>ejus</strong></span> <span class='ocrx_word' id='word_1_5' title='bbox 975 424 1192 481; x_wconf 86' lang='lat' dir='ltr'><strong>essent,</strong></span> <span class='ocrx_word' id='word_1_6' title='bbox 1220 416 1268 470; x_wconf 85' lang='lat' dir='ltr'><strong>si</strong></span> <span class='ocrx_word' id='word_1_7' title='bbox 1307 428 1494 470; x_wconf 88' lang='lat' dir='ltr'><strong>omnes</strong></span> <span class='ocrx_word' id='word_1_8' title='bbox 1535 411 1680 465; x_wconf 87' lang='lat' dir='ltr'><strong>illum</strong></span> <span class='ocrx_word' id='word_1_9' title='bbox 1710 407 1954 470; x_wconf 85' lang='lat' dir='ltr'><strong>adirent,</strong></span> 
     </span>
    </p>
   </div>
   <div class='ocr_carea' id='block_1_3' title="bbox 375 497 1958 577">
    <p class='ocr_par' dir='ltr' id='par_1_3' title="bbox 375 497 1958 577">
     <span class='ocr_line' id='line_1_3' title="bbox 375 497 1958 577; baseline -0.015 -3"><span class='ocrx_word' id='word_1_10' title='bbox 375 497 479 574; x_wconf 78' lang='lat' dir='ltr'><strong>non</strong></span> <span class='ocrx_word' id='word_1_11' title='bbox 509 514 811 571; x_wconf 87' lang='lat' dir='ltr'><strong>mirandum</strong></span> <span class='ocrx_word' id='word_1_12' title='bbox 841 526 995 572; x_wconf 81' lang='lat' dir='ltr'><strong>esse;</strong></span> <span class='ocrx_word' id='word_1_13' title='bbox 1029 506 1330 577; x_wconf 90' lang='lat' dir='ltr'><strong>hujusmodi</strong></span> <span class='ocrx_word' id='word_1_14' title='bbox 1359 505 1500 560; x_wconf 90' lang='lat' dir='ltr'><strong>enim</strong></span> <span class='ocrx_word' id='word_1_15' title='bbox 1531 509 1655 556; x_wconf 91' lang='lat' dir='ltr'><strong>sunt</strong></span> <span class='ocrx_word' id='word_1_16' title='bbox 1691 514 1777 554; x_wconf 89' lang='lat' dir='ltr'><strong>res</strong></span> <span class='ocrx_word' id='word_1_17' title='bbox 1823 497 1958 550; x_wconf 89' lang='lat' dir='ltr'><strong>divi-</strong></span> 
     </span>
    </p>
   </div>
   <div class='ocr_carea' id='block_1_4' title="bbox 376 585 1957 674">
    <p class='ocr_par' dir='ltr' id='par_1_4' title="bbox 376 585 1957 674">
     <span class='ocr_line' id='line_1_4' title="bbox 376 585 1957 674; baseline -0.016 -8"><span class='ocrx_word' id='word_1_18' title='bbox 376 625 490 674; x_wconf 72' lang='lat' dir='ltr'><strong>nat;</strong></span> <span class='ocrx_word' id='word_1_19' title='bbox 526 618 576 663; x_wconf 89' lang='lat' dir='ltr'><strong>et</strong></span> <span class='ocrx_word' id='word_1_20' title='bbox 611 606 776 660; x_wconf 91' lang='lat' dir='ltr'><strong>Deum</strong></span> <span class='ocrx_word' id='word_1_21' title='bbox 816 616 934 657; x_wconf 89' lang='lat' dir='ltr'><strong>esse</strong></span> <span class='ocrx_word' id='word_1_22' title='bbox 971 601 1060 670; x_wconf 87' lang='lat' dir='ltr'><strong>qui</strong></span> <span class='ocrx_word' id='word_1_23' title='bbox 1101 599 1250 653; x_wconf 60' lang='lat' dir='ltr'><strong>istaec</strong></span> <span class='ocrx_word' id='word_1_24' title='bbox 1289 602 1612 666; x_wconf 72' lang='lat' dir='ltr'><strong>appararet:</strong></span> <span class='ocrx_word' id='word_1_25' title='bbox 1648 590 1778 644; x_wconf 89' lang='lat' dir='ltr'><strong>alias</strong></span> <span class='ocrx_word' id='word_1_26' title='bbox 1815 585 1957 642; x_wconf 90' lang='lat' dir='ltr'><strong>enim</strong></span> 
     </span>
    </p>
   </div>
   <div class='ocr_carea' id='block_1_5' title="bbox 374 679 1962 758">
    <p class='ocr_par' dir='ltr' id='par_1_5' title="bbox 374 679 1962 758">
     <span class='ocr_line' id='line_1_5' title="bbox 374 679 1962 758; baseline -0.016 -1"><span class='ocrx_word' id='word_1_27' title='bbox 374 717 480 758; x_wconf 86' lang='lat' dir='ltr'><strong>non</strong></span> <span class='ocrx_word' id='word_1_28' title='bbox 510 707 718 755; x_wconf 85' lang='lat' dir='ltr'><strong>tantum</strong></span> <span class='ocrx_word' id='word_1_29' title='bbox 761 692 1107 749; x_wconf 77' lang='lat' dir='ltr'><strong>invaluissent</strong></span> <span class='ocrx_word' id='word_1_30' title='bbox 1129 692 1170 743; x_wconf 74' lang='grc'><strong>⁸.</strong></span> <span class='ocrx_word' id='word_1_31' title='bbox 1205 691 1443 744; x_wconf 85' lang='lat' dir='ltr'><strong>Humana</strong></span> <span class='ocrx_word' id='word_1_32' title='bbox 1469 686 1662 756; x_wconf 84' lang='lat' dir='ltr'><strong>quippe</strong></span> <span class='ocrx_word' id='word_1_33' title='bbox 1693 681 1844 736; x_wconf 66' lang='lat' dir='ltr'><strong>facile</strong></span> <span class='ocrx_word' id='word_1_34' title='bbox 1868 679 1962 734; x_wconf 85' lang='lat' dir='ltr'><strong>de-</strong></span> 
     </span>
    </p>
   </div>
   <div class='ocr_carea' id='block_1_6' title="bbox 378 776 1957 862">
    <p class='ocr_par' dir='ltr' id='par_1_6' title="bbox 378 776 1957 862">
     <span class='ocr_line' id='line_1_6' title="bbox 378 776 1957 862; baseline -0.016 -15"><span class='ocrx_word' id='word_1_35' title='bbox 378 789 804 862; x_wconf 89' lang='lat' dir='ltr'><strong>prehenduntur,</strong></span> <span class='ocrx_word' id='word_1_36' title='bbox 827 795 881 839; x_wconf 89' lang='lat' dir='ltr'><strong>et</strong></span> <span class='ocrx_word' id='word_1_37' title='bbox 903 783 1042 837; x_wconf 85' lang='lat' dir='ltr'><strong>ﬁuxa</strong></span> <span class='ocrx_word' id='word_1_38' title='bbox 1065 789 1212 844; x_wconf 90' lang='lat' dir='ltr'><strong>sunt,</strong></span> <span class='ocrx_word' id='word_1_39' title='bbox 1234 781 1342 835; x_wconf 90' lang='lat' dir='ltr'><strong>cito</strong></span> <span class='ocrx_word' id='word_1_40' title='bbox 1364 776 1609 833; x_wconf 85' lang='lat' dir='ltr'><strong>difﬂuunt</strong></span> <span class='ocrx_word' id='word_1_41' title='bbox 1629 784 1680 828; x_wconf 92' lang='lat' dir='ltr'><strong>et</strong></span> <span class='ocrx_word' id='word_1_42' title='bbox 1705 779 1957 842; x_wconf 90' lang='lat' dir='ltr'><strong>pereunt;</strong></span> 
     </span>
    </p>
   </div>
   <div class='ocr_carea' id='block_1_7' title="bbox 375 862 1962 954">
    <p class='ocr_par' dir='ltr' id='par_1_7' title="bbox 375 862 1962 954">
     <span class='ocr_line' id='line_1_7' title="bbox 375 862 1962 954; baseline -0.016 -15"><span class='ocrx_word' id='word_1_43' title='bbox 375 885 490 940; x_wconf 68' lang='lat' dir='ltr'><strong>haec</strong></span> <span class='ocrx_word' id='word_1_44' title='bbox 527 896 691 954; x_wconf 85' lang='lat' dir='ltr'><strong>porro</strong></span> <span class='ocrx_word' id='word_1_45' title='bbox 729 895 834 932; x_wconf 90' lang='lat' dir='ltr'><strong>non</strong></span> <span class='ocrx_word' id='word_1_46' title='bbox 871 877 1032 940; x_wconf 89' lang='lat' dir='ltr'><strong>item;</strong></span> <span class='ocrx_word' id='word_1_47' title='bbox 1073 888 1246 943; x_wconf 89' lang='lat' dir='ltr'><strong>neque</strong></span> <span class='ocrx_word' id='word_1_48' title='bbox 1274 873 1433 941; x_wconf 80' lang='lat' dir='ltr'><strong>igitur</strong></span> <span class='ocrx_word' id='word_1_49' title='bbox 1462 869 1691 922; x_wconf 87' lang='lat' dir='ltr'><strong>humana</strong></span> <span class='ocrx_word' id='word_1_50' title='bbox 1721 871 1864 919; x_wconf 91' lang='lat' dir='ltr'><strong>sunt.</strong></span> <span class='ocrx_word' id='word_1_51' title='bbox 1899 862 1962 915; x_wconf 86' lang='lat' dir='ltr'><strong>Et</strong></span> 
     </span>
    </p>
   </div>
   <div class='ocr_carea' id='block_1_8' title="bbox 374 953 1965 1037">
    <p class='ocr_par' dir='ltr' id='par_1_8' title="bbox 374 953 1965 1037">
     <span class='ocr_line' id='line_1_8' title="bbox 374 953 1965 1037; baseline -0.016 -9"><span class='ocrx_word' id='word_1_52' title='bbox 374 971 742 1028; x_wconf 75' lang='lat' dir='ltr'><strong>animadverte</strong></span> <span class='ocrx_word' id='word_1_53' title='bbox 767 966 1035 1037; x_wconf 85' lang='lat' dir='ltr'><strong>quomodo</strong></span> <span class='ocrx_word' id='word_1_54' title='bbox 1066 979 1186 1018; x_wconf 89' lang='lat' dir='ltr'><strong>cum</strong></span> <span class='ocrx_word' id='word_1_55' title='bbox 1219 963 1488 1024; x_wconf 86' lang='lat' dir='ltr'><strong>dicerent,</strong></span> <span class='ocrx_word' id='word_1_56' title='bbox 1519 957 1614 1014; x_wconf 88' lang='lat' dir='ltr'><strong>Cui</strong></span> <span class='ocrx_word' id='word_1_57' title='bbox 1649 966 1704 1008; x_wconf 86' lang='lat' dir='ltr'><strong>tu</strong></span> <span class='ocrx_word' id='word_1_58' title='bbox 1743 953 1965 1008; x_wconf 81' lang='lat' dir='ltr'><strong>testimo-</strong></span> 
     </span>
    </p>
   </div>
   <div class='ocr_carea' id='block_1_9' title="bbox 375 1044 1966 1134">
    <p class='ocr_par' dir='ltr' id='par_1_9' title="bbox 375 1044 1966 1134">
     <span class='ocr_line' id='line_1_9' title="bbox 375 1044 1966 1134; baseline -0.014 -15"><span class='ocrx_word' id='word_1_59' title='bbox 375 1066 517 1118; x_wconf 83' lang='lat' dir='ltr'><strong>nium</strong></span> <span class='ocrx_word' id='word_1_60' title='bbox 542 1059 837 1134; x_wconf 85' lang='lat' dir='ltr'><strong>perhibuisti</strong></span> <span class='ocrx_word' id='word_1_61' title='bbox 861 1099 874 1120; x_wconf 89' lang='lat'><strong>,</strong></span> <span class='ocrx_word' id='word_1_62' title='bbox 904 1065 1257 1126; x_wconf 88' lang='lat' dir='ltr'><strong>putarcutque</strong></span> <span class='ocrx_word' id='word_1_63' title='bbox 1286 1052 1412 1107; x_wconf 90' lang='lat' dir='ltr'><strong>illud</strong></span> <span class='ocrx_word' id='word_1_64' title='bbox 1438 1051 1504 1105; x_wconf 87' lang='lat' dir='ltr'><strong>ad</strong></span> <span class='ocrx_word' id='word_1_65' title='bbox 1535 1049 1802 1104; x_wconf 77' lang='lat' dir='ltr'><strong>Christum</strong></span> <span class='ocrx_word' id='word_1_66' title='bbox 1832 1044 1966 1112; x_wconf 86' lang='lat' dir='ltr'><strong>deji-</strong></span> 
     </span>
    </p>
   </div>
   <div class='ocr_carea' id='block_1_10' title="bbox 377 1136 1964 1215">
    <p class='ocr_par' dir='ltr' id='par_1_10' title="bbox 377 1136 1964 1215">
     <span class='ocr_line' id='line_1_10' title="bbox 377 1136 1964 1215; baseline -0.014 -4"><span class='ocrx_word' id='word_1_67' title='bbox 377 1155 624 1211; x_wconf 90' lang='lat' dir='ltr'><strong>ciendum</strong></span> <span class='ocrx_word' id='word_1_68' title='bbox 645 1151 968 1215; x_wconf 88' lang='lat' dir='ltr'><strong>conducere,</strong></span> <span class='ocrx_word' id='word_1_69' title='bbox 987 1148 1086 1202; x_wconf 87' lang='lat' dir='ltr'><strong>hoc</strong></span> <span class='ocrx_word' id='word_1_70' title='bbox 1107 1147 1280 1214; x_wconf 89' lang='lat' dir='ltr'><strong>ipsum</strong></span> <span class='ocrx_word' id='word_1_71' title='bbox 1303 1145 1353 1198; x_wconf 89' lang='lat' dir='ltr'><strong>in</strong></span> <span class='ocrx_word' id='word_1_72' title='bbox 1378 1143 1495 1197; x_wconf 92' lang='lat' dir='ltr'><strong>illos</strong></span> <span class='ocrx_word' id='word_1_73' title='bbox 1511 1148 1808 1196; x_wconf 86' lang='lat' dir='ltr'><strong>convertat.</strong></span> <span class='ocrx_word' id='word_1_74' title='bbox 1832 1136 1964 1190; x_wconf 84' lang='lat' dir='ltr'><strong>Nam</strong></span> 
     </span>
    </p>
   </div>
   <div class='ocr_carea' id='block_1_11' title="bbox 379 1227 1963 1318">
    <p class='ocr_par' dir='ltr' id='par_1_11' title="bbox 379 1227 1963 1318">
     <span class='ocr_line' id='line_1_11' title="bbox 379 1227 1963 1318; baseline -0.013 -16"><span class='ocrx_word' id='word_1_75' title='bbox 379 1247 527 1318; x_wconf 89' lang='lat' dir='ltr'><strong>prius</strong></span> <span class='ocrx_word' id='word_1_76' title='bbox 552 1260 672 1300; x_wconf 90' lang='lat' dir='ltr'><strong>cum</strong></span> <span class='ocrx_word' id='word_1_77' title='bbox 704 1241 1063 1304; x_wconf 88' lang='lat' dir='ltr'><strong>ostendisset,</strong></span> <span class='ocrx_word' id='word_1_78' title='bbox 1094 1253 1200 1292; x_wconf 89' lang='lat' dir='ltr'><strong>non</strong></span> <span class='ocrx_word' id='word_1_79' title='bbox 1231 1252 1296 1291; x_wconf 87' lang='lat' dir='ltr'><strong>ex</strong></span> <span class='ocrx_word' id='word_1_80' title='bbox 1335 1234 1642 1289; x_wconf 89' lang='lat' dir='ltr'><strong>testimonio</strong></span> <span class='ocrx_word' id='word_1_81' title='bbox 1679 1245 1777 1285; x_wconf 89' lang='lat' dir='ltr'><strong>suo</strong></span> <span class='ocrx_word' id='word_1_82' title='bbox 1804 1227 1963 1283; x_wconf 90' lang='lat' dir='ltr'><strong>Chri-</strong></span> 
     </span>
    </p>
   </div>
   <div class='ocr_carea' id='block_1_12' title="bbox 382 1317 1968 1396">
    <p class='ocr_par' dir='ltr' id='par_1_12' title="bbox 382 1317 1968 1396">
     <span class='ocr_line' id='line_1_12' title="bbox 382 1317 1968 1396; baseline -0.014 -4"><span class='ocrx_word' id='word_1_83' title='bbox 382 1317 524 1392; x_wconf 81' lang='lat' dir='ltr'><strong>stum</strong></span> <span class='ocrx_word' id='word_1_84' title='bbox 548 1335 753 1390; x_wconf 89' lang='lat' dir='ltr'><strong>clarum</strong></span> <span class='ocrx_word' id='word_1_85' title='bbox 779 1333 1016 1387; x_wconf 88' lang='lat' dir='ltr'><strong>evasisse</strong></span> <span class='ocrx_word' id='word_1_86' title='bbox 1038 1371 1053 1394; x_wconf 94' lang='lat'><strong>,</strong></span> <span class='ocrx_word' id='word_1_87' title='bbox 1089 1329 1211 1382; x_wconf 88' lang='lat' dir='ltr'><strong>hinc</strong></span> <span class='ocrx_word' id='word_1_88' title='bbox 1238 1335 1418 1396; x_wconf 88' lang='lat' dir='ltr'><strong>postea</strong></span> <span class='ocrx_word' id='word_1_89' title='bbox 1449 1325 1590 1394; x_wconf 90' lang='lat' dir='ltr'><strong>ipsos</strong></span> <span class='ocrx_word' id='word_1_90' title='bbox 1619 1320 1860 1390; x_wconf 87' lang='lat' dir='ltr'><strong>reprimit</strong></span> <span class='ocrx_word' id='word_1_91' title='bbox 1886 1317 1968 1372; x_wconf 85' lang='lat' dir='ltr'><strong>di-</strong></span> 
     </span>
    </p>
   </div>
   <div class='ocr_carea' id='block_1_13' title="bbox 383 1409 1971 1494">
    <p class='ocr_par' dir='ltr' id='par_1_13' title="bbox 383 1409 1971 1494">
     <span class='ocr_line' id='line_1_13' title="bbox 383 1409 1971 1494; baseline -0.013 -12"><span class='ocrx_word' id='word_1_92' title='bbox 383 1442 516 1482; x_wconf 86' lang='lat' dir='ltr'><strong>cens</strong></span> <span class='ocrx_word' id='word_1_93' title='bbox 538 1445 551 1480; x_wconf 89' lang='lat'><strong>:</strong></span> <span class='ocrx_word' id='word_1_94' title='bbox 575 1425 696 1480; x_wconf 83' lang='lat' dir='ltr'><strong>Non</strong></span> <span class='ocrx_word' id='word_1_95' title='bbox 717 1431 873 1494; x_wconf 77' lang='lat' dir='ltr'><strong>potest</strong></span> <span class='ocrx_word' id='word_1_96' title='bbox 901 1423 1048 1474; x_wconf 86' lang='lat' dir='ltr'><strong>homo</strong></span> <span class='ocrx_word' id='word_1_97' title='bbox 1071 1437 1101 1472; x_wconf 91' lang='lat' dir='ltr'><strong>a</strong></span> <span class='ocrx_word' id='word_1_98' title='bbox 1125 1420 1288 1488; x_wconf 87' lang='lat' dir='ltr'><strong>seipso</strong></span> <span class='ocrx_word' id='word_1_99' title='bbox 1310 1417 1535 1486; x_wconf 86' lang='lat' dir='ltr'><strong>accipere</strong></span> <span class='ocrx_word' id='word_1_100' title='bbox 1555 1413 1849 1483; x_wconf 84' lang='lat' dir='ltr'><strong>quidquam,</strong></span> <span class='ocrx_word' id='word_1_101' title='bbox 1874 1409 1971 1464; x_wconf 85' lang='lat' dir='ltr'><strong>nisi</strong></span> 
     </span>
    </p>
   </div>
   <div class='ocr_carea' id='block_1_14' title="bbox 383 1502 1968 1588">
    <p class='ocr_par' dir='ltr' id='par_1_14' title="bbox 383 1502 1968 1588">
     <span class='ocr_line' id='line_1_14' title="bbox 383 1502 1968 1588; baseline -0.013 -16"><span class='ocrx_word' id='word_1_102' title='bbox 383 1520 480 1588; x_wconf 81' lang='lat' dir='ltr'><strong>ipsi</strong></span> <span class='ocrx_word' id='word_1_103' title='bbox 519 1519 691 1571; x_wconf 83' lang='lat' dir='ltr'><strong>datum</strong></span> <span class='ocrx_word' id='word_1_104' title='bbox 733 1515 884 1586; x_wconf 75' lang='lat' dir='ltr'><strong>fuerit</strong></span> <span class='ocrx_word' id='word_1_105' title='bbox 925 1512 988 1565; x_wconf 84' lang='lat' dir='ltr'><strong>de</strong></span> <span class='ocrx_word' id='word_1_106' title='bbox 1028 1510 1171 1565; x_wconf 72' lang='lat' dir='ltr'><strong>uelo.</strong></span> <span class='ocrx_word' id='word_1_107' title='bbox 1221 1507 1357 1574; x_wconf 87' lang='lat' dir='ltr'><strong>Quid</strong></span> <span class='ocrx_word' id='word_1_108' title='bbox 1398 1508 1498 1559; x_wconf 89' lang='lat' dir='ltr'><strong>hoc</strong></span> <span class='ocrx_word' id='word_1_109' title='bbox 1539 1505 1658 1558; x_wconf 84' lang='lat' dir='ltr'><strong>est?</strong></span> <span class='ocrx_word' id='word_1_110' title='bbox 1698 1502 1752 1557; x_wconf 88' lang='lat' dir='ltr'><strong>Si</strong></span> <span class='ocrx_word' id='word_1_111' title='bbox 1794 1514 1968 1554; x_wconf 92' lang='lat' dir='ltr'><strong>meum</strong></span> 
     </span>
    </p>
   </div>
   <div class='ocr_carea' id='block_1_15' title="bbox 387 1591 1972 1680">
    <p class='ocr_par' dir='ltr' id='par_1_15' title="bbox 387 1591 1972 1680">
     <span class='ocr_line' id='line_1_15' title="bbox 387 1591 1972 1680; baseline -0.011 -18"><span class='ocrx_word' id='word_1_112' title='bbox 387 1623 604 1680; x_wconf 88' lang='lat' dir='ltr'><strong>prorsus</strong></span> <span class='ocrx_word' id='word_1_113' title='bbox 638 1604 996 1662; x_wconf 89' lang='lat' dir='ltr'><strong>testimonium</strong></span> <span class='ocrx_word' id='word_1_114' title='bbox 1025 1601 1263 1669; x_wconf 82' lang='lat' dir='ltr'><strong>accipitis</strong></span> <span class='ocrx_word' id='word_1_115' title='bbox 1283 1641 1296 1663; x_wconf 88' lang='lat'><strong>,</strong></span> <span class='ocrx_word' id='word_1_116' title='bbox 1329 1606 1383 1652; x_wconf 91' lang='lat' dir='ltr'><strong>et</strong></span> <span class='ocrx_word' id='word_1_117' title='bbox 1410 1611 1592 1650; x_wconf 90' lang='lat' dir='ltr'><strong>verum</strong></span> <span class='ocrx_word' id='word_1_118' title='bbox 1622 1594 1853 1665; x_wconf 86' lang='lat' dir='ltr'><strong>putatis,</strong></span> <span class='ocrx_word' id='word_1_119' title='bbox 1887 1591 1972 1645; x_wconf 86' lang='lat' dir='ltr'><strong>vel</strong></span> 
     </span>
    </p>
   </div>
   <div class='ocr_carea' id='block_1_16' title="bbox 387 1683 1974 1762">
    <p class='ocr_par' dir='ltr' id='par_1_16' title="bbox 387 1683 1974 1762">
     <span class='ocr_line' id='line_1_16' title="bbox 387 1683 1974 1762; baseline -0.014 -4"><span class='ocrx_word' id='word_1_120' title='bbox 387 1719 455 1757; x_wconf 81' lang='lat' dir='ltr'><strong>ex</strong></span> <span class='ocrx_word' id='word_1_121' title='bbox 498 1716 562 1756; x_wconf 90' lang='lat' dir='ltr'><strong>eo</strong></span> <span class='ocrx_word' id='word_1_122' title='bbox 599 1700 822 1762; x_wconf 88' lang='lat' dir='ltr'><strong>discite,</strong></span> <span class='ocrx_word' id='word_1_123' title='bbox 849 1712 954 1749; x_wconf 89' lang='lat' dir='ltr'><strong>non</strong></span> <span class='ocrx_word' id='word_1_124' title='bbox 999 1708 1084 1747; x_wconf 90' lang='lat' dir='ltr'><strong>me</strong></span> <span class='ocrx_word' id='word_1_125' title='bbox 1107 1735 1122 1757; x_wconf 91' lang='lat'><strong>,</strong></span> <span class='ocrx_word' id='word_1_126' title='bbox 1159 1691 1252 1746; x_wconf 90' lang='lat' dir='ltr'><strong>sed</strong></span> <span class='ocrx_word' id='word_1_127' title='bbox 1291 1690 1434 1744; x_wconf 90' lang='lat' dir='ltr'><strong>illum</strong></span> <span class='ocrx_word' id='word_1_128' title='bbox 1473 1687 1729 1756; x_wconf 88' lang='lat' dir='ltr'><strong>potiorem</strong></span> <span class='ocrx_word' id='word_1_129' title='bbox 1778 1683 1974 1737; x_wconf 89' lang='lat' dir='ltr'><strong>haben-</strong></span> 
     </span>
    </p>
   </div>
   <div class='ocr_carea' id='block_1_17' title="bbox 389 1773 1974 1856">
    <p class='ocr_par' dir='ltr' id='par_1_17' title="bbox 389 1773 1974 1856">
     <span class='ocr_line' id='line_1_17' title="bbox 389 1773 1974 1856; baseline -0.013 -9"><span class='ocrx_word' id='word_1_130' title='bbox 389 1794 512 1848; x_wconf 89' lang='lat' dir='ltr'><strong>dum</strong></span> <span class='ocrx_word' id='word_1_131' title='bbox 539 1805 676 1846; x_wconf 87' lang='lat' dir='ltr'><strong>esse.</strong></span> <span class='ocrx_word' id='word_1_132' title='bbox 707 1786 843 1856; x_wconf 84' lang='lat' dir='ltr'><strong>Quid</strong></span> <span class='ocrx_word' id='word_1_133' title='bbox 871 1787 1012 1840; x_wconf 81' lang='lat' dir='ltr'><strong>enim</strong></span> <span class='ocrx_word' id='word_1_134' title='bbox 1046 1783 1362 1838; x_wconf 74' lang='lat' dir='ltr'><strong>testiﬁcatus</strong></span> <span class='ocrx_word' id='word_1_135' title='bbox 1387 1777 1544 1833; x_wconf 84' lang='lat' dir='ltr'><strong>sum?</strong></span> <span class='ocrx_word' id='word_1_136' title='bbox 1574 1776 1680 1831; x_wconf 84' lang='lat' dir='ltr'><strong>Vos</strong></span> <span class='ocrx_word' id='word_1_137' title='bbox 1705 1788 1870 1829; x_wconf 90' lang='lat' dir='ltr'><strong>evoco</strong></span> <span class='ocrx_word' id='word_1_138' title='bbox 1899 1773 1974 1826; x_wconf 91' lang='lat' dir='ltr'><strong>rei</strong></span> 
     </span>
    </p>
   </div>
   <div class='ocr_carea' id='block_1_18' title="bbox 391 1865 1977 1944">
    <p class='ocr_par' dir='ltr' id='par_1_18' title="bbox 391 1865 1977 1944">
     <span class='ocr_line' id='line_1_18' title="bbox 391 1865 1977 1944; baseline -0.015 -6"><span class='ocrx_word' id='word_1_139' title='bbox 391 1895 574 1940; x_wconf 87' lang='lat' dir='ltr'><strong>testes.</strong></span> <span class='ocrx_word' id='word_1_140' title='bbox 606 1881 730 1936; x_wconf 88' lang='lat' dir='ltr'><strong>Ideo</strong></span> <span class='ocrx_word' id='word_1_141' title='bbox 756 1879 902 1933; x_wconf 80' lang='lat' dir='ltr'><strong>addit</strong></span> <span class='ocrx_word' id='word_1_142' title='bbox 928 1894 941 1929; x_wconf 92' lang='lat'>:</span> <span class='ocrx_word' id='word_1_143' title='bbox 969 1875 1060 1931; x_wconf 74' lang='grc'><strong>28.</strong></span> <span class='ocrx_word' id='word_1_144' title='bbox 1094 1873 1204 1944; x_wconf 88' lang='lat' dir='ltr'><strong>Ipsi</strong></span> <span class='ocrx_word' id='word_1_145' title='bbox 1232 1888 1318 1927; x_wconf 83' lang='lat' dir='ltr'><strong>vos</strong></span> <span class='ocrx_word' id='word_1_146' title='bbox 1347 1870 1467 1923; x_wconf 86' lang='lat' dir='ltr'><strong>mihi</strong></span> <span class='ocrx_word' id='word_1_147' title='bbox 1495 1865 1835 1923; x_wconf 86' lang='lat' dir='ltr'><strong>testimonium</strong></span> <span class='ocrx_word' id='word_1_148' title='bbox 1863 1880 1977 1932; x_wconf 88' lang='lat' dir='ltr'><strong>per-</strong></span> 
     </span>
    </p>
   </div>
   <div class='ocr_carea' id='block_1_19' title="bbox 390 1956 1978 2042">
    <p class='ocr_par' dir='ltr' id='par_1_19' title="bbox 390 1956 1978 2042">
     <span class='ocr_line' id='line_1_19' title="bbox 390 1956 1978 2042; baseline -0.014 -13"><span class='ocrx_word' id='word_1_149' title='bbox 390 1975 586 2037; x_wconf 81' lang='lat' dir='ltr'><strong>hibetis,</strong></span> <span class='ocrx_word' id='word_1_150' title='bbox 609 1972 744 2042; x_wconf 76' lang='lat' dir='ltr'><strong>quod</strong></span> <span class='ocrx_word' id='word_1_151' title='bbox 767 1968 1002 2030; x_wconf 77' lang='lat' dir='ltr'><strong>dixerint,</strong></span> <span class='ocrx_word' id='word_1_152' title='bbox 1031 1965 1150 2019; x_wconf 82' lang='lat' dir='ltr'><strong>Non</strong></span> <span class='ocrx_word' id='word_1_153' title='bbox 1173 1981 1282 2018; x_wconf 88' lang='lat' dir='ltr'><strong>sum</strong></span> <span class='ocrx_word' id='word_1_154' title='bbox 1305 1977 1396 2032; x_wconf 85' lang='lat' dir='ltr'><strong>ego</strong></span> <span class='ocrx_word' id='word_1_155' title='bbox 1417 1960 1664 2021; x_wconf 82' lang='lat' dir='ltr'><strong>Christus,</strong></span> <span class='ocrx_word' id='word_1_156' title='bbox 1689 1958 1775 2011; x_wconf 88' lang='lat' dir='ltr'><strong>sed</strong></span> <span class='ocrx_word' id='word_1_157' title='bbox 1797 1956 1978 2008; x_wconf 85' lang='lat' dir='ltr'><strong>missus</strong></span> 
     </span>
    </p>
   </div>
   <div class='ocr_carea' id='block_1_20' title="bbox 391 2045 1979 2127">
    <p class='ocr_par' dir='ltr' id='par_1_20' title="bbox 391 2045 1979 2127">
     <span class='ocr_line' id='line_1_20' title="bbox 391 2045 1979 2127; baseline -0.012 -8"><span class='ocrx_word' id='word_1_158' title='bbox 391 2082 499 2119; x_wconf 88' lang='lat' dir='ltr'><strong>sum</strong></span> <span class='ocrx_word' id='word_1_159' title='bbox 522 2073 638 2116; x_wconf 87' lang='lat' dir='ltr'><strong>ante</strong></span> <span class='ocrx_word' id='word_1_160' title='bbox 657 2062 826 2116; x_wconf 85' lang='lat' dir='ltr'><strong>illum.</strong></span> <span class='ocrx_word' id='word_1_161' title='bbox 850 2059 904 2114; x_wconf 86' lang='lat' dir='ltr'><strong>Si</strong></span> <span class='ocrx_word' id='word_1_162' title='bbox 927 2071 1056 2127; x_wconf 88' lang='lat' dir='ltr'><strong>ergo</strong></span> <span class='ocrx_word' id='word_1_163' title='bbox 1077 2071 1196 2110; x_wconf 90' lang='lat' dir='ltr'><strong>meo</strong></span> <span class='ocrx_word' id='word_1_164' title='bbox 1220 2055 1484 2108; x_wconf 76' lang='lat' dir='ltr'><strong>hmrentes</strong></span> <span class='ocrx_word' id='word_1_165' title='bbox 1511 2049 1836 2112; x_wconf 89' lang='lat' dir='ltr'><strong>testimonio,</strong></span> <span class='ocrx_word' id='word_1_166' title='bbox 1863 2045 1979 2100; x_wconf 65' lang='lat' dir='ltr'><strong>haec</strong></span> 
     </span>
    </p>
   </div>
   <div class='ocr_carea' id='block_1_21' title="bbox 391 2139 1980 2225">
    <p class='ocr_par' dir='ltr' id='par_1_21' title="bbox 391 2139 1980 2225">
     <span class='ocr_line' id='line_1_21' title="bbox 391 2139 1980 2225; baseline -0.015 -11"><span class='ocrx_word' id='word_1_167' title='bbox 391 2159 517 2214; x_wconf 87' lang='lat' dir='ltr'><strong>mihi</strong></span> <span class='ocrx_word' id='word_1_168' title='bbox 558 2154 786 2225; x_wconf 86' lang='lat' dir='ltr'><strong>objicitis</strong></span> <span class='ocrx_word' id='word_1_169' title='bbox 821 2153 1060 2208; x_wconf 85' lang='lat' dir='ltr'><strong>dicentes</strong></span> <span class='ocrx_word' id='word_1_170' title='bbox 1083 2189 1097 2213; x_wconf 89' lang='lat'><strong>,</strong></span> <span class='ocrx_word' id='word_1_171' title='bbox 1129 2147 1222 2202; x_wconf 86' lang='lat' dir='ltr'><strong>Cui</strong></span> <span class='ocrx_word' id='word_1_172' title='bbox 1263 2144 1599 2199; x_wconf 87' lang='lat' dir='ltr'><strong>testimonium</strong></span> <span class='ocrx_word' id='word_1_173' title='bbox 1638 2139 1936 2212; x_wconf 85' lang='lat' dir='ltr'><strong>perhibuisti</strong></span> <span class='ocrx_word' id='word_1_174' title='bbox 1962 2153 1980 2190; x_wconf 90' lang='lat'><em>:</em></span> 
     </span>
    </p>
   </div>
   <div class='ocr_carea' id='block_1_22' title="bbox 392 2232 1972 2306">
    <p class='ocr_par' dir='ltr' id='par_1_22' title="bbox 392 2232 1972 2306">
     <span class='ocr_line' id='line_1_22' title="bbox 392 2232 1972 2306; baseline -0.014 0"><span class='ocrx_word' id='word_1_175' title='bbox 392 2267 496 2306; x_wconf 79' lang='lat' dir='ltr'><strong>non</strong></span> <span class='ocrx_word' id='word_1_176' title='bbox 525 2248 683 2304; x_wconf 91' lang='lat' dir='ltr'><strong>modo</strong></span> <span class='ocrx_word' id='word_1_177' title='bbox 710 2262 811 2300; x_wconf 90' lang='lat' dir='ltr'><strong>non</strong></span> <span class='ocrx_word' id='word_1_178' title='bbox 841 2245 928 2299; x_wconf 89' lang='lat' dir='ltr'><strong>ille</strong></span> <span class='ocrx_word' id='word_1_179' title='bbox 955 2241 1264 2297; x_wconf 91' lang='lat' dir='ltr'><strong>imminutus</strong></span> <span class='ocrx_word' id='word_1_180' title='bbox 1287 2237 1384 2291; x_wconf 91' lang='lat' dir='ltr'><strong>fuit</strong></span> <span class='ocrx_word' id='word_1_181' title='bbox 1407 2251 1471 2291; x_wconf 90' lang='lat' dir='ltr'><strong>ex</strong></span> <span class='ocrx_word' id='word_1_182' title='bbox 1499 2232 1802 2289; x_wconf 92' lang='lat' dir='ltr'><strong>testimonio</strong></span> <span class='ocrx_word' id='word_1_183' title='bbox 1831 2245 1972 2297; x_wconf 92' lang='lat' dir='ltr'><strong>meo,</strong></span> 
     </span>
    </p>
   </div>
   <div class='ocr_carea' id='block_1_23' title="bbox 394 2327 1976 2408">
    <p class='ocr_par' dir='ltr' id='par_1_23' title="bbox 394 2327 1976 2408">
     <span class='ocr_line' id='line_1_23' title="bbox 394 2327 1976 2408; baseline -0.015 -10"><span class='ocrx_word' id='word_1_184' title='bbox 394 2341 487 2398; x_wconf 88' lang='lat' dir='ltr'><strong>sed</strong></span> <span class='ocrx_word' id='word_1_185' title='bbox 526 2355 592 2395; x_wconf 84' lang='lat' dir='ltr'><strong>ex</strong></span> <span class='ocrx_word' id='word_1_186' title='bbox 638 2339 728 2393; x_wconf 90' lang='lat' dir='ltr'><strong>illo</strong></span> <span class='ocrx_word' id='word_1_187' title='bbox 769 2336 1053 2408; x_wconf 91' lang='lat' dir='ltr'><strong>plurimum</strong></span> <span class='ocrx_word' id='word_1_188' title='bbox 1094 2339 1314 2400; x_wconf 84' lang='lat' dir='ltr'><strong>augetur</strong></span> <span class='ocrx_word' id='word_1_189' title='bbox 1351 2327 1626 2397; x_wconf 90' lang='lat' dir='ltr'><strong>:alioquiu</strong></span> <span class='ocrx_word' id='word_1_190' title='bbox 1665 2334 1839 2378; x_wconf 88' lang='lat' dir='ltr'><strong>autem</strong></span> <span class='ocrx_word' id='word_1_191' title='bbox 1874 2338 1976 2376; x_wconf 92' lang='lat' dir='ltr'><strong>non</strong></span> 
     </span>
    </p>
   </div>
   <div class='ocr_carea' id='block_1_24' title="bbox 397 2413 1984 2496">
    <p class='ocr_par' dir='ltr' id='par_1_24' title="bbox 397 2413 1984 2496">
     <span class='ocr_line' id='line_1_24' title="bbox 397 2413 1984 2496; baseline -0.012 -9"><span class='ocrx_word' id='word_1_192' title='bbox 397 2447 596 2496; x_wconf 91' lang='lat' dir='ltr'><strong>meum,</strong></span> <span class='ocrx_word' id='word_1_193' title='bbox 624 2427 718 2483; x_wconf 84' lang='lat' dir='ltr'><strong>sed</strong></span> <span class='ocrx_word' id='word_1_194' title='bbox 753 2427 843 2481; x_wconf 89' lang='lat' dir='ltr'><strong>Dei</strong></span> <span class='ocrx_word' id='word_1_195' title='bbox 872 2434 985 2481; x_wconf 90' lang='lat' dir='ltr'><strong>erat</strong></span> <span class='ocrx_word' id='word_1_196' title='bbox 1013 2421 1394 2480; x_wconf 90' lang='lat' dir='ltr'><strong>testimonium.</strong></span> <span class='ocrx_word' id='word_1_197' title='bbox 1423 2415 1781 2486; x_wconf 89' lang='lat' dir='ltr'><strong>Quamobrem</strong></span> <span class='ocrx_word' id='word_1_198' title='bbox 1808 2415 1851 2468; x_wconf 92' lang='lat' dir='ltr'><strong>si</strong></span> <span class='ocrx_word' id='word_1_199' title='bbox 1881 2413 1984 2468; x_wconf 91' lang='lat' dir='ltr'><strong>ﬁde</strong></span> 
     </span>
    </p>
   </div>
   <div class='ocr_carea' id='block_1_25' title="bbox 405 2505 1984 2593">
    <p class='ocr_par' dir='ltr' id='par_1_25' title="bbox 405 2505 1984 2593">
     <span class='ocr_line' id='line_1_25' title="bbox 405 2505 1984 2593; baseline -0.011 -15"><span class='ocrx_word' id='word_1_200' title='bbox 405 2523 597 2593; x_wconf 87' lang='lat' dir='ltr'><strong>dignus</strong></span> <span class='ocrx_word' id='word_1_201' title='bbox 625 2519 772 2574; x_wconf 89' lang='lat' dir='ltr'><strong>vobis</strong></span> <span class='ocrx_word' id='word_1_202' title='bbox 801 2517 981 2573; x_wconf 88' lang='lat' dir='ltr'><strong>videar</strong></span> <span class='ocrx_word' id='word_1_203' title='bbox 1010 2530 1130 2572; x_wconf 89' lang='lat' dir='ltr'><strong>esse</strong></span> <span class='ocrx_word' id='word_1_204' title='bbox 1154 2556 1168 2581; x_wconf 90' lang='lat'><strong>,</strong></span> <span class='ocrx_word' id='word_1_205' title='bbox 1203 2516 1304 2567; x_wconf 92' lang='lat' dir='ltr'><strong>hoc</strong></span> <span class='ocrx_word' id='word_1_206' title='bbox 1329 2512 1488 2566; x_wconf 89' lang='lat' dir='ltr'><strong>etiam</strong></span> <span class='ocrx_word' id='word_1_207' title='bbox 1520 2510 1659 2562; x_wconf 88' lang='lat' dir='ltr'><strong>inter</strong></span> <span class='ocrx_word' id='word_1_208' title='bbox 1684 2507 1787 2561; x_wconf 90' lang='lat' dir='ltr'><strong>alia</strong></span> <span class='ocrx_word' id='word_1_209' title='bbox 1819 2505 1984 2560; x_wconf 86' lang='lat' dir='ltr'><strong>multa</strong></span> 
     </span>
    </p>
   </div>
   <div class='ocr_carea' id='block_1_26' title="bbox 403 2597 1987 2680">
    <p class='ocr_par' dir='ltr' id='par_1_26' title="bbox 403 2597 1987 2680">
     <span class='ocr_line' id='line_1_26' title="bbox 403 2597 1987 2680; baseline -0.012 -11"><span class='ocrx_word' id='word_1_210' title='bbox 403 2615 514 2669; x_wconf 91' lang='lat' dir='ltr'><strong>dixi</strong></span> <span class='ocrx_word' id='word_1_211' title='bbox 539 2653 556 2680; x_wconf 93' lang='lat'><strong>,</strong></span> <span class='ocrx_word' id='word_1_212' title='bbox 587 2627 673 2667; x_wconf 91' lang='lat' dir='ltr'><strong>me</strong></span> <span class='ocrx_word' id='word_1_213' title='bbox 702 2611 925 2665; x_wconf 90' lang='lat' dir='ltr'><strong>missum</strong></span> <span class='ocrx_word' id='word_1_214' title='bbox 966 2607 1127 2661; x_wconf 86' lang='lat' dir='ltr'><strong>fuisse</strong></span> <span class='ocrx_word' id='word_1_215' title='bbox 1156 2613 1279 2659; x_wconf 89' lang='lat' dir='ltr'><strong>ante</strong></span> <span class='ocrx_word' id='word_1_216' title='bbox 1309 2603 1480 2656; x_wconf 90' lang='lat' dir='ltr'><strong>illum.</strong></span> <span class='ocrx_word' id='word_1_217' title='bbox 1507 2598 1694 2654; x_wconf 80' lang='lat' dir='ltr'><strong>Viden‘</strong></span> <span class='ocrx_word' id='word_1_218' title='bbox 1720 2597 1987 2668; x_wconf 83' lang='lat' dir='ltr'><strong>quomodo</strong></span> 
     </span>
    </p>
   </div>
   <div class='ocr_carea' id='block_1_27' title="bbox 405 2686 1989 2776">
    <p class='ocr_par' dir='ltr' id='par_1_27' title="bbox 405 2686 1989 2776">
     <span class='ocr_line' id='line_1_27' title="bbox 405 2686 1989 2776; baseline -0.014 -16"><span class='ocrx_word' id='word_1_219' title='bbox 405 2705 660 2776; x_wconf 86' lang='lat' dir='ltr'><strong>paulatim</strong></span> <span class='ocrx_word' id='word_1_220' title='bbox 708 2701 954 2756; x_wconf 90' lang='lat' dir='ltr'><strong>ostendat</strong></span> <span class='ocrx_word' id='word_1_221' title='bbox 991 2712 1176 2753; x_wconf 88' lang='lat' dir='ltr'><strong>vocem</strong></span> <span class='ocrx_word' id='word_1_222' title='bbox 1223 2695 1366 2750; x_wconf 87' lang='lat' dir='ltr'><strong>illam</strong></span> <span class='ocrx_word' id='word_1_223' title='bbox 1407 2706 1525 2748; x_wconf 90' lang='lat' dir='ltr'><strong>esse</strong></span> <span class='ocrx_word' id='word_1_224' title='bbox 1565 2689 1836 2745; x_wconf 82' lang='lat' dir='ltr'><strong>divinam?</strong></span> <span class='ocrx_word' id='word_1_225' title='bbox 1877 2686 1989 2741; x_wconf 89' lang='lat' dir='ltr'><strong>Iloc</strong></span> 
     </span>
    </p>
   </div>
   <div class='ocr_carea' id='block_1_28' title="bbox 407 2778 1989 2863">
    <p class='ocr_par' dir='ltr' id='par_1_28' title="bbox 407 2778 1989 2863">
     <span class='ocr_line' id='line_1_28' title="bbox 407 2778 1989 2863; baseline -0.012 -12"><span class='ocrx_word' id='word_1_226' title='bbox 407 2797 548 2852; x_wconf 90' lang='lat' dir='ltr'><strong>enim</strong></span> <span class='ocrx_word' id='word_1_227' title='bbox 591 2794 703 2849; x_wconf 90' lang='lat' dir='ltr'><strong>vult</strong></span> <span class='ocrx_word' id='word_1_228' title='bbox 748 2792 1090 2863; x_wconf 88' lang='lat' dir='ltr'><strong>signiﬁcare:</strong></span> <span class='ocrx_word' id='word_1_229' title='bbox 1123 2787 1361 2842; x_wconf 81' lang='lat' dir='ltr'><strong>Minister</strong></span> <span class='ocrx_word' id='word_1_230' title='bbox 1400 2797 1514 2838; x_wconf 91' lang='lat' dir='ltr'><strong>sum</strong></span> <span class='ocrx_word' id='word_1_231' title='bbox 1540 2822 1558 2847; x_wconf 88' lang='lat'><strong>,</strong></span> <span class='ocrx_word' id='word_1_232' title='bbox 1599 2789 1652 2836; x_wconf 91' lang='lat' dir='ltr'><strong>et</strong></span> <span class='ocrx_word' id='word_1_233' title='bbox 1691 2794 1753 2834; x_wconf 92' lang='lat' dir='ltr'><strong>ea</strong></span> <span class='ocrx_word' id='word_1_234' title='bbox 1802 2778 1989 2847; x_wconf 89' lang='lat' dir='ltr'><strong>loquor</strong></span> 
     </span>
    </p>
   </div>
   <div class='ocr_carea' id='block_1_29' title="bbox 412 2874 1990 2959">
    <p class='ocr_par' dir='ltr' id='par_1_29' title="bbox 412 2874 1990 2959">
     <span class='ocr_line' id='line_1_29' title="bbox 412 2874 1990 2959; baseline -0.013 -16"><span class='ocrx_word' id='word_1_235' title='bbox 412 2903 529 2959; x_wconf 80' lang='lat' dir='ltr'><strong>qua:</strong></span> <span class='ocrx_word' id='word_1_236' title='bbox 552 2886 617 2942; x_wconf 89' lang='lat' dir='ltr'><strong>ad</strong></span> <span class='ocrx_word' id='word_1_237' title='bbox 644 2886 938 2940; x_wconf 89' lang='lat' dir='ltr'><strong>mittentem</strong></span> <span class='ocrx_word' id='word_1_238' title='bbox 967 2897 1052 2936; x_wconf 90' lang='lat' dir='ltr'><strong>me</strong></span> <span class='ocrx_word' id='word_1_239' title='bbox 1076 2886 1351 2949; x_wconf 89' lang='lat' dir='ltr'><strong>spectant:</strong></span> <span class='ocrx_word' id='word_1_240' title='bbox 1382 2890 1488 2930; x_wconf 92' lang='lat' dir='ltr'><strong>non</strong></span> <span class='ocrx_word' id='word_1_241' title='bbox 1519 2874 1804 2926; x_wconf 85' lang='lat' dir='ltr'><strong>humanam</strong></span> <span class='ocrx_word' id='word_1_242' title='bbox 1829 2882 1990 2923; x_wconf 87' lang='lat' dir='ltr'><strong>aucu-</strong></span> 
     </span>
    </p>
   </div>
   <div class='ocr_carea' id='block_1_30' title="bbox 412 2960 1990 3050">
    <p class='ocr_par' dir='ltr' id='par_1_30' title="bbox 412 2960 1990 3050">
     <span class='ocr_line' id='line_1_30' title="bbox 412 2960 1990 3050; baseline -0.012 -17"><span class='ocrx_word' id='word_1_243' title='bbox 412 2995 508 3049; x_wconf 87' lang='lat' dir='ltr'><strong>por</strong></span> <span class='ocrx_word' id='word_1_244' title='bbox 545 2980 768 3050; x_wconf 83' lang='lat' dir='ltr'><strong>gratiam</strong></span> <span class='ocrx_word' id='word_1_245' title='bbox 794 3017 810 3043; x_wconf 94' lang='lat'><strong>,</strong></span> <span class='ocrx_word' id='word_1_246' title='bbox 842 2973 935 3030; x_wconf 90' lang='lat' dir='ltr'><strong>sed</strong></span> <span class='ocrx_word' id='word_1_247' title='bbox 982 2972 1154 3028; x_wconf 89' lang='lat' dir='ltr'><strong>Patris</strong></span> <span class='ocrx_word' id='word_1_248' title='bbox 1191 2969 1306 3040; x_wconf 89' lang='lat' dir='ltr'><strong>ejus</strong></span> <span class='ocrx_word' id='word_1_249' title='bbox 1335 2967 1424 3037; x_wconf 90' lang='lat' dir='ltr'><strong>qui</strong></span> <span class='ocrx_word' id='word_1_250' title='bbox 1458 2980 1546 3019; x_wconf 91' lang='lat' dir='ltr'><strong>me</strong></span> <span class='ocrx_word' id='word_1_251' title='bbox 1575 2962 1715 3018; x_wconf 91' lang='lat' dir='ltr'><strong>misit</strong></span> <span class='ocrx_word' id='word_1_252' title='bbox 1747 2960 1990 3015; x_wconf 84' lang='lat' dir='ltr'><strong>ministe-</strong></span> 
     </span>
    </p>
   </div>
   <div class='ocr_carea' id='block_1_31' title="bbox 415 3055 1988 3135">
    <p class='ocr_par' dir='ltr' id='par_1_31' title="bbox 415 3055 1988 3135">
     <span class='ocr_line' id='line_1_31' title="bbox 415 3055 1988 3135; baseline -0.013 -10"><span class='ocrx_word' id='word_1_253' title='bbox 415 3071 548 3125; x_wconf 87' lang='lat' dir='ltr'><strong>rium</strong></span> <span class='ocrx_word' id='word_1_254' title='bbox 577 3069 824 3125; x_wconf 77' lang='lat' dir='ltr'><strong>exhibeo.</strong></span> <span class='ocrx_word' id='word_1_255' title='bbox 854 3066 968 3120; x_wconf 85' lang='lat' dir='ltr'><strong>Non</strong></span> <span class='ocrx_word' id='word_1_256' title='bbox 995 3079 1122 3135; x_wconf 88' lang='lat' dir='ltr'><strong>ergo</strong></span> <span class='ocrx_word' id='word_1_257' title='bbox 1152 3061 1216 3117; x_wconf 90' lang='lat' dir='ltr'><strong>ad</strong></span> <span class='ocrx_word' id='word_1_258' title='bbox 1240 3061 1464 3131; x_wconf 79' lang='lat' dir='ltr'><strong>gratiam</strong></span> <span class='ocrx_word' id='word_1_259' title='bbox 1495 3055 1808 3112; x_wconf 89' lang='lat' dir='ltr'><strong>testiﬁcatus</strong></span> <span class='ocrx_word' id='word_1_260' title='bbox 1836 3067 1955 3107; x_wconf 91' lang='lat' dir='ltr'><strong>sum</strong></span> <span class='ocrx_word' id='word_1_261' title='bbox 1974 3091 1988 3115; x_wconf 87' lang='lat'><strong>,</strong></span> 
     </span>
    </p>
   </div>
   <div class='ocr_carea' id='block_1_32' title="bbox 418 3144 1994 3228">
    <p class='ocr_par' dir='ltr' id='par_1_32' title="bbox 418 3144 1994 3228">
     <span class='ocr_line' id='line_1_32' title="bbox 418 3144 1994 3228; baseline -0.013 -9"><span class='ocrx_word' id='word_1_262' title='bbox 418 3161 509 3218; x_wconf 89' lang='lat' dir='ltr'><strong>sed</strong></span> <span class='ocrx_word' id='word_1_263' title='bbox 539 3163 590 3217; x_wconf 90' lang='lat' dir='ltr'><strong>id</strong></span> <span class='ocrx_word' id='word_1_264' title='bbox 620 3160 726 3214; x_wconf 87' lang='lat' dir='ltr'><strong>dixi</strong></span> <span class='ocrx_word' id='word_1_265' title='bbox 753 3200 770 3227; x_wconf 88' lang='lat'><strong>,</strong></span> <span class='ocrx_word' id='word_1_266' title='bbox 799 3156 940 3228; x_wconf 90' lang='lat' dir='ltr'><strong>quod</strong></span> <span class='ocrx_word' id='word_1_267' title='bbox 972 3164 1029 3210; x_wconf 89' lang='lat' dir='ltr'><strong>ut</strong></span> <span class='ocrx_word' id='word_1_268' title='bbox 1055 3155 1289 3210; x_wconf 87' lang='lat' dir='ltr'><strong>dicerem</strong></span> <span class='ocrx_word' id='word_1_269' title='bbox 1317 3151 1509 3204; x_wconf 88' lang='lat' dir='ltr'><strong>missus</strong></span> <span class='ocrx_word' id='word_1_270' title='bbox 1538 3163 1676 3202; x_wconf 87' lang='lat' dir='ltr'><strong>sum.</strong></span> <span class='ocrx_word' id='word_1_271' title='bbox 1710 3144 1785 3200; x_wconf 83' lang='lat' dir='ltr'><strong>Ne</strong></span> <span class='ocrx_word' id='word_1_272' title='bbox 1817 3145 1994 3214; x_wconf 87' lang='lat' dir='ltr'><strong>itaque</strong></span> 
     </span>
    </p>
   </div>
   <div class='ocr_carea' id='block_1_33' title="bbox 413 3235 1994 3317">
    <p class='ocr_par' dir='ltr' id='par_1_33' title="bbox 413 3235 1994 3317">
     <span class='ocr_line' id='line_1_33' title="bbox 413 3235 1994 3317; baseline -0.015 -6"><span class='ocrx_word' id='word_1_273' title='bbox 413 3271 496 3310; x_wconf 90' lang='lat' dir='ltr'><strong>me</strong></span> <span class='ocrx_word' id='word_1_274' title='bbox 520 3269 582 3310; x_wconf 90' lang='lat' dir='ltr'><strong>ea</strong></span> <span class='ocrx_word' id='word_1_275' title='bbox 605 3255 670 3308; x_wconf 87' lang='lat' dir='ltr'><strong>de</strong></span> <span class='ocrx_word' id='word_1_276' title='bbox 692 3265 850 3306; x_wconf 87' lang='lat' dir='ltr'><strong>causa</strong></span> <span class='ocrx_word' id='word_1_277' title='bbox 875 3261 1122 3317; x_wconf 84' lang='lat' dir='ltr'><strong>maguum</strong></span> <span class='ocrx_word' id='word_1_278' title='bbox 1147 3259 1266 3300; x_wconf 91' lang='lat' dir='ltr'><strong>esse</strong></span> <span class='ocrx_word' id='word_1_279' title='bbox 1293 3240 1491 3312; x_wconf 89' lang='lat' dir='ltr'><strong>putetis</strong></span> <span class='ocrx_word' id='word_1_280' title='bbox 1517 3256 1530 3291; x_wconf 91' lang='lat'><strong>:</strong></span> <span class='ocrx_word' id='word_1_281' title='bbox 1555 3238 1656 3292; x_wconf 93' lang='lat' dir='ltr'><strong>hoc</strong></span> <span class='ocrx_word' id='word_1_282' title='bbox 1683 3237 1824 3292; x_wconf 90' lang='lat' dir='ltr'><strong>enim</strong></span> <span class='ocrx_word' id='word_1_283' title='bbox 1853 3235 1994 3289; x_wconf 89' lang='lat' dir='ltr'><strong>illius</strong></span> 
     </span>
    </p>
   </div>
   <div class='ocr_carea' id='block_1_34' title="bbox 425 3326 1996 3410">
    <p class='ocr_par' dir='ltr' id='par_1_34' title="bbox 425 3326 1996 3410">
     <span class='ocr_line' id='line_1_34' title="bbox 425 3326 1996 3410; baseline -0.013 -10"><span class='ocrx_word' id='word_1_284' title='bbox 425 3343 656 3400; x_wconf 88' lang='lat' dir='ltr'><strong>ostendit</strong></span> <span class='ocrx_word' id='word_1_285' title='bbox 683 3337 1118 3410; x_wconf 79' lang='lat' dir='ltr'><strong>magnitudinem.</strong></span> <span class='ocrx_word' id='word_1_286' title='bbox 1153 3335 1244 3390; x_wconf 92' lang='lat' dir='ltr'><strong>Ille</strong></span> <span class='ocrx_word' id='word_1_287' title='bbox 1276 3345 1504 3402; x_wconf 90' lang='lat' dir='ltr'><strong>namque</strong></span> <span class='ocrx_word' id='word_1_288' title='bbox 1531 3344 1708 3384; x_wconf 89' lang='lat' dir='ltr'><strong>rerum</strong></span> <span class='ocrx_word' id='word_1_289' title='bbox 1743 3326 1996 3382; x_wconf 89' lang='lat' dir='ltr'><strong>Dominus</strong></span> 
     </span>
    </p>
   </div>
   <div class='ocr_carea' id='block_1_35' title="bbox 415 3416 1992 3503">
    <p class='ocr_par' dir='ltr' id='par_1_35' title="bbox 415 3416 1992 3503">
     <span class='ocr_line' id='line_1_35' title="bbox 415 3416 1992 3503; baseline -0.014 -12"><span class='ocrx_word' id='word_1_290' title='bbox 415 3445 527 3501; x_wconf 87' lang='lat' dir='ltr'><strong>est;</strong></span> <span class='ocrx_word' id='word_1_291' title='bbox 556 3434 606 3488; x_wconf 90' lang='lat' dir='ltr'><strong>id</strong></span> <span class='ocrx_word' id='word_1_292' title='bbox 631 3431 772 3503; x_wconf 81' lang='lat' dir='ltr'><strong>quod</strong></span> <span class='ocrx_word' id='word_1_293' title='bbox 803 3443 1012 3484; x_wconf 86' lang='lat' dir='ltr'><strong>rursum</strong></span> <span class='ocrx_word' id='word_1_294' title='bbox 1038 3425 1298 3497; x_wconf 86' lang='lat' dir='ltr'><strong>signiﬁcat</strong></span> <span class='ocrx_word' id='word_1_295' title='bbox 1329 3423 1410 3477; x_wconf 92' lang='lat' dir='ltr'><strong>his</strong></span> <span class='ocrx_word' id='word_1_296' title='bbox 1441 3421 1633 3476; x_wconf 90' lang='lat' dir='ltr'><strong>additis</strong></span> <span class='ocrx_word' id='word_1_297' title='bbox 1657 3418 1830 3474; x_wconf 88' lang='lat' dir='ltr'><strong>verbis</strong></span> <span class='ocrx_word' id='word_1_298' title='bbox 1858 3434 1870 3470; x_wconf 87' lang='lat'>:</span> <span class='ocrx_word' id='word_1_299' title='bbox 1902 3416 1992 3471; x_wconf 68' lang='lat'><strong>29.</strong></span> 
     </span>
    </p>
   </div>
   <div class='ocr_carea' id='block_1_36' title="bbox 424 3507 1992 3592">
    <p class='ocr_par' dir='ltr' id='par_1_36' title="bbox 424 3507 1992 3592">
     <span class='ocr_line' id='line_1_36' title="bbox 424 3507 1992 3592; baseline -0.012 -13"><span class='ocrx_word' id='word_1_300' title='bbox 424 3525 525 3591; x_wconf 80' lang='lat' dir='ltr'><strong>Qui</strong></span> <span class='ocrx_word' id='word_1_301' title='bbox 548 3524 693 3578; x_wconf 84' lang='lat' dir='ltr'><strong>habet</strong></span> <span class='ocrx_word' id='word_1_302' title='bbox 719 3537 974 3592; x_wconf 83' lang='lat' dir='ltr'><strong>sponsam,</strong></span> <span class='ocrx_word' id='word_1_303' title='bbox 1001 3534 1216 3588; x_wconf 86' lang='lat' dir='ltr'><strong>sponsus</strong></span> <span class='ocrx_word' id='word_1_304' title='bbox 1243 3524 1315 3569; x_wconf 86' lang='lat' dir='ltr'><strong>est</strong></span> <span class='ocrx_word' id='word_1_305' title='bbox 1337 3530 1355 3568; x_wconf 91' lang='lat'><strong><em>:</em></strong></span> <span class='ocrx_word' id='word_1_306' title='bbox 1376 3514 1566 3568; x_wconf 88' lang='lat' dir='ltr'><strong>amicus</strong></span> <span class='ocrx_word' id='word_1_307' title='bbox 1593 3521 1760 3564; x_wconf 88' lang='lat' dir='ltr'><strong>autem</strong></span> <span class='ocrx_word' id='word_1_308' title='bbox 1786 3507 1992 3579; x_wconf 88' lang='lat' dir='ltr'><strong>sponsi,</strong></span> 
     </span>
    </p>
   </div>
   <div class='ocr_carea' id='block_1_37' title="bbox 416 3602 1999 3685">
    <p class='ocr_par' dir='ltr' id='par_1_37' title="bbox 416 3602 1999 3685">
     <span class='ocr_line' id='line_1_37' title="bbox 416 3602 1999 3685; baseline -0.012 -16"><span class='ocrx_word' id='word_1_309' title='bbox 416 3616 499 3685; x_wconf 87' lang='lat' dir='ltr'><strong>qui</strong></span> <span class='ocrx_word' id='word_1_310' title='bbox 539 3623 634 3669; x_wconf 84' lang='lat' dir='ltr'><strong>stat</strong></span> <span class='ocrx_word' id='word_1_311' title='bbox 677 3622 723 3667; x_wconf 87' lang='lat' dir='ltr'><strong>et</strong></span> <span class='ocrx_word' id='word_1_312' title='bbox 768 3612 910 3666; x_wconf 88' lang='lat' dir='ltr'><strong>audit</strong></span> <span class='ocrx_word' id='word_1_313' title='bbox 951 3625 1062 3664; x_wconf 88' lang='lat' dir='ltr'><strong>eum</strong></span> <span class='ocrx_word' id='word_1_314' title='bbox 1089 3649 1102 3673; x_wconf 89' lang='lat'><strong>,</strong></span> <span class='ocrx_word' id='word_1_315' title='bbox 1142 3607 1326 3679; x_wconf 87' lang='lat' dir='ltr'><strong>gaudio</strong></span> <span class='ocrx_word' id='word_1_316' title='bbox 1365 3602 1548 3674; x_wconf 82' lang='lat' dir='ltr'><strong>gaudet</strong></span> <span class='ocrx_word' id='word_1_317' title='bbox 1589 3609 1795 3671; x_wconf 87' lang='lat' dir='ltr'><strong>prapler</strong></span> <span class='ocrx_word' id='word_1_318' title='bbox 1831 3614 1999 3652; x_wconf 84' lang='lat' dir='ltr'><strong>uocem</strong></span> 
     </span>
    </p>
   </div>
   <div class='ocr_carea' id='block_1_38' title="bbox 425 3689 2000 3776">
    <p class='ocr_par' dir='ltr' id='par_1_38' title="bbox 425 3689 2000 3776">
     <span class='ocr_line' id='line_1_38' title="bbox 425 3689 2000 3776; baseline -0.011 -17"><span class='ocrx_word' id='word_1_319' title='bbox 425 3707 614 3776; x_wconf 84' lang='lat' dir='ltr'><strong>sponsi.</strong></span> <span class='ocrx_word' id='word_1_320' title='bbox 647 3703 825 3772; x_wconf 87' lang='lat' dir='ltr'><strong>Quare</strong></span> <span class='ocrx_word' id='word_1_321' title='bbox 850 3701 940 3770; x_wconf 84' lang='lat' dir='ltr'><strong>qui</strong></span> <span class='ocrx_word' id='word_1_322' title='bbox 965 3699 1059 3767; x_wconf 85' lang='lat' dir='ltr'><strong>ait,</strong></span> <span class='ocrx_word' id='word_1_323' title='bbox 1086 3697 1208 3752; x_wconf 84' lang='lat' dir='ltr'><strong>Non</strong></span> <span class='ocrx_word' id='word_1_324' title='bbox 1236 3712 1349 3751; x_wconf 87' lang='lat' dir='ltr'><strong>sum</strong></span> <span class='ocrx_word' id='word_1_325' title='bbox 1375 3695 1579 3764; x_wconf 84' lang='lat' dir='ltr'><strong>dignus,</strong></span> <span class='ocrx_word' id='word_1_326' title='bbox 1602 3699 1655 3744; x_wconf 84' lang='lat' dir='ltr'><strong>ut</strong></span> <span class='ocrx_word' id='word_1_327' title='bbox 1679 3689 1868 3744; x_wconf 84' lang='lat' dir='ltr'><strong>solvam</strong></span> <span class='ocrx_word' id='word_1_328' title='bbox 1895 3689 2000 3758; x_wconf 87' lang='lat' dir='ltr'><strong>ejus</strong></span> 
     </span>
    </p>
   </div>
   <div class='ocr_carea' id='block_1_39' title="bbox 420 3778 2002 3868">
    <p class='ocr_par' dir='ltr' id='par_1_39' title="bbox 420 3778 2002 3868">
     <span class='ocr_line' id='line_1_39' title="bbox 420 3778 2002 3868; baseline -0.013 -16"><span class='ocrx_word' id='word_1_329' title='bbox 420 3798 686 3868; x_wconf 81' lang='lat' dir='ltr'><strong>corrigiam</strong></span> <span class='ocrx_word' id='word_1_330' title='bbox 728 3791 1084 3858; x_wconf 81' lang='lat' dir='ltr'><strong>calceamenti,</strong></span> <span class='ocrx_word' id='word_1_331' title='bbox 1121 3805 1180 3845; x_wconf 89' lang='lat' dir='ltr'><strong>se</strong></span> <span class='ocrx_word' id='word_1_332' title='bbox 1222 3791 1450 3842; x_wconf 91' lang='lat' dir='ltr'><strong>amicum</strong></span> <span class='ocrx_word' id='word_1_333' title='bbox 1494 3783 1610 3853; x_wconf 87' lang='lat' dir='ltr'><strong>ejus</strong></span> <span class='ocrx_word' id='word_1_334' title='bbox 1651 3795 1794 3835; x_wconf 93' lang='lat' dir='ltr'><strong>nunc</strong></span> <span class='ocrx_word' id='word_1_335' title='bbox 1836 3778 2002 3834; x_wconf 82' lang='lat' dir='ltr'><strong>dicit?</strong></span> 
     </span>
    </p>
   </div>
   <div class='ocr_carea' id='block_1_40' title="bbox 418 3869 2006 3942">
    <p class='ocr_par' dir='ltr' id='par_1_40' title="bbox 418 3869 2006 3942">
     <span class='ocr_line' id='line_1_40' title="bbox 418 3869 2006 3942; baseline -0.012 0"><span class='ocrx_word' id='word_1_336' title='bbox 418 3884 532 3942; x_wconf 79' lang='lat' dir='ltr'><strong>Non</strong></span> <span class='ocrx_word' id='word_1_337' title='bbox 584 3894 641 3940; x_wconf 93' lang='lat' dir='ltr'><strong>ut</strong></span> <span class='ocrx_word' id='word_1_338' title='bbox 684 3883 905 3940; x_wconf 80' lang='lat' dir='ltr'><strong>extollat</strong></span> <span class='ocrx_word' id='word_1_339' title='bbox 957 3891 1010 3937; x_wconf 90' lang='lat' dir='ltr'><strong>et</strong></span> <span class='ocrx_word' id='word_1_340' title='bbox 1066 3878 1246 3935; x_wconf 89' lang='lat' dir='ltr'><strong>laudet</strong></span> <span class='ocrx_word' id='word_1_341' title='bbox 1292 3891 1389 3941; x_wconf 91' lang='lat' dir='ltr'><strong>se,</strong></span> <span class='ocrx_word' id='word_1_342' title='bbox 1436 3874 1550 3928; x_wconf 67' lang='lat' dir='ltr'><strong>haec</strong></span> <span class='ocrx_word' id='word_1_343' title='bbox 1593 3871 1756 3937; x_wconf 88' lang='lat' dir='ltr'><strong>dicit;</strong></span> <span class='ocrx_word' id='word_1_344' title='bbox 1803 3869 1896 3925; x_wconf 91' lang='lat' dir='ltr'><strong>sed</strong></span> <span class='ocrx_word' id='word_1_345' title='bbox 1947 3877 2006 3923; x_wconf 88' lang='lat' dir='ltr'><strong>ut</strong></span> 
     </span>
    </p>
   </div>
   <div class='ocr_carea' id='block_1_41' title="bbox 423 3963 2004 4037">
    <p class='ocr_par' dir='ltr' id='par_1_41' title="bbox 423 3963 2004 4037">
     <span class='ocr_line' id='line_1_41' title="bbox 423 3963 2004 4037; baseline -0.011 -3"><span class='ocrx_word' id='word_1_346' title='bbox 423 3978 670 4034; x_wconf 86' lang='lat' dir='ltr'><strong>ostendat</strong></span> <span class='ocrx_word' id='word_1_347' title='bbox 712 3976 764 4031; x_wconf 94' lang='lat' dir='ltr'><strong>id</strong></span> <span class='ocrx_word' id='word_1_348' title='bbox 791 3990 850 4030; x_wconf 91' lang='lat' dir='ltr'><strong>se</strong></span> <span class='ocrx_word' id='word_1_349' title='bbox 884 3975 1120 4028; x_wconf 79' lang='lat' dir='ltr'><strong>maxime</strong></span> <span class='ocrx_word' id='word_1_350' title='bbox 1161 3985 1384 4035; x_wconf 89' lang='lat' dir='ltr'><strong>curare,</strong></span> <span class='ocrx_word' id='word_1_351' title='bbox 1428 3981 1601 4037; x_wconf 91' lang='lat' dir='ltr'><strong>neque</strong></span> <span class='ocrx_word' id='word_1_352' title='bbox 1639 3980 1698 4020; x_wconf 91' lang='lat' dir='ltr'><strong>se</strong></span> <span class='ocrx_word' id='word_1_353' title='bbox 1733 3964 1895 4018; x_wconf 89' lang='lat' dir='ltr'><strong>invito</strong></span> <span class='ocrx_word' id='word_1_354' title='bbox 1922 3963 2004 4017; x_wconf 86' lang='lat' dir='ltr'><strong>vel</strong></span> 
     </span>
    </p>
   </div>
   <div class='ocr_carea' id='block_1_42' title="bbox 426 4058 2004 4128">
    <p class='ocr_par' dir='ltr' id='par_1_42' title="bbox 426 4058 2004 4128">
     <span class='ocr_line' id='line_1_42' title="bbox 426 4058 2004 4128; baseline -0.009 -4"><span class='ocrx_word' id='word_1_355' title='bbox 426 4069 644 4125; x_wconf 89' lang='lat' dir='ltr'><strong>nolente</strong></span> <span class='ocrx_word' id='word_1_356' title='bbox 670 4067 788 4122; x_wconf 76' lang='lat' dir='ltr'><strong>haec</strong></span> <span class='ocrx_word' id='word_1_357' title='bbox 815 4064 930 4121; x_wconf 90' lang='lat' dir='ltr'><strong>ﬁeri</strong></span> <span class='ocrx_word' id='word_1_358' title='bbox 958 4105 972 4128; x_wconf 88' lang='lat'><strong>,</strong></span> <span class='ocrx_word' id='word_1_359' title='bbox 1003 4063 1096 4119; x_wconf 88' lang='lat' dir='ltr'><strong>sed</strong></span> <span class='ocrx_word' id='word_1_360' title='bbox 1125 4060 1405 4116; x_wconf 90' lang='lat' dir='ltr'><strong>admodum</strong></span> <span class='ocrx_word' id='word_1_361' title='bbox 1433 4058 1677 4126; x_wconf 90' lang='lat' dir='ltr'><strong>cupiente</strong></span> <span class='ocrx_word' id='word_1_362' title='bbox 1706 4063 1760 4110; x_wconf 91' lang='lat' dir='ltr'><strong>et</strong></span> <span class='ocrx_word' id='word_1_363' title='bbox 1788 4069 2004 4124; x_wconf 91' lang='lat' dir='ltr'><strong>promo-</strong></span> 
     </span>
    </p>
   </div>
   <div class='ocr_carea' id='block_1_43' title="bbox 422 4144 2007 4226">
    <p class='ocr_par' dir='ltr' id='par_1_43' title="bbox 422 4144 2007 4226">
     <span class='ocr_line' id='line_1_43' title="bbox 422 4144 2007 4226; baseline -0.011 -12"><span class='ocrx_word' id='word_1_364' title='bbox 422 4171 598 4226; x_wconf 88' lang='lat' dir='ltr'><strong>vente,</strong></span> <span class='ocrx_word' id='word_1_365' title='bbox 625 4170 680 4214; x_wconf 91' lang='lat' dir='ltr'><strong>et</strong></span> <span class='ocrx_word' id='word_1_366' title='bbox 709 4159 808 4212; x_wconf 87' lang='lat' dir='ltr'><strong>hac</strong></span> <span class='ocrx_word' id='word_1_367' title='bbox 832 4157 900 4212; x_wconf 90' lang='lat' dir='ltr'><strong>de</strong></span> <span class='ocrx_word' id='word_1_368' title='bbox 927 4170 1086 4210; x_wconf 89' lang='lat' dir='ltr'><strong>causa</strong></span> <span class='ocrx_word' id='word_1_369' title='bbox 1114 4168 1174 4208; x_wconf 89' lang='lat' dir='ltr'><strong>se</strong></span> <span class='ocrx_word' id='word_1_370' title='bbox 1199 4152 1374 4205; x_wconf 89' lang='lat' dir='ltr'><strong>omnia</strong></span> <span class='ocrx_word' id='word_1_371' title='bbox 1403 4149 1622 4213; x_wconf 85' lang='lat' dir='ltr'><strong>fecisse;</strong></span> <span class='ocrx_word' id='word_1_372' title='bbox 1655 4145 1796 4216; x_wconf 92' lang='lat' dir='ltr'><strong>quod</strong></span> <span class='ocrx_word' id='word_1_373' title='bbox 1821 4144 2007 4200; x_wconf 87' lang='lat' dir='ltr'><strong>admo-</strong></span> 
     </span>
    </p>
   </div>
   <div class='ocr_carea' id='block_1_44' title="bbox 423 4237 2004 4320">
    <p class='ocr_par' dir='ltr' id='par_1_44' title="bbox 423 4237 2004 4320">
     <span class='ocr_line' id='line_1_44' title="bbox 423 4237 2004 4320; baseline -0.01 -14"><span class='ocrx_word' id='word_1_374' title='bbox 423 4254 544 4306; x_wconf 88' lang='lat' dir='ltr'><strong>dum</strong></span> <span class='ocrx_word' id='word_1_375' title='bbox 578 4251 866 4320; x_wconf 83' lang='lat' dir='ltr'><strong>prudenter</strong></span> <span class='ocrx_word' id='word_1_376' title='bbox 896 4247 1053 4303; x_wconf 87' lang='lat' dir='ltr'><strong>amici</strong></span> <span class='ocrx_word' id='word_1_377' title='bbox 1094 4244 1308 4300; x_wconf 90' lang='lat' dir='ltr'><strong>nomine</strong></span> <span class='ocrx_word' id='word_1_378' title='bbox 1343 4239 1679 4311; x_wconf 85' lang='lat' dir='ltr'><strong>siguiﬁcavit.</strong></span> <span class='ocrx_word' id='word_1_379' title='bbox 1715 4237 1830 4292; x_wconf 86' lang='lat' dir='ltr'><strong>Non</strong></span> <span class='ocrx_word' id='word_1_380' title='bbox 1861 4237 2004 4292; x_wconf 89' lang='lat' dir='ltr'><strong>enim</strong></span> 
     </span>
    </p>
   </div>
   <div class='ocr_carea' id='block_1_45' title="bbox 431 4328 2007 4410">
    <p class='ocr_par' dir='ltr' id='par_1_45' title="bbox 431 4328 2007 4410">
     <span class='ocr_line' id='line_1_45' title="bbox 431 4328 2007 4410; baseline -0.008 -14"><span class='ocrx_word' id='word_1_381' title='bbox 431 4344 501 4397; x_wconf 89' lang='lat' dir='ltr'><strong>ita</strong></span> <span class='ocrx_word' id='word_1_382' title='bbox 534 4343 675 4398; x_wconf 86' lang='lat' dir='ltr'><strong>servi</strong></span> <span class='ocrx_word' id='word_1_383' title='bbox 703 4340 906 4410; x_wconf 88' lang='lat' dir='ltr'><strong>sponsi,</strong></span> <span class='ocrx_word' id='word_1_384' title='bbox 932 4348 990 4393; x_wconf 93' lang='lat' dir='ltr'><strong>ut</strong></span> <span class='ocrx_word' id='word_1_385' title='bbox 1018 4337 1170 4391; x_wconf 90' lang='lat' dir='ltr'><strong>amici</strong></span> <span class='ocrx_word' id='word_1_386' title='bbox 1197 4333 1445 4405; x_wconf 79' lang='lat' dir='ltr'><strong>gaudent,</strong></span> <span class='ocrx_word' id='word_1_387' title='bbox 1476 4339 1632 4400; x_wconf 88' lang='lat' dir='ltr'><strong>atque</strong></span> <span class='ocrx_word' id='word_1_388' title='bbox 1661 4329 1746 4383; x_wconf 90' lang='lat' dir='ltr'><strong>his</strong></span> <span class='ocrx_word' id='word_1_389' title='bbox 1771 4330 1824 4383; x_wconf 91' lang='lat' dir='ltr'><strong>in</strong></span> <span class='ocrx_word' id='word_1_390' title='bbox 1847 4328 2007 4384; x_wconf 84' lang='lat' dir='ltr'><strong>rebus</strong></span> 
     </span>
    </p>
   </div>
   <div class='ocr_carea' id='block_1_46' title="bbox 437 4419 2004 4497">
    <p class='ocr_par' dir='ltr' id='par_1_46' title="bbox 437 4419 2004 4497">
     <span class='ocr_line' id='line_1_46' title="bbox 437 4419 2004 4497; baseline -0.009 -11"><span class='ocrx_word' id='word_1_391' title='bbox 437 4433 699 4488; x_wconf 66' lang='lat' dir='ltr'><strong>laetantur.</strong></span> <span class='ocrx_word' id='word_1_392' title='bbox 730 4429 846 4485; x_wconf 88' lang='lat' dir='ltr'><strong>Non</strong></span> <span class='ocrx_word' id='word_1_393' title='bbox 873 4443 999 4497; x_wconf 88' lang='lat' dir='ltr'><strong>ergo</strong></span> <span class='ocrx_word' id='word_1_394' title='bbox 1030 4441 1087 4482; x_wconf 91' lang='lat' dir='ltr'><strong>se</strong></span> <span class='ocrx_word' id='word_1_395' title='bbox 1117 4425 1319 4480; x_wconf 89' lang='lat' dir='ltr'><strong>honore</strong></span> <span class='ocrx_word' id='word_1_396' title='bbox 1350 4422 1607 4492; x_wconf 69' lang='lat' dir='ltr'><strong>aequalem</strong></span> <span class='ocrx_word' id='word_1_397' title='bbox 1635 4419 1800 4486; x_wconf 89' lang='lat' dir='ltr'><strong>dicit,</strong></span> <span class='ocrx_word' id='word_1_398' title='bbox 1831 4419 1962 4473; x_wconf 90' lang='lat' dir='ltr'><strong>absit</strong></span> <span class='ocrx_word' id='word_1_399' title='bbox 1989 4436 2004 4484; x_wconf 88' lang='lat'><strong>;</strong></span> 
     </span>
    </p>
   </div>
   <div class='ocr_carea' id='block_1_47' title="bbox 433 4512 2008 4592">
    <p class='ocr_par' dir='ltr' id='par_1_47' title="bbox 433 4512 2008 4592">
     <span class='ocr_line' id='line_1_47' title="bbox 433 4512 2008 4592; baseline -0.007 -15"><span class='ocrx_word' id='word_1_400' title='bbox 433 4523 520 4578; x_wconf 87' lang='lat' dir='ltr'><strong>sed</strong></span> <span class='ocrx_word' id='word_1_401' title='bbox 553 4533 610 4576; x_wconf 91' lang='lat' dir='ltr'><strong>ut</strong></span> <span class='ocrx_word' id='word_1_402' title='bbox 639 4520 816 4592; x_wconf 88' lang='lat' dir='ltr'><strong>gaudii</strong></span> <span class='ocrx_word' id='word_1_403' title='bbox 842 4521 922 4576; x_wconf 90' lang='lat' dir='ltr'><strong>sui</strong></span> <span class='ocrx_word' id='word_1_404' title='bbox 953 4517 1363 4588; x_wconf 78' lang='lat' dir='ltr'><strong>magnitudinem</strong></span> <span class='ocrx_word' id='word_1_405' title='bbox 1396 4512 1648 4579; x_wconf 86' lang='lat' dir='ltr'><strong>declaret,</strong></span> <span class='ocrx_word' id='word_1_406' title='bbox 1677 4519 1836 4582; x_wconf 88' lang='lat' dir='ltr'><strong>atque</strong></span> <span class='ocrx_word' id='word_1_407' title='bbox 1867 4519 1923 4564; x_wconf 92' lang='lat' dir='ltr'><strong>ut</strong></span> <span class='ocrx_word' id='word_1_408' title='bbox 1951 4525 2008 4566; x_wconf 91' lang='lat' dir='ltr'><strong>se</strong></span> 
     </span>
    </p>
   </div>
   <div class='ocr_carea' id='block_1_48' title="bbox 430 4604 2008 4680">
    <p class='ocr_par' dir='ltr' id='par_1_48' title="bbox 430 4604 2008 4680">
     <span class='ocr_line' id='line_1_48' title="bbox 430 4604 2008 4680; baseline -0.008 -11"><span class='ocrx_word' id='word_1_409' title='bbox 430 4629 607 4669; x_wconf 90' lang='lat' dir='ltr'><strong>eorum</strong></span> <span class='ocrx_word' id='word_1_410' title='bbox 636 4610 934 4668; x_wconf 81' lang='lat' dir='ltr'><strong>inﬁrmitati</strong></span> <span class='ocrx_word' id='word_1_411' title='bbox 960 4617 1299 4680; x_wconf 89' lang='lat' dir='ltr'><strong>attemperet,</strong></span> <span class='ocrx_word' id='word_1_412' title='bbox 1328 4607 1557 4661; x_wconf 87' lang='lat' dir='ltr'><strong>amicum</strong></span> <span class='ocrx_word' id='word_1_413' title='bbox 1588 4619 1647 4660; x_wconf 92' lang='lat' dir='ltr'><strong>se</strong></span> <span class='ocrx_word' id='word_1_414' title='bbox 1672 4604 1818 4659; x_wconf 91' lang='lat' dir='ltr'><strong>dicit.</strong></span> <span class='ocrx_word' id='word_1_415' title='bbox 1853 4604 2008 4658; x_wconf 87' lang='lat' dir='ltr'><strong>Mini-</strong></span> 
     </span>
    </p>
   </div>
   <div class='ocr_carea' id='block_1_49' title="bbox 431 4694 2008 4774">
    <p class='ocr_par' dir='ltr' id='par_1_49' title="bbox 431 4694 2008 4774">
     <span class='ocr_line' id='line_1_49' title="bbox 431 4694 2008 4774; baseline -0.007 -16"><span class='ocrx_word' id='word_1_416' title='bbox 431 4706 642 4759; x_wconf 88' lang='lat' dir='ltr'><strong>sterium</strong></span> <span class='ocrx_word' id='word_1_417' title='bbox 683 4703 880 4774; x_wconf 89' lang='lat' dir='ltr'><strong>quippe</strong></span> <span class='ocrx_word' id='word_1_418' title='bbox 915 4697 1301 4763; x_wconf 88' lang='lat' dir='ltr'><strong>subindieavit,</strong></span> <span class='ocrx_word' id='word_1_419' title='bbox 1331 4713 1452 4752; x_wconf 92' lang='lat' dir='ltr'><strong>eum</strong></span> <span class='ocrx_word' id='word_1_420' title='bbox 1494 4695 1670 4762; x_wconf 87' lang='lat' dir='ltr'><strong>dixit,</strong></span> <span class='ocrx_word' id='word_1_421' title='bbox 1703 4709 1760 4750; x_wconf 89' lang='lat' dir='ltr'><strong>se</strong></span> <span class='ocrx_word' id='word_1_422' title='bbox 1788 4694 2008 4748; x_wconf 85' lang='lat' dir='ltr'><strong>missum</strong></span> 
     </span>
    </p>
   </div>
   <div class='ocr_carea' id='block_1_50' title="bbox 432 4787 2011 4861">
    <p class='ocr_par' dir='ltr' id='par_1_50' title="bbox 432 4787 2011 4861">
     <span class='ocr_line' id='line_1_50' title="bbox 432 4787 2011 4861; baseline -0.004 -12"><span class='ocrx_word' id='word_1_423' title='bbox 432 4794 589 4852; x_wconf 91' lang='lat' dir='ltr'><strong>fuisse</strong></span> <span class='ocrx_word' id='word_1_424' title='bbox 613 4804 739 4850; x_wconf 88' lang='lat' dir='ltr'><strong>ante</strong></span> <span class='ocrx_word' id='word_1_425' title='bbox 766 4794 937 4848; x_wconf 91' lang='lat' dir='ltr'><strong>illum.</strong></span> <span class='ocrx_word' id='word_1_426' title='bbox 968 4792 1170 4848; x_wconf 90' lang='lat' dir='ltr'><strong>Idcirco</strong></span> <span class='ocrx_word' id='word_1_427' title='bbox 1193 4789 1333 4861; x_wconf 91' lang='lat' dir='ltr'><strong>quod</strong></span> <span class='ocrx_word' id='word_1_428' title='bbox 1357 4795 1569 4859; x_wconf 89' lang='lat' dir='ltr'><strong>putaret</strong></span> <span class='ocrx_word' id='word_1_429' title='bbox 1592 4788 1712 4843; x_wconf 91' lang='lat' dir='ltr'><strong>illos</strong></span> <span class='ocrx_word' id='word_1_430' title='bbox 1737 4787 1850 4843; x_wconf 77' lang='lat' dir='ltr'><strong>haec</strong></span> <span class='ocrx_word' id='word_1_431' title='bbox 1871 4802 2011 4857; x_wconf 62' lang='lat' dir='ltr'><strong>aegre</strong></span> 
     </span>
    </p>
   </div>
   <div class='ocr_carea' id='block_1_51' title="bbox 432 4879 2012 4955">
    <p class='ocr_par' dir='ltr' id='par_1_51' title="bbox 432 4879 2012 4955">
     <span class='ocr_line' id='line_1_51' title="bbox 432 4879 2012 4955; baseline -0.004 -13"><span class='ocrx_word' id='word_1_432' title='bbox 432 4887 567 4944; x_wconf 90' lang='lat' dir='ltr'><strong>ferre</strong></span> <span class='ocrx_word' id='word_1_433' title='bbox 599 4890 621 4921; x_wconf 86' lang='grc'><strong><em>²</em></strong></span> <span class='ocrx_word' id='word_1_434' title='bbox 646 4929 662 4954; x_wconf 92' lang='grc'><em>,</em></span> <span class='ocrx_word' id='word_1_435' title='bbox 694 4903 754 4943; x_wconf 87' lang='lat' dir='ltr'><strong>se</strong></span> <span class='ocrx_word' id='word_1_436' title='bbox 792 4887 1022 4942; x_wconf 89' lang='lat' dir='ltr'><strong>amicum</strong></span> <span class='ocrx_word' id='word_1_437' title='bbox 1067 4885 1247 4955; x_wconf 89' lang='lat' dir='ltr'><strong>sponsi</strong></span> <span class='ocrx_word' id='word_1_438' title='bbox 1283 4881 1414 4938; x_wconf 90' lang='lat' dir='ltr'><strong>dicit</strong></span> <span class='ocrx_word' id='word_1_439' title='bbox 1451 4896 1570 4938; x_wconf 88' lang='lat' dir='ltr'><strong>esse</strong></span> <span class='ocrx_word' id='word_1_440' title='bbox 1595 4923 1609 4946; x_wconf 90' lang='lat'><strong>,</strong></span> <span class='ocrx_word' id='word_1_441' title='bbox 1639 4879 1925 4936; x_wconf 90' lang='lat' dir='ltr'><strong>ostendens</strong></span> <span class='ocrx_word' id='word_1_442' title='bbox 1953 4895 2012 4936; x_wconf 91' lang='lat' dir='ltr'><strong>se</strong></span> 
     </span>
    </p>
   </div>
   <div class='ocr_carea' id='block_1_52' title="bbox 434 4971 2009 5046">
    <p class='ocr_par' dir='ltr' id='par_1_52' title="bbox 434 4971 2009 5046">
     <span class='ocr_line' id='line_1_52' title="bbox 434 4971 2009 5046; baseline -0.007 -12"><span class='ocrx_word' id='word_1_443' title='bbox 434 4993 534 5034; x_wconf 93' lang='lat' dir='ltr'><strong>non</strong></span> <span class='ocrx_word' id='word_1_444' title='bbox 575 4977 736 5033; x_wconf 90' lang='lat' dir='ltr'><strong>modo</strong></span> <span class='ocrx_word' id='word_1_445' title='bbox 776 4992 881 5032; x_wconf 91' lang='lat' dir='ltr'><strong>non</strong></span> <span class='ocrx_word' id='word_1_446' title='bbox 923 4991 1063 5046; x_wconf 68' lang='lat' dir='ltr'><strong>aegre</strong></span> <span class='ocrx_word' id='word_1_447' title='bbox 1100 4975 1246 5030; x_wconf 79' lang='lat' dir='ltr'><strong>ferre</strong></span> <span class='ocrx_word' id='word_1_448' title='bbox 1269 5016 1282 5039; x_wconf 90' lang='lat'><strong>,</strong></span> <span class='ocrx_word' id='word_1_449' title='bbox 1325 4972 1418 5028; x_wconf 91' lang='lat' dir='ltr'><strong>sed</strong></span> <span class='ocrx_word' id='word_1_450' title='bbox 1445 4972 1730 5026; x_wconf 89' lang='lat' dir='ltr'><strong>admodum</strong></span> <span class='ocrx_word' id='word_1_451' title='bbox 1758 4971 2009 5042; x_wconf 88' lang='lat' dir='ltr'><strong>gaudere.</strong></span> 
     </span>
    </p>
   </div>
   <div class='ocr_carea' id='block_1_53' title="bbox 435 5061 2016 5138">
    <p class='ocr_par' dir='ltr' id='par_1_53' title="bbox 435 5061 2016 5138">
     <span class='ocr_line' id='line_1_53' title="bbox 435 5061 2016 5138; baseline -0.003 -18"><span class='ocrx_word' id='word_1_452' title='bbox 435 5069 558 5136; x_wconf 82' lang='lat' dir='ltr'><strong>Quia</strong></span> <span class='ocrx_word' id='word_1_453' title='bbox 591 5069 748 5138; x_wconf 85' lang='lat' dir='ltr'><strong>igitur</strong></span> <span class='ocrx_word' id='word_1_454' title='bbox 789 5069 891 5122; x_wconf 89' lang='lat' dir='ltr'><strong>hoc</strong></span> <span class='ocrx_word' id='word_1_455' title='bbox 923 5066 1253 5137; x_wconf 81' lang='lat' dir='ltr'><strong>perfecturus</strong></span> <span class='ocrx_word' id='word_1_456' title='bbox 1281 5063 1514 5129; x_wconf 88' lang='lat' dir='ltr'><strong>adveni,</strong></span> <span class='ocrx_word' id='word_1_457' title='bbox 1548 5070 1752 5116; x_wconf 87' lang='lat' dir='ltr'><strong>tantum</strong></span> <span class='ocrx_word' id='word_1_458' title='bbox 1780 5061 1931 5116; x_wconf 88' lang='lat' dir='ltr'><strong>abest</strong></span> <span class='ocrx_word' id='word_1_459' title='bbox 1957 5073 2016 5117; x_wconf 92' lang='lat' dir='ltr'><strong>ut</strong></span> 
     </span>
    </p>
   </div>
   <div class='ocr_carea' id='block_1_54' title="bbox 443 5151 2014 5231">
    <p class='ocr_par' dir='ltr' id='par_1_54' title="bbox 443 5151 2014 5231">
     <span class='ocr_line' id='line_1_54' title="bbox 443 5151 2014 5231; baseline -0.008 -15"><span class='ocrx_word' id='word_1_460' title='bbox 443 5162 497 5216; x_wconf 83' lang='lat' dir='ltr'><strong>Ie</strong></span> <span class='ocrx_word' id='word_1_461' title='bbox 533 5162 696 5231; x_wconf 87' lang='lat' dir='ltr'><strong>gestis</strong></span> <span class='ocrx_word' id='word_1_462' title='bbox 740 5159 954 5214; x_wconf 85' lang='lat' dir='ltr'><strong>doleam</strong></span> <span class='ocrx_word' id='word_1_463' title='bbox 978 5199 993 5224; x_wconf 91' lang='lat'><strong>,</strong></span> <span class='ocrx_word' id='word_1_464' title='bbox 1024 5166 1083 5212; x_wconf 90' lang='lat' dir='ltr'><strong>ut</strong></span> <span class='ocrx_word' id='word_1_465' title='bbox 1121 5157 1353 5211; x_wconf 80' lang='lat' dir='ltr'><strong>maximo</strong></span> <span class='ocrx_word' id='word_1_466' title='bbox 1392 5167 1622 5208; x_wconf 72' lang='lat' dir='ltr'><strong>mmrore</strong></span> <span class='ocrx_word' id='word_1_467' title='bbox 1659 5151 1899 5206; x_wconf 88' lang='lat' dir='ltr'><strong>afﬁcerer</strong></span> <span class='ocrx_word' id='word_1_468' title='bbox 1922 5195 1937 5219; x_wconf 94' lang='lat'><strong>,</strong></span> <span class='ocrx_word' id='word_1_469' title='bbox 1969 5151 2014 5205; x_wconf 88' lang='lat' dir='ltr'><strong>si</strong></span> 
     </span>
    </p>
   </div>
   <div class='ocr_carea' id='block_1_55' title="bbox 444 5240 2012 5316">
    <p class='ocr_par' dir='ltr' id='par_1_55' title="bbox 444 5240 2012 5316">
     <span class='ocr_line' id='line_1_55' title="bbox 444 5240 2012 5316; baseline -0.006 -12"><span class='ocrx_word' id='word_1_470' title='bbox 444 5265 535 5305; x_wconf 86' lang='lat' dir='ltr'><strong>non</strong></span> <span class='ocrx_word' id='word_1_471' title='bbox 566 5250 777 5305; x_wconf 89' lang='lat' dir='ltr'><strong>ﬁerent.</strong></span> <span class='ocrx_word' id='word_1_472' title='bbox 824 5248 880 5302; x_wconf 89' lang='lat' dir='ltr'><strong>Si</strong></span> <span class='ocrx_word' id='word_1_473' title='bbox 921 5262 1115 5316; x_wconf 85' lang='lat' dir='ltr'><strong>sponsa</strong></span> <span class='ocrx_word' id='word_1_474' title='bbox 1155 5245 1219 5300; x_wconf 92' lang='lat' dir='ltr'><strong>ad</strong></span> <span class='ocrx_word' id='word_1_475' title='bbox 1263 5258 1516 5314; x_wconf 87' lang='lat' dir='ltr'><strong>sponsum</strong></span> <span class='ocrx_word' id='word_1_476' title='bbox 1548 5257 1652 5296; x_wconf 93' lang='lat' dir='ltr'><strong>non</strong></span> <span class='ocrx_word' id='word_1_477' title='bbox 1694 5240 2012 5306; x_wconf 87' lang='lat' dir='ltr'><strong>accederet,</strong></span> 
     </span>
    </p>
   </div>
   <div class='ocr_carea' id='block_1_56' title="bbox 444 5331 2014 5400">
    <p class='ocr_par' dir='ltr' id='par_1_56' title="bbox 444 5331 2014 5400">
     <span class='ocr_line' id='line_1_56' title="bbox 444 5331 2014 5400; baseline -0.006 -7"><span class='ocrx_word' id='word_1_478' title='bbox 444 5349 556 5395; x_wconf 88' lang='lat' dir='ltr'><strong>tunc</strong></span> <span class='ocrx_word' id='word_1_479' title='bbox 584 5340 863 5400; x_wconf 85' lang='lat' dir='ltr'><strong>dolerem;</strong></span> <span class='ocrx_word' id='word_1_480' title='bbox 894 5352 997 5391; x_wconf 92' lang='lat' dir='ltr'><strong>non</strong></span> <span class='ocrx_word' id='word_1_481' title='bbox 1029 5351 1157 5391; x_wconf 84' lang='lat' dir='ltr'><strong>vero</strong></span> <span class='ocrx_word' id='word_1_482' title='bbox 1188 5349 1327 5389; x_wconf 92' lang='lat' dir='ltr'><strong>nunc</strong></span> <span class='ocrx_word' id='word_1_483' title='bbox 1351 5374 1365 5400; x_wconf 89' lang='lat'><strong>,</strong></span> <span class='ocrx_word' id='word_1_484' title='bbox 1399 5349 1518 5388; x_wconf 91' lang='lat' dir='ltr'><strong>cum</strong></span> <span class='ocrx_word' id='word_1_485' title='bbox 1547 5339 1724 5385; x_wconf 90' lang='lat' dir='ltr'><strong>nostra</strong></span> <span class='ocrx_word' id='word_1_486' title='bbox 1752 5331 2014 5399; x_wconf 87' lang='lat' dir='ltr'><strong>completa</strong></span> 
     </span>
    </p>
   </div>
   <div class='ocr_carea' id='block_1_57' title="bbox 444 5423 2017 5498">
    <p class='ocr_par' dir='ltr' id='par_1_57' title="bbox 444 5423 2017 5498">
     <span class='ocr_line' id='line_1_57' title="bbox 444 5423 2017 5498; baseline -0.003 -16"><span class='ocrx_word' id='word_1_487' title='bbox 444 5442 575 5490; x_wconf 85' lang='lat' dir='ltr'><strong>sunt.</strong></span> <span class='ocrx_word' id='word_1_488' title='bbox 605 5431 738 5488; x_wconf 80' lang='lat' dir='ltr'><strong>Nam</strong></span> <span class='ocrx_word' id='word_1_489' title='bbox 775 5446 899 5484; x_wconf 82' lang='lat' dir='ltr'><strong>cum</strong></span> <span class='ocrx_word' id='word_1_490' title='bbox 930 5443 1018 5484; x_wconf 89' lang='lat' dir='ltr'><strong>res</strong></span> <span class='ocrx_word' id='word_1_491' title='bbox 1053 5429 1170 5498; x_wconf 91' lang='lat' dir='ltr'><strong>ejus</strong></span> <span class='ocrx_word' id='word_1_492' title='bbox 1209 5436 1352 5482; x_wconf 90' lang='lat' dir='ltr'><strong>recte</strong></span> <span class='ocrx_word' id='word_1_493' title='bbox 1393 5423 1724 5496; x_wconf 89' lang='lat' dir='ltr'><strong>procedunt,</strong></span> <span class='ocrx_word' id='word_1_494' title='bbox 1756 5433 1879 5479; x_wconf 91' lang='lat' dir='ltr'><strong>tunc</strong></span> <span class='ocrx_word' id='word_1_495' title='bbox 1920 5437 2017 5478; x_wconf 90' lang='lat' dir='ltr'><strong>nos</strong></span> 
     </span>
    </p>
   </div>
   <div class='ocr_carea' id='block_1_58' title="bbox 501 5541 2018 5615">
    <p class='ocr_par' dir='ltr' id='par_1_58' title="bbox 501 5541 2018 5615">
     <span class='ocr_line' id='line_1_58' title="bbox 501 5541 2018 5615; baseline -0.002 -21"><span class='ocrx_word' id='word_1_496' title='bbox 501 5549 516 5615; x_wconf 64' lang='grc' dir='ltr'><strong>ξ</strong></span> <span class='ocrx_word' id='word_1_497' title='bbox 553 5554 603 5615; x_wconf 86' lang='lat' dir='ltr'><strong>In_</strong></span> <span class='ocrx_word' id='word_1_498' title='bbox 625 5545 771 5615; x_wconf 80' lang='lat' dir='ltr'><strong>Savil.</strong></span> <span class='ocrx_word' id='word_1_499' title='bbox 809 5544 1130 5615; x_wconf 72' lang='lat' dir='ltr'><strong>legitur..._....</strong></span> <span class='ocrx_word' id='word_1_500' title='bbox 1156 5541 1238 5615; x_wconf 72' lang='lat' dir='ltr'><strong>qui</strong></span> <span class='ocrx_word' id='word_1_501' title='bbox 1272 5544 1404 5615; x_wconf 51' lang='lat' dir='ltr'><strong>tunc</strong></span> <span class='ocrx_word' id='word_1_502' title='bbox 1434 5550 1734 5607; x_wconf 88' lang='lat' dir='ltr'><strong>appararet:</strong></span> <span class='ocrx_word' id='word_1_503' title='bbox 1761 5554 2018 5602; x_wconf 73' lang='lat' dir='ltr'><strong>umquam</strong></span> 
     </span>
    </p>
   </div>
   <div class='ocr_carea' id='block_1_59' title="bbox 445 5604 1395 5666">
    <p class='ocr_par' dir='ltr' id='par_1_59' title="bbox 445 5604 1395 5666">
     <span class='ocr_line' id='line_1_59' title="bbox 445 5604 1395 5666; baseline -0.004 -10"><span class='ocrx_word' id='word_1_504' title='bbox 445 5606 562 5656; x_wconf 75' lang='lat' dir='ltr'><strong>enim</strong></span> <span class='ocrx_word' id='word_1_505' title='bbox 584 5607 724 5658; x_wconf 89' lang='lat' dir='ltr'><strong>homo</strong></span> <span class='ocrx_word' id='word_1_506' title='bbox 746 5604 884 5655; x_wconf 72' lang='lat' dir='ltr'><strong>tanta</strong></span> <span class='ocrx_word' id='word_1_507' title='bbox 909 5609 1136 5666; x_wconf 75' lang='lat' dir='ltr'><strong>potestate</strong></span> <span class='ocrx_word' id='word_1_508' title='bbox 1158 5604 1395 5654; x_wconf 74' lang='lat' dir='ltr'><strong>ualuisset.</strong></span> 
     </span>
    </p>
   </div>
   <div class='ocr_carea' id='block_1_60' title="bbox 503 5663 2019 5728">
    <p class='ocr_par' dir='ltr' id='par_1_60' title="bbox 503 5663 2019 5728">
     <span class='ocr_line' id='line_1_60' title="bbox 503 5663 2019 5728; baseline -0.005 -9"><span class='ocrx_word' id='word_1_509' title='bbox 503 5672 522 5701; x_wconf 77' lang='grc'><em>³</em></span> <span class='ocrx_word' id='word_1_510' title='bbox 553 5669 693 5719; x_wconf 79' lang='lat' dir='ltr'><strong>savii.</strong></span> <span class='ocrx_word' id='word_1_511' title='bbox 731 5675 786 5717; x_wconf 89' lang='lat' dir='ltr'><strong>et</strong></span> <span class='ocrx_word' id='word_1_512' title='bbox 815 5663 998 5715; x_wconf 80' lang='lat' dir='ltr'><strong>Boisius</strong></span> <span class='ocrx_word' id='word_1_513' title='bbox 1016 5664 1277 5727; x_wconf 81' lang='lat' dir='ltr'><strong>legendum</strong></span> <span class='ocrx_word' id='word_1_514' title='bbox 1303 5673 1466 5727; x_wconf 89' lang='lat' dir='ltr'><strong>putant</strong></span> <span class='ocrx_word' id='word_1_515' title='bbox 1493 5679 1505 5714; x_wconf 90' lang='lat'><strong>:</strong></span> <span class='ocrx_word' id='word_1_516' title='bbox 1538 5663 1864 5728; x_wconf 70' lang='lat' dir='ltr'><strong>Idcircoquod</strong></span> <span class='ocrx_word' id='word_1_517' title='bbox 1884 5663 2019 5714; x_wconf 87' lang='lat' dir='ltr'><strong>illum</strong></span> 
     </span>
    </p>
   </div>
   <div class='ocr_carea' id='block_1_61' title="bbox 453 5730 1114 5797">
    <p class='ocr_par' dir='ltr' id='par_1_61' title="bbox 453 5730 1114 5797">
     <span class='ocr_line' id='line_1_61' title="bbox 453 5730 1114 5797; baseline -0.009 -19"><span class='ocrx_word' id='word_1_518' title='bbox 453 5730 546 5780; x_wconf 73' lang='lat' dir='ltr'><strong>hau:</strong></span> <span class='ocrx_word' id='word_1_519' title='bbox 563 5743 696 5797; x_wconf 63' lang='grc' dir='ltr'><strong>ωριτε</strong></span> <span class='ocrx_word' id='word_1_520' title='bbox 717 5731 851 5790; x_wconf 81' lang='lat' dir='ltr'><strong>ferre</strong></span> <span class='ocrx_word' id='word_1_521' title='bbox 877 5731 1114 5788; x_wconf 76' lang='lat' dir='ltr'><strong>putarent.</strong></span> 
     </span>
    </p>
   </div>
   <div class='ocr_carea' id='block_1_62' title="bbox 1395 287 2682 353">
    <p class='ocr_par' dir='ltr' id='par_1_62' title="bbox 1395 287 2682 353">
     <span class='ocr_line' id='line_1_62' title="bbox 1395 287 2682 353; baseline -0.009 0"><span class='ocrx_word' id='word_1_522' title='bbox 1395 296 1462 353; x_wconf 79' lang='lat' dir='ltr'><strong>IN</strong></span> <span class='ocrx_word' id='word_1_523' title='bbox 1490 290 1796 350; x_wconf 70' lang='lat' dir='ltr'><strong>.IOANNEH</strong></span> <span class='ocrx_word' id='word_1_524' title='bbox 1838 287 2068 346; x_wconf 78' lang='lat' dir='ltr'><strong>IIOMIL.</strong></span> <span class='ocrx_word' id='word_1_525' title='bbox 2107 288 2302 346; x_wconf 72' lang='lat' dir='ltr'><strong>XXIX.</strong></span> <span class='ocrx_word' id='word_1_526' title='bbox 2337 288 2405 344; x_wconf 89' lang='lat' dir='ltr'><strong>al.</strong></span> <span class='ocrx_word' id='word_1_527' title='bbox 2447 287 2682 345; x_wconf 78' lang='lat' dir='ltr'><strong>XXVIII.</strong></span> 
     </span>
    </p>
   </div>
   <div class='ocr_carea' id='block_1_63' title="bbox 3550 291 3643 351">
    <p class='ocr_par' dir='ltr' id='par_1_63' title="bbox 3550 291 3643 351">
     <span class='ocr_line' id='line_1_63' title="bbox 3550 291 3643 351; baseline 0.043 -4"><span class='ocrx_word' id='word_1_528' title='bbox 3550 291 3643 351; x_wconf 80' lang='lat' dir='ltr'><strong>I70</strong></span> 
     </span>
    </p>
   </div>
   <div class='ocr_carea' id='block_1_64' title="bbox 2073 405 3648 480">
    <p class='ocr_par' dir='ltr' id='par_1_64' title="bbox 2073 405 3648 480">
     <span class='ocr_line' id='line_1_64' title="bbox 2073 405 3648 480; baseline 0.007 -21"><span class='ocrx_word' id='word_1_529' title='bbox 2073 419 2326 476; x_wconf 87' lang='lat' dir='ltr'><strong>prospere</strong></span> <span class='ocrx_word' id='word_1_530' title='bbox 2367 405 2608 475; x_wconf 86' lang='lat' dir='ltr'><strong>agimus;</strong></span> <span class='ocrx_word' id='word_1_531' title='bbox 2649 406 2770 476; x_wconf 89' lang='lat' dir='ltr'><strong>quia</strong></span> <span class='ocrx_word' id='word_1_532' title='bbox 2809 407 2952 477; x_wconf 87' lang='lat' dir='ltr'><strong>quod</strong></span> <span class='ocrx_word' id='word_1_533' title='bbox 2996 408 3307 466; x_wconf 88' lang='lat' dir='ltr'><strong>volebamus</strong></span> <span class='ocrx_word' id='word_1_534' title='bbox 3341 415 3552 480; x_wconf 84' lang='lat' dir='ltr'><strong>evenit,</strong></span> <span class='ocrx_word' id='word_1_535' title='bbox 3593 426 3648 470; x_wconf 89' lang='lat' dir='ltr'><strong>et</strong></span> 
     </span>
    </p>
   </div>
   <div class='ocr_carea' id='block_1_65' title="bbox 2065 497 3649 570">
    <p class='ocr_par' dir='ltr' id='par_1_65' title="bbox 2065 497 3649 570">
     <span class='ocr_line' id='line_1_65' title="bbox 2065 497 3649 570; baseline 0.007 -22"><span class='ocrx_word' id='word_1_536' title='bbox 2065 509 2260 565; x_wconf 86' lang='lat' dir='ltr'><strong>sponsa</strong></span> <span class='ocrx_word' id='word_1_537' title='bbox 2289 509 2542 564; x_wconf 85' lang='lat' dir='ltr'><strong>sponsum</strong></span> <span class='ocrx_word' id='word_1_538' title='bbox 2568 497 2824 566; x_wconf 84' lang='lat' dir='ltr'><strong>agnoscit.</strong></span> <span class='ocrx_word' id='word_1_539' title='bbox 2854 497 2918 552; x_wconf 82' lang='lat' dir='ltr'><strong>Et</strong></span> <span class='ocrx_word' id='word_1_540' title='bbox 2944 513 3038 553; x_wconf 87' lang='lat' dir='ltr'><strong>vos</strong></span> <span class='ocrx_word' id='word_1_541' title='bbox 3070 499 3169 570; x_wconf 91' lang='lat' dir='ltr'><strong>ipsi</strong></span> <span class='ocrx_word' id='word_1_542' title='bbox 3200 501 3299 557; x_wconf 90' lang='lat' dir='ltr'><strong>hoc</strong></span> <span class='ocrx_word' id='word_1_543' title='bbox 3330 503 3649 559; x_wconf 70' lang='lat' dir='ltr'><strong>testiﬁrami-</strong></span> 
     </span>
    </p>
   </div>
   <div class='ocr_carea' id='block_1_66' title="bbox 2067 584 3646 650">
    <p class='ocr_par' dir='ltr' id='par_1_66' title="bbox 2067 584 3646 650">
     <span class='ocr_line' id='line_1_66' title="bbox 2067 584 3646 650; baseline 0.006 -12"><span class='ocrx_word' id='word_1_544' title='bbox 2067 585 2118 638; x_wconf 92' lang='lat' dir='ltr'><strong>ni</strong></span> <span class='ocrx_word' id='word_1_545' title='bbox 2147 599 2268 639; x_wconf 91' lang='lat' dir='ltr'><strong>cum</strong></span> <span class='ocrx_word' id='word_1_546' title='bbox 2299 584 2473 640; x_wconf 90' lang='lat' dir='ltr'><strong>dicitis</strong></span> <span class='ocrx_word' id='word_1_547' title='bbox 2496 626 2510 650; x_wconf 90' lang='lat'><strong>,</strong></span> <span class='ocrx_word' id='word_1_548' title='bbox 2543 587 2728 640; x_wconf 82' lang='lat' dir='ltr'><strong>Omnes</strong></span> <span class='ocrx_word' id='word_1_549' title='bbox 2755 589 2958 642; x_wconf 80' lang='lat' dir='ltr'><strong>veniunt</strong></span> <span class='ocrx_word' id='word_1_550' title='bbox 2983 590 3051 643; x_wconf 83' lang='lat' dir='ltr'><strong>ad</strong></span> <span class='ocrx_word' id='word_1_551' title='bbox 3076 607 3209 644; x_wconf 87' lang='lat' dir='ltr'><strong>eum.</strong></span> <span class='ocrx_word' id='word_1_552' title='bbox 3243 592 3356 647; x_wconf 82' lang='lat' dir='ltr'><strong>Hoc</strong></span> <span class='ocrx_word' id='word_1_553' title='bbox 3378 591 3520 649; x_wconf 83' lang='lat' dir='ltr'><strong>enim</strong></span> <span class='ocrx_word' id='word_1_554' title='bbox 3553 610 3646 650; x_wconf 75' lang='lat' dir='ltr'><strong>cu-</strong></span> 
     </span>
    </p>
   </div>
   <div class='ocr_carea' id='block_1_67' title="bbox 2068 677 3649 750">
    <p class='ocr_par' dir='ltr' id='par_1_67' title="bbox 2068 677 3649 750">
     <span class='ocr_line' id='line_1_67' title="bbox 2068 677 3649 750; baseline 0.006 -20"><span class='ocrx_word' id='word_1_555' title='bbox 2068 677 2250 732; x_wconf 90' lang='lat' dir='ltr'><strong>rabam</strong></span> <span class='ocrx_word' id='word_1_556' title='bbox 2271 720 2286 744; x_wconf 91' lang='lat'><strong>,</strong></span> <span class='ocrx_word' id='word_1_557' title='bbox 2316 688 2369 732; x_wconf 90' lang='lat' dir='ltr'><strong>et</strong></span> <span class='ocrx_word' id='word_1_558' title='bbox 2393 693 2456 732; x_wconf 92' lang='lat' dir='ltr'><strong>ea</strong></span> <span class='ocrx_word' id='word_1_559' title='bbox 2486 679 2554 734; x_wconf 91' lang='lat' dir='ltr'><strong>de</strong></span> <span class='ocrx_word' id='word_1_560' title='bbox 2586 693 2742 733; x_wconf 88' lang='lat' dir='ltr'><strong>causa</strong></span> <span class='ocrx_word' id='word_1_561' title='bbox 2788 681 2964 734; x_wconf 89' lang='lat' dir='ltr'><strong>omnia</strong></span> <span class='ocrx_word' id='word_1_562' title='bbox 3011 680 3133 736; x_wconf 86' lang='lat' dir='ltr'><strong>feci.</strong></span> <span class='ocrx_word' id='word_1_563' title='bbox 3165 683 3342 750; x_wconf 86' lang='lat' dir='ltr'><strong>Quare</strong></span> <span class='ocrx_word' id='word_1_564' title='bbox 3369 699 3489 740; x_wconf 91' lang='lat' dir='ltr'><strong>cum</strong></span> <span class='ocrx_word' id='word_1_565' title='bbox 3523 686 3649 740; x_wconf 87' lang='lat' dir='ltr'><strong>illud</strong></span> 
     </span>
    </p>
   </div>
   <div class='ocr_carea' id='block_1_68' title="bbox 2064 769 3270 841">
    <p class='ocr_par' dir='ltr' id='par_1_68' title="bbox 2064 769 3270 841">
     <span class='ocr_line' id='line_1_68' title="bbox 2064 769 3270 841; baseline 0.003 -19"><span class='ocrx_word' id='word_1_566' title='bbox 2064 769 2172 839; x_wconf 92' lang='lat' dir='ltr'><strong>jam</strong></span> <span class='ocrx_word' id='word_1_567' title='bbox 2199 770 2444 824; x_wconf 81' lang='lat' dir='ltr'><strong>evenisse</strong></span> <span class='ocrx_word' id='word_1_568' title='bbox 2469 770 2675 824; x_wconf 88' lang='lat' dir='ltr'><strong>videam</strong></span> <span class='ocrx_word' id='word_1_569' title='bbox 2695 812 2710 836; x_wconf 92' lang='lat'><strong>,</strong></span> <span class='ocrx_word' id='word_1_570' title='bbox 2739 771 2942 841; x_wconf 87' lang='lat' dir='ltr'><strong>gaudeo</strong></span> <span class='ocrx_word' id='word_1_571' title='bbox 2966 783 3017 827; x_wconf 90' lang='lat' dir='ltr'><strong>et</strong></span> <span class='ocrx_word' id='word_1_572' title='bbox 3043 774 3270 828; x_wconf 88' lang='lat' dir='ltr'><strong>exsulto.</strong></span> 
     </span>
    </p>
   </div>
   <div class='ocr_carea' id='block_1_69' title="bbox 2141 859 3651 933">
    <p class='ocr_par' dir='ltr' id='par_1_69' title="bbox 2141 859 3651 933">
     <span class='ocr_line' id='line_1_69' title="bbox 2141 859 3651 933; baseline 0.003 -18"><span class='ocrx_word' id='word_1_573' title='bbox 2141 861 2193 915; x_wconf 77' lang='lat'><strong>3.</strong></span> <span class='ocrx_word' id='word_1_574' title='bbox 2239 859 2468 913; x_wconf 73' lang='lat' dir='ltr'><strong>Ecclesia</strong></span> <span class='ocrx_word' id='word_1_575' title='bbox 2509 860 2760 931; x_wconf 87' lang='lat' dir='ltr'><strong>quomodo</strong></span> <span class='ocrx_word' id='word_1_576' title='bbox 2800 878 2988 932; x_wconf 86' lang='lat' dir='ltr'><strong>sponsa</strong></span> <span class='ocrx_word' id='word_1_577' title='bbox 3035 862 3225 918; x_wconf 82' lang='lat' dir='ltr'><strong>Christi</strong></span> <span class='ocrx_word' id='word_1_578' title='bbox 3262 865 3373 933; x_wconf 74' lang='lat' dir='ltr'><strong>ﬁat.</strong></span> <span class='ocrx_word' id='word_1_579' title='bbox 3424 865 3651 922; x_wconf 73' lang='lat' dir='ltr'><strong>Joannes</strong></span> 
     </span>
    </p>
   </div>
   <div class='ocr_carea' id='block_1_70' title="bbox 2070 950 3651 1023">
    <p class='ocr_par' dir='ltr' id='par_1_70' title="bbox 2070 950 3651 1023">
     <span class='ocr_line' id='line_1_70' title="bbox 2070 950 3651 1023; baseline 0.004 -18"><span class='ocrx_word' id='word_1_580' title='bbox 2070 951 2301 1020; x_wconf 85' lang='lat' dir='ltr'><strong>Baptista</strong></span> <span class='ocrx_word' id='word_1_581' title='bbox 2329 951 2391 1004; x_wconf 89' lang='lat' dir='ltr'><strong>de</strong></span> <span class='ocrx_word' id='word_1_582' title='bbox 2415 950 2612 1006; x_wconf 81' lang='lat' dir='ltr'><strong>Christo</strong></span> <span class='ocrx_word' id='word_1_583' title='bbox 2641 953 2978 1006; x_wconf 87' lang='lat' dir='ltr'><strong>testimonium</strong></span> <span class='ocrx_word' id='word_1_584' title='bbox 3002 955 3203 1023; x_wconf 81' lang='lat' dir='ltr'><strong>sapiens</strong></span> <span class='ocrx_word' id='word_1_585' title='bbox 3239 965 3285 1008; x_wconf 90' lang='lat' dir='ltr'><strong>et</strong></span> <span class='ocrx_word' id='word_1_586' title='bbox 3312 956 3651 1013; x_wconf 73' lang='lat' dir='ltr'><strong>ineluctabile.</strong></span> 
     </span>
    </p>
   </div>
   <div class='ocr_carea' id='block_1_71' title="bbox 2085 1045 3656 1120">
    <p class='ocr_par' dir='ltr' id='par_1_71' title="bbox 2085 1045 3656 1120">
     <span class='ocr_line' id='line_1_71' title="bbox 2085 1045 3656 1120; baseline 0.004 -20"><span class='ocrx_word' id='word_1_587' title='bbox 2085 1045 2238 1101; x_wconf 80' lang='lat' dir='ltr'><strong>Vante</strong></span> <span class='ocrx_word' id='word_1_588' title='bbox 2260 1047 2447 1118; x_wconf 65' lang='lat' dir='ltr'><strong>glorias</strong></span> <span class='ocrx_word' id='word_1_589' title='bbox 2457 1048 2675 1112; x_wconf 87' lang='lat' dir='ltr'><strong>damna;</strong></span> <span class='ocrx_word' id='word_1_590' title='bbox 2695 1049 2941 1117; x_wconf 83' lang='lat' dir='ltr'><strong>quomodo</strong></span> <span class='ocrx_word' id='word_1_591' title='bbox 2958 1053 3021 1104; x_wconf 85' lang='lat' dir='ltr'><strong>sit</strong></span> <span class='ocrx_word' id='word_1_592' title='bbox 3037 1051 3358 1120; x_wconf 80' lang='lat' dir='ltr'><strong>[ngatttla.--</strong></span> <span class='ocrx_word' id='word_1_593' title='bbox 3371 1053 3508 1118; x_wconf 86' lang='lat' dir='ltr'><strong>Quid</strong></span> <span class='ocrx_word' id='word_1_594' title='bbox 3529 1070 3656 1110; x_wconf 85' lang='lat' dir='ltr'><strong>vero</strong></span> 
     </span>
    </p>
   </div>
   <div class='ocr_carea' id='block_1_72' title="bbox 2071 1138 3656 1215">
    <p class='ocr_par' dir='ltr' id='par_1_72' title="bbox 2071 1138 3656 1215">
     <span class='ocr_line' id='line_1_72' title="bbox 2071 1138 3656 1215; baseline 0.004 -23"><span class='ocrx_word' id='word_1_595' title='bbox 2071 1138 2334 1208; x_wconf 88' lang='lat' dir='ltr'><strong>signiﬁcat</strong></span> <span class='ocrx_word' id='word_1_596' title='bbox 2362 1138 2490 1194; x_wconf 90' lang='lat' dir='ltr'><strong>illud</strong></span> <span class='ocrx_word' id='word_1_597' title='bbox 2515 1181 2529 1206; x_wconf 93' lang='lat'><strong>,</strong></span> <span class='ocrx_word' id='word_1_598' title='bbox 2564 1139 2664 1206; x_wconf 82' lang='lat' dir='ltr'><strong>Qui</strong></span> <span class='ocrx_word' id='word_1_599' title='bbox 2683 1148 2778 1194; x_wconf 85' lang='lat' dir='ltr'><strong>stat</strong></span> <span class='ocrx_word' id='word_1_600' title='bbox 2810 1149 2855 1193; x_wconf 86' lang='lat' dir='ltr'><strong>et</strong></span> <span class='ocrx_word' id='word_1_601' title='bbox 2884 1142 3026 1193; x_wconf 84' lang='lat' dir='ltr'><strong>audit</strong></span> <span class='ocrx_word' id='word_1_602' title='bbox 3074 1157 3185 1194; x_wconf 85' lang='lat' dir='ltr'><strong>eum</strong></span> <span class='ocrx_word' id='word_1_603' title='bbox 3204 1183 3218 1204; x_wconf 88' lang='lat'><strong>,</strong></span> <span class='ocrx_word' id='word_1_604' title='bbox 3249 1143 3435 1213; x_wconf 81' lang='lat' dir='ltr'><strong>gaudio</strong></span> <span class='ocrx_word' id='word_1_605' title='bbox 3469 1143 3656 1215; x_wconf 85' lang='lat' dir='ltr'><strong>gaudet</strong></span> 
     </span>
    </p>
   </div>
   <div class='ocr_carea' id='block_1_73' title="bbox 2074 1233 3655 1307">
    <p class='ocr_par' dir='ltr' id='par_1_73' title="bbox 2074 1233 3655 1307">
     <span class='ocr_line' id='line_1_73' title="bbox 2074 1233 3655 1307; baseline 0.007 -25"><span class='ocrx_word' id='word_1_606' title='bbox 2074 1241 2277 1301; x_wconf 85' lang='lat' dir='ltr'><strong>prapter</strong></span> <span class='ocrx_word' id='word_1_607' title='bbox 2304 1247 2472 1284; x_wconf 78' lang='lat' dir='ltr'><strong>vocem</strong></span> <span class='ocrx_word' id='word_1_608' title='bbox 2523 1233 2732 1301; x_wconf 83' lang='lat' dir='ltr'><strong>sponsi?</strong></span> <span class='ocrx_word' id='word_1_609' title='bbox 2761 1233 2836 1286; x_wconf 84' lang='lat' dir='ltr'><strong>Ex</strong></span> <span class='ocrx_word' id='word_1_610' title='bbox 2866 1233 3114 1300; x_wconf 89' lang='lat' dir='ltr'><strong>parabola</strong></span> <span class='ocrx_word' id='word_1_611' title='bbox 3155 1234 3221 1289; x_wconf 88' lang='lat' dir='ltr'><strong>ad</strong></span> <span class='ocrx_word' id='word_1_612' title='bbox 3264 1251 3376 1291; x_wconf 89' lang='lat' dir='ltr'><strong>rem</strong></span> <span class='ocrx_word' id='word_1_613' title='bbox 3410 1240 3655 1307; x_wconf 84' lang='lat' dir='ltr'><strong>preposi-</strong></span> 
     </span>
    </p>
   </div>
   <div class='ocr_carea' id='block_1_74' title="bbox 2075 1321 3658 1400">
    <p class='ocr_par' dir='ltr' id='par_1_74' title="bbox 2075 1321 3658 1400">
     <span class='ocr_line' id='line_1_74' title="bbox 2075 1321 3658 1400; baseline 0.008 -28"><span class='ocrx_word' id='word_1_614' title='bbox 2075 1328 2181 1373; x_wconf 90' lang='lat' dir='ltr'><strong>tam</strong></span> <span class='ocrx_word' id='word_1_615' title='bbox 2203 1334 2503 1376; x_wconf 89' lang='lat' dir='ltr'><strong>sermonem</strong></span> <span class='ocrx_word' id='word_1_616' title='bbox 2528 1321 2812 1376; x_wconf 90' lang='lat' dir='ltr'><strong>transtulit.</strong></span> <span class='ocrx_word' id='word_1_617' title='bbox 2834 1321 2966 1390; x_wconf 87' lang='lat' dir='ltr'><strong>Quia</strong></span> <span class='ocrx_word' id='word_1_618' title='bbox 2989 1324 3127 1378; x_wconf 91' lang='lat' dir='ltr'><strong>enim</strong></span> <span class='ocrx_word' id='word_1_619' title='bbox 3150 1340 3403 1394; x_wconf 86' lang='lat' dir='ltr'><strong>sponsum</strong></span> <span class='ocrx_word' id='word_1_620' title='bbox 3427 1337 3479 1382; x_wconf 90' lang='lat' dir='ltr'><strong>et</strong></span> <span class='ocrx_word' id='word_1_621' title='bbox 3499 1343 3658 1400; x_wconf 90' lang='lat' dir='ltr'><strong>spon-</strong></span> 
     </span>
    </p>
   </div>
   <div class='ocr_carea' id='block_1_75' title="bbox 2076 1411 3656 1486">
    <p class='ocr_par' dir='ltr' id='par_1_75' title="bbox 2076 1411 3656 1486">
     <span class='ocr_line' id='line_1_75' title="bbox 2076 1411 3656 1486; baseline 0.01 -23"><span class='ocrx_word' id='word_1_622' title='bbox 2076 1423 2190 1463; x_wconf 87' lang='lat' dir='ltr'><strong>sam</strong></span> <span class='ocrx_word' id='word_1_623' title='bbox 2237 1411 2553 1465; x_wconf 88' lang='lat' dir='ltr'><strong>memoravit</strong></span> <span class='ocrx_word' id='word_1_624' title='bbox 2573 1453 2587 1476; x_wconf 92' lang='lat'><strong>,</strong></span> <span class='ocrx_word' id='word_1_625' title='bbox 2612 1411 2844 1466; x_wconf 90' lang='lat' dir='ltr'><strong>ostendit</strong></span> <span class='ocrx_word' id='word_1_626' title='bbox 2886 1415 3156 1482; x_wconf 87' lang='lat' dir='ltr'><strong>quomodo</strong></span> <span class='ocrx_word' id='word_1_627' title='bbox 3190 1418 3456 1486; x_wconf 88' lang='lat' dir='ltr'><strong>sponsalia</strong></span> <span class='ocrx_word' id='word_1_628' title='bbox 3486 1419 3611 1476; x_wconf 89' lang='lat' dir='ltr'><strong>ﬁant</strong></span> <span class='ocrx_word' id='word_1_629' title='bbox 3641 1439 3656 1480; x_wconf 70' lang='grc' dir='ltr'><strong>ξ</strong></span> 
     </span>
    </p>
   </div>
   <div class='ocr_carea' id='block_1_76' title="bbox 2075 1503 3658 1570">
    <p class='ocr_par' dir='ltr' id='par_1_76' title="bbox 2075 1503 3658 1570">
     <span class='ocr_line' id='line_1_76' title="bbox 2075 1503 3658 1570; baseline 0.008 -16"><span class='ocrx_word' id='word_1_630' title='bbox 2075 1515 2172 1570; x_wconf 90' lang='lat' dir='ltr'><strong>per</strong></span> <span class='ocrx_word' id='word_1_631' title='bbox 2198 1516 2382 1554; x_wconf 87' lang='lat' dir='ltr'><strong>vocem</strong></span> <span class='ocrx_word' id='word_1_632' title='bbox 2403 1516 2595 1570; x_wconf 91' lang='lat' dir='ltr'><strong>nempe</strong></span> <span class='ocrx_word' id='word_1_633' title='bbox 2617 1511 2776 1570; x_wconf 88' lang='lat' dir='ltr'><strong>atque</strong></span> <span class='ocrx_word' id='word_1_634' title='bbox 2797 1503 3095 1558; x_wconf 90' lang='lat' dir='ltr'><strong>doctrinam</strong></span> <span class='ocrx_word' id='word_1_635' title='bbox 3119 1523 3133 1559; x_wconf 90' lang='lat'><strong>:</strong></span> <span class='ocrx_word' id='word_1_636' title='bbox 3168 1505 3238 1560; x_wconf 84' lang='lat' dir='ltr'><strong>ita</strong></span> <span class='ocrx_word' id='word_1_637' title='bbox 3257 1508 3398 1562; x_wconf 91' lang='lat' dir='ltr'><strong>enim</strong></span> <span class='ocrx_word' id='word_1_638' title='bbox 3422 1509 3658 1566; x_wconf 85' lang='lat' dir='ltr'><strong>Ecclesia</strong></span> 
     </span>
    </p>
   </div>
   <div class='ocr_carea' id='block_1_77' title="bbox 2076 1591 3658 1660">
    <p class='ocr_par' dir='ltr' id='par_1_77' title="bbox 2076 1591 3658 1660">
     <span class='ocr_line' id='line_1_77' title="bbox 2076 1591 3658 1660; baseline 0.006 -14"><span class='ocrx_word' id='word_1_639' title='bbox 2076 1591 2438 1660; x_wconf 87' lang='lat' dir='ltr'><strong>despondetur</strong></span> <span class='ocrx_word' id='word_1_640' title='bbox 2478 1592 2605 1645; x_wconf 87' lang='lat' dir='ltr'><strong>Deo.</strong></span> <span class='ocrx_word' id='word_1_641' title='bbox 2647 1592 2851 1646; x_wconf 91' lang='lat' dir='ltr'><strong>Idcirco</strong></span> <span class='ocrx_word' id='word_1_642' title='bbox 2889 1593 3084 1648; x_wconf 82' lang='lat' dir='ltr'><strong>Paulus</strong></span> <span class='ocrx_word' id='word_1_643' title='bbox 3129 1594 3373 1652; x_wconf 89' lang='lat' dir='ltr'><strong>dicebat:</strong></span> <span class='ocrx_word' id='word_1_644' title='bbox 3411 1598 3566 1654; x_wconf 83' lang='lat' dir='ltr'><strong>Fides</strong></span> <span class='ocrx_word' id='word_1_645' title='bbox 3595 1618 3658 1657; x_wconf 78' lang='lat' dir='ltr'><strong>ex</strong></span> 
     </span>
    </p>
   </div>
   <div class='ocr_carea' id='block_1_78' title="bbox 2078 1683 3659 1762">
    <p class='ocr_par' dir='ltr' id='par_1_78' title="bbox 2078 1683 3659 1762">
     <span class='ocr_line' id='line_1_78' title="bbox 2078 1683 3659 1762; baseline 0.007 -27"><span class='ocrx_word' id='word_1_646' title='bbox 2078 1683 2277 1748; x_wconf 86' lang='lat' dir='ltr'><strong>auditu,</strong></span> <span class='ocrx_word' id='word_1_647' title='bbox 2314 1683 2522 1736; x_wconf 86' lang='lat' dir='ltr'><strong>auditus</strong></span> <span class='ocrx_word' id='word_1_648' title='bbox 2548 1694 2718 1737; x_wconf 85' lang='lat' dir='ltr'><strong>autem</strong></span> <span class='ocrx_word' id='word_1_649' title='bbox 2748 1700 2836 1753; x_wconf 85' lang='lat' dir='ltr'><strong>per</strong></span> <span class='ocrx_word' id='word_1_650' title='bbox 2858 1684 3058 1738; x_wconf 81' lang='lat' dir='ltr'><strong>verbum</strong></span> <span class='ocrx_word' id='word_1_651' title='bbox 3079 1685 3175 1739; x_wconf 88' lang='lat' dir='ltr'><strong>Dei</strong></span> <span class='ocrx_word' id='word_1_652' title='bbox 3201 1686 3379 1757; x_wconf 87' lang='lat' dir='ltr'><strong>(Rom.</strong></span> <span class='ocrx_word' id='word_1_653' title='bbox 3416 1690 3500 1744; x_wconf 82' lang='lat' dir='ltr'><strong>IO.</strong></span> <span class='ocrx_word' id='word_1_654' title='bbox 3533 1692 3659 1762; x_wconf 84' lang='lat' dir='ltr'><strong>I7).</strong></span> 
     </span>
    </p>
   </div>
   <div class='ocr_carea' id='block_1_79' title="bbox 2081 1774 3664 1848">
    <p class='ocr_par' dir='ltr' id='par_1_79' title="bbox 2081 1774 3664 1848">
     <span class='ocr_line' id='line_1_79' title="bbox 2081 1774 3664 1848; baseline 0.008 -21"><span class='ocrx_word' id='word_1_655' title='bbox 2081 1774 2191 1829; x_wconf 89' lang='lat' dir='ltr'><strong>Hac</strong></span> <span class='ocrx_word' id='word_1_656' title='bbox 2221 1789 2319 1844; x_wconf 89' lang='lat' dir='ltr'><strong>ego</strong></span> <span class='ocrx_word' id='word_1_657' title='bbox 2348 1789 2477 1830; x_wconf 89' lang='lat' dir='ltr'><strong>voce</strong></span> <span class='ocrx_word' id='word_1_658' title='bbox 2505 1775 2731 1845; x_wconf 85' lang='lat' dir='ltr'><strong>gaudeo.</strong></span> <span class='ocrx_word' id='word_1_659' title='bbox 2764 1775 2898 1831; x_wconf 89' lang='lat' dir='ltr'><strong>Illud</strong></span> <span class='ocrx_word' id='word_1_660' title='bbox 2925 1793 3051 1833; x_wconf 87' lang='lat' dir='ltr'><strong>vero</strong></span> <span class='ocrx_word' id='word_1_661' title='bbox 3074 1818 3092 1847; x_wconf 82' lang='lat'><strong>,</strong></span> <span class='ocrx_word' id='word_1_662' title='bbox 3123 1781 3222 1848; x_wconf 85' lang='lat' dir='ltr'><strong>Qui</strong></span> <span class='ocrx_word' id='word_1_663' title='bbox 3247 1792 3380 1846; x_wconf 86' lang='lat' dir='ltr'><strong>stat,</strong></span> <span class='ocrx_word' id='word_1_664' title='bbox 3415 1800 3520 1839; x_wconf 88' lang='lat' dir='ltr'><strong>non</strong></span> <span class='ocrx_word' id='word_1_665' title='bbox 3548 1787 3664 1840; x_wconf 89' lang='lat' dir='ltr'><strong>sine</strong></span> 
     </span>
    </p>
   </div>
   <div class='ocr_carea' id='block_1_80' title="bbox 2080 1865 3656 1942">
    <p class='ocr_par' dir='ltr' id='par_1_80' title="bbox 2080 1865 3656 1942">
     <span class='ocr_line' id='line_1_80' title="bbox 2080 1865 3656 1942; baseline 0.009 -24"><span class='ocrx_word' id='word_1_666' title='bbox 2080 1877 2240 1918; x_wconf 86' lang='lat' dir='ltr'><strong>causa</strong></span> <span class='ocrx_word' id='word_1_667' title='bbox 2271 1866 2467 1934; x_wconf 90' lang='lat' dir='ltr'><strong>posuit,</strong></span> <span class='ocrx_word' id='word_1_668' title='bbox 2497 1865 2590 1920; x_wconf 91' lang='lat' dir='ltr'><strong>sed</strong></span> <span class='ocrx_word' id='word_1_669' title='bbox 2619 1874 2675 1920; x_wconf 94' lang='lat' dir='ltr'><strong>ut</strong></span> <span class='ocrx_word' id='word_1_670' title='bbox 2702 1866 3030 1934; x_wconf 85' lang='lat' dir='ltr'><strong>ostenderet,</strong></span> <span class='ocrx_word' id='word_1_671' title='bbox 3064 1885 3153 1926; x_wconf 87' lang='lat' dir='ltr'><strong>res</strong></span> <span class='ocrx_word' id='word_1_672' title='bbox 3179 1887 3302 1926; x_wconf 91' lang='lat' dir='ltr'><strong>suas</strong></span> <span class='ocrx_word' id='word_1_673' title='bbox 3323 1877 3620 1931; x_wconf 69' lang='lat' dir='ltr'><strong>cessavisse</strong></span> <span class='ocrx_word' id='word_1_674' title='bbox 3641 1919 3656 1942; x_wconf 90' lang='lat'><strong>,</strong></span> 
     </span>
    </p>
   </div>
   <div class='ocr_carea' id='block_1_81' title="bbox 2088 1954 3664 2034">
    <p class='ocr_par' dir='ltr' id='par_1_81' title="bbox 2088 1954 3664 2034">
     <span class='ocr_line' id='line_1_81' title="bbox 2088 1954 3664 2034; baseline 0.007 -26"><span class='ocrx_word' id='word_1_675' title='bbox 2088 1963 2142 2008; x_wconf 89' lang='lat' dir='ltr'><strong>et</strong></span> <span class='ocrx_word' id='word_1_676' title='bbox 2173 1954 2272 2008; x_wconf 90' lang='lat' dir='ltr'><strong>sibi</strong></span> <span class='ocrx_word' id='word_1_677' title='bbox 2297 1955 2406 2024; x_wconf 84' lang='lat' dir='ltr'><strong>jam</strong></span> <span class='ocrx_word' id='word_1_678' title='bbox 2437 1955 2682 2010; x_wconf 90' lang='lat' dir='ltr'><strong>standum</strong></span> <span class='ocrx_word' id='word_1_679' title='bbox 2727 1966 2781 2011; x_wconf 92' lang='lat' dir='ltr'><strong>et</strong></span> <span class='ocrx_word' id='word_1_680' title='bbox 2825 1957 3147 2012; x_wconf 88' lang='lat' dir='ltr'><strong>audiendum</strong></span> <span class='ocrx_word' id='word_1_681' title='bbox 3174 1975 3296 2015; x_wconf 89' lang='lat' dir='ltr'><strong>esse</strong></span> <span class='ocrx_word' id='word_1_682' title='bbox 3318 2003 3335 2028; x_wconf 90' lang='lat'><strong>,</strong></span> <span class='ocrx_word' id='word_1_683' title='bbox 3362 1977 3425 2017; x_wconf 89' lang='lat' dir='ltr'><strong>ac</strong></span> <span class='ocrx_word' id='word_1_684' title='bbox 3466 1978 3664 2034; x_wconf 90' lang='lat' dir='ltr'><strong>sponso</strong></span> 
     </span>
    </p>
   </div>
   <div class='ocr_carea' id='block_1_82' title="bbox 2084 2046 3663 2118">
    <p class='ocr_par' dir='ltr' id='par_1_82' title="bbox 2084 2046 3663 2118">
     <span class='ocr_line' id='line_1_82' title="bbox 2084 2046 3663 2118; baseline 0.006 -18"><span class='ocrx_word' id='word_1_685' title='bbox 2084 2046 2396 2100; x_wconf 88' lang='lat' dir='ltr'><strong>tradendam</strong></span> <span class='ocrx_word' id='word_1_686' title='bbox 2425 2063 2547 2102; x_wconf 85' lang='lat' dir='ltr'><strong>esse.</strong></span> <span class='ocrx_word' id='word_1_687' title='bbox 2569 2062 2818 2117; x_wconf 85' lang='lat' dir='ltr'><strong>sponsam</strong></span> <span class='ocrx_word' id='word_1_688' title='bbox 2843 2066 2854 2101; x_wconf 95' lang='lat'>:</span> <span class='ocrx_word' id='word_1_689' title='bbox 2875 2063 3038 2118; x_wconf 89' lang='lat' dir='ltr'><strong>seque</strong></span> <span class='ocrx_word' id='word_1_690' title='bbox 3060 2050 3358 2107; x_wconf 89' lang='lat' dir='ltr'><strong>ministrum</strong></span> <span class='ocrx_word' id='word_1_691' title='bbox 3379 2063 3432 2107; x_wconf 90' lang='lat' dir='ltr'><strong>et</strong></span> <span class='ocrx_word' id='word_1_692' title='bbox 3452 2070 3663 2110; x_wconf 89' lang='lat' dir='ltr'><strong>servum</strong></span> 
     </span>
    </p>
   </div>
   <div class='ocr_carea' id='block_1_83' title="bbox 2084 2140 3665 2220">
    <p class='ocr_par' dir='ltr' id='par_1_83' title="bbox 2084 2140 3665 2220">
     <span class='ocr_line' id='line_1_83' title="bbox 2084 2140 3665 2220; baseline 0.008 -27"><span class='ocrx_word' id='word_1_693' title='bbox 2084 2154 2204 2194; x_wconf 89' lang='lat' dir='ltr'><strong>esse</strong></span> <span class='ocrx_word' id='word_1_694' title='bbox 2223 2179 2236 2202; x_wconf 86' lang='lat'><strong>,</strong></span> <span class='ocrx_word' id='word_1_695' title='bbox 2269 2140 2461 2194; x_wconf 89' lang='lat' dir='ltr'><strong>bonam</strong></span> <span class='ocrx_word' id='word_1_696' title='bbox 2489 2155 2638 2210; x_wconf 88' lang='lat' dir='ltr'><strong>spem</strong></span> <span class='ocrx_word' id='word_1_697' title='bbox 2678 2155 2826 2196; x_wconf 87' lang='lat' dir='ltr'><strong>suam</strong></span> <span class='ocrx_word' id='word_1_698' title='bbox 2855 2151 3013 2211; x_wconf 89' lang='lat' dir='ltr'><strong>atque</strong></span> <span class='ocrx_word' id='word_1_699' title='bbox 3044 2143 3280 2198; x_wconf 75' lang='lat' dir='ltr'><strong>lmtitiam</strong></span> <span class='ocrx_word' id='word_1_700' title='bbox 3309 2147 3360 2200; x_wconf 91' lang='lat' dir='ltr'><strong>in</strong></span> <span class='ocrx_word' id='word_1_701' title='bbox 3405 2162 3537 2220; x_wconf 80' lang='lat' dir='ltr'><strong>Opus</strong></span> <span class='ocrx_word' id='word_1_702' title='bbox 3555 2149 3665 2220; x_wconf 85' lang='lat' dir='ltr'><strong>jam</strong></span> 
     </span>
    </p>
   </div>
   <div class='ocr_carea' id='block_1_84' title="bbox 2086 2229 3666 2308">
    <p class='ocr_par' dir='ltr' id='par_1_84' title="bbox 2086 2229 3666 2308">
     <span class='ocr_line' id='line_1_84' title="bbox 2086 2229 3666 2308; baseline 0.007 -24"><span class='ocrx_word' id='word_1_703' title='bbox 2086 2229 2298 2284; x_wconf 86' lang='lat' dir='ltr'><strong>exiisse.</strong></span> <span class='ocrx_word' id='word_1_704' title='bbox 2349 2230 2470 2286; x_wconf 91' lang='lat' dir='ltr'><strong>Ideo</strong></span> <span class='ocrx_word' id='word_1_705' title='bbox 2515 2231 2593 2286; x_wconf 90' lang='lat' dir='ltr'><strong>sic</strong></span> <span class='ocrx_word' id='word_1_706' title='bbox 2639 2233 2852 2302; x_wconf 86' lang='lat' dir='ltr'><strong>pergit:</strong></span> <span class='ocrx_word' id='word_1_707' title='bbox 2885 2232 2998 2286; x_wconf 81' lang='lat' dir='ltr'><strong>Hoc</strong></span> <span class='ocrx_word' id='word_1_708' title='bbox 3048 2251 3167 2306; x_wconf 84' lang='lat' dir='ltr'><strong>ergo</strong></span> <span class='ocrx_word' id='word_1_709' title='bbox 3210 2238 3454 2308; x_wconf 86' lang='lat' dir='ltr'><strong>gaudium</strong></span> <span class='ocrx_word' id='word_1_710' title='bbox 3503 2257 3666 2294; x_wconf 87' lang='lat' dir='ltr'><strong>meum</strong></span> 
     </span>
    </p>
   </div>
   <div class='ocr_carea' id='block_1_85' title="bbox 2084 2318 3669 2396">
    <p class='ocr_par' dir='ltr' id='par_1_85' title="bbox 2084 2318 3669 2396">
     <span class='ocr_line' id='line_1_85' title="bbox 2084 2318 3669 2396; baseline 0.009 -25"><span class='ocrx_word' id='word_1_711' title='bbox 2084 2318 2345 2389; x_wconf 81' lang='lat' dir='ltr'><strong>impletum</strong></span> <span class='ocrx_word' id='word_1_712' title='bbox 2374 2331 2469 2386; x_wconf 86' lang='lat' dir='ltr'><strong>est;</strong></span> <span class='ocrx_word' id='word_1_713' title='bbox 2499 2322 2549 2376; x_wconf 91' lang='lat' dir='ltr'><strong>id</strong></span> <span class='ocrx_word' id='word_1_714' title='bbox 2580 2331 2682 2386; x_wconf 89' lang='lat' dir='ltr'><strong>est,</strong></span> <span class='ocrx_word' id='word_1_715' title='bbox 2715 2322 3017 2379; x_wconf 78' lang='lat' dir='ltr'><strong>Perfectum</strong></span> <span class='ocrx_word' id='word_1_716' title='bbox 3045 2334 3128 2380; x_wconf 93' lang='lat' dir='ltr'><strong>est</strong></span> <span class='ocrx_word' id='word_1_717' title='bbox 3156 2342 3290 2396; x_wconf 81' lang='lat' dir='ltr'><strong>Opus</strong></span> <span class='ocrx_word' id='word_1_718' title='bbox 3316 2344 3514 2396; x_wconf 90' lang='lat' dir='ltr'><strong>meum,</strong></span> <span class='ocrx_word' id='word_1_719' title='bbox 3539 2332 3669 2389; x_wconf 91' lang='lat' dir='ltr'><strong>nihil</strong></span> 
     </span>
    </p>
   </div>
   <div class='ocr_carea' id='block_1_86' title="bbox 2088 2410 3672 2490">
    <p class='ocr_par' dir='ltr' id='par_1_86' title="bbox 2088 2410 3672 2490">
     <span class='ocr_line' id='line_1_86' title="bbox 2088 2410 3672 2490; baseline 0.01 -27"><span class='ocrx_word' id='word_1_720' title='bbox 2088 2410 2225 2466; x_wconf 91' lang='lat' dir='ltr'><strong>ultra</strong></span> <span class='ocrx_word' id='word_1_721' title='bbox 2267 2412 2406 2482; x_wconf 87' lang='lat' dir='ltr'><strong>quod</strong></span> <span class='ocrx_word' id='word_1_722' title='bbox 2453 2413 2705 2468; x_wconf 87' lang='lat' dir='ltr'><strong>faciamus</strong></span> <span class='ocrx_word' id='word_1_723' title='bbox 2735 2413 3013 2471; x_wconf 90' lang='lat' dir='ltr'><strong>habemus.</strong></span> <span class='ocrx_word' id='word_1_724' title='bbox 3058 2417 3258 2474; x_wconf 88' lang='lat' dir='ltr'><strong>Deinde</strong></span> <span class='ocrx_word' id='word_1_725' title='bbox 3299 2437 3401 2475; x_wconf 92' lang='lat' dir='ltr'><strong>non</strong></span> <span class='ocrx_word' id='word_1_726' title='bbox 3434 2438 3672 2490; x_wconf 71' lang='lat' dir='ltr'><strong>praesens</strong></span> 
     </span>
    </p>
   </div>
   <div class='ocr_carea' id='block_1_87' title="bbox 2090 2503 3671 2582">
    <p class='ocr_par' dir='ltr' id='par_1_87' title="bbox 2090 2503 3671 2582">
     <span class='ocr_line' id='line_1_87' title="bbox 2090 2503 3671 2582; baseline 0.01 -27"><span class='ocrx_word' id='word_1_727' title='bbox 2090 2503 2370 2570; x_wconf 84' lang='lat' dir='ltr'><strong>modo,scd</strong></span> <span class='ocrx_word' id='word_1_728' title='bbox 2387 2505 2545 2559; x_wconf 84' lang='lat' dir='ltr'><strong>etiam</strong></span> <span class='ocrx_word' id='word_1_729' title='bbox 2564 2503 2798 2561; x_wconf 88' lang='lat' dir='ltr'><strong>futurum</strong></span> <span class='ocrx_word' id='word_1_730' title='bbox 2816 2507 3018 2563; x_wconf 88' lang='lat' dir='ltr'><strong>doloris</strong></span> <span class='ocrx_word' id='word_1_731' title='bbox 3037 2520 3373 2580; x_wconf 89' lang='lat' dir='ltr'><strong>augmentum</strong></span> <span class='ocrx_word' id='word_1_732' title='bbox 3391 2513 3671 2582; x_wconf 85' lang='lat' dir='ltr'><strong>cohibens,</strong></span> 
     </span>
    </p>
   </div>
   <div class='ocr_carea' id='block_1_88' title="bbox 2091 2594 3672 2669">
    <p class='ocr_par' dir='ltr' id='par_1_88' title="bbox 2091 2594 3672 2669">
     <span class='ocr_line' id='line_1_88' title="bbox 2091 2594 3672 2669; baseline 0.007 -22"><span class='ocrx_word' id='word_1_733' title='bbox 2091 2594 2157 2648; x_wconf 88' lang='lat' dir='ltr'><strong>de</strong></span> <span class='ocrx_word' id='word_1_734' title='bbox 2194 2595 2384 2650; x_wconf 88' lang='lat' dir='ltr'><strong>futuris</strong></span> <span class='ocrx_word' id='word_1_735' title='bbox 2427 2598 2731 2665; x_wconf 88' lang='lat' dir='ltr'><strong>pronuntiat</strong></span> <span class='ocrx_word' id='word_1_736' title='bbox 2775 2613 2835 2652; x_wconf 87' lang='lat' dir='ltr'><strong>ea</strong></span> <span class='ocrx_word' id='word_1_737' title='bbox 2861 2614 2987 2669; x_wconf 78' lang='lat' dir='ltr'><strong>qua:</strong></span> <span class='ocrx_word' id='word_1_738' title='bbox 3032 2617 3100 2656; x_wconf 83' lang='lat' dir='ltr'><strong>ex</strong></span> <span class='ocrx_word' id='word_1_739' title='bbox 3127 2600 3282 2656; x_wconf 90' lang='lat' dir='ltr'><strong>dictis</strong></span> <span class='ocrx_word' id='word_1_740' title='bbox 3327 2612 3382 2660; x_wconf 89' lang='lat' dir='ltr'><strong>et</strong></span> <span class='ocrx_word' id='word_1_741' title='bbox 3423 2619 3485 2659; x_wconf 89' lang='lat' dir='ltr'><strong>ex</strong></span> <span class='ocrx_word' id='word_1_742' title='bbox 3518 2604 3672 2661; x_wconf 84' lang='lat' dir='ltr'><strong>factis</strong></span> 
     </span>
    </p>
   </div>
   <div class='ocr_carea' id='block_1_89' title="bbox 2091 2686 3672 2764">
    <p class='ocr_par' dir='ltr' id='par_1_89' title="bbox 2091 2686 3672 2764">
     <span class='ocr_line' id='line_1_89' title="bbox 2091 2686 3672 2764; baseline 0.006 -22"><span class='ocrx_word' id='word_1_743' title='bbox 2091 2689 2371 2743; x_wconf 83' lang='lat' dir='ltr'><strong>Conﬁrmat</strong></span> <span class='ocrx_word' id='word_1_744' title='bbox 2399 2686 2480 2742; x_wconf 90' lang='lat' dir='ltr'><strong>his</strong></span> <span class='ocrx_word' id='word_1_745' title='bbox 2510 2687 2687 2743; x_wconf 89' lang='lat' dir='ltr'><strong>verbis</strong></span> <span class='ocrx_word' id='word_1_746' title='bbox 2719 2705 2735 2743; x_wconf 90' lang='lat'><strong>:</strong></span> <span class='ocrx_word' id='word_1_747' title='bbox 2766 2689 2856 2745; x_wconf 80' lang='lat'><strong>50.</strong></span> <span class='ocrx_word' id='word_1_748' title='bbox 2904 2689 3066 2745; x_wconf 84' lang='lat' dir='ltr'><strong>Illum</strong></span> <span class='ocrx_word' id='word_1_749' title='bbox 3096 2703 3290 2760; x_wconf 82' lang='lat' dir='ltr'><strong>oportet</strong></span> <span class='ocrx_word' id='word_1_750' title='bbox 3317 2709 3555 2764; x_wconf 81' lang='lat' dir='ltr'><strong>crescere,</strong></span> <span class='ocrx_word' id='word_1_751' title='bbox 3593 2715 3672 2751; x_wconf 85' lang='lat' dir='ltr'><strong>me</strong></span> 
     </span>
    </p>
   </div>
   <div class='ocr_carea' id='block_1_90' title="bbox 2091 2778 3676 2856">
    <p class='ocr_par' dir='ltr' id='par_1_90' title="bbox 2091 2778 3676 2856">
     <span class='ocr_line' id='line_1_90' title="bbox 2091 2778 3676 2856; baseline 0.007 -24"><span class='ocrx_word' id='word_1_752' title='bbox 2091 2793 2258 2833; x_wconf 86' lang='lat' dir='ltr'><strong>autem</strong></span> <span class='ocrx_word' id='word_1_753' title='bbox 2281 2780 2439 2832; x_wconf 79' lang='lat' dir='ltr'><strong>annui</strong></span> <span class='ocrx_word' id='word_1_754' title='bbox 2464 2795 2482 2833; x_wconf 91' lang='lat'><strong><em>:</em></strong></span> <span class='ocrx_word' id='word_1_755' title='bbox 2513 2778 2614 2834; x_wconf 90' lang='lat' dir='ltr'><strong>hoc</strong></span> <span class='ocrx_word' id='word_1_756' title='bbox 2641 2787 2742 2847; x_wconf 89' lang='lat' dir='ltr'><strong>est,</strong></span> <span class='ocrx_word' id='word_1_757' title='bbox 2773 2779 2963 2836; x_wconf 81' lang='lat' dir='ltr'><strong>Nostra</strong></span> <span class='ocrx_word' id='word_1_758' title='bbox 2991 2793 3372 2839; x_wconf 87' lang='lat' dir='ltr'><strong>cessaverunt:</strong></span> <span class='ocrx_word' id='word_1_759' title='bbox 3399 2802 3518 2856; x_wconf 74' lang='lat' dir='ltr'><strong>quae</strong></span> <span class='ocrx_word' id='word_1_760' title='bbox 3548 2803 3676 2844; x_wconf 89' lang='lat' dir='ltr'><strong>vero</strong></span> 
     </span>
    </p>
   </div>
   <div class='ocr_carea' id='block_1_91' title="bbox 2094 2873 3676 2946">
    <p class='ocr_par' dir='ltr' id='par_1_91' title="bbox 2094 2873 3676 2946">
     <span class='ocr_line' id='line_1_91' title="bbox 2094 2873 3676 2946; baseline 0.004 -19"><span class='ocrx_word' id='word_1_761' title='bbox 2094 2873 2232 2928; x_wconf 88' lang='lat' dir='ltr'><strong>illius</strong></span> <span class='ocrx_word' id='word_1_762' title='bbox 2270 2881 2395 2929; x_wconf 89' lang='lat' dir='ltr'><strong>sunt</strong></span> <span class='ocrx_word' id='word_1_763' title='bbox 2441 2881 2722 2944; x_wconf 87' lang='lat' dir='ltr'><strong>augentur.</strong></span> <span class='ocrx_word' id='word_1_764' title='bbox 2755 2873 2866 2929; x_wconf 89' lang='lat' dir='ltr'><strong>IIoc</strong></span> <span class='ocrx_word' id='word_1_765' title='bbox 2909 2875 3087 2945; x_wconf 90' lang='lat' dir='ltr'><strong>itaque</strong></span> <span class='ocrx_word' id='word_1_766' title='bbox 3131 2876 3270 2946; x_wconf 91' lang='lat' dir='ltr'><strong>quod</strong></span> <span class='ocrx_word' id='word_1_767' title='bbox 3305 2877 3502 2934; x_wconf 88' lang='lat' dir='ltr'><strong>timetis</strong></span> <span class='ocrx_word' id='word_1_768' title='bbox 3525 2921 3539 2943; x_wconf 89' lang='lat'><strong>,</strong></span> <span class='ocrx_word' id='word_1_769' title='bbox 3570 2895 3676 2936; x_wconf 87' lang='lat' dir='ltr'><strong>non</strong></span> 
     </span>
    </p>
   </div>
   <div class='ocr_carea' id='block_1_92' title="bbox 2094 2963 3676 3036">
    <p class='ocr_par' dir='ltr' id='par_1_92' title="bbox 2094 2963 3676 3036">
     <span class='ocr_line' id='line_1_92' title="bbox 2094 2963 3676 3036; baseline 0.006 -18"><span class='ocrx_word' id='word_1_770' title='bbox 2094 2963 2254 3018; x_wconf 90' lang='lat' dir='ltr'><strong>modo</strong></span> <span class='ocrx_word' id='word_1_771' title='bbox 2283 2979 2423 3019; x_wconf 92' lang='lat' dir='ltr'><strong>nunc</strong></span> <span class='ocrx_word' id='word_1_772' title='bbox 2449 2963 2643 3031; x_wconf 89' lang='lat' dir='ltr'><strong>aderit,</strong></span> <span class='ocrx_word' id='word_1_773' title='bbox 2668 2964 2759 3020; x_wconf 88' lang='lat' dir='ltr'><strong>sed</strong></span> <span class='ocrx_word' id='word_1_774' title='bbox 2789 2965 2960 3036; x_wconf 86' lang='lat' dir='ltr'><strong>majus</strong></span> <span class='ocrx_word' id='word_1_775' title='bbox 2983 2967 3144 3021; x_wconf 90' lang='lat' dir='ltr'><strong>etiam</strong></span> <span class='ocrx_word' id='word_1_776' title='bbox 3175 2968 3227 3022; x_wconf 91' lang='lat' dir='ltr'><strong>in</strong></span> <span class='ocrx_word' id='word_1_777' title='bbox 3255 2969 3373 3025; x_wconf 91' lang='lat' dir='ltr'><strong>dies</strong></span> <span class='ocrx_word' id='word_1_778' title='bbox 3404 2971 3510 3026; x_wconf 91' lang='lat' dir='ltr'><strong>ﬁet.</strong></span> <span class='ocrx_word' id='word_1_779' title='bbox 3545 2971 3676 3027; x_wconf 88' lang='lat' dir='ltr'><strong>Illud</strong></span> 
     </span>
    </p>
   </div>
   <div class='ocr_carea' id='block_1_93' title="bbox 2097 3055 3679 3133">
    <p class='ocr_par' dir='ltr' id='par_1_93' title="bbox 2097 3055 3679 3133">
     <span class='ocr_line' id='line_1_93' title="bbox 2097 3055 3679 3133; baseline 0.003 -19"><span class='ocrx_word' id='word_1_780' title='bbox 2097 3055 2240 3114; x_wconf 87' lang='lat' dir='ltr'><strong>enim</strong></span> <span class='ocrx_word' id='word_1_781' title='bbox 2286 3060 2516 3114; x_wconf 83' lang='lat' dir='ltr'><strong>maxime</strong></span> <span class='ocrx_word' id='word_1_782' title='bbox 2567 3067 2650 3115; x_wconf 88' lang='lat' dir='ltr'><strong>est</strong></span> <span class='ocrx_word' id='word_1_783' title='bbox 2699 3058 2840 3128; x_wconf 86' lang='lat' dir='ltr'><strong>quod</strong></span> <span class='ocrx_word' id='word_1_784' title='bbox 2892 3073 2982 3114; x_wconf 89' lang='lat' dir='ltr'><strong>res</strong></span> <span class='ocrx_word' id='word_1_785' title='bbox 3029 3069 3244 3115; x_wconf 89' lang='lat' dir='ltr'><strong>nostras</strong></span> <span class='ocrx_word' id='word_1_786' title='bbox 3293 3063 3679 3133; x_wconf 86' lang='lat' dir='ltr'><strong>splendidiores</strong></span> 
     </span>
    </p>
   </div>
   <div class='ocr_carea' id='block_1_94' title="bbox 2096 3149 3683 3220">
    <p class='ocr_par' dir='ltr' id='par_1_94' title="bbox 2096 3149 3683 3220">
     <span class='ocr_line' id='line_1_94' title="bbox 2096 3149 3683 3220; baseline 0.004 -16"><span class='ocrx_word' id='word_1_787' title='bbox 2096 3151 2344 3205; x_wconf 84' lang='lat' dir='ltr'><strong>ostendit.</strong></span> <span class='ocrx_word' id='word_1_788' title='bbox 2381 3150 2503 3206; x_wconf 89' lang='lat' dir='ltr'><strong>Ideo</strong></span> <span class='ocrx_word' id='word_1_789' title='bbox 2521 3151 2665 3216; x_wconf 86' lang='lat' dir='ltr'><strong>veni,</strong></span> <span class='ocrx_word' id='word_1_790' title='bbox 2688 3158 2744 3206; x_wconf 91' lang='lat' dir='ltr'><strong>et</strong></span> <span class='ocrx_word' id='word_1_791' title='bbox 2762 3149 2967 3220; x_wconf 86' lang='lat' dir='ltr'><strong>gaudeo</strong></span> <span class='ocrx_word' id='word_1_792' title='bbox 2993 3150 3059 3206; x_wconf 91' lang='lat' dir='ltr'><strong>de</strong></span> <span class='ocrx_word' id='word_1_793' title='bbox 3081 3161 3226 3208; x_wconf 82' lang='lat' dir='ltr'><strong>tanto</strong></span> <span class='ocrx_word' id='word_1_794' title='bbox 3247 3167 3424 3209; x_wconf 86' lang='lat' dir='ltr'><strong>rerum</strong></span> <span class='ocrx_word' id='word_1_795' title='bbox 3445 3155 3510 3211; x_wconf 88' lang='lat' dir='ltr'><strong>ad</strong></span> <span class='ocrx_word' id='word_1_796' title='bbox 3528 3154 3683 3211; x_wconf 90' lang='lat' dir='ltr'><strong>Chri-</strong></span> 
     </span>
    </p>
   </div>
   <div class='ocr_carea' id='block_1_95' title="bbox 2097 3242 3680 3314">
    <p class='ocr_par' dir='ltr' id='par_1_95' title="bbox 2097 3242 3680 3314">
     <span class='ocr_line' id='line_1_95' title="bbox 2097 3242 3680 3314; baseline 0.004 -18"><span class='ocrx_word' id='word_1_797' title='bbox 2097 3251 2236 3296; x_wconf 89' lang='lat' dir='ltr'><strong>stum</strong></span> <span class='ocrx_word' id='word_1_798' title='bbox 2269 3242 2647 3312; x_wconf 87' lang='lat' dir='ltr'><strong>pertinentium</strong></span> <span class='ocrx_word' id='word_1_799' title='bbox 2674 3243 3027 3310; x_wconf 86' lang='lat' dir='ltr'><strong>incremento,</strong></span> <span class='ocrx_word' id='word_1_800' title='bbox 3058 3252 3114 3298; x_wconf 91' lang='lat' dir='ltr'><strong>et</strong></span> <span class='ocrx_word' id='word_1_801' title='bbox 3136 3245 3276 3314; x_wconf 85' lang='lat' dir='ltr'><strong>quod</strong></span> <span class='ocrx_word' id='word_1_802' title='bbox 3304 3260 3365 3300; x_wconf 87' lang='lat' dir='ltr'><strong>ea</strong></span> <span class='ocrx_word' id='word_1_803' title='bbox 3383 3249 3680 3314; x_wconf 86' lang='lat' dir='ltr'><strong>evenerint,</strong></span> 
     </span>
    </p>
   </div>
   <div class='ocr_carea' id='block_1_96' title="bbox 2098 3333 3680 3408">
    <p class='ocr_par' dir='ltr' id='par_1_96' title="bbox 2098 3333 3680 3408">
     <span class='ocr_line' id='line_1_96' title="bbox 2098 3333 3680 3408; baseline 0.006 -23"><span class='ocrx_word' id='word_1_804' title='bbox 2098 3347 2323 3403; x_wconf 87' lang='lat' dir='ltr'><strong>quorum</strong></span> <span class='ocrx_word' id='word_1_805' title='bbox 2345 3333 2511 3403; x_wconf 84' lang='lat' dir='ltr'><strong>gratia</strong></span> <span class='ocrx_word' id='word_1_806' title='bbox 2539 3341 2718 3389; x_wconf 85' lang='lat' dir='ltr'><strong>nostra</strong></span> <span class='ocrx_word' id='word_1_807' title='bbox 2750 3344 3154 3403; x_wconf 66' lang='lat' dir='ltr'><strong>praecesserunt.</strong></span> <span class='ocrx_word' id='word_1_808' title='bbox 3179 3335 3368 3391; x_wconf 80' lang='lat' dir='ltr'><strong>Viden’</strong></span> <span class='ocrx_word' id='word_1_809' title='bbox 3383 3353 3540 3407; x_wconf 87' lang='lat' dir='ltr'><strong>qttam</strong></span> <span class='ocrx_word' id='word_1_810' title='bbox 3571 3342 3680 3408; x_wconf 58' lang='lat' dir='ltr'><strong>pla.</strong></span> 
     </span>
    </p>
   </div>
   <div class='ocr_carea' id='block_1_97' title="bbox 2100 3423 3680 3493">
    <p class='ocr_par' dir='ltr' id='par_1_97' title="bbox 2100 3423 3680 3493">
     <span class='ocr_line' id='line_1_97' title="bbox 2100 3423 3680 3493; baseline 0.004 -17"><span class='ocrx_word' id='word_1_811' title='bbox 2100 3423 2239 3488; x_wconf 88' lang='lat' dir='ltr'><strong>cide,</strong></span> <span class='ocrx_word' id='word_1_812' title='bbox 2261 3439 2416 3493; x_wconf 90' lang='lat' dir='ltr'><strong>quam</strong></span> <span class='ocrx_word' id='word_1_813' title='bbox 2439 3425 2708 3492; x_wconf 88' lang='lat' dir='ltr'><strong>sapienter</strong></span> <span class='ocrx_word' id='word_1_814' title='bbox 2727 3424 2937 3478; x_wconf 87' lang='lat' dir='ltr'><strong>illorum</strong></span> <span class='ocrx_word' id='word_1_815' title='bbox 2958 3425 3111 3479; x_wconf 92' lang='lat' dir='ltr'><strong>ulcus</strong></span> <span class='ocrx_word' id='word_1_816' title='bbox 3131 3427 3439 3493; x_wconf 86' lang='lat' dir='ltr'><strong>emollierit,</strong></span> <span class='ocrx_word' id='word_1_817' title='bbox 3460 3429 3680 3484; x_wconf 81' lang='lat' dir='ltr'><strong>livorem</strong></span> 
     </span>
    </p>
   </div>
   <div class='ocr_carea' id='block_1_98' title="bbox 2102 3514 3684 3586">
    <p class='ocr_par' dir='ltr' id='par_1_98' title="bbox 2102 3514 3684 3586">
     <span class='ocr_line' id='line_1_98' title="bbox 2102 3514 3684 3586; baseline 0.005 -19"><span class='ocrx_word' id='word_1_818' title='bbox 2102 3516 2438 3580; x_wconf 77' lang='lat' dir='ltr'><strong>exstinxerit,</strong></span> <span class='ocrx_word' id='word_1_819' title='bbox 2462 3514 2712 3584; x_wconf 88' lang='lat' dir='ltr'><strong>ipsosque</strong></span> <span class='ocrx_word' id='word_1_820' title='bbox 2735 3515 3082 3583; x_wconf 87' lang='lat' dir='ltr'><strong>impossibilia</strong></span> <span class='ocrx_word' id='word_1_821' title='bbox 3110 3517 3321 3586; x_wconf 89' lang='lat' dir='ltr'><strong>aggredi</strong></span> <span class='ocrx_word' id='word_1_822' title='bbox 3349 3517 3684 3575; x_wconf 87' lang='lat' dir='ltr'><strong>demonstra-</strong></span> 
     </span>
    </p>
   </div>
   <div class='ocr_carea' id='block_1_99' title="bbox 2105 3605 3686 3685">
    <p class='ocr_par' dir='ltr' id='par_1_99' title="bbox 2105 3605 3686 3685">
     <span class='ocr_line' id='line_1_99' title="bbox 2105 3605 3686 3685; baseline 0.005 -25"><span class='ocrx_word' id='word_1_823' title='bbox 2105 3605 2282 3660; x_wconf 81' lang='lat' dir='ltr'><strong>verit?</strong></span> <span class='ocrx_word' id='word_1_824' title='bbox 2309 3622 2411 3675; x_wconf 89' lang='lat' dir='ltr'><strong>qua</strong></span> <span class='ocrx_word' id='word_1_825' title='bbox 2439 3621 2497 3661; x_wconf 88' lang='lat' dir='ltr'><strong>re</strong></span> <span class='ocrx_word' id='word_1_826' title='bbox 2527 3606 2758 3661; x_wconf 90' lang='lat' dir='ltr'><strong>maxime</strong></span> <span class='ocrx_word' id='word_1_827' title='bbox 2796 3608 2930 3663; x_wconf 88' lang='lat' dir='ltr'><strong>solet</strong></span> <span class='ocrx_word' id='word_1_828' title='bbox 2960 3607 3195 3679; x_wconf 87' lang='lat' dir='ltr'><strong>nequitia</strong></span> <span class='ocrx_word' id='word_1_829' title='bbox 3236 3610 3434 3666; x_wconf 89' lang='lat' dir='ltr'><strong>sedari.</strong></span> <span class='ocrx_word' id='word_1_830' title='bbox 3457 3612 3686 3685; x_wconf 86' lang='lat' dir='ltr'><strong>Ideoque</strong></span> 
     </span>
    </p>
   </div>
   <div class='ocr_carea' id='block_1_100' title="bbox 2104 3696 3684 3772">
    <p class='ocr_par' dir='ltr' id='par_1_100' title="bbox 2104 3696 3684 3772">
     <span class='ocr_line' id='line_1_100' title="bbox 2104 3696 3684 3772; baseline 0.007 -24"><span class='ocrx_word' id='word_1_831' title='bbox 2104 3696 2373 3766; x_wconf 88' lang='lat' dir='ltr'><strong>provisum</strong></span> <span class='ocrx_word' id='word_1_832' title='bbox 2398 3704 2500 3762; x_wconf 91' lang='lat' dir='ltr'><strong>est,</strong></span> <span class='ocrx_word' id='word_1_833' title='bbox 2529 3706 2588 3752; x_wconf 94' lang='lat' dir='ltr'><strong>ut</strong></span> <span class='ocrx_word' id='word_1_834' title='bbox 2609 3698 2702 3752; x_wconf 92' lang='lat' dir='ltr'><strong>illo</strong></span> <span class='ocrx_word' id='word_1_835' title='bbox 2726 3697 2902 3752; x_wconf 90' lang='lat' dir='ltr'><strong>adhuc</strong></span> <span class='ocrx_word' id='word_1_836' title='bbox 2927 3701 3140 3756; x_wconf 89' lang='lat' dir='ltr'><strong>vivente</strong></span> <span class='ocrx_word' id='word_1_837' title='bbox 3162 3710 3216 3756; x_wconf 91' lang='lat' dir='ltr'><strong>et</strong></span> <span class='ocrx_word' id='word_1_838' title='bbox 3241 3702 3540 3772; x_wconf 83' lang='lat' dir='ltr'><strong>baptizante</strong></span> <span class='ocrx_word' id='word_1_839' title='bbox 3571 3705 3684 3761; x_wconf 69' lang='lat' dir='ltr'><strong>hare</strong></span> 
     </span>
    </p>
   </div>
   <div class='ocr_carea' id='block_1_101' title="bbox 2107 3789 3682 3863">
    <p class='ocr_par' dir='ltr' id='par_1_101' title="bbox 2107 3789 3682 3863">
     <span class='ocr_line' id='line_1_101' title="bbox 2107 3789 3682 3863; baseline 0.004 -20"><span class='ocrx_word' id='word_1_840' title='bbox 2107 3789 2316 3854; x_wconf 89' lang='lat' dir='ltr'><strong>ﬁerent,</strong></span> <span class='ocrx_word' id='word_1_841' title='bbox 2349 3799 2404 3844; x_wconf 92' lang='lat' dir='ltr'><strong>ut</strong></span> <span class='ocrx_word' id='word_1_842' title='bbox 2433 3790 2581 3845; x_wconf 91' lang='lat' dir='ltr'><strong>illum</strong></span> <span class='ocrx_word' id='word_1_843' title='bbox 2613 3798 2770 3845; x_wconf 65' lang='lat' dir='ltr'><strong>tantae</strong></span> <span class='ocrx_word' id='word_1_844' title='bbox 2791 3792 3168 3862; x_wconf 87' lang='lat' dir='ltr'><strong>magnitudinis</strong></span> <span class='ocrx_word' id='word_1_845' title='bbox 3196 3803 3383 3850; x_wconf 90' lang='lat' dir='ltr'><strong>testem</strong></span> <span class='ocrx_word' id='word_1_846' title='bbox 3404 3795 3682 3863; x_wconf 87' lang='lat' dir='ltr'><strong>baberent,</strong></span> 
     </span>
    </p>
   </div>
   <div class='ocr_carea' id='block_1_102' title="bbox 2107 3881 3687 3956">
    <p class='ocr_par' dir='ltr' id='par_1_102' title="bbox 2107 3881 3687 3956">
     <span class='ocr_line' id='line_1_102' title="bbox 2107 3881 3687 3956; baseline 0.004 -21"><span class='ocrx_word' id='word_1_847' title='bbox 2107 3889 2160 3936; x_wconf 90' lang='lat' dir='ltr'><strong>et</strong></span> <span class='ocrx_word' id='word_1_848' title='bbox 2186 3881 2382 3937; x_wconf 90' lang='lat' dir='ltr'><strong>nullam</strong></span> <span class='ocrx_word' id='word_1_849' title='bbox 2406 3883 2820 3944; x_wconf 87' lang='lat' dir='ltr'><strong>excusationem,</strong></span> <span class='ocrx_word' id='word_1_850' title='bbox 2839 3883 2883 3937; x_wconf 91' lang='lat' dir='ltr'><strong>si</strong></span> <span class='ocrx_word' id='word_1_851' title='bbox 2906 3898 3010 3938; x_wconf 91' lang='lat' dir='ltr'><strong>non</strong></span> <span class='ocrx_word' id='word_1_852' title='bbox 3035 3885 3484 3954; x_wconf 87' lang='lat' dir='ltr'><strong>obtemperarent.</strong></span> <span class='ocrx_word' id='word_1_853' title='bbox 3506 3886 3687 3956; x_wconf 84' lang='lat' dir='ltr'><strong>Neque</strong></span> 
     </span>
    </p>
   </div>
   <div class='ocr_carea' id='block_1_103' title="bbox 2059 3973 3692 4046">
    <p class='ocr_par' dir='ltr' id='par_1_103' title="bbox 2059 3973 3692 4046">
     <span class='ocr_line' id='line_1_103' title="bbox 2059 3973 3692 4046; baseline 0.002 -17"><span class='ocrx_word' id='word_1_854' title='bbox 2059 4006 2070 4014; x_wconf 58' lang='grc' dir='ltr'><strong>κ</strong></span> <span class='ocrx_word' id='word_1_855' title='bbox 2108 3974 2249 4029; x_wconf 90' lang='lat' dir='ltr'><strong>enim</strong></span> <span class='ocrx_word' id='word_1_856' title='bbox 2275 3991 2303 4027; x_wconf 86' lang='lat' dir='ltr'><strong>a</strong></span> <span class='ocrx_word' id='word_1_857' title='bbox 2332 3975 2509 4043; x_wconf 90' lang='lat' dir='ltr'><strong>seipso</strong></span> <span class='ocrx_word' id='word_1_858' title='bbox 2537 3973 2601 4027; x_wconf 88' lang='lat' dir='ltr'><strong>ad</strong></span> <span class='ocrx_word' id='word_1_859' title='bbox 2633 3973 2684 4027; x_wconf 90' lang='lat' dir='ltr'><strong>id</strong></span> <span class='ocrx_word' id='word_1_860' title='bbox 2706 3973 2986 4030; x_wconf 89' lang='lat' dir='ltr'><strong>dicendum</strong></span> <span class='ocrx_word' id='word_1_861' title='bbox 3007 3977 3265 4046; x_wconf 46' lang='lat' dir='ltr'><strong>impulsus</strong></span> <span class='ocrx_word' id='word_1_862' title='bbox 3293 3987 3406 4041; x_wconf 88' lang='lat' dir='ltr'><strong>est,</strong></span> <span class='ocrx_word' id='word_1_863' title='bbox 3435 3993 3541 4032; x_wconf 90' lang='lat' dir='ltr'><strong>non</strong></span> <span class='ocrx_word' id='word_1_864' title='bbox 3570 3980 3692 4033; x_wconf 86' lang='lat' dir='ltr'><strong>aliis</strong></span> 
     </span>
    </p>
   </div>
   <div class='ocr_carea' id='block_1_104' title="bbox 2110 4063 3694 4130">
    <p class='ocr_par' dir='ltr' id='par_1_104' title="bbox 2110 4063 3694 4130">
     <span class='ocr_line' id='line_1_104' title="bbox 2110 4063 3694 4130; baseline 0.004 -13"><span class='ocrx_word' id='word_1_865' title='bbox 2110 4063 2497 4118; x_wconf 86' lang='lat' dir='ltr'><strong>sciscitantibus</strong></span> <span class='ocrx_word' id='word_1_866' title='bbox 2527 4063 2545 4130; x_wconf 90' lang='lat'><strong>(</strong></span> <span class='ocrx_word' id='word_1_867' title='bbox 2569 4063 2726 4117; x_wconf 89' lang='lat' dir='ltr'><strong>iidem</strong></span> <span class='ocrx_word' id='word_1_868' title='bbox 2753 4063 2892 4117; x_wconf 89' lang='lat' dir='ltr'><strong>enim</strong></span> <span class='ocrx_word' id='word_1_869' title='bbox 2920 4074 3071 4120; x_wconf 90' lang='lat' dir='ltr'><strong>erant</strong></span> <span class='ocrx_word' id='word_1_870' title='bbox 3096 4066 3372 4120; x_wconf 90' lang='lat' dir='ltr'><strong>audientes</strong></span> <span class='ocrx_word' id='word_1_871' title='bbox 3390 4077 3447 4121; x_wconf 91' lang='lat' dir='ltr'><strong>et</strong></span> <span class='ocrx_word' id='word_1_872' title='bbox 3465 4068 3694 4124; x_wconf 81' lang='lat' dir='ltr'><strong>interro-</strong></span> 
     </span>
    </p>
   </div>
   <div class='ocr_carea' id='block_1_105' title="bbox 2109 4153 3693 4231">
    <p class='ocr_par' dir='ltr' id='par_1_105' title="bbox 2109 4153 3693 4231">
     <span class='ocr_line' id='line_1_105' title="bbox 2109 4153 3693 4231; baseline 0.005 -22"><span class='ocrx_word' id='word_1_873' title='bbox 2109 4156 2353 4226; x_wconf 86' lang='lat' dir='ltr'><strong>gantes):</strong></span> <span class='ocrx_word' id='word_1_874' title='bbox 2385 4168 2554 4223; x_wconf 88' lang='lat' dir='ltr'><strong>neque</strong></span> <span class='ocrx_word' id='word_1_875' title='bbox 2571 4169 2635 4208; x_wconf 91' lang='lat' dir='ltr'><strong>ex</strong></span> <span class='ocrx_word' id='word_1_876' title='bbox 2663 4167 2720 4207; x_wconf 90' lang='lat' dir='ltr'><strong>se</strong></span> <span class='ocrx_word' id='word_1_877' title='bbox 2739 4153 2969 4223; x_wconf 86' lang='lat' dir='ltr'><strong>loquenti</strong></span> <span class='ocrx_word' id='word_1_878' title='bbox 3001 4160 3069 4208; x_wconf 86' lang='lat' dir='ltr'><strong>tta</strong></span> <span class='ocrx_word' id='word_1_879' title='bbox 3091 4156 3460 4226; x_wconf 70' lang='lat' dir='ltr'><strong>credidissent,</strong></span> <span class='ocrx_word' id='word_1_880' title='bbox 3480 4169 3540 4214; x_wconf 90' lang='lat' dir='ltr'><strong>ut</strong></span> <span class='ocrx_word' id='word_1_881' title='bbox 3561 4161 3693 4231; x_wconf 76' lang='lat' dir='ltr'><strong>ipsis</strong></span> 
     </span>
    </p>
   </div>
   <div class='ocr_carea' id='block_1_106' title="bbox 2112 4243 3687 4317">
    <p class='ocr_par' dir='ltr' id='par_1_106' title="bbox 2112 4243 3687 4317">
     <span class='ocr_line' id='line_1_106' title="bbox 2112 4243 3687 4317; baseline 0.003 -15"><span class='ocrx_word' id='word_1_882' title='bbox 2112 4245 2548 4317; x_wconf 88' lang='lat' dir='ltr'><strong>percontantibus</strong></span> <span class='ocrx_word' id='word_1_883' title='bbox 2585 4259 2642 4298; x_wconf 88' lang='lat' dir='ltr'><strong>se</strong></span> <span class='ocrx_word' id='word_1_884' title='bbox 2676 4243 3038 4299; x_wconf 82' lang='lat' dir='ltr'><strong>confutantem</strong></span> <span class='ocrx_word' id='word_1_885' title='bbox 3071 4247 3440 4315; x_wconf 89' lang='lat' dir='ltr'><strong>respondentis</strong></span> <span class='ocrx_word' id='word_1_886' title='bbox 3468 4259 3687 4308; x_wconf 86' lang='lat' dir='ltr'><strong>senten-</strong></span> 
     </span>
    </p>
   </div>
   <div class='ocr_carea' id='block_1_107' title="bbox 2114 4336 3695 4408">
    <p class='ocr_par' dir='ltr' id='par_1_107' title="bbox 2114 4336 3695 4408">
     <span class='ocr_line' id='line_1_107' title="bbox 2114 4336 3695 4408; baseline 0.006 -16"><span class='ocrx_word' id='word_1_887' title='bbox 2114 4339 2240 4392; x_wconf 89' lang='lat' dir='ltr'><strong>tiam</strong></span> <span class='ocrx_word' id='word_1_888' title='bbox 2269 4344 2635 4404; x_wconf 88' lang='lat' dir='ltr'><strong>exceperunt;</strong></span> <span class='ocrx_word' id='word_1_889' title='bbox 2667 4336 3113 4406; x_wconf 90' lang='lat' dir='ltr'><strong>quemadmodum</strong></span> <span class='ocrx_word' id='word_1_890' title='bbox 3144 4349 3199 4393; x_wconf 90' lang='lat' dir='ltr'><strong>et</strong></span> <span class='ocrx_word' id='word_1_891' title='bbox 3229 4338 3397 4396; x_wconf 60' lang='grc' dir='ltr'><strong>δυάωί</strong></span> <span class='ocrx_word' id='word_1_892' title='bbox 3421 4383 3434 4408; x_wconf 90' lang='grc'><em>,</em></span> <span class='ocrx_word' id='word_1_893' title='bbox 3460 4345 3695 4401; x_wconf 80' lang='lat' dir='ltr'><strong>maxime</strong></span> 
     </span>
    </p>
   </div>
   <div class='ocr_carea' id='block_1_108' title="bbox 2113 4428 3694 4505">
    <p class='ocr_par' dir='ltr' id='par_1_108' title="bbox 2113 4428 3694 4505">
     <span class='ocr_line' id='line_1_108' title="bbox 2113 4428 3694 4505; baseline 0.005 -20"><span class='ocrx_word' id='word_1_894' title='bbox 2113 4432 2181 4485; x_wconf 93' lang='lat' dir='ltr'><strong>ob</strong></span> <span class='ocrx_word' id='word_1_895' title='bbox 2208 4429 2261 4486; x_wconf 90' lang='lat' dir='ltr'><strong>id</strong></span> <span class='ocrx_word' id='word_1_896' title='bbox 2292 4470 2306 4493; x_wconf 89' lang='lat'><strong>,</strong></span> <span class='ocrx_word' id='word_1_897' title='bbox 2347 4428 2486 4499; x_wconf 88' lang='lat' dir='ltr'><strong>quod</strong></span> <span class='ocrx_word' id='word_1_898' title='bbox 2523 4428 2590 4484; x_wconf 90' lang='lat' dir='ltr'><strong>ad</strong></span> <span class='ocrx_word' id='word_1_899' title='bbox 2637 4429 2786 4484; x_wconf 89' lang='lat' dir='ltr'><strong>illum</strong></span> <span class='ocrx_word' id='word_1_900' title='bbox 2836 4431 3128 4499; x_wconf 83' lang='lat' dir='ltr'><strong>miserunt,</strong></span> <span class='ocrx_word' id='word_1_901' title='bbox 3164 4433 3459 4505; x_wconf 86' lang='lat' dir='ltr'><strong>talibusque</strong></span> <span class='ocrx_word' id='word_1_902' title='bbox 3501 4437 3694 4493; x_wconf 82' lang='lat' dir='ltr'><strong>auditis</strong></span> 
     </span>
    </p>
   </div>
   <div class='ocr_carea' id='block_1_109' title="bbox 2114 4519 3691 4596">
    <p class='ocr_par' dir='ltr' id='par_1_109' title="bbox 2114 4519 3691 4596">
     <span class='ocr_line' id='line_1_109' title="bbox 2114 4519 3691 4596; baseline 0.003 -19"><span class='ocrx_word' id='word_1_903' title='bbox 2114 4538 2220 4577; x_wconf 92' lang='lat' dir='ltr'><strong>non</strong></span> <span class='ocrx_word' id='word_1_904' title='bbox 2259 4519 2640 4589; x_wconf 89' lang='lat' dir='ltr'><strong>crediderunt,</strong></span> <span class='ocrx_word' id='word_1_905' title='bbox 2689 4537 2902 4577; x_wconf 90' lang='lat' dir='ltr'><strong>omnem</strong></span> <span class='ocrx_word' id='word_1_906' title='bbox 2947 4523 3046 4577; x_wconf 90' lang='lat' dir='ltr'><strong>sibi</strong></span> <span class='ocrx_word' id='word_1_907' title='bbox 3076 4528 3283 4578; x_wconf 83' lang='lat' dir='ltr'><strong>veniam</strong></span> <span class='ocrx_word' id='word_1_908' title='bbox 3318 4527 3691 4596; x_wconf 69' lang='lat' dir='ltr'><strong>praeciderunt.</strong></span> 
     </span>
    </p>
   </div>
   <div class='ocr_carea' id='block_1_110' title="bbox 2113 4611 3694 4683">
    <p class='ocr_par' dir='ltr' id='par_1_110' title="bbox 2113 4611 3694 4683">
     <span class='ocr_line' id='line_1_110' title="bbox 2113 4611 3694 4683; baseline 0.003 -14"><span class='ocrx_word' id='word_1_909' title='bbox 2113 4613 2249 4682; x_wconf 90' lang='lat' dir='ltr'><strong>Quid</strong></span> <span class='ocrx_word' id='word_1_910' title='bbox 2275 4611 2438 4683; x_wconf 88' lang='lat' dir='ltr'><strong>igitur</strong></span> <span class='ocrx_word' id='word_1_911' title='bbox 2462 4613 2584 4669; x_wconf 90' lang='lat' dir='ltr'><strong>hinc</strong></span> <span class='ocrx_word' id='word_1_912' title='bbox 2610 4613 2907 4669; x_wconf 81' lang='lat' dir='ltr'><strong>docemur?</strong></span> <span class='ocrx_word' id='word_1_913' title='bbox 2927 4612 3176 4670; x_wconf 84' lang='lat' dir='ltr'><strong>Omnium</strong></span> <span class='ocrx_word' id='word_1_914' title='bbox 3196 4616 3454 4672; x_wconf 88' lang='lat' dir='ltr'><strong>malorum</strong></span> <span class='ocrx_word' id='word_1_915' title='bbox 3478 4633 3694 4674; x_wconf 82' lang='lat' dir='ltr'><strong>causam</strong></span> 
     </span>
    </p>
   </div>
   <div class='ocr_carea' id='block_1_111' title="bbox 2115 4705 3695 4777">
    <p class='ocr_par' dir='ltr' id='par_1_111' title="bbox 2115 4705 3695 4777">
     <span class='ocr_line' id='line_1_111' title="bbox 2115 4705 3695 4777; baseline 0.002 -14"><span class='ocrx_word' id='word_1_916' title='bbox 2115 4721 2234 4763; x_wconf 87' lang='lat' dir='ltr'><strong>esse</strong></span> <span class='ocrx_word' id='word_1_917' title='bbox 2258 4721 2446 4761; x_wconf 88' lang='lat' dir='ltr'><strong>vanam</strong></span> <span class='ocrx_word' id='word_1_918' title='bbox 2477 4707 2720 4777; x_wconf 90' lang='lat' dir='ltr'><strong>gloriam.</strong></span> <span class='ocrx_word' id='word_1_919' title='bbox 2748 4705 2839 4761; x_wconf 90' lang='lat' dir='ltr'><strong>Illa</strong></span> <span class='ocrx_word' id='word_1_920' title='bbox 2872 4709 3012 4760; x_wconf 88' lang='lat' dir='ltr'><strong>enim</strong></span> <span class='ocrx_word' id='word_1_921' title='bbox 3043 4706 3187 4777; x_wconf 86' lang='lat' dir='ltr'><strong>ipsos</strong></span> <span class='ocrx_word' id='word_1_922' title='bbox 3215 4707 3266 4761; x_wconf 93' lang='lat' dir='ltr'><strong>in</strong></span> <span class='ocrx_word' id='word_1_923' title='bbox 3311 4708 3532 4765; x_wconf 78' lang='lat' dir='ltr'><strong>livorem</strong></span> <span class='ocrx_word' id='word_1_924' title='bbox 3562 4725 3695 4766; x_wconf 78' lang='lat' dir='ltr'><strong>cen—</strong></span> 
     </span>
    </p>
   </div>
   <div class='ocr_carea' id='block_1_112' title="bbox 2111 4797 3694 4868">
    <p class='ocr_par' dir='ltr' id='par_1_112' title="bbox 2111 4797 3694 4868">
     <span class='ocr_line' id='line_1_112' title="bbox 2111 4797 3694 4868; baseline 0.002 -14"><span class='ocrx_word' id='word_1_925' title='bbox 2111 4798 2240 4868; x_wconf 86' lang='lat' dir='ltr'><strong>jecit</strong></span> <span class='ocrx_word' id='word_1_926' title='bbox 2269 4815 2283 4854; x_wconf 91' lang='lat'><strong>:</strong></span> <span class='ocrx_word' id='word_1_927' title='bbox 2313 4798 2430 4854; x_wconf 81' lang='lat' dir='ltr'><strong>hare</strong></span> <span class='ocrx_word' id='word_1_928' title='bbox 2455 4797 2570 4852; x_wconf 89' lang='lat' dir='ltr'><strong>illos</strong></span> <span class='ocrx_word' id='word_1_929' title='bbox 2598 4799 2916 4862; x_wconf 88' lang='lat' dir='ltr'><strong>concitavit,</strong></span> <span class='ocrx_word' id='word_1_930' title='bbox 2943 4809 2998 4851; x_wconf 89' lang='lat' dir='ltr'><strong>ut</strong></span> <span class='ocrx_word' id='word_1_931' title='bbox 3022 4799 3203 4853; x_wconf 73' lang='lat' dir='ltr'><strong>Iesum</strong></span> <span class='ocrx_word' id='word_1_932' title='bbox 3229 4799 3438 4856; x_wconf 85' lang='lat' dir='ltr'><strong>adirent</strong></span> <span class='ocrx_word' id='word_1_933' title='bbox 3461 4816 3524 4857; x_wconf 89' lang='lat' dir='ltr'><strong>ac</strong></span> <span class='ocrx_word' id='word_1_934' title='bbox 3549 4803 3694 4857; x_wconf 86' lang='lat' dir='ltr'><strong>diee-</strong></span> 
     </span>
    </p>
   </div>
   <div class='ocr_carea' id='block_1_113' title="bbox 2117 4889 3698 4964">
    <p class='ocr_par' dir='ltr' id='par_1_113' title="bbox 2117 4889 3698 4964">
     <span class='ocr_line' id='line_1_113' title="bbox 2117 4889 3698 4964; baseline 0 -16"><span class='ocrx_word' id='word_1_935' title='bbox 2117 4901 2234 4948; x_wconf 89' lang='lat' dir='ltr'><strong>rent</strong></span> <span class='ocrx_word' id='word_1_936' title='bbox 2264 4910 2278 4946; x_wconf 87' lang='lat'><strong>:</strong></span> <span class='ocrx_word' id='word_1_937' title='bbox 2311 4891 2480 4957; x_wconf 83' lang='lat' dir='ltr'><strong>Quare</strong></span> <span class='ocrx_word' id='word_1_938' title='bbox 2508 4891 2743 4960; x_wconf 81' lang='lat' dir='ltr'><strong>discipuli</strong></span> <span class='ocrx_word' id='word_1_939' title='bbox 2767 4891 2841 4944; x_wconf 90' lang='lat' dir='ltr'><strong>tui</strong></span> <span class='ocrx_word' id='word_1_940' title='bbox 2871 4907 2970 4944; x_wconf 85' lang='lat' dir='ltr'><strong>non</strong></span> <span class='ocrx_word' id='word_1_941' title='bbox 2989 4892 3227 4960; x_wconf 76' lang='lat' dir='ltr'><strong>jejunant</strong></span> <span class='ocrx_word' id='word_1_942' title='bbox 3253 4889 3466 4962; x_wconf 82' lang='lat' dir='ltr'><strong>(.Ilatth.</strong></span> <span class='ocrx_word' id='word_1_943' title='bbox 3494 4893 3548 4947; x_wconf 91' lang='lat'><strong>9.</strong></span> <span class='ocrx_word' id='word_1_944' title='bbox 3582 4895 3698 4964; x_wconf 64' lang='lat' dir='ltr'><strong>I4)!</strong></span> 
     </span>
    </p>
   </div>
   <div class='ocr_carea' id='block_1_114' title="bbox 2119 4981 3696 5053">
    <p class='ocr_par' dir='ltr' id='par_1_114' title="bbox 2119 4981 3696 5053">
     <span class='ocr_line' id='line_1_114' title="bbox 2119 4981 3696 5053; baseline -0.001 -14"><span class='ocrx_word' id='word_1_945' title='bbox 2119 4985 2230 5040; x_wconf 84' lang='lat' dir='ltr'><strong>Hoc</strong></span> <span class='ocrx_word' id='word_1_946' title='bbox 2257 4999 2382 5053; x_wconf 87' lang='lat' dir='ltr'><strong>ergo</strong></span> <span class='ocrx_word' id='word_1_947' title='bbox 2409 4984 2618 5046; x_wconf 87' lang='lat' dir='ltr'><strong>vitium,</strong></span> <span class='ocrx_word' id='word_1_948' title='bbox 2645 4982 2845 5048; x_wconf 90' lang='lat' dir='ltr'><strong>dilecti,</strong></span> <span class='ocrx_word' id='word_1_949' title='bbox 2875 4981 3154 5052; x_wconf 87' lang='lat' dir='ltr'><strong>fugiamus.</strong></span> <span class='ocrx_word' id='word_1_950' title='bbox 3181 4981 3236 5036; x_wconf 90' lang='lat' dir='ltr'><strong>Si</strong></span> <span class='ocrx_word' id='word_1_951' title='bbox 3268 4981 3368 5036; x_wconf 90' lang='lat' dir='ltr'><strong>hoc</strong></span> <span class='ocrx_word' id='word_1_952' title='bbox 3396 4981 3656 5052; x_wconf 88' lang='lat' dir='ltr'><strong>fugiamus</strong></span> <span class='ocrx_word' id='word_1_953' title='bbox 3679 5025 3696 5051; x_wconf 89' lang='lat'><strong>,</strong></span> 
     </span>
    </p>
   </div>
   <div class='ocr_carea' id='block_1_115' title="bbox 2118 5071 3698 5145">
    <p class='ocr_par' dir='ltr' id='par_1_115' title="bbox 2118 5071 3698 5145">
     <span class='ocr_line' id='line_1_115' title="bbox 2118 5071 3698 5145; baseline -0.002 -15"><span class='ocrx_word' id='word_1_954' title='bbox 2118 5091 2146 5130; x_wconf 92' lang='lat' dir='ltr'><strong>a</strong></span> <span class='ocrx_word' id='word_1_955' title='bbox 2177 5075 2416 5145; x_wconf 88' lang='lat' dir='ltr'><strong>gehenna</strong></span> <span class='ocrx_word' id='word_1_956' title='bbox 2457 5073 2816 5129; x_wconf 89' lang='lat' dir='ltr'><strong>Iiberabimur.</strong></span> <span class='ocrx_word' id='word_1_957' title='bbox 2848 5073 2957 5127; x_wconf 86' lang='lat' dir='ltr'><strong>Hoc</strong></span> <span class='ocrx_word' id='word_1_958' title='bbox 2981 5073 3124 5127; x_wconf 90' lang='lat' dir='ltr'><strong>enim</strong></span> <span class='ocrx_word' id='word_1_959' title='bbox 3144 5071 3226 5128; x_wconf 80' lang='lat' dir='ltr'><strong>eis</strong></span> <span class='ocrx_word' id='word_1_960' title='bbox 3267 5071 3496 5126; x_wconf 88' lang='lat' dir='ltr'><strong>maxime</strong></span> <span class='ocrx_word' id='word_1_961' title='bbox 3524 5071 3698 5141; x_wconf 84' lang='lat' dir='ltr'><strong>ignem</strong></span> 
     </span>
    </p>
   </div>
   <div class='ocr_carea' id='block_1_116' title="bbox 2119 5163 3701 5235">
    <p class='ocr_par' dir='ltr' id='par_1_116' title="bbox 2119 5163 3701 5235">
     <span class='ocr_line' id='line_1_116' title="bbox 2119 5163 3701 5235; baseline -0.001 -15"><span class='ocrx_word' id='word_1_962' title='bbox 2119 5166 2352 5221; x_wconf 89' lang='lat' dir='ltr'><strong>incendit</strong></span> <span class='ocrx_word' id='word_1_963' title='bbox 2370 5180 2384 5219; x_wconf 89' lang='lat'>:</span> <span class='ocrx_word' id='word_1_964' title='bbox 2403 5164 2502 5219; x_wconf 93' lang='lat' dir='ltr'><strong>hoc</strong></span> <span class='ocrx_word' id='word_1_965' title='bbox 2528 5165 2719 5235; x_wconf 91' lang='lat' dir='ltr'><strong>ubique</strong></span> <span class='ocrx_word' id='word_1_966' title='bbox 2744 5163 3073 5219; x_wconf 85' lang='lat' dir='ltr'><strong>dominatum</strong></span> <span class='ocrx_word' id='word_1_967' title='bbox 3099 5168 3315 5218; x_wconf 85' lang='lat' dir='ltr'><strong>exercet</strong></span> <span class='ocrx_word' id='word_1_968' title='bbox 3336 5175 3511 5229; x_wconf 88' lang='lat' dir='ltr'><strong>suum,</strong></span> <span class='ocrx_word' id='word_1_969' title='bbox 3542 5170 3701 5234; x_wconf 84' lang='lat' dir='ltr'><strong>atque</strong></span> 
     </span>
    </p>
   </div>
   <div class='ocr_carea' id='block_1_117' title="bbox 2121 5253 3704 5328">
    <p class='ocr_par' dir='ltr' id='par_1_117' title="bbox 2121 5253 3704 5328">
     <span class='ocr_line' id='line_1_117' title="bbox 2121 5253 3704 5328; baseline -0.001 -14"><span class='ocrx_word' id='word_1_970' title='bbox 2121 5268 2327 5314; x_wconf 83' lang='lat' dir='ltr'><strong>aetatem</strong></span> <span class='ocrx_word' id='word_1_971' title='bbox 2353 5267 2406 5314; x_wconf 92' lang='lat' dir='ltr'><strong>et</strong></span> <span class='ocrx_word' id='word_1_972' title='bbox 2431 5258 2734 5328; x_wconf 89' lang='lat' dir='ltr'><strong>dignitatem</strong></span> <span class='ocrx_word' id='word_1_973' title='bbox 2763 5270 2974 5311; x_wconf 91' lang='lat' dir='ltr'><strong>omnem</strong></span> <span class='ocrx_word' id='word_1_974' title='bbox 3003 5253 3276 5326; x_wconf 83' lang='lat' dir='ltr'><strong>tyrannica</strong></span> <span class='ocrx_word' id='word_1_975' title='bbox 3298 5264 3523 5323; x_wconf 89' lang='lat' dir='ltr'><strong>occupat</strong></span> <span class='ocrx_word' id='word_1_976' title='bbox 3554 5272 3568 5309; x_wconf 89' lang='lat'><strong>:</strong></span> <span class='ocrx_word' id='word_1_977' title='bbox 3601 5253 3704 5312; x_wconf 84' lang='lat' dir='ltr'><strong>hoc</strong></span> 
     </span>
    </p>
   </div>
   <div class='ocr_carea' id='block_1_118' title="bbox 2123 5344 3702 5416">
    <p class='ocr_par' dir='ltr' id='par_1_118' title="bbox 2123 5344 3702 5416">
     <span class='ocr_line' id='line_1_118' title="bbox 2123 5344 3702 5416; baseline -0.003 -9"><span class='ocrx_word' id='word_1_978' title='bbox 2123 5350 2384 5407; x_wconf 87' lang='lat' dir='ltr'><strong>Eeclesias</strong></span> <span class='ocrx_word' id='word_1_979' title='bbox 2397 5349 2672 5416; x_wconf 88' lang='lat' dir='ltr'><strong>subvertit,</strong></span> <span class='ocrx_word' id='word_1_980' title='bbox 2685 5363 2774 5403; x_wconf 89' lang='lat' dir='ltr'><strong>res</strong></span> <span class='ocrx_word' id='word_1_981' title='bbox 2785 5348 2965 5401; x_wconf 90' lang='lat' dir='ltr'><strong>civiles</strong></span> <span class='ocrx_word' id='word_1_982' title='bbox 2975 5344 3275 5409; x_wconf 73' lang='lat' dir='ltr'><strong>labefactat,</strong></span> <span class='ocrx_word' id='word_1_983' title='bbox 3289 5344 3476 5400; x_wconf 85' lang='lat' dir='ltr'><strong>domos</strong></span> <span class='ocrx_word' id='word_1_984' title='bbox 3492 5348 3702 5412; x_wconf 85' lang='lat' dir='ltr'><strong>evertit,</strong></span> 
     </span>
    </p>
   </div>
   <div class='ocr_carea' id='block_1_119' title="bbox 2127 5433 3699 5509">
    <p class='ocr_par' dir='ltr' id='par_1_119' title="bbox 2127 5433 3699 5509">
     <span class='ocr_line' id='line_1_119' title="bbox 2127 5433 3699 5509; baseline -0.003 -14"><span class='ocrx_word' id='word_1_985' title='bbox 2127 5441 2382 5506; x_wconf 82' lang='lat' dir='ltr'><strong>civitates,</strong></span> <span class='ocrx_word' id='word_1_986' title='bbox 2414 5440 2655 5509; x_wconf 78' lang='lat' dir='ltr'><strong>papulas,</strong></span> <span class='ocrx_word' id='word_1_987' title='bbox 2680 5448 2881 5507; x_wconf 80' lang='lat' dir='ltr'><strong>gentes.</strong></span> <span class='ocrx_word' id='word_1_988' title='bbox 2916 5433 3118 5504; x_wconf 81' lang='lat' dir='ltr'><strong>Ecquid</strong></span> <span class='ocrx_word' id='word_1_989' title='bbox 3145 5433 3375 5500; x_wconf 87' lang='lat' dir='ltr'><strong>miraris,</strong></span> <span class='ocrx_word' id='word_1_990' title='bbox 3405 5436 3619 5506; x_wconf 88' lang='lat' dir='ltr'><strong>quando</strong></span> <span class='ocrx_word' id='word_1_991' title='bbox 3644 5436 3699 5491; x_wconf 92' lang='lat' dir='ltr'><strong>in</strong></span> 
     </span>
    </p>
   </div>
   <div class='ocr_carea' id='block_1_120' title="bbox 2124 5524 3698 5598">
    <p class='ocr_par' dir='ltr' id='par_1_120' title="bbox 2124 5524 3698 5598">
     <span class='ocr_line' id='line_1_120' title="bbox 2124 5524 3698 5598; baseline -0.003 -12"><span class='ocrx_word' id='word_1_992' title='bbox 2124 5533 2394 5588; x_wconf 85' lang='lat' dir='ltr'><strong>desertum</strong></span> <span class='ocrx_word' id='word_1_993' title='bbox 2444 5531 2624 5590; x_wconf 85' lang='lat' dir='ltr'><strong>venit.</strong></span> <span class='ocrx_word' id='word_1_994' title='bbox 2678 5540 3026 5596; x_wconf 78' lang='lat' dir='ltr'><strong>magnamque</strong></span> <span class='ocrx_word' id='word_1_995' title='bbox 3073 5524 3145 5579; x_wconf 88' lang='lat' dir='ltr'><strong>ibi</strong></span> <span class='ocrx_word' id='word_1_996' title='bbox 3185 5532 3506 5598; x_wconf 85' lang='lat' dir='ltr'><strong>potestatem</strong></span> <span class='ocrx_word' id='word_1_997' title='bbox 3548 5540 3698 5582; x_wconf 80' lang='lat' dir='ltr'><strong>suam</strong></span> 
     </span>
    </p>
   </div>
   <div class='ocr_carea' id='block_1_121' title="bbox 2126 5617 3700 5689">
    <p class='ocr_par' dir='ltr' id='par_1_121' title="bbox 2126 5617 3700 5689">
     <span class='ocr_line' id='line_1_121' title="bbox 2126 5617 3700 5689; baseline -0.004 -12"><span class='ocrx_word' id='word_1_998' title='bbox 2126 5621 2407 5678; x_wconf 81' lang='lat' dir='ltr'><strong>exhibuit?</strong></span> <span class='ocrx_word' id='word_1_999' title='bbox 2450 5621 2580 5675; x_wconf 87' lang='lat' dir='ltr'><strong>Nam</strong></span> <span class='ocrx_word' id='word_1_1000' title='bbox 2624 5620 2713 5689; x_wconf 89' lang='lat' dir='ltr'><strong>qui</strong></span> <span class='ocrx_word' id='word_1_1001' title='bbox 2771 5617 2968 5672; x_wconf 89' lang='lat' dir='ltr'><strong>divitiis</strong></span> <span class='ocrx_word' id='word_1_1002' title='bbox 3016 5618 3136 5673; x_wconf 86' lang='lat' dir='ltr'><strong>vale</strong></span> <span class='ocrx_word' id='word_1_1003' title='bbox 3181 5617 3463 5684; x_wconf 85' lang='lat' dir='ltr'><strong>dixerant,</strong></span> <span class='ocrx_word' id='word_1_1004' title='bbox 3517 5617 3700 5673; x_wconf 90' lang='lat' dir='ltr'><strong>mundi</strong></span> 
     </span>
    </p>
   </div>
   <div class='ocr_carea' id='block_1_122' title="bbox 2125 5703 3698 5779">
    <p class='ocr_par' dir='ltr' id='par_1_122' title="bbox 2125 5703 3698 5779">
     <span class='ocr_line' id='line_1_122' title="bbox 2125 5703 3698 5779; baseline -0.008 -13"><span class='ocrx_word' id='word_1_1005' title='bbox 2125 5711 2323 5767; x_wconf 88' lang='lat' dir='ltr'><strong>fastum</strong></span> <span class='ocrx_word' id='word_1_1006' title='bbox 2353 5721 2567 5765; x_wconf 71' lang='lat' dir='ltr'><strong>omnem</strong></span> <span class='ocrx_word' id='word_1_1007' title='bbox 2593 5711 2893 5779; x_wconf 82' lang='lat' dir='ltr'><strong>abjecerant</strong></span> <span class='ocrx_word' id='word_1_1008' title='bbox 2921 5751 2932 5766; x_wconf 83' lang='lat'><strong>.</strong></span> <span class='ocrx_word' id='word_1_1009' title='bbox 2965 5721 3017 5764; x_wconf 91' lang='lat' dir='ltr'><strong>et</strong></span> <span class='ocrx_word' id='word_1_1010' title='bbox 3045 5709 3332 5765; x_wconf 87' lang='lat' dir='ltr'><strong>humanam</strong></span> <span class='ocrx_word' id='word_1_1011' title='bbox 3361 5703 3698 5763; x_wconf 79' lang='lat' dir='ltr'><strong>consuetudi-</strong></span> 
     </span>
    </p>
   </div>
  </div>
