4068 6136
465 308 558 363 ιιι
1187 298 1244 354 s.
1285 295 1562 358 manans
1596 290 2072 350 CIIRYSOSTOMI
2111 291 2426 348 ARCHIEP.
2458 293 2983 353 consraurtxor.

462 437 609 486 nem,
625 419 712 490 qui
737 416 989 470 violentas
1003 426 1287 482 corporum
1303 410 1620 480 cupiditates
1639 417 2037 479 superaverant:

466 515 520 568 hi
545 527 687 581 smpe
715 525 745 563 a
777 523 910 562 vana
933 505 1100 577 gloria
1120 505 1258 574 capti
1279 504 1458 558 omnia
1489 502 1853 573 perdiderunt.
1879 499 2044 570 Ilujus

469 605 580 658 vitii
607 615 786 664 causa,
818 598 906 669 qui
941 596 1167 651 mullum
1197 595 1572 658 laboraverat,
1605 592 1676 645 ab
1700 606 1766 646 eo
1795 592 1883 660 qui
1915 590 2042 643 nihil

462 693 658 748 laboris
681 731 697 756 ,
741 689 834 744 sed
861 689 1027 744 multa
1072 693 1288 757 peccata
1319 684 1645 747 admiserat,
1676 680 1975 735 Pbarismus
2013 694 2043 734 a

461 784 741 854 publicano
769 781 938 834 victus
982 787 1082 834 est.
1133 777 1202 831 At
1233 776 1333 830 hoc
1376 789 1626 829 accusare
1668 774 1853 826 vitium
1897 771 2044 825 nullo

461 878 644 931 labore
675 885 961 943 possumus
990 869 1008 939 (
1039 883 1224 922 omnes
1250 867 1392 921 enim
1427 863 1674 920 eumdem
1709 863 1881 933 ipsum
1919 860 2032 915 cal—

463 967 640 1022 culum
675 964 850 1018 ferunt
880 961 900 1033 )
926 977 940 1026 ;
970 959 1109 1030 quod
1140 959 1395 1028 qumritur
1423 965 1600 1011 autem
1631 964 1744 1021 est,
1778 953 2043 1024 quomodo

462 1059 634 1127 ipsum
676 1067 930 1124 superare
965 1052 1250 1121 possimus.
1274 1048 1552 1116 Quomodo
1580 1061 1708 1119 ergo
1740 1043 2042 1115 proﬁigahi-

461 1147 614 1203 mus?
642 1147 697 1202 Si
724 1145 946 1217 gloriam
973 1143 1155 1214 gloria:
1175 1154 1523 1210 opponamus.
1552 1137 1624 1193 Ut
1644 1138 1784 1191 enim
1809 1145 2044 1189 terrenas

460 1238 672 1293 divitias
701 1235 1132 1298 contemnimus,
1186 1229 1400 1301 quando
1444 1229 1509 1282 ad
1555 1228 1686 1283 alias
1730 1226 2046 1296 respicimus

460 1330 673 1384 divitias
697 1370 712 1393 ,
743 1336 797 1382 et
827 1325 962 1379 hanc
998 1325 1162 1378 vitam
1208 1321 1533 1392 despicimus
1556 1359 1572 1386 ,
1602 1335 1722 1373 cum
1751 1319 2045 1388 cogitamus

459 1421 613 1474 aliam
642 1418 741 1473 hac
761 1419 914 1486 longe
936 1415 1245 1478 meliorem;
1275 1413 1351 1468 sic
1370 1421 1424 1466 et
1440 1412 1660 1482 gloriam
1685 1409 1843 1480 hujus
1863 1409 2043 1464 mundi

460 1524 713 1580 respuere
743 1508 1035 1578 poterimus
1061 1548 1074 1571 ,
1107 1520 1227 1560 cum
1266 1504 1423 1558 aliam
1455 1504 1612 1574 longe
1639 1502 1738 1557 hac
1765 1502 2042 1558 clariorem

464 1602 829 1673 Spectabimus
849 1643 862 1666 ,
895 1614 1120 1669 qumque
1149 1612 1276 1652 vere
1306 1596 1469 1665 gloria
1500 1604 1601 1650 est.
1636 1594 1767 1648 Nam
1797 1593 1946 1659 haec,
1979 1593 2045 1648 de

459 1709 564 1763 qua
595 1693 880 1762 loquimur,
911 1704 1046 1742 vana
1074 1686 1352 1756 inanisque
1374 1694 1479 1750 est,
1508 1699 1606 1739 nec
1632 1685 1733 1740 nisi
1765 1700 1961 1739 nomen
1989 1699 2045 1738 re

460 1798 685 1837 vacuum
713 1780 907 1844 habet;
937 1779 1024 1832 illa
1053 1787 1231 1833 autem
1260 1776 1487 1832 caelestis
1511 1790 1638 1830 vera
1661 1785 1762 1838 est,
1793 1790 1911 1843 quae
1936 1790 2042 1828 non

460 1873 726 1936 homines,
756 1870 849 1924 sed
872 1869 1113 1940 angelos,
1134 1866 1501 1936 archangelos,
1527 1874 1582 1920 ct
1600 1863 2040 1935 archangelorum

3625 301 3724 357 ιη

2152 405 2457 475 Dominum,
2481 410 2589 464 imo
2614 413 2774 466 etiam
2796 411 3040 466 homines
3061 411 3202 480 ipsos
3225 410 3525 467 laudatores
3546 411 3722 469 habet.

2147 496 2201 554 Si
2234 498 2299 554 ad
2326 499 2452 554 illud
2483 501 2746 555 theatrum
2771 504 3090 571 respexeris,
3122 503 3166 556 si
3195 517 3422 557 coronas
3451 504 3568 559 illas
3589 505 3729 561 didi-

2147 592 2306 658 ceris,
2334 593 2378 646 si
2402 593 2468 647 ad
2498 594 2614 647 illos
2639 594 2854 662 plausus
2878 604 2926 649 te
2951 594 3314 648 transtuleris:
3341 602 3548 650 terrena
3572 613 3727 652 num-

2148 696 2304 750 quam
2335 691 2386 736 te
2409 682 2740 748 detinebunt,
2780 700 2884 738 non
2921 700 3108 754 magna
3131 685 3413 754 praesentia
3435 686 3722 755 reputabis,

2149 787 2252 826 non
2276 773 2514 829 absentia
2545 791 2772 846 quaares.
2799 774 2853 830 ln
2879 776 2977 832 hac
2999 778 3196 847 Quippe
3219 779 3363 848 regia
3388 794 3551 835 nemo
3569 783 3724 837 satel-

2149 861 2300 917 litum
2331 866 2598 933 regiorum
2626 907 2641 931 ,
2671 881 2777 920 non
2807 881 3000 921 curans
3041 867 3286 922 diadema
3311 870 3570 938 gestantis
3599 882 3652 926 et
3677 872 3725 927 in

2147 954 2285 1009 solio
2331 955 2566 1011 sedentis
2595 957 2818 1027 gratiam
2845 999 2860 1022 ,
2890 959 3226 1027 graculorum
3257 975 3413 1018 voces
3453 963 3689 1018 imitatur
3709 1004 3724 1026 ,

2149 1059 2454 1099 muscarum
2497 1055 2551 1100 et
2596 1047 2823 1102 culicum
2873 1048 3167 1102 volantium
3213 1050 3497 1105 stridorem
3541 1070 3555 1106 :
3598 1054 3724 1108 nihil

2148 1136 2288 1189 enim
2317 1136 2564 1191 meliores
2590 1137 2654 1190 iis
2686 1146 2808 1191 sunt
2848 1137 3120 1192 hominum
3154 1139 3354 1196 laudes.
3374 1140 3597 1212 Cognita
3625 1143 3724 1198 ita-

2147 1243 2252 1298 que
2273 1228 2621 1284 humanarum
2651 1245 2830 1284 rerum
2861 1231 2877 1260 ¹
2903 1229 3125 1296 vilitate,
3154 1232 3330 1286 omnia
3357 1233 3408 1287 in
3433 1236 3725 1291 tutissimos

2147 1318 2486 1375 conferamus
2527 1321 2844 1388 thesauros,
2887 1331 2942 1376 et
2987 1334 3291 1377 manentem
3337 1340 3724 1396 perenncmque

2149 1412 2370 1480 gloriam
2411 1427 2715 1481 quaeramus
2744 1428 2759 1468 :
2787 1428 2944 1482 quam
2976 1414 3177 1467 utinam
3209 1430 3307 1469 nos
3329 1431 3517 1471 omnes
3539 1432 3724 1473 conse-

2149 1517 2413 1571 quamur,
2445 1502 2613 1572 gratia
2661 1510 2714 1556 et
2759 1503 3082 1572 benignitate
3132 1505 3339 1559 Domini
3385 1508 3551 1561 nostri
3595 1507 3722 1562 Jesu

2147 1591 2346 1648 Christi
2373 1634 2388 1658 ,
2420 1608 2513 1662 per
2561 1607 2718 1662 quem
2746 1602 2798 1647 et
2826 1608 2945 1646 cum
2973 1610 3077 1663 quo
3107 1594 3248 1649 Patri
3275 1597 3440 1666 gloria
3467 1638 3481 1662 ,
3515 1613 3724 1668 unaque

2147 1692 2333 1738 sancto
2364 1683 2604 1751 Spiritui,
2644 1699 2785 1738 nunc
2808 1693 2862 1738 et
2890 1699 3102 1753 semper
3129 1695 3182 1740 et
3208 1686 3259 1740 in
3285 1686 3476 1740 saecula
3505 1688 3722 1741 sa-culo-

2145 1790 2283 1829 rum.
2317 1777 2505 1829 Amen.

2216 1874 2232 1904 ι
2271 1872 2433 1922 Μονεὶ.
2466 1871 2608 1936 legit,
2632 1871 2892 1934 hominum,
2925 1889 3032 1938 pro,
3053 1875 3370 1926 humanarum
3389 1890 3567 1927 rerum.

1803 2045 2150 2106 HOMILIA
2192 2047 2406 2107 XXX.

457 2198 549 2253 3|.
591 2197 692 2265 Qui
733 2196 796 2250 de
818 2210 1019 2249 sursum
1044 2191 1205 2258 venit,
1239 2207 1389 2261 super
1413 2206 1583 2244 omnes
1619 2198 1691 2243 est
1715 2205 1734 2242 :
1753 2189 1840 2255 qui
1873 2196 1945 2242 est
1973 2185 2036 2241 de

693 2299 846 2354 terra,
871 2287 933 2341 de
961 2294 1092 2339 terra
1118 2292 1220 2349 est,
1244 2291 1289 2336 et
1309 2282 1372 2336 de
1401 2290 1534 2335 terra
1560 2281 1801 2352 loquitur.

529 2382 582 2434 1.
614 2378 787 2435 Grave
811 2375 1062 2446 quiddam
1091 2383 1174 2429 est
1201 2371 1387 2444 gloriae
1415 2385 1584 2436 amor,
1617 2385 1779 2439 grave
1803 2377 1858 2422 et
1883 2368 2038 2423 malis

457 2473 641 2528 multis
690 2471 942 2525 refertum
973 2485 986 2520 :
1016 2466 1169 2536 spina
1217 2476 1299 2520 est
1345 2479 1463 2534 quae
1492 2462 1709 2517 difficile
1749 2461 1996 2516 avellitur
2019 2501 2036 2527 ,

457 2565 568 2621 fera
613 2577 731 2633 qua:
781 2557 1121 2614 mansueﬁeri
1171 2555 1374 2625 nequit,
1425 2555 1605 2608 multis
1651 2553 1910 2622 capitibus
1961 2551 2042 2606 in-

456 2664 680 2717 structa,
732 2653 782 2706 in
824 2665 918 2705 eos
957 2649 1100 2718 ipsos
1127 2645 1218 2716 qui
1257 2660 1318 2700 se
1348 2643 1584 2698 nutriunt
1630 2653 1852 2697 armata.
1895 2641 2044 2697 Sicut

454 2745 600 2800 enim
632 2740 827 2797 vermis
864 2739 1004 2809 ligna
1035 2753 1063 2790 a
1091 2736 1282 2807 quibus
1306 2736 1538 2807 gignitur
1566 2734 1800 2790 corrodit
1824 2775 1839 2801 ,
1872 2742 1926 2788 et
1953 2749 2044 2788 ru-

459 2835 583 2904 bigo
631 2834 827 2886 ferrum
881 2846 946 2886 ex
991 2843 1097 2900 quo
1143 2828 1379 2882 nascitur
1421 2827 1707 2892 consumit,
1761 2835 1816 2880 et
1867 2826 2040 2879 lanam

459 2926 616 2980 tinea:
647 2965 658 2977 .
692 2923 764 2977 ita
795 2921 965 2976 inanis
991 2919 1158 2990 gloria
1188 2918 1426 2973 altricem
1455 2932 1606 2971 suam
1638 2917 1869 2971 animam
1913 2932 2039 2986 per-

455 3016 553 3070 dit.
586 3013 709 3068 ldco
737 3012 902 3066 multa
931 3010 1085 3064 nobis
1124 3023 1258 3079 Opus
1295 3018 1377 3064 est
1414 3008 1716 3078 diligentia,
1761 3015 1820 3062 ut
1857 3008 2041 3062 vitium

461 3107 562 3159 hoc
607 3105 876 3159 tollamus.
924 3100 1058 3155 Vide
1083 3114 1210 3170 ergo
1259 3106 1455 3170 quanta
1508 3098 1757 3153 decantet
1806 3096 2042 3152 Joannes

459 3196 735 3267 discipulis
775 3195 885 3249 suis
928 3193 1029 3248 hoc
1073 3193 1260 3248 morbo
1303 3192 1702 3254 laborantibus,
1745 3206 1809 3246 ac
1833 3192 1919 3246 vix
1949 3205 2043 3246 eos

460 3287 650 3343 sedare
677 3293 867 3356 potest.
898 3284 1028 3339 Nam
1057 3292 1178 3354 post
1207 3284 1382 3354 priora
1409 3284 1496 3338 illa
1519 3283 1600 3337 his
1619 3283 1778 3338 etiam
1808 3283 1926 3338 illos
1949 3282 2042 3338 de-

460 3380 654 3435 mulcet
683 3375 1017 3431 sermonibus
1045 3391 1058 3427 :
1094 3375 1194 3441 Qui
1221 3374 1284 3428 de
1304 3391 1504 3428 sursum
1530 3373 1680 3437 venit,
1702 3389 1856 3444 super
1872 3388 2044 3427 omnes

458 3479 531 3524 est
560 3485 577 3522 :
603 3469 690 3540 qui
716 3474 787 3521 est
809 3467 872 3520 de
897 3475 1029 3520 terra
1049 3506 1063 3530 ,
1095 3465 1158 3518 de
1183 3473 1315 3518 terra
1344 3473 1438 3532 est,
1469 3475 1516 3518 et
1545 3465 1607 3519 de
1637 3474 1770 3518 terra
1800 3463 2038 3534 loquitur.

459 3561 613 3628 Quia,
636 3559 828 3626 inquit,
859 3555 1220 3610 testimonium
1243 3570 1420 3610 meum
1446 3555 1641 3624 ubique
1662 3554 2039 3619 circnmfertis,

460 3658 514 3702 et
564 3663 650 3702 me
703 3647 806 3702 ﬁde
859 3646 1228 3715 dignissimum
1285 3644 1629 3714 praedicatis;
1683 3644 1812 3699 illud
1865 3643 2044 3700 sciatis

462 3746 706 3808 oportet,
758 3751 864 3790 non
921 3736 1082 3790 licere
1135 3750 1257 3789 eum
1289 3736 1377 3804 qui
1433 3735 1500 3790 de
1547 3737 1679 3791 caelo
1723 3737 1886 3802 venit,
1940 3735 2045 3791 ﬁde

464 3831 686 3899 dignum
712 3826 859 3882 reddi
882 3826 950 3881 ab
978 3840 1044 3880 eo
1067 3825 1157 3895 qui
1188 3825 1239 3878 in
1267 3833 1407 3879 terra
1434 3825 1654 3880 habitat.
1687 3825 1820 3880 lllud
1841 3837 2042 3890 autem,

390 3917 392 3920 ’
461 3923 638 3992 Supra
668 3935 839 3974 omnes
865 3928 958 3984 est,
991 3916 1116 3987 quid
1158 3915 1458 3987 significat?
1487 3916 1621 3971 Eum
1665 3917 1809 3971 nullo
1846 3932 2040 3988 egere,

455 4013 558 4065 sibi
595 4010 865 4074 sufﬁcere,
914 4017 965 4063 et
993 4008 1111 4063 sine
1147 4007 1547 4076 comparatione
1587 4007 1823 4061 omnium
1871 4007 2040 4062 maxi-

461 4119 608 4157 mum
641 4117 782 4156 esse.
809 4099 880 4155 Se
907 4113 1035 4154 vero
1063 4097 1129 4153 de
1167 4107 1307 4152 terra
1347 4111 1466 4153 esse
1487 4104 1541 4152 et
1565 4097 1707 4168 loqui
1731 4097 1896 4161 dicit,
1935 4111 2040 4151 non

459 4193 601 4262 quod
637 4209 700 4248 ex
743 4192 952 4262 propria
983 4200 1159 4244 mente
1187 4189 1529 4259 loqueretur,
1571 4189 1664 4243 sed
1705 4197 1763 4243 ut
1801 4187 2042 4243 Christus

462 4289 536 4340 ait
562 4305 575 4338 :
605 4285 665 4339 Si
696 4295 892 4339 terrena
921 4283 1028 4336 dixi
1072 4282 1229 4347 vobis,
1281 4290 1327 4334 et
1375 4297 1474 4334 non
1532 4281 1732 4334 creditis
1777 4278 1952 4351 (Joan.
1985 4281 2040 4335 5.

463 4377 576 4445 12).
604 4376 869 4444 Baptismri
899 4375 977 4427 sic
1001 4373 1250 4442 appellat,
1284 4387 1387 4424 non
1415 4370 1555 4442 quod
1587 4382 1854 4428 terrenum
1878 4382 2041 4440 esset,

463 4467 557 4522 sed
588 4468 706 4536 quia
739 4465 870 4518 illud
904 4479 1025 4517 cum
1056 4462 1305 4517 ineffabili
1337 4463 1678 4531 generatione
1707 4481 1800 4520 sua
1822 4480 2040 4536 compa-

468 4558 650 4620 rabat;
679 4556 758 4609 sic
783 4563 837 4608 et
861 4553 964 4608 hoc
995 4554 1111 4607 loco
1137 4568 1196 4607 se
1219 4551 1288 4606 de
1311 4561 1446 4606 terra
1471 4553 1612 4623 loqui
1636 4555 1768 4609 dixit
1787 4556 2040 4621 Joannes,

466 4663 615 4701 suam
645 4660 765 4700 eum
793 4643 991 4698 Christi
1020 4641 1261 4698 doctrina
1301 4644 1684 4713 comparando.
1727 4645 1867 4700 Nihil
1899 4649 2040 4701 enim

464 4734 608 4792 aliud
653 4735 916 4804 signiﬁcat
962 4733 1107 4796 illud,
1147 4733 1220 4786 De
1250 4743 1382 4787 terra
1409 4735 1669 4804 loquitur,
1700 4751 1858 4804 quam
1902 4737 2044 4806 quod

462 4843 558 4883 sua
613 4827 825 4896 exigua,
881 4823 1100 4879 humilia
1150 4833 1203 4878 et
1254 4824 1379 4878 vilia
1423 4826 1550 4887 sint,
1603 4825 1646 4880 si
1697 4841 1816 4880 cum
1846 4826 2043 4882 Christi

462 4918 829 4991 magnitudine
859 4925 1268 4986 comparentur,
1300 4931 1363 4970 ac
1394 4926 1620 4972 terrente
1661 4929 1866 4973 natura:
1894 4919 2045 4988 quasi

461 5012 654 5069 similia
693 5012 819 5065 sint.
851 5009 1004 5078 Apud
1031 5008 1178 5062 illum
1207 5009 1349 5062 enim
1381 5008 1568 5064 Omnes
1593 5012 1816 5064 thesauri
1841 5013 2046 5079 sapien-

462 5107 545 5158 tiae
575 5103 916 5161 reconduntur
947 5098 1082 5172 (Col.
1113 5099 1169 5153 Ξ.
1200 5102 1276 5170 '5).
1307 5100 1458 5166 Quod
1490 5111 1666 5157 autem
1707 5103 1774 5157 de
1805 5103 2046 5158 humanis

465 5197 756 5252 ratiociniis
788 5211 892 5249 non
922 5194 1200 5264 loquatur,
1232 5192 1356 5247 hinc
1385 5193 1556 5263 palam
1588 5203 1687 5248 est.
1722 5195 1820 5262 Qui
1869 5205 1940 5249 est
1986 5211 2050 5250 ea:

424 5301 434 5323 ι
469 5299 624 5352 terra,
654 5305 716 5342 ea:
743 5299 875 5342 terra
897 5297 992 5342 est.
1021 5286 1181 5356 Atqui
1213 5301 1318 5340 non
1349 5295 1465 5340 erat
1493 5296 1636 5342 totus
1661 5287 1728 5342 de
1759 5296 1920 5353 terra,
1954 5288 2047 5342 sed

469 5379 730 5450 prtecipua
770 5379 1000 5434 caelestia
1039 5386 1196 5433 erant
1227 5393 1242 5441 ;
1282 5377 1514 5432 animam
1552 5379 1748 5448 quippe
1786 5377 2044 5445 habebat,

467 5481 523 5525 et
560 5468 778 5537 spiritus
816 5472 1078 5540 particeps
1115 5479 1268 5535 erat,
1310 5485 1429 5540 quae
1473 5485 1576 5525 non
1627 5479 1752 5524 sunt
1779 5471 1845 5525 de
1885 5481 2043 5526 terra.

471 5559 752 5628 Quomodo
789 5574 916 5628 ergo
962 5575 1022 5615 se
1058 5561 1126 5616 de
1164 5572 1303 5617 terra
1356 5577 1476 5617 esse
1513 5562 1694 5616 dicit?
1729 5561 1868 5615 Nihil
1907 5561 2048 5615 aliud

471 5653 555 5710 his
593 5648 920 5720 signiﬁcatur
955 5664 1113 5720 quam
1139 5693 1153 5716 ,
1196 5653 1394 5710 Parvus
1433 5669 1552 5709 sum
1591 5661 1646 5709 et
1683 5653 1877 5708 nullius
1916 5668 2041 5724 prc-

2151 2186 2206 2238 tii
2231 2227 2246 2252 ,
2291 2193 2474 2255 utpote
2514 2189 2603 2257 qui
2644 2187 2788 2242 humi
2835 2204 3016 2258 repam
3047 2198 3100 2243 et
3128 2188 3178 2244 in
3213 2199 3350 2244 terra
3385 2202 3540 2246 natus
3585 2192 3721 2257 sim,

2148 2275 2395 2334 Christus
2421 2289 2596 2333 autem
2625 2279 2690 2334 ad
2719 2296 2815 2335 nos
2846 2281 2912 2336 de
2950 2282 3082 2335 cazlo
3126 2282 3290 2336 venit.
3322 2279 3452 2336 Cum
3493 2300 3585 2352 per
3613 2283 3725 2337 ha-c

2149 2369 2327 2424 omnia
2373 2385 2556 2425 eorum
2595 2371 2839 2426 morbum
2868 2372 3239 2439 restinxisset,
3271 2389 3392 2428 cum
3436 2374 3638 2444 majore
3667 2376 3726 2429 ti-

2148 2462 2301 2516 ducia
2342 2463 2409 2517 de
2438 2461 2653 2518 Christo
2701 2465 2952 2535 loquitur.
3002 2467 3171 2520 Antea
3216 2467 3358 2521 enim
3401 2466 3722 2535 superﬂuum

2148 2549 2332 2606 fuisset
2363 2553 2522 2608 verba
2567 2552 2888 2623 profundere
2912 2597 2926 2621 ,
2965 2570 3084 2610 cum
3129 2557 3241 2610 hzec
3278 2557 3330 2610 in
3363 2566 3542 2611 mente
3571 2556 3722 2611 audi-

2136 2650 2320 2698 torum
2364 2643 2538 2699 locum
2587 2646 2830 2704 inVenire
2867 2661 2974 2700 non
3018 2657 3235 2716 possent
3268 2667 3279 2702 :
3312 2659 3590 2720 postquam
3634 2665 3724 2704 au-

2145 2739 2252 2787 tem
2301 2737 2480 2803 spinas
2529 2736 2739 2798 evulsit,
2783 2737 2891 2805 jam
2927 2737 3259 2793 conﬁdenter
3302 2740 3506 2794 semina
3547 2742 3726 2808 jacere

2147 2823 2330 2892 incipit
2360 2823 2441 2878 his
2473 2826 2683 2880 verbis:
2712 2826 2808 2891 Qui
2831 2827 2893 2880 de
2922 2828 3044 2880 ca’lo
3066 2830 3218 2894 venit,
3250 2845 3402 2898 super
3429 2847 3596 2884 omnes
3619 2840 3724 2894 est;

2147 2911 2233 2967 52.
2267 2922 2313 2966 et
2339 2915 2472 2983 quod
2509 2915 2630 2968 vidit
2656 2926 2702 2968 et
2731 2917 2943 2981 audivit,
2973 2917 3067 2971 hoc
3096 2919 3410 2986 testiﬁcatur,
3435 2930 3481 2972 et
3503 2921 3724 2972 testimo-

2146 3007 2285 3058 nium
2314 3007 2422 3074 ejus
2452 3023 2595 3061 nemo
2623 3009 2825 3078 accipit.
2860 3008 3102 3078 Magnum
3140 3009 3265 3079 quid
3310 3016 3366 3063 ct
3401 3009 3631 3064 sublime
3656 3009 3726 3066 de

2146 3096 2262 3165 ipso
2289 3097 2538 3167 loquutus
2562 3138 2576 3160 ,
2609 3113 2794 3153 rursus
2840 3099 2904 3153 ad
2933 3098 3215 3152 humiliora
3265 3099 3434 3168 pergit
3461 3117 3474 3153 :
3505 3114 3626 3152 nam
3658 3099 3722 3153 il-

2147 3187 2236 3241 lud
2259 3229 2273 3252 ,
2309 3186 2456 3252 Quod
2481 3188 2669 3241 audivit
2694 3199 2742 3242 et
2766 3190 2919 3254 vidit,
2951 3189 3234 3244 humanius
3259 3189 3458 3244 dictum
3485 3198 3586 3244 est.
3617 3190 3722 3246 Nc-

2145 3293 2248 3348 que
2271 3279 2412 3333 enim
2435 3294 2498 3334 ex
2533 3281 2649 3334 visu
2676 3281 2757 3334 vel
2792 3280 2975 3335 auditu
3006 3281 3093 3334 illa
3119 3295 3238 3351 qutc
3280 3281 3482 3337 sciebat
3505 3297 3727 3352 accepe-

2146 3376 2230 3422 rat
2262 3385 2276 3436 ;
2319 3369 2412 3424 sed
2446 3370 2498 3423 in
2525 3379 2710 3425 natura
2743 3379 2912 3425 totum
2959 3370 3210 3436 habebat,
3250 3372 3338 3442 qui
3367 3372 3635 3442 perfectus
3659 3389 3724 3428 ex

2147 3458 2266 3512 sinu
2299 3467 2520 3528 paterno
2549 3460 2786 3526 exierat,
2829 3474 2927 3515 nec
2953 3462 3142 3532 egebat
3169 3461 3390 3518 doctore
3419 3479 3433 3515 :
3467 3479 3587 3518 nam
3615 3463 3723 3530 ait,

2148 3549 2295 3605 Sicut
2332 3553 2466 3605 novit
2510 3567 2588 3604 me
2627 3550 2812 3616 Pater,
2860 3554 2932 3606 ita
2974 3563 3022 3606 et
3067 3571 3159 3624 ego
3206 3571 3449 3625 cognosco
3497 3553 3722 3610 Patrem.

2147 3642 2282 3710 Quid
2318 3658 2446 3714 ergo
2491 3644 2753 3714 signiﬁcat
2789 3645 2936 3710 illud,
2979 3645 3131 3713 Quod
3165 3648 3377 3712 audivit,
3409 3647 3647 3718 loquitur,
3680 3660 3725 3703 ct

2147 3735 2281 3804 quod
2319 3735 2461 3799 vidit,
2495 3745 2701 3790 testatur
2728 3737 2752 3789 ?
2789 3736 2918 3804 Quia
2951 3753 3046 3807 per
3074 3738 3172 3794 hos
3209 3755 3398 3794 sensus
3426 3755 3522 3794 nos
3547 3740 3724 3794 omnia

2147 3825 2404 3881 discimus
2443 3835 2688 3881 accurate
2720 3869 2734 3892 ,
2767 3837 2820 3881 ct
2861 3827 2962 3884 ﬁde
2991 3828 3135 3899 digni
3179 3831 3418 3900 magistri
3447 3831 3724 3900 habemur,

2148 3918 2289 3972 circa
2317 3933 2378 3972 ea
2408 3933 2526 3987 qua:
2566 3919 2647 3972 vel
2678 3919 2793 3974 visu
2826 3920 2906 3974 vel
2932 3921 3114 3975 auditu
3145 3925 3479 3992 percepimus
3498 3965 3514 3989 ,
3546 3933 3728 3993 utpOte

2149 4010 2239 4079 qui
2283 4024 2381 4064 nec
2429 4010 2726 4079 ﬁngamus,
2779 4027 2876 4066 nec
2914 4011 3042 4066 falsa
3071 4013 3329 4067 dicamus.
3367 4013 3421 4067 ld
3449 4015 3727 4070 adstruere

2149 4102 2335 4157 volens
2363 4101 2595 4157 Joannes
2625 4103 2786 4170 dixit,
2825 4103 2949 4170 Quae
2978 4104 3168 4156 audivit
3196 4115 3243 4157 et
3281 4105 3424 4172 vidit,
3458 4115 3516 4159 ut
3543 4115 3725 4160 osten-

2149 4193 2243 4248 dat
2285 4195 2415 4248 nihil
2447 4195 2498 4248 in
2533 4195 2625 4248 illo
2662 4197 2943 4263 mendacii,
2976 4195 3069 4250 sed
3099 4197 3275 4251 omnia
3304 4212 3426 4252 vera
3457 4213 3594 4253 esse.
3637 4199 3727 4254 Sic

2150 4294 2204 4340 ct
2243 4299 2342 4340 nos
2368 4300 2511 4355 saepe
2541 4286 2751 4340 curiose
2773 4287 3149 4358 perquirimns,
3184 4287 3335 4342 Tune
3363 4287 3576 4354 audisti,
3602 4299 3728 4344 tune

2149 4376 2326 4431 vidisti
2354 4378 2377 4430 ?
2403 4379 2446 4432 si
2489 4375 2538 4430 id
2585 4378 2898 4439 afﬁrmetur,
2946 4388 3072 4434 tunc
3111 4387 3314 4434 certum
3363 4380 3725 4435 testimonium

2150 4469 2488 4524 habetur.Sic
2501 4478 2552 4524 et
2570 4470 2682 4539 ipse
2695 4483 2814 4523 cum
2833 4469 2980 4534 dicit,
3004 4471 3148 4526 Sicut
3165 4471 3338 4534 audio,
3347 4471 3528 4542 judico
3548 4469 3724 4541 (Joan.

2148 4561 2200 4615 5.
2230 4560 2299 4614 50
2313 4560 2351 4629 ),
2381 4568 2452 4626 et,
2476 4560 2601 4626 Qua:
2641 4561 2810 4613 audivi
2854 4579 2884 4613 a
2912 4561 3070 4617 Patre
3097 4580 3224 4628 meo,
3257 4565 3449 4633 loquor,
3495 4573 3568 4628 et,
3603 4563 3730 4630 Qua!

2149 4652 2368 4705 vidimus
2392 4693 2406 4715 ,
2439 4652 2691 4721 loquimur
2722 4652 2740 4722 (
2768 4651 2855 4705 Id.
2887 4653 2938 4708 8.
2979 4654 3067 4708 26.
3109 4665 3156 4708 et
3185 4655 3237 4709 5.
3271 4656 3330 4708 H
3359 4654 3414 4722 ),
3460 4662 3516 4709 et
3540 4654 3727 4708 similia

2149 4741 2250 4796 alia
2298 4743 2552 4813 loquitur,
2602 4758 2706 4798 non
2748 4744 2815 4798 ita
2867 4743 3014 4809 dicit,
3069 4752 3128 4799 ut
3169 4746 3436 4802 discamus
3481 4746 3626 4800 illum
3667 4761 3727 4799 ea

2151 4835 2422 4903 accepisse
2466 4850 2584 4902 quae
2627 4835 2755 4890 dicit
2798 4834 2893 4904 (id
2937 4837 3084 4891 enim
3119 4848 3303 4907 putare
3351 4849 3602 4894 extremm
3631 4837 3730 4893 de~

2152 4926 2363 4979 mentite
2393 4934 2535 4980 esset
2572 4925 2626 4996 );
2661 4927 2755 4981 sed
2800 4944 2866 4982 ne
2894 4928 3018 4998 quid
3050 4945 3112 4982 ex
3142 4929 3297 4984 (lictis
3327 4930 3442 4998 ejus
3480 4930 3534 4987 in
3561 4930 3732 4996 suspi.

2151 5017 2358 5071 cionem
2387 5028 2663 5073 vocaretur
2692 5020 2758 5075 ab
2783 5020 3175 5089 impudentibus
3194 5022 3410 5077 Judmis.
3440 5023 3571 5090 Quia
3589 5022 3730 5078 enim

2153 5107 2387 5161 nondum
2411 5123 2526 5163 eam
2559 5125 2716 5179 quam
2750 5127 2843 5180 par
2873 5121 2989 5166 erat
3027 5111 3094 5166 de
3120 5113 3209 5167 illo
3235 5113 3537 5181 opinionem
3564 5112 3732 5166 habe-

2154 5198 2303 5265 bant,
2333 5199 2643 5270 frequenter
2669 5202 2733 5257 ad
2762 5203 2976 5259 Patrem
3007 5204 3260 5273 confugit,
3301 5205 3530 5272 hincque
3556 5204 3736 5260 verbis

2155 5291 2265 5344 suis
2298 5290 2453 5345 ﬁdem
2484 5292 2624 5345 facit.

2225 5384 2278 5436 2.
2322 5384 2390 5438 Et
2418 5383 2541 5454 quid
2573 5383 2782 5438 miraris
2813 5385 2856 5439 si
2883 5385 2947 5439 ad
2979 5386 3187 5439 Patrem
3219 5382 3507 5454 confugiat,
3534 5399 3656 5440 cum
3683 5398 3736 5441 et

2154 5475 2219 5528 ad
2273 5474 2560 5543 prophetas
2601 5484 2655 5530 et
2697 5475 2764 5530 ad
2809 5477 3110 5545 Scripturas
3154 5490 3297 5545 saepe
3341 5480 3634 5534 recurrat?
3679 5491 3737 5534 ut

2155 5563 2366 5636 quando
2395 5562 2551 5630 dicit,
2581 5563 2606 5617 1
2615 5565 2698 5618 Ιιιτ
2722 5576 2838 5620 sunt
2875 5581 2989 5636 quae
3013 5566 3352 5620 testimonium
3389 5568 3646 5635 perhibent
3676 5572 3743 5621 de

2156 5672 2234 5710 me
2280 5653 2454 5723 (Ibid.
2491 5654 2544 5710 5.
2575 5654 2700 5724 39).
2734 5655 2869 5712 Num
2907 5671 3034 5726 ergo
3075 5656 3350 5727 prephctis
3389 5657 3536 5712 illum
3565 5657 3733 5713 miuo-
