4068 6136
396 246 494 301 I73

389 376 500 416 rem
523 370 644 412 esse
679 355 954 420 dicemus,
985 355 1104 423 quia
1138 354 1258 407 inde
1299 352 1596 406 testimonia
1638 351 1957 405 mutuatur?

389 450 556 506 Absit.
577 447 681 503 Sed
706 455 923 517 propter
948 444 1245 499 auditorum
1269 443 1626 496 inﬁrmitatem
1647 441 1725 495 sic
1749 455 1958 495 sermo-

389 555 506 595 netn
549 547 840 606 temperat,
869 545 924 590 et
961 550 1025 588 ex
1067 533 1222 588 Patre
1253 531 1428 586 audita
1470 547 1529 586 se
1559 545 1777 586 narrare
1806 530 1954 595 dicit,

389 646 491 685 non
521 629 668 698 quasi
698 627 918 681 doctore
947 632 1130 694 egeat,
1163 623 1256 678 sed
1289 632 1347 677 ut
1382 623 1455 676 illi
1482 621 1721 686 credant,
1756 621 1888 674 nihil
1926 635 1956 674 a

388 737 444 776 se
487 721 676 774 falsum
713 719 838 772 dici.
873 715 1024 782 Quod
1055 725 1231 770 autem
1261 714 1390 769 dicit
1417 713 1670 778 Joannes,
1700 714 1779 768 sic
1806 711 1962 766 intel-

389 812 489 882 lige
519 829 532 864 :
561 809 683 863 Mihi
715 821 850 877 opus
873 817 954 862 est
983 807 1164 861 audire
1191 806 1258 860 ab
1289 805 1402 859 illo.
1445 803 1577 858 Nam
1613 803 1680 857 de
1709 804 1841 858 ctelo
1871 816 1962 856 ve-

388 901 492 966 nit,
532 909 585 954 et
612 899 844 952 caelestia
875 897 1116 962 nuntiat,
1147 911 1265 965 quae
1291 895 1440 949 solus
1469 894 1578 962 ipse
1601 892 1742 947 clare
1766 892 1910 945 novit
1940 907 1954 955 ;

389 1008 508 1046 nam
540 989 687 1056 illud,
721 988 922 1042 Audiuit
960 996 1008 1042 et
1040 987 1182 1052 vidit,
1214 986 1316 1042 hoc
1337 985 1616 1055 signiﬁcat.
1647 981 1713 1036 Et
1740 984 1960 1036 testimo-

390 1083 526 1136 ttium
552 1083 660 1150 ejus
685 1097 828 1134 nemo
853 1079 1056 1147 accipit.

456 1170 672 1224 Joannis
708 1168 945 1236 discipuli
983 1166 1181 1220 Christo
1220 1182 1320 1219 non
1347 1163 1685 1218 crediderant.
1704 1192 1776 1204 —
1800 1163 1958 1232 Atqui

388 1260 679 1330 discipulos
709 1259 892 1312 habuit
931 1267 985 1312 et
1023 1257 1173 1312 multi
1218 1257 1376 1310 dictis
1419 1255 1534 1325 ejus
1563 1255 1954 1319 attendebant;

389 1366 485 1406 cur
525 1364 649 1419 ergo
691 1348 851 1412 dicit,
885 1344 1050 1400 Nemo
1091 1345 1316 1414 accipit?
1343 1345 1455 1400 IIoc
1483 1353 1587 1409 est,
1616 1343 1775 1398 Pauci
1818 1343 1960 1398 acci-

391 1441 557 1508 piunt.
594 1439 724 1494 Nam
755 1439 798 1492 si
843 1437 1108 1492 neminem
1135 1437 1392 1502 dixisset,
1423 1450 1518 1490 cur
1549 1435 1914 1504 subjunxisset
1941 1452 1955 1488 :

388 1534 475 1588 55.
507 1531 606 1596 Qui
642 1531 832 1598 accepit
869 1531 978 1600 ejus
1021 1530 1379 1595 testimonium,
1422 1529 1634 1598 signavit
1677 1529 1794 1598 quia
1821 1526 1958 1580 Deus

386 1641 539 1679 serua:
563 1634 634 1678 est
663 1624 688 1678 .9
722 1623 818 1678 Ilic
841 1621 1132 1691 discipulos
1161 1637 1287 1676 suos
1317 1621 1660 1692 perstringit,
1695 1634 1758 1675 ac
1781 1620 1824 1673 si
1852 1634 1956 1673 non

389 1716 608 1770 nmltum
647 1715 695 1768 ei
732 1712 983 1767 credituri
1011 1719 1208 1766 essent.
1233 1711 1382 1778 Quod
1411 1710 1551 1765 enim
1580 1725 1750 1779 neque
1775 1718 1954 1779 postea

388 1806 485 1875 ipsi
533 1803 888 1869 crediderint,
922 1803 1091 1872 palam
1135 1813 1219 1857 est
1259 1817 1322 1856 ex
1362 1801 1724 1870 sequentibus.
1756 1799 1958 1854 Idcirco

387 1897 506 1950 illos
536 1898 585 1950 in
623 1910 838 1949 carcere
866 1894 1100 1948 inclusus
1139 1895 1279 1948 misit
1306 1894 1371 1948 ad
1399 1908 1556 1958 eum,
1587 1901 1643 1947 ut
1669 1891 1813 1962 ipsos
1841 1907 1955 1945 ma-

384 1988 465 2058 gis
505 1985 603 2055 ipsi
640 1994 997 2040 connecteret.
1033 1984 1110 2038 llli
1151 1999 1276 2038 vero
1308 1993 1432 2038 tunc
1473 1983 1631 2036 etiam
1664 1983 1750 2036 vix
1780 1982 1954 2036 credi-

383 2078 612 2143 derunt,
641 2075 781 2146 quod
808 2075 1152 2130 subindicans
1181 2074 1422 2129 Christus
1462 2073 1614 2140 dixit,
1647 2072 1836 2126 Beatus
1871 2073 1959 2142 qui

384 2187 484 2224 non
511 2170 662 2238 fuerit
686 2168 1058 2222 scandalizatus
1086 2168 1136 2221 in
1170 2183 1245 2220 me
1275 2165 1294 2238 (
1322 2165 1506 2219 Matth.
1541 2165 1628 2220 11.
1657 2165 1688 2220 6
1719 2167 1759 2232 ).
1803 2163 1956 2218 Nulla

383 2261 542 2331 igitur
585 2260 688 2314 alia
735 2259 802 2314 de
830 2273 992 2313 causa
1019 2259 1176 2322 dicit,
1205 2255 1274 2310 Et
1301 2257 1637 2310 testimonium
1678 2256 1785 2324 ejus
1813 2269 1956 2308 uento

380 2355 585 2423 accipit,
629 2369 785 2426 quam
815 2363 870 2407 ut
895 2351 1186 2421 discipulos
1216 2365 1344 2404 suos
1372 2348 1599 2412 erudiat,
1633 2362 1696 2401 ac
1721 2347 1766 2400 si
1805 2347 1953 2400 dice-

381 2454 466 2500 ret
498 2462 510 2498 :
551 2445 624 2499 Ne
659 2445 854 2514 putetis
882 2444 1000 2513 quia
1038 2441 1188 2512 pauci
1218 2439 1472 2495 credituri
1501 2447 1653 2504 sunt,
1685 2437 1802 2491 ideo
1826 2436 1954 2488 falsa

382 2536 472 2589 illa
519 2550 634 2590 esse
662 2550 780 2603 qua:
809 2533 1077 2588 dicuntur.
1107 2531 1236 2585 Nam
1278 2530 1405 2597 Quia
1432 2529 1574 2592 ridit,
1614 2535 1840 2591 testatur,
1871 2527 1953 2580 in-

377 2625 517 2695 quit.
548 2624 672 2678 Hmc
703 2639 864 2692 porro
892 2621 1041 2686 dicit,
1077 2631 1133 2675 ut
1165 2620 1323 2675 simul
1349 2618 1652 2674 Judtrorttm
1686 2617 1950 2687 ignaviam

378 2715 736 2785 perstringat;
767 2723 823 2768 ut
859 2716 910 2767 in
951 2711 1211 2782 principio
1239 2709 1509 2780 Evangelii
1541 2710 1686 2779 ipsos
1714 2708 1954 2777 coarguit

380 2811 464 2863 his
492 2807 666 2862 verbis
699 2825 713 2861 :
742 2805 808 2860 lu
835 2807 1039 2875 propria
1082 2806 1231 2869 uertit,
1258 2813 1307 2859 et
1347 2803 1427 2858 sui
1466 2818 1580 2857 eum
1622 2817 1721 2854 non
1751 2815 1951 2869 recepe-

374 2909 516 2952 runt.
547 2897 656 2952 IIoc
681 2907 856 2952 autent
885 2911 989 2950 non
1016 2894 1300 2959 venientis,
1328 2891 1423 2947 sed
1451 2905 1555 2946 non
1582 2889 1950 2960 recipientium

379 3001 654 3061 peccatum
685 2997 789 3044 est.
825 2987 922 3053 Qui
943 2988 1132 3056 accepit
1161 2988 1269 3057 ejus
1297 2984 1651 3049 testimonium,
1677 2983 1949 3055 obsignavit

373 3083 494 3148 quia
531 3079 664 3135 Deus
705 3095 856 3134 uerax
882 3089 975 3133 est.
1004 3077 1101 3133 Hic
1132 3079 1250 3132 illos
1276 3084 1537 3142 exterret,
1569 3090 1690 3129 cum
1721 3073 1953 3127 ostendit

373 3188 497 3226 eutn
527 3173 613 3241 qui
649 3171 865 3225 Christo
890 3185 994 3223 non
1020 3167 1211 3234 credit,
1251 3183 1354 3220 non
1383 3167 1541 3220 modo
1567 3180 1671 3218 non
1709 3164 1828 3234 ipsi,
1856 3162 1948 3218 sed

373 3278 551 3333 neque
579 3262 718 3316 Patri
742 3260 960 3315 credere
988 3277 1002 3324 ;
1029 3259 1374 3330 quamobrem
1401 3255 1581 3326 adjicit
1610 3275 1624 3310 :
1660 3255 1746 3309 54.
1789 3253 1948 3320 Quem

371 3355 509 3407 enim
556 3353 688 3404 misit
725 3349 883 3416 Deus,
913 3351 1062 3404 verba
1086 3348 1180 3403 Dei
1206 3348 1445 3418 loquitur.
1475 3345 1606 3412 Quia
1634 3360 1761 3414 ergo
1787 3343 1948 3398 verba

370 3446 492 3512 ejus
537 3443 785 3512 loquitur,
817 3450 870 3495 et
919 3441 1144 3495 credens
1195 3439 1266 3492 illi
1315 3437 1504 3500 credit,
1538 3445 1590 3491 et
1639 3433 1947 3488 incredulus

372 3536 448 3590 illi
482 3551 586 3589 non
617 3533 807 3590 credit.
849 3533 986 3588 Illud
1028 3542 1228 3598 autem,
1263 3531 1576 3601 Obsignavit,
1621 3528 1672 3583 id
1711 3537 1812 3591 est,
1842 3527 1945 3581 0s-

373 3626 562 3683 teudit.
605 3626 891 3695 Postquam
937 3625 1051 3679 haec
1093 3625 1227 3678 dixit
1251 3631 1304 3678 et
1331 3623 1575 3676 timorem
1605 3620 1781 3684 auxit,
1815 3617 1950 3686 adji-

369 3718 440 3771 cit
471 3734 483 3770 :
519 3717 650 3782 Quia
676 3716 812 3770 Deus
838 3732 986 3770 verax
1010 3725 1120 3781 est;
1148 3713 1470 3784 signiﬁcans,
1500 3708 1768 3764 neminem
1791 3721 1947 3776 posse

371 3809 445 3863 illi
492 3823 595 3862 non
627 3808 866 3872 credere,
901 3807 998 3861 nisi
1028 3805 1285 3860 mendacii
1315 3811 1498 3872 arguat
1529 3801 1692 3854 Deum
1734 3798 1820 3868 qui
1849 3797 1947 3851 mi-

369 3900 440 3954 sit
486 3900 680 3968 ipsum.
722 3897 981 3966 Quoniam
1013 3897 1169 3966 igitur
1209 3895 1339 3949 nihil
1380 3901 1526 3948 extra
1554 3905 1616 3946 ea
1663 3905 1780 3960 quat
1825 3896 1947 3942 sunt

371 3991 550 4045 Patris
579 3989 707 4043 dicit
733 3988 993 4052 Christus,
1037 3987 1130 4041 sed
1176 3986 1351 4041 omnia
1381 3985 1522 4038 illius
1548 3991 1670 4038 sunt
1700 3998 1714 4046 ;
1748 3982 1835 4049 qui
1869 3981 1948 4050 ip-

368 4097 492 4137 sum
519 4097 624 4135 non
660 4080 822 4144 audit,
859 4081 1153 4133 mittentem
1195 4078 1404 4131 Patrem
1432 4092 1534 4130 non
1567 4075 1731 4128 audit.
1761 4071 1945 4128 Viden‘

368 4172 641 4244 quomodo
678 4171 818 4241 ipsos
861 4186 955 4240 per
998 4170 1110 4224 hzec
1148 4169 1308 4224 etiam
1349 4167 1649 4239 percellat?
1680 4167 1947 4220 Hactenus

368 4265 518 4318 enim
547 4263 674 4316 nihil
702 4277 864 4332 grave
894 4261 1149 4331 putabant
1171 4273 1292 4314 esse
1317 4259 1582 4312 Christum
1608 4271 1711 4311 non
1739 4255 1943 4310 audire.

372 4355 500 4412 Ideo
532 4364 733 4408 tantum
782 4354 1070 4422 periculmn
1103 4350 1390 4406 incredulis
1421 4347 1730 4418 impendere
1759 4355 1946 4401 osten-

365 4447 483 4512 dit,
512 4456 570 4500 ut
619 4444 827 4498 discant
865 4443 1132 4498 Christum
1179 4457 1283 4495 tton
1329 4439 1512 4494 audire
1558 4437 1784 4506 idipsum
1827 4451 1948 4491 esse

367 4537 514 4606 quod
547 4537 710 4591 Deum
751 4553 854 4589 non
889 4536 1090 4589 audire.
1130 4532 1333 4588 Deinde
1375 4533 1733 4602 prosequitur,
1777 4528 1945 4582 imbe-

367 4630 576 4686 cillitati
622 4630 816 4684 mentis
855 4643 1037 4683 eorum
1071 4643 1128 4682 se
1157 4637 1546 4696 attemperans,
1593 4624 1674 4678 his
1724 4622 1942 4677 verbis:

369 4725 495 4780 Non
529 4725 662 4779 enim
699 4725 768 4777 ad
794 4739 1076 4777 mensuram
1113 4723 1199 4774 dat
1236 4719 1371 4775 Deus
1414 4720 1685 4788 Spiritum.
1720 4716 1943 4778 Rursus,

368 4825 425 4869 ut
453 4814 589 4880 dixi,
613 4815 876 4868 hmniliori
905 4813 1061 4867 modo
1084 4814 1335 4882 loquitur,
1366 4811 1442 4864 sic
1476 4809 1688 4862 varians
1713 4807 1779 4860 ad
1813 4804 1945 4860 laci-

367 4906 560 4961 Iiorem
588 4905 889 4960 auditorum
933 4915 1142 4972 captum
1177 4919 1192 4967 ;
1242 4917 1346 4956 non
1375 4901 1516 4955 enim
1550 4905 1757 4969 poterat
1792 4897 1950 4952 aliter

369 5006 571 5050 metunt
598 5010 813 5066 augere.
846 4995 976 5048 Nam
1005 4994 1047 5047 si
1071 4992 1194 5062 quid
1222 4991 1287 5046 de
1318 4992 1432 5060 ipso
1460 5003 1708 5058 magnum
1738 4994 1791 5041 et
1814 4985 1944 5040 sub-

368 5088 497 5143 lime
540 5088 795 5151 dixisset,
829 5101 932 5140 non
976 5085 1354 5148 credidissent,
1384 5081 1477 5136 sed
1527 5080 1577 5134 id
1615 5079 1762 5133 nihili
1794 5079 1948 5133 iecis-

369 5189 515 5234 sent.
542 5178 666 5234 Ideo
690 5178 754 5232 ad
778 5178 985 5230 Patrem
1007 5185 1172 5230 totum
1196 5172 1379 5238 refert,
1404 5171 1470 5225 de
1498 5169 1712 5224 Christo
1738 5169 1945 5222 interim

367 5272 522 5340 quasi
553 5270 622 5325 de
650 5269 867 5324 homine
889 5270 1128 5336 loquens.
1159 5265 1294 5332 Quid
1329 5279 1456 5318 vero
1484 5262 1744 5332 signiﬁcat
1770 5261 1895 5315 illud
1929 5280 1944 5315 :

370 5361 495 5417 Non
537 5363 608 5416 ad
654 5377 938 5416 mensuram
979 5361 1066 5412 dat
1111 5358 1243 5410 Deus
1274 5357 1522 5425 Spiritum
1546 5356 1569 5408 ?
1596 5355 1702 5407 Nos
1738 5369 1942 5413 omnes.

365 5455 440 5508 ait
465 5494 480 5516 ,
515 5452 581 5506 ad
620 5467 924 5507 mensuram
952 5449 1178 5519 Spiritus
1203 5447 1566 5517 operationem
1594 5445 1896 5512 accepimus
1924 5464 1938 5507 ;

368 5561 469 5615 per
500 5545 753 5614 Spiritum
799 5543 940 5597 enim
986 5541 1069 5595 hic
1108 5541 1468 5609 operationem
1506 5536 1750 5606 intelligit
1790 5554 1801 5588 :
1835 5536 1947 5589 haec

369 5638 572 5708 quippe
623 5649 685 5690 ea
733 5643 816 5687 est
861 5647 982 5702 quae
1033 5630 1366 5684 distribuitur
1409 5645 1422 5680 :
1475 5626 1562 5682 hic
1613 5641 1738 5682 vero
1782 5635 1943 5682 totam

690 5741 962 5803 Pnaou
1013 5743 1126 5801 Gn.
1175 5743 1332 5802 [ΛΚ.

1407 238 1469 292 IN
1508 236 1814 294 JOANNEM
1855 235 2082 294 IIOHIL.
2127 235 2293 292 XXX.
2333 237 2405 291 al.
2447 236 2638 292 XXIX.

3546 237 3646 293 I'M

2076 350 2222 404 illam
2267 351 2381 404 sine
2436 366 2684 408 mensura
2733 351 2894 407 habet
2936 353 3322 421 operationem.
3372 353 3426 409 Si
3466 364 3644 408 autem

2067 441 2307 509 operatio
2331 443 2448 511 ejus
2476 444 2734 499 immensa
2759 454 2844 499 est
2869 444 3035 498 nmlto
3061 444 3230 514 magis
3255 445 3374 513 ejus
3397 445 3644 498 substan-

2069 531 2160 584 tia.
2193 529 2376 585 Viden‘
2399 531 2657 600 Spiritum
2686 534 2844 588 etiam
2869 535 3187 589 immensum
3210 533 3367 589 esse?
3391 534 3488 600 Qui
3516 549 3647 602 ergo

2068 628 2230 674 totam
2282 621 2510 689 Spiritus
2555 625 2918 692 operationem
2965 625 3213 693 accepit;
3259 625 3348 694 qui
3397 639 3480 691 ea,
3526 640 3645 694 qua:

2067 719 2189 765 sunt
2233 711 2360 777 Dei,
2408 715 2591 778 novit;
2639 715 2729 784 qui
2777 715 2944 770 dicit;
2984 715 3132 782 Quod
3167 717 3451 770 audivimus
3482 717 3646 784 loqui-

2065 816 2198 866 mur,
2245 811 2290 855 et
2327 803 2460 872 quod
2488 804 2700 858 vidimus
2743 812 2983 858 testamur
3007 819 3026 866 ;
3054 805 3320 874 quomodo
3351 807 3519 874 possit
3549 821 3642 860 su-

2063 899 2277 958 spectus
2322 892 2551 948 haberi?
2588 893 2728 947 Nihil
2754 893 2898 948 enim
2937 894 3067 948 dicit
3104 894 3246 964 quod
3290 911 3397 948 non
3425 895 3494 950 sit
3526 897 3640 959 Dei,

2065 979 2198 1034 nihil
2235 981 2377 1046 quod
2421 998 2525 1037 non
2567 983 2636 1038 sit
2677 983 2926 1053 Spiritus.
2970 984 3144 1053 Atque
3171 984 3382 1039 interim
3410 983 3543 1039 nihil
3574 985 3642 1040 de

2065 1070 2176 1124 Deo
2188 1070 2362 1125 Verbo
2395 1073 2648 1142 loquitur,
2673 1074 2768 1129 sed
2786 1090 2852 1130 ex
2875 1075 3030 1128 Patre
3047 1083 3101 1129 et
3123 1091 3188 1129 ex
3211 1074 3411 1144 Spiritu
3437 1075 3638 1131 doctri-

2063 1177 2144 1216 na:
2184 1177 2296 1217 suae
2342 1163 2500 1218 ﬁdem
2529 1165 2799 1224 conciliat.
2829 1165 2980 1233 Quod
3010 1165 3147 1220 Deus
3175 1173 3320 1220 esset
3349 1175 3641 1233 noverant,

2062 1251 2204 1320 quod
2233 1252 2463 1321 Spiritus
2499 1263 2643 1310 esset
2680 1254 2954 1319 sciebant,
2982 1254 3083 1310 etsi
3121 1269 3226 1310 non
3258 1265 3643 1325 congruentem

2063 1341 2131 1396 de
2159 1343 2248 1397 illo
2273 1345 2577 1413 opinionem
2603 1345 2862 1400 haberent
2892 1364 2904 1400 :
2932 1346 3072 1415 quod
3100 1355 3278 1401 autem
3310 1345 3477 1400 Filius
3499 1356 3644 1402 esset

2063 1435 2390 1490 nesciebant.
2434 1435 2559 1492 Ideo
2587 1452 2798 1506 semper
2835 1436 2902 1492 ad
2933 1437 3143 1492 Patrem
3189 1447 3244 1492 et
3278 1437 3344 1492 ad
3385 1438 3640 1507 Spiritum

2062 1525 2332 1596 confugit,
2365 1536 2422 1582 ut
2445 1527 2603 1583 dictis
2642 1528 2801 1584 ﬁdem
2833 1529 3102 1584 conciliet.
3135 1527 3266 1582 Nam
3298 1530 3340 1583 si
3381 1530 3502 1598 quis
3543 1528 3642 1581 hac

2062 1617 2266 1672 sublata
2308 1634 2498 1685 causa,
2548 1633 2850 1674 sermonem
2903 1635 2997 1689 per
3025 1634 3084 1674 se
3123 1617 3452 1682 consideret,
3483 1617 3639 1686 longe

2061 1707 2213 1762 abest
2239 1724 2268 1762 a
2297 1707 2556 1778 dignitate
2595 1707 2810 1764 Christi.
2841 1707 2955 1762 Non
2986 1709 3127 1763 enim
3159 1707 3279 1762 ideo
3306 1707 3409 1763 ﬁde
3448 1706 3637 1776 dignus

2062 1799 2191 1869 ipsis
2221 1808 2354 1864 erat,
2375 1799 2516 1869 quod
2543 1799 2770 1869 Spiritus
2798 1799 3162 1868 operationem
3187 1797 3404 1853 haberet
3437 1817 3452 1853 :
3483 1798 3641 1867 quip-

2063 1905 2128 1958 pe
2154 1889 2242 1958 qui
2273 1905 2378 1943 non
2410 1899 2561 1959 egeat
2590 1891 2786 1944 auxilio
2810 1889 2971 1954 illius,
3001 1889 3094 1943 sed
3121 1889 3218 1942 sibi
3249 1889 3362 1958 ipse
3387 1887 3636 1942 sufﬁciat.

2062 1979 2275 2034 Interim
2305 1997 2430 2035 vero
2458 1981 2752 2036 secundum
2782 1980 3164 2050 simpliciorum
3207 1980 3512 2048 opinionem
3554 1980 3641 2033 Ioc

2061 2072 2260 2140 quitur,
2291 2081 2347 2126 ut
2367 2073 2433 2126 ab
2461 2072 2834 2126 humilioribus
2864 2071 3114 2141 paulatim
3145 2071 3262 2124 illos
3293 2071 3480 2140 erigat.
3513 2069 3640 2124 Hatc

2061 2172 2238 2217 autem
2265 2163 2387 2217 dico
2408 2203 2421 2227 ,
2449 2173 2506 2217 ut
2537 2178 2606 2217 ne
2641 2163 2815 2217 obiter
2845 2161 3134 2232 Scriptura:
3156 2162 3295 2216 dicta
3325 2169 3641 2230 praetercur-

2060 2270 2257 2321 ramus,
2288 2255 2379 2310 sed
2413 2264 2466 2310 et
2492 2255 2720 2310 dicentis
2749 2269 2969 2324 scopum
2997 2263 3052 2309 et
3077 2255 3378 2309 auditorum
3406 2252 3634 2308 imbecil-

2061 2347 2262 2404 litatem
2310 2350 2518 2420 aliaque
2571 2351 2734 2406 multa
2797 2350 3123 2421 exploranda
3173 2363 3293 2404 esse
3343 2348 3635 2402 discamus.

2062 2439 2320 2494 Doctores
2359 2442 2500 2494 enim
2545 2458 2648 2495 non
2679 2442 2855 2495 omnia
2897 2450 2956 2495 ut
2979 2441 3181 2494 vellent
3207 2439 3307 2507 ipsi
3338 2437 3632 2508 proferunt,

2059 2530 2153 2584 sed
2187 2531 2439 2600 pleraque
2476 2532 2543 2585 ad
2583 2532 2886 2584 auditorum
2924 2541 3135 2597 captum
3169 2528 3637 2594 inﬁrmitatemque

2061 2629 2378 2688 temperant.
2426 2620 2549 2674 Ideo
2592 2621 2787 2674 Paulus
2836 2621 2910 2673 ait
2949 2637 2963 2672 :
2998 2618 3116 2672 Non
3164 2618 3303 2688 potui
3331 2616 3465 2671 vobis
3501 2617 3636 2686 loqui

2057 2712 2202 2779 quasi
2229 2712 2596 2781 spiritualibus,
2622 2713 2709 2767 scd
2735 2713 2880 2784 quasi
2915 2713 3220 2765 carnalibus.
3249 2709 3352 2764 Lac
3379 2711 3512 2764 vobis
3544 2726 3636 2778 po-

2057 2813 2162 2856 tant
2189 2804 2325 2870 dedi,
2351 2821 2450 2858 non
2477 2804 2638 2857 cibum
2667 2805 2713 2876 (Ι
2730 2844 2742 2856 .
2763 2803 2879 2858 Cor.
2905 2805 2958 2859 5.
2980 2805 3025 2858 1.
3047 2802 3126 2872 2).
3151 2803 3424 2868 Volebam,
3444 2802 3634 2872 inquit,

2057 2895 2207 2950 vobis
2237 2905 2292 2950 ut
2317 2895 2679 2964 Spiritualibus
2720 2896 2882 2966 loqui,
2927 2909 3024 2950 nec
3063 2895 3228 2963 potui.
3269 2893 3443 2962 Quare
3471 2895 3494 2944 ’ἰ
3519 2891 3634 2946 Non

2055 2987 2195 3058 quod
2235 2987 2324 3042 ille
2355 3003 2459 3041 non
2490 2995 2704 3056 posset,
2734 2987 2827 3040 sed
2868 2985 2988 3055 quia
3033 2985 3106 3039 illi
3136 2999 3240 3039 non
3275 2992 3520 3054 poterant
3555 2983 3635 3036 sic

2055 3077 2260 3132 audire.
2288 3077 2379 3132 Sic
2395 3088 2450 3131 et
2472 3075 2704 3132 Joannes
2729 3075 2942 3130 volebat
2967 3088 3154 3144 magna
3173 3073 3413 3144 quaedam
3437 3072 3634 3126 docere

2054 3169 2368 3239 discipulos,
2398 3169 2490 3225 sed
2537 3169 2587 3224 id
2618 3169 2692 3223 illi
2722 3167 2956 3223 nondum
2984 3180 3175 3235 capere
3207 3172 3472 3236 poterant.
3506 3162 3632 3217 Ideo

2055 3259 2106 3313 itt
2130 3258 2498 3314 humilioribus
2527 3260 2756 3315 maxime
2786 3267 3048 3314 versatur.

2123 3351 2176 3404 5.
2220 3350 2508 3420 Diligenter
2538 3350 2693 3421 igitur
2729 3351 2908 3403 omnia
2951 3355 3074 3402 sunt
3121 3344 3466 3417 exploranda.
3501 3345 3630 3400 Nam

2053 3442 2339 3511 Scripturaz
2375 3441 2515 3496 dicta
2562 3441 2855 3512 spiritualia
2896 3456 3044 3495 arma
3088 3449 3231 3494 sunt.
3270 3439 3465 3494 Verum
3493 3439 3538 3491 si
3567 3453 3630 3491 ea

2051 3533 2302 3602 adaptare
2327 3543 2378 3588 et
2405 3533 2693 3602 discipulos
2724 3533 2887 3602 probe
2913 3547 3121 3586 armare
3149 3530 3469 3594 nesciamus,
3517 3529 3632 3598 ipsa

2051 3624 2263 3694 quidem
2292 3639 2443 3679 suam
2473 3625 2577 3677 vim
2607 3622 2840 3688 habent,
2871 3621 2966 3676 sed
3007 3621 3226 3675 armatis
3254 3619 3462 3674 inutilia
3483 3631 3628 3673 sunt.

2053 3718 2427 3788 Supponamus
2452 3731 2571 3771 esse
2589 3715 2799 3770 ﬁrmum
2820 3716 3112 3781 thoracem,
3136 3713 3358 3784 galeam,
3383 3715 3628 3783 clypeum

2051 3819 2104 3865 et
2129 3813 2331 3864 hastam
2351 3829 2363 3865 :
2385 3808 2578 3864 deinde
2603 3824 2746 3863 arma
2777 3809 2863 3862 illa
2884 3809 3004 3878 quis
3023 3807 3265 3877 accipiat,
3290 3813 3343 3859 et
3360 3804 3630 3860 thoracem

2053 3902 2302 3971 pedibus;
2331 3903 2532 3973 galeam
2559 3917 2664 3956 non
2694 3901 2873 3972 capiti,
2908 3900 3000 3956 sed
3028 3901 3225 3964 oculis;
3253 3901 3499 3970 clypeum
3524 3912 3628 3950 non

2054 3993 2274 4062 pectori,
2300 3993 2392 4047 sed
2423 3994 2642 4062 pedibus
2669 3991 2886 4060 adaptet
2913 4008 2926 4043 :
2950 4006 3014 4043 an
3036 3989 3229 4058 poterit
3255 3989 3336 4040 his
3361 3989 3526 4040 armis
3545 3987 3632 4054 ju-

2052 4084 2200 4138 vari?
2229 4098 2404 4136 annon
2429 4084 2603 4152 potius
2635 4083 2696 4135 iis
2727 4082 2985 4135 laedetur?
3019 4078 3148 4132 Illud
3196 4086 3342 4131 certe
3373 4076 3630 4146 liquidum

2051 4183 2151 4228 est.
2184 4173 2295 4227 Hoc
2318 4187 2444 4226 vero
2489 4187 2592 4225 non
2622 4187 2685 4224 ex
2715 4184 2982 4223 armorum
3016 4167 3376 4221 imbecillitate
3398 4207 3413 4231 ,
3445 4164 3536 4220 sed
3566 4181 3632 4218 ex

2054 4263 2314 4333 imperitia
2339 4262 2534 4316 utentis
2555 4261 2816 4330 provenit.
2848 4260 2918 4313 Ita
2949 4270 3002 4314 et
3029 4259 3081 4312 itt
3105 4257 3415 4328 Scripturis,
3444 4257 3489 4312 si
3511 4257 3629 4312 illa-

2052 4369 2168 4406 rum
2214 4351 2456 4405 ordinent
2494 4348 2881 4405 confundantus
2909 4390 2922 4414 ,
2968 4348 3070 4401 illa:
3100 4361 3315 4415 semper
3339 4361 3433 4400 sua
3473 4354 3631 4400 erunt

2053 4445 2101 4498 vi
2135 4445 2406 4498 instructa:
2437 4459 2449 4494 :
2481 4457 2578 4496 nos
2606 4457 2736 4496 vero
2759 4440 2889 4494 nihil
2913 4439 3194 4510 juvabunt.
3222 4437 3346 4493 llzec
3366 4437 3519 4492 vobis
3539 4453 3630 4508 puo

2055 4537 2189 4592 blice
2213 4545 2266 4592 et
2289 4537 2528 4606 privatim
2558 4542 2826 4604 repetens,
2853 4532 2982 4587 nihil
3014 4531 3232 4600 proﬁcio
3261 4547 3274 4583 :
3306 4547 3427 4586 nam
3459 4546 3630 4586 saecu.

2054 4629 2252 4682 laribus
2281 4643 2374 4682 vos
2411 4642 2628 4695 semper
2666 4625 2826 4680 rebus
2864 4623 3104 4678 addictos
3140 4623 3411 4693 conspicio
3439 4665 3453 4689 ,
3499 4622 3628 4677 dum

2059 4717 2344 4787 spiritualia
2385 4717 2516 4770 nihil
2549 4715 2798 4786 penditis.
2831 4714 2953 4769 Ideo
2977 4723 3026 4768 et
3064 4714 3224 4772 vitam
3273 4713 3587 4784 negligimus
3613 4753 3628 4775 ,

2053 4822 2102 4867 ct
2132 4828 2250 4867 cum
2275 4826 2370 4880 pro
2391 4811 2614 4864 veritate
2637 4819 2922 4873 certamus,
2956 4821 3060 4861 non
3094 4822 3281 4874 magna
3304 4807 3351 4859 vi
3384 4807 3628 4860 instructi

2052 4916 2255 4967 sumus,
2279 4900 2370 4956 sed
2399 4899 2602 4954 ridiculi
2629 4899 2920 4963 evadimus,
2947 4907 3054 4952 tum
3082 4898 3218 4966 apud
3242 4897 3488 4966 gentiles,
3519 4905 3629 4948 tum

2053 4992 2190 5062 apud
2215 4992 2424 5046 Judatos
2450 4999 2504 5046 et
2531 4990 2668 5059 apud
2703 4991 3000 5043 haereticos.
3027 4988 3176 5055 Quod
3203 4989 3245 5039 si
3275 4988 3323 5039 in
3351 4986 3471 5040 aliis
3491 5002 3628 5054 quo-

2053 5099 2154 5154 que
2180 5082 2338 5136 rebus
2366 5081 2475 5150 pari
2519 5079 2837 5149 negligentia
2861 5078 3141 5132 uteremini
3168 5117 3182 5140 ,
3213 5090 3278 5128 ne
3303 5075 3378 5128 sic
3414 5073 3628 5143 quidem

2055 5173 2202 5228 vobis
2231 5179 2374 5225 esset
2414 5169 2813 5240 ignoscendum.
2845 5167 3040 5221 Verum
3073 5166 3125 5218 in
3151 5162 3496 5217 saecularibus
3538 5179 3629 5217 ne-

2055 5267 2210 5336 gotiis
2239 5265 2460 5334 quisque
2486 5271 2721 5316 vestrum
2751 5270 2830 5314 est
2851 5259 3027 5328 gladio
3048 5256 3271 5322 acutior,
3301 5265 3406 5310 tam
3429 5256 3516 5326 qui
3540 5272 3630 5312 ar-

2059 5370 2136 5412 tes
2164 5364 2436 5420 exercent,
2461 5369 2617 5426 quam
2648 5352 2736 5422 qui
2766 5367 2849 5404 res
2877 5351 3058 5404 civiles
3081 5358 3326 5402 tractant.
3354 5346 3409 5403 In
3443 5364 3632 5404 neces-

2057 5448 2211 5503 sariis
2237 5461 2362 5500 vero
2409 5455 2463 5498 et
2502 5441 2866 5514 spiritualibus
2891 5481 2905 5506 ,
2941 5439 3110 5510 ignavi
3153 5454 3370 5510 prorsus
3405 5455 3587 5494 sumus
3613 5481 3627 5503 ,

2058 5537 2188 5592 levia
2233 5535 2392 5589 rebus
2430 5531 2584 5586 seriis
2623 5528 2983 5601 prtcl‘errntcs.
3033 5529 3163 5598 Quae
3203 5541 3378 5586 autem
3423 5532 3630 5585 czeteris

2057 5625 2301 5681 omnibus
2343 5619 2686 5676 antelerenda
2726 5627 2915 5688 erant,
2963 5619 3076 5676 haec
3127 5637 3195 5677 ne
3239 5622 3374 5676 levia
3417 5621 3628 5690 quidem

3195 5733 3256 5788 11
