4068 6136
384 251 409 302 1
423 242 496 301 ἷῖἶ

378 383 609 429 censere
628 370 926 440 dignamur.
948 367 1029 422 An
1051 362 1264 422 nescitis
1285 362 1398 415 haec
1415 373 1518 414 non
1547 357 1734 429 priscis
1755 364 1956 410 tantum

392 464 693 520 hominibus
720 462 912 528 scripta
935 471 1074 524 esse,
1102 454 1198 511 sed
1215 453 1373 510 etiam
1396 451 1550 506 nobis
1581 450 1640 504 ⁸2
1665 449 1778 506 Non
1807 447 1958 502 audis

391 555 610 609 l'anlum
631 553 892 606 dicentem
923 565 938 602 :
973 548 1101 604 Haec
1125 547 1192 600 ad
1218 555 1440 600 nostram
1459 542 1742 597 doctrinam
1769 541 1957 608 scripta

388 655 524 712 sunt,
553 643 618 696 ad
641 659 765 713 quos
809 641 933 711 fines
958 640 1255 694 surculorum
1277 636 1576 690 devenerunt
1609 631 1684 705 (1.
1713 629 1830 686 Cor.
1862 629 1951 684 10.

388 736 478 808 ll)
514 751 530 790 :
563 743 620 788 ut
668 748 757 804 per
800 731 1090 802 patientiam
1136 737 1182 783 et
1223 725 1611 782 consolationem
1656 720 1955 791 Scriptura-

383 840 498 877 rum
523 840 661 894 spem
689 822 957 876 habeamus
991 820 1164 890 (Rom.
1193 819 1280 873 15.
1307 817 1363 888 6)
1401 833 1415 871 :
1444 814 1568 870 Scio
1592 811 1836 883 equidem
1867 825 1956 866 me

384 913 577 968 frustra
619 912 796 982 loqui,
841 910 934 966 sed
985 910 1144 965 ﬁnem
1190 906 1400 963 dicendi
1443 919 1547 961 non
1589 903 1800 958 faciam.
1832 901 1958 956 Hmc

385 1003 528 1057 enim
569 1001 810 1056 faciendo
838 999 977 1070 apud
1014 999 1180 1054 Deum
1218 1003 1501 1054 excusatus
1543 1007 1674 1060 ero,
1703 992 1862 1048 etiam
1911 989 1956 1044 si

388 1095 562 1147 utullus
587 1092 786 1147 audiat.
818 1091 976 1146 Certe
1002 1089 1092 1160 qui
1111 1088 1326 1144 attentis
1351 1085 1602 1156 loquitur,
1635 1079 1958 1138 consolatio-

386 1201 506 1242 nem
536 1201 602 1241 ex
629 1185 930 1240 auditorum
974 1179 1317 1251 obsequentia
1356 1177 1550 1247 accipit
1586 1191 1600 1229 :
1641 1173 1732 1245 qui
1779 1179 1956 1225 autem

385 1289 530 1346 smpe
571 1275 892 1329 concionans
919 1287 1024 1328 non
1055 1271 1284 1335 auditur,
1317 1281 1416 1322 nec
1443 1275 1620 1322 tamen
1651 1259 1956 1318 concionari

453 1432 468 1462 ¹
504 1428 701 1487 Quidam
718 1427 916 1487 habent,
943 1424 1088 1486 vobis,
1113 1436 1217 1486 pro,
1238 1420 1388 1474 nobis.

1135 254 1193 308 S.
1232 247 1504 306 JOANNIS
1539 240 2004 304 CHRYSOSTOMI
2046 240 2360 298 ARCIIIEP.
2398 243 2926 306 CONSTANTINOP.
3541 259 3635 314 176

2063 363 2260 422 cessat,
2316 353 2506 425 majori
2548 359 2768 426 praemio
2803 359 2995 430 dignus
3023 360 3123 416 erit
3146 403 3161 428 ,
3201 363 3322 432 quia
3349 367 3638 421 secundum

2067 445 2164 500 Del
2210 445 2500 515 placitum,
2532 447 2864 504 auscultante
2906 449 3158 516 nemine,
3189 452 3423 508 ofﬁcium
3461 456 3642 525 implet

2061 549 2236 589 suum.
2269 535 2514 590 Attamen
2545 534 2670 590 licet
2695 537 2851 592 nobis
2892 538 3063 608 major
3093 555 3297 597 merces
3343 543 3412 598 ob
3453 559 3636 601 socor-

2061 625 2200 679 diam
2225 634 2456 679 vestram
2480 635 2717 694 paretur,
2744 627 3010 684 malumus
3040 628 3179 686 hanc
3203 631 3392 698 minui,
3420 643 3475 690 et
3499 635 3640 690 salu-

2064 715 2131 769 tis
2183 725 2373 770 vestra:
2422 730 2573 786 spem
2623 733 2742 773 esse
2791 719 3044 788 majorem
3092 737 3106 776 :
3154 722 3451 791 profectum
3496 728 3640 782 enim

2059 817 2294 864 vestrum
2335 808 2594 865 mercedis
2629 811 2746 865 loco
2785 810 3060 867 habemus.
3095 813 3162 868 Et
3191 813 3306 869 haec
3337 832 3476 872 nunc
3501 817 3639 873 dici-

2061 916 2178 956 mus
2201 941 2217 968 ,
2247 916 2352 956 non
2391 911 2449 955 ut
2496 902 2707 957 molesti
2735 911 2790 957 et
2817 905 3026 958 onerosi
3056 906 3210 961 vobis
3237 907 3428 977 simus,
3464 910 3557 966 sed
3583 921 3642 966 ut

2061 990 2298 1046 dolorem
2326 999 2564 1045 nostrum
2586 989 2652 1046 de
2677 991 2900 1061 segnitie
2927 1001 3101 1047 vestra
3127 1005 3443 1065 conceptum
3476 998 3635 1054 exhi-

2061 1078 2281 1134 beamns
2307 1097 2321 1134 :
2349 1094 2452 1149 qua
2481 1079 2681 1133 utinam
2702 1095 2801 1134 nos
2821 1095 3007 1136 omnes
3030 1081 3262 1150 liberati,
3285 1085 3638 1155 Spiritualium

2061 1184 2239 1225 rerum
2268 1169 2442 1224 studio
2468 1169 2786 1238 htnreamus,
2820 1179 2875 1226 et
2907 1173 3139 1228 caelestia
3165 1175 3304 1230 bona
3335 1191 3635 1248 consequa-

2061 1275 2200 1326 mur,
2230 1260 2394 1330 gratia
2419 1269 2472 1316 et
2495 1260 2821 1331 benignitate
2848 1262 3056 1318 Domini
3075 1265 3242 1320 nostri
3269 1265 3398 1324 Jesu
3413 1267 3634 1338 Christi,

2061 1351 2272 1422 quicum
2300 1351 2441 1407 Patri
2467 1353 2633 1422 gloria
2658 1369 2868 1425 unaque
2887 1353 3108 1425 Spiritui
3124 1367 3333 1427 sancto,
3364 1361 3416 1416 in
3439 1365 3633 1419 saecula

2063 1441 2399 1497 saeculorum.
2430 1443 2625 1501 Amen.

457 1572 3610 1601 W

1659 1651 2006 1716 HOMILIA
2045 1649 2288 1710 XXXI.

388 1784 479 1840 55.
523 1781 681 1836 Pater
715 1781 879 1852 diligit
906 1779 1119 1844 Filium,
1146 1787 1195 1833 et
1218 1778 1387 1833 omnia
1407 1775 1543 1831 dedit
1571 1775 1624 1829 in
1647 1789 1800 1828 manu
1827 1771 1955 1842 ejus.

454 1872 544 1927 36.
589 1870 688 1938 Qui
716 1870 871 1924 credit
896 1870 948 1922 in
969 1867 1185 1934 Filium,
1207 1867 1353 1921 habet
1380 1866 1534 1920 vitam
1562 1872 1839 1918 (sternam:
1868 1858 1958 1930 qui

453 1971 620 2016 autem
649 1958 937 2014 incredulus
962 1964 1033 2013 est
1059 1955 1220 2024 Filio,
1247 1971 1348 2010 non
1367 1952 1547 2011 ridebit
1573 1955 1746 2020 vitam,
1766 1949 1854 2005 sed
1877 1949 1956 2002 ira

453 2050 552 2106 Dei
577 2059 742 2104 manet
761 2065 913 2119 super
941 2063 1074 2102 eum.

452 2145 505 2198 1.
545 2142 791 2212 Magnum
816 2139 1272 2210 attemperationis
1300 2144 1354 2195 et
1381 2135 1722 2207 indulgentias
1747 2133 1953 2188 lucrum

383 2236 436 2289 is
467 2234 714 2289 omnibus
740 2233 900 2289 rebus
925 2233 1250 2303 experimur.
1283 2229 1372 2286 Sic
1414 2237 1560 2284 artes
1605 2225 1950 2298 perfecimus,

383 2338 489 2378 non
529 2334 747 2392 repente
776 2325 951 2378 omnia
979 2337 1008 2376 a
1033 2321 1298 2392 magistris
1330 2319 1630 2382 discentes;
1672 2315 1750 2370 sic
1791 2311 1953 2368 urbes

381 2414 796 2479 construximus,
826 2413 1023 2467 sensim
1068 2420 1124 2466 et
1170 2409 1420 2481 paulatim
1471 2406 1826 2468 aediﬁcantes;
1874 2403 1953 2456 sic

379 2504 540 2558 vitam
561 2513 939 2560 sustentamus.
953 2503 1064 2559 Nec
1087 2503 1297 2558 mireris
1320 2501 1364 2555 si
1387 2501 1473 2554 hic
1499 2498 1686 2554 modus
1713 2497 1765 2552 in
1796 2495 1952 2564 hujus

379 2595 501 2647 vita:
528 2593 686 2647 rebus
721 2601 920 2646 tantam
956 2593 1061 2646 vim
1101 2590 1313 2654 habeat,
1343 2589 1552 2661 quando
1579 2589 1630 2642 in
1658 2584 1948 2656 spirituali-

381 2682 480 2737 bus
507 2696 720 2752 quoque
764 2681 866 2736 hoc
902 2681 1135 2752 prudens
1179 2687 1654 2750 temperamentum
1689 2677 1758 2731 ita
1789 2674 1947 2728 valet.

378 2771 467 2828 Sic
513 2771 580 2826 ah
625 2771 924 2826 idololatria
973 2779 1190 2840 potuere
1232 2768 1401 2825 Judaei
1431 2766 1598 2837 eripi,
1629 2765 1828 2821 sensim
1860 2777 1950 2819 re-

379 2862 522 2916 ducti
547 2878 562 2927 ;
589 2861 678 2931 qui
705 2875 734 2914 a
761 2861 1018 2931 principio
1044 2860 1173 2916 nihil
1203 2861 1428 2915 sublime
1445 2858 1748 2924 audierunt,
1776 2869 1949 2924 neque

377 2963 634 3022 quantum
663 2951 728 3006 ad
759 2952 1026 3023 dogmata,
1059 2966 1232 3021 neque
1257 2958 1512 3020 quantum
1543 2948 1610 3003 ad
1652 2947 1773 3002 vitae
1800 2945 1950 3000 insti-

377 3050 569 3099 tutum.
620 3041 709 3096 Sic
761 3042 920 3097 etiam
971 3050 1093 3111 post
1134 3039 1327 3095 Christi
1376 3038 1690 3103 adventum,
1741 3035 1950 3106 quando

381 3131 748 3186 sublimiorum
792 3130 1098 3200 dogmatum
1142 3138 1352 3198 tempus
1390 3137 1525 3190 erat,
1555 3140 1742 3181 omnes
1780 3125 1950 3181 addu-

383 3220 571 3275 cebant
599 3219 846 3289 apostoli,
878 3219 1006 3272 nihil
1034 3218 1263 3274 sublime
1290 3233 1318 3271 a
1364 3217 1622 3287 principio
1647 3217 1944 3286 loquentes.

381 3310 469 3366 Stc
494 3319 548 3364 et
570 3309 812 3365 Christus
840 3309 1021 3364 multis
1055 3324 1086 3362 a
1112 3307 1371 3380 principio
1397 3308 1557 3362 verba
1586 3307 1828 3364 faciebat.
1859 3306 1949 3363 Sic

377 3397 609 3454 Joannes
637 3414 776 3454 nunc
804 3397 930 3454 fecit
952 3398 1018 3454 de
1045 3399 1134 3453 illo
1159 3398 1308 3469 quasi
1338 3397 1406 3453 de
1431 3397 1657 3452 mirabili
1699 3398 1946 3468 quopiam

380 3489 594 3545 homine
631 3490 876 3560 loquens,
895 3488 1243 3558 sublimiaque
1288 3488 1564 3543 obscurius
1596 3487 1942 3543 interserens.

380 3578 532 3633 Initio
561 3595 786 3650 namque
807 3579 1018 3634 dicebat
1045 3597 1056 3632 :
1089 3577 1210 3632 Non
1239 3587 1398 3649 potest
1430 3578 1579 3632 homo
1607 3595 1638 3632 a
1664 3580 1829 3648 seipso
1857 3595 1946 3632 ac-

373 3668 540 3735 cipere
575 3669 863 3737 quidquam.
899 3668 1098 3723 Deinde
1141 3677 1416 3738 postquam
1449 3667 1645 3737 aliquid
1694 3683 1944 3739 magnum

377 3757 590 3826 adjecit,
623 3758 722 3824 Qui
747 3757 810 3812 de
829 3757 953 3812 caelo
977 3760 1127 3823 venit,
1151 3775 1308 3827 supra
1339 3775 1509 3812 omnes
1533 3767 1643 3823 est;
1667 3773 1851 3815 rursus
1879 3759 1945 3814 ad

379 3846 597 3900 humilia
644 3846 938 3913 descendit,
972 3857 1167 3916 praeter
1211 3847 1313 3900 alia
1341 3847 1505 3901 multa
1549 3847 1775 3902 dicens:
1825 3847 1945 3902 Non

375 3937 508 3990 enim
538 3952 600 3990 eo;
629 3953 860 3990 mensura
885 3938 971 3990 dat
1015 3935 1153 3991 Deus
1181 3936 1469 4007 Spiritum;
1513 3947 1696 4007 postea
1739 3953 1942 4004 rursus,

381 4027 536 4083 Pater
567 4028 734 4100 diligit
784 4026 1000 4096 Filium,
1029 4037 1074 4082 et
1122 4029 1292 4082 omnia
1337 4027 1474 4082 dedit
1514 4029 1566 4082 in
1620 4045 1773 4083 manu
1812 4029 1941 4100 ejus.

375 4121 500 4176 Inde
525 4136 643 4176 cum
676 4119 1024 4192 intelligeret,
1058 4127 1256 4174 metum
1283 4119 1526 4189 supplicii
1555 4132 1797 4189 magnam
1838 4118 1944 4172 nti-

375 4211 575 4265 litatem
607 4224 815 4279 parere,
849 4209 1150 4280 multosque
1195 4225 1299 4265 non
1343 4217 1450 4264 tam
1484 4209 1759 4276 promissis
1785 4222 1942 4279 quam

370 4300 1123 4366 comminationibusmoveri,
1159 4300 1246 4355 hic
1275 4302 1486 4356 tandem
1512 4299 1711 4356 claudit
1737 4314 1945 4356 sermo-

371 4405 492 4445 nem
519 4400 573 4445 ct
601 4391 706 4445 ait:
735 4390 834 4458 Qui
859 4391 1016 4445 credit
1041 4392 1092 4445 in
1120 4390 1311 4444 Filium
1333 4391 1479 4444 habet
1500 4391 1650 4444 vitam
1669 4399 1941 4445 (sternam:

368 4480 454 4546 qui
504 4494 620 4532 vero
658 4496 758 4533 non
801 4481 960 4533 credit
1001 4477 1160 4546 Filio,
1201 4495 1301 4533 non
1341 4479 1522 4532 videbit
1551 4480 1722 4547 vitam,
1751 4481 1840 4534 sed
1865 4481 1942 4534 ira

372 4568 464 4623 Dei
490 4580 656 4622 ntanet
679 4586 829 4640 super
868 4586 1000 4623 eum.
1029 4569 1260 4624 Rursum
1311 4569 1398 4624 hic
1448 4568 1515 4624 ad
1558 4569 1768 4624 Patrem
1810 4585 1937 4640 sup-

369 4661 510 4730 plicii
560 4674 860 4715 sermonem
908 4659 1090 4715 refert.
1140 4659 1255 4715 Non
1296 4661 1437 4714 enim
1485 4659 1636 4726 dixit,
1669 4659 1749 4714 Ira
1797 4660 1937 4728 Filii,

368 4750 577 4805 etiamsi
635 4749 724 4805 ille
776 4750 845 4804 sit
867 4749 1067 4820 judex;
1113 4751 1208 4805 sed
1259 4750 1468 4805 Patrem
1519 4751 1851 4816 memoravit,
1883 4759 1941 4806 ut

366 4841 536 4911 magis
577 4850 822 4896 terreret.
849 4839 985 4896 Num
1012 4855 1142 4912 ergo
1167 4841 1379 4909 sufﬁcit,
1413 4841 1639 4913 inquies,
1667 4843 1719 4897 in
1745 4841 1939 4898 Filium

367 4932 610 5001 credere,
633 4942 692 4987 ut
717 4931 823 4986 vita
848 4941 1048 4986 teterna
1079 4932 1374 4986 habeatur?
1411 4933 1776 5004 Nequaquam.
1801 4933 1937 4989 Audi

365 5023 637 5079 Christum
686 5022 789 5078 hoc
836 5023 1009 5094 ipsum
1059 5021 1418 5077 declarantem
1465 5023 1546 5080 his
1576 5024 1773 5091 verbis,
1817 5022 1938 5078 Non

366 5115 528 5168 omnis
553 5115 639 5184 qui
664 5113 784 5168 dicit
824 5113 968 5180 mihi,
1002 5110 1240 5180 Domine,
1273 5110 1506 5178 Domine,
1533 5113 1738 5168 intrabit
1775 5115 1828 5168 in
1853 5131 1936 5168 re-

365 5219 517 5273 gnum
543 5206 776 5259 ca'lorum
803 5202 1015 5279 (Matth.
1049 5203 1100 5256 7.
1128 5200 1258 5276 ‘21);
1291 5212 1344 5257 et
1369 5201 1700 5271 blasphemia
1730 5203 1783 5257 in
1813 5203 1934 5273 Spio

367 5295 526 5348 ritum
554 5294 748 5350 sufﬁcit
771 5306 826 5350 ut
851 5295 904 5350 in
929 5293 1226 5364 gehennam
1249 5295 1367 5364 quis
1392 5291 1723 5348 detrudatur.

441 5381 595 5437 Fides
637 5385 742 5438 sine
790 5386 891 5438 vita
920 5385 1050 5440 bona
1091 5385 1221 5438 nihil
1248 5383 1474 5456 prodest.
1507 5380 1672 5452 Illud,
1718 5384 1794 5438 ira
1821 5399 1935 5438 ma.

366 5481 456 5526 net
480 5485 642 5541 super
669 5488 811 5539 cum,
843 5490 1038 5543 poenam
1077 5483 1318 5529 cateruam
1343 5474 1590 5548 designat.
1611 5503 1680 5514 -—
1711 5474 1776 5528 Et
1811 5475 1935 5545 qttid

363 5560 484 5616 ilico
510 5562 576 5615 de
610 5571 754 5630 parte
780 5563 1078 5631 dogmatis?
1121 5563 1254 5619 Nam
1283 5573 1337 5620 et
1360 5565 1404 5620 si
1439 5565 1557 5634 quis
1587 5573 1730 5619 recte
1756 5565 1937 5619 credat

363 5653 415 5705 in
443 5650 651 5707 Patrem
681 5662 733 5706 et
762 5651 955 5706 Filium
976 5663 1030 5707 et
1046 5652 1300 5722 Spiritum
1323 5656 1644 5722 sanctum,si
1666 5662 1810 5711 recte
1830 5670 1935 5710 non

2060 1768 2226 1833 vivat,
2243 1765 2372 1821 nihil
2397 1767 2494 1837 ipsi
2519 1767 2653 1823 lides
2674 1769 2912 1838 proderit
2927 1769 2991 1826 ad
3014 1771 3255 1827 salutem.
3270 1773 3408 1843 Ergo
3423 1777 3626 1845 quando

2060 1857 2211 1924 dicit,
2243 1856 2370 1912 Hac
2398 1867 2469 1911 est
2495 1859 2626 1911 enim
2670 1860 2769 1913 vita
2795 1870 3005 1931 (eterna,
3035 1872 3090 1914 ut
3117 1876 3418 1933 cognoscant
3462 1875 3509 1920 te
3548 1885 3628 1921 so—

2061 1947 2170 2001 lum
2208 1961 2379 2000 verum
2404 1943 2569 2000 Deum
2601 1947 2776 2014 (Joan.
2816 1951 2902 2004 17.
2932 1951 3013 2018 5),
3038 1966 3105 2006 ne
3132 1961 3376 2022 putemus
3407 1955 3455 2010 id
3480 1955 3630 2012 nobis

2059 2036 2125 2092 ad
2156 2037 2380 2092 salutem
2410 2038 2538 2092 satis
2558 2054 2696 2094 esse.
2721 2039 2866 2112 Opus
2892 2057 3117 2112 namque
3145 2044 3297 2098 nobis
3321 2054 3401 2100 est
3429 2055 3484 2103 et
3513 2049 3631 2104 vita:

2057 2137 2112 2184 et
2142 2143 2348 2183 morum
2380 2129 2622 2184 instituto
2662 2131 2888 2200 probo‘.
2934 2132 3002 2187 Et
3043 2133 3088 2188 si
3137 2132 3223 2187 bic
3267 2135 3481 2204 dixerit,
3531 2139 3632 2206 Qui

2057 2217 2214 2271 credit
2252 2219 2304 2271 in
2342 2217 2557 2284 Filium,
2599 2220 2746 2274 habet
2792 2222 2944 2275 vitam
2986 2232 3266 2288 teter-nam;
3310 2241 3492 2282 verum
3542 2244 3630 2284 se-

2056 2309 2270 2376 quentia
2295 2307 2661 2364 vehementius
2710 2311 2948 2380 protulit.
2993 2311 3176 2382 Neque
3206 2315 3351 2369 enim
3389 2331 3455 2371 ex
3479 2317 3632 2374 bonis

2059 2406 2283 2464 tantum,
2317 2398 2409 2454 sed
2436 2400 2593 2454 etiam
2623 2416 2688 2455 ex
2716 2402 2998 2457 contrariis
3028 2418 3332 2460 sermonem
3360 2409 3628 2474 contexit;

2056 2496 2109 2543 et
2134 2489 2254 2544 vide
2292 2503 2398 2560 quo
2427 2500 2601 2558 pacto.
2645 2490 2810 2546 Infert
2835 2495 2999 2559 enim,
3033 2493 3133 2560 Qui
3161 2511 3261 2549 non
3289 2497 3444 2550 credit
3471 2497 3628 2565 Filio,

2055 2593 2155 2631 non
2181 2577 2362 2631 videbit
2399 2579 2572 2645 vitam,
2597 2580 2687 2633 sed
2715 2583 2791 2634 ira
2831 2580 2926 2635 Dei
2957 2593 3123 2636 manet
3153 2600 3303 2651 super
3322 2601 3452 2640 eum.
3485 2588 3632 2642 Atta-

2054 2681 2175 2722 men
2199 2682 2302 2721 uon
2331 2667 2456 2723 hinc
2477 2667 2778 2737 inferimus,
2801 2672 2966 2725 solam
2990 2672 3149 2727 ﬁdem
3174 2673 3241 2728 ad
3266 2676 3491 2733 salutem
3514 2692 3633 2735 esse

2055 2758 2218 2825 satis;
2250 2758 2390 2828 quod
2422 2759 2678 2829 probatur
2703 2776 2769 2816 ex
2795 2761 2950 2817 dictis
2977 2765 3300 2834 evangelicis
3343 2766 3632 2838 frequenti-

2055 2846 2176 2915 bus,
2201 2847 2395 2903 bonam
2414 2850 2578 2906 vitam
2613 2852 2996 2923 spectantibus.
3024 2854 3147 2910 Ideo
3172 2871 3277 2911 non
3307 2857 3459 2925 dixit,
3509 2859 3631 2914 Haec

2052 2937 2164 2993 sola
2189 2946 2272 2993 est
2296 2939 2403 2994 vita
2442 2949 2663 3007 aeterna,
2692 2957 2883 3011 neque,
2915 2941 2964 2998 Is
2987 2943 3076 3015 qui
3104 2946 3437 3002 solummodo
3461 2948 3630 3003 credit

2054 3026 2107 3082 in
2138 3027 2354 3094 Filium,
2390 3029 2549 3084 habet
2576 3031 2737 3086 vitam
2777 3041 3066 3100 aeternam;
3097 3036 3189 3090 sed
3221 3036 3270 3090 in
3303 3045 3527 3107 utroque
3551 3038 3629 3092 vi-

2055 3124 2160 3172 tam
2187 3133 2306 3174 esse
2333 3120 2611 3190 signiﬁcat.
2644 3120 2802 3178 Certe
2828 3124 2873 3179 si
2903 3127 3008 3180 vita
3034 3128 3196 3196 proba
3224 3143 3326 3182 non
3355 3139 3625 3199 sequatur,

2053 3222 2302 3277 magnum
2355 3220 2608 3280 sequetur
2659 3213 2997 3282 supplicium.
3049 3216 3230 3287 Neque
3271 3218 3424 3286 dixit,
3452 3219 3629 3276 Manet

2053 3311 2198 3363 eum,
2228 3297 2342 3364 sed,
2370 3299 2542 3354 Manet
2571 3317 2724 3372 super
2747 3319 2894 3368 eum;
2937 3304 3216 3361 declarans
3242 3323 3526 3379 numquam
3561 3312 3629 3364 ah

2053 3399 2119 3440 eo
2157 3386 2514 3443 discessuram
2565 3391 2696 3445 iram
2741 3407 2882 3448 esse.
2910 3393 2987 3448 Ne
3028 3404 3247 3466 putares
3289 3399 3431 3453 enim
3477 3400 3625 3468 illud,

2055 3475 2178 3532 Non
2219 3479 2399 3533 videbit
2443 3482 2613 3550 vitam,
2643 3493 2870 3541 mortem
2920 3495 3315 3558 temporaneam
3355 3491 3624 3557 indicare:

2053 3566 2147 3622 sed
2177 3567 2424 3624 crederes
2454 3580 2764 3641 perpetuum
2786 3589 2906 3630 esse
2935 3579 3271 3646 supplicium,
3305 3580 3408 3636 hoc
3428 3581 3624 3638 dictum

2053 3657 2252 3726 posuit,
2285 3671 2340 3712 ιιι
2378 3661 2688 3718 ostenderet
2733 3663 2881 3718 illam
2923 3677 3179 3737 perpetuo
3209 3685 3425 3726 manere
3464 3683 3516 3728 et
3547 3674 3627 3728 in-

2053 3747 2245 3803 sidere.
2298 3749 2429 3804 lllud
2473 3761 2654 3807 autem
2686 3753 2824 3820 fecit,
2860 3765 2920 3810 ut
2959 3773 3053 3826 per
3082 3758 3198 3814 haec
3240 3761 3418 3816 omnia
3461 3765 3624 3819 verba

2052 3839 2197 3909 ipsos
2240 3839 2305 3894 ad
2334 3840 2605 3897 Christum
2649 3843 2963 3913 impelleret.
3015 3847 3352 3920 Quapropter
3405 3867 3511 3906 non
3557 3855 3624 3908 ad

2054 3929 2172 3984 illos
2199 3931 2441 4000 privatim
2481 3935 2681 3989 monita
2724 3936 2922 4007 dirigit,
2947 3939 3041 3993 sed
3073 3939 3126 3993 in
3152 3944 3441 4008 communi,
3469 3952 3523 3999 et
3571 3954 3627 4000 nt

2051 4021 2282 4074 maxime
2329 4021 2472 4091 ipsos
2516 4023 2728 4080 allicere
2779 4035 3006 4096 poterat.
3048 4028 3160 4082 Non
3206 4031 3347 4084 enim
3386 4031 3538 4098 dixit,
3569 4034 3622 4088 Si

2051 4108 2302 4175 credatis,
2326 4109 2383 4164 Si
2412 4127 2516 4166 non
2542 4114 2811 4178 credatis;
2848 4116 2940 4171 sed
2969 4117 3020 4170 in
3069 4120 3336 4172 communi
3367 4120 3620 4189 loquitur,

2053 4205 2109 4252 ut
2136 4212 2253 4268 quae
2281 4197 2529 4254 dicuntur
2557 4203 2685 4257 nulli
2716 4204 2821 4258 sint
2849 4205 3133 4276 suSpicioni
3156 4206 3383 4263 obnoxia
3414 4227 3427 4263 :
3467 4210 3625 4279 idque

2052 4288 2173 4345 fecit
2202 4288 2591 4358 vehementius,
2622 4308 2778 4364 quam
2807 4294 3071 4351 Christus.
3103 4296 3233 4351 Nam
3261 4297 3506 4355 Christus
3543 4301 3626 4354 di-

2051 4382 2141 4447 cit,
2169 4381 2268 4447 Qui
2290 4399 2390 4437 non
2411 4383 2590 4450 credit,
2605 4386 2721 4455 jam
2739 4387 3003 4456 judicatus
3023 4399 3133 4455 est;
3163 4389 3249 4444 hic
3273 4401 3474 4457 autem,
3503 4389 3623 4445 Non

2049 4471 2230 4526 videbit
2271 4474 2444 4540 vitam,
2473 4474 2562 4527 sed
2589 4475 2669 4528 ira
2699 4475 2793 4529 Dei
2833 4489 3000 4532 ntanet
3047 4495 3200 4550 super
3243 4496 3394 4545 eum;
3424 4490 3479 4536 et
3503 4481 3625 4551 jure

2049 4562 2282 4632 quidem.
2312 4564 2497 4635 Neque
2526 4567 2666 4622 enim
2698 4567 2837 4622 idem
2858 4579 2942 4624 est
2983 4570 3212 4640 aliquem
3244 4572 3312 4626 de
3338 4574 3516 4642 seipse
3546 4574 3624 4626 lo-

2048 4652 2160 4720 qui.
2189 4662 2244 4707 et
2282 4654 2507 4710 alterum
2536 4656 2604 4712 de
2632 4658 2742 4712 illo.
2773 4657 2905 4713 Nam
2934 4658 3205 4715 Christum
3256 4671 3531 4731 putassent
3558 4679 3622 4718 ex

2047 4742 2333 4799 ambitione
2353 4755 2407 4800 et
2429 4745 2564 4801 fastu
2590 4763 2731 4817 saepe
2753 4749 2874 4802 talia
2902 4749 3075 4819 loqui:
3103 4750 3340 4807 Joannes
3367 4767 3496 4808 vero
3527 4753 3625 4808 hac

2047 4835 2263 4888 carebat
2303 4838 2626 4906 suspicione.
2661 4838 2812 4906 Quod
2852 4841 2896 4895 si
2942 4850 3128 4910 postea
3172 4843 3415 4898 Christus
3459 4843 3625 4899 vehe-

2046 4923 2310 4980 mentiore
2337 4941 2466 4981 usus
2491 4937 2575 4982 est
2618 4944 2888 4996 sermone,
2914 4930 2966 4986 id
2998 4940 3122 4987 tunc
3152 4932 3295 5000 iecit,
3319 4935 3533 5005 quando
3559 4935 3627 4990 de

2046 5011 2161 5083 ipso
2181 5028 2423 5084 magnam
2450 5015 2714 5072 habebant
2740 5020 3064 5087 Opinionem.
3090 5019 3243 5093 (Cap.
3259 5023 3317 5094 4)
3339 5025 3388 5078 1.
3416 5023 3484 5081 Ut
3508 5042 3626 5095 ergo

2044 5105 2270 5174 cognovit
2309 5103 2480 5171 Iesus,
2509 5108 2629 5177 quia
2664 5109 2934 5164 audierunt
2974 5110 3248 5179 Pharium,
3292 5115 3428 5180 quod
3471 5115 3625 5168 Jesus

2044 5193 2214 5264 plures
2252 5195 2530 5265 discipulos
2558 5198 2700 5268 facit,
2733 5208 2782 5253 et
2818 5199 3072 5270 baptisat,
3104 5217 3253 5270 quam
3281 5201 3505 5254 Joannes
3534 5199 3619 5270 (2.

2042 5299 2344 5353 quamquam
2369 5283 2518 5341 Iesus
2547 5303 2647 5341 non
2677 5287 2972 5359 baptisaret,
3004 5290 3093 5343 sed
3116 5289 3352 5356 discipuli
3373 5291 3539 5358 ejus),
3565 5290 3620 5344 ὅ.

2043 5378 2242 5430 secessit
2269 5392 2334 5431 ea:
2361 5376 2565 5445 Judtea,
2606 5390 2652 5433 et
2681 5375 2811 5434 uenit
2848 5380 2899 5433 in
2930 5379 3217 5433 Galilaeam.
3252 5379 3367 5449 Ipse
3405 5379 3621 5450 quidem

2045 5482 2150 5521 non
2191 5468 2445 5538 baptisat,
2475 5471 2569 5525 sed
2619 5473 2790 5526 nuntii
2829 5486 2948 5526 cum
2991 5471 3187 5526 vellent
3234 5473 3493 5543 majorem
3547 5473 3622 5529 illi

2044 5555 2296 5610 invidiam
2315 5556 2571 5623 conﬂare,
2596 5559 2666 5612 ita
2692 5559 3012 5616 referebant.
3031 5559 3161 5624 Cur,
3197 5562 3422 5633 inquies,
3447 5577 3618 5618 seces»

2110 5667 2126 5698 ⁸
2162 5665 2307 5718 sarit.
2341 5663 2480 5730 legit,
2511 5679 2698 5718 urorum
2721 5665 2929 5720 instituto
2945 5669 3220 5736 purissimo.
