4068 6136
329 377 426 438 ξαν
464 373 621 443 ἔσχον
666 371 870 424 λοιπόν.
915 368 1005 433 Ὠς
1055 361 1170 420 οὖν
1211 365 1369 434 ἔγνω
1419 365 1453 416 ό
1499 363 1760 430 Ἰησοῦς,
1807 361 1898 413 ὅτι

327 459 607 526 ἤκουσαν
643 459 696 508 οι
727 448 1052 520 Φαρισαῖοι,
1077 447 1167 501 ὅτι
1218 446 1446 513 Ἰησοῦς
1477 445 1765 510 πλείονας
1787 458 1899 512 μα-

329 541 513 606 θητὰς
559 536 718 589 ποιεῖ
752 533 848 586 καὶ
875 529 1145 596 βαπτίζει
1179 529 1218 596 ἢ
1265 527 1534 594 Ἰωάννης
1568 527 1779 594 (καίτοι
1829 542 1896 593 γε

336 622 521 684 αὐτὸς
556 623 588 673 ό
638 616 868 684 Ἰησοῦς
899 616 1010 668 οὐκ
1040 611 1366 675 ἐϐάπτιζεν,
1396 612 1536 665 ἀλλ’
1563 615 1617 664 οί
1647 609 1898 679 μαθηταὶ

332 702 558 770 αὐτοῦ),
580 697 963 768 ἀνεχώρησεν
976 695 1095 750 ἀπὸ
1123 694 1235 763 τῆς
1267 693 1572 759 Ἰουδαίας,
1596 693 1693 746 καί
1718 689 1903 762 ἦλθεν

328 787 416 848 είς
448 782 563 852 τὴν
597 781 954 836 Γαλιλαίαν.
988 778 1157 842 Αὐτὸς
1200 779 1296 848 μὲν
1323 772 1416 830 οὖν
1447 777 1547 829 οὑκ
1583 774 1896 838 ἐϐάπτιζεν,

329 868 378 919 οἱ
394 866 449 918 δέ
462 863 914 933 ἀπαγγέλλοντες,
939 861 1251 932 βουλόμενοι
1263 861 1521 929 διεγεῖραι
1545 859 1665 921 τοὺς
1679 856 1902 912 ἀκούον-

329 967 429 1011 τας
462 951 542 1013 είς
575 949 790 1019 φθόνον,
832 946 1002 1009 οὕτως
1051 945 1413 1017 ἀπήγγελλον.
1446 945 1510 996 Τί
1544 943 1746 1014 δήποτε
1784 937 1898 1008 οὖν,

331 1033 520 1102 φησὶν,
550 1030 816 1101 ἀνεχώρει
846 1041 871 1069 ι
893 1045 908 1094 ;
935 1029 1008 1082 Οὑ
1037 1027 1240 1091 δειλίας
1260 1027 1463 1091 ἕνεκεν,
1485 1026 1600 1078 ἀλλ’
1618 1025 1900 1078 ἐκκόπτων

331 1115 513 1170 αὐτῶν
537 1117 637 1186 τὴν
673 1111 992 1184 βασκανίαν,
1031 1111 1126 1164 καὶ
1145 1109 1636 1182 παραμυθούμενος
1657 1107 1746 1160 τὸν
1773 1106 1902 1176 φθό-

333 1215 442 1251 νον.
481 1195 715 1257 Δυνατδς
748 1193 846 1264 μὲν
888 1194 997 1263 γὰρ
1027 1189 1096 1262 ἦν
1138 1194 1231 1245 καὶ
1271 1190 1594 1252 ἐπελθόντας
1633 1191 1898 1259 ἐπισχεῖν,

333 1278 448 1332 ἀλλ’
499 1278 600 1330 οὑκ
645 1276 894 1329 ἐϐούλετο
933 1274 1172 1344 συνεχῶς
1221 1272 1376 1326 τοῦτο
1411 1274 1604 1337 ποιεῖν,
1634 1269 1772 1326 ὥστε
1821 1271 1895 1344 μὴ

332 1360 677 1416 ἀπιστεῖσθαι
707 1360 806 1430 τῆς
837 1357 1036 1428 σαρκὸς
1063 1357 1160 1430 τὴν
1185 1356 1516 1426 οἰκονομίαν.
1541 1355 1603 1407 El
1636 1357 1744 1424 γὰρ
1769 1369 1896 1405 συν-

333 1444 472 1515 εχῶς
519 1442 884 1513 κρατούμενος
924 1440 1196 1509 διέφευγε,
1244 1437 1402 1492 τοῦτο
1448 1437 1514 1490 ἂν
1563 1434 1894 1504 ὑπωπτεύθη

333 1525 484 1597 παρά
516 1524 750 1588 πολλοῖς.
778 1525 877 1577 Διά
904 1540 986 1576 τοι
1019 1520 1177 1575 τοῦτο
1198 1520 1266 1573 τὰ
1290 1520 1458 1575 πολλὰ
1484 1516 1896 1591 ἀνθρωπινώτε-

335 1627 425 1678 ρον
452 1607 742 1678 ᾠκονόμει.
777 1607 986 1676 ’Ὠσπερ
1012 1603 1121 1676 γὰρ
1151 1601 1402 1657 ἐϐούλετο
1434 1601 1786 1672 πιστευθῆναι
1817 1601 1896 1652 ὅτι

328 1692 459 1756 Θεὸς
487 1686 574 1762 ἦν,
607 1690 780 1754 οὕτως
805 1688 1031 1751 ὅτιθεὸς
1057 1686 1152 1751 ὣν,
1185 1688 1361 1756 σάρκα
1389 1685 1598 1755 ἐφόρει.
1622 1685 1720 1736 Διά
1743 1681 1900 1736 τοῦτο

330 1775 424 1828 καὶ
465 1774 604 1845 μετά
631 1773 730 1844 τήν
779 1773 1074 1826 ἀνάστασιν
1121 1769 1255 1840 πρὸς
1285 1768 1374 1821 τὸν
1417 1768 1666 1838 μαθητὴν
1711 1765 1896 1834 ἔλεγε·

341 1857 713 1924 Ψηλὰφησον
737 1854 836 1908 καὶ
872 1853 981 1915 ἴδε,
1007 1851 1095 1905 ὅτι
1121 1851 1357 1919 πνεῦμα
1381 1850 1581 1918 σάρκα
1600 1849 1697 1902 καὶ
1719 1847 1901 1902 ὀστέα

330 1940 442 1992 οὐκ
467 1938 611 2006 ἔχει.
634 1937 734 1991 Διά
757 1936 913 1990 τοῦτο
947 1935 1041 1988 καὶ
1072 1932 1262 2004 Πέτρῳ
1284 1933 1633 2002 ἐπετίμησεν,
1661 1932 1894 1984 εἰπόντι·

333 2021 528 2088 Ἵλεώς
560 2038 679 2086 σοι,
708 2023 779 2075 οὐ
802 2021 888 2090 μὴ
913 2020 1081 2074 ἔσται
1103 2019 1300 2074 τοῦτο.
1333 2017 1489 2072 Οὕτω
1524 2018 1729 2090 σφόδρα
1749 2017 1900 2089 αὑτῷ

327 2106 390 2159 τὸ
421 2107 650 2176 πρᾶγμα
680 2103 1142 2175 περισπούδαστον
1174 2091 1263 2169 ἦν.

404 2189 468 2259 β’.
486 2188 633 2241 Ἐπεὶ
647 2187 859 2240 καὶτῶν
875 2185 974 2255 τῆς
988 2184 1312 2254 Ἐκκλησίας
1325 2183 1607 2254 δογμάτων
1624 2183 1684 2237 οὑ
1705 2184 1897 2255 μικρὸν

332 2272 490 2327 τοῦτο
516 2272 576 2324 τὸ
609 2271 772 2342 μέρος
799 2270 936 2332 ἐστὶ,
973 2269 1065 2322 καὶ
1093 2268 1192 2339 τῆς
1219 2268 1248 2308 ιι
1278 2268 1416 2337 ὑπὲρ
1441 2266 1597 2338 ήμῶν
1627 2269 1899 2339 σωτηρίας

333 2355 394 2408 τὸ
423 2354 714 2422 κεφάλαιον
744 2351 922 2414 τοῦτο,
961 2351 1052 2403 καὶ
1087 2349 1153 2404 δι’
1184 2345 1246 2404 οὕ
1277 2351 1455 2403 πάντα
1484 2347 1773 2420 γεγένηται
1809 2351 1900 2403 καὶ

335 2435 709 2506 κατώρθωται.
731 2433 886 2488 Οὕτω
906 2432 1015 2505 γὰρ
1042 2433 1134 2488 καὶ
1160 2433 1386 2496 Θάνατος
1405 2432 1589 2503 ἐλύθη,
1613 2433 1707 2487 καὶ
1719 2434 1898 2504 ἀμαρ-

329 2521 420 2576 τία
468 2517 729 2590 ἀνῃρέθη,
782 2517 876 2570 καὶ
917 2517 1131 2587 κατάρα
1162 2515 1455 2586 ἠφανίσθη,
1507 2516 1599 2568 καὶ
1631 2516 1698 2568 τὰ
1733 2514 1902 2584 μυρία

331 2601 576 2672 εἰσῆλθεν
598 2601 677 2662 εἰς
698 2599 788 2652 τὸν
813 2599 925 2669 βίον
954 2598 1109 2669 ήμῶν
1133 2599 1333 2665 ἀγαθά.
1367 2597 1456 2651 Διὸ
1482 2597 1717 2667 μάλιστα
1748 2597 1901 2650 ἐϐού-

330 2683 452 2737 λετο
484 2681 831 2736 πιστεύεσθαι
857 2682 956 2752 τὴν
978 2682 1306 2751 οἰκονομίαν,
1337 2681 1434 2750 τὴν
1477 2680 1634 2749 ῥίζαν
1673 2680 1767 2733 καὶ
1796 2698 1901 2750 πη-

332 2767 433 2836 γὴν
461 2767 590 2834 ἡμῖν
622 2764 729 2817 τῶν
758 2764 964 2835 μυρίων
995 2765 1289 2833 γενομένην
1321 2761 1562 2832 ἀγαθῶν.
1589 2763 1900 2833 Οἱκονομῶν

330 2848 386 2900 δὲ
415 2847 483 2900 τὰ
514 2845 846 2916 ἀνθρώπινα,
892 2844 1014 2898 οὕτε
1038 2847 1105 2899 τὰ
1134 2847 1253 2899 θεῖα
1293 2845 1682 2909 συσκιάζεσθαι
1726 2846 1896 2913 ηφίει.

347 2931 732 3001 Ἀναχωρήσας
757 2928 908 2997 γοῦν,
942 2928 1105 2982 πάλιν
1134 2928 1244 2980 τῶν
1291 2929 1470 2982 αὐτῶν
1497 2929 1672 2998 εῖχετο
1704 2922 1779 2982 ὧν
1806 2929 1900 2982 καὶ

337 3013 617 3084 πρότερον.
651 3011 726 3065 Οὑ
756 3011 867 3082 γὰρ
900 3010 1086 3073 ἁπλῶς
1125 3012 1217 3063 ἐπὶ
1257 3011 1354 3080 τὴν
1399 3011 1689 3065 Γαλιλαίαν
1719 3011 1899 3082 ἀπήρ-

335 3109 479 3155 χετο,
507 3094 643 3146 ἀλλὰ
669 3093 880 3163 μεγάλα
899 3093 1021 3146 τινὰ
1051 3090 1480 3155 κατασκευάζων
1512 3091 1812 3162 πράγματα
1834 3092 1902 3148 τά

335 3176 473 3228 κατά
502 3177 629 3238 τοὺς
673 3175 1016 3244 Σαμαρείτας
1036 3192 1049 3205 ·
1080 3175 1174 3227 καὶ
1205 3175 1304 3245 οὑχ
1335 3174 1520 3240 ἁπλῶς
1547 3184 1571 3216 ο
1607 3177 1903 3248 οἰκονομῶν

336 3257 495 3322 αὐτὰ,
523 3257 657 3311 ἀλλά
688 3257 824 3329 μετά
851 3256 954 3328 τῆς
977 3256 1359 3329 προσηκούσης
1383 3259 1532 3330 αὑτῴ
1565 3260 1775 3328 σοφίας,
1807 3260 1902 3314 καὶ

332 3341 429 3398 τοῦ
454 3344 721 3415 μηδεμίαν
746 3343 1066 3397 καταλιπεῖν
1092 3341 1365 3405 Ἰουδαίοις
1384 3343 1519 3413 μηδέ
1543 3343 1900 3413 ἀναισχύντου

333 3427 478 3490 τινὸς
503 3425 796 3496 ἀπολογίας
820 3425 1110 3496 πρόφασιν.
1138 3424 1314 3493 Ὀπερ
1329 3427 1424 3479 καὶ
1450 3427 1478 3477 ό
1499 3425 1903 3496 Εύαγγελιστὴς

335 3509 702 3578 αίνιττόμενος
734 3509 1030 3576 ἐπήγαγεν,
1070 3505 1225 3560 Ἔδει
1255 3506 1322 3558 δὲ
1352 3509 1538 3560 αὐτόν
1566 3506 1901 3576 διέρχεσθαι

334 3593 432 3646 διὰ
471 3590 579 3660 τῆς
623 3592 974 3660 Σαμαρείας,
1017 3589 1228 3654 δεικνὺς
1270 3589 1390 3642 ὁδοῦ
1431 3591 1707 3662 πάρεργον
1743 3591 1903 3644 αὐτὸν

336 3673 492 3727 τοῦτο
537 3674 878 3742 ποιούμενον.
916 3671 1073 3725 Οὕτω
1121 3673 1218 3726 καὶ
1252 3673 1300 3725 οί
1342 3673 1629 3725 ἀπόστολοι
1661 3673 1896 3730 ἐποίουν.

339 3756 604 3827 Καθάπερ
621 3755 772 3828 [177]
789 3757 897 3826 γὰρ
923 3758 1116 3809 ἐκεῖνοι
1133 3755 1449 3825 διωκόμενοι
1473 3755 1578 3808 ὑπὸ
1610 3756 1900 3820 Ἰουδαίων,

335 3839 457 3891 τότε
490 3838 584 3890 ἐπὶ
609 3837 677 3890 τὰ
715 3837 844 3907 ἐθνη
877 3839 1108 3908 ήρχοντο
1129 3855 1141 3868 ·
1176 3837 1318 3890 οὕτω
1348 3838 1442 3891 καὶ
1469 3839 1497 3890 ό
1524 3838 1778 3908 Χριστὸς,
1813 3841 1902 3892 ὅτε

336 3920 498 3974 αὑτὸν
525 3921 833 3990 ἀπήλασαν,
863 3919 982 3972 τότε
1018 3921 1112 3973 καὶ
1149 3918 1372 3973 ἐκείνων
1421 3919 1646 3988 ἥπτετο,
1687 3920 1764 3983 ὡς
1810 3921 1904 3973 καὶ

338 4005 430 4058 ἐπὶ
457 4003 555 4074 τῆς
591 4003 1074 4075 Συροφοινικίσσης
1099 4003 1324 4073 ἐποίησε
1347 4002 1623 4070 γυναικός.
1655 4002 1824 4056 Τοῦτο
1847 4004 1904 4056 δὲ

336 4086 571 4155 ἐγένετο,
594 4087 733 4140 ὥστε
756 4087 936 4141 πᾶσαν
961 4087 1263 4156 ἐκκοπῆναι
1293 4086 1566 4151 Ἰουδαίοις
1586 4088 1902 4156 ἀπολογίαν,

337 4171 430 4223 καὶ
461 4169 548 4222 ἵνα
581 4169 654 4240 μὴ
697 4169 791 4240 ἐξῇ
827 4169 1010 4232 αὑτοῖς
1050 4169 1248 4238 λέγειν,
1296 4169 1378 4222 ὃτι
1411 4169 1726 4224 καταλιπὼν
1761 4172 1906 4240 ἡμᾶς

335 4251 472 4322 πρὸς
497 4252 623 4315 τοὺς
647 4251 1013 4322 ἀκροϐύστους
1039 4251 1268 4322 ἀπῆλθε.
1296 4251 1396 4306 Διὰ
1421 4251 1579 4306 τοῦτο
1603 4253 1696 4306 καὶ
1724 4253 1773 4306 οί
1799 4269 1906 4323 μα-

335 4333 500 4406 θηταὶ
545 4334 969 4406 ἀπολογούμενοι
1003 4336 1218 4405 ἔλεγον·
1263 4336 1423 4405 Ὑμῖν
1465 4333 1543 4406 ἦν
1579 4335 1906 4406 ἀναγκαῖον

335 4417 569 4487 πρῶτον
587 4417 926 4486 λαληθῆναι
951 4417 1056 4470 τὸν
1079 4421 1266 4487 λόγον
1282 4417 1388 4472 τοῦ
1417 4419 1566 4474 Θεοῦ
1587 4438 1598 4451 ·
1612 4419 1818 4487 ἐπειδὴ
1837 4418 1906 4471 δὲ

335 4501 622 4563 ἀναξίους
659 4499 889 4566 κρίνετε
926 4499 1196 4565 ἑαυτοὺς,
1230 4500 1358 4553 ιδοὺ
1407 4503 1779 4570 στρεφόμεθα
1818 4504 1904 4566 εις

336 4585 409 4638 τὰ
436 4585 608 4649 ἔθνη·
637 4584 731 4634 καὶ
758 4583 916 4645 αὑτὸς
946 4583 1125 4649 πάλιν,
1153 4586 1274 4637 Οὐκ
1301 4580 1493 4652 ἦλθον
1516 4587 1567 4638 ει
1591 4586 1677 4653 μὴ
1715 4587 1802 4650 είς
1833 4588 1906 4642 τὰ

340 4667 601 4735 πρόϐατα
623 4664 692 4716 τὰ
720 4664 1074 4717 ἀπολωλότα
1101 4665 1270 4718 οἴκου
1303 4667 1576 4732 Ἰσραήλ·
1598 4667 1690 4720 καὶ
1721 4669 1904 4730 πάλιν,

343 4750 462 4800 Οὐκ
485 4744 617 4798 ἔστι
634 4744 826 4798 καλὸν
842 4745 1050 4797 λαϐεῖν
1077 4746 1180 4800 τὸν
1200 4747 1381 4813 ἄρτον
1402 4746 1520 4800 τῶν
1536 4748 1782 4812 τέκνων,
1808 4749 1904 4802 καὶ

335 4830 550 4884 δοῦναι
581 4826 702 4892 τοῖς
722 4828 1045 4894 κυναρίοις.
1085 4829 1300 4900 Ἐπειδὴ
1321 4829 1378 4882 δέ
1403 4831 1566 4884 αὑτὸν
1594 4833 1902 4902 ἀπήλασαν,

340 4912 508 4984 θύραν
533 4912 644 4973 τοῖς
675 4911 883 4963 ἔθνεσιν
913 4911 1170 4982 ἀνέῳξαν.
1202 4914 1314 4966 Καὶ
1333 4913 1454 4967 οὑδέ
1477 4913 1619 4968 οὕτω
1642 4932 1906 4988 προηγου-

344 4997 515 5064 μένως
568 4994 656 5048 ἐπ’
686 4995 922 5057 ἐκείνους
964 4993 1203 5066 ἔρχεται,
1251 4997 1386 5049 ἀλλά
1422 4999 1651 5070 παριών.
1686 4999 1905 5071 Παριὼν

337 5075 757 5143 τοίνυν,Ἦ.ιθεν
770 5081 856 5144 είς
867 5078 891 5117 δ
912 5079 1093 5132 πόλιν
1108 5079 1217 5146 τῆς
1235 5082 1560 5148 Σαμαρείας
1575 5082 1907 5153 ,λεγομένην

339 5165 560 5232 Συχὰρ,
604 5165 871 5228 πλησίον
915 5162 1019 5217 τοῦ
1070 5163 1307 5230 χωρίου,
1343 5159 1414 5218 οὗ
1449 5164 1667 5218 ἔδωκεν
1704 5166 1911 5220 Ἰακὼϐ

343 5250 562 5322 ’Ἰωσήφ
589 5250 668 5316 τῷ
685 5252 790 5318 υίῷ
805 5250 992 5307 αὑτοῦ
1007 5268 1020 5282 ·
1044 5245 1123 5320 ἦν
1144 5249 1211 5304 δὲ
1231 5248 1354 5303 ἐκεῖ
1372 5251 1533 5320 πηγὴ
1556 5252 1660 5306 τοῦ
1690 5254 1901 5308 Ἰακώϐ.

338 5332 691 5392 Τίνοςένεκεν
710 5334 1146 5407 ἀκριϐολογεῐται
1168 5335 1196 5386 ὁ
1221 5333 1628 5404 Εύαγγελιστὴς
1662 5335 1904 5404 περὶτοῦ

337 5414 542 5475 τίπου;
583 5414 702 5466 ’Ἱνα
754 5417 882 5468 ὅταν
921 5417 1161 5489 ἀκούσῃς
1194 5418 1292 5488 τῆς
1324 5418 1582 5485 γυναικός
1613 5418 1903 5488 λαλούσης,

351 5496 550 5549 Ἰακὼϐ
579 5499 611 5549 ό
657 5497 850 5565 πατὴρ
898 5499 1064 5568 ἡμῶν
1109 5502 1332 5555 ἔδωκεν
1371 5500 1515 5570 ἡμῖν
1541 5501 1655 5567 τὴν
1702 5501 1904 5571 πηγὴν

401 5628 601 5696 τ-ςτιιςὶ-Ι.
625 5630 744 5696 τίνος
767 5630 846 5696 οὖν
861 5632 1016 5696 ξνεκεν
1037 5640 1163 5693 ἁνεχ.
1233 5643 1258 5670 ο
1283 5634 1449 5685 Morel.
1477 5636 1613 5696 μέρος
1634 5634 1906 5696 ἐφάπτεται,

341 5692 514 5758 μαλλον
536 5692 583 5736 δὲ
610 5695 735 5758 τῆς.-
755 5693 796 5758 ..ε
834 5692 1012 5758 Μαι-ρ]ζ
1027 5692 1201 5758 μιᾷὶλον
1228 5696 1278 5758 δέ
1324 5696 1411 5758 οὑχ
1436 5692 1596 5751 ἁπλῶς
1668 5692 1705 5732 ’τί
1729 5692 1906 5758 Morel;

339 5751 459 5817 ἀλλὰ
481 5754 660 5817 παριών
705 5751 867 5817 Οὗτιος
897 5751 1182 5817 -δ-ἐϐούλετο
1222 5751 1506 5813 αἱνιξάίίενος
1543 5758 1681 5804 πάλιν
1717 5756 1909 5817 ἄρχεται

343 5813 505 5872 λέγων·
534 5805 752 5874 Ἔρχεται
774 5811 851 5859 οὑν
886 5815 912 5859 ὀ
944 5811 1123 5869 Ἰησοῦς
1147 5813 1223 5867 εἰς.
1328 5805 1337 5809 ⁷
1375 5805 1383 5813 ’
1494 5805 1506 5811 ⁷

1060 251 1119 305 S.
1155 247 1439 304 JOANNIS
1471 241 1957 303 CHRYSOSTOMI
1998 242 2314 300 ARCIHEP.
2357 244 2906 302 CONSTANTINOP.

3478 241 3581 296 m

2005 361 2249 429 ταύτην,
2285 363 2361 434 μὴ
2388 363 2655 434 ξενισθῇς.
2703 363 2763 416 Ὀ
2795 361 2902 432 γάρ
2929 359 3090 425 τόπος
3113 361 3316 423 ἐκεῖνος
3341 354 3411 430 ἦν
3451 358 3579 411 ἔνθα

2007 445 2144 516 ὑπὲρ
2182 449 2280 509 τῆς
2319 447 2508 510 Δείνας
2538 449 2586 501 οἱ
2618 446 2745 518 περὶ
2775 447 2865 498 τὸν
2891 443 3020 498 Λευῖ
3059 445 3152 497 καὶ
3191 445 3414 514 Συμεὼν
3443 444 3581 512 ἀγα-

2015 530 2356 593 νακτοῦντες,
2382 531 2472 584 τὸν
2493 531 2725 601 χαλεπὸν
2753 532 2957 583 ἐκεῖνον
2979 527 3303 599 εἰργάσαντο
3327 526 3507 596 φόνον.

2085 616 2267 680 Ἀξιον
2295 614 2351 667 δέ
2378 615 2552 667 εἰπεῖν
2575 615 2668 667 καὶ
2696 613 2859 666 πόθεν
2886 613 2934 664 οί
2954 613 3291 682 Σαμαρεῖται
3323 611 3580 679 συνέστη-

2009 717 2128 752 σαν.
2161 697 2270 751 Καὶ
2313 697 2424 768 γάρ
2452 699 2480 750 ό
2523 697 2684 759 τόπος
2726 690 2880 756 οὕτος
2910 695 3056 758 ἄπας
3090 693 3373 764 Σαμάρεια
3399 693 3578 746 καλεῖ-

2006 797 2115 834 ται.
2165 779 2334 832 Πόθεν
2374 775 2466 832 οὖν
2509 779 2606 850 τὴν
2639 777 3010 849 προσηγορίαν
3057 775 3244 830 ἔλαϐον
3270 791 3284 840 ;
3314 773 3490 847 Σομδρ
3520 775 3579 828 τὸ

2006 863 2130 932 ὅρος
2175 862 2392 930 ἐλέγετο
2445 861 2552 915 ἀπὸ
2605 861 2699 914 τοῦ
2751 860 3124 931 κτησαμένου,
3181 859 3434 928 καθάπερ
3485 858 3580 912 καὶ

2019 945 2245 1009 Ἡσαΐας
2275 945 2441 1016 φησί·
2477 944 2648 1012 Kal-:1
2677 943 2913 1012 κεφαλὴ
2948 943 3246 1010 Σομόρων,
3297 943 3543 1010 Ἐφραΐμ
3562 961 3575 974 ·

2005 1027 2119 1081 ἀλλ’
2149 1028 2199 1080 οἱ
2237 1026 2619 1090 κατοικοῦντες
2657 1027 2718 1078 οὑ
2765 1028 3121 1097 Σαμαρεῖται,
3156 1025 3270 1079 ἀλλ’
3313 1027 3579 1096 Ἰσραηλῖ-

2005 1127 2095 1163 ται
2123 1109 2388 1179 ἐλέγοντο.
2421 1110 2626 1180 Χρόνου
2647 1110 2703 1162 δὲ
2730 1109 3030 1178 προϊόντος,
3062 1107 3472 1178 προσέκρουσαν
3501 1107 3580 1177 τῷ

2006 1192 2152 1261 Θεῷ·
2219 1193 2314 1245 καὶ
2370 1191 2784 1263 βασιλεύσαντος
2832 1190 3028 1254 Φακεέ,
3081 1189 3317 1244 ἀνελθὼν
3365 1191 3577 1259 Θεγλάθ

2005 1273 2281 1346 Φαλασάρ,
2323 1274 2505 1338 πόλεις
2542 1291 2602 1327 τε
2653 1269 2765 1327 εἷλε
2807 1273 3026 1334 πολλὰς.
3083 1273 3175 1326 καὶ⁵
3241 1271 3464 1325 ἐπέθετο
3499 1272 3579 1342 τῷ

2018 1354 2173 1428 Ἢλᾷ,
2208 1358 2300 1411 καὶ
2331 1356 2533 1410 ἀνελὼν
2575 1356 2757 1419 αὐτὸν,
2801 1355 2958 1425 Ὠσηὲ
2992 1354 3090 1425 τὴν
3138 1353 3415 1424 βασιλείαν
3450 1353 3578 1406 ἔδω-

2007 1456 2124 1494 κεν.
2169 1440 2294 1492 Ἐπὶ⁵
2329 1439 2518 1492 τοῦτον
2547 1437 2716 1491 ἐλθὼν
2740 1439 2768 1490 ό
2807 1437 3193 1508 Σαλμανασάρ,
3243 1431 3355 1489 εἷλε
3391 1436 3576 1501 πόλεις

2009 1523 2202 1594 ἐτέρας
2223 1533 2268 1588 ο,
2293 1523 2388 1575 καὶ
2410 1521 2714 1592 ὑποφόρους
2732 1521 2954 1590 ἐποίησε
2987 1521 3080 1573 καὶ
3096 1518 3396 1582 ὑποτελεῖς.
3435 1519 3574 1572 Ἀλλ’

2006 1594 2161 1664 οὗτος
2189 1601 2249 1654 τὸ
2299 1602 2398 1672 μὲν
2428 1601 2643 1671 πρῶτον
2685 1597 2826 1667 εἶξεν
2845 1619 2859 1632 ·
2891 1600 3114 1672 ὕστερον
3151 1600 3209 1654 δὲ
3239 1599 3445 1670 ἀπέστη
3473 1599 3575 1668 τῆς

2006 1679 2202 1750 ἀρχῆς,
2234 1680 2330 1733 καὶ
2367 1679 2503 1750 πρὸς
2537 1679 2634 1748 τὴν
2663 1679 2771 1732 τῶν
2805 1679 3078 1732 Αἰθιόπων
3125 1679 3398 1748 κατέφυγε
3433 1694 3572 1749 συμ-

2009 1758 2232 1829 μαχίαν.
2255 1757 2434 1824 Ἔγνω
2449 1756 2605 1809 τοῦτο
2627 1757 2656 1809 ό
2686 1756 2988 1829 Ἀσσύριος,
3008 1760 3100 1812 καὶ
3117 1757 3571 1828 ἐπιστρατεύσας,

2007 1841 2102 1893 καὶ
2153 1838 2357 1894 ἀνελὼν
2391 1839 2608 1904 αὑτοὺς,
2659 1840 2759 1893 οὐκ
2800 1840 2880 1894 ἔτι
2914 1841 2975 1894 τὸ
3019 1841 3170 1905 ἔθνος
3217 1841 3335 1893 ἐκεῖ
3391 1839 3572 1910 μένειν

2005 1918 2217 1988 ἀφίησι,
2253 1918 2341 1972 διὰ
2365 1919 2463 1981 τὰς
2491 1919 2744 1981 τοιαύτας
2780 1919 2880 1989 τῆς
2919 1920 3270 1982 ἀποστάσεως
3309 1917 3573 1987 ὑποψίας·

2005 1998 2142 2053 ἀλλά
2165 1997 2388 2061 τούτους
2427 2000 2523 2069 μέν
2557 2002 2636 2063 εἰς
2674 1999 2965 2054 Βαϐυλῶνα
2995 2002 3167 2072 ήγαγε
3201 2003 3295 2055 καὶ
3335 2006 3574 2076 Μήδους,

2007 2077 2214 2130 ἐκεῖθεν
2243 2076 2299 2129 δὲ
2323 2075 2448 2147 ἔθνη
2477 2080 2540 2130 ἐκ
2563 2079 2834 2149 διαφόρων
2862 2077 3039 2131 τόπων
3067 2081 3310 2148 ἀγαγὼν,
3343 2075 3577 2154 κατῴκι-

2007 2171 2097 2208 σεν
2120 2157 2184 2234 *ἐν
2313 2155 2624 2234 Σαμαρείᾳ,
2659 2157 2799 2209 ὥστε
2852 2157 3034 2210 λοιπὸν
3066 2159 3282 2230 ἀσφαλῆ
3306 2161 3451 2231 αὐτῷ
3480 2164 3576 2234 τὴν

2005 2232 2176 2304 ἀρχὴν
2206 2229 2361 2293 εἶναι,
2391 2233 2496 2285 τῶν
2523 2233 2738 2287 οἰκείων
2761 2235 2991 2304 ἐχόντων
3025 2236 3115 2290 τὸν
3136 2229 3318 2292 τόπον.
3362 2229 3577 2294 Τούτων

2003 2319 2062 2373 δέ
2104 2320 2437 2390 γενομένων,
2484 2319 2800 2392 βουλόμενος
2839 2324 2866 2374 ὁ
2904 2323 3034 2384 Θεὸς
3073 2323 3241 2389 δεῖξαι
3280 2326 3377 2398 τὴν
3413 2327 3574 2382 αὑτοῦ

2005 2403 2252 2472 δύναμιν,
2280 2406 2372 2458 καὶ
2405 2405 2478 2469 ὡς
2499 2405 2558 2457 ού
2582 2405 2648 2457 δι’
2675 2403 2951 2457 ἀσθένειαν
2978 2405 3234 2470 ἐξέδωκεν
3270 2409 3574 2475 Ἰουδαίους,

2005 2482 2140 2537 ἀλλά
2169 2484 2234 2537 δι’
2261 2485 2536 2555 ἁμαρτίας
2562 2483 2668 2535 τῶν
2691 2483 3036 2547 ἐκδοθέντων,
3063 2487 3324 2557 ἐπαφίησι
3359 2487 3575 2553 λέοντας

2005 2564 2117 2624 τοῖς
2145 2561 2437 2632 βαρβάροις
2463 2579 2477 2591 ·
2510 2562 2703 2623 οἵτινες
2747 2562 3094 2630 ἐλυμαίνοντο
3128 2564 3190 2616 τὸ
3226 2565 3376 2631 ἔθνος
3411 2565 3574 2622 am.

2021 2639 2328 2709 Ἀπηγγέλη
2353 2639 2522 2693 ταῦτα
2548 2641 2623 2710 τῷ
2649 2639 2875 2709 βασιλεῖ,
2912 2639 3002 2693 καὶ
3027 2642 3232 2710 πέμπει
3277 2645 3426 2716 ίερέα
3456 2646 3578 2700 τινὰ

2005 2718 2096 2771 τὸν
2120 2718 2508 2788 παραδώσοντα
2537 2719 2719 2780 αὑτοῖς
2747 2720 2871 2782 τοὺς
2889 2718 2981 2773 τοῦ
3013 2719 3146 2773 Θεοῦ
3169 2721 3382 2791 νόμους.
3439 2723 3578 2777 Ἀλλ’

2003 2797 2150 2878 δμως
2203 2797 2321 2849 ούδέ
2363 2795 2555 2878 οὕτως,
2578 2797 2636 2862 ἐξ
2667 2795 2959 2878 ὁλοκλήρου
2996 2799 3096 2878 τῆς
3131 2800 3382 2878 ἀσεϐείας
3426 2801 3574 2878 [ίῗὸ]

2006 2876 2336 2944 ἀπέστησαν,
2368 2875 2480 2927 ἀλλ’
2503 2876 2561 2940 ἐξ
2590 2875 2863 2944 ἡμισείας.
2895 2876 3100 2946 Χρόνου
3131 2877 3188 2930 δέ
3220 2875 3496 2950 προίόντος
3531 2875 3574 2946 τ,

2007 2952 2168 3005 πάλιν
2198 2952 2305 3006 τῶν
2358 2953 2454 3023 μὲν
2490 2952 2722 3007 εἰδώλων
2755 2953 3112 3026 ἀπεπήδησαν
3135 2995 3150 3020 ,
3183 2956 3366 3010 ἔσεϐον
3400 2959 3457 3011 δὲ
3487 2961 3574 3012 τὸν

2005 3029 2156 3084 Θεόν.
2190 3031 2309 3086 Τῶν
2329 3028 2418 3084 οὖν
2454 3031 2791 3102 πραγμάτων
2813 3033 2869 3084 ἐν
2895 3033 3102 3096 τούτοις
3131 3034 3317 3098 ὄντων,
3349 3037 3574 3089 ἐπανελ-

2008 3111 2192 3174 θόντες
2228 3113 2469 3164 Ἰουδαῖοι
2497 3111 2713 3174 λοιπὸν,
2756 3111 3069 3185 ζηλοτύπως
3101 3114 3235 3184 πρὸς
3271 3115 3464 3180 αὑτοὺς
3497 3111 3576 3169 εἶ-

2008 3209 2101 3262 χον
2132 3191 2226 3244 ἆτε
2259 3190 2392 3259 πρὸς
2432 3189 2757 3257 ἀλλοφύλους
2792 3191 2883 3242 καὶ
2909 3191 3216 3260 πολεμίους,
3247 3195 3298 3247 οἳ
3344 3195 3437 3248 καὶ
3472 3195 3580 3249 ἀπὸ

2007 3269 2099 3323 τοῦ
2126 3269 2286 3341 ὅρους
2325 3268 2667 3337 Σαμαρείτας
2703 3268 2893 3331 αὐτοὺς
2919 3269 3166 3322 ἐκάλουν.
3216 3272 3489 3336 Ἰουδαίοις
3522 3273 3577 3326 δὲ

2007 3349 2068 3402 οὑ
2094 3347 2267 3418 μικρά
2291 3348 2314 3386 ε
2336 3348 2430 3400 καὶΙ
2453 3345 2699 3398 ἐντεῦθεν
2719 3341 2786 3416 ἦν
2821 3346 2954 3417 πρὸς
2977 3349 3170 3412 αὐτοὺς
3194 3351 3226 3420 ή
3257 3350 3572 3419 φιλονεικία.

2010 3425 2143 3478 Οὑδὲ
2169 3426 2277 3499 γὰρ
2317 3427 2436 3488 ταῖς
2466 3424 2706 3495 Γραφαῖς
2744 3423 2945 3487 πάσεις
2975 3425 3271 3497 ἐκέχρηντο
3294 3468 3310 3494 ,
3350 3428 3485 3482 ἀλλὰ
3508 3430 3576 3482 τὰ

2007 3506 2286 3566 Μωῦσέως
2330 3504 2464 3574 μόνα
2497 3503 2809 3573 δεχόμενοι,
2851 3503 2959 3557 τῶν
2988 3505 3282 3576 προφητῶν
3316 3506 3377 3558 ού
3413 3507 3578 3561 πολὺν

2008 3581 2287 3635 ἐποιοῦντο
2311 3580 2486 3648 λόγον.
2538 3579 2932 3647 Ἐφιλονείκουν
2964 3582 3146 3649 μέντοι
3177 3584 3255 3645 είς
3300 3584 3397 3655 τὴν
3434 3585 3580 3653 εὐγέο

2008 3677 2156 3714 νειαν
2186 3659 2431 3712 είσωθεῖν
2460 3660 2684 3720 ἐαυτοὺς
2721 3657 2819 3728 τὴν
2859 3658 3172 3730 Ἰουδαῖκὴν,
3208 3661 3301 3715 καὶ
3349 3661 3580 3730 ἐφιλοτι-

2012 3740 2208 3810 μοῦντο
2229 3737 2320 3791 ἐπὶ
2354 3737 2431 3807 τῷ
2464 3737 2730 3807 Ἀϐραὰμ,
2763 3737 2856 3789 καὶ
2878 3738 3139 3807 πρόγονον
3171 3739 3329 3792 αὑτὸν
3351 3741 3581 3810 ἐπεγρά-

2010 3833 2191 3886 φοντο,
2226 3817 2318 3868 ἆτε
2354 3816 2462 3869 ἀπὸ
2498 3815 2596 3884 τῆς
2631 3813 2901 3877 Χαλδαίας
2934 3815 3064 3868 δντα
3087 3831 3099 3845 ·
3137 3818 3229 3869 καὶ
3268 3818 3357 3871 τὸν
3391 3817 3578 3873 Ἰακὼϐ

2007 3893 2064 3947 δὲ
2093 3893 2300 3963 πατέρα
2331 3891 2575 3963 ἐκάλουν,
2609 3891 2702 3944 ἆτε
2725 3891 2932 3945 ἐκείνου
2955 3892 3084 3963 ὄντα
3111 3895 3372 3963 ἀπόγονον
3394 3912 3407 3924 ·
3446 3897 3495 3950 οι
3524 3897 3582 3951 δέ

2021 3961 2260 4016 Ἰουδαῖοί
2309 3961 2446 4030 μετὰ
2500 3962 2716 4014 πάντων
2766 3963 2860 4014 καὶ
2918 3962 3138 4025 τούτους
3178 3961 3578 4020 ἐϐδελύσσοντο.

2011 4045 2175 4101 Ὅθεν
2201 4045 2292 4098 καὶ
2320 4044 2396 4114 τῷ
2429 4044 2646 4116 Χριστῷ
2670 4044 2842 4098 ταῦτα
2866 4045 3137 4108 ὠνείδιζον
3165 4046 3411 4118 λέγοντες
3431 4065 3446 4080 ·
3477 4053 3582 4104 Σα-

2006 4129 2288 4198 μαρείτης
2323 4124 2382 4181 εἴ
2408 4127 2510 4191 σὺ,
2542 4127 2638 4180 καὶ
2665 4127 2970 4196 δαιμόνιον
2999 4129 3188 4197 ἔχεις·
3222 4131 3314 4182 καὶ
3359 4132 3451 4183 ἐπὶ
3482 4133 3578 4185 τοῦ

2013 4207 2345 4268 καταϐάντος
2395 4206 2503 4259 ἀπὸ
2564 4206 2912 4276 Ἰερουσαλὴμ
2960 4207 3038 4269 εἰς
3091 4205 3328 4278 Ἱεριχώ,
3373 4209 3578 4282 ταύτης

2011 4289 2194 4341 ἕνεκεν
2222 4286 2318 4356 τῆς
2346 4284 2648 4346 ὑποθέσεως
2670 4287 2697 4337 6
2720 4285 2950 4354 Χριστὸς
2976 4287 3318 4358 Σαμαρείτην
3346 4289 3576 4358 εἰσάγει,

2011 4368 2102 4421 τὸν
2137 4367 2283 4420 ἐλεόν
2308 4369 2386 4430 είς
2419 4365 2579 4420 αὑτὸν
2606 4367 2940 4435 πεποιηκότα
2959 4407 2972 4432 ,
3003 4367 3091 4420 τὸν
3121 4367 3342 4438 εὐτελῆ,
3368 4368 3462 4421 τὸν
3491 4369 3580 4421 εὕ-

2013 4447 2447 4519 καταφρόνητον,
2489 4447 2578 4499 τὸν
2612 4445 2896 4515 βδελυκτὸν
2947 4447 3076 4516 παρ’
3101 4448 3280 4510 αὑτοῖς
3304 4465 3318 4479 ·
3353 4449 3446 4501 καὶ
3489 4449 3583 4504 ἐπὶ

2009 4526 2119 4580 τῶν
2151 4527 2280 4579 δέκα
2316 4526 2549 4594 λεπρῶν,
2585 4525 2848 4594 ἀλλογενῆ
2875 4526 2966 4578 τὸν
3003 4527 3098 4579 ἕνα
3138 4528 3268 4596 φησὶ
3313 4526 3398 4580 διά
3426 4527 3582 4580 τοῦτο

2013 4605 2379 4675 (Σαμαρείτης
2406 4606 2510 4674 γάρ
2555 4599 2679 4674 ἦν)·
2721 4606 2813 4655 καὶ
2849 4603 3011 4666 αὑτὸς
3058 4603 3112 4656 δὲ
3158 4607 3266 4666 τοῖς
3315 4604 3580 4675 μαθηταῖς

2009 4680 2152 4734 οὕτω
2171 4681 2342 4749 λέγων
2362 4682 2643 4735 ἐκέλευσεν
2657 4698 2670 4710 ·
2686 4683 2786 4746 Εἰς
2803 4681 2944 4734 όδύν
2962 4681 3152 4735 ἐθνῶν
3164 4683 3249 4752 μὴ
3263 4683 3581 4752 ἀπέλθητε,

2012 4763 2109 4818 καὶ
2129 4765 2216 4828 είς
2245 4763 2425 4815 πόλιν
2452 4762 2824 4829 Σαμαρειτῶν
2839 4761 2924 4830 μὴ
2947 4762 3280 4830 είσέλθητε.

2082 4848 2151 4910 γ’.
2187 4841 2261 4894 Ού
2289 4841 2386 4910 τῆς
2407 4841 2642 4910 ἱστορίας
2659 4839 2714 4891 δέ
2731 4841 2914 4892 ἕνεκεν
2936 4841 3101 4911 μόνης
3123 4841 3216 4894 τοῦ
3235 4841 3398 4896 τόπου
3425 4843 3584 4914 μόνον

2010 4921 2313 4991 ἀνέμνησεν
2341 4921 2487 4989 ἡμᾶς
2508 4917 2599 4971 τοῦ
2624 4917 2812 4970 Ἰακὼϐ
2835 4921 2862 4971 ό
2885 4919 3304 4992 Εὑαγγελιστὴς,
3329 4922 3464 4976 ἀλλά
3493 4926 3584 4977 καὶ

2011 5003 2150 5072 ὑπὲρ
2193 5000 2285 5054 τοῦ
2317 4998 2484 5062 δεῖξαι
2519 4997 2614 5067 τὴν
2645 4997 2914 5069 ἀποεολὴν
2956 4999 3054 5068 τὴν
3095 4999 3388 5072 Ἰουδαῖκὴν
3419 5004 3584 5058 πάλαι

2011 5080 2402 5152 γεγενημένην.
2433 5074 2538 5128 Καὶ
2571 5076 2678 5147 γάρ
2700 5077 2790 5128 ἐπὶ
2822 5079 2928 5130 τῶν
2962 5078 3240 5149 προγόνων
3259 5079 3438 5134 αὑτῶν
3460 5083 3585 5144 τοὺς

2011 5162 2209 5224 τόπους
2240 5161 2352 5212 ἀντ’
2387 5160 2563 5214 αὑτῶν
2592 5157 2850 5226 κατέσχον
2888 5159 3104 5212 ἐκεῖνοι.
3134 5160 3200 5212 Ἀ
3223 5160 3327 5230 γὰρ
3360 5161 3406 5210 οί
3450 5160 3582 5228 πρόη

2012 5255 2158 5308 γονοι
2185 5238 2362 5292 αὐτῶν
2387 5235 2528 5309 εἶχον
2549 5279 2563 5300 ,
2597 5237 2696 5292 οὑκ
2738 5238 2868 5290 ὄντα
2912 5237 3092 5290 αὑτῶν
3111 5275 3127 5300 ,
3169 5237 3338 5290 ταὺτα
3368 5237 3454 5288 διὰ
3483 5237 3583 5304 τήν

2017 5316 2288 5388 ρᾳθυμίαν
2312 5319 2490 5372 αὑτῶν
2525 5320 2616 5372 καὶ
2641 5317 2987 5386 παρανομίαν
3005 5357 3020 5378 ,
3061 5317 3188 5368 δντα
3214 5313 3389 5366 αὑτῶν
3411 5352 3426 5376 ,
3473 5313 3583 5366 ἀπ-

2011 5394 2220 5452 ώλεσαν
2253 5389 2416 5451 οὗτοι.
2450 5396 2634 5458 Οὕτως
2659 5395 2810 5448 οὐδὲν
2831 5392 2858 5432 δ
2890 5393 3076 5464 κέρδος
3095 5433 3108 5454 ,
3142 5393 3419 5463 προγόνων
3446 5389 3586 5448 εἶναι

2073 5485 2096 5546 '_-'
2110 5482 2282 5532 Morel.
2297 5482 2456 5546 πόλεις
2467 5483 2649 5546 μυρίας,
2661 5485 2739 5531 καὶ
2750 5484 3016 5546 ὑποφόρους
3027 5485 3223 5542 ἐποίησε
3234 5487 3315 5532 καὶ
3325 5487 3585 5544 ὑποτελεῖς.

2011 5541 2031 5580 ί
2051 5543 2223 5606 ΜοΓρΙ.
2237 5544 2414 5606 καὶ-γὰρ
2434 5541 2513 5606 καὶ
2535 5541 2705 5606 χρόνου
2727 5541 2985 5605 προίόντος.
3056 5547 3078 5584 8
3094 5541 3245 5593 Sa’vil.
3272 5549 3488 5595 ἐκάλουν·
3510 5541 3588 5597 καὶ

2013 5560 2025 5580 ι
2052 5560 2221 5591 morm.
2237 5560 2385 5600 καιγα
2434 5561 2513 5590 και
2535 5561 2705 5606 χρονου
2727 5562 2985 5605 προιόντος.
3056 5560 3078 5584 δ
3094 5560 3245 5593 διινιι.
3272 5560 3488 5595 ἐκάλουν·
3510 5560 3587 5597 καί

2004 5606 2060 5652 ού
2086 5605 2247 5672 μικροί.
2319 5603 2345 5640 ιι
2369 5560 2572 5672 (inﬁdam
2597 5605 2780 5672 habent
2801 5608 2944 5672 όντως
2968 5609 3117 5672 οὐδέν.
3148 5607 3302 5672 I’aplo
3332 5617 3443 5668 post
3463 5623 3587 5656 unus

2005 5669 2157 5730 coge:
2170 5702 2181 5723 ,
2203 5669 2344 5725 isque
2358 5666 2557 5730 optima!
2579 5675 2725 5722 notae,
2742 5666 2887 5730 habnt
2906 5670 2980 5715 ἵνα
2998 5670 3140 5715 πλέον
3150 5669 3315 5730 πεῖραν
3325 5666 3460 5730 [quae
3473 5683 3584 5717 vera

2006 5727 2200 5791 yidcflur
2222 5724 2334 5791 esse
2363 5724 2527 5791 léc_lio.
2544 5731 2712 5791 Altera
2736 5728 2866 5791 euin
2896 5731 2970 5791 ενα
2989 5730 3191 5791 λεόντων
3214 5724 3379 5791 πειρον
3401 5731 3582 5777 λάϐωσι

2004 5788 2119 5835 ferri
2145 5785 2335 5850 nequit.
2359 5813 2415 5823 —-
2434 5789 2646 5850 lmoha‘c
2659 5800 2729 5835 es:
2748 5785 3340 5850 vr-rissimalemio,quain
3366 5794 3584 5839 restitui-

2003 5861 2126 5898 mus.
2148 5849 2244 5899 Res
2269 5854 2493 5898 narratur
2515 5849 2569 5900 IV
2599 5850 2722 5911 n93.
2751 5861 2864 5910 xw,
2885 5852 3059 5912 255m.
3081 5849 3386 5901 ΕυπέΡιτιι.
