4068 6136
538 388 640 449 ΓΠ

537 506 643 559 sit?
682 502 795 559 Non
823 502 965 574 quod
997 504 1225 571 timeret,
1254 500 1346 558 sed
1376 510 1433 559 ut
1461 500 1676 558 invidias
1718 514 1931 556 causam
1957 512 2096 566 prat-

537 592 826 657 scinderet,
855 601 909 647 et
944 593 1164 648 livorem
1194 593 1479 664 mitigaret.
1523 591 1737 647 Poterat
1762 588 1903 644 enim
1929 601 1988 643 se
2011 601 2106 656 ago

538 681 845 754 gredientes
893 680 1166 747 cohibere,
1211 680 1306 736 sed
1345 680 1557 735 nolebat
1602 679 1728 734 illud
1783 675 2108 747 frequentius

538 787 718 843 agere,
746 786 814 827 ne
841 771 1216 826 incarnationis
1244 771 1398 825 fidem
1424 770 1491 825 de
1518 770 1695 825 medio
1721 768 1952 823 tolleret.
1972 765 2106 821 Nam

537 865 581 920 si
612 878 755 932 saepe
782 862 1489 932 deprehensusaulugisset,
1522 861 1574 914 in
1600 874 1717 914 eam
1744 856 1884 927 apud
1913 856 2106 911 multos

535 951 893 1022 suspicionem
924 950 1174 1005 venisset.
1215 949 1338 1004 Ideo
1367 949 1534 1003 multa
1579 947 1815 1002 humano
1839 959 1989 1002 more
2031 944 2107 998 fa-

535 1044 731 1098 ciebat.
777 1040 849 1098 Ut
888 1041 1030 1097 enim
1076 1040 1222 1096 credi
1251 1040 1437 1104 voluit,
1467 1053 1527 1094 se
1577 1037 1741 1093 Deum
1768 1050 1908 1103 esse,
1940 1036 2013 1090 ita
2051 1042 2106 1089 et

543 1150 758 1191 carnem
781 1142 1039 1206 gestasse.
1062 1133 1187 1189 Iden
1213 1142 1331 1203 post
1365 1131 1810 1186 resurrectionem
1840 1127 2105 1197 discipulo

537 1225 775 1280 diccbat:
801 1223 969 1293 Palpa
991 1233 1038 1277 et
1060 1223 1191 1289 ride,
1212 1222 1332 1290 quia
1360 1221 1564 1293 spiritus
1588 1236 1788 1274 carnem
1807 1227 1851 1273 et
1871 1234 1984 1273 ossa
2004 1232 2104 1271 non

536 1317 681 1370 habet
710 1314 857 1387 (Luc.
879 1313 970 1369 2i.
1000 1312 1114 1384 59).
1143 1310 1344 1366 Idcirco
1365 1311 1576 1366 Petrum
1606 1310 1898 1379 increpavit
1916 1307 2102 1363 dicen-

537 1416 668 1470 tem,
697 1403 961 1475 PrOpitius
990 1410 1091 1457 esto
1117 1402 1225 1467 tibi,
1250 1416 1352 1455 non
1394 1402 1486 1455 erit
1514 1400 1602 1455 tibi
1645 1401 1739 1454 hoc
1763 1398 1974 1471 (Matth.
2013 1397 2100 1454 16.

537 1493 653 1565 22).
681 1492 909 1548 Tantum
936 1506 999 1547 ea
1027 1490 1092 1546 de
1122 1505 1181 1547 re
1205 1490 1464 1546 sollicitus
1493 1489 1611 1545 fuit.

604 1584 661 1637 2.
692 1582 821 1637 Nam
848 1597 954 1637 non
978 1581 1181 1637 modica
1211 1579 1325 1635 haec
1351 1587 1433 1635 est
1458 1581 1597 1635 inter
1617 1578 1866 1634 Ecclesixe
1887 1576 2104 1646 dogma-

534 1686 586 1731 ta
613 1675 806 1747 portio,
838 1675 945 1728 imo
965 1672 1147 1729 salutis
1186 1681 1381 1728 nostra!
1418 1679 1577 1742 caput
1599 1711 1614 1736 ,
1644 1685 1738 1741 per
1763 1668 1902 1740 quod
1923 1666 2100 1723 omnia

538 1767 669 1823 facta
696 1772 1167 1835 consummataqne
1188 1771 1332 1820 sunt.
1365 1761 1455 1818 Sic
1478 1775 1623 1817 mors
1659 1760 1831 1816 soluta
1850 1799 1866 1825 ,
1908 1772 2097 1829 pecca-

537 1868 647 1914 tum
676 1856 964 1922 sublatum,
989 1853 1324 1911 maledictum
1354 1852 1660 1922 abrogatum
1700 1889 1718 1915 ,
1748 1849 2020 1904 innumera
2048 1846 2101 1902 in

536 1948 696 2001 vitam
761 1952 998 2000 nostram
1050 1941 1263 1999 inducta
1315 1942 1452 1997 bona
1500 1948 1644 1996 sunt.
1699 1939 1823 1996 Ideo
1874 1937 2102 1993 maxime

532 2036 884 2092 (economiam
914 2032 1060 2097 credi
1087 2031 1334 2100 volebat,
1376 2046 1495 2103 quae
1520 2030 1668 2085 radis
1704 2037 1760 2084 et
1786 2027 1906 2083 fons
1948 2026 2103 2082 nobis

535 2127 933 2180 innumerorum
960 2123 1134 2180 fuerat
1157 2122 1439 2180 bonorum.
1488 2121 1621 2176 Dum
1647 2130 1824 2176 autem
1874 2119 2101 2174 humana
2146 2118 2149 2123 ’

534 2213 893 2286 dispensabat,
940 2227 1045 2269 non
1071 2212 1279 2268 sinebat
1303 2211 1480 2267 divina
1498 2209 1789 2267 obscurari.
1835 2208 1968 2264 Cum
2012 2223 2100 2264 re-

534 2304 783 2361 cessisset
806 2318 954 2375 ergo,
982 2318 1044 2359 ea
1067 2303 1202 2375 ipsa,
1232 2317 1348 2373 qua:
1373 2302 1536 2373 prius,
1570 2309 1799 2357 tractare
1826 2298 2099 2371 pergebat.

536 2395 716 2466 Neque
743 2394 886 2451 enim
912 2393 1029 2449 sine
1053 2407 1212 2450 causa
1241 2393 1293 2449 in
1314 2391 1585 2449 Galilaeam
1615 2392 1841 2459 abierat,
1863 2388 1958 2447 sed
1984 2404 2100 2445 ma-

534 2503 634 2557 gna
661 2499 855 2557 parans
872 2484 1013 2557 apud
1039 2484 1399 2541 Samaritanos
1422 2485 1666 2556 negotia;
1695 2499 1793 2540 nec
1817 2492 2102 2555 utcumque

537 2578 623 2633 illa
648 2576 984 2648 dispensans,
1015 2575 1106 2632 sed
1134 2585 1327 2646 quanta
1353 2591 1450 2646 par
1472 2576 1568 2646 ipsi
1597 2583 1714 2631 erat
1738 2574 2019 2646 sapientia,
2043 2581 2103 2629 ut

538 2666 735 2722 nullam
762 2665 959 2722 Iudaeis
984 2665 1068 2721 vel
1094 2664 1411 2736 impudentis
1432 2665 1786 2721 excusationis
1813 2680 1996 2720 ansam
2022 2681 2103 2721 re-

538 2759 800 2829 linqueret
828 2775 842 2812 :
870 2755 1010 2828 quod
1039 2756 1380 2812 subindicans
1399 2756 1718 2826 evangelista
1736 2756 2026 2827 subjnnsit,
2044 2756 2098 2813 4.

540 2848 805 2920 Oportebat
831 2858 999 2902 autem
1026 2846 1168 2901 illum
1187 2848 1402 2902 transire
1422 2863 1511 2917 per
1540 2847 1827 2903 Samariam
1848 2889 1864 2914 ,
1914 2855 1973 2901 ut
2016 2862 2103 2901 os-

539 2940 778 2996 tenderet
812 2940 986 3010 ipsum
1025 2938 1127 2994 hoc
1148 2939 1298 3009 quasi
1319 2939 1493 2994 obiter
1516 2938 1727 2995 fecisse.
1756 2938 1845 2995 Sic
1882 2947 1936 2994 et
1966 2951 2097 3006 apo-

538 3032 656 3087 stoli
680 3031 926 3102 agebant.
955 3028 1089 3085 Nam
1118 3029 1256 3085 sicut
1282 3030 1379 3096 illi,
1401 3029 1600 3086 Judmis
1629 3031 2095 3101 persequentibus,

538 3121 601 3177 ad
620 3129 808 3192 gentes
834 3119 1119 3176 veniebant
1144 3138 1158 3175 :
1189 3120 1260 3174 ita
1286 3127 1340 3175 et
1367 3119 1609 3175 Christus
1626 3160 1643 3186 ,
1671 3119 1885 3190 quando
1926 3119 2099 3190 ipsum

538 3212 820 3284 pellebant,
849 3220 974 3266 tunc
997 3220 1184 3281 gentes
1204 3210 1402 3277 adibat,
1428 3220 1485 3266 ut
1512 3211 1565 3265 in
1594 3210 2000 3283 Syrophmnissa
2024 3211 2102 3268 fe-

537 3303 626 3359 cit.
642 3303 765 3359 Haec
787 3317 946 3373 porro
960 3301 1039 3356 sic
1056 3309 1202 3372 gesta
1228 3310 1368 3366 sunt,
1392 3310 1449 3355 ut
1461 3303 1635 3356 omnis
1648 3301 1887 3359 defensio
1901 3301 2099 3358 Judzeis

539 3392 827 3459 tolleretur,
856 3406 954 3447 nec
967 3390 1147 3447 dicere
1165 3401 1400 3461 possent.
1430 3390 1594 3447 Nobis
1620 3393 1820 3448 relictis
1849 3393 1915 3448 ad
1935 3394 2098 3449 incir-

538 3486 798 3540 eumcisos
825 3481 1095 3554 profectus
1118 3491 1219 3538 est.
1242 3482 1573 3553 Quapmpter
1592 3483 1856 3552 discipuli,
1893 3492 1951 3538 ut
1980 3498 2101 3539 sese

539 3586 837 3650 purgarent,
892 3576 1137 3633 dicebant
1172 3593 1186 3630 :
1247 3574 1397 3631 Vobis
1419 3577 1671 3646 oportebat
1699 3577 1918 3646 primum
1963 3577 2100 3646 loqui

539 3668 732 3722 verbum
751 3666 850 3722 Dei
874 3683 892 3721 :
919 3668 1038 3737 quia
1064 3682 1180 3721 vero
1200 3666 1431 3736 indignos
1458 3681 1544 3720 vos
1558 3666 1824 3734 judicatis,
1854 3681 1963 3719 ecce
1987 3680 2101 3719 con-

539 3758 769 3813 vertimur
791 3758 860 3812 ad
900 3758 1111 3829 gentes(
1143 3757 1252 3810 Act.
1281 3756 1367 3811 l5.
1410 3754 1479 3809 ιϐ
1506 3754 1554 3824 );
1587 3762 1642 3810 et
1690 3755 1804 3825 ipse
1850 3769 2059 3811 rursum
2079 3795 2098 3823 ,

542 3847 657 3903 Non
679 3849 788 3903 ueni
833 3848 931 3902 nisi
958 3847 1025 3900 ad
1084 3863 1197 3901 oves
1240 3862 1352 3916 qua:
1402 3846 1652 3916 perierunt
1696 3846 1874 3900 domus
1921 3843 2088 3901 Israel

543 3939 560 4008 (
592 3937 775 3993 Matth.
813 3938 897 3993 15.
925 3937 1015 3992 24.
1044 3938 1065 4007 )
1091 3953 1104 4003 ;
1129 3948 1181 3993 et
1214 3951 1424 3992 rursum
1448 3976 1464 4001 ,
1497 3935 1616 3990 Non
1654 3947 1724 3992 est
1748 3937 1931 3991 bonum
1958 3937 2098 3991 acci-

541 4044 651 4095 pere
690 4043 871 4099 panem
906 4027 1159 4096 ﬁliorum,
1184 4035 1230 4080 et
1271 4026 1392 4080 dare
1436 4026 1640 4080 canibus
1668 4024 1688 4097 (
1719 4024 1854 4080 Ibid.
1881 4042 1926 4080 υ.
1953 4025 2023 4082 26
2055 4027 2096 4097 ).

538 4118 666 4172 Cum
686 4127 862 4172 autem
894 4116 1037 4170 illum
1066 4112 1395 4184 repulerunt,
1426 4124 1551 4170 tunc
1592 4114 1806 4185 ianuam
1853 4115 2101 4187 gentibus

538 4214 871 4277 aperuerunt.
893 4205 1072 4276 Neque
1096 4214 1269 4260 tamen
1294 4206 1372 4260 sic
1400 4204 1464 4259 ad
1492 4205 1606 4259 illos
1632 4205 1897 4274 praecipue
1920 4204 2101 4259 venie-

540 4298 646 4364 bat,
663 4294 758 4353 sed
780 4295 1105 4350 transeundo
1127 4304 1351 4351 tantum.
1381 4294 1671 4350 Transiens
1698 4293 1887 4363 igitur,
1911 4294 1964 4348 5.
2000 4291 2096 4349 Ve-

540 4390 643 4442 nit‘
673 4390 724 4442 in
751 4389 997 4442 ciuitatem
1020 4388 1270 4443 Samaria:
1292 4429 1306 4452 ,
1328 4402 1443 4456 qua
1469 4386 1653 4439 dicitur
1679 4385 1896 4456 Sychar,
1943 4402 2101 4458 prope

539 4479 721 4544 10mm,
740 4493 886 4548 quem
902 4477 1043 4531 dedit
1064 4475 1225 4531 Iacob
1247 4475 1437 4547 Ioseph
1459 4474 1566 4544 ﬁlio
1592 4491 1704 4529 suo.
1749 4476 1803 4530 6.
1839 4473 1969 4529 Erat
1997 4491 2098 4529 au-

538 4580 631 4623 tem
657 4569 761 4623 illic
788 4567 904 4637 fons
935 4566 1114 4622 Iacob.
1130 4566 1238 4624 Cur
1258 4566 1582 4635 evangelista
1608 4567 1674 4621 de
1692 4566 1808 4621 loco
1837 4567 1915 4621 sic
1938 4579 2096 4621 accu-

538 4668 648 4713 rate
689 4658 920 4728 loquitur
945 4657 971 4712 ἲ
996 4656 1067 4713 Ut
1089 4672 1208 4712 cum
1225 4656 1455 4711 audieris
1482 4655 1755 4710 mulierem
1783 4655 2047 4711 dicentem
2078 4695 2097 4723 ,

537 4745 692 4800 Jacob
719 4757 863 4816 pater
886 4755 1054 4800 noster
1081 4745 1216 4799 dedit
1252 4745 1390 4799 nobis
1434 4745 1565 4798 hunc
1604 4753 1810 4811 puteum
1830 4783 1844 4809 ,
1875 4759 1942 4800 ne
1984 4753 2101 4799 stu-

540 4849 677 4900 peas.
707 4833 839 4890 Nam
866 4834 1016 4890 locus
1041 4834 1130 4890 ille
1169 4843 1314 4897 erat,
1349 4834 1436 4887 ubi
1478 4848 1574 4904 pro
1604 4833 1734 4888 Dina
1766 4834 2099 4905 indignantes

539 4925 658 4980 Levi
684 4933 739 4979 et
764 4924 999 4996 Symeon
1021 4964 1037 4990 ,
1073 4938 1283 4992 gravem
1314 4923 1453 4977 illam
1502 4923 1703 4978 cmdem
1733 4932 2023 4992 patrarunt.

606 5012 1042 5069 Samaritanorum
1057 5013 1263 5083 origo.-
1274 5011 1387 5067 Non
1411 5012 1505 5068 abs
1523 5029 1579 5068 re
1599 5023 1773 5067 autem
1793 5013 1970 5081 fuerit,
1995 5029 2096 5069 un-

540 5103 601 5160 de
618 5105 878 5176 originem
909 5103 1194 5159 habuerint
1218 5103 1532 5159 Samaritani
1554 5120 1793 5160 narrare.
1829 5103 1960 5159 Nam
1988 5112 2096 5159 tota

542 5193 623 5248 illa
650 5195 797 5264 regio
820 5194 1061 5251 Samaria
1088 5204 1325 5250 vocatur.
1372 5192 1524 5250 Unde
1571 5209 1700 5265 ergo
1745 5196 1821 5249 sic
1848 5195 2096 5264 appellati

540 5285 700 5338 sunt?
726 5285 921 5340 Somor
947 5299 1102 5340 mons
1149 5284 1240 5338 ille
1286 5285 1653 5339 nominabatur
1679 5300 1708 5338 a
1755 5285 1981 5354 quodam
2009 5284 2097 5354 qui

541 5376 683 5431 illum
713 5377 1048 5447 possederat,
1074 5377 1271 5432 utdicit
1293 5376 1453 5433 Isaias
1474 5418 1489 5442 ,
1537 5374 1604 5430 Et
1645 5385 1796 5446 caput
1849 5376 2098 5431 Somaron

542 5462 786 5536 Ephraim
826 5470 847 5539 (
883 5467 1010 5521 Isai.
1043 5468 1094 5520 7.
1118 5468 1151 5522 9
1179 5469 1240 5537 );
1272 5467 1363 5521 sed
1384 5468 1472 5537 qui
1500 5468 1643 5521 illum
1673 5467 1970 5521 incolebant
1991 5482 2096 5521 non

541 5557 874 5623 Samaritani,
895 5558 988 5613 sed
1017 5557 1267 5613 Israelita;
1289 5558 1628 5612 vocabantur.
1660 5557 1718 5612 In
1748 5557 1973 5613 decursu
2001 5573 2095 5612 ve—

598 5687 698 5760 ‘Ll’n
723 5689 881 5760 μοι-«ξι.
906 5689 1112 5760 legitur:
1134 5693 1452 5760 «transeundo
1474 5699 1668 5744 tantum.
1703 5693 1776 5745 sic
1800 5692 1992 5745 σοηδεΙὶο
2014 5707 2097 5745 suo

541 5750 788 5810 patefacto,
812 5750 1145 5813 pergit'dicens
1173 5766 1187 5803 :
1209 5756 1359 5816 I’em‘l,
1387 5763 1482 5805 etc.

1555 383 1621 443 IN
1657 382 1971 444 JOANNEM
2009 382 2237 438 IIOMIL.
2282 382 2471 438 XXXI.
2502 385 2574 440 al.
2618 385 2784 442 XXX.
3679 394 3776 450 178

2218 509 2278 550 ro
2301 499 2554 564 temporis
2580 499 2744 554 Deum
2769 498 3102 557 offenderunt
3123 517 3138 567 ;
3163 510 3216 557 et
3236 501 3442 559 Phacee
3479 517 3733 574 regnante
3758 545 3779 569 .

2218 585 2517 641 ascendens
2563 585 2827 656 Theglath
2855 587 3141 654 Phalasar,
3172 590 3366 645 multas
3405 591 3545 660 cepit
3590 590 3777 655 urbes.

2213 672 2363 729 Elam
2412 675 2629 732 adortus
2679 678 2911 745 occidit,
2964 689 3024 736 et
3069 678 3222 736 Osete
3276 695 3494 752 regnum
3541 680 3775 736 tradidit.

2212 763 2363 819 Ilunc
2384 779 2662 835 aggressus
2688 766 3025 823 Salmanasar
3050 768 3217 824 alias‘
3240 770 3384 840 eepit
3403 769 3578 835 urbes,
3605 779 3659 827 et
3680 771 3784 826 tri-

2210 854 2443 913 butarias
2472 854 2597 911 fecit
2618 858 2695 927 (4.
2721 855 2844 928 Reg.
2873 850 3188 928 I7)1Vernm
3213 860 3348 915 Osee
3366 861 3540 929 primo
3562 860 3776 931 quidem

2209 946 2390 1011 cessit,
2412 945 2606 1003 deinde
2635 962 2763 1003 vero
2791 947 3087 1014 rebellavit,
3110 958 3164 1003 et
3186 949 3253 1003 ad
3288 949 3605 1020 Etltiopum.
3622 953 3773 1006 auxi-

2210 1035 2337 1090 lium
2363 1035 2616 1106 confugit.
2639 1036 2720 1092 Re
2738 1037 2971 1108 cognita,
3003 1038 3254 1108 Assyrius
3282 1040 3572 1094 exercitum
3600 1039 3778 1097 admo-

2208 1125 2305 1190 vit,
2335 1133 2565 1196 etcapta
2589 1125 2802 1181 civitate
2820 1168 2835 1192 ,
2857 1134 3069 1198 gentem
3094 1127 3241 1182 illam
3266 1143 3373 1183 non
3426 1128 3496 1183 ibi
3547 1130 3779 1198 amplius

2212 1215 2453 1271 habitare
2474 1216 2732 1285 permisit,
2757 1218 3033 1273 neiterum
3064 1217 3359 1274 deficerent
3385 1233 3401 1285 ;
3429 1218 3525 1274 sed
3555 1219 3641 1274 his
3674 1219 3774 1274 Ba-

2208 1305 2455 1378 bylonem
2484 1315 2541 1361 et
2568 1305 2622 1360 in
2644 1305 2867 1361 Mediam
2898 1305 3189 1373 translatis,
3216 1315 3402 1377 gentes
3427 1308 3562 1362 alias
3614 1309 3779 1365 variis

2209 1413 2274 1453 ex
2301 1397 2435 1452 locis
2460 1397 2679 1453 eductas
2723 1398 2775 1452 in
2820 1397 3114 1456 Samariam
3163 1398 3456 1455 habitatum
3503 1401 3669 1468 misit,
3722 1410 3781 1456 ut

2207 1488 2418 1545 ﬁrmum
2444 1505 2598 1545 suum
2623 1488 2707 1545 his
2734 1489 2787 1544 in
2812 1490 2942 1546 locis
2962 1491 3242 1560 imperium
3270 1500 3454 1562 postea
3480 1500 3625 1548 esset
3650 1533 3666 1559 ,
3693 1507 3781 1547 re-

2164 1586 2173 1594 '
2207 1580 2364 1650 gione
2393 1578 2511 1635 lidis
2539 1579 2726 1636 incolis
2750 1580 2958 1636 tradita.
3001 1581 3093 1637 liis
3114 1582 3183 1637 ita
3206 1584 3391 1654 gestis,
3420 1583 3566 1639 Deus
3601 1593 3658 1639 ut
3678 1598 3779 1653 po-

2210 1670 2427 1726 tentiam
2450 1684 2599 1725 suam
2628 1671 2959 1738 ostenderet,
2988 1672 3236 1742 quodque
3256 1686 3362 1728 non
3393 1672 3464 1728 ob
3489 1672 3769 1729 imbecilli-

2206 1768 2367 1816 tatem
2403 1759 2615 1816 Judzeos
2663 1758 2998 1829 tradidisset,
3055 1762 3150 1817 sed
3204 1770 3422 1835 propter
3476 1763 3773 1819 incolarum

2208 1859 2443 1920 peccata,
2476 1849 2661 1905 leones
2688 1848 2741 1904 in
2770 1848 3027 1905 barbaros
3056 1849 3297 1916 immisit,
3337 1852 3426 1920 qui
3454 1859 3617 1906 totam
3641 1866 3769 1922 gen-

2208 1949 2313 1994 tem
2336 1939 2701 1995 devastabant.
2729 1939 2854 1996 Hmc
2876 1940 2987 2011 regi
3012 1942 3356 2007 nuntiantur;
3380 1941 3470 1997 ille
3493 1942 3656 1997 mittit
3684 1957 3781 1997 sa-

2205 2029 2477 2085 cerdotem
2501 2029 2806 2100 quemdam,
2836 2030 2928 2099 qui
2964 2030 3055 2085 Dei
3090 2031 3233 2101 leges
3254 2031 3383 2102 ipsis
3409 2031 3658 2088 traderet.
3684 2035 3779 2088 At-

2208 2130 2383 2176 tamen
2413 2136 2481 2176 ne
2500 2122 2577 2177 sic
2595 2120 2807 2192 quidem
2831 2121 3047 2176 omnino
3075 2121 3143 2177 ab
3165 2121 3436 2192 impietate
3459 2121 3780 2180 destiterunt

2205 2210 2299 2268 sed
2328 2211 2518 2282 partim
2541 2218 2767 2285 tantum.
2793 2210 3096 2281 Insequenti
3124 2218 3304 2267 autem
3334 2218 3571 2281 tempore
3594 2253 3610 2278 ,
3657 2211 3778 2268 ido-

2209 2305 2380 2361 lorum
2404 2303 2613 2375 abjecto
2632 2304 2797 2371 cultu,
2826 2303 2992 2359 Deum
3037 2303 3338 2358 coluerunt.
3384 2302 3519 2359 Cum
3573 2301 3676 2360 hoc
3722 2303 3775 2359 in

2206 2404 2346 2450 statu
2370 2409 2458 2450 res
2483 2403 2683 2461 essent,
2706 2393 2905 2450 reversi
2925 2392 3115 2460 Judaei,
3143 2392 3243 2449 hos
3270 2402 3331 2447 ut
3354 2392 3683 2464 alienigenas
3721 2402 3778 2448 et

2207 2488 2388 2545 hostes
2418 2487 2801 2545 aversabantur
2819 2527 2835 2555 ,
2861 2500 2997 2557 quos
3025 2500 3055 2540 a
3086 2494 3267 2541 monte
3289 2484 3654 2541 Samaritanus
3679 2500 3776 2540 vo-

2204 2580 2416 2634 cabant.
2440 2577 2641 2634 Iudaeis
2667 2592 2797 2633 vero
2838 2591 2944 2631 non
2972 2576 3095 2631 hinc
3120 2589 3278 2645 parva
3300 2590 3420 2629 cum
3469 2574 3598 2645 ipsis
3636 2576 3775 2630 orie-

2205 2670 2360 2726 batur
2387 2670 2678 2737 contentio,
2699 2667 2840 2741 quod
2860 2683 2965 2723 non
2987 2675 3126 2723 totas
3138 2666 3437 2737 Scripturas
3454 2665 3774 2737 reciperent,

2204 2762 2298 2818 sed
2346 2761 2541 2834 Moysis
2597 2769 2798 2816 tantum
2825 2760 3025 2827 libros;
3075 2773 3174 2815 nec
3222 2758 3510 2828 prOpbetas
3554 2757 3774 2814 multum

2205 2860 2473 2908 curarent.
2498 2852 2775 2908 Samarita:
2791 2865 2918 2907 vero
2937 2851 3208 2907 Judaieam
3222 2849 3551 2906 nobilitatem
3573 2849 3777 2906 ambie-

2205 2946 2354 3014 bant,
2381 2960 2656 3016 genusque
2682 2960 2835 3000 suum
2878 2945 2943 2999 ad
2972 2943 3240 3000 Abraham
3271 2943 3422 3014 quasi
3464 2942 3773 3013 progenito-

2206 3054 2317 3094 rem
2348 3037 2671 3103 referebant,
2709 3045 2890 3107 utpote
2913 3037 3002 3107 qui
3021 3051 3087 3092 ex
3111 3034 3360 3091 Chaldaaa
3380 3041 3581 3100 essent,
3610 3041 3663 3087 et
3688 3032 3773 3088 Ja-

2202 3128 2304 3187 cob
2330 3137 2528 3200 patrem
2552 3142 2709 3184 suum
2737 3128 3015 3196 vocabant,
3039 3135 3222 3197 utpote
3246 3125 3472 3182 Abrahae
3494 3131 3741 3195 nepotem
3757 3141 3773 3173 :

2202 3220 2368 3278 Judaei
2390 3237 2517 3277 vero
2540 3235 2660 3277 cum
2686 3221 2893 3276 caeteris
2916 3219 3165 3275 omnibus
3212 3217 3356 3289 ipsos
3393 3231 3606 3288 quoque
3644 3215 3773 3271 abo-

2204 3313 2556 3369 minabantur.
2616 3309 2763 3368 Unde
2787 3319 2842 3366 et
2862 3308 3075 3366 Christo
3101 3307 3494 3379 exprobrabant
3522 3307 3603 3361 his
3650 3321 3770 3360 ver-

2204 3403 2320 3459 bis:
2364 3402 2721 3458 Samaritanus
2744 3417 2795 3455 es
2816 3410 2869 3455 tu
2889 3442 2904 3467 ,
2927 3410 2973 3455 et
2994 3400 3295 3456 damonium
3317 3400 3468 3454 habes
3493 3400 3510 3468 (
3534 3396 3691 3453 Joan.
3714 3397 3769 3453 8.

2203 3493 2272 3549 48
2297 3494 2341 3564 ).
2370 3494 2437 3549 Et
2465 3491 2517 3547 in
2543 3492 2760 3547 historia
2789 3490 2906 3559 ejus
2930 3490 3017 3560 qui
3062 3488 3415 3544 descenderat
3460 3487 3528 3543 ab
3555 3486 3771 3542 Jerusa-

2204 3584 2310 3641 lem
2344 3586 2395 3639 in
2416 3582 2650 3647 Jericho,
2682 3581 2771 3636 illa
2803 3581 2915 3649 ipsa
2942 3579 3010 3632 de
3030 3592 3190 3633 causa
3215 3577 3459 3632 Christus
3487 3577 3774 3631 Samarita-

2205 3690 2331 3730 num
2362 3673 2579 3739 inducit,
2613 3671 2712 3738 Qui
2740 3672 2856 3741 fecit
2899 3667 3294 3723 misericordiam
3351 3668 3404 3720 in
3454 3666 3545 3720 illo
3593 3663 3767 3737 (Luc.

2205 3766 2293 3822 10.
2325 3766 2392 3821 '57
2421 3763 2460 3837 ),
2494 3764 2651 3818 vilem
2684 3776 2875 3830 nempe
2900 3773 3206 3830 personam,
3236 3748 3543 3828 despectam
3559 3764 3613 3810 et
3632 3756 3772 3825 apud

2205 3856 2323 3911 illos
2342 3851 2771 3910 abominabilem.
2803 3851 2869 3907 Et
2894 3866 2958 3906 ex
2980 3849 3166 3906 decem
3214 3847 3440 3919 leprosis
3460 3860 3625 3901 unum
3641 3845 3775 3900 alie-

2204 3951 2446 4020 nigenam
2478 3956 2650 4013 vocat,
2695 3945 2817 4017 quia
2860 3943 3223 4001 Samaritanus
3275 3949 3391 3996 erat
3417 3956 3431 3991 :
3458 3947 3616 4007 atque
3663 3938 3774 4006 ipse

2203 4039 2475 4108 discipulis
2492 4038 2711 4107 loquens
2735 4034 2942 4090 dicebat
2974 4051 2986 4085 :
3016 4032 3080 4086 In
3102 4032 3232 4085 uiam
3253 4029 3472 4100 gentium
3502 4044 3565 4082 ne
3589 4027 3772 4079 abieti-

2204 4132 2287 4197 tis,
2308 4139 2354 4182 et
2377 4129 2429 4182 in
2444 4128 2687 4181 civitatem
2704 4125 3141 4180 Samaritanorum
3165 4136 3228 4175 ne
3243 4118 3540 4173 intraveritis
3561 4115 3771 4188 (Matth.

2204 4221 2290 4276 l0.
2320 4220 2353 4274 5
2373 4221 2413 4288 ).

2274 4312 2328 4366 3.
2350 4310 2464 4365 Non
2492 4318 2547 4363 ut
2569 4306 2838 4362 historiam
2866 4311 3066 4360 texeret
3087 4310 3310 4370 tantum,
3340 4300 3660 4370 evangelista
3686 4298 3773 4354 Ja-

2202 4401 2393 4457 cobum
2438 4397 2770 4462 memoravit,
2815 4395 2910 4451 sed
2956 4392 3252 4450 utJudteos
3278 4391 3479 4463 jamdiu
3522 4388 3777 4458 espulsos

2202 4491 2525 4550 ostenderet.
2567 4488 2839 4560 Siquidem
2880 4486 3276 4559 progenitorum
3311 4480 3636 4552 temporibus
3660 4478 3791 4547 Ῑειιιρ

2206 4588 2319 4640 haec
2365 4582 2495 4638 olim
2534 4594 2629 4637 sua
2682 4579 2797 4634 loca
2848 4573 3296 4647 oceupabantilli.
3331 4572 3458 4639 Quae
3483 4570 3624 4626 enim
3653 4568 3768 4624 loca

2202 4678 2567 4750 progenitores
2616 4676 2717 4739 sui,
2750 4688 2857 4729 non
2887 4672 3012 4726 olim
3036 4685 3153 4735 sua,
3182 4666 3534 4738 occupabant,
3559 4662 3677 4717 haec
3701 4661 3770 4716 ob

2204 4770 2463 4841 ignaviam
2493 4776 2545 4823 et
2570 4766 2861 4836 nequitiam
2887 4763 2940 4818 hi
2963 4776 3112 4816 suam
3163 4759 3474 4813 amiserant.
3502 4755 3593 4810 Sic
3640 4750 3768 4805 nihil

2201 4861 2417 4933 prodest
2443 4876 2473 4914 a
2501 4859 2656 4914 bonis
2680 4854 3102 4926 progenitoribus
3129 4851 3280 4916 oriri,
3301 4849 3345 4903 si
3371 4854 3589 4933 nepotes
3613 4844 3768 4911 dege-

2203 4960 2408 5010 nerent.
2432 4949 2651 5006 Barbari
2676 4948 2836 5012 enim,
2884 4941 3101 4997 leonum
3138 4946 3344 4994 tantum
3378 4932 3640 4989 saevitiam
3672 4946 3785 4986 εκγμ

2203 5041 2443 5116 perti,ad
2470 5039 2746 5108 Iudaicum
2786 5035 2962 5089 Statim
3005 5033 3205 5086 cultum
3250 5027 3554 5116 redierunt;
3602 5021 3765 5075 Judari

2202 5113 2329 5189 vero
2350 5140 2427 5189 tot
2442 5128 2693 5185 aerumnis
2707 5124 2967 5195 castigati,
2984 5138 3053 5178 ne
3079 5122 3148 5175 ita
3170 5118 3383 5190 quidem
3410 5113 3761 5182 resipuerunt.

2268 5333 2281 5360 ι
2321 5323 2480 5375 Morel.
2505 5322 2649 5385 legit,
2683 5323 2948 5385 εεπςεηωδν
2970 5328 3073 5385 Ρ¹Ϊεθθ
3095 5312 3298 5385 τ”ίέιῗλη
3324 5384 3330 5385 ,
3352 5381 3367 5385 ,
3405 5376 3442 5385 -.
3483 5369 3493 5385 ε

2266 5367 3112 5447 (ιιῖῖἶίξοξδῖἷῖεἶέὶιίίᾶΙὺιθῲιῖθιρξη
3151 5367 3766 5447 ﬁdi-tione‘e‘tinﬂatu-ato

2202 5428 2755 5510 salsissimus
2778 5428 3083 5510 ει
3107 5428 3765 5510 ςφξιίὲηΐιζαέιὲιξρῖξέρζίζνέν

2204 5497 2635 5560 etuewem'ordine
2656 5504 2705 5550 in
2726 5499 2940 5563 vulgata.
2962 5505 3075 5563 Quae
3097 5507 3216 5563 vero
3237 5504 3355 5563 mox.
3370 5497 3653 5563 memoriter
3666 5500 3765 5563 na‘r:

2204 5547 2739 5620 i5:"étiiy"§o§iaﬁ{tis'ae
2757 5547 2994 5620 'ihizglatli
3015 5554 3309 5620 t'halassare,
3326 5552 3389 5601 de
3586 5549 3689 5620 Eia,
3704 5547 3765 5594 de

2202 5610 2799 5692 'rbjt—Iiiopuquucm
2843 5610 2973 5692 ponit
2990 5631 3082 5692 pro
3104 5630 3226 5692 rege
3249 5614 3588 5692 Aigyptiorunr

2205 5676 2413 5754 iniquam.
2439 5676 2712 5754 ontnia_tto'tt_
2724 5676 2947 5730 accurate
2971 5676 3092 5754 dicta
3120 5676 3256 5737 sunt;
3290 5680 3377 5726 sed
3402 5682 3455 5754 ult
3477 5676 3762 5754 sese:

2203 5733 2522 5804 Ji‘iiidiiénus
2545 5744 2832 5804 offerebant,
2865 5742 2990 5805 quod
3025 5739 3139 5790 alias
3163 5733 3259 5788 non
3280 5733 3439 5786 semel
3460 5735 3759 5782 observatur.
