  <div class='ocr_page' id='page_1' title='image "/cluster/home/n/w/nwhite01/storage/ocr_20150623/59/mdp.39015009383640/177.png"; bbox 0 0 4068 6136; ppageno 0'>
   <div class='ocr_carea' id='block_1_1' title="bbox 364 311 462 364">
    <p class='ocr_par' dir='ltr' id='par_1_1' title="bbox 364 311 462 364">
     <span class='ocr_line' id='line_1_1' title="bbox 364 311 462 364; baseline 0.01 -2"><span class='ocrx_word' id='word_1_1' title='bbox 364 311 462 364; x_wconf 72' lang='grc'><strong>179</strong></span> 
     </span>
    </p>
   </div>
   <div class='ocr_carea' id='block_1_2' title="bbox 361 407 1926 489">
    <p class='ocr_par' dir='ltr' id='par_1_2' title="bbox 361 407 1926 489">
     <span class='ocr_line' id='line_1_2' title="bbox 361 407 1926 489; baseline -0.007 -17"><span class='ocrx_word' id='word_1_2' title='bbox 361 419 473 473; x_wconf 90' lang='lat' dir='ltr'><strong>lluc</strong></span> <span class='ocrx_word' id='word_1_3' title='bbox 503 419 678 489; x_wconf 87' lang='lat' dir='ltr'><strong>itaque</strong></span> <span class='ocrx_word' id='word_1_4' title='bbox 703 416 942 473; x_wconf 88' lang='lat' dir='ltr'><strong>Christus</strong></span> <span class='ocrx_word' id='word_1_5' title='bbox 969 414 1142 478; x_wconf 86' lang='lat' dir='ltr'><strong>venit,</strong></span> <span class='ocrx_word' id='word_1_6' title='bbox 1170 413 1382 467; x_wconf 89' lang='lat' dir='ltr'><strong>mollem</strong></span> <span class='ocrx_word' id='word_1_7' title='bbox 1412 421 1466 466; x_wconf 89' lang='lat' dir='ltr'><strong>et</strong></span> <span class='ocrx_word' id='word_1_8' title='bbox 1495 408 1743 465; x_wconf 77' lang='lat' dir='ltr'><strong>lascivom</strong></span> <span class='ocrx_word' id='word_1_9' title='bbox 1767 407 1926 461; x_wconf 87' lang='lat' dir='ltr'><strong>vitam</strong></span> 
     </span>
    </p>
   </div>
   <div class='ocr_carea' id='block_1_3' title="bbox 361 497 1926 580">
    <p class='ocr_par' dir='ltr' id='par_1_3' title="bbox 361 497 1926 580">
     <span class='ocr_line' id='line_1_3' title="bbox 361 497 1926 580; baseline -0.01 -15"><span class='ocrx_word' id='word_1_10' title='bbox 361 525 572 580; x_wconf 78' lang='lat' dir='ltr'><strong>semper</strong></span> <span class='ocrx_word' id='word_1_11' title='bbox 597 509 832 578; x_wconf 81' lang='lat' dir='ltr'><strong>abigens.</strong></span> <span class='ocrx_word' id='word_1_12' title='bbox 856 505 1173 560; x_wconf 80' lang='lat' dir='ltr'><strong>laboriosam</strong></span> <span class='ocrx_word' id='word_1_13' title='bbox 1207 516 1330 558; x_wconf 82' lang='lat' dir='ltr'><strong>vero</strong></span> <span class='ocrx_word' id='word_1_14' title='bbox 1353 511 1407 557; x_wconf 91' lang='lat' dir='ltr'><strong>et</strong></span> <span class='ocrx_word' id='word_1_15' title='bbox 1431 509 1631 555; x_wconf 89' lang='lat' dir='ltr'><strong>arctam</strong></span> <span class='ocrx_word' id='word_1_16' title='bbox 1653 497 1926 552; x_wconf 87' lang='lat' dir='ltr'><strong>inducens.</strong></span> 
     </span>
    </p>
   </div>
   <div class='ocr_carea' id='block_1_4' title="bbox 361 586 1932 666">
    <p class='ocr_par' dir='ltr' id='par_1_4' title="bbox 361 586 1932 666">
     <span class='ocr_line' id='line_1_4' title="bbox 361 586 1932 666; baseline -0.01 -12"><span class='ocrx_word' id='word_1_17' title='bbox 361 599 476 655; x_wconf 83' lang='lat' dir='ltr'><strong>Non</strong></span> <span class='ocrx_word' id='word_1_18' title='bbox 498 597 640 652; x_wconf 92' lang='lat' dir='ltr'><strong>enim</strong></span> <span class='ocrx_word' id='word_1_19' title='bbox 667 593 1028 666; x_wconf 66' lang='lat' dir='ltr'><strong>subjugalibus</strong></span> <span class='ocrx_word' id='word_1_20' title='bbox 1048 609 1174 648; x_wconf 89' lang='lat' dir='ltr'><strong>usus</strong></span> <span class='ocrx_word' id='word_1_21' title='bbox 1203 601 1308 659; x_wconf 89' lang='lat' dir='ltr'><strong>est,</strong></span> <span class='ocrx_word' id='word_1_22' title='bbox 1349 590 1444 646; x_wconf 88' lang='lat' dir='ltr'><strong>sed</strong></span> <span class='ocrx_word' id='word_1_23' title='bbox 1471 591 1543 644; x_wconf 91' lang='lat' dir='ltr'><strong>ita</strong></span> <span class='ocrx_word' id='word_1_24' title='bbox 1573 587 1784 642; x_wconf 85' lang='lat' dir='ltr'><strong>assidue</strong></span> <span class='ocrx_word' id='word_1_25' title='bbox 1830 586 1932 640; x_wconf 90' lang='lat' dir='ltr'><strong>iter</strong></span> 
     </span>
    </p>
   </div>
   <div class='ocr_carea' id='block_1_5' title="bbox 358 677 1931 760">
    <p class='ocr_par' dir='ltr' id='par_1_5' title="bbox 358 677 1931 760">
     <span class='ocr_line' id='line_1_5' title="bbox 358 677 1931 760; baseline -0.01 -15"><span class='ocrx_word' id='word_1_26' title='bbox 358 693 486 760; x_wconf 84' lang='lat' dir='ltr'><strong>agit,</strong></span> <span class='ocrx_word' id='word_1_27' title='bbox 512 697 570 744; x_wconf 91' lang='lat' dir='ltr'><strong>ut</strong></span> <span class='ocrx_word' id='word_1_28' title='bbox 591 686 926 758; x_wconf 83' lang='lat' dir='ltr'><strong>defatigetur.</strong></span> <span class='ocrx_word' id='word_1_29' title='bbox 948 686 1059 741; x_wconf 85' lang='lat' dir='ltr'><strong>Hoc</strong></span> <span class='ocrx_word' id='word_1_30' title='bbox 1080 684 1278 753; x_wconf 86' lang='lat' dir='ltr'><strong>ubique</strong></span> <span class='ocrx_word' id='word_1_31' title='bbox 1300 681 1476 748; x_wconf 90' lang='lat' dir='ltr'><strong>docet,</strong></span> <span class='ocrx_word' id='word_1_32' title='bbox 1504 690 1559 735; x_wconf 89' lang='lat' dir='ltr'><strong>ut</strong></span> <span class='ocrx_word' id='word_1_33' title='bbox 1585 679 1682 734; x_wconf 84' lang='lat' dir='ltr'><strong>sibi</strong></span> <span class='ocrx_word' id='word_1_34' title='bbox 1709 677 1931 746; x_wconf 89' lang='lat' dir='ltr'><strong>quisque</strong></span> 
     </span>
    </p>
   </div>
   <div class='ocr_carea' id='block_1_6' title="bbox 357 769 1930 848">
    <p class='ocr_par' dir='ltr' id='par_1_6' title="bbox 357 769 1930 848">
     <span class='ocr_line' id='line_1_6' title="bbox 357 769 1930 848; baseline -0.008 -14"><span class='ocrx_word' id='word_1_35' title='bbox 357 787 630 848; x_wconf 91' lang='lat' dir='ltr'><strong>operetur,</strong></span> <span class='ocrx_word' id='word_1_36' title='bbox 661 793 761 833; x_wconf 91' lang='lat' dir='ltr'><strong>nec</strong></span> <span class='ocrx_word' id='word_1_37' title='bbox 789 787 991 848; x_wconf 62' lang='grc' dir='ltr'>(μίξει-ιιι</span> <span class='ocrx_word' id='word_1_38' title='bbox 1010 774 1295 846; x_wconf 74' lang='lat' dir='ltr'><strong>superflua,</strong></span> <span class='ocrx_word' id='word_1_39' title='bbox 1326 789 1426 829; x_wconf 88' lang='lat' dir='ltr'><strong>nec</strong></span> <span class='ocrx_word' id='word_1_40' title='bbox 1456 771 1632 826; x_wconf 89' lang='lat' dir='ltr'><strong>multis</strong></span> <span class='ocrx_word' id='word_1_41' title='bbox 1661 779 1830 838; x_wconf 83' lang='lat' dir='ltr'><strong>egeat.</strong></span> <span class='ocrx_word' id='word_1_42' title='bbox 1856 769 1930 822; x_wconf 87' lang='lat' dir='ltr'><strong>Ita</strong></span> 
     </span>
    </p>
   </div>
   <div class='ocr_carea' id='block_1_7' title="bbox 360 859 1928 936">
    <p class='ocr_par' dir='ltr' id='par_1_7' title="bbox 360 859 1928 936">
     <span class='ocr_line' id='line_1_7' title="bbox 360 859 1928 936; baseline -0.007 -16"><span class='ocrx_word' id='word_1_43' title='bbox 360 883 520 936; x_wconf 86' lang='lat' dir='ltr'><strong>porro</strong></span> <span class='ocrx_word' id='word_1_44' title='bbox 547 868 660 922; x_wconf 82' lang='lat' dir='ltr'><strong>vult</strong></span> <span class='ocrx_word' id='word_1_45' title='bbox 685 882 782 922; x_wconf 90' lang='lat' dir='ltr'><strong>nos</strong></span> <span class='ocrx_word' id='word_1_46' title='bbox 809 882 839 921; x_wconf 90' lang='lat' dir='ltr'><strong>a</strong></span> <span class='ocrx_word' id='word_1_47' title='bbox 865 865 1268 936; x_wconf 78' lang='lat' dir='ltr'><strong>supervacaneis</strong></span> <span class='ocrx_word' id='word_1_48' title='bbox 1299 864 1501 918; x_wconf 90' lang='lat' dir='ltr'><strong>alienos</strong></span> <span class='ocrx_word' id='word_1_49' title='bbox 1531 875 1668 926; x_wconf 89' lang='lat' dir='ltr'><strong>esse,</strong></span> <span class='ocrx_word' id='word_1_50' title='bbox 1694 867 1750 914; x_wconf 92' lang='lat' dir='ltr'><strong>ut</strong></span> <span class='ocrx_word' id='word_1_51' title='bbox 1771 859 1928 914; x_wconf 89' lang='lat' dir='ltr'><strong>etiam</strong></span> 
     </span>
    </p>
   </div>
   <div class='ocr_carea' id='block_1_8' title="bbox 361 947 1930 1025">
    <p class='ocr_par' dir='ltr' id='par_1_8' title="bbox 361 947 1930 1025">
     <span class='ocr_line' id='line_1_8' title="bbox 361 947 1930 1025; baseline -0.007 -15"><span class='ocrx_word' id='word_1_52' title='bbox 361 960 523 1012; x_wconf 84' lang='lat' dir='ltr'><strong>multa</strong></span> <span class='ocrx_word' id='word_1_53' title='bbox 547 958 844 1012; x_wconf 90' lang='lat' dir='ltr'><strong>necessaria</strong></span> <span class='ocrx_word' id='word_1_54' title='bbox 873 964 1189 1025; x_wconf 82' lang='lat' dir='ltr'><strong>amputaret.</strong></span> <span class='ocrx_word' id='word_1_55' title='bbox 1237 954 1360 1008; x_wconf 83' lang='lat' dir='ltr'><strong>Ideo</strong></span> <span class='ocrx_word' id='word_1_56' title='bbox 1408 951 1621 1006; x_wconf 87' lang='lat' dir='ltr'><strong>diccbat</strong></span> <span class='ocrx_word' id='word_1_57' title='bbox 1669 965 1684 1003; x_wconf 91' lang='lat'><strong>:</strong></span> <span class='ocrx_word' id='word_1_58' title='bbox 1745 947 1930 1017; x_wconf 85' lang='lat' dir='ltr'><strong>Vulpes</strong></span> 
     </span>
    </p>
   </div>
   <div class='ocr_carea' id='block_1_9' title="bbox 362 1037 1932 1114">
    <p class='ocr_par' dir='ltr' id='par_1_9' title="bbox 362 1037 1932 1114">
     <span class='ocr_line' id='line_1_9' title="bbox 362 1037 1932 1114; baseline -0.005 -18"><span class='ocrx_word' id='word_1_59' title='bbox 362 1051 531 1114; x_wconf 77' lang='lat' dir='ltr'><strong>foveas</strong></span> <span class='ocrx_word' id='word_1_60' title='bbox 563 1047 764 1111; x_wconf 85' lang='lat' dir='ltr'><strong>habent,</strong></span> <span class='ocrx_word' id='word_1_61' title='bbox 793 1055 838 1100; x_wconf 94' lang='lat' dir='ltr'><strong>et</strong></span> <span class='ocrx_word' id='word_1_62' title='bbox 866 1047 1089 1099; x_wconf 78' lang='lat' dir='ltr'><strong>volucres</strong></span> <span class='ocrx_word' id='word_1_63' title='bbox 1117 1044 1227 1098; x_wconf 67' lang='grc' dir='ltr'><strong>σαειὶ</strong></span> <span class='ocrx_word' id='word_1_64' title='bbox 1248 1043 1392 1096; x_wconf 89' lang='lat' dir='ltr'><strong>nidos</strong></span> <span class='ocrx_word' id='word_1_65' title='bbox 1415 1057 1434 1106; x_wconf 90' lang='lat'><strong>;</strong></span> <span class='ocrx_word' id='word_1_66' title='bbox 1463 1041 1626 1094; x_wconf 85' lang='lat' dir='ltr'><strong>Filius</strong></span> <span class='ocrx_word' id='word_1_67' title='bbox 1651 1047 1818 1092; x_wconf 88' lang='lat' dir='ltr'><strong>autem</strong></span> <span class='ocrx_word' id='word_1_68' title='bbox 1843 1037 1932 1090; x_wconf 90' lang='lat' dir='ltr'><strong>ho-</strong></span> 
     </span>
    </p>
   </div>
   <div class='ocr_carea' id='block_1_10' title="bbox 361 1126 1927 1204">
    <p class='ocr_par' dir='ltr' id='par_1_10' title="bbox 361 1126 1927 1204">
     <span class='ocr_line' id='line_1_10' title="bbox 361 1126 1927 1204; baseline -0.003 -20"><span class='ocrx_word' id='word_1_69' title='bbox 361 1135 511 1189; x_wconf 89' lang='lat' dir='ltr'><strong>minis</strong></span> <span class='ocrx_word' id='word_1_70' title='bbox 557 1152 656 1190; x_wconf 84' lang='lat' dir='ltr'><strong>non</strong></span> <span class='ocrx_word' id='word_1_71' title='bbox 691 1136 836 1190; x_wconf 88' lang='lat' dir='ltr'><strong>habet</strong></span> <span class='ocrx_word' id='word_1_72' title='bbox 873 1135 956 1189; x_wconf 81' lang='lat' dir='ltr'><strong>ubi</strong></span> <span class='ocrx_word' id='word_1_73' title='bbox 1005 1141 1155 1204; x_wconf 88' lang='lat' dir='ltr'><strong>caput</strong></span> <span class='ocrx_word' id='word_1_74' title='bbox 1190 1133 1391 1186; x_wconf 79' lang='lat' dir='ltr'><strong>reclinet</strong></span> <span class='ocrx_word' id='word_1_75' title='bbox 1444 1130 1667 1200; x_wconf 81' lang='lat' dir='ltr'><strong>(Matth.</strong></span> <span class='ocrx_word' id='word_1_76' title='bbox 1708 1128 1760 1182; x_wconf 92' lang='lat'><strong>8.</strong></span> <span class='ocrx_word' id='word_1_77' title='bbox 1799 1126 1927 1194; x_wconf 75' lang='grc'><strong>20).</strong></span> 
     </span>
    </p>
   </div>
   <div class='ocr_carea' id='block_1_11' title="bbox 361 1216 1930 1292">
    <p class='ocr_par' dir='ltr' id='par_1_11' title="bbox 361 1216 1930 1292">
     <span class='ocr_line' id='line_1_11' title="bbox 361 1216 1930 1292; baseline -0.006 -15"><span class='ocrx_word' id='word_1_78' title='bbox 361 1227 618 1292; x_wconf 85' lang='lat' dir='ltr'><strong>Quocirca</strong></span> <span class='ocrx_word' id='word_1_79' title='bbox 666 1226 717 1279; x_wconf 90' lang='lat' dir='ltr'><strong>in</strong></span> <span class='ocrx_word' id='word_1_80' title='bbox 746 1225 1013 1280; x_wconf 87' lang='lat' dir='ltr'><strong>montibus</strong></span> <span class='ocrx_word' id='word_1_81' title='bbox 1040 1235 1182 1292; x_wconf 62' lang='lat' dir='ltr'><strong>saepe</strong></span> <span class='ocrx_word' id='word_1_82' title='bbox 1207 1229 1450 1276; x_wconf 81' lang='lat' dir='ltr'><strong>versatur</strong></span> <span class='ocrx_word' id='word_1_83' title='bbox 1477 1228 1532 1273; x_wconf 93' lang='lat' dir='ltr'><strong>ct</strong></span> <span class='ocrx_word' id='word_1_84' title='bbox 1576 1219 1631 1271; x_wconf 93' lang='lat' dir='ltr'><strong>in</strong></span> <span class='ocrx_word' id='word_1_85' title='bbox 1675 1216 1930 1281; x_wconf 85' lang='lat' dir='ltr'><strong>desertis,</strong></span> 
     </span>
    </p>
   </div>
   <div class='ocr_carea' id='block_1_12' title="bbox 366 1306 1930 1378">
    <p class='ocr_par' dir='ltr' id='par_1_12' title="bbox 366 1306 1930 1378">
     <span class='ocr_line' id='line_1_12' title="bbox 366 1306 1930 1378; baseline -0.006 -10"><span class='ocrx_word' id='word_1_86' title='bbox 366 1333 469 1372; x_wconf 77' lang='lat' dir='ltr'><strong>non</strong></span> <span class='ocrx_word' id='word_1_87' title='bbox 515 1316 741 1371; x_wconf 85' lang='lat' dir='ltr'><strong>interdiu</strong></span> <span class='ocrx_word' id='word_1_88' title='bbox 795 1324 1016 1378; x_wconf 91' lang='lat' dir='ltr'><strong>tantum,</strong></span> <span class='ocrx_word' id='word_1_89' title='bbox 1067 1313 1160 1368; x_wconf 90' lang='lat' dir='ltr'><strong>sed</strong></span> <span class='ocrx_word' id='word_1_90' title='bbox 1203 1313 1363 1368; x_wconf 86' lang='lat' dir='ltr'><strong>etiam</strong></span> <span class='ocrx_word' id='word_1_91' title='bbox 1410 1318 1592 1364; x_wconf 92' lang='lat' dir='ltr'><strong>noctu.</strong></span> <span class='ocrx_word' id='word_1_92' title='bbox 1643 1308 1752 1360; x_wconf 90' lang='lat' dir='ltr'><strong>lloc</strong></span> <span class='ocrx_word' id='word_1_93' title='bbox 1771 1306 1930 1360; x_wconf 89' lang='lat' dir='ltr'><strong>etiam</strong></span> 
     </span>
    </p>
   </div>
   <div class='ocr_carea' id='block_1_13' title="bbox 373 1395 1931 1478">
    <p class='ocr_par' dir='ltr' id='par_1_13' title="bbox 373 1395 1931 1478">
     <span class='ocr_line' id='line_1_13' title="bbox 373 1395 1931 1478; baseline -0.009 -16"><span class='ocrx_word' id='word_1_94' title='bbox 373 1407 534 1462; x_wconf 81' lang='lat' dir='ltr'><strong>David</strong></span> <span class='ocrx_word' id='word_1_95' title='bbox 564 1405 924 1478; x_wconf 68' lang='lat' dir='ltr'><strong>prmnuntians</strong></span> <span class='ocrx_word' id='word_1_96' title='bbox 965 1403 1191 1468; x_wconf 88' lang='lat' dir='ltr'><strong>dicebat,</strong></span> <span class='ocrx_word' id='word_1_97' title='bbox 1241 1401 1320 1456; x_wconf 82' lang='lat' dir='ltr'><strong>De</strong></span> <span class='ocrx_word' id='word_1_98' title='bbox 1347 1407 1564 1454; x_wconf 85' lang='lat' dir='ltr'><strong>torrente</strong></span> <span class='ocrx_word' id='word_1_99' title='bbox 1611 1397 1663 1450; x_wconf 88' lang='lat' dir='ltr'><strong>in</strong></span> <span class='ocrx_word' id='word_1_100' title='bbox 1701 1396 1779 1450; x_wconf 81' lang='lat' dir='ltr'><strong>via</strong></span> <span class='ocrx_word' id='word_1_101' title='bbox 1804 1395 1931 1449; x_wconf 79' lang='lat' dir='ltr'><strong>bibet</strong></span> 
     </span>
    </p>
   </div>
   <div class='ocr_carea' id='block_1_14' title="bbox 368 1485 1941 1567">
    <p class='ocr_par' dir='ltr' id='par_1_14' title="bbox 368 1485 1941 1567">
     <span class='ocr_line' id='line_1_14' title="bbox 368 1485 1941 1567; baseline -0.008 -12"><span class='ocrx_word' id='word_1_102' title='bbox 368 1504 384 1567; x_wconf 88' lang='lat'><strong>(</strong></span> <span class='ocrx_word' id='word_1_103' title='bbox 405 1500 548 1555; x_wconf 85' lang='lat' dir='ltr'><strong>Psal.</strong></span> <span class='ocrx_word' id='word_1_104' title='bbox 580 1499 702 1554; x_wconf 83' lang='grc'><strong>109.</strong></span> <span class='ocrx_word' id='word_1_105' title='bbox 735 1499 765 1551; x_wconf 87' lang='lat'><strong>7</strong></span> <span class='ocrx_word' id='word_1_106' title='bbox 787 1497 805 1567; x_wconf 92' lang='lat'><strong>)</strong></span> <span class='ocrx_word' id='word_1_107' title='bbox 826 1539 840 1563; x_wconf 92' lang='lat'><strong>,</strong></span> <span class='ocrx_word' id='word_1_108' title='bbox 871 1506 928 1552; x_wconf 93' lang='lat' dir='ltr'><strong>ut</strong></span> <span class='ocrx_word' id='word_1_109' title='bbox 952 1498 1066 1565; x_wconf 86' lang='lat' dir='ltr'><strong>ejus</strong></span> <span class='ocrx_word' id='word_1_110' title='bbox 1092 1494 1388 1564; x_wconf 82' lang='lat' dir='ltr'><strong>expeditam</strong></span> <span class='ocrx_word' id='word_1_111' title='bbox 1410 1491 1531 1549; x_wconf 79' lang='lat' dir='ltr'><strong>vita:</strong></span> <span class='ocrx_word' id='word_1_112' title='bbox 1553 1489 1810 1543; x_wconf 89' lang='lat' dir='ltr'><strong>rationem</strong></span> <span class='ocrx_word' id='word_1_113' title='bbox 1839 1485 1941 1543; x_wconf 87' lang='lat' dir='ltr'><strong>dc-.</strong></span> 
     </span>
    </p>
   </div>
   <div class='ocr_carea' id='block_1_15' title="bbox 362 1577 1932 1658">
    <p class='ocr_par' dir='ltr' id='par_1_15' title="bbox 362 1577 1932 1658">
     <span class='ocr_line' id='line_1_15' title="bbox 362 1577 1932 1658; baseline -0.01 -14"><span class='ocrx_word' id='word_1_114' title='bbox 362 1598 700 1644; x_wconf 82' lang='lat' dir='ltr'><strong>monstraret.</strong></span> <span class='ocrx_word' id='word_1_115' title='bbox 731 1588 961 1658; x_wconf 88' lang='lat' dir='ltr'><strong>ldipsum</strong></span> <span class='ocrx_word' id='word_1_116' title='bbox 996 1587 1082 1641; x_wconf 91' lang='lat' dir='ltr'><strong>hic</strong></span> <span class='ocrx_word' id='word_1_117' title='bbox 1106 1585 1338 1641; x_wconf 81' lang='lat' dir='ltr'><strong>Joannes</strong></span> <span class='ocrx_word' id='word_1_118' title='bbox 1377 1581 1575 1637; x_wconf 93' lang='lat' dir='ltr'><strong>indicat</strong></span> <span class='ocrx_word' id='word_1_119' title='bbox 1602 1596 1614 1632; x_wconf 90' lang='lat'>:</span> <span class='ocrx_word' id='word_1_120' title='bbox 1637 1577 1792 1632; x_wconf 87' lang='lat' dir='ltr'><strong>.lcsus</strong></span> <span class='ocrx_word' id='word_1_121' title='bbox 1816 1591 1932 1645; x_wconf 84' lang='lat' dir='ltr'><strong>ergo</strong></span> 
     </span>
    </p>
   </div>
   <div class='ocr_carea' id='block_1_16' title="bbox 360 1667 1933 1750">
    <p class='ocr_par' dir='ltr' id='par_1_16' title="bbox 360 1667 1933 1750">
     <span class='ocr_line' id='line_1_16' title="bbox 360 1667 1933 1750; baseline -0.008 -18"><span class='ocrx_word' id='word_1_122' title='bbox 360 1681 600 1750; x_wconf 79' lang='lat' dir='ltr'><strong>fatigatus</strong></span> <span class='ocrx_word' id='word_1_123' title='bbox 621 1697 686 1734; x_wconf 80' lang='lat' dir='ltr'><strong>ea:</strong></span> <span class='ocrx_word' id='word_1_124' title='bbox 711 1681 905 1744; x_wconf 80' lang='lat' dir='ltr'><strong>itinere,</strong></span> <span class='ocrx_word' id='word_1_125' title='bbox 935 1677 1132 1732; x_wconf 85' lang='lat' dir='ltr'><strong>sedebat</strong></span> <span class='ocrx_word' id='word_1_126' title='bbox 1159 1678 1230 1731; x_wconf 92' lang='lat' dir='ltr'><strong>sic</strong></span> <span class='ocrx_word' id='word_1_127' title='bbox 1249 1691 1397 1744; x_wconf 90' lang='lat' dir='ltr'><strong>super</strong></span> <span class='ocrx_word' id='word_1_128' title='bbox 1423 1677 1631 1738; x_wconf 79' lang='lat' dir='ltr'><strong>fontem.</strong></span> <span class='ocrx_word' id='word_1_129' title='bbox 1658 1667 1802 1722; x_wconf 87' lang='lat' dir='ltr'><strong>Hora</strong></span> <span class='ocrx_word' id='word_1_130' title='bbox 1827 1676 1933 1721; x_wconf 88' lang='lat' dir='ltr'><strong>erat</strong></span> 
     </span>
    </p>
   </div>
   <div class='ocr_carea' id='block_1_17' title="bbox 361 1760 1929 1836">
    <p class='ocr_par' dir='ltr' id='par_1_17' title="bbox 361 1760 1929 1836">
     <span class='ocr_line' id='line_1_17' title="bbox 361 1760 1929 1836; baseline -0.008 -14"><span class='ocrx_word' id='word_1_131' title='bbox 361 1769 504 1836; x_wconf 83' lang='lat' dir='ltr'><strong>quasi</strong></span> <span class='ocrx_word' id='word_1_132' title='bbox 527 1779 686 1822; x_wconf 72' lang='lat' dir='ltr'><strong>sexta.</strong></span> <span class='ocrx_word' id='word_1_133' title='bbox 706 1769 758 1822; x_wconf 86' lang='lat'><strong>7.</strong></span> <span class='ocrx_word' id='word_1_134' title='bbox 790 1765 935 1822; x_wconf 82' lang='lat' dir='ltr'><strong>Venit</strong></span> <span class='ocrx_word' id='word_1_135' title='bbox 959 1767 1138 1820; x_wconf 80' lang='lat' dir='ltr'><strong>mulier</strong></span> <span class='ocrx_word' id='word_1_136' title='bbox 1157 1766 1220 1819; x_wconf 86' lang='lat' dir='ltr'><strong>de</strong></span> <span class='ocrx_word' id='word_1_137' title='bbox 1247 1763 1486 1820; x_wconf 87' lang='lat' dir='ltr'><strong>Samaria</strong></span> <span class='ocrx_word' id='word_1_138' title='bbox 1507 1760 1707 1814; x_wconf 87' lang='lat' dir='ltr'><strong>haurire</strong></span> <span class='ocrx_word' id='word_1_139' title='bbox 1727 1773 1929 1828; x_wconf 81' lang='lat' dir='ltr'><strong>aquam.</strong></span> 
     </span>
    </p>
   </div>
   <div class='ocr_carea' id='block_1_18' title="bbox 362 1849 1934 1922">
    <p class='ocr_par' dir='ltr' id='par_1_18' title="bbox 362 1849 1934 1922">
     <span class='ocr_line' id='line_1_18' title="bbox 362 1849 1934 1922; baseline -0.005 -12"><span class='ocrx_word' id='word_1_140' title='bbox 362 1857 498 1911; x_wconf 80' lang='lat' dir='ltr'><strong>Dicit</strong></span> <span class='ocrx_word' id='word_1_141' title='bbox 523 1859 569 1912; x_wconf 88' lang='lat' dir='ltr'><strong>ei</strong></span> <span class='ocrx_word' id='word_1_142' title='bbox 586 1857 737 1912; x_wconf 74' lang='lat' dir='ltr'><strong>Iesus</strong></span> <span class='ocrx_word' id='word_1_143' title='bbox 764 1873 783 1912; x_wconf 91' lang='lat'><strong><em>:</em></strong></span> <span class='ocrx_word' id='word_1_144' title='bbox 805 1855 885 1911; x_wconf 92' lang='lat' dir='ltr'><strong>Da</strong></span> <span class='ocrx_word' id='word_1_145' title='bbox 908 1857 1030 1911; x_wconf 89' lang='lat' dir='ltr'><strong>mihi</strong></span> <span class='ocrx_word' id='word_1_146' title='bbox 1055 1855 1232 1910; x_wconf 81' lang='lat' dir='ltr'><strong>bibere.</strong></span> <span class='ocrx_word' id='word_1_147' title='bbox 1259 1855 1310 1910; x_wconf 88' lang='lat'><strong>8.</strong></span> <span class='ocrx_word' id='word_1_148' title='bbox 1343 1851 1597 1922; x_wconf 82' lang='lat' dir='ltr'><strong>Discipuli</strong></span> <span class='ocrx_word' id='word_1_149' title='bbox 1637 1859 1801 1902; x_wconf 89' lang='lat' dir='ltr'><strong>autem</strong></span> <span class='ocrx_word' id='word_1_150' title='bbox 1825 1849 1934 1918; x_wconf 87' lang='lat' dir='ltr'><strong>ejus</strong></span> 
     </span>
    </p>
   </div>
   <div class='ocr_carea' id='block_1_19' title="bbox 362 1939 1935 2018">
    <p class='ocr_par' dir='ltr' id='par_1_19' title="bbox 362 1939 1935 2018">
     <span class='ocr_line' id='line_1_19' title="bbox 362 1939 1935 2018; baseline -0.008 -14"><span class='ocrx_word' id='word_1_151' title='bbox 362 1949 585 2004; x_wconf 83' lang='lat' dir='ltr'><strong>abierant</strong></span> <span class='ocrx_word' id='word_1_152' title='bbox 627 1950 679 2003; x_wconf 88' lang='lat' dir='ltr'><strong>in</strong></span> <span class='ocrx_word' id='word_1_153' title='bbox 719 1949 903 2018; x_wconf 77' lang='lat' dir='ltr'><strong>forum,</strong></span> <span class='ocrx_word' id='word_1_154' title='bbox 933 1958 990 2002; x_wconf 88' lang='lat' dir='ltr'><strong>ut</strong></span> <span class='ocrx_word' id='word_1_155' title='bbox 1012 1948 1146 2002; x_wconf 86' lang='lat' dir='ltr'><strong>cibos</strong></span> <span class='ocrx_word' id='word_1_156' title='bbox 1177 1955 1412 2003; x_wconf 86' lang='lat' dir='ltr'><strong>emerent.</strong></span> <span class='ocrx_word' id='word_1_157' title='bbox 1446 1943 1578 1998; x_wconf 82' lang='lat' dir='ltr'><strong>ilinc</strong></span> <span class='ocrx_word' id='word_1_158' title='bbox 1597 1940 1711 2010; x_wconf 87' lang='lat' dir='ltr'><strong>ejus</strong></span> <span class='ocrx_word' id='word_1_159' title='bbox 1731 1939 1935 2010; x_wconf 84' lang='lat' dir='ltr'><strong>patien-</strong></span> 
     </span>
    </p>
   </div>
   <div class='ocr_carea' id='block_1_20' title="bbox 365 2030 1935 2110">
    <p class='ocr_par' dir='ltr' id='par_1_20' title="bbox 365 2030 1935 2110">
     <span class='ocr_line' id='line_1_20' title="bbox 365 2030 1935 2110; baseline -0.008 -14"><span class='ocrx_word' id='word_1_160' title='bbox 365 2043 489 2096; x_wconf 89' lang='lat' dir='ltr'><strong>tiam</strong></span> <span class='ocrx_word' id='word_1_161' title='bbox 517 2041 570 2095; x_wconf 92' lang='lat' dir='ltr'><strong>in</strong></span> <span class='ocrx_word' id='word_1_162' title='bbox 593 2041 858 2110; x_wconf 87' lang='lat' dir='ltr'><strong>carpendo</strong></span> <span class='ocrx_word' id='word_1_163' title='bbox 878 2041 1087 2106; x_wconf 88' lang='lat' dir='ltr'><strong>itinere,</strong></span> <span class='ocrx_word' id='word_1_164' title='bbox 1115 2048 1169 2095; x_wconf 89' lang='lat' dir='ltr'><strong>et</strong></span> <span class='ocrx_word' id='word_1_165' title='bbox 1195 2039 1432 2094; x_wconf 89' lang='lat' dir='ltr'><strong>ciborum</strong></span> <span class='ocrx_word' id='word_1_166' title='bbox 1461 2035 1755 2104; x_wconf 81' lang='lat' dir='ltr'><strong>neglectum</strong></span> <span class='ocrx_word' id='word_1_167' title='bbox 1777 2030 1935 2085; x_wconf 83' lang='lat' dir='ltr'><strong>disci-</strong></span> 
     </span>
    </p>
   </div>
   <div class='ocr_carea' id='block_1_21' title="bbox 364 2122 1933 2201">
    <p class='ocr_par' dir='ltr' id='par_1_21' title="bbox 364 2122 1933 2201">
     <span class='ocr_line' id='line_1_21' title="bbox 364 2122 1933 2201; baseline -0.006 -16"><span class='ocrx_word' id='word_1_168' title='bbox 364 2146 503 2196; x_wconf 89' lang='lat' dir='ltr'><strong>mus,</strong></span> <span class='ocrx_word' id='word_1_169' title='bbox 555 2139 609 2186; x_wconf 91' lang='lat' dir='ltr'><strong>et</strong></span> <span class='ocrx_word' id='word_1_170' title='bbox 632 2145 787 2201; x_wconf 90' lang='lat' dir='ltr'><strong>quam</strong></span> <span class='ocrx_word' id='word_1_171' title='bbox 819 2131 992 2186; x_wconf 85' lang='lat' dir='ltr'><strong>obiter</strong></span> <span class='ocrx_word' id='word_1_172' title='bbox 1029 2131 1149 2186; x_wconf 87' lang='lat' dir='ltr'><strong>huic</strong></span> <span class='ocrx_word' id='word_1_173' title='bbox 1176 2129 1251 2185; x_wconf 88' lang='lat' dir='ltr'><strong>rei</strong></span> <span class='ocrx_word' id='word_1_174' title='bbox 1285 2129 1374 2184; x_wconf 90' lang='lat' dir='ltr'><strong>det</strong></span> <span class='ocrx_word' id='word_1_175' title='bbox 1399 2140 1651 2197; x_wconf 90' lang='lat' dir='ltr'><strong>operam;</strong></span> <span class='ocrx_word' id='word_1_176' title='bbox 1675 2122 1933 2178; x_wconf 89' lang='lat' dir='ltr'><strong>sicdisci-</strong></span> 
     </span>
    </p>
   </div>
   <div class='ocr_carea' id='block_1_22' title="bbox 364 2215 1932 2292">
    <p class='ocr_par' dir='ltr' id='par_1_22' title="bbox 364 2215 1932 2292">
     <span class='ocr_line' id='line_1_22' title="bbox 364 2215 1932 2292; baseline -0.004 -20"><span class='ocrx_word' id='word_1_177' title='bbox 364 2221 470 2290; x_wconf 85' lang='lat' dir='ltr'><strong>puli</strong></span> <span class='ocrx_word' id='word_1_178' title='bbox 500 2235 710 2292; x_wconf 88' lang='lat' dir='ltr'><strong>quoque</strong></span> <span class='ocrx_word' id='word_1_179' title='bbox 734 2235 820 2276; x_wconf 89' lang='lat' dir='ltr'><strong>res</strong></span> <span class='ocrx_word' id='word_1_180' title='bbox 843 2233 966 2276; x_wconf 88' lang='lat' dir='ltr'><strong>suas</strong></span> <span class='ocrx_word' id='word_1_181' title='bbox 1001 2228 1227 2275; x_wconf 88' lang='lat' dir='ltr'><strong>tractare</strong></span> <span class='ocrx_word' id='word_1_182' title='bbox 1266 2219 1587 2274; x_wconf 88' lang='lat' dir='ltr'><strong>didicerunt.</strong></span> <span class='ocrx_word' id='word_1_183' title='bbox 1631 2215 1745 2270; x_wconf 82' lang='lat' dir='ltr'><strong>Non</strong></span> <span class='ocrx_word' id='word_1_184' title='bbox 1791 2215 1932 2268; x_wconf 91' lang='lat' dir='ltr'><strong>enim</strong></span> 
     </span>
    </p>
   </div>
   <div class='ocr_carea' id='block_1_23' title="bbox 365 2314 1932 2386">
    <p class='ocr_par' dir='ltr' id='par_1_23' title="bbox 365 2314 1932 2386">
     <span class='ocr_line' id='line_1_23' title="bbox 365 2314 1932 2386; baseline -0.003 -19"><span class='ocrx_word' id='word_1_185' title='bbox 365 2316 552 2370; x_wconf 88' lang='lat' dir='ltr'><strong>viatica</strong></span> <span class='ocrx_word' id='word_1_186' title='bbox 581 2330 761 2372; x_wconf 88' lang='lat' dir='ltr'><strong>secum</strong></span> <span class='ocrx_word' id='word_1_187' title='bbox 788 2317 1102 2372; x_wconf 87' lang='lat' dir='ltr'><strong>sumebant:</strong></span> <span class='ocrx_word' id='word_1_188' title='bbox 1133 2316 1272 2386; x_wconf 90' lang='lat' dir='ltr'><strong>quod</strong></span> <span class='ocrx_word' id='word_1_189' title='bbox 1300 2316 1435 2372; x_wconf 87' lang='lat' dir='ltr'><strong>alter</strong></span> <span class='ocrx_word' id='word_1_190' title='bbox 1469 2314 1666 2369; x_wconf 87' lang='lat' dir='ltr'><strong>indicat</strong></span> <span class='ocrx_word' id='word_1_191' title='bbox 1704 2325 1932 2380; x_wconf 82' lang='lat' dir='ltr'><strong>evange-</strong></span> 
     </span>
    </p>
   </div>
   <div class='ocr_carea' id='block_1_24' title="bbox 364 2403 1931 2475">
    <p class='ocr_par' dir='ltr' id='par_1_24' title="bbox 364 2403 1931 2475">
     <span class='ocr_line' id='line_1_24' title="bbox 364 2403 1931 2475; baseline -0.004 -15"><span class='ocrx_word' id='word_1_192' title='bbox 364 2405 483 2460; x_wconf 90' lang='lat' dir='ltr'><strong>lista</strong></span> <span class='ocrx_word' id='word_1_193' title='bbox 515 2404 734 2475; x_wconf 82' lang='lat' dir='ltr'><strong>(Matth.</strong></span> <span class='ocrx_word' id='word_1_194' title='bbox 760 2405 848 2461; x_wconf 83' lang='lat' dir='ltr'><strong>l6.</strong></span> <span class='ocrx_word' id='word_1_195' title='bbox 881 2407 940 2460; x_wconf 79' lang='lat' dir='ltr'><strong>ll</strong></span> <span class='ocrx_word' id='word_1_196' title='bbox 963 2407 1002 2475; x_wconf 88' lang='lat'><strong>).</strong></span> <span class='ocrx_word' id='word_1_197' title='bbox 1031 2420 1149 2460; x_wconf 91' lang='lat' dir='ltr'><strong>cum</strong></span> <span class='ocrx_word' id='word_1_198' title='bbox 1172 2405 1239 2462; x_wconf 88' lang='lat' dir='ltr'><strong>de</strong></span> <span class='ocrx_word' id='word_1_199' title='bbox 1262 2405 1521 2463; x_wconf 86' lang='lat' dir='ltr'><strong>fermento</strong></span> <span class='ocrx_word' id='word_1_200' title='bbox 1548 2403 1931 2458; x_wconf 71' lang='lat' dir='ltr'><strong>Pharismorum</strong></span> 
     </span>
    </p>
   </div>
   <div class='ocr_carea' id='block_1_25' title="bbox 364 2493 1933 2568">
    <p class='ocr_par' dir='ltr' id='par_1_25' title="bbox 364 2493 1933 2568">
     <span class='ocr_line' id='line_1_25' title="bbox 364 2493 1933 2568; baseline -0.004 -17"><span class='ocrx_word' id='word_1_201' title='bbox 364 2499 492 2566; x_wconf 84' lang='lat' dir='ltr'><strong>ipsis</strong></span> <span class='ocrx_word' id='word_1_202' title='bbox 517 2494 843 2568; x_wconf 86' lang='lat' dir='ltr'><strong>loqueretur,</strong></span> <span class='ocrx_word' id='word_1_203' title='bbox 874 2495 1013 2568; x_wconf 91' lang='lat' dir='ltr'><strong>quod</strong></span> <span class='ocrx_word' id='word_1_204' title='bbox 1035 2495 1107 2552; x_wconf 82' lang='lat' dir='ltr'><strong>illi</strong></span> <span class='ocrx_word' id='word_1_205' title='bbox 1133 2497 1330 2554; x_wconf 90' lang='lat' dir='ltr'><strong>dictum</strong></span> <span class='ocrx_word' id='word_1_206' title='bbox 1373 2495 1646 2567; x_wconf 87' lang='lat' dir='ltr'><strong>putabant,</strong></span> <span class='ocrx_word' id='word_1_207' title='bbox 1679 2493 1799 2563; x_wconf 85' lang='lat' dir='ltr'><strong>quia</strong></span> <span class='ocrx_word' id='word_1_208' title='bbox 1844 2506 1933 2560; x_wconf 88' lang='lat' dir='ltr'><strong>pa-</strong></span> 
     </span>
    </p>
   </div>
   <div class='ocr_carea' id='block_1_26' title="bbox 365 2583 1935 2658">
    <p class='ocr_par' dir='ltr' id='par_1_26' title="bbox 365 2583 1935 2658">
     <span class='ocr_line' id='line_1_26' title="bbox 365 2583 1935 2658; baseline -0.003 -16"><span class='ocrx_word' id='word_1_209' title='bbox 365 2604 460 2644; x_wconf 89' lang='lat' dir='ltr'><strong>nes</strong></span> <span class='ocrx_word' id='word_1_210' title='bbox 489 2605 592 2644; x_wconf 92' lang='lat' dir='ltr'><strong>non</strong></span> <span class='ocrx_word' id='word_1_211' title='bbox 637 2597 994 2658; x_wconf 85' lang='lat' dir='ltr'><strong>sumpserant.</strong></span> <span class='ocrx_word' id='word_1_212' title='bbox 1025 2588 1238 2643; x_wconf 85' lang='lat' dir='ltr'><strong>Etcum</strong></span> <span class='ocrx_word' id='word_1_213' title='bbox 1282 2588 1580 2643; x_wconf 86' lang='lat' dir='ltr'><strong>esurientes</strong></span> <span class='ocrx_word' id='word_1_214' title='bbox 1618 2583 1850 2648; x_wconf 88' lang='lat' dir='ltr'><strong>inducit,</strong></span> <span class='ocrx_word' id='word_1_215' title='bbox 1879 2591 1935 2637; x_wconf 91' lang='lat' dir='ltr'><strong>et</strong></span> 
     </span>
    </p>
   </div>
   <div class='ocr_carea' id='block_1_27' title="bbox 362 2672 1933 2746">
    <p class='ocr_par' dir='ltr' id='par_1_27' title="bbox 362 2672 1933 2746">
     <span class='ocr_line' id='line_1_27' title="bbox 362 2672 1933 2746; baseline -0.003 -14"><span class='ocrx_word' id='word_1_216' title='bbox 362 2680 536 2744; x_wconf 84' lang='lat' dir='ltr'><strong>spicas</strong></span> <span class='ocrx_word' id='word_1_217' title='bbox 558 2680 814 2734; x_wconf 82' lang='lat' dir='ltr'><strong>vellentes</strong></span> <span class='ocrx_word' id='word_1_218' title='bbox 842 2689 895 2733; x_wconf 92' lang='lat' dir='ltr'><strong>ut</strong></span> <span class='ocrx_word' id='word_1_219' title='bbox 922 2679 1173 2746; x_wconf 89' lang='lat' dir='ltr'><strong>ederent;</strong></span> <span class='ocrx_word' id='word_1_220' title='bbox 1219 2694 1282 2734; x_wconf 93' lang='lat' dir='ltr'><strong>ac</strong></span> <span class='ocrx_word' id='word_1_221' title='bbox 1309 2693 1427 2734; x_wconf 92' lang='lat' dir='ltr'><strong>cum</strong></span> <span class='ocrx_word' id='word_1_222' title='bbox 1456 2677 1586 2732; x_wconf 86' lang='lat' dir='ltr'><strong>dicit</strong></span> <span class='ocrx_word' id='word_1_223' title='bbox 1623 2691 1764 2740; x_wconf 90' lang='lat' dir='ltr'><strong>eum,</strong></span> <span class='ocrx_word' id='word_1_224' title='bbox 1791 2672 1933 2745; x_wconf 92' lang='lat' dir='ltr'><strong>quod</strong></span> 
     </span>
    </p>
   </div>
   <div class='ocr_carea' id='block_1_28' title="bbox 361 2763 1929 2830">
    <p class='ocr_par' dir='ltr' id='par_1_28' title="bbox 361 2763 1929 2830">
     <span class='ocr_line' id='line_1_28' title="bbox 361 2763 1929 2830; baseline -0.003 -9"><span class='ocrx_word' id='word_1_225' title='bbox 361 2765 607 2829; x_wconf 92' lang='lat' dir='ltr'><strong>esuriret,</strong></span> <span class='ocrx_word' id='word_1_226' title='bbox 627 2767 691 2820; x_wconf 91' lang='lat' dir='ltr'><strong>ad</strong></span> <span class='ocrx_word' id='word_1_227' title='bbox 712 2768 867 2822; x_wconf 85' lang='lat' dir='ltr'><strong>licum</strong></span> <span class='ocrx_word' id='word_1_228' title='bbox 896 2769 1105 2824; x_wconf 84' lang='lat' dir='ltr'><strong>venisse</strong></span> <span class='ocrx_word' id='word_1_229' title='bbox 1137 2787 1151 2823; x_wconf 90' lang='lat'>:</span> <span class='ocrx_word' id='word_1_230' title='bbox 1182 2768 1312 2822; x_wconf 87' lang='lat' dir='ltr'><strong>nihil</strong></span> <span class='ocrx_word' id='word_1_231' title='bbox 1339 2766 1481 2822; x_wconf 88' lang='lat' dir='ltr'><strong>aliud</strong></span> <span class='ocrx_word' id='word_1_232' title='bbox 1520 2766 1604 2820; x_wconf 91' lang='lat' dir='ltr'><strong>his</strong></span> <span class='ocrx_word' id='word_1_233' title='bbox 1629 2778 1727 2818; x_wconf 91' lang='lat' dir='ltr'><strong>nos</strong></span> <span class='ocrx_word' id='word_1_234' title='bbox 1756 2763 1929 2830; x_wconf 89' lang='lat' dir='ltr'><strong>docet,</strong></span> 
     </span>
    </p>
   </div>
   <div class='ocr_carea' id='block_1_29' title="bbox 361 2856 1931 2930">
    <p class='ocr_par' dir='ltr' id='par_1_29' title="bbox 361 2856 1931 2930">
     <span class='ocr_line' id='line_1_29' title="bbox 361 2856 1931 2930; baseline -0.003 -18"><span class='ocrx_word' id='word_1_235' title='bbox 361 2872 520 2926; x_wconf 82' lang='lat' dir='ltr'><strong>qttam</strong></span> <span class='ocrx_word' id='word_1_236' title='bbox 551 2867 786 2914; x_wconf 83' lang='lat' dir='ltr'><strong>ventrem</strong></span> <span class='ocrx_word' id='word_1_237' title='bbox 814 2874 932 2915; x_wconf 88' lang='lat' dir='ltr'><strong>esse</strong></span> <span class='ocrx_word' id='word_1_238' title='bbox 957 2861 1102 2929; x_wconf 89' lang='lat' dir='ltr'><strong>parvi</strong></span> <span class='ocrx_word' id='word_1_239' title='bbox 1129 2858 1484 2930; x_wconf 89' lang='lat' dir='ltr'><strong>pendendum,</strong></span> <span class='ocrx_word' id='word_1_240' title='bbox 1517 2872 1618 2911; x_wconf 87' lang='lat' dir='ltr'><strong>nec</strong></span> <span class='ocrx_word' id='word_1_241' title='bbox 1644 2856 1788 2910; x_wconf 91' lang='lat' dir='ltr'><strong>illum</strong></span> <span class='ocrx_word' id='word_1_242' title='bbox 1813 2864 1931 2909; x_wconf 89' lang='lat' dir='ltr'><strong>tan-</strong></span> 
     </span>
    </p>
   </div>
   <div class='ocr_carea' id='block_1_30' title="bbox 364 2948 1931 3020">
    <p class='ocr_par' dir='ltr' id='par_1_30' title="bbox 364 2948 1931 3020">
     <span class='ocr_line' id='line_1_30' title="bbox 364 2948 1931 3020; baseline -0.001 -18"><span class='ocrx_word' id='word_1_243' title='bbox 364 2957 548 3017; x_wconf 87' lang='lat' dir='ltr'><strong>topere</strong></span> <span class='ocrx_word' id='word_1_244' title='bbox 574 2949 862 3006; x_wconf 90' lang='lat' dir='ltr'><strong>curandum</strong></span> <span class='ocrx_word' id='word_1_245' title='bbox 884 2965 1022 3007; x_wconf 89' lang='lat' dir='ltr'><strong>esse.</strong></span> <span class='ocrx_word' id='word_1_246' title='bbox 1041 2950 1330 3006; x_wconf 87' lang='lat' dir='ltr'><strong>Considera</strong></span> <span class='ocrx_word' id='word_1_247' title='bbox 1361 2950 1446 3004; x_wconf 92' lang='lat' dir='ltr'><strong>hic</strong></span> <span class='ocrx_word' id='word_1_248' title='bbox 1465 2964 1675 3020; x_wconf 89' lang='lat' dir='ltr'><strong>quoque</strong></span> <span class='ocrx_word' id='word_1_249' title='bbox 1703 2948 1820 3002; x_wconf 90' lang='lat' dir='ltr'><strong>illos</strong></span> <span class='ocrx_word' id='word_1_250' title='bbox 1847 2948 1931 3001; x_wconf 91' lang='lat' dir='ltr'><strong>ni-</strong></span> 
     </span>
    </p>
   </div>
   <div class='ocr_carea' id='block_1_31' title="bbox 365 3036 1932 3110">
    <p class='ocr_par' dir='ltr' id='par_1_31' title="bbox 365 3036 1932 3110">
     <span class='ocr_line' id='line_1_31' title="bbox 365 3036 1932 3110; baseline 0.001 -20"><span class='ocrx_word' id='word_1_251' title='bbox 365 3037 438 3092; x_wconf 91' lang='lat' dir='ltr'><strong>hil</strong></span> <span class='ocrx_word' id='word_1_252' title='bbox 461 3037 719 3106; x_wconf 82' lang='lat' dir='ltr'><strong>attulisse,</strong></span> <span class='ocrx_word' id='word_1_253' title='bbox 748 3055 919 3110; x_wconf 90' lang='lat' dir='ltr'><strong>neque</strong></span> <span class='ocrx_word' id='word_1_254' title='bbox 946 3049 1120 3094; x_wconf 92' lang='lat' dir='ltr'><strong>tamen</strong></span> <span class='ocrx_word' id='word_1_255' title='bbox 1151 3039 1269 3095; x_wconf 91' lang='lat' dir='ltr'><strong>ideo</strong></span> <span class='ocrx_word' id='word_1_256' title='bbox 1290 3039 1465 3093; x_wconf 87' lang='lat' dir='ltr'><strong>statim</strong></span> <span class='ocrx_word' id='word_1_257' title='bbox 1492 3053 1523 3092; x_wconf 89' lang='lat' dir='ltr'><strong>a</strong></span> <span class='ocrx_word' id='word_1_258' title='bbox 1545 3036 1804 3108; x_wconf 91' lang='lat' dir='ltr'><strong>principio</strong></span> <span class='ocrx_word' id='word_1_259' title='bbox 1827 3037 1932 3092; x_wconf 89' lang='lat' dir='ltr'><strong>diei</strong></span> 
     </span>
    </p>
   </div>
   <div class='ocr_carea' id='block_1_32' title="bbox 365 3126 1929 3197">
    <p class='ocr_par' dir='ltr' id='par_1_32' title="bbox 365 3126 1929 3197">
     <span class='ocr_line' id='line_1_32' title="bbox 365 3126 1929 3197; baseline 0 -17"><span class='ocrx_word' id='word_1_260' title='bbox 365 3128 501 3182; x_wconf 87' lang='lat' dir='ltr'><strong>hanc</strong></span> <span class='ocrx_word' id='word_1_261' title='bbox 533 3144 645 3182; x_wconf 90' lang='lat' dir='ltr'><strong>rem</strong></span> <span class='ocrx_word' id='word_1_262' title='bbox 699 3143 906 3192; x_wconf 90' lang='lat' dir='ltr'><strong>curare,</strong></span> <span class='ocrx_word' id='word_1_263' title='bbox 953 3128 1048 3183; x_wconf 88' lang='lat' dir='ltr'><strong>sed</strong></span> <span class='ocrx_word' id='word_1_264' title='bbox 1091 3143 1211 3183; x_wconf 90' lang='lat' dir='ltr'><strong>cum</strong></span> <span class='ocrx_word' id='word_1_265' title='bbox 1251 3127 1381 3182; x_wconf 88' lang='lat' dir='ltr'><strong>hora</strong></span> <span class='ocrx_word' id='word_1_266' title='bbox 1436 3127 1645 3197; x_wconf 84' lang='lat' dir='ltr'><strong>prandii</strong></span> <span class='ocrx_word' id='word_1_267' title='bbox 1682 3126 1929 3192; x_wconf 86' lang='lat' dir='ltr'><strong>advenit,</strong></span> 
     </span>
    </p>
   </div>
   <div class='ocr_carea' id='block_1_33' title="bbox 365 3217 1931 3288">
    <p class='ocr_par' dir='ltr' id='par_1_33' title="bbox 365 3217 1931 3288">
     <span class='ocr_line' id='line_1_33' title="bbox 365 3217 1931 3288; baseline -0.001 -15"><span class='ocrx_word' id='word_1_268' title='bbox 365 3232 518 3273; x_wconf 86' lang='lat' dir='ltr'><strong>escas</strong></span> <span class='ocrx_word' id='word_1_269' title='bbox 572 3226 804 3287; x_wconf 89' lang='lat' dir='ltr'><strong>emptum</strong></span> <span class='ocrx_word' id='word_1_270' title='bbox 831 3217 928 3273; x_wconf 89' lang='lat' dir='ltr'><strong>ire.</strong></span> <span class='ocrx_word' id='word_1_271' title='bbox 957 3217 1064 3273; x_wconf 87' lang='lat' dir='ltr'><strong>Nos</strong></span> <span class='ocrx_word' id='word_1_272' title='bbox 1109 3233 1238 3273; x_wconf 90' lang='lat' dir='ltr'><strong>vero</strong></span> <span class='ocrx_word' id='word_1_273' title='bbox 1265 3226 1449 3272; x_wconf 89' lang='lat' dir='ltr'><strong>contra</strong></span> <span class='ocrx_word' id='word_1_274' title='bbox 1495 3218 1674 3273; x_wconf 88' lang='lat' dir='ltr'><strong>statim</strong></span> <span class='ocrx_word' id='word_1_275' title='bbox 1716 3227 1875 3288; x_wconf 84' lang='lat' dir='ltr'><strong>atque</strong></span> <span class='ocrx_word' id='word_1_276' title='bbox 1903 3232 1931 3272; x_wconf 89' lang='lat' dir='ltr'><strong>a</strong></span> 
     </span>
    </p>
   </div>
   <div class='ocr_carea' id='block_1_34' title="bbox 365 3306 1929 3378">
    <p class='ocr_par' dir='ltr' id='par_1_34' title="bbox 365 3306 1929 3378">
     <span class='ocr_line' id='line_1_34' title="bbox 365 3306 1929 3378; baseline 0.002 -19"><span class='ocrx_word' id='word_1_277' title='bbox 365 3306 503 3360; x_wconf 87' lang='lat' dir='ltr'><strong>lecto</strong></span> <span class='ocrx_word' id='word_1_278' title='bbox 531 3307 877 3371; x_wconf 81' lang='lat' dir='ltr'><strong>surreximus,</strong></span> <span class='ocrx_word' id='word_1_279' title='bbox 900 3317 1022 3361; x_wconf 88' lang='lat' dir='ltr'><strong>ante</strong></span> <span class='ocrx_word' id='word_1_280' title='bbox 1050 3309 1226 3362; x_wconf 89' lang='lat' dir='ltr'><strong>omnia</strong></span> <span class='ocrx_word' id='word_1_281' title='bbox 1273 3307 1384 3362; x_wconf 67' lang='lat' dir='ltr'><strong>hinc</strong></span> <span class='ocrx_word' id='word_1_282' title='bbox 1412 3321 1676 3372; x_wconf 90' lang='lat' dir='ltr'><strong>curamus,</strong></span> <span class='ocrx_word' id='word_1_283' title='bbox 1727 3323 1929 3378; x_wconf 89' lang='lat' dir='ltr'><strong>coquos</strong></span> 
     </span>
    </p>
   </div>
   <div class='ocr_carea' id='block_1_35' title="bbox 362 3398 1932 3471">
    <p class='ocr_par' dir='ltr' id='par_1_35' title="bbox 362 3398 1932 3471">
     <span class='ocr_line' id='line_1_35' title="bbox 362 3398 1932 3471; baseline 0.002 -20"><span class='ocrx_word' id='word_1_284' title='bbox 362 3405 417 3451; x_wconf 92' lang='lat' dir='ltr'><strong>ct</strong></span> <span class='ocrx_word' id='word_1_285' title='bbox 463 3412 726 3467; x_wconf 82' lang='lat' dir='ltr'><strong>caupones</strong></span> <span class='ocrx_word' id='word_1_286' title='bbox 775 3399 1129 3465; x_wconf 90' lang='lat' dir='ltr'><strong>acccrsimus,</strong></span> <span class='ocrx_word' id='word_1_287' title='bbox 1179 3398 1336 3470; x_wconf 89' lang='lat' dir='ltr'><strong>idque</strong></span> <span class='ocrx_word' id='word_1_288' title='bbox 1382 3413 1574 3471; x_wconf 86' lang='lat' dir='ltr'><strong>magno</strong></span> <span class='ocrx_word' id='word_1_289' title='bbox 1612 3414 1730 3454; x_wconf 91' lang='lat' dir='ltr'><strong>cum</strong></span> <span class='ocrx_word' id='word_1_290' title='bbox 1758 3398 1932 3454; x_wconf 91' lang='lat' dir='ltr'><strong>studio</strong></span> 
     </span>
    </p>
   </div>
   <div class='ocr_carea' id='block_1_36' title="bbox 363 3488 1923 3562">
    <p class='ocr_par' dir='ltr' id='par_1_36' title="bbox 363 3488 1923 3562">
     <span class='ocr_line' id='line_1_36' title="bbox 363 3488 1923 3562; baseline 0.003 -21"><span class='ocrx_word' id='word_1_291' title='bbox 363 3488 569 3559; x_wconf 80' lang='lat' dir='ltr'><strong>agimus</strong></span> <span class='ocrx_word' id='word_1_292' title='bbox 596 3510 612 3547; x_wconf 87' lang='lat'><strong>:</strong></span> <span class='ocrx_word' id='word_1_293' title='bbox 639 3500 692 3548; x_wconf 89' lang='lat' dir='ltr'><strong>et</strong></span> <span class='ocrx_word' id='word_1_294' title='bbox 718 3501 836 3562; x_wconf 91' lang='lat' dir='ltr'><strong>post</strong></span> <span class='ocrx_word' id='word_1_295' title='bbox 856 3491 969 3546; x_wconf 77' lang='lat' dir='ltr'><strong>lucc</strong></span> <span class='ocrx_word' id='word_1_296' title='bbox 997 3491 1100 3546; x_wconf 88' lang='lat' dir='ltr'><strong>alia</strong></span> <span class='ocrx_word' id='word_1_297' title='bbox 1125 3507 1390 3559; x_wconf 88' lang='lat' dir='ltr'><strong>curamus,</strong></span> <span class='ocrx_word' id='word_1_298' title='bbox 1435 3491 1549 3548; x_wconf 77' lang='lat' dir='ltr'><strong>lucc</strong></span> <span class='ocrx_word' id='word_1_299' title='bbox 1574 3506 1785 3562; x_wconf 88' lang='lat' dir='ltr'><strong>semper</strong></span> <span class='ocrx_word' id='word_1_300' title='bbox 1808 3507 1923 3546; x_wconf 78' lang='lat' dir='ltr'><strong>car-</strong></span> 
     </span>
    </p>
   </div>
   <div class='ocr_carea' id='block_1_37' title="bbox 367 3583 1933 3656">
    <p class='ocr_par' dir='ltr' id='par_1_37' title="bbox 367 3583 1933 3656">
     <span class='ocr_line' id='line_1_37' title="bbox 367 3583 1933 3656; baseline 0.003 -21"><span class='ocrx_word' id='word_1_301' title='bbox 367 3583 505 3638; x_wconf 88' lang='lat' dir='ltr'><strong>nalia</strong></span> <span class='ocrx_word' id='word_1_302' title='bbox 533 3583 895 3655; x_wconf 88' lang='lat' dir='ltr'><strong>spiritttalibus</strong></span> <span class='ocrx_word' id='word_1_303' title='bbox 919 3593 1323 3656; x_wconf 76' lang='lat' dir='ltr'><strong>anteponentes,</strong></span> <span class='ocrx_word' id='word_1_304' title='bbox 1347 3593 1403 3638; x_wconf 91' lang='lat' dir='ltr'><strong>et</strong></span> <span class='ocrx_word' id='word_1_305' title='bbox 1429 3599 1546 3654; x_wconf 78' lang='lat' dir='ltr'><strong>qua:</strong></span> <span class='ocrx_word' id='word_1_306' title='bbox 1576 3583 1933 3654; x_wconf 76' lang='lat' dir='ltr'><strong>perfunctorie</strong></span> 
     </span>
    </p>
   </div>
   <div class='ocr_carea' id='block_1_38' title="bbox 366 3675 1933 3746">
    <p class='ocr_par' dir='ltr' id='par_1_38' title="bbox 366 3675 1933 3746">
     <span class='ocr_line' id='line_1_38' title="bbox 366 3675 1933 3746; baseline 0.001 -17"><span class='ocrx_word' id='word_1_307' title='bbox 366 3676 636 3730; x_wconf 86' lang='lat' dir='ltr'><strong>tractanda</strong></span> <span class='ocrx_word' id='word_1_308' title='bbox 657 3685 827 3740; x_wconf 90' lang='lat' dir='ltr'><strong>erant,</strong></span> <span class='ocrx_word' id='word_1_309' title='bbox 873 3678 1021 3746; x_wconf 90' lang='lat' dir='ltr'><strong>quasi</strong></span> <span class='ocrx_word' id='word_1_310' title='bbox 1064 3676 1362 3732; x_wconf 89' lang='lat' dir='ltr'><strong>necessaria</strong></span> <span class='ocrx_word' id='word_1_311' title='bbox 1403 3684 1776 3745; x_wconf 83' lang='lat' dir='ltr'><strong>exsequentes.</strong></span> <span class='ocrx_word' id='word_1_312' title='bbox 1810 3675 1933 3731; x_wconf 91' lang='lat' dir='ltr'><strong>Ideo</strong></span> 
     </span>
    </p>
   </div>
   <div class='ocr_carea' id='block_1_39' title="bbox 365 3765 1933 3837">
    <p class='ocr_par' dir='ltr' id='par_1_39' title="bbox 365 3765 1933 3837">
     <span class='ocr_line' id='line_1_39' title="bbox 365 3765 1933 3837; baseline 0 -16"><span class='ocrx_word' id='word_1_313' title='bbox 365 3767 543 3821; x_wconf 88' lang='lat' dir='ltr'><strong>omnia</strong></span> <span class='ocrx_word' id='word_1_314' title='bbox 599 3775 920 3836; x_wconf 67' lang='lat' dir='ltr'><strong>praepostere</strong></span> <span class='ocrx_word' id='word_1_315' title='bbox 973 3776 1219 3837; x_wconf 85' lang='lat' dir='ltr'><strong>aguntur.</strong></span> <span class='ocrx_word' id='word_1_316' title='bbox 1263 3766 1458 3823; x_wconf 87' lang='lat' dir='ltr'><strong>Contra</strong></span> <span class='ocrx_word' id='word_1_317' title='bbox 1501 3765 1722 3821; x_wconf 88' lang='lat' dir='ltr'><strong>omnino</strong></span> <span class='ocrx_word' id='word_1_318' title='bbox 1774 3781 1933 3836; x_wconf 87' lang='lat' dir='ltr'><strong>agere</strong></span> 
     </span>
    </p>
   </div>
   <div class='ocr_carea' id='block_1_40' title="bbox 364 3854 1936 3927">
    <p class='ocr_par' dir='ltr' id='par_1_40' title="bbox 364 3854 1936 3927">
     <span class='ocr_line' id='line_1_40' title="bbox 364 3854 1936 3927; baseline 0.001 -17"><span class='ocrx_word' id='word_1_319' title='bbox 364 3855 619 3925; x_wconf 88' lang='lat' dir='ltr'><strong>oportuit,</strong></span> <span class='ocrx_word' id='word_1_320' title='bbox 642 3856 990 3924; x_wconf 90' lang='lat' dir='ltr'><strong>spiritualium</strong></span> <span class='ocrx_word' id='word_1_321' title='bbox 1012 3870 1252 3926; x_wconf 86' lang='lat' dir='ltr'><strong>magnam</strong></span> <span class='ocrx_word' id='word_1_322' title='bbox 1268 3854 1467 3912; x_wconf 89' lang='lat' dir='ltr'><strong>habere</strong></span> <span class='ocrx_word' id='word_1_323' title='bbox 1495 3858 1754 3912; x_wconf 86' lang='lat' dir='ltr'><strong>rationem</strong></span> <span class='ocrx_word' id='word_1_324' title='bbox 1780 3872 1795 3923; x_wconf 91' lang='lat'><strong>;</strong></span> <span class='ocrx_word' id='word_1_325' title='bbox 1817 3856 1936 3927; x_wconf 76' lang='lat' dir='ltr'><strong>qui~</strong></span> 
     </span>
    </p>
   </div>
   <div class='ocr_carea' id='block_1_41' title="bbox 366 3946 1465 4020">
    <p class='ocr_par' dir='ltr' id='par_1_41' title="bbox 366 3946 1465 4020">
     <span class='ocr_line' id='line_1_41' title="bbox 366 3946 1465 4020; baseline 0.001 -18"><span class='ocrx_word' id='word_1_326' title='bbox 366 3947 464 4003; x_wconf 91' lang='lat' dir='ltr'><strong>bus</strong></span> <span class='ocrx_word' id='word_1_327' title='bbox 493 3946 759 4018; x_wconf 85' lang='lat' dir='ltr'><strong>perfectis,</strong></span> <span class='ocrx_word' id='word_1_328' title='bbox 791 3946 905 4003; x_wconf 75' lang='lat' dir='ltr'><strong>hmc</strong></span> <span class='ocrx_word' id='word_1_329' title='bbox 939 3948 1196 4018; x_wconf 76' lang='lat' dir='ltr'><strong>attingere</strong></span> <span class='ocrx_word' id='word_1_330' title='bbox 1221 3962 1318 4020; x_wconf 88' lang='lat' dir='ltr'><strong>par</strong></span> <span class='ocrx_word' id='word_1_331' title='bbox 1347 3947 1465 4003; x_wconf 90' lang='lat' dir='ltr'><strong>fuit.</strong></span> 
     </span>
    </p>
   </div>
   <div class='ocr_carea' id='block_1_42' title="bbox 435 4039 1935 4111">
    <p class='ocr_par' dir='ltr' id='par_1_42' title="bbox 435 4039 1935 4111">
     <span class='ocr_line' id='line_1_42' title="bbox 435 4039 1935 4111; baseline 0 -17"><span class='ocrx_word' id='word_1_332' title='bbox 435 4040 660 4096; x_wconf 83' lang='lat' dir='ltr'><strong>Christus</strong></span> <span class='ocrx_word' id='word_1_333' title='bbox 712 4041 934 4111; x_wconf 75' lang='lat' dir='ltr'><strong>exemplo</strong></span> <span class='ocrx_word' id='word_1_334' title='bbox 977 4041 1117 4095; x_wconf 86' lang='lat' dir='ltr'><strong>docet</strong></span> <span class='ocrx_word' id='word_1_335' title='bbox 1158 4039 1344 4110; x_wconf 80' lang='lat' dir='ltr'><strong>fastum</strong></span> <span class='ocrx_word' id='word_1_336' title='bbox 1367 4056 1473 4096; x_wconf 84' lang='lat' dir='ltr'><strong>esse</strong></span> <span class='ocrx_word' id='word_1_337' title='bbox 1513 4039 1833 4095; x_wconf 86' lang='lat' dir='ltr'><strong>calcandum.</strong></span> <span class='ocrx_word' id='word_1_338' title='bbox 1864 4068 1935 4080; x_wconf 89' lang='lat'><strong>—-</strong></span> 
     </span>
    </p>
   </div>
   <div class='ocr_carea' id='block_1_43' title="bbox 365 4130 1931 4204">
    <p class='ocr_par' dir='ltr' id='par_1_43' title="bbox 365 4130 1931 4204">
     <span class='ocr_line' id='line_1_43' title="bbox 365 4130 1931 4204; baseline -0.002 -15"><span class='ocrx_word' id='word_1_339' title='bbox 365 4133 500 4189; x_wconf 80' lang='lat' dir='ltr'><strong>llinc</strong></span> <span class='ocrx_word' id='word_1_340' title='bbox 531 4148 688 4204; x_wconf 91' lang='lat' dir='ltr'><strong>porro</strong></span> <span class='ocrx_word' id='word_1_341' title='bbox 729 4148 832 4188; x_wconf 93' lang='lat' dir='ltr'><strong>non</strong></span> <span class='ocrx_word' id='word_1_342' title='bbox 860 4133 1102 4188; x_wconf 87' lang='lat' dir='ltr'><strong>laborum</strong></span> <span class='ocrx_word' id='word_1_343' title='bbox 1137 4133 1414 4189; x_wconf 84' lang='lat' dir='ltr'><strong>tolerantia</strong></span> <span class='ocrx_word' id='word_1_344' title='bbox 1459 4131 1617 4187; x_wconf 91' lang='lat' dir='ltr'><strong>modo</strong></span> <span class='ocrx_word' id='word_1_345' title='bbox 1638 4131 1688 4185; x_wconf 95' lang='lat' dir='ltr'><strong>in</strong></span> <span class='ocrx_word' id='word_1_346' title='bbox 1718 4130 1931 4186; x_wconf 88' lang='lat' dir='ltr'><strong>Christo</strong></span> 
     </span>
    </p>
   </div>
   <div class='ocr_carea' id='block_1_44' title="bbox 363 4221 1931 4298">
    <p class='ocr_par' dir='ltr' id='par_1_44' title="bbox 363 4221 1931 4298">
     <span class='ocr_line' id='line_1_44' title="bbox 363 4221 1931 4298; baseline -0.001 -18"><span class='ocrx_word' id='word_1_347' title='bbox 363 4228 712 4292; x_wconf 79' lang='lat' dir='ltr'><strong>observanda,</strong></span> <span class='ocrx_word' id='word_1_348' title='bbox 738 4227 832 4283; x_wconf 86' lang='lat' dir='ltr'><strong>sed</strong></span> <span class='ocrx_word' id='word_1_349' title='bbox 875 4228 1034 4283; x_wconf 87' lang='lat' dir='ltr'><strong>etiam</strong></span> <span class='ocrx_word' id='word_1_350' title='bbox 1065 4235 1316 4298; x_wconf 90' lang='lat' dir='ltr'><strong>quantum</strong></span> <span class='ocrx_word' id='word_1_351' title='bbox 1361 4233 1504 4281; x_wconf 90' lang='lat' dir='ltr'><strong>esset</strong></span> <span class='ocrx_word' id='word_1_352' title='bbox 1541 4240 1573 4279; x_wconf 87' lang='lat' dir='ltr'><strong>a</strong></span> <span class='ocrx_word' id='word_1_353' title='bbox 1620 4223 1758 4279; x_wconf 90' lang='lat' dir='ltr'><strong>fastu</strong></span> <span class='ocrx_word' id='word_1_354' title='bbox 1798 4221 1931 4279; x_wconf 86' lang='lat' dir='ltr'><strong>alie-</strong></span> 
     </span>
    </p>
   </div>
   <div class='ocr_carea' id='block_1_45' title="bbox 365 4313 1934 4388">
    <p class='ocr_par' dir='ltr' id='par_1_45' title="bbox 365 4313 1934 4388">
     <span class='ocr_line' id='line_1_45' title="bbox 365 4313 1934 4388; baseline -0.004 -14"><span class='ocrx_word' id='word_1_355' title='bbox 365 4333 501 4383; x_wconf 89' lang='lat' dir='ltr'><strong>nus;</strong></span> <span class='ocrx_word' id='word_1_356' title='bbox 527 4334 631 4373; x_wconf 87' lang='lat' dir='ltr'><strong>non</strong></span> <span class='ocrx_word' id='word_1_357' title='bbox 655 4326 856 4373; x_wconf 90' lang='lat' dir='ltr'><strong>tantum</strong></span> <span class='ocrx_word' id='word_1_358' title='bbox 885 4318 1024 4388; x_wconf 89' lang='lat' dir='ltr'><strong>quod</strong></span> <span class='ocrx_word' id='word_1_359' title='bbox 1053 4317 1300 4387; x_wconf 88' lang='lat' dir='ltr'><strong>fatigatus</strong></span> <span class='ocrx_word' id='word_1_360' title='bbox 1319 4324 1481 4380; x_wconf 88' lang='lat' dir='ltr'><strong>esset,</strong></span> <span class='ocrx_word' id='word_1_361' title='bbox 1527 4313 1666 4385; x_wconf 91' lang='lat' dir='ltr'><strong>quod</strong></span> <span class='ocrx_word' id='word_1_362' title='bbox 1717 4315 1934 4370; x_wconf 90' lang='lat' dir='ltr'><strong>sederet</strong></span> 
     </span>
    </p>
   </div>
   <div class='ocr_carea' id='block_1_46' title="bbox 365 4404 1934 4475">
    <p class='ocr_par' dir='ltr' id='par_1_46' title="bbox 365 4404 1934 4475">
     <span class='ocr_line' id='line_1_46' title="bbox 365 4404 1934 4475; baseline -0.003 -13"><span class='ocrx_word' id='word_1_363' title='bbox 365 4423 521 4462; x_wconf 87' lang='lat' dir='ltr'><strong>secus</strong></span> <span class='ocrx_word' id='word_1_364' title='bbox 544 4408 678 4461; x_wconf 89' lang='lat' dir='ltr'><strong>viam</strong></span> <span class='ocrx_word' id='word_1_365' title='bbox 704 4423 720 4473; x_wconf 93' lang='lat'><strong>;</strong></span> <span class='ocrx_word' id='word_1_366' title='bbox 761 4407 854 4462; x_wconf 89' lang='lat' dir='ltr'><strong>sed</strong></span> <span class='ocrx_word' id='word_1_367' title='bbox 885 4409 1046 4462; x_wconf 90' lang='lat' dir='ltr'><strong>etiam</strong></span> <span class='ocrx_word' id='word_1_368' title='bbox 1075 4406 1217 4475; x_wconf 92' lang='lat' dir='ltr'><strong>quod</strong></span> <span class='ocrx_word' id='word_1_369' title='bbox 1244 4406 1389 4462; x_wconf 89' lang='lat' dir='ltr'><strong>solus</strong></span> <span class='ocrx_word' id='word_1_370' title='bbox 1422 4404 1636 4460; x_wconf 90' lang='lat' dir='ltr'><strong>relictus</strong></span> <span class='ocrx_word' id='word_1_371' title='bbox 1687 4412 1851 4470; x_wconf 86' lang='lat' dir='ltr'><strong>esset,</strong></span> <span class='ocrx_word' id='word_1_372' title='bbox 1880 4412 1934 4458; x_wconf 88' lang='lat' dir='ltr'><strong>et</strong></span> 
     </span>
    </p>
   </div>
   <div class='ocr_carea' id='block_1_47' title="bbox 364 4487 1929 4567">
    <p class='ocr_par' dir='ltr' id='par_1_47' title="bbox 364 4487 1929 4567">
     <span class='ocr_line' id='line_1_47' title="bbox 364 4487 1929 4567; baseline -0.003 -16"><span class='ocrx_word' id='word_1_373' title='bbox 364 4496 608 4566; x_wconf 82' lang='lat' dir='ltr'><strong>discipuli</strong></span> <span class='ocrx_word' id='word_1_374' title='bbox 634 4497 752 4567; x_wconf 90' lang='lat' dir='ltr'><strong>ejus</strong></span> <span class='ocrx_word' id='word_1_375' title='bbox 779 4487 1167 4551; x_wconf 85' lang='lat' dir='ltr'><strong>discessissent.</strong></span> <span class='ocrx_word' id='word_1_376' title='bbox 1204 4495 1360 4564; x_wconf 83' lang='lat' dir='ltr'><strong>Atqui</strong></span> <span class='ocrx_word' id='word_1_377' title='bbox 1401 4502 1625 4563; x_wconf 88' lang='lat' dir='ltr'><strong>poterat,</strong></span> <span class='ocrx_word' id='word_1_378' title='bbox 1656 4493 1699 4547; x_wconf 88' lang='lat' dir='ltr'><strong>si</strong></span> <span class='ocrx_word' id='word_1_379' title='bbox 1729 4493 1929 4547; x_wconf 86' lang='lat' dir='ltr'><strong>voluis-</strong></span> 
     </span>
    </p>
   </div>
   <div class='ocr_carea' id='block_1_48' title="bbox 363 4583 1931 4653">
    <p class='ocr_par' dir='ltr' id='par_1_48' title="bbox 363 4583 1931 4653">
     <span class='ocr_line' id='line_1_48' title="bbox 363 4583 1931 4653; baseline -0.002 -13"><span class='ocrx_word' id='word_1_380' title='bbox 363 4596 466 4650; x_wconf 91' lang='lat' dir='ltr'><strong>set,</strong></span> <span class='ocrx_word' id='word_1_381' title='bbox 494 4595 587 4640; x_wconf 90' lang='lat' dir='ltr'><strong>aut</strong></span> <span class='ocrx_word' id='word_1_382' title='bbox 617 4601 719 4640; x_wconf 91' lang='lat' dir='ltr'><strong>non</strong></span> <span class='ocrx_word' id='word_1_383' title='bbox 757 4601 943 4641; x_wconf 88' lang='lat' dir='ltr'><strong>omnes</strong></span> <span class='ocrx_word' id='word_1_384' title='bbox 979 4586 1206 4648; x_wconf 86' lang='lat' dir='ltr'><strong>misisse,</strong></span> <span class='ocrx_word' id='word_1_385' title='bbox 1262 4583 1625 4653; x_wconf 86' lang='lat' dir='ltr'><strong>autprofectis</strong></span> <span class='ocrx_word' id='word_1_386' title='bbox 1663 4583 1770 4636; x_wconf 91' lang='lat' dir='ltr'><strong>illis</strong></span> <span class='ocrx_word' id='word_1_387' title='bbox 1799 4583 1931 4637; x_wconf 90' lang='lat' dir='ltr'><strong>alios</strong></span> 
     </span>
    </p>
   </div>
   <div class='ocr_carea' id='block_1_49' title="bbox 365 4669 1928 4741">
    <p class='ocr_par' dir='ltr' id='par_1_49' title="bbox 365 4669 1928 4741">
     <span class='ocr_line' id='line_1_49' title="bbox 365 4669 1928 4741; baseline -0.004 -12"><span class='ocrx_word' id='word_1_388' title='bbox 365 4675 563 4730; x_wconf 86' lang='lat' dir='ltr'><strong>habere</strong></span> <span class='ocrx_word' id='word_1_389' title='bbox 608 4675 904 4739; x_wconf 89' lang='lat' dir='ltr'><strong>ministros;</strong></span> <span class='ocrx_word' id='word_1_390' title='bbox 932 4673 1025 4727; x_wconf 91' lang='lat' dir='ltr'><strong>sed</strong></span> <span class='ocrx_word' id='word_1_391' title='bbox 1056 4672 1240 4727; x_wconf 93' lang='lat' dir='ltr'><strong>noluit.</strong></span> <span class='ocrx_word' id='word_1_392' title='bbox 1274 4672 1482 4726; x_wconf 86' lang='lat' dir='ltr'><strong>Etenim</strong></span> <span class='ocrx_word' id='word_1_393' title='bbox 1523 4669 1812 4741; x_wconf 90' lang='lat' dir='ltr'><strong>discipulos</strong></span> <span class='ocrx_word' id='word_1_394' title='bbox 1852 4671 1928 4724; x_wconf 92' lang='lat' dir='ltr'><strong>sic</strong></span> 
     </span>
    </p>
   </div>
   <div class='ocr_carea' id='block_1_50' title="bbox 365 4760 1928 4832">
    <p class='ocr_par' dir='ltr' id='par_1_50' title="bbox 365 4760 1928 4832">
     <span class='ocr_line' id='line_1_50' title="bbox 365 4760 1928 4832; baseline -0.003 -13"><span class='ocrx_word' id='word_1_395' title='bbox 365 4763 744 4819; x_wconf 84' lang='lat' dir='ltr'><strong>assuefaciebat</strong></span> <span class='ocrx_word' id='word_1_396' title='bbox 768 4763 832 4816; x_wconf 89' lang='lat' dir='ltr'><strong>ad</strong></span> <span class='ocrx_word' id='word_1_397' title='bbox 869 4762 1058 4817; x_wconf 80' lang='lat' dir='ltr'><strong>fastum</strong></span> <span class='ocrx_word' id='word_1_398' title='bbox 1083 4777 1294 4817; x_wconf 87' lang='lat' dir='ltr'><strong>onmem</strong></span> <span class='ocrx_word' id='word_1_399' title='bbox 1333 4760 1664 4817; x_wconf 79' lang='lat' dir='ltr'><strong>ealcandum.</strong></span> <span class='ocrx_word' id='word_1_400' title='bbox 1710 4761 1774 4814; x_wconf 84' lang='lat' dir='ltr'><strong>Et</strong></span> <span class='ocrx_word' id='word_1_401' title='bbox 1803 4761 1928 4832; x_wconf 90' lang='lat' dir='ltr'><strong>quid</strong></span> 
     </span>
    </p>
   </div>
   <div class='ocr_carea' id='block_1_51' title="bbox 363 4850 1925 4922">
    <p class='ocr_par' dir='ltr' id='par_1_51' title="bbox 363 4850 1925 4922">
     <span class='ocr_line' id='line_1_51' title="bbox 363 4850 1925 4922; baseline -0.004 -13"><span class='ocrx_word' id='word_1_402' title='bbox 363 4857 579 4920; x_wconf 87' lang='lat' dir='ltr'><strong>mirum,</strong></span> <span class='ocrx_word' id='word_1_403' title='bbox 608 4853 796 4907; x_wconf 81' lang='lat' dir='ltr'><strong>dixerit</strong></span> <span class='ocrx_word' id='word_1_404' title='bbox 839 4851 976 4907; x_wconf 90' lang='lat' dir='ltr'><strong>forte</strong></span> <span class='ocrx_word' id='word_1_405' title='bbox 999 4853 1279 4922; x_wconf 87' lang='lat' dir='ltr'><strong>quispiam,</strong></span> <span class='ocrx_word' id='word_1_406' title='bbox 1336 4850 1381 4905; x_wconf 90' lang='lat' dir='ltr'><strong>si</strong></span> <span class='ocrx_word' id='word_1_407' title='bbox 1432 4850 1687 4904; x_wconf 81' lang='lat' dir='ltr'><strong>moderati</strong></span> <span class='ocrx_word' id='word_1_408' title='bbox 1733 4857 1925 4916; x_wconf 89' lang='lat' dir='ltr'><strong>erant,</strong></span> 
     </span>
    </p>
   </div>
   <div class='ocr_carea' id='block_1_52' title="bbox 360 4940 1930 5017">
    <p class='ocr_par' dir='ltr' id='par_1_52' title="bbox 360 4940 1930 5017">
     <span class='ocr_line' id='line_1_52' title="bbox 360 4940 1930 5017; baseline -0.004 -15"><span class='ocrx_word' id='word_1_409' title='bbox 360 4963 479 5003; x_wconf 90' lang='lat' dir='ltr'><strong>cum</strong></span> <span class='ocrx_word' id='word_1_410' title='bbox 504 4948 790 5017; x_wconf 84' lang='lat' dir='ltr'><strong>piscatores</strong></span> <span class='ocrx_word' id='word_1_411' title='bbox 813 4953 1012 5009; x_wconf 84' lang='lat' dir='ltr'><strong>essent,</strong></span> <span class='ocrx_word' id='word_1_412' title='bbox 1032 4950 1122 4998; x_wconf 85' lang='lat' dir='ltr'><strong>aut</strong></span> <span class='ocrx_word' id='word_1_413' title='bbox 1137 4943 1476 4998; x_wconf 90' lang='lat' dir='ltr'><strong>tentoriorum</strong></span> <span class='ocrx_word' id='word_1_414' title='bbox 1493 4941 1746 5012; x_wconf 77' lang='lat' dir='ltr'><strong>opiﬁces?</strong></span> <span class='ocrx_word' id='word_1_415' title='bbox 1767 4940 1930 4996; x_wconf 88' lang='lat' dir='ltr'><strong>Erant</strong></span> 
     </span>
    </p>
   </div>
   <div class='ocr_carea' id='block_1_53' title="bbox 361 5032 1926 5108">
    <p class='ocr_par' dir='ltr' id='par_1_53' title="bbox 361 5032 1926 5108">
     <span class='ocr_line' id='line_1_53' title="bbox 361 5032 1926 5108; baseline -0.005 -16"><span class='ocrx_word' id='word_1_416' title='bbox 361 5040 608 5108; x_wconf 88' lang='lat' dir='ltr'><strong>equidem</strong></span> <span class='ocrx_word' id='word_1_417' title='bbox 629 5039 666 5088; x_wconf 72' lang='grc' dir='ltr'>ἐ</span> <span class='ocrx_word' id='word_1_418' title='bbox 688 5051 868 5091; x_wconf 90' lang='lat' dir='ltr'><strong>verum</strong></span> <span class='ocrx_word' id='word_1_419' title='bbox 897 5035 1074 5089; x_wconf 89' lang='lat' dir='ltr'><strong>statim</strong></span> <span class='ocrx_word' id='word_1_420' title='bbox 1102 5032 1168 5087; x_wconf 82' lang='lat' dir='ltr'><strong>ad</strong></span> <span class='ocrx_word' id='word_1_421' title='bbox 1187 5033 1370 5087; x_wconf 76' lang='lat' dir='ltr'><strong>caelum</strong></span> <span class='ocrx_word' id='word_1_422' title='bbox 1397 5033 1694 5089; x_wconf 78' lang='lat' dir='ltr'><strong>evolarunt.</strong></span> <span class='ocrx_word' id='word_1_423' title='bbox 1719 5041 1770 5087; x_wconf 91' lang='lat' dir='ltr'><strong>et</strong></span> <span class='ocrx_word' id='word_1_424' title='bbox 1789 5032 1926 5100; x_wconf 89' lang='lat' dir='ltr'><strong>regi-</strong></span> 
     </span>
    </p>
   </div>
   <div class='ocr_carea' id='block_1_54' title="bbox 362 5123 1928 5192">
    <p class='ocr_par' dir='ltr' id='par_1_54' title="bbox 362 5123 1928 5192">
     <span class='ocr_line' id='line_1_54' title="bbox 362 5123 1928 5192; baseline -0.004 -10"><span class='ocrx_word' id='word_1_425' title='bbox 362 5128 460 5182; x_wconf 89' lang='lat' dir='ltr'><strong>bus</strong></span> <span class='ocrx_word' id='word_1_426' title='bbox 489 5129 741 5185; x_wconf 87' lang='lat' dir='ltr'><strong>clariorcs</strong></span> <span class='ocrx_word' id='word_1_427' title='bbox 785 5134 1089 5190; x_wconf 87' lang='lat' dir='ltr'><strong>evaserunt,</strong></span> <span class='ocrx_word' id='word_1_428' title='bbox 1117 5123 1401 5178; x_wconf 80' lang='lat' dir='ltr'><strong>familiares</strong></span> <span class='ocrx_word' id='word_1_429' title='bbox 1443 5139 1634 5192; x_wconf 90' lang='lat' dir='ltr'><strong>nempe</strong></span> <span class='ocrx_word' id='word_1_430' title='bbox 1661 5123 1780 5177; x_wconf 87' lang='lat' dir='ltr'><strong>facti</strong></span> <span class='ocrx_word' id='word_1_431' title='bbox 1811 5123 1928 5178; x_wconf 88' lang='lat' dir='ltr'><strong>uui-</strong></span> 
     </span>
    </p>
   </div>
   <div class='ocr_carea' id='block_1_55' title="bbox 360 5213 1922 5284">
    <p class='ocr_par' dir='ltr' id='par_1_55' title="bbox 360 5213 1922 5284">
     <span class='ocr_line' id='line_1_55' title="bbox 360 5213 1922 5284; baseline -0.003 -15"><span class='ocrx_word' id='word_1_432' title='bbox 360 5220 501 5273; x_wconf 83' lang='lat' dir='ltr'><strong>versi</strong></span> <span class='ocrx_word' id='word_1_433' title='bbox 528 5220 671 5273; x_wconf 87' lang='lat' dir='ltr'><strong>orbis</strong></span> <span class='ocrx_word' id='word_1_434' title='bbox 707 5219 934 5283; x_wconf 84' lang='lat' dir='ltr'><strong>Domini,</strong></span> <span class='ocrx_word' id='word_1_435' title='bbox 977 5225 1031 5272; x_wconf 89' lang='lat' dir='ltr'><strong>et</strong></span> <span class='ocrx_word' id='word_1_436' title='bbox 1078 5214 1371 5269; x_wconf 85' lang='lat' dir='ltr'><strong>admirandi</strong></span> <span class='ocrx_word' id='word_1_437' title='bbox 1421 5213 1657 5284; x_wconf 85' lang='lat' dir='ltr'><strong>magistri</strong></span> <span class='ocrx_word' id='word_1_438' title='bbox 1687 5214 1922 5268; x_wconf 72' lang='lat' dir='ltr'><strong>asseclaz.</strong></span> 
     </span>
    </p>
   </div>
   <div class='ocr_carea' id='block_1_56' title="bbox 359 5302 1926 5378">
    <p class='ocr_par' dir='ltr' id='par_1_56' title="bbox 359 5302 1926 5378">
     <span class='ocr_line' id='line_1_56' title="bbox 359 5302 1926 5378; baseline -0.005 -14"><span class='ocrx_word' id='word_1_439' title='bbox 359 5307 518 5364; x_wconf 77' lang='lat' dir='ltr'><strong>Scitis</strong></span> <span class='ocrx_word' id='word_1_440' title='bbox 545 5317 718 5362; x_wconf 87' lang='lat' dir='ltr'><strong>autem</strong></span> <span class='ocrx_word' id='word_1_441' title='bbox 740 5323 832 5364; x_wconf 89' lang='lat' dir='ltr'><strong>eos</strong></span> <span class='ocrx_word' id='word_1_442' title='bbox 857 5310 944 5378; x_wconf 87' lang='lat' dir='ltr'><strong>qui</strong></span> <span class='ocrx_word' id='word_1_443' title='bbox 972 5323 1035 5361; x_wconf 89' lang='lat' dir='ltr'><strong>ex</strong></span> <span class='ocrx_word' id='word_1_444' title='bbox 1078 5305 1362 5361; x_wconf 85' lang='lat' dir='ltr'><strong>humiliore</strong></span> <span class='ocrx_word' id='word_1_445' title='bbox 1388 5304 1556 5374; x_wconf 89' lang='lat' dir='ltr'><strong>gradu</strong></span> <span class='ocrx_word' id='word_1_446' title='bbox 1595 5304 1660 5358; x_wconf 90' lang='lat' dir='ltr'><strong>ad</strong></span> <span class='ocrx_word' id='word_1_447' title='bbox 1697 5302 1926 5370; x_wconf 85' lang='lat' dir='ltr'><strong>dignita-</strong></span> 
     </span>
    </p>
   </div>
   <div class='ocr_carea' id='block_1_57' title="bbox 361 5395 1926 5469">
    <p class='ocr_par' dir='ltr' id='par_1_57' title="bbox 361 5395 1926 5469">
     <span class='ocr_line' id='line_1_57' title="bbox 361 5395 1926 5469; baseline -0.004 -14"><span class='ocrx_word' id='word_1_448' title='bbox 361 5409 442 5454; x_wconf 84' lang='lat' dir='ltr'><strong>tes</strong></span> <span class='ocrx_word' id='word_1_449' title='bbox 472 5401 803 5468; x_wconf 89' lang='lat' dir='ltr'><strong>perveniunt,</strong></span> <span class='ocrx_word' id='word_1_450' title='bbox 837 5401 1037 5454; x_wconf 82' lang='lat' dir='ltr'><strong>facilius</strong></span> <span class='ocrx_word' id='word_1_451' title='bbox 1063 5401 1114 5454; x_wconf 93' lang='lat' dir='ltr'><strong>in</strong></span> <span class='ocrx_word' id='word_1_452' title='bbox 1141 5399 1494 5469; x_wconf 84' lang='lat' dir='ltr'><strong>arrogantiam</strong></span> <span class='ocrx_word' id='word_1_453' title='bbox 1520 5395 1716 5460; x_wconf 75' lang='lat' dir='ltr'><strong>cn‘erri,</strong></span> <span class='ocrx_word' id='word_1_454' title='bbox 1745 5403 1926 5462; x_wconf 88' lang='lat' dir='ltr'><strong>utpote</strong></span> 
     </span>
    </p>
   </div>
   <div class='ocr_carea' id='block_1_58' title="bbox 358 5485 1924 5559">
    <p class='ocr_par' dir='ltr' id='par_1_58' title="bbox 358 5485 1924 5559">
     <span class='ocr_line' id='line_1_58' title="bbox 358 5485 1924 5559; baseline -0.003 -16"><span class='ocrx_word' id='word_1_455' title='bbox 358 5490 449 5558; x_wconf 87' lang='lat' dir='ltr'><strong>qui</strong></span> <span class='ocrx_word' id='word_1_456' title='bbox 476 5499 630 5543; x_wconf 80' lang='lat' dir='ltr'><strong>antea</strong></span> <span class='ocrx_word' id='word_1_457' title='bbox 662 5489 876 5543; x_wconf 88' lang='lat' dir='ltr'><strong>honoris</strong></span> <span class='ocrx_word' id='word_1_458' title='bbox 901 5500 1144 5559; x_wconf 81' lang='lat' dir='ltr'><strong>expertes</strong></span> <span class='ocrx_word' id='word_1_459' title='bbox 1169 5499 1366 5546; x_wconf 85' lang='lat' dir='ltr'><strong>essent.</strong></span> <span class='ocrx_word' id='word_1_460' title='bbox 1412 5490 1468 5543; x_wconf 90' lang='lat' dir='ltr'><strong>In</strong></span> <span class='ocrx_word' id='word_1_461' title='bbox 1495 5487 1593 5542; x_wconf 88' lang='lat' dir='ltr'><strong>hac</strong></span> <span class='ocrx_word' id='word_1_462' title='bbox 1623 5487 1778 5557; x_wconf 89' lang='lat' dir='ltr'><strong>igitur</strong></span> <span class='ocrx_word' id='word_1_463' title='bbox 1807 5485 1924 5540; x_wconf 82' lang='lat' dir='ltr'><strong>illos</strong></span> 
     </span>
    </p>
   </div>
   <div class='ocr_carea' id='block_1_59' title="bbox 423 5659 1884 5725">
    <p class='ocr_par' dir='ltr' id='par_1_59' title="bbox 423 5659 1884 5725">
     <span class='ocr_line' id='line_1_59' title="bbox 423 5659 1884 5725; baseline -0.003 -13"><span class='ocrx_word' id='word_1_464' title='bbox 423 5668 440 5699; x_wconf 72' lang='grc' dir='ltr'>ί</span> <span class='ocrx_word' id='word_1_465' title='bbox 476 5665 608 5725; x_wconf 69' lang='grc' dir='ltr'><strong>ηερε,</strong></span> <span class='ocrx_word' id='word_1_466' title='bbox 634 5671 766 5713; x_wconf 69' lang='lat' dir='ltr'><strong>erant</strong></span> <span class='ocrx_word' id='word_1_467' title='bbox 788 5659 1025 5723; x_wconf 72' lang='lat' dir='ltr'><strong>equidem,</strong></span> <span class='ocrx_word' id='word_1_468' title='bbox 1051 5678 1076 5715; x_wconf 81' lang='lat' dir='ltr'><strong>a</strong></span> <span class='ocrx_word' id='word_1_469' title='bbox 1108 5664 1464 5714; x_wconf 69' lang='lat' dir='ltr'><strong>lontefalconio</strong></span> <span class='ocrx_word' id='word_1_470' title='bbox 1493 5677 1583 5712; x_wconf 89' lang='lat' dir='ltr'><strong>uon</strong></span> <span class='ocrx_word' id='word_1_471' title='bbox 1614 5664 1739 5712; x_wconf 85' lang='lat' dir='ltr'><strong>lccta</strong></span> <span class='ocrx_word' id='word_1_472' title='bbox 1759 5670 1884 5709; x_wconf 77' lang='lat' dir='ltr'><strong>smn.</strong></span> 
     </span>
    </p>
   </div>
   <div class='ocr_carea' id='block_1_60' title="bbox 1100 293 2890 359">
    <p class='ocr_par' dir='ltr' id='par_1_60' title="bbox 1100 293 2890 359">
     <span class='ocr_line' id='line_1_60' title="bbox 1100 293 2890 359; baseline -0.004 0"><span class='ocrx_word' id='word_1_473' title='bbox 1100 304 1158 359; x_wconf 88' lang='lat' dir='ltr'><strong>S.</strong></span> <span class='ocrx_word' id='word_1_474' title='bbox 1196 298 1474 358; x_wconf 78' lang='lat' dir='ltr'><strong>JOANNIS</strong></span> <span class='ocrx_word' id='word_1_475' title='bbox 1508 294 1974 354; x_wconf 76' lang='lat' dir='ltr'><strong>CHRYSOSTOMI</strong></span> <span class='ocrx_word' id='word_1_476' title='bbox 2006 293 2318 351; x_wconf 77' lang='lat' dir='ltr'><strong>ARClllEP.</strong></span> <span class='ocrx_word' id='word_1_477' title='bbox 2359 296 2890 355; x_wconf 69' lang='lat' dir='ltr'><strong>CONSTANTINOP.</strong></span> 
     </span>
    </p>
   </div>
   <div class='ocr_carea' id='block_1_61' title="bbox 3509 304 3609 362">
    <p class='ocr_par' dir='ltr' id='par_1_61' title="bbox 3509 304 3609 362">
     <span class='ocr_line' id='line_1_61' title="bbox 3509 304 3609 362; baseline 0.02 -2"><span class='ocrx_word' id='word_1_478' title='bbox 3509 304 3609 362; x_wconf 63' lang='lat'><strong>{80</strong></span> 
     </span>
    </p>
   </div>
   <div class='ocr_carea' id='block_1_62' title="bbox 2036 405 3606 481">
    <p class='ocr_par' dir='ltr' id='par_1_62' title="bbox 2036 405 3606 481">
     <span class='ocr_line' id='line_1_62' title="bbox 2036 405 3606 481; baseline 0.009 -21"><span class='ocrx_word' id='word_1_479' title='bbox 2036 405 2334 464; x_wconf 80' lang='lat' dir='ltr'><strong>humilitate</strong></span> <span class='ocrx_word' id='word_1_480' title='bbox 2359 411 2656 474; x_wconf 90' lang='lat' dir='ltr'><strong>continens,</strong></span> <span class='ocrx_word' id='word_1_481' title='bbox 2677 410 2854 466; x_wconf 88' lang='lat' dir='ltr'><strong>docuit</strong></span> <span class='ocrx_word' id='word_1_482' title='bbox 2875 424 2966 466; x_wconf 88' lang='lat' dir='ltr'><strong>eos</strong></span> <span class='ocrx_word' id='word_1_483' title='bbox 2992 417 3049 465; x_wconf 94' lang='lat' dir='ltr'><strong>ut</strong></span> <span class='ocrx_word' id='word_1_484' title='bbox 3070 425 3164 481; x_wconf 89' lang='lat' dir='ltr'><strong>per</strong></span> <span class='ocrx_word' id='word_1_485' title='bbox 3179 414 3353 468; x_wconf 90' lang='lat' dir='ltr'><strong>omnia</strong></span> <span class='ocrx_word' id='word_1_486' title='bbox 3383 417 3606 475; x_wconf 86' lang='lat' dir='ltr'><strong>modesti</strong></span> 
     </span>
    </p>
   </div>
   <div class='ocr_carea' id='block_1_63' title="bbox 2036 498 3598 576">
    <p class='ocr_par' dir='ltr' id='par_1_63' title="bbox 2036 498 3598 576">
     <span class='ocr_line' id='line_1_63' title="bbox 2036 498 3598 576; baseline 0.006 -23"><span class='ocrx_word' id='word_1_487' title='bbox 2036 508 2091 553; x_wconf 92' lang='lat' dir='ltr'><strong>et</strong></span> <span class='ocrx_word' id='word_1_488' title='bbox 2136 498 2366 554; x_wconf 88' lang='lat' dir='ltr'><strong>humiles</strong></span> <span class='ocrx_word' id='word_1_489' title='bbox 2396 512 2594 568; x_wconf 88' lang='lat' dir='ltr'><strong>essent,</strong></span> <span class='ocrx_word' id='word_1_490' title='bbox 2644 516 2705 555; x_wconf 86' lang='lat' dir='ltr'><strong>ac</strong></span> <span class='ocrx_word' id='word_1_491' title='bbox 2731 516 3015 571; x_wconf 79' lang='lat' dir='ltr'><strong>numquam</strong></span> <span class='ocrx_word' id='word_1_492' title='bbox 3065 502 3320 560; x_wconf 88' lang='lat' dir='ltr'><strong>ministris</strong></span> <span class='ocrx_word' id='word_1_493' title='bbox 3367 519 3598 576; x_wconf 81' lang='lat' dir='ltr'><strong>egerent.</strong></span> 
     </span>
    </p>
   </div>
   <div class='ocr_carea' id='block_1_64' title="bbox 2036 588 3606 663">
    <p class='ocr_par' dir='ltr' id='par_1_64' title="bbox 2036 588 3606 663">
     <span class='ocr_line' id='line_1_64' title="bbox 2036 588 3606 663; baseline 0.006 -21"><span class='ocrx_word' id='word_1_494' title='bbox 2036 588 2152 658; x_wconf 82' lang='lat' dir='ltr'><strong>ipse</strong></span> <span class='ocrx_word' id='word_1_495' title='bbox 2169 600 2366 656; x_wconf 88' lang='lat' dir='ltr'><strong>autem,</strong></span> <span class='ocrx_word' id='word_1_496' title='bbox 2395 591 2580 660; x_wconf 89' lang='lat' dir='ltr'><strong>inquit,</strong></span> <span class='ocrx_word' id='word_1_497' title='bbox 2611 590 2873 663; x_wconf 85' lang='lat' dir='ltr'><strong>Fatigatus</strong></span> <span class='ocrx_word' id='word_1_498' title='bbox 2904 609 2966 647; x_wconf 81' lang='lat' dir='ltr'><strong>ea:</strong></span> <span class='ocrx_word' id='word_1_499' title='bbox 2993 593 3187 660; x_wconf 86' lang='lat' dir='ltr'><strong>itinere,</strong></span> <span class='ocrx_word' id='word_1_500' title='bbox 3217 597 3416 650; x_wconf 88' lang='lat' dir='ltr'><strong>sedebat</strong></span> <span class='ocrx_word' id='word_1_501' title='bbox 3440 599 3510 652; x_wconf 89' lang='lat' dir='ltr'><strong>sic</strong></span> <span class='ocrx_word' id='word_1_502' title='bbox 3541 600 3606 652; x_wconf 85' lang='lat' dir='ltr'><strong>ad</strong></span> 
     </span>
    </p>
   </div>
   <div class='ocr_carea' id='block_1_65' title="bbox 2037 678 3602 751">
    <p class='ocr_par' dir='ltr' id='par_1_65' title="bbox 2037 678 3602 751">
     <span class='ocr_line' id='line_1_65' title="bbox 2037 678 3602 751; baseline 0.006 -21"><span class='ocrx_word' id='word_1_503' title='bbox 2037 678 2244 747; x_wconf 81' lang='lat' dir='ltr'><strong>fontem.</strong></span> <span class='ocrx_word' id='word_1_504' title='bbox 2273 678 2457 732; x_wconf 80' lang='lat' dir='ltr'><strong>Vidcn‘</strong></span> <span class='ocrx_word' id='word_1_505' title='bbox 2487 679 2689 733; x_wconf 87' lang='lat' dir='ltr'><strong>sedisse</strong></span> <span class='ocrx_word' id='word_1_506' title='bbox 2721 680 2867 734; x_wconf 89' lang='lat' dir='ltr'><strong>illum</strong></span> <span class='ocrx_word' id='word_1_507' title='bbox 2899 680 3091 736; x_wconf 92' lang='lat' dir='ltr'><strong>laboris</strong></span> <span class='ocrx_word' id='word_1_508' title='bbox 3117 691 3171 737; x_wconf 90' lang='lat' dir='ltr'><strong>et</strong></span> <span class='ocrx_word' id='word_1_509' title='bbox 3214 693 3375 738; x_wconf 63' lang='lat' dir='ltr'><strong>a&#39;stus</strong></span> <span class='ocrx_word' id='word_1_510' title='bbox 3410 701 3566 740; x_wconf 86' lang='lat' dir='ltr'><strong>causa</strong></span> <span class='ocrx_word' id='word_1_511' title='bbox 3586 727 3602 751; x_wconf 93' lang='lat'><strong>,</strong></span> 
     </span>
    </p>
   </div>
   <div class='ocr_carea' id='block_1_66' title="bbox 2036 763 3607 841">
    <p class='ocr_par' dir='ltr' id='par_1_66' title="bbox 2036 763 3607 841">
     <span class='ocr_line' id='line_1_66' title="bbox 2036 763 3607 841; baseline 0.008 -24"><span class='ocrx_word' id='word_1_512' title='bbox 2036 763 2100 817; x_wconf 91' lang='lat' dir='ltr'><strong>ad</strong></span> <span class='ocrx_word' id='word_1_513' title='bbox 2130 764 2417 835; x_wconf 89' lang='lat' dir='ltr'><strong>discipulos</strong></span> <span class='ocrx_word' id='word_1_514' title='bbox 2457 767 2872 834; x_wconf 82' lang='lat' dir='ltr'><strong>exspectandus?</strong></span> <span class='ocrx_word' id='word_1_515' title='bbox 2895 767 3062 823; x_wconf 87' lang='lat' dir='ltr'><strong>Norat</strong></span> <span class='ocrx_word' id='word_1_516' title='bbox 3087 770 3281 840; x_wconf 90' lang='lat' dir='ltr'><strong>quippe</strong></span> <span class='ocrx_word' id='word_1_517' title='bbox 3310 773 3432 841; x_wconf 86' lang='lat' dir='ltr'><strong>quid</strong></span> <span class='ocrx_word' id='word_1_518' title='bbox 3464 783 3607 829; x_wconf 84' lang='lat' dir='ltr'><strong>esset</strong></span> 
     </span>
    </p>
   </div>
   <div class='ocr_carea' id='block_1_67' title="bbox 2037 855 3607 932">
    <p class='ocr_par' dir='ltr' id='par_1_67' title="bbox 2037 855 3607 932">
     <span class='ocr_line' id='line_1_67' title="bbox 2037 855 3607 932; baseline 0.006 -23"><span class='ocrx_word' id='word_1_519' title='bbox 2037 855 2382 910; x_wconf 87' lang='lat' dir='ltr'><strong>Samaritanis</strong></span> <span class='ocrx_word' id='word_1_520' title='bbox 2429 865 2764 912; x_wconf 85' lang='lat' dir='ltr'><strong>eventurum.</strong></span> <span class='ocrx_word' id='word_1_521' title='bbox 2795 856 2908 912; x_wconf 86' lang='lat' dir='ltr'><strong>Non</strong></span> <span class='ocrx_word' id='word_1_522' title='bbox 2939 869 3112 914; x_wconf 89' lang='lat' dir='ltr'><strong>tamen</strong></span> <span class='ocrx_word' id='word_1_523' title='bbox 3136 860 3222 913; x_wconf 90' lang='lat' dir='ltr'><strong>illa</strong></span> <span class='ocrx_word' id='word_1_524' title='bbox 3250 864 3514 932; x_wconf 69' lang='lat' dir='ltr'><strong>przccipue</strong></span> <span class='ocrx_word' id='word_1_525' title='bbox 3539 863 3607 919; x_wconf 89' lang='lat' dir='ltr'><strong>de</strong></span> 
     </span>
    </p>
   </div>
   <div class='ocr_carea' id='block_1_68' title="bbox 2034 947 3605 1016">
    <p class='ocr_par' dir='ltr' id='par_1_68' title="bbox 2034 947 3605 1016">
     <span class='ocr_line' id='line_1_68' title="bbox 2034 947 3605 1016; baseline 0.004 -17"><span class='ocrx_word' id='word_1_526' title='bbox 2034 960 2190 1000; x_wconf 88' lang='lat' dir='ltr'><strong>causa</strong></span> <span class='ocrx_word' id='word_1_527' title='bbox 2221 954 2468 1013; x_wconf 83' lang='lat' dir='ltr'><strong>venerat;</strong></span> <span class='ocrx_word' id='word_1_528' title='bbox 2498 961 2688 1016; x_wconf 86' lang='lat' dir='ltr'><strong>neque,</strong></span> <span class='ocrx_word' id='word_1_529' title='bbox 2722 947 2929 1001; x_wconf 84' lang='lat' dir='ltr'><strong>etiamsi</strong></span> <span class='ocrx_word' id='word_1_530' title='bbox 2949 947 3094 1003; x_wconf 88' lang='lat' dir='ltr'><strong>eade</strong></span> <span class='ocrx_word' id='word_1_531' title='bbox 3113 963 3269 1004; x_wconf 90' lang='lat' dir='ltr'><strong>causa</strong></span> <span class='ocrx_word' id='word_1_532' title='bbox 3299 965 3402 1004; x_wconf 92' lang='lat' dir='ltr'><strong>non</strong></span> <span class='ocrx_word' id='word_1_533' title='bbox 3431 953 3605 1006; x_wconf 89' lang='lat' dir='ltr'><strong>venis-</strong></span> 
     </span>
    </p>
   </div>
   <div class='ocr_carea' id='block_1_69' title="bbox 2034 1037 3607 1109">
    <p class='ocr_par' dir='ltr' id='par_1_69' title="bbox 2034 1037 3607 1109">
     <span class='ocr_line' id='line_1_69' title="bbox 2034 1037 3607 1109; baseline 0.005 -19"><span class='ocrx_word' id='word_1_534' title='bbox 2034 1046 2130 1102; x_wconf 72' lang='lat' dir='ltr'><strong>set,</strong></span> <span class='ocrx_word' id='word_1_535' title='bbox 2175 1037 2480 1106; x_wconf 83' lang='lat' dir='ltr'><strong>repellenda</strong></span> <span class='ocrx_word' id='word_1_536' title='bbox 2522 1037 2830 1091; x_wconf 87' lang='lat' dir='ltr'><strong>muliercula</strong></span> <span class='ocrx_word' id='word_1_537' title='bbox 2882 1037 2968 1092; x_wconf 90' lang='lat' dir='ltr'><strong>illa</strong></span> <span class='ocrx_word' id='word_1_538' title='bbox 3015 1047 3149 1106; x_wconf 82' lang='lat' dir='ltr'><strong>erat,</strong></span> <span class='ocrx_word' id='word_1_539' title='bbox 3201 1055 3320 1109; x_wconf 75' lang='lat' dir='ltr'><strong>quce.</strong></span> <span class='ocrx_word' id='word_1_540' title='bbox 3365 1056 3424 1097; x_wconf 91' lang='lat' dir='ltr'><strong>se</strong></span> <span class='ocrx_word' id='word_1_541' title='bbox 3470 1043 3607 1098; x_wconf 86' lang='lat' dir='ltr'><strong>adeo</strong></span> 
     </span>
    </p>
   </div>
   <div class='ocr_carea' id='block_1_70' title="bbox 2036 1127 3606 1200">
    <p class='ocr_par' dir='ltr' id='par_1_70' title="bbox 2036 1127 3606 1200">
     <span class='ocr_line' id='line_1_70' title="bbox 2036 1127 3606 1200; baseline 0.004 -19"><span class='ocrx_word' id='word_1_542' title='bbox 2036 1127 2272 1181; x_wconf 79' lang='lat' dir='ltr'><strong>discendi</strong></span> <span class='ocrx_word' id='word_1_543' title='bbox 2303 1127 2546 1196; x_wconf 84' lang='lat' dir='ltr'><strong>cupidam</strong></span> <span class='ocrx_word' id='word_1_544' title='bbox 2572 1127 2830 1183; x_wconf 85' lang='lat' dir='ltr'><strong>exhibuit.</strong></span> <span class='ocrx_word' id='word_1_545' title='bbox 2859 1127 3028 1183; x_wconf 66' lang='lat' dir='ltr'><strong>Iudici</strong></span> <span class='ocrx_word' id='word_1_546' title='bbox 3078 1131 3218 1184; x_wconf 90' lang='lat' dir='ltr'><strong>enim</strong></span> <span class='ocrx_word' id='word_1_547' title='bbox 3257 1131 3428 1200; x_wconf 89' lang='lat' dir='ltr'><strong>ipsum</strong></span> <span class='ocrx_word' id='word_1_548' title='bbox 3451 1133 3516 1186; x_wconf 90' lang='lat' dir='ltr'><strong>ad</strong></span> <span class='ocrx_word' id='word_1_549' title='bbox 3547 1150 3606 1188; x_wconf 89' lang='lat' dir='ltr'><strong>se</strong></span> 
     </span>
    </p>
   </div>
   <div class='ocr_carea' id='block_1_71' title="bbox 2037 1218 3606 1291">
    <p class='ocr_par' dir='ltr' id='par_1_71' title="bbox 2037 1218 3606 1291">
     <span class='ocr_line' id='line_1_71' title="bbox 2037 1218 3606 1291; baseline 0.005 -22"><span class='ocrx_word' id='word_1_550' title='bbox 2037 1218 2334 1272; x_wconf 81' lang='lat' dir='ltr'><strong>venientem</strong></span> <span class='ocrx_word' id='word_1_551' title='bbox 2380 1218 2744 1288; x_wconf 88' lang='lat' dir='ltr'><strong>repellebant;</strong></span> <span class='ocrx_word' id='word_1_552' title='bbox 2775 1219 2998 1289; x_wconf 83' lang='lat' dir='ltr'><strong>gentiles</strong></span> <span class='ocrx_word' id='word_1_553' title='bbox 3029 1230 3214 1275; x_wconf 89' lang='lat' dir='ltr'><strong>contra</strong></span> <span class='ocrx_word' id='word_1_554' title='bbox 3247 1223 3352 1276; x_wconf 92' lang='lat' dir='ltr'><strong>alio</strong></span> <span class='ocrx_word' id='word_1_555' title='bbox 3396 1225 3606 1291; x_wconf 79' lang='lat' dir='ltr'><strong>proﬁci-</strong></span> 
     </span>
    </p>
   </div>
   <div class='ocr_carea' id='block_1_72' title="bbox 2036 1311 3601 1382">
    <p class='ocr_par' dir='ltr' id='par_1_72' title="bbox 2036 1311 3601 1382">
     <span class='ocr_line' id='line_1_72' title="bbox 2036 1311 3601 1382; baseline 0.006 -18"><span class='ocrx_word' id='word_1_556' title='bbox 2036 1320 2268 1365; x_wconf 74' lang='lat' dir='ltr'><strong>scentem</strong></span> <span class='ocrx_word' id='word_1_557' title='bbox 2290 1311 2355 1366; x_wconf 89' lang='lat' dir='ltr'><strong>ad</strong></span> <span class='ocrx_word' id='word_1_558' title='bbox 2381 1327 2440 1368; x_wconf 89' lang='lat' dir='ltr'><strong>se</strong></span> <span class='ocrx_word' id='word_1_559' title='bbox 2457 1312 2755 1368; x_wconf 85' lang='lat' dir='ltr'><strong>trahebant.</strong></span> <span class='ocrx_word' id='word_1_560' title='bbox 2779 1311 2854 1367; x_wconf 88' lang='lat' dir='ltr'><strong>llli</strong></span> <span class='ocrx_word' id='word_1_561' title='bbox 2873 1313 3193 1378; x_wconf 85' lang='lat' dir='ltr'><strong>invidebant,</strong></span> <span class='ocrx_word' id='word_1_562' title='bbox 3215 1314 3266 1368; x_wconf 92' lang='lat' dir='ltr'><strong>hi</strong></span> <span class='ocrx_word' id='word_1_563' title='bbox 3288 1316 3601 1382; x_wconf 78' lang='lat' dir='ltr'><strong>credebant;</strong></span> 
     </span>
    </p>
   </div>
   <div class='ocr_carea' id='block_1_73' title="bbox 2035 1401 3602 1476">
    <p class='ocr_par' dir='ltr' id='par_1_73' title="bbox 2035 1401 3602 1476">
     <span class='ocr_line' id='line_1_73' title="bbox 2035 1401 3602 1476; baseline 0.006 -22"><span class='ocrx_word' id='word_1_564' title='bbox 2035 1401 2109 1454; x_wconf 86' lang='lat' dir='ltr'><strong>illi</strong></span> <span class='ocrx_word' id='word_1_565' title='bbox 2135 1401 2558 1470; x_wconf 87' lang='lat' dir='ltr'><strong>indignabantur,</strong></span> <span class='ocrx_word' id='word_1_566' title='bbox 2601 1403 2651 1458; x_wconf 88' lang='lat' dir='ltr'><strong>hi</strong></span> <span class='ocrx_word' id='word_1_567' title='bbox 2701 1403 3026 1459; x_wconf 85' lang='lat' dir='ltr'><strong>mirabantur</strong></span> <span class='ocrx_word' id='word_1_568' title='bbox 3049 1415 3102 1459; x_wconf 93' lang='lat' dir='ltr'><strong>et</strong></span> <span class='ocrx_word' id='word_1_569' title='bbox 3125 1405 3435 1462; x_wconf 90' lang='lat' dir='ltr'><strong>adorabant.</strong></span> <span class='ocrx_word' id='word_1_570' title='bbox 3467 1409 3602 1476; x_wconf 88' lang='lat' dir='ltr'><strong>Quid</strong></span> 
     </span>
    </p>
   </div>
   <div class='ocr_carea' id='block_1_74' title="bbox 2034 1494 3600 1568">
    <p class='ocr_par' dir='ltr' id='par_1_74' title="bbox 2034 1494 3600 1568">
     <span class='ocr_line' id='line_1_74' title="bbox 2034 1494 3600 1568; baseline 0.003 -20"><span class='ocrx_word' id='word_1_571' title='bbox 2034 1494 2194 1562; x_wconf 77' lang='lat' dir='ltr'><strong>ergo?</strong></span> <span class='ocrx_word' id='word_1_572' title='bbox 2217 1494 2561 1564; x_wconf 88' lang='lat' dir='ltr'><strong>oportebatne</strong></span> <span class='ocrx_word' id='word_1_573' title='bbox 2595 1503 2669 1548; x_wconf 89' lang='lat' dir='ltr'><strong>tot</strong></span> <span class='ocrx_word' id='word_1_574' title='bbox 2704 1494 2978 1549; x_wconf 88' lang='lat' dir='ltr'><strong>hominum</strong></span> <span class='ocrx_word' id='word_1_575' title='bbox 3023 1495 3247 1552; x_wconf 86' lang='lat' dir='ltr'><strong>salutem</strong></span> <span class='ocrx_word' id='word_1_576' title='bbox 3294 1497 3600 1568; x_wconf 80' lang='lat' dir='ltr'><strong>deSpicere,</strong></span> 
     </span>
    </p>
   </div>
   <div class='ocr_carea' id='block_1_75' title="bbox 2035 1585 3598 1644">
    <p class='ocr_par' dir='ltr' id='par_1_75' title="bbox 2035 1585 3598 1644">
     <span class='ocr_line' id='line_1_75' title="bbox 2035 1585 3598 1644; baseline 0.002 -3"><span class='ocrx_word' id='word_1_577' title='bbox 2035 1593 2088 1641; x_wconf 90' lang='lat' dir='ltr'><strong>et</strong></span> <span class='ocrx_word' id='word_1_578' title='bbox 2118 1594 2222 1639; x_wconf 91' lang='lat' dir='ltr'><strong>tam</strong></span> <span class='ocrx_word' id='word_1_579' title='bbox 2253 1586 2543 1642; x_wconf 90' lang='lat' dir='ltr'><strong>studiosum</strong></span> <span class='ocrx_word' id='word_1_580' title='bbox 2569 1586 2814 1641; x_wconf 72' lang='lat' dir='ltr'><strong>affectum</strong></span> <span class='ocrx_word' id='word_1_581' title='bbox 2855 1585 3161 1642; x_wconf 85' lang='lat' dir='ltr'><strong>dimittere?</strong></span> <span class='ocrx_word' id='word_1_582' title='bbox 3197 1587 3305 1642; x_wconf 80' lang='lat' dir='ltr'><strong>Hoc</strong></span> <span class='ocrx_word' id='word_1_583' title='bbox 3343 1599 3487 1644; x_wconf 74' lang='lat' dir='ltr'><strong>certe</strong></span> <span class='ocrx_word' id='word_1_584' title='bbox 3518 1588 3598 1644; x_wconf 54' lang='lat' dir='ltr'><strong>inc</strong></span> 
     </span>
    </p>
   </div>
   <div class='ocr_carea' id='block_1_76' title="bbox 2035 1675 3597 1750">
    <p class='ocr_par' dir='ltr' id='par_1_76' title="bbox 2035 1675 3597 1750">
     <span class='ocr_line' id='line_1_76' title="bbox 2035 1675 3597 1750; baseline 0 -16"><span class='ocrx_word' id='word_1_585' title='bbox 2035 1677 2250 1747; x_wconf 83' lang='lat' dir='ltr'><strong>dignum</strong></span> <span class='ocrx_word' id='word_1_586' title='bbox 2293 1680 2432 1734; x_wconf 88' lang='lat' dir='ltr'><strong>illius</strong></span> <span class='ocrx_word' id='word_1_587' title='bbox 2460 1678 2782 1750; x_wconf 90' lang='lat' dir='ltr'><strong>benignitate</strong></span> <span class='ocrx_word' id='word_1_588' title='bbox 2816 1697 2830 1733; x_wconf 92' lang='lat'>:</span> <span class='ocrx_word' id='word_1_589' title='bbox 2863 1675 3086 1748; x_wconf 88' lang='lat' dir='ltr'><strong>ideoque</strong></span> <span class='ocrx_word' id='word_1_590' title='bbox 3129 1677 3242 1733; x_wconf 83' lang='lat' dir='ltr'><strong>haec</strong></span> <span class='ocrx_word' id='word_1_591' title='bbox 3278 1679 3452 1734; x_wconf 89' lang='lat' dir='ltr'><strong>omnia</strong></span> <span class='ocrx_word' id='word_1_592' title='bbox 3479 1697 3597 1734; x_wconf 82' lang='lat' dir='ltr'><strong>eum</strong></span> 
     </span>
    </p>
   </div>
   <div class='ocr_carea' id='block_1_77' title="bbox 2037 1766 3600 1839">
    <p class='ocr_par' dir='ltr' id='par_1_77' title="bbox 2037 1766 3600 1839">
     <span class='ocr_line' id='line_1_77' title="bbox 2037 1766 3600 1839; baseline -0.001 -18"><span class='ocrx_word' id='word_1_593' title='bbox 2037 1767 2294 1836; x_wconf 83' lang='lat' dir='ltr'><strong>sapientia</strong></span> <span class='ocrx_word' id='word_1_594' title='bbox 2329 1769 2427 1823; x_wconf 92' lang='lat' dir='ltr'><strong>sibi</strong></span> <span class='ocrx_word' id='word_1_595' title='bbox 2454 1777 2778 1839; x_wconf 84' lang='lat' dir='ltr'><strong>congruente</strong></span> <span class='ocrx_word' id='word_1_596' title='bbox 2813 1766 3101 1838; x_wconf 77' lang='lat' dir='ltr'><strong>diSpensat.</strong></span> <span class='ocrx_word' id='word_1_597' title='bbox 3131 1767 3380 1833; x_wconf 86' lang='lat' dir='ltr'><strong>Sedchat,</strong></span> <span class='ocrx_word' id='word_1_598' title='bbox 3407 1781 3600 1836; x_wconf 83' lang='lat' dir='ltr'><strong>Corpus</strong></span> 
     </span>
    </p>
   </div>
   <div class='ocr_carea' id='block_1_78' title="bbox 2036 1857 3601 1928">
    <p class='ocr_par' dir='ltr' id='par_1_78' title="bbox 2036 1857 3601 1928">
     <span class='ocr_line' id='line_1_78' title="bbox 2036 1857 3601 1928; baseline 0 -16"><span class='ocrx_word' id='word_1_599' title='bbox 2036 1857 2347 1925; x_wconf 86' lang='lat' dir='ltr'><strong>recreabat,</strong></span> <span class='ocrx_word' id='word_1_600' title='bbox 2396 1867 2452 1914; x_wconf 90' lang='lat' dir='ltr'><strong>et</strong></span> <span class='ocrx_word' id='word_1_601' title='bbox 2492 1859 2642 1928; x_wconf 79' lang='lat' dir='ltr'><strong>juxta</strong></span> <span class='ocrx_word' id='word_1_602' title='bbox 2693 1858 2892 1913; x_wconf 90' lang='lat' dir='ltr'><strong>fontem</strong></span> <span class='ocrx_word' id='word_1_603' title='bbox 2945 1857 3312 1927; x_wconf 81' lang='lat' dir='ltr'><strong>refrigerabat.</strong></span> <span class='ocrx_word' id='word_1_604' title='bbox 3368 1858 3601 1927; x_wconf 85' lang='lat' dir='ltr'><strong>Eratque</strong></span> 
     </span>
    </p>
   </div>
   <div class='ocr_carea' id='block_1_79' title="bbox 2038 1947 3598 2019">
    <p class='ocr_par' dir='ltr' id='par_1_79' title="bbox 2038 1947 3598 2019">
     <span class='ocr_line' id='line_1_79' title="bbox 2038 1947 3598 2019; baseline 0 -18"><span class='ocrx_word' id='word_1_605' title='bbox 2038 1956 2164 2004; x_wconf 86' lang='lat' dir='ltr'><strong>tunc</strong></span> <span class='ocrx_word' id='word_1_606' title='bbox 2201 1947 2471 2015; x_wconf 89' lang='lat' dir='ltr'><strong>meridies,</strong></span> <span class='ocrx_word' id='word_1_607' title='bbox 2523 1947 2663 2018; x_wconf 92' lang='lat' dir='ltr'><strong>quod</strong></span> <span class='ocrx_word' id='word_1_608' title='bbox 2719 1947 3037 2019; x_wconf 88' lang='lat' dir='ltr'><strong>evangelista</strong></span> <span class='ocrx_word' id='word_1_609' title='bbox 3086 1947 3320 2002; x_wconf 89' lang='lat' dir='ltr'><strong>declarat</strong></span> <span class='ocrx_word' id='word_1_610' title='bbox 3369 1947 3451 2002; x_wconf 88' lang='lat' dir='ltr'><strong>his</strong></span> <span class='ocrx_word' id='word_1_611' title='bbox 3485 1962 3598 2002; x_wconf 84' lang='lat' dir='ltr'><strong>ver-</strong></span> 
     </span>
    </p>
   </div>
   <div class='ocr_carea' id='block_1_80' title="bbox 2037 2036 3602 2107">
    <p class='ocr_par' dir='ltr' id='par_1_80' title="bbox 2037 2036 3602 2107">
     <span class='ocr_line' id='line_1_80' title="bbox 2037 2036 3602 2107; baseline 0 -17"><span class='ocrx_word' id='word_1_612' title='bbox 2037 2036 2150 2104; x_wconf 88' lang='lat' dir='ltr'><strong>bis,</strong></span> <span class='ocrx_word' id='word_1_613' title='bbox 2197 2036 2337 2091; x_wconf 84' lang='lat' dir='ltr'><strong>Hora</strong></span> <span class='ocrx_word' id='word_1_614' title='bbox 2381 2047 2487 2091; x_wconf 87' lang='lat' dir='ltr'><strong>erat</strong></span> <span class='ocrx_word' id='word_1_615' title='bbox 2522 2037 2662 2107; x_wconf 85' lang='lat' dir='ltr'><strong>quasi</strong></span> <span class='ocrx_word' id='word_1_616' title='bbox 2712 2047 2851 2091; x_wconf 71' lang='lat' dir='ltr'><strong>seatta</strong></span> <span class='ocrx_word' id='word_1_617' title='bbox 2874 2077 2889 2104; x_wconf 93' lang='lat'><strong>,</strong></span> <span class='ocrx_word' id='word_1_618' title='bbox 2937 2046 2982 2091; x_wconf 91' lang='lat' dir='ltr'><strong>et</strong></span> <span class='ocrx_word' id='word_1_619' title='bbox 3012 2037 3212 2091; x_wconf 87' lang='lat' dir='ltr'><strong>sedebat</strong></span> <span class='ocrx_word' id='word_1_620' title='bbox 3238 2037 3326 2092; x_wconf 87' lang='lat' dir='ltr'><strong>sic.</strong></span> <span class='ocrx_word' id='word_1_621' title='bbox 3360 2036 3493 2104; x_wconf 88' lang='lat' dir='ltr'><strong>Quid</strong></span> <span class='ocrx_word' id='word_1_622' title='bbox 3520 2046 3602 2090; x_wconf 73' lang='grc' dir='ltr'><strong>νει</strong></span> 
     </span>
    </p>
   </div>
   <div class='ocr_carea' id='block_1_81' title="bbox 2037 2129 3597 2200">
    <p class='ocr_par' dir='ltr' id='par_1_81' title="bbox 2037 2129 3597 2200">
     <span class='ocr_line' id='line_1_81' title="bbox 2037 2129 3597 2200; baseline 0.001 -17"><span class='ocrx_word' id='word_1_623' title='bbox 2037 2129 2202 2196; x_wconf 91' lang='lat' dir='ltr'><strong>illud,</strong></span> <span class='ocrx_word' id='word_1_624' title='bbox 2248 2129 2381 2185; x_wconf 84' lang='lat' dir='ltr'><strong>Sic?</strong></span> <span class='ocrx_word' id='word_1_625' title='bbox 2426 2129 2542 2185; x_wconf 85' lang='lat' dir='ltr'><strong>Non</strong></span> <span class='ocrx_word' id='word_1_626' title='bbox 2596 2130 2648 2184; x_wconf 92' lang='lat' dir='ltr'><strong>in</strong></span> <span class='ocrx_word' id='word_1_627' title='bbox 2693 2130 2866 2197; x_wconf 87' lang='lat' dir='ltr'><strong>solio,</strong></span> <span class='ocrx_word' id='word_1_628' title='bbox 2919 2129 3111 2186; x_wconf 89' lang='lat' dir='ltr'><strong>nonin</strong></span> <span class='ocrx_word' id='word_1_629' title='bbox 3165 2129 3458 2200; x_wconf 90' lang='lat' dir='ltr'><strong>pulvinari,</strong></span> <span class='ocrx_word' id='word_1_630' title='bbox 3504 2131 3597 2184; x_wconf 85' lang='lat' dir='ltr'><strong>sed</strong></span> 
     </span>
    </p>
   </div>
   <div class='ocr_carea' id='block_1_82' title="bbox 2039 2217 3599 2288">
    <p class='ocr_par' dir='ltr' id='par_1_82' title="bbox 2039 2217 3599 2288">
     <span class='ocr_line' id='line_1_82' title="bbox 2039 2217 3599 2288; baseline 0.003 -18"><span class='ocrx_word' id='word_1_631' title='bbox 2039 2218 2347 2288; x_wconf 87' lang='lat' dir='ltr'><strong>simpliciter</strong></span> <span class='ocrx_word' id='word_1_632' title='bbox 2388 2220 2556 2274; x_wconf 87' lang='lat' dir='ltr'><strong>humi.</strong></span> <span class='ocrx_word' id='word_1_633' title='bbox 2598 2217 2740 2274; x_wconf 84' lang='lat' dir='ltr'><strong>Venit</strong></span> <span class='ocrx_word' id='word_1_634' title='bbox 2787 2219 2966 2275; x_wconf 83' lang='lat' dir='ltr'><strong>mulier</strong></span> <span class='ocrx_word' id='word_1_635' title='bbox 3009 2234 3074 2274; x_wconf 72' lang='lat' dir='ltr'><strong>ea:</strong></span> <span class='ocrx_word' id='word_1_636' title='bbox 3111 2219 3347 2274; x_wconf 85' lang='lat' dir='ltr'><strong>Samaria</strong></span> <span class='ocrx_word' id='word_1_637' title='bbox 3400 2221 3599 2275; x_wconf 83' lang='lat' dir='ltr'><strong>haurire</strong></span> 
     </span>
    </p>
   </div>
   <div class='ocr_carea' id='block_1_83' title="bbox 2034 2327 2236 2380">
    <p class='ocr_par' dir='ltr' id='par_1_83' title="bbox 2034 2327 2236 2380">
     <span class='ocr_line' id='line_1_83' title="bbox 2034 2327 2236 2380; baseline 0.01 -18"><span class='ocrx_word' id='word_1_638' title='bbox 2034 2327 2236 2380; x_wconf 86' lang='lat' dir='ltr'><strong>aquam.</strong></span> 
     </span>
    </p>
   </div>
   <div class='ocr_carea' id='block_1_84' title="bbox 2105 2401 3596 2473">
    <p class='ocr_par' dir='ltr' id='par_1_84' title="bbox 2105 2401 3596 2473">
     <span class='ocr_line' id='line_1_84' title="bbox 2105 2401 3596 2473; baseline 0.002 -16"><span class='ocrx_word' id='word_1_639' title='bbox 2105 2404 2159 2458; x_wconf 74' lang='grc'><strong>4.</strong></span> <span class='ocrx_word' id='word_1_640' title='bbox 2175 2401 2484 2473; x_wconf 84' lang='lat' dir='ltr'><strong>Colloquium</strong></span> <span class='ocrx_word' id='word_1_641' title='bbox 2505 2403 2690 2461; x_wconf 85' lang='lat' dir='ltr'><strong>Christi</strong></span> <span class='ocrx_word' id='word_1_642' title='bbox 2707 2419 2820 2458; x_wconf 89' lang='lat' dir='ltr'><strong>cum</strong></span> <span class='ocrx_word' id='word_1_643' title='bbox 2845 2403 3048 2458; x_wconf 82' lang='lat' dir='ltr'><strong>muliere</strong></span> <span class='ocrx_word' id='word_1_644' title='bbox 3066 2402 3389 2460; x_wconf 73' lang='lat' dir='ltr'><strong>Samaritana</strong></span> <span class='ocrx_word' id='word_1_645' title='bbox 3413 2407 3596 2460; x_wconf 82' lang='lat' dir='ltr'><strong>evolvi-</strong></span> 
     </span>
    </p>
   </div>
   <div class='ocr_carea' id='block_1_85' title="bbox 2038 2498 3597 2570">
    <p class='ocr_par' dir='ltr' id='par_1_85' title="bbox 2038 2498 3597 2570">
     <span class='ocr_line' id='line_1_85' title="bbox 2038 2498 3597 2570; baseline 0.004 -20"><span class='ocrx_word' id='word_1_646' title='bbox 2038 2506 2142 2563; x_wconf 86' lang='lat' dir='ltr'><strong>tur;</strong></span> <span class='ocrx_word' id='word_1_647' title='bbox 2154 2499 2409 2567; x_wconf 84' lang='lat' dir='ltr'><strong>utriusque</strong></span> <span class='ocrx_word' id='word_1_648' title='bbox 2418 2499 2599 2569; x_wconf 84' lang='lat' dir='ltr'><strong>agendi</strong></span> <span class='ocrx_word' id='word_1_649' title='bbox 2619 2499 2748 2554; x_wconf 82' lang='lat' dir='ltr'><strong>ratio</strong></span> <span class='ocrx_word' id='word_1_650' title='bbox 2761 2498 3318 2554; x_wconf 79' lang='lat' dir='ltr'><strong>commentatur.—Vide</strong></span> <span class='ocrx_word' id='word_1_651' title='bbox 3334 2501 3597 2570; x_wconf 87' lang='lat' dir='ltr'><strong>quomodo</strong></span> 
     </span>
    </p>
   </div>
   <div class='ocr_carea' id='block_1_86' title="bbox 2035 2588 3595 2660">
    <p class='ocr_par' dir='ltr' id='par_1_86' title="bbox 2035 2588 3595 2660">
     <span class='ocr_line' id='line_1_86' title="bbox 2035 2588 3595 2660; baseline -0.001 -14"><span class='ocrx_word' id='word_1_652' title='bbox 2035 2588 2272 2646; x_wconf 88' lang='lat' dir='ltr'><strong>declaret</strong></span> <span class='ocrx_word' id='word_1_653' title='bbox 2295 2589 2566 2646; x_wconf 88' lang='lat' dir='ltr'><strong>mulierem</strong></span> <span class='ocrx_word' id='word_1_654' title='bbox 2605 2597 2818 2660; x_wconf 91' lang='lat' dir='ltr'><strong>propter</strong></span> <span class='ocrx_word' id='word_1_655' title='bbox 2862 2588 3004 2642; x_wconf 90' lang='lat' dir='ltr'><strong>aliud</strong></span> <span class='ocrx_word' id='word_1_656' title='bbox 3048 2603 3315 2658; x_wconf 83' lang='lat' dir='ltr'><strong>egressam</strong></span> <span class='ocrx_word' id='word_1_657' title='bbox 3365 2603 3483 2644; x_wconf 91' lang='lat' dir='ltr'><strong>esse</strong></span> <span class='ocrx_word' id='word_1_658' title='bbox 3531 2605 3595 2644; x_wconf 85' lang='lat' dir='ltr'><strong>ex</strong></span> 
     </span>
    </p>
   </div>
   <div class='ocr_carea' id='block_1_87' title="bbox 2035 2679 3596 2752">
    <p class='ocr_par' dir='ltr' id='par_1_87' title="bbox 2035 2679 3596 2752">
     <span class='ocr_line' id='line_1_87' title="bbox 2035 2679 3596 2752; baseline -0.002 -16"><span class='ocrx_word' id='word_1_659' title='bbox 2035 2682 2248 2737; x_wconf 84' lang='lat' dir='ltr'><strong>civitate</strong></span> <span class='ocrx_word' id='word_1_660' title='bbox 2267 2722 2282 2750; x_wconf 97' lang='lat'><strong>,</strong></span> <span class='ocrx_word' id='word_1_661' title='bbox 2311 2681 2506 2752; x_wconf 90' lang='lat' dir='ltr'><strong>ubique</strong></span> <span class='ocrx_word' id='word_1_662' title='bbox 2529 2680 2890 2749; x_wconf 88' lang='lat' dir='ltr'><strong>impudentem</strong></span> <span class='ocrx_word' id='word_1_663' title='bbox 2919 2679 3219 2734; x_wconf 70' lang='lat' dir='ltr'><strong>Judazorum</strong></span> <span class='ocrx_word' id='word_1_664' title='bbox 3252 2681 3596 2748; x_wconf 84' lang='lat' dir='ltr'><strong>pervicaciam</strong></span> 
     </span>
    </p>
   </div>
   <div class='ocr_carea' id='block_1_88' title="bbox 2036 2769 3596 2841">
    <p class='ocr_par' dir='ltr' id='par_1_88' title="bbox 2036 2769 3596 2841">
     <span class='ocr_line' id='line_1_88' title="bbox 2036 2769 3596 2841; baseline -0.001 -16"><span class='ocrx_word' id='word_1_665' title='bbox 2036 2771 2333 2840; x_wconf 88' lang='lat' dir='ltr'><strong>reprimens</strong></span> <span class='ocrx_word' id='word_1_666' title='bbox 2357 2813 2373 2840; x_wconf 88' lang='lat'><strong>,</strong></span> <span class='ocrx_word' id='word_1_667' title='bbox 2411 2786 2478 2828; x_wconf 90' lang='lat' dir='ltr'><strong>ne</strong></span> <span class='ocrx_word' id='word_1_668' title='bbox 2503 2771 2623 2841; x_wconf 91' lang='lat' dir='ltr'><strong>quis</strong></span> <span class='ocrx_word' id='word_1_669' title='bbox 2659 2769 2862 2826; x_wconf 89' lang='lat' dir='ltr'><strong>diceret</strong></span> <span class='ocrx_word' id='word_1_670' title='bbox 2907 2770 3078 2839; x_wconf 92' lang='lat' dir='ltr'><strong>ipsum</strong></span> <span class='ocrx_word' id='word_1_671' title='bbox 3122 2770 3416 2840; x_wconf 88' lang='lat' dir='ltr'><strong>transgredi</strong></span> <span class='ocrx_word' id='word_1_672' title='bbox 3460 2786 3596 2841; x_wconf 67' lang='lat' dir='ltr'><strong>prae.-</strong></span> 
     </span>
    </p>
   </div>
   <div class='ocr_carea' id='block_1_89' title="bbox 2036 2860 3595 2932">
    <p class='ocr_par' dir='ltr' id='par_1_89' title="bbox 2036 2860 3595 2932">
     <span class='ocr_line' id='line_1_89' title="bbox 2036 2860 3595 2932; baseline -0.001 -15"><span class='ocrx_word' id='word_1_673' title='bbox 2036 2871 2248 2932; x_wconf 90' lang='lat' dir='ltr'><strong>ceptum</strong></span> <span class='ocrx_word' id='word_1_674' title='bbox 2286 2877 2437 2917; x_wconf 90' lang='lat' dir='ltr'><strong>suum</strong></span> <span class='ocrx_word' id='word_1_675' title='bbox 2457 2902 2474 2929; x_wconf 95' lang='lat'><strong>,</strong></span> <span class='ocrx_word' id='word_1_676' title='bbox 2506 2875 2624 2916; x_wconf 92' lang='lat' dir='ltr'><strong>cum</strong></span> <span class='ocrx_word' id='word_1_677' title='bbox 2655 2869 2856 2917; x_wconf 90' lang='lat' dir='ltr'><strong>vetaret</strong></span> <span class='ocrx_word' id='word_1_678' title='bbox 2886 2861 2938 2915; x_wconf 93' lang='lat' dir='ltr'><strong>in</strong></span> <span class='ocrx_word' id='word_1_679' title='bbox 2963 2860 3226 2915; x_wconf 85' lang='lat' dir='ltr'><strong>civitatem</strong></span> <span class='ocrx_word' id='word_1_680' title='bbox 3257 2861 3452 2930; x_wconf 86' lang='lat' dir='ltr'><strong>ingredi</strong></span> <span class='ocrx_word' id='word_1_681' title='bbox 3499 2861 3595 2916; x_wconf 88' lang='lat' dir='ltr'><strong>Sa-</strong></span> 
     </span>
    </p>
   </div>
   <div class='ocr_carea' id='block_1_90' title="bbox 2037 2949 3594 3022">
    <p class='ocr_par' dir='ltr' id='par_1_90' title="bbox 2037 2949 3594 3022">
     <span class='ocr_line' id='line_1_90' title="bbox 2037 2949 3594 3022; baseline 0 -17"><span class='ocrx_word' id='word_1_682' title='bbox 2037 2953 2446 3018; x_wconf 89' lang='lat' dir='ltr'><strong>maritanorum,</strong></span> <span class='ocrx_word' id='word_1_683' title='bbox 2477 2952 2565 3022; x_wconf 89' lang='lat' dir='ltr'><strong>qui</strong></span> <span class='ocrx_word' id='word_1_684' title='bbox 2589 2952 2701 3021; x_wconf 91' lang='lat' dir='ltr'><strong>ipse</strong></span> <span class='ocrx_word' id='word_1_685' title='bbox 2725 2965 2846 3006; x_wconf 91' lang='lat' dir='ltr'><strong>cum</strong></span> <span class='ocrx_word' id='word_1_686' title='bbox 2885 2949 3232 3006; x_wconf 88' lang='lat' dir='ltr'><strong>Samaritanis</strong></span> <span class='ocrx_word' id='word_1_687' title='bbox 3276 2951 3594 3019; x_wconf 89' lang='lat' dir='ltr'><strong>loqueretur.</strong></span> 
     </span>
    </p>
   </div>
   <div class='ocr_carea' id='block_1_91' title="bbox 2038 3039 3593 3109">
    <p class='ocr_par' dir='ltr' id='par_1_91' title="bbox 2038 3039 3593 3109">
     <span class='ocr_line' id='line_1_91' title="bbox 2038 3039 3593 3109; baseline -0.003 -13"><span class='ocrx_word' id='word_1_688' title='bbox 2038 3041 2162 3096; x_wconf 89' lang='lat' dir='ltr'><strong>ldeo</strong></span> <span class='ocrx_word' id='word_1_689' title='bbox 2177 3080 2192 3100; x_wconf 85' lang='lat'><strong>.</strong></span> <span class='ocrx_word' id='word_1_690' title='bbox 2220 3040 2470 3109; x_wconf 85' lang='lat' dir='ltr'><strong>Discipuli</strong></span> <span class='ocrx_word' id='word_1_691' title='bbox 2493 3041 2600 3109; x_wconf 88' lang='lat' dir='ltr'><strong>ejus</strong></span> <span class='ocrx_word' id='word_1_692' title='bbox 2624 3039 2676 3093; x_wconf 90' lang='lat' dir='ltr'><strong>in</strong></span> <span class='ocrx_word' id='word_1_693' title='bbox 2699 3039 2946 3093; x_wconf 82' lang='lat' dir='ltr'><strong>civitatem</strong></span> <span class='ocrx_word' id='word_1_694' title='bbox 2966 3039 3100 3092; x_wconf 88' lang='lat' dir='ltr'><strong>cibos</strong></span> <span class='ocrx_word' id='word_1_695' title='bbox 3120 3039 3332 3108; x_wconf 86' lang='lat' dir='ltr'><strong>empturi</strong></span> <span class='ocrx_word' id='word_1_696' title='bbox 3348 3039 3593 3104; x_wconf 88' lang='lat' dir='ltr'><strong>abierant,</strong></span> 
     </span>
    </p>
   </div>
   <div class='ocr_carea' id='block_1_92' title="bbox 2039 3128 3596 3202">
    <p class='ocr_par' dir='ltr' id='par_1_92' title="bbox 2039 3128 3596 3202">
     <span class='ocr_line' id='line_1_92' title="bbox 2039 3128 3596 3202; baseline 0 -15"><span class='ocrx_word' id='word_1_697' title='bbox 2039 3130 2597 3202; x_wconf 86' lang='lat' dir='ltr'><strong>inquitevangclista,</strong></span> <span class='ocrx_word' id='word_1_698' title='bbox 2647 3129 2841 3184; x_wconf 88' lang='lat' dir='ltr'><strong>multas</strong></span> <span class='ocrx_word' id='word_1_699' title='bbox 2888 3128 3140 3186; x_wconf 91' lang='lat' dir='ltr'><strong>inducens</strong></span> <span class='ocrx_word' id='word_1_700' title='bbox 3183 3130 3428 3202; x_wconf 76' lang='lat' dir='ltr'><strong>colloquii</strong></span> <span class='ocrx_word' id='word_1_701' title='bbox 3477 3147 3596 3188; x_wconf 89' lang='lat' dir='ltr'><strong>cum</strong></span> 
     </span>
    </p>
   </div>
   <div class='ocr_carea' id='block_1_93' title="bbox 2039 3219 3596 3291">
    <p class='ocr_par' dir='ltr' id='par_1_93' title="bbox 2039 3219 3596 3291">
     <span class='ocr_line' id='line_1_93' title="bbox 2039 3219 3596 3291; baseline 0 -14"><span class='ocrx_word' id='word_1_702' title='bbox 2039 3224 2260 3278; x_wconf 80' lang='lat' dir='ltr'><strong>muliere</strong></span> <span class='ocrx_word' id='word_1_703' title='bbox 2303 3235 2512 3276; x_wconf 88' lang='lat' dir='ltr'><strong>causas.</strong></span> <span class='ocrx_word' id='word_1_704' title='bbox 2561 3221 2697 3287; x_wconf 89' lang='lat' dir='ltr'><strong>Quid</strong></span> <span class='ocrx_word' id='word_1_705' title='bbox 2735 3235 2863 3291; x_wconf 91' lang='lat' dir='ltr'><strong>ergo</strong></span> <span class='ocrx_word' id='word_1_706' title='bbox 2901 3221 3131 3276; x_wconf 84' lang='lat' dir='ltr'><strong>mulier?</strong></span> <span class='ocrx_word' id='word_1_707' title='bbox 3171 3219 3300 3277; x_wconf 90' lang='lat' dir='ltr'><strong>Cum</strong></span> <span class='ocrx_word' id='word_1_708' title='bbox 3328 3221 3596 3288; x_wconf 88' lang='lat' dir='ltr'><strong>audisset,</strong></span> 
     </span>
    </p>
   </div>
   <div class='ocr_carea' id='block_1_94' title="bbox 2039 3310 3597 3381">
    <p class='ocr_par' dir='ltr' id='par_1_94' title="bbox 2039 3310 3597 3381">
     <span class='ocr_line' id='line_1_94' title="bbox 2039 3310 3597 3381; baseline -0.001 -13"><span class='ocrx_word' id='word_1_709' title='bbox 2039 3313 2122 3368; x_wconf 87' lang='lat' dir='ltr'><strong>Da</strong></span> <span class='ocrx_word' id='word_1_710' title='bbox 2148 3315 2269 3368; x_wconf 89' lang='lat' dir='ltr'><strong>mihi</strong></span> <span class='ocrx_word' id='word_1_711' title='bbox 2291 3313 2456 3369; x_wconf 75' lang='lat' dir='ltr'><strong>libere</strong></span> <span class='ocrx_word' id='word_1_712' title='bbox 2473 3354 2488 3379; x_wconf 94' lang='lat'><strong>,</strong></span> <span class='ocrx_word' id='word_1_713' title='bbox 2521 3311 2802 3368; x_wconf 90' lang='lat' dir='ltr'><strong>admodum</strong></span> <span class='ocrx_word' id='word_1_714' title='bbox 2833 3311 3118 3381; x_wconf 90' lang='lat' dir='ltr'><strong>prudenter</strong></span> <span class='ocrx_word' id='word_1_715' title='bbox 3141 3310 3408 3367; x_wconf 91' lang='lat' dir='ltr'><strong>Christum</strong></span> <span class='ocrx_word' id='word_1_716' title='bbox 3434 3312 3597 3367; x_wconf 85' lang='lat' dir='ltr'><strong>inter-</strong></span> 
     </span>
    </p>
   </div>
   <div class='ocr_carea' id='block_1_95' title="bbox 2038 3400 3596 3476">
    <p class='ocr_par' dir='ltr' id='par_1_95' title="bbox 2038 3400 3596 3476">
     <span class='ocr_line' id='line_1_95' title="bbox 2038 3400 3596 3476; baseline -0.004 -15"><span class='ocrx_word' id='word_1_717' title='bbox 2038 3405 2256 3476; x_wconf 81' lang='lat' dir='ltr'><strong>rogandi</strong></span> <span class='ocrx_word' id='word_1_718' title='bbox 2286 3403 2620 3460; x_wconf 84' lang='lat' dir='ltr'><strong>occasionem</strong></span> <span class='ocrx_word' id='word_1_719' title='bbox 2647 3409 2866 3472; x_wconf 87' lang='lat' dir='ltr'><strong>captans</strong></span> <span class='ocrx_word' id='word_1_720' title='bbox 2897 3401 3060 3471; x_wconf 89' lang='lat' dir='ltr'><strong>inquit</strong></span> <span class='ocrx_word' id='word_1_721' title='bbox 3101 3420 3114 3456; x_wconf 88' lang='lat'><strong>:</strong></span> <span class='ocrx_word' id='word_1_722' title='bbox 3142 3400 3195 3456; x_wconf 89' lang='lat'><strong>9.</strong></span> <span class='ocrx_word' id='word_1_723' title='bbox 3217 3400 3477 3467; x_wconf 83' lang='lat' dir='ltr'><strong>Quomodo</strong></span> <span class='ocrx_word' id='word_1_724' title='bbox 3490 3403 3596 3468; x_wconf 86' lang='lat' dir='ltr'><strong>tu&#39;,</strong></span> 
     </span>
    </p>
   </div>
   <div class='ocr_carea' id='block_1_96' title="bbox 2037 3491 3600 3562">
    <p class='ocr_par' dir='ltr' id='par_1_96' title="bbox 2037 3491 3600 3562">
     <span class='ocr_line' id='line_1_96' title="bbox 2037 3491 3600 3562; baseline -0.004 -12"><span class='ocrx_word' id='word_1_725' title='bbox 2037 3496 2251 3550; x_wconf 67' lang='lat' dir='ltr'><strong>Juda&#39;us</strong></span> <span class='ocrx_word' id='word_1_726' title='bbox 2275 3513 2388 3550; x_wconf 90' lang='lat' dir='ltr'><strong>cum</strong></span> <span class='ocrx_word' id='word_1_727' title='bbox 2420 3495 2490 3548; x_wconf 90' lang='lat' dir='ltr'><strong>sis</strong></span> <span class='ocrx_word' id='word_1_728' title='bbox 2507 3534 2524 3562; x_wconf 92' lang='lat'><strong>,</strong></span> <span class='ocrx_word' id='word_1_729' title='bbox 2551 3491 2711 3546; x_wconf 85' lang='lat' dir='ltr'><strong>bibere</strong></span> <span class='ocrx_word' id='word_1_730' title='bbox 2734 3507 2766 3545; x_wconf 88' lang='lat' dir='ltr'><strong>a</strong></span> <span class='ocrx_word' id='word_1_731' title='bbox 2793 3507 2871 3545; x_wconf 85' lang='lat' dir='ltr'><strong>me</strong></span> <span class='ocrx_word' id='word_1_732' title='bbox 2899 3491 3060 3562; x_wconf 85' lang='lat' dir='ltr'><strong>poscis</strong></span> <span class='ocrx_word' id='word_1_733' title='bbox 3079 3533 3094 3558; x_wconf 95' lang='lat'><strong>,</strong></span> <span class='ocrx_word' id='word_1_734' title='bbox 3125 3506 3236 3562; x_wconf 80' lang='lat' dir='ltr'><strong>qua:</strong></span> <span class='ocrx_word' id='word_1_735' title='bbox 3269 3507 3378 3545; x_wconf 87' lang='lat' dir='ltr'><strong>sum</strong></span> <span class='ocrx_word' id='word_1_736' title='bbox 3422 3492 3600 3544; x_wconf 85' lang='lat' dir='ltr'><strong>mulier</strong></span> 
     </span>
    </p>
   </div>
   <div class='ocr_carea' id='block_1_97' title="bbox 2039 3581 3592 3643">
    <p class='ocr_par' dir='ltr' id='par_1_97' title="bbox 2039 3581 3592 3643">
     <span class='ocr_line' id='line_1_97' title="bbox 2039 3581 3592 3643; baseline -0.006 -1"><span class='ocrx_word' id='word_1_737' title='bbox 2039 3585 2409 3643; x_wconf 78' lang='lat' dir='ltr'><strong>Samaritana?</strong></span> <span class='ocrx_word' id='word_1_738' title='bbox 2435 3583 2555 3638; x_wconf 86' lang='lat' dir='ltr'><strong>Non</strong></span> <span class='ocrx_word' id='word_1_739' title='bbox 2583 3582 2717 3638; x_wconf 87' lang='lat' dir='ltr'><strong>enim</strong></span> <span class='ocrx_word' id='word_1_740' title='bbox 2743 3591 3012 3635; x_wconf 89' lang='lat' dir='ltr'><strong>coutuntur</strong></span> <span class='ocrx_word' id='word_1_741' title='bbox 3038 3581 3209 3635; x_wconf 77' lang='lat' dir='ltr'><strong>Judtei</strong></span> <span class='ocrx_word' id='word_1_742' title='bbox 3239 3581 3592 3635; x_wconf 81' lang='lat' dir='ltr'><strong>Samaritanis.</strong></span> 
     </span>
    </p>
   </div>
   <div class='ocr_carea' id='block_1_98' title="bbox 2041 3670 3595 3738">
    <p class='ocr_par' dir='ltr' id='par_1_98' title="bbox 2041 3670 3595 3738">
     <span class='ocr_line' id='line_1_98' title="bbox 2041 3670 3595 3738; baseline -0.005 -6"><span class='ocrx_word' id='word_1_743' title='bbox 2041 3677 2108 3732; x_wconf 87' lang='lat' dir='ltr'><strong>Et</strong></span> <span class='ocrx_word' id='word_1_744' title='bbox 2136 3676 2274 3732; x_wconf 92' lang='lat' dir='ltr'><strong>unde</strong></span> <span class='ocrx_word' id='word_1_745' title='bbox 2303 3677 2449 3730; x_wconf 92' lang='lat' dir='ltr'><strong>illum</strong></span> <span class='ocrx_word' id='word_1_746' title='bbox 2478 3674 2717 3731; x_wconf 73' lang='lat' dir='ltr'><strong>Judteum</strong></span> <span class='ocrx_word' id='word_1_747' title='bbox 2745 3686 2864 3728; x_wconf 88' lang='lat' dir='ltr'><strong>esse</strong></span> <span class='ocrx_word' id='word_1_748' title='bbox 2892 3672 3079 3726; x_wconf 84' lang='lat' dir='ltr'><strong>novit?</strong></span> <span class='ocrx_word' id='word_1_749' title='bbox 3107 3671 3182 3725; x_wconf 85' lang='lat' dir='ltr'><strong>Ex</strong></span> <span class='ocrx_word' id='word_1_750' title='bbox 3211 3670 3391 3726; x_wconf 90' lang='lat' dir='ltr'><strong>habitu</strong></span> <span class='ocrx_word' id='word_1_751' title='bbox 3431 3672 3595 3738; x_wconf 89' lang='lat' dir='ltr'><strong>forte,</strong></span> 
     </span>
    </p>
   </div>
   <div class='ocr_carea' id='block_1_99' title="bbox 2037 3761 3596 3832">
    <p class='ocr_par' dir='ltr' id='par_1_99' title="bbox 2037 3761 3596 3832">
     <span class='ocr_line' id='line_1_99' title="bbox 2037 3761 3596 3832; baseline -0.004 -10"><span class='ocrx_word' id='word_1_752' title='bbox 2037 3779 2128 3822; x_wconf 88' lang='lat' dir='ltr'><strong>aut</strong></span> <span class='ocrx_word' id='word_1_753' title='bbox 2151 3784 2218 3824; x_wconf 87' lang='lat' dir='ltr'><strong>ex</strong></span> <span class='ocrx_word' id='word_1_754' title='bbox 2246 3781 2512 3824; x_wconf 89' lang='lat' dir='ltr'><strong>sermone.</strong></span> <span class='ocrx_word' id='word_1_755' title='bbox 2543 3766 2624 3821; x_wconf 83' lang='lat' dir='ltr'><strong>Tu</strong></span> <span class='ocrx_word' id='word_1_756' title='bbox 2652 3780 2778 3821; x_wconf 91' lang='lat' dir='ltr'><strong>vero</strong></span> <span class='ocrx_word' id='word_1_757' title='bbox 2805 3761 3166 3820; x_wconf 89' lang='lat' dir='ltr'><strong>animadverte</strong></span> <span class='ocrx_word' id='word_1_758' title='bbox 3191 3777 3350 3830; x_wconf 88' lang='lat' dir='ltr'><strong>quam</strong></span> <span class='ocrx_word' id='word_1_759' title='bbox 3390 3764 3596 3832; x_wconf 80' lang='lat' dir='ltr'><strong>perspi-</strong></span> 
     </span>
    </p>
   </div>
   <div class='ocr_carea' id='block_1_100' title="bbox 2039 3853 3599 3918">
    <p class='ocr_par' dir='ltr' id='par_1_100' title="bbox 2039 3853 3599 3918">
     <span class='ocr_line' id='line_1_100' title="bbox 2039 3853 3599 3918; baseline -0.006 -3"><span class='ocrx_word' id='word_1_760' title='bbox 2039 3874 2135 3915; x_wconf 86' lang='lat' dir='ltr'><strong>cax</strong></span> <span class='ocrx_word' id='word_1_761' title='bbox 2165 3858 2354 3913; x_wconf 91' lang='lat' dir='ltr'><strong>mulier</strong></span> <span class='ocrx_word' id='word_1_762' title='bbox 2389 3865 2551 3913; x_wconf 90' lang='lat' dir='ltr'><strong>esset.</strong></span> <span class='ocrx_word' id='word_1_763' title='bbox 2595 3856 2728 3911; x_wconf 86' lang='lat' dir='ltr'><strong>Nam</strong></span> <span class='ocrx_word' id='word_1_764' title='bbox 2769 3855 2813 3910; x_wconf 90' lang='lat' dir='ltr'><strong>si</strong></span> <span class='ocrx_word' id='word_1_765' title='bbox 2857 3854 3148 3910; x_wconf 87' lang='lat' dir='ltr'><strong>cavendum</strong></span> <span class='ocrx_word' id='word_1_766' title='bbox 3186 3862 3334 3918; x_wconf 90' lang='lat' dir='ltr'><strong>erat,</strong></span> <span class='ocrx_word' id='word_1_767' title='bbox 3386 3853 3599 3906; x_wconf 81' lang='lat' dir='ltr'><strong>Christo</strong></span> 
     </span>
    </p>
   </div>
   <div class='ocr_carea' id='block_1_101' title="bbox 2041 3941 3596 4018">
    <p class='ocr_par' dir='ltr' id='par_1_101' title="bbox 2041 3941 3596 4018">
     <span class='ocr_line' id='line_1_101' title="bbox 2041 3941 3596 4018; baseline -0.006 -13"><span class='ocrx_word' id='word_1_768' title='bbox 2041 3952 2213 4018; x_wconf 79' lang='lat' dir='ltr'><strong>potius</strong></span> <span class='ocrx_word' id='word_1_769' title='bbox 2256 3949 2501 4003; x_wconf 89' lang='lat' dir='ltr'><strong>cautione</strong></span> <span class='ocrx_word' id='word_1_770' title='bbox 2535 3963 2668 4016; x_wconf 87' lang='lat' dir='ltr'><strong>opus</strong></span> <span class='ocrx_word' id='word_1_771' title='bbox 2719 3954 2866 4012; x_wconf 91' lang='lat' dir='ltr'><strong>erat,</strong></span> <span class='ocrx_word' id='word_1_772' title='bbox 2926 3960 3082 4014; x_wconf 91' lang='lat' dir='ltr'><strong>quam</strong></span> <span class='ocrx_word' id='word_1_773' title='bbox 3131 3945 3251 4014; x_wconf 90' lang='lat' dir='ltr'><strong>ipsi.</strong></span> <span class='ocrx_word' id='word_1_774' title='bbox 3295 3941 3409 3998; x_wconf 86' lang='lat' dir='ltr'><strong>Non</strong></span> <span class='ocrx_word' id='word_1_775' title='bbox 3456 3942 3596 3998; x_wconf 89' lang='lat' dir='ltr'><strong>enim</strong></span> 
     </span>
    </p>
   </div>
   <div class='ocr_carea' id='block_1_102' title="bbox 2038 4033 3593 4103">
    <p class='ocr_par' dir='ltr' id='par_1_102' title="bbox 2038 4033 3593 4103">
     <span class='ocr_line' id='line_1_102' title="bbox 2038 4033 3593 4103; baseline -0.003 -12"><span class='ocrx_word' id='word_1_776' title='bbox 2038 4038 2202 4103; x_wconf 86' lang='lat' dir='ltr'><strong>dixit,</strong></span> <span class='ocrx_word' id='word_1_777' title='bbox 2233 4037 2346 4092; x_wconf 88' lang='lat' dir='ltr'><strong>Non</strong></span> <span class='ocrx_word' id='word_1_778' title='bbox 2374 4045 2656 4092; x_wconf 88' lang='lat' dir='ltr'><strong>coutuntur</strong></span> <span class='ocrx_word' id='word_1_779' title='bbox 2681 4035 2996 4092; x_wconf 88' lang='lat' dir='ltr'><strong>Samaritani</strong></span> <span class='ocrx_word' id='word_1_780' title='bbox 3024 4034 3219 4090; x_wconf 67' lang='lat' dir='ltr'><strong>Judaeis</strong></span> <span class='ocrx_word' id='word_1_781' title='bbox 3245 4049 3260 4099; x_wconf 91' lang='lat'><strong>;</strong></span> <span class='ocrx_word' id='word_1_782' title='bbox 3290 4033 3404 4100; x_wconf 88' lang='lat' dir='ltr'><strong>sed,</strong></span> <span class='ocrx_word' id='word_1_783' title='bbox 3429 4033 3593 4088; x_wconf 73' lang='lat' dir='ltr'><strong>Judzci</strong></span> 
     </span>
    </p>
   </div>
   <div class='ocr_carea' id='block_1_103' title="bbox 2039 4123 3593 4187">
    <p class='ocr_par' dir='ltr' id='par_1_103' title="bbox 2039 4123 3593 4187">
     <span class='ocr_line' id='line_1_103' title="bbox 2039 4123 3593 4187; baseline -0.005 -3"><span class='ocrx_word' id='word_1_784' title='bbox 2039 4129 2398 4184; x_wconf 89' lang='lat' dir='ltr'><strong>Samaritanos</strong></span> <span class='ocrx_word' id='word_1_785' title='bbox 2429 4144 2532 4183; x_wconf 93' lang='lat' dir='ltr'><strong>non</strong></span> <span class='ocrx_word' id='word_1_786' title='bbox 2557 4128 2860 4182; x_wconf 88' lang='lat' dir='ltr'><strong>admittunt.</strong></span> <span class='ocrx_word' id='word_1_787' title='bbox 2886 4128 3129 4182; x_wconf 83' lang='lat' dir='ltr'><strong>Attamen</strong></span> <span class='ocrx_word' id='word_1_788' title='bbox 3160 4123 3350 4179; x_wconf 89' lang='lat' dir='ltr'><strong>mulier</strong></span> <span class='ocrx_word' id='word_1_789' title='bbox 3373 4163 3386 4187; x_wconf 88' lang='lat'><strong>,</strong></span> <span class='ocrx_word' id='word_1_790' title='bbox 3419 4123 3518 4178; x_wconf 90' lang='lat' dir='ltr'><strong>etsi</strong></span> <span class='ocrx_word' id='word_1_791' title='bbox 3563 4137 3593 4176; x_wconf 91' lang='lat' dir='ltr'><strong>a</strong></span> 
     </span>
    </p>
   </div>
   <div class='ocr_carea' id='block_1_104' title="bbox 2035 4211 3594 4288">
    <p class='ocr_par' dir='ltr' id='par_1_104' title="bbox 2035 4211 3594 4288">
     <span class='ocr_line' id='line_1_104' title="bbox 2035 4211 3594 4288; baseline -0.006 -14"><span class='ocrx_word' id='word_1_792' title='bbox 2035 4219 2186 4287; x_wconf 85' lang='lat' dir='ltr'><strong>culpa</strong></span> <span class='ocrx_word' id='word_1_793' title='bbox 2217 4218 2496 4282; x_wconf 90' lang='lat' dir='ltr'><strong>immunis,</strong></span> <span class='ocrx_word' id='word_1_794' title='bbox 2526 4218 2647 4288; x_wconf 91' lang='lat' dir='ltr'><strong>quia</strong></span> <span class='ocrx_word' id='word_1_795' title='bbox 2679 4215 2896 4286; x_wconf 90' lang='lat' dir='ltr'><strong>putabat</strong></span> <span class='ocrx_word' id='word_1_796' title='bbox 2920 4214 3079 4269; x_wconf 90' lang='lat' dir='ltr'><strong>alium</strong></span> <span class='ocrx_word' id='word_1_797' title='bbox 3123 4213 3174 4267; x_wconf 93' lang='lat' dir='ltr'><strong>in</strong></span> <span class='ocrx_word' id='word_1_798' title='bbox 3211 4211 3419 4281; x_wconf 87' lang='lat' dir='ltr'><strong>culpam</strong></span> <span class='ocrx_word' id='word_1_799' title='bbox 3461 4211 3594 4266; x_wconf 88' lang='lat' dir='ltr'><strong>inci-</strong></span> 
     </span>
    </p>
   </div>
   <div class='ocr_carea' id='block_1_105' title="bbox 2033 4301 3596 4374">
    <p class='ocr_par' dir='ltr' id='par_1_105' title="bbox 2033 4301 3596 4374">
     <span class='ocr_line' id='line_1_105' title="bbox 2033 4301 3596 4374; baseline -0.006 -10"><span class='ocrx_word' id='word_1_800' title='bbox 2033 4309 2192 4374; x_wconf 91' lang='lat' dir='ltr'><strong>dere,</strong></span> <span class='ocrx_word' id='word_1_801' title='bbox 2226 4324 2330 4364; x_wconf 93' lang='lat' dir='ltr'><strong>non</strong></span> <span class='ocrx_word' id='word_1_802' title='bbox 2357 4307 2552 4373; x_wconf 90' lang='lat' dir='ltr'><strong>tacuit,</strong></span> <span class='ocrx_word' id='word_1_803' title='bbox 2579 4306 2672 4362; x_wconf 88' lang='lat' dir='ltr'><strong>sed</strong></span> <span class='ocrx_word' id='word_1_804' title='bbox 2703 4307 2932 4361; x_wconf 87' lang='lat' dir='ltr'><strong>correxit</strong></span> <span class='ocrx_word' id='word_1_805' title='bbox 2957 4304 3008 4360; x_wconf 92' lang='lat' dir='ltr'><strong>id</strong></span> <span class='ocrx_word' id='word_1_806' title='bbox 3037 4303 3175 4374; x_wconf 90' lang='lat' dir='ltr'><strong>quod</strong></span> <span class='ocrx_word' id='word_1_807' title='bbox 3200 4310 3383 4358; x_wconf 90' lang='lat' dir='ltr'><strong>contra</strong></span> <span class='ocrx_word' id='word_1_808' title='bbox 3425 4301 3596 4370; x_wconf 81' lang='lat' dir='ltr'><strong>legem</strong></span> 
     </span>
    </p>
   </div>
   <div class='ocr_carea' id='block_1_106' title="bbox 2035 4391 3599 4469">
    <p class='ocr_par' dir='ltr' id='par_1_106' title="bbox 2035 4391 3599 4469">
     <span class='ocr_line' id='line_1_106' title="bbox 2035 4391 3599 4469; baseline -0.006 -15"><span class='ocrx_word' id='word_1_809' title='bbox 2035 4401 2146 4456; x_wconf 83' lang='lat' dir='ltr'><strong>fieri</strong></span> <span class='ocrx_word' id='word_1_810' title='bbox 2170 4401 2404 4469; x_wconf 87' lang='lat' dir='ltr'><strong>putabat.</strong></span> <span class='ocrx_word' id='word_1_811' title='bbox 2431 4397 2534 4454; x_wconf 89' lang='lat' dir='ltr'><strong>Sed</strong></span> <span class='ocrx_word' id='word_1_812' title='bbox 2558 4406 2736 4466; x_wconf 84' lang='lat' dir='ltr'><strong>posset</strong></span> <span class='ocrx_word' id='word_1_813' title='bbox 2760 4396 3018 4466; x_wconf 90' lang='lat' dir='ltr'><strong>quispiam</strong></span> <span class='ocrx_word' id='word_1_814' title='bbox 3040 4409 3300 4464; x_wconf 67' lang='lat' dir='ltr'><strong>quierere,</strong></span> <span class='ocrx_word' id='word_1_815' title='bbox 3331 4408 3424 4446; x_wconf 92' lang='lat' dir='ltr'><strong>cur</strong></span> <span class='ocrx_word' id='word_1_816' title='bbox 3443 4391 3599 4446; x_wconf 82' lang='lat' dir='ltr'><strong>Jesus</strong></span> 
     </span>
    </p>
   </div>
   <div class='ocr_carea' id='block_1_107' title="bbox 2032 4479 3596 4561">
    <p class='ocr_par' dir='ltr' id='par_1_107' title="bbox 2032 4479 3596 4561">
     <span class='ocr_line' id='line_1_107' title="bbox 2032 4479 3596 4561; baseline -0.008 -15"><span class='ocrx_word' id='word_1_817' title='bbox 2032 4493 2100 4546; x_wconf 90' lang='lat' dir='ltr'><strong>ab</strong></span> <span class='ocrx_word' id='word_1_818' title='bbox 2125 4493 2212 4546; x_wconf 91' lang='lat' dir='ltr'><strong>illa</strong></span> <span class='ocrx_word' id='word_1_819' title='bbox 2244 4500 2423 4561; x_wconf 89' lang='lat' dir='ltr'><strong>potum</strong></span> <span class='ocrx_word' id='word_1_820' title='bbox 2454 4489 2702 4558; x_wconf 89' lang='lat' dir='ltr'><strong>petierit,</strong></span> <span class='ocrx_word' id='word_1_821' title='bbox 2737 4487 2786 4541; x_wconf 91' lang='lat' dir='ltr'><strong>id</strong></span> <span class='ocrx_word' id='word_1_822' title='bbox 2826 4487 2941 4556; x_wconf 89' lang='lat' dir='ltr'><strong>lege</strong></span> <span class='ocrx_word' id='word_1_823' title='bbox 2982 4501 3088 4539; x_wconf 90' lang='lat' dir='ltr'><strong>non</strong></span> <span class='ocrx_word' id='word_1_824' title='bbox 3131 4481 3508 4554; x_wconf 85' lang='lat' dir='ltr'><strong>permittente?</strong></span> <span class='ocrx_word' id='word_1_825' title='bbox 3541 4479 3596 4535; x_wconf 82' lang='lat' dir='ltr'><strong>Si</strong></span> 
     </span>
    </p>
   </div>
   <div class='ocr_carea' id='block_1_108' title="bbox 2032 4573 3597 4652">
    <p class='ocr_par' dir='ltr' id='par_1_108' title="bbox 2032 4573 3597 4652">
     <span class='ocr_line' id='line_1_108' title="bbox 2032 4573 3597 4652; baseline -0.006 -18"><span class='ocrx_word' id='word_1_826' title='bbox 2032 4585 2150 4652; x_wconf 89' lang='lat' dir='ltr'><strong>quis</strong></span> <span class='ocrx_word' id='word_1_827' title='bbox 2180 4584 2320 4636; x_wconf 87' lang='lat' dir='ltr'><strong>enim</strong></span> <span class='ocrx_word' id='word_1_828' title='bbox 2366 4580 2593 4644; x_wconf 80' lang='lat' dir='ltr'><strong>dixerit,</strong></span> <span class='ocrx_word' id='word_1_829' title='bbox 2644 4577 2784 4647; x_wconf 91' lang='lat' dir='ltr'><strong>quod</strong></span> <span class='ocrx_word' id='word_1_830' title='bbox 2837 4575 3152 4646; x_wconf 71' lang='lat' dir='ltr'><strong>prmvideret</strong></span> <span class='ocrx_word' id='word_1_831' title='bbox 3199 4589 3305 4628; x_wconf 89' lang='lat' dir='ltr'><strong>non</strong></span> <span class='ocrx_word' id='word_1_832' title='bbox 3355 4573 3597 4626; x_wconf 89' lang='lat' dir='ltr'><strong>daturam</strong></span> 
     </span>
    </p>
   </div>
   <div class='ocr_carea' id='block_1_109' title="bbox 2032 4661 3596 4739">
    <p class='ocr_par' dir='ltr' id='par_1_109' title="bbox 2032 4661 3596 4739">
     <span class='ocr_line' id='line_1_109' title="bbox 2032 4661 3596 4739; baseline -0.008 -12"><span class='ocrx_word' id='word_1_833' title='bbox 2032 4688 2151 4727; x_wconf 73' lang='lat' dir='ltr'><strong>esse</strong></span> <span class='ocrx_word' id='word_1_834' title='bbox 2181 4687 2196 4725; x_wconf 89' lang='lat'><strong>:</strong></span> <span class='ocrx_word' id='word_1_835' title='bbox 2226 4672 2346 4725; x_wconf 90' lang='lat' dir='ltr'><strong>ideo</strong></span> <span class='ocrx_word' id='word_1_836' title='bbox 2375 4671 2550 4724; x_wconf 90' lang='lat' dir='ltr'><strong>minus</strong></span> <span class='ocrx_word' id='word_1_837' title='bbox 2572 4677 2752 4739; x_wconf 86' lang='lat' dir='ltr'><strong>petere</strong></span> <span class='ocrx_word' id='word_1_838' title='bbox 2777 4667 3029 4736; x_wconf 90' lang='lat' dir='ltr'><strong>oportuit.</strong></span> <span class='ocrx_word' id='word_1_839' title='bbox 3059 4663 3194 4730; x_wconf 80' lang='lat' dir='ltr'><strong>Quid</strong></span> <span class='ocrx_word' id='word_1_840' title='bbox 3242 4677 3369 4732; x_wconf 87' lang='lat' dir='ltr'><strong>ergo</strong></span> <span class='ocrx_word' id='word_1_841' title='bbox 3415 4661 3596 4716; x_wconf 67' lang='lat' dir='ltr'><strong>dicen-</strong></span> 
     </span>
    </p>
   </div>
   <div class='ocr_carea' id='block_1_110' title="bbox 2030 4752 3596 4827">
    <p class='ocr_par' dir='ltr' id='par_1_110' title="bbox 2030 4752 3596 4827">
     <span class='ocr_line' id='line_1_110' title="bbox 2030 4752 3596 4827; baseline -0.008 -11"><span class='ocrx_word' id='word_1_842' title='bbox 2030 4763 2154 4817; x_wconf 91' lang='lat' dir='ltr'><strong>dum</strong></span> <span class='ocrx_word' id='word_1_843' title='bbox 2178 4762 2201 4815; x_wconf 66' lang='grc' dir='ltr'><em>ἲ</em></span> <span class='ocrx_word' id='word_1_844' title='bbox 2231 4760 2537 4815; x_wconf 84' lang='lat' dir='ltr'><strong>lndilfcrens</strong></span> <span class='ocrx_word' id='word_1_845' title='bbox 2559 4759 2666 4827; x_wconf 87' lang='lat' dir='ltr'><strong>jam</strong></span> <span class='ocrx_word' id='word_1_846' title='bbox 2694 4756 2857 4812; x_wconf 81' lang='lat' dir='ltr'><strong>fuisse</strong></span> <span class='ocrx_word' id='word_1_847' title='bbox 2886 4752 3425 4810; x_wconf 85' lang='lat' dir='ltr'><strong>talesobservatioues</strong></span> <span class='ocrx_word' id='word_1_848' title='bbox 3441 4760 3596 4804; x_wconf 86' lang='lat' dir='ltr'><strong>abro-</strong></span> 
     </span>
    </p>
   </div>
   <div class='ocr_carea' id='block_1_111' title="bbox 2030 4845 3593 4927">
    <p class='ocr_par' dir='ltr' id='par_1_111' title="bbox 2030 4845 3593 4927">
     <span class='ocr_line' id='line_1_111' title="bbox 2030 4845 3593 4927; baseline -0.008 -21"><span class='ocrx_word' id='word_1_849' title='bbox 2030 4873 2175 4927; x_wconf 77' lang='lat' dir='ltr'><strong>gare.</strong></span> <span class='ocrx_word' id='word_1_850' title='bbox 2208 4855 2337 4909; x_wconf 81' lang='lat' dir='ltr'><strong>Nam</strong></span> <span class='ocrx_word' id='word_1_851' title='bbox 2363 4853 2451 4920; x_wconf 89' lang='lat' dir='ltr'><strong>qui</strong></span> <span class='ocrx_word' id='word_1_852' title='bbox 2482 4852 2615 4906; x_wconf 90' lang='lat' dir='ltr'><strong>alios</strong></span> <span class='ocrx_word' id='word_1_853' title='bbox 2639 4851 2704 4905; x_wconf 91' lang='lat' dir='ltr'><strong>ad</strong></span> <span class='ocrx_word' id='word_1_854' title='bbox 2736 4846 3228 4918; x_wconf 87' lang='lat' dir='ltr'><strong>transgrediendum</strong></span> <span class='ocrx_word' id='word_1_855' title='bbox 3280 4845 3593 4909; x_wconf 89' lang='lat' dir='ltr'><strong>inducebat,</strong></span> 
     </span>
    </p>
   </div>
   <div class='ocr_carea' id='block_1_112' title="bbox 2034 4933 3596 5014">
    <p class='ocr_par' dir='ltr' id='par_1_112' title="bbox 2034 4933 3596 5014">
     <span class='ocr_line' id='line_1_112' title="bbox 2034 4933 3596 5014; baseline -0.01 -11"><span class='ocrx_word' id='word_1_856' title='bbox 2034 4947 2198 5002; x_wconf 89' lang='lat' dir='ltr'><strong>multo</strong></span> <span class='ocrx_word' id='word_1_857' title='bbox 2229 4944 2396 5014; x_wconf 89' lang='lat' dir='ltr'><strong>magis</strong></span> <span class='ocrx_word' id='word_1_858' title='bbox 2425 4943 2538 4998; x_wconf 91' lang='lat' dir='ltr'><strong>illas</strong></span> <span class='ocrx_word' id='word_1_859' title='bbox 2564 4938 2860 5010; x_wconf 89' lang='lat' dir='ltr'><strong>transgredi</strong></span> <span class='ocrx_word' id='word_1_860' title='bbox 2886 4936 3130 4992; x_wconf 90' lang='lat' dir='ltr'><strong>debebat.</strong></span> <span class='ocrx_word' id='word_1_861' title='bbox 3160 4933 3275 4990; x_wconf 85' lang='lat' dir='ltr'><strong>Non</strong></span> <span class='ocrx_word' id='word_1_862' title='bbox 3295 4935 3435 4990; x_wconf 90' lang='lat' dir='ltr'><strong>enim</strong></span> <span class='ocrx_word' id='word_1_863' title='bbox 3457 4934 3596 5004; x_wconf 92' lang='lat' dir='ltr'><strong>quod</strong></span> 
     </span>
    </p>
   </div>
   <div class='ocr_carea' id='block_1_113' title="bbox 2030 5023 3598 5105">
    <p class='ocr_par' dir='ltr' id='par_1_113' title="bbox 2030 5023 3598 5105">
     <span class='ocr_line' id='line_1_113' title="bbox 2030 5023 3598 5105; baseline -0.009 -15"><span class='ocrx_word' id='word_1_864' title='bbox 2030 5034 2351 5105; x_wconf 83' lang='lat' dir='ltr'><strong>ingreditur,</strong></span> <span class='ocrx_word' id='word_1_865' title='bbox 2381 5033 2582 5103; x_wconf 85' lang='lat' dir='ltr'><strong>inquit,</strong></span> <span class='ocrx_word' id='word_1_866' title='bbox 2619 5030 2925 5099; x_wconf 86' lang='lat' dir='ltr'><strong>coinquinat</strong></span> <span class='ocrx_word' id='word_1_867' title='bbox 2963 5026 3230 5080; x_wconf 85' lang='lat' dir='ltr'><strong>hominem</strong></span> <span class='ocrx_word' id='word_1_868' title='bbox 3254 5067 3269 5090; x_wconf 89' lang='lat'><strong>,</strong></span> <span class='ocrx_word' id='word_1_869' title='bbox 3317 5024 3410 5080; x_wconf 89' lang='lat' dir='ltr'><strong>sed</strong></span> <span class='ocrx_word' id='word_1_870' title='bbox 3457 5023 3598 5092; x_wconf 84' lang='lat' dir='ltr'><strong>quod</strong></span> 
     </span>
    </p>
   </div>
   <div class='ocr_carea' id='block_1_114' title="bbox 2029 5110 3597 5196">
    <p class='ocr_par' dir='ltr' id='par_1_114' title="bbox 2029 5110 3597 5196">
     <span class='ocr_line' id='line_1_114' title="bbox 2029 5110 3597 5196; baseline -0.013 -14"><span class='ocrx_word' id='word_1_871' title='bbox 2029 5125 2297 5196; x_wconf 84' lang='lat' dir='ltr'><strong>egreditur</strong></span> <span class='ocrx_word' id='word_1_872' title='bbox 2328 5122 2546 5192; x_wconf 80' lang='lat' dir='ltr'><strong>(Matth.</strong></span> <span class='ocrx_word' id='word_1_873' title='bbox 2578 5122 2664 5177; x_wconf 80' lang='grc'><strong>15.</strong></span> <span class='ocrx_word' id='word_1_874' title='bbox 2700 5122 2757 5174; x_wconf 83' lang='grc' dir='ltr'>Η</span> <span class='ocrx_word' id='word_1_875' title='bbox 2783 5121 2823 5188; x_wconf 93' lang='grc'><strong>).</strong></span> <span class='ocrx_word' id='word_1_876' title='bbox 2853 5118 2965 5174; x_wconf 85' lang='lat' dir='ltr'><strong>Non</strong></span> <span class='ocrx_word' id='word_1_877' title='bbox 2998 5131 3158 5186; x_wconf 89' lang='lat' dir='ltr'><strong>parva</strong></span> <span class='ocrx_word' id='word_1_878' title='bbox 3184 5124 3357 5168; x_wconf 87' lang='lat' dir='ltr'><strong>autem</strong></span> <span class='ocrx_word' id='word_1_879' title='bbox 3387 5110 3597 5166; x_wconf 70' lang='lat' dir='ltr'><strong>Judmo-</strong></span> 
     </span>
    </p>
   </div>
   <div class='ocr_carea' id='block_1_115' title="bbox 2029 5201 3590 5273">
    <p class='ocr_par' dir='ltr' id='par_1_115' title="bbox 2029 5201 3590 5273">
     <span class='ocr_line' id='line_1_115' title="bbox 2029 5201 3590 5273; baseline -0.015 0"><span class='ocrx_word' id='word_1_880' title='bbox 2029 5233 2145 5273; x_wconf 89' lang='lat' dir='ltr'><strong>rum</strong></span> <span class='ocrx_word' id='word_1_881' title='bbox 2185 5215 2450 5271; x_wconf 87' lang='lat' dir='ltr'><strong>accusatio</strong></span> <span class='ocrx_word' id='word_1_882' title='bbox 2487 5222 2569 5270; x_wconf 89' lang='lat' dir='ltr'><strong>est</strong></span> <span class='ocrx_word' id='word_1_883' title='bbox 2607 5211 2735 5266; x_wconf 92' lang='lat' dir='ltr'><strong>illud</strong></span> <span class='ocrx_word' id='word_1_884' title='bbox 2783 5224 2902 5264; x_wconf 91' lang='lat' dir='ltr'><strong>cum</strong></span> <span class='ocrx_word' id='word_1_885' title='bbox 2947 5206 3168 5262; x_wconf 87' lang='lat' dir='ltr'><strong>muliere</strong></span> <span class='ocrx_word' id='word_1_886' title='bbox 3219 5201 3532 5270; x_wconf 89' lang='lat' dir='ltr'><strong>colloquium</strong></span> <span class='ocrx_word' id='word_1_887' title='bbox 3578 5215 3590 5250; x_wconf 93' lang='lat'>:</span> 
     </span>
    </p>
   </div>
   <div class='ocr_carea' id='block_1_116' title="bbox 2028 5289 3591 5378">
    <p class='ocr_par' dir='ltr' id='par_1_116' title="bbox 2028 5289 3591 5378">
     <span class='ocr_line' id='line_1_116' title="bbox 2028 5289 3591 5378; baseline -0.014 -15"><span class='ocrx_word' id='word_1_888' title='bbox 2028 5309 2148 5378; x_wconf 88' lang='lat' dir='ltr'><strong>quia</strong></span> <span class='ocrx_word' id='word_1_889' title='bbox 2179 5308 2252 5362; x_wconf 93' lang='lat' dir='ltr'><strong>illi</strong></span> <span class='ocrx_word' id='word_1_890' title='bbox 2285 5321 2426 5374; x_wconf 57' lang='lat' dir='ltr'><strong>sape</strong></span> <span class='ocrx_word' id='word_1_891' title='bbox 2454 5316 2507 5360; x_wconf 92' lang='lat' dir='ltr'><strong>et</strong></span> <span class='ocrx_word' id='word_1_892' title='bbox 2530 5304 2706 5359; x_wconf 86' lang='lat' dir='ltr'><strong>verbis</strong></span> <span class='ocrx_word' id='word_1_893' title='bbox 2735 5310 2789 5355; x_wconf 92' lang='lat' dir='ltr'><strong>ct</strong></span> <span class='ocrx_word' id='word_1_894' title='bbox 2815 5299 2977 5370; x_wconf 89' lang='lat' dir='ltr'><strong>gestis</strong></span> <span class='ocrx_word' id='word_1_895' title='bbox 3005 5295 3179 5351; x_wconf 86' lang='lat' dir='ltr'><strong>allecti</strong></span> <span class='ocrx_word' id='word_1_896' title='bbox 3203 5333 3219 5357; x_wconf 89' lang='lat'><strong>,</strong></span> <span class='ocrx_word' id='word_1_897' title='bbox 3247 5307 3348 5344; x_wconf 83' lang='lat' dir='ltr'><strong>non</strong></span> <span class='ocrx_word' id='word_1_898' title='bbox 3386 5289 3591 5344; x_wconf 62' lang='lat' dir='ltr'><strong>obtcmc</strong></span> 
     </span>
    </p>
   </div>
   <div class='ocr_carea' id='block_1_117' title="bbox 2029 5380 3592 5469">
    <p class='ocr_par' dir='ltr' id='par_1_117' title="bbox 2029 5380 3592 5469">
     <span class='ocr_line' id='line_1_117' title="bbox 2029 5380 3592 5469; baseline -0.013 -16"><span class='ocrx_word' id='word_1_899' title='bbox 2029 5399 2302 5469; x_wconf 80' lang='lat' dir='ltr'><strong>parabant.</strong></span> <span class='ocrx_word' id='word_1_900' title='bbox 2332 5397 2455 5451; x_wconf 67' lang='lat' dir='ltr'><strong>llaec</strong></span> <span class='ocrx_word' id='word_1_901' title='bbox 2481 5403 2654 5449; x_wconf 87' lang='lat' dir='ltr'><strong>autem</strong></span> <span class='ocrx_word' id='word_1_902' title='bbox 2677 5391 2796 5447; x_wconf 84' lang='lat' dir='ltr'><strong>vide</strong></span> <span class='ocrx_word' id='word_1_903' title='bbox 2844 5403 2999 5458; x_wconf 89' lang='lat' dir='ltr'><strong>quam</strong></span> <span class='ocrx_word' id='word_1_904' title='bbox 3047 5386 3152 5438; x_wconf 91' lang='lat' dir='ltr'><strong>cito</strong></span> <span class='ocrx_word' id='word_1_905' title='bbox 3201 5380 3301 5434; x_wconf 86' lang='lat' dir='ltr'><strong>levi</strong></span> <span class='ocrx_word' id='word_1_906' title='bbox 3356 5380 3592 5434; x_wconf 78' lang='lat' dir='ltr'><strong>interro-</strong></span> 
     </span>
    </p>
   </div>
   <div class='ocr_carea' id='block_1_118' title="bbox 2092 5507 3595 5580">
    <p class='ocr_par' dir='ltr' id='par_1_118' title="bbox 2092 5507 3595 5580">
     <span class='ocr_line' id='line_1_118' title="bbox 2092 5507 3595 5580; baseline -0.016 0"><span class='ocrx_word' id='word_1_907' title='bbox 2092 5531 2106 5561; x_wconf 81' lang='grc'><strong><em>⁸</em></strong></span> <span class='ocrx_word' id='word_1_908' title='bbox 2134 5528 2191 5579; x_wconf 84' lang='grc' dir='ltr'><strong>ιιι</strong></span> <span class='ocrx_word' id='word_1_909' title='bbox 2219 5529 2326 5580; x_wconf 81' lang='lat' dir='ltr'><strong>aliis</strong></span> <span class='ocrx_word' id='word_1_910' title='bbox 2355 5528 2424 5577; x_wconf 89' lang='lat' dir='ltr'><strong>sic</strong></span> <span class='ocrx_word' id='word_1_911' title='bbox 2457 5524 2658 5575; x_wconf 76' lang='lat' dir='ltr'><strong>effertur</strong></span> <span class='ocrx_word' id='word_1_912' title='bbox 2679 5522 2757 5572; x_wconf 88' lang='lat' dir='ltr'><strong>hic</strong></span> <span class='ocrx_word' id='word_1_913' title='bbox 2780 5519 2912 5569; x_wconf 83' lang='lat' dir='ltr'><strong>locus</strong></span> <span class='ocrx_word' id='word_1_914' title='bbox 2940 5529 2951 5563; x_wconf 93' lang='lat'>:</span> <span class='ocrx_word' id='word_1_915' title='bbox 2977 5511 3099 5574; x_wconf 79' lang='lat' dir='ltr'><strong>Quid</strong></span> <span class='ocrx_word' id='word_1_916' title='bbox 3122 5523 3241 5580; x_wconf 62' lang='lat' dir='ltr'><strong>ergo</strong></span> <span class='ocrx_word' id='word_1_917' title='bbox 3252 5507 3425 5580; x_wconf 70' lang='lat' dir='ltr'><strong>mulier</strong></span> <span class='ocrx_word' id='word_1_918' title='bbox 3450 5520 3595 5580; x_wconf 66' lang='lat' dir='ltr'><strong>quam</strong></span> 
     </span>
    </p>
   </div>
   <div class='ocr_carea' id='block_1_119' title="bbox 2027 5564 3590 5650">
    <p class='ocr_par' dir='ltr' id='par_1_119' title="bbox 2027 5564 3590 5650">
     <span class='ocr_line' id='line_1_119' title="bbox 2027 5564 3590 5650; baseline -0.022 -4"><span class='ocrx_word' id='word_1_919' title='bbox 2027 5564 2436 5650; x_wconf 53' lang='lat' dir='ltr'><strong>(hiis-in;</strong></span> <span class='ocrx_word' id='word_1_920' title='bbox 2775 5564 2954 5650; x_wconf 46' lang='lat' dir='ltr'><strong>iter—tim</strong></span> <span class='ocrx_word' id='word_1_921' title='bbox 2983 5564 3011 5650; x_wconf 12' lang='grc' dir='ltr'><strong>ἐκ</strong></span> <span class='ocrx_word' id='word_1_922' title='bbox 3030 5564 3242 5650; x_wconf 46' lang='lat' dir='ltr'><strong>Ra‘nti&#39;hi</strong></span> <span class='ocrx_word' id='word_1_923' title='bbox 3259 5572 3438 5650; x_wconf 27' lang='lat' dir='ltr'><strong>Abiberc</strong></span> <span class='ocrx_word' id='word_1_924' title='bbox 3460 5564 3481 5612; x_wconf 64' lang='grc' dir='ltr'><strong>ί</strong></span> <span class='ocrx_word' id='word_1_925' title='bbox 3523 5564 3590 5614; x_wconf 86' lang='lat' dir='ltr'><strong>ait</strong></span> 
     </span>
    </p>
   </div>
   <div class='ocr_carea' id='block_1_120' title="bbox 2029 5635 3291 5709">
    <p class='ocr_par' dir='ltr' id='par_1_120' title="bbox 2029 5635 3291 5709">
     <span class='ocr_line' id='line_1_120' title="bbox 2029 5635 3291 5709; baseline -0.021 -2"><span class='ocrx_word' id='word_1_926' title='bbox 2127 5635 2384 5705; x_wconf 47' lang='lat' dir='ltr'><strong>Hii-iiiﬁgs</strong></span> <span class='ocrx_word' id='word_1_927' title='bbox 2412 5635 2532 5708; x_wconf 77' lang='lat' dir='ltr'><strong>Quid</strong></span> <span class='ocrx_word' id='word_1_928' title='bbox 2543 5635 2663 5709; x_wconf 64' lang='lat' dir='ltr'><strong>&#39;ergo</strong></span> <span class='ocrx_word' id='word_1_929' title='bbox 2697 5643 2779 5694; x_wconf 83' lang='lat' dir='ltr'><strong>illa</strong></span> <span class='ocrx_word' id='word_1_930' title='bbox 2803 5641 2826 5689; x_wconf 68' lang='grc' dir='ltr'><strong><em>Ρ</em></strong></span> <span class='ocrx_word' id='word_1_931' title='bbox 2847 5635 3080 5700; x_wconf 81' lang='lat' dir='ltr'><strong>Quomodo</strong></span> <span class='ocrx_word' id='word_1_932' title='bbox 3102 5640 3170 5692; x_wconf 87' lang='lat' dir='ltr'><strong>tu,</strong></span> <span class='ocrx_word' id='word_1_933' title='bbox 3193 5643 3291 5681; x_wconf 84' lang='lat' dir='ltr'><strong>etc.</strong></span> 
     </span>
    </p>
   </div>
  </div>
