  <div class='ocr_page' id='page_1' title='image "/cluster/home/n/w/nwhite01/storage/ocr_20150623/59/mdp.39015009383640/179.png"; bbox 0 0 4068 6136; ppageno 0'>
   <div class='ocr_carea' id='block_1_1' title="bbox 381 284 477 343">
    <p class='ocr_par' dir='ltr' id='par_1_1' title="bbox 381 284 477 343">
     <span class='ocr_line' id='line_1_1' title="bbox 381 284 477 343; baseline 0.021 -2"><span class='ocrx_word' id='word_1_1' title='bbox 381 284 477 343; x_wconf 68' lang='grc'><strong>181</strong></span> 
     </span>
    </p>
   </div>
   <div class='ocr_carea' id='block_1_2' title="bbox 378 397 1961 475">
    <p class='ocr_par' dir='ltr' id='par_1_2' title="bbox 378 397 1961 475">
     <span class='ocr_line' id='line_1_2' title="bbox 378 397 1961 475; baseline -0.001 -22"><span class='ocrx_word' id='word_1_2' title='bbox 378 403 531 466; x_wconf 62' lang='grc' dir='ltr'>λάκις</span> <span class='ocrx_word' id='word_1_3' title='bbox 569 400 907 475; x_wconf 77' lang='grc' dir='ltr'>ἐπεσπῶντο,</span> <span class='ocrx_word' id='word_1_4' title='bbox 954 401 1048 455; x_wconf 69' lang='grc' dir='ltr'>καὶ</span> <span class='ocrx_word' id='word_1_5' title='bbox 1086 400 1175 454; x_wconf 82' lang='grc' dir='ltr'>διὰ</span> <span class='ocrx_word' id='word_1_6' title='bbox 1228 400 1492 473; x_wconf 78' lang='grc' dir='ltr'>ῥημάτων</span> <span class='ocrx_word' id='word_1_7' title='bbox 1521 400 1671 474; x_wconf 82' lang='grc'><strong>[181]</strong></span> <span class='ocrx_word' id='word_1_8' title='bbox 1723 400 1818 455; x_wconf 81' lang='grc' dir='ltr'>καὶ</span> <span class='ocrx_word' id='word_1_9' title='bbox 1871 397 1961 452; x_wconf 88' lang='grc' dir='ltr'>διά</span> 
     </span>
    </p>
   </div>
   <div class='ocr_carea' id='block_1_3' title="bbox 377 477 1959 553">
    <p class='ocr_par' dir='ltr' id='par_1_3' title="bbox 377 477 1959 553">
     <span class='ocr_line' id='line_1_3' title="bbox 377 477 1959 553; baseline -0.001 -17"><span class='ocrx_word' id='word_1_10' title='bbox 377 480 737 553; x_wconf 73' lang='grc' dir='ltr'>πραγμάτων,</span> <span class='ocrx_word' id='word_1_11' title='bbox 792 479 885 532; x_wconf 76' lang='grc' dir='ltr'>καὶ</span> <span class='ocrx_word' id='word_1_12' title='bbox 926 478 1029 532; x_wconf 84' lang='grc' dir='ltr'>οὑκ</span> <span class='ocrx_word' id='word_1_13' title='bbox 1071 480 1369 550; x_wconf 82' lang='grc' dir='ltr'>ήνείχοντο’</span> <span class='ocrx_word' id='word_1_14' title='bbox 1426 477 1563 549; x_wconf 77' lang='grc' dir='ltr'>αὕτη</span> <span class='ocrx_word' id='word_1_15' title='bbox 1597 480 1675 543; x_wconf 83' lang='grc' dir='ltr'>δὲ,</span> <span class='ocrx_word' id='word_1_16' title='bbox 1708 478 1809 551; x_wconf 83' lang='grc' dir='ltr'>δρα</span> <span class='ocrx_word' id='word_1_17' title='bbox 1842 483 1959 547; x_wconf 79' lang='grc' dir='ltr'>πῶς</span> 
     </span>
    </p>
   </div>
   <div class='ocr_carea' id='block_1_4' title="bbox 376 555 1957 631">
    <p class='ocr_par' dir='ltr' id='par_1_4' title="bbox 376 555 1957 631">
     <span class='ocr_line' id='line_1_4' title="bbox 376 555 1957 631; baseline -0.016 -16"><span class='ocrx_word' id='word_1_18' title='bbox 376 561 666 631; x_wconf 85' lang='grc' dir='ltr'>κατέχεται</span> <span class='ocrx_word' id='word_1_19' title='bbox 699 556 808 610; x_wconf 83' lang='grc' dir='ltr'>ἀπὸ</span> <span class='ocrx_word' id='word_1_20' title='bbox 847 555 1013 627; x_wconf 82' lang='grc' dir='ltr'>ψιλῆς</span> <span class='ocrx_word' id='word_1_21' title='bbox 1054 558 1377 629; x_wconf 73' lang='grc' dir='ltr'>ἐρωτήσεως</span> <span class='ocrx_word' id='word_1_22' title='bbox 1409 568 1459 611; x_wconf 79' lang='grc' dir='ltr'>ι,</span> <span class='ocrx_word' id='word_1_23' title='bbox 1508 557 1680 624; x_wconf 65' lang='grc' dir='ltr'>Αὐτὸς</span> <span class='ocrx_word' id='word_1_24' title='bbox 1711 560 1812 631; x_wconf 64' lang='grc' dir='ltr'>μὲν</span> <span class='ocrx_word' id='word_1_25' title='bbox 1847 560 1957 631; x_wconf 66' lang='grc' dir='ltr'>γὰρ</span> 
     </span>
    </p>
   </div>
   <div class='ocr_carea' id='block_1_5' title="bbox 375 635 1957 709">
    <p class='ocr_par' dir='ltr' id='par_1_5' title="bbox 375 635 1957 709">
     <span class='ocr_line' id='line_1_5' title="bbox 375 635 1957 709; baseline -0.001 -15"><span class='ocrx_word' id='word_1_26' title='bbox 375 643 474 694; x_wconf 79' lang='grc' dir='ltr'>οὐκ</span> <span class='ocrx_word' id='word_1_27' title='bbox 502 637 833 709; x_wconf 86' lang='grc' dir='ltr'>ἐνεστήσατο</span> <span class='ocrx_word' id='word_1_28' title='bbox 868 636 1019 700; x_wconf 83' lang='grc' dir='ltr'>τέως·</span> <span class='ocrx_word' id='word_1_29' title='bbox 1032 635 1238 707; x_wconf 88' lang='grc' dir='ltr'>ταύτην</span> <span class='ocrx_word' id='word_1_30' title='bbox 1268 637 1366 708; x_wconf 78' lang='grc' dir='ltr'>τὴν</span> <span class='ocrx_word' id='word_1_31' title='bbox 1397 638 1805 708; x_wconf 77' lang='grc' dir='ltr'>πραγματείαν,</span> <span class='ocrx_word' id='word_1_32' title='bbox 1835 640 1957 693; x_wconf 82' lang='grc' dir='ltr'>οὐδὲ</span> 
     </span>
    </p>
   </div>
   <div class='ocr_carea' id='block_1_6' title="bbox 376 714 1959 790">
    <p class='ocr_par' dir='ltr' id='par_1_6' title="bbox 376 714 1959 790">
     <span class='ocr_line' id='line_1_6' title="bbox 376 714 1959 790; baseline 0.003 -22"><span class='ocrx_word' id='word_1_33' title='bbox 376 721 474 790; x_wconf 64' lang='grc' dir='ltr'>τήν</span> <span class='ocrx_word' id='word_1_34' title='bbox 505 717 641 772; x_wconf 81' lang='grc' dir='ltr'>ὁδόν’</span> <span class='ocrx_word' id='word_1_35' title='bbox 672 719 722 770; x_wconf 84' lang='grc' dir='ltr'>εί</span> <span class='ocrx_word' id='word_1_36' title='bbox 744 715 800 769; x_wconf 84' lang='grc' dir='ltr'>δέ</span> <span class='ocrx_word' id='word_1_37' title='bbox 830 731 977 778; x_wconf 85' lang='grc' dir='ltr'>τινες</span> <span class='ocrx_word' id='word_1_38' title='bbox 1008 714 1396 786; x_wconf 82' lang='grc' dir='ltr'>παρεγένοντο,</span> <span class='ocrx_word' id='word_1_39' title='bbox 1441 717 1541 770; x_wconf 89' lang='grc' dir='ltr'>οὑκ</span> <span class='ocrx_word' id='word_1_40' title='bbox 1573 718 1802 771; x_wconf 80' lang='grc' dir='ltr'>ἐκώλυε.</span> <span class='ocrx_word' id='word_1_41' title='bbox 1849 721 1959 774; x_wconf 77' lang='grc' dir='ltr'>Καὶ</span> 
     </span>
    </p>
   </div>
   <div class='ocr_carea' id='block_1_7' title="bbox 377 794 1960 870">
    <p class='ocr_par' dir='ltr' id='par_1_7' title="bbox 377 794 1960 870">
     <span class='ocr_line' id='line_1_7' title="bbox 377 794 1960 870; baseline 0 -20"><span class='ocrx_word' id='word_1_42' title='bbox 377 799 485 867; x_wconf 82' lang='grc' dir='ltr'>γὰρ</span> <span class='ocrx_word' id='word_1_43' title='bbox 513 799 628 860; x_wconf 90' lang='grc' dir='ltr'>τοῖς</span> <span class='ocrx_word' id='word_1_44' title='bbox 666 795 936 867; x_wconf 82' lang='grc' dir='ltr'>μαθηταῖς</span> <span class='ocrx_word' id='word_1_45' title='bbox 984 795 1170 859; x_wconf 89' lang='grc' dir='ltr'>ἀπλῶς</span> <span class='ocrx_word' id='word_1_46' title='bbox 1207 794 1413 862; x_wconf 75' lang='grc' dir='ltr'>ἔλεγεν,</span> <span class='ocrx_word' id='word_1_47' title='bbox 1467 795 1548 858; x_wconf 87' lang='grc' dir='ltr'>είς</span> <span class='ocrx_word' id='word_1_48' title='bbox 1588 796 1743 850; x_wconf 91' lang='grc' dir='ltr'>πόλιν</span> <span class='ocrx_word' id='word_1_49' title='bbox 1774 798 1960 870; x_wconf 80' lang='grc' dir='ltr'>Σαμαο</span> 
     </span>
    </p>
   </div>
   <div class='ocr_carea' id='block_1_8' title="bbox 381 875 1963 950">
    <p class='ocr_par' dir='ltr' id='par_1_8' title="bbox 381 875 1963 950">
     <span class='ocr_line' id='line_1_8' title="bbox 381 875 1963 950; baseline 0.001 -20"><span class='ocrx_word' id='word_1_50' title='bbox 381 878 574 950; x_wconf 88' lang='grc' dir='ltr'>ρειτῶν</span> <span class='ocrx_word' id='word_1_51' title='bbox 607 876 684 948; x_wconf 84' lang='grc' dir='ltr'>μὴ</span> <span class='ocrx_word' id='word_1_52' title='bbox 728 876 1011 941; x_wconf 72' lang='grc' dir='ltr'>εἰσελθεῖν,</span> <span class='ocrx_word' id='word_1_53' title='bbox 1039 875 1161 945; x_wconf 83' lang='grc' dir='ltr'>οὑχὶ</span> <span class='ocrx_word' id='word_1_54' title='bbox 1194 875 1288 928; x_wconf 71' lang='grc' dir='ltr'>καὶ</span> <span class='ocrx_word' id='word_1_55' title='bbox 1325 876 1647 946; x_wconf 76' lang='grc' dir='ltr'>προσιόντας</span> <span class='ocrx_word' id='word_1_56' title='bbox 1683 877 1963 950; x_wconf 85' lang='grc' dir='ltr'>διακρούε-</span> 
     </span>
    </p>
   </div>
   <div class='ocr_carea' id='block_1_9' title="bbox 380 950 1961 1028">
    <p class='ocr_par' dir='ltr' id='par_1_9' title="bbox 380 950 1961 1028">
     <span class='ocr_line' id='line_1_9' title="bbox 380 950 1961 1028; baseline -0.002 -15"><span class='ocrx_word' id='word_1_57' title='bbox 380 959 531 1014; x_wconf 67' lang='grc' dir='ltr'>σθαι*</span> <span class='ocrx_word' id='word_1_58' title='bbox 581 956 792 1027; x_wconf 88' lang='grc' dir='ltr'>σφόδρα</span> <span class='ocrx_word' id='word_1_59' title='bbox 817 955 928 1026; x_wconf 87' lang='grc' dir='ltr'>γὰρ</span> <span class='ocrx_word' id='word_1_60' title='bbox 953 954 1170 1021; x_wconf 79' lang='grc' dir='ltr'>ἀνάξιον</span> <span class='ocrx_word' id='word_1_61' title='bbox 1199 950 1269 1027; x_wconf 77' lang='grc' dir='ltr'>ἦν</span> <span class='ocrx_word' id='word_1_62' title='bbox 1311 954 1477 1008; x_wconf 86' lang='grc' dir='ltr'>αὑτοῦ</span> <span class='ocrx_word' id='word_1_63' title='bbox 1520 955 1623 1026; x_wconf 82' lang='grc' dir='ltr'>τῆς</span> <span class='ocrx_word' id='word_1_64' title='bbox 1654 955 1961 1028; x_wconf 85' lang='grc' dir='ltr'>φιλανθρω-</span> 
     </span>
    </p>
   </div>
   <div class='ocr_carea' id='block_1_10' title="bbox 382 1033 1963 1105">
    <p class='ocr_par' dir='ltr' id='par_1_10' title="bbox 382 1033 1963 1105">
     <span class='ocr_line' id='line_1_10' title="bbox 382 1033 1963 1105; baseline -0.001 -12"><span class='ocrx_word' id='word_1_65' title='bbox 382 1039 530 1101; x_wconf 85' lang='grc' dir='ltr'>πίας.</span> <span class='ocrx_word' id='word_1_66' title='bbox 566 1037 665 1090; x_wconf 85' lang='grc' dir='ltr'>Διά</span> <span class='ocrx_word' id='word_1_67' title='bbox 690 1037 756 1105; x_wconf 81' lang='grc' dir='ltr'>δή</span> <span class='ocrx_word' id='word_1_68' title='bbox 784 1033 945 1089; x_wconf 84' lang='grc' dir='ltr'>τοῦτο</span> <span class='ocrx_word' id='word_1_69' title='bbox 980 1034 1074 1087; x_wconf 75' lang='grc' dir='ltr'>καὶ</span> <span class='ocrx_word' id='word_1_70' title='bbox 1109 1033 1555 1105; x_wconf 84' lang='grc' dir='ltr'>ἀποκρίνεταιτῇ</span> <span class='ocrx_word' id='word_1_71' title='bbox 1587 1036 1829 1103; x_wconf 79' lang='grc' dir='ltr'>γυναικὶ,</span> <span class='ocrx_word' id='word_1_72' title='bbox 1867 1036 1963 1091; x_wconf 83' lang='grc' dir='ltr'>καί</span> 
     </span>
    </p>
   </div>
   <div class='ocr_carea' id='block_1_11' title="bbox 383 1112 1964 1191">
    <p class='ocr_par' dir='ltr' id='par_1_11' title="bbox 383 1112 1964 1191">
     <span class='ocr_line' id='line_1_11' title="bbox 383 1112 1964 1191; baseline -0.003 -18"><span class='ocrx_word' id='word_1_73' title='bbox 383 1135 566 1191; x_wconf 72' lang='grc' dir='ltr'>φησιν’</span> <span class='ocrx_word' id='word_1_74' title='bbox 611 1120 679 1172; x_wconf 79' lang='lat' dir='ltr'><em>El</em></span> <span class='ocrx_word' id='word_1_75' title='bbox 728 1118 894 1186; x_wconf 79' lang='grc' dir='ltr'>ᾕδεις</span> <span class='ocrx_word' id='word_1_76' title='bbox 949 1114 1067 1184; x_wconf 79' lang='grc' dir='ltr'>τὴν</span> <span class='ocrx_word' id='word_1_77' title='bbox 1102 1112 1331 1183; x_wconf 81' lang='grc' dir='ltr'>δωρεὰν</span> <span class='ocrx_word' id='word_1_78' title='bbox 1362 1113 1471 1168; x_wconf 83' lang='grc' dir='ltr'>τοῦ</span> <span class='ocrx_word' id='word_1_79' title='bbox 1517 1115 1686 1179; x_wconf 81' lang='grc' dir='ltr'>Θεοῦ,</span> <span class='ocrx_word' id='word_1_80' title='bbox 1730 1117 1830 1169; x_wconf 83' lang='grc' dir='ltr'>καί</span> <span class='ocrx_word' id='word_1_81' title='bbox 1873 1116 1964 1182; x_wconf 84' lang='grc' dir='ltr'>τίς</span> 
     </span>
    </p>
   </div>
   <div class='ocr_carea' id='block_1_12' title="bbox 379 1192 1965 1267">
    <p class='ocr_par' dir='ltr' id='par_1_12' title="bbox 379 1192 1965 1267">
     <span class='ocr_line' id='line_1_12' title="bbox 379 1192 1965 1267; baseline -0.004 -14"><span class='ocrx_word' id='word_1_82' title='bbox 379 1200 551 1253; x_wconf 80' lang='grc' dir='ltr'>ἐστιν</span> <span class='ocrx_word' id='word_1_83' title='bbox 579 1200 612 1253; x_wconf 88' lang='grc' dir='ltr'>ό</span> <span class='ocrx_word' id='word_1_84' title='bbox 637 1196 833 1267; x_wconf 66' lang='grc' dir='ltr'>λέγων</span> <span class='ocrx_word' id='word_1_85' title='bbox 863 1210 982 1259; x_wconf 86' lang='grc' dir='ltr'>σοι,</span> <span class='ocrx_word' id='word_1_86' title='bbox 1022 1194 1133 1259; x_wconf 84' lang='grc' dir='ltr'>Δός</span> <span class='ocrx_word' id='word_1_87' title='bbox 1156 1209 1259 1262; x_wconf 84' lang='grc' dir='ltr'>μοι</span> <span class='ocrx_word' id='word_1_88' title='bbox 1284 1192 1464 1246; x_wconf 67' lang='grc' dir='ltr'>πιεῖν⁹</span> <span class='ocrx_word' id='word_1_89' title='bbox 1505 1193 1587 1247; x_wconf 84' lang='grc' dir='ltr'>σὺ</span> <span class='ocrx_word' id='word_1_90' title='bbox 1615 1193 1695 1247; x_wconf 80' lang='grc' dir='ltr'>ἂν</span> <span class='ocrx_word' id='word_1_91' title='bbox 1732 1195 1965 1263; x_wconf 68' lang='grc' dir='ltr'>ᾔτησας</span> 
     </span>
    </p>
   </div>
   <div class='ocr_carea' id='block_1_13' title="bbox 379 1269 1966 1344">
    <p class='ocr_par' dir='ltr' id='par_1_13' title="bbox 379 1269 1966 1344">
     <span class='ocr_line' id='line_1_13' title="bbox 379 1269 1966 1344; baseline -0.008 -9"><span class='ocrx_word' id='word_1_92' title='bbox 379 1279 586 1344; x_wconf 73' lang='grc' dir='ltr'>αὐτὸν,</span> <span class='ocrx_word' id='word_1_93' title='bbox 624 1275 721 1330; x_wconf 74' lang='grc' dir='ltr'>καί</span> <span class='ocrx_word' id='word_1_94' title='bbox 774 1273 999 1327; x_wconf 73' lang='grc' dir='ltr'>ἔδωκεν</span> <span class='ocrx_word' id='word_1_95' title='bbox 1037 1270 1115 1325; x_wconf 77' lang='grc' dir='ltr'><em>ἄν</em></span> <span class='ocrx_word' id='word_1_96' title='bbox 1157 1286 1256 1325; x_wconf 84' lang='grc' dir='ltr'>σοι</span> <span class='ocrx_word' id='word_1_97' title='bbox 1305 1271 1464 1340; x_wconf 82' lang='grc' dir='ltr'>ὕδωρ</span> <span class='ocrx_word' id='word_1_98' title='bbox 1507 1269 1636 1332; x_wconf 77' lang='grc' dir='ltr'>ζῶν.</span> <span class='ocrx_word' id='word_1_99' title='bbox 1690 1273 1966 1344; x_wconf 76' lang='grc' dir='ltr'>Πρότερον</span> 
     </span>
    </p>
   </div>
   <div class='ocr_carea' id='block_1_14' title="bbox 381 1348 1962 1423">
    <p class='ocr_par' dir='ltr' id='par_1_14' title="bbox 381 1348 1962 1423">
     <span class='ocr_line' id='line_1_14' title="bbox 381 1348 1962 1423; baseline -0.007 -9"><span class='ocrx_word' id='word_1_100' title='bbox 381 1360 653 1414; x_wconf 89' lang='grc' dir='ltr'>δείκνυσιν</span> <span class='ocrx_word' id='word_1_101' title='bbox 684 1352 841 1419; x_wconf 85' lang='grc' dir='ltr'>ἀξίαν</span> <span class='ocrx_word' id='word_1_102' title='bbox 871 1348 1037 1407; x_wconf 82' lang='grc' dir='ltr'>οὖσαν</span> <span class='ocrx_word' id='word_1_103' title='bbox 1071 1348 1322 1415; x_wconf 87' lang='grc' dir='ltr'>ἀκοῦσαι,</span> <span class='ocrx_word' id='word_1_104' title='bbox 1356 1351 1450 1403; x_wconf 80' lang='grc' dir='ltr'>καὶ</span> <span class='ocrx_word' id='word_1_105' title='bbox 1492 1351 1567 1423; x_wconf 81' lang='grc' dir='ltr'>μὴ</span> <span class='ocrx_word' id='word_1_106' title='bbox 1599 1351 1962 1423; x_wconf 72' lang='grc' dir='ltr'>παροφθῆναι·</span> 
     </span>
    </p>
   </div>
   <div class='ocr_carea' id='block_1_15' title="bbox 382 1429 1967 1503">
    <p class='ocr_par' dir='ltr' id='par_1_15' title="bbox 382 1429 1967 1503">
     <span class='ocr_line' id='line_1_15' title="bbox 382 1429 1967 1503; baseline -0.008 -8"><span class='ocrx_word' id='word_1_107' title='bbox 382 1441 476 1495; x_wconf 77' lang='grc' dir='ltr'>καὶ</span> <span class='ocrx_word' id='word_1_108' title='bbox 516 1436 636 1491; x_wconf 88' lang='grc' dir='ltr'>τότε</span> <span class='ocrx_word' id='word_1_109' title='bbox 672 1433 863 1487; x_wconf 82' lang='grc' dir='ltr'>ἐαυτὸν</span> <span class='ocrx_word' id='word_1_110' title='bbox 892 1432 1248 1487; x_wconf 87' lang='grc' dir='ltr'>ἐκκαλύπτει.</span> <span class='ocrx_word' id='word_1_111' title='bbox 1299 1430 1410 1485; x_wconf 76' lang='grc' dir='ltr'>Καὶ</span> <span class='ocrx_word' id='word_1_112' title='bbox 1455 1429 1566 1501; x_wconf 89' lang='grc' dir='ltr'>γάρ</span> <span class='ocrx_word' id='word_1_113' title='bbox 1613 1430 1838 1503; x_wconf 75' lang='grc' dir='ltr'>ἔμελλεν</span> <span class='ocrx_word' id='word_1_114' title='bbox 1876 1432 1967 1484; x_wconf 88' lang='grc' dir='ltr'>εὐ-</span> 
     </span>
    </p>
   </div>
   <div class='ocr_carea' id='block_1_16' title="bbox 383 1511 1967 1588">
    <p class='ocr_par' dir='ltr' id='par_1_16' title="bbox 383 1511 1967 1588">
     <span class='ocr_line' id='line_1_16' title="bbox 383 1511 1967 1588; baseline -0.003 -19"><span class='ocrx_word' id='word_1_115' title='bbox 383 1523 519 1583; x_wconf 78' lang='grc' dir='ltr'>θέως</span> <span class='ocrx_word' id='word_1_116' title='bbox 565 1514 810 1588; x_wconf 85' lang='grc' dir='ltr'>μαθοῦσα</span> <span class='ocrx_word' id='word_1_117' title='bbox 842 1513 992 1578; x_wconf 82' lang='grc' dir='ltr'>ὅστις</span> <span class='ocrx_word' id='word_1_118' title='bbox 1020 1513 1190 1577; x_wconf 74' lang='grc' dir='ltr'>ἐστὶν,</span> <span class='ocrx_word' id='word_1_119' title='bbox 1224 1511 1632 1566; x_wconf 81' lang='grc' dir='ltr'>ὑπακούσεσθαι</span> <span class='ocrx_word' id='word_1_120' title='bbox 1663 1512 1759 1565; x_wconf 74' lang='grc' dir='ltr'>καὶ</span> <span class='ocrx_word' id='word_1_121' title='bbox 1796 1528 1967 1583; x_wconf 89' lang='grc' dir='ltr'>προσ-</span> 
     </span>
    </p>
   </div>
   <div class='ocr_carea' id='block_1_17' title="bbox 384 1589 1962 1666">
    <p class='ocr_par' dir='ltr' id='par_1_17' title="bbox 384 1589 1962 1666">
     <span class='ocr_line' id='line_1_17' title="bbox 384 1589 1962 1666; baseline -0.003 -13"><span class='ocrx_word' id='word_1_122' title='bbox 384 1601 525 1666; x_wconf 83' lang='grc' dir='ltr'>έξειν</span> <span class='ocrx_word' id='word_1_123' title='bbox 557 1593 738 1664; x_wconf 78' lang='grc' dir='ltr'>αὑτῷ-</span> <span class='ocrx_word' id='word_1_124' title='bbox 775 1593 912 1661; x_wconf 81' lang='grc' dir='ltr'>ὅπερ</span> <span class='ocrx_word' id='word_1_125' title='bbox 951 1592 1081 1661; x_wconf 82' lang='grc' dir='ltr'>περὶ</span> <span class='ocrx_word' id='word_1_126' title='bbox 1121 1589 1388 1643; x_wconf 78' lang='grc' dir='ltr'>Ἰουδαίων</span> <span class='ocrx_word' id='word_1_127' title='bbox 1418 1589 1521 1642; x_wconf 88' lang='grc' dir='ltr'>οὑκ</span> <span class='ocrx_word' id='word_1_128' title='bbox 1565 1589 1631 1643; x_wconf 85' lang='grc' dir='ltr'>ἄν</span> <span class='ocrx_word' id='word_1_129' title='bbox 1675 1607 1758 1654; x_wconf 89' lang='grc' dir='ltr'>τις</span> <span class='ocrx_word' id='word_1_130' title='bbox 1801 1591 1962 1648; x_wconf 67' lang='grc' dir='ltr'>ςῖποι.</span> 
     </span>
    </p>
   </div>
   <div class='ocr_carea' id='block_1_18' title="bbox 383 1668 1968 1747">
    <p class='ocr_par' dir='ltr' id='par_1_18' title="bbox 383 1668 1968 1747">
     <span class='ocr_line' id='line_1_18' title="bbox 383 1668 1968 1747; baseline -0.006 -15"><span class='ocrx_word' id='word_1_131' title='bbox 383 1681 496 1734; x_wconf 68' lang='grc' dir='ltr'>Καὶ</span> <span class='ocrx_word' id='word_1_132' title='bbox 521 1677 628 1746; x_wconf 83' lang='grc' dir='ltr'>γὰρ</span> <span class='ocrx_word' id='word_1_133' title='bbox 663 1673 944 1747; x_wconf 77' lang='grc' dir='ltr'>μαθόντες,</span> <span class='ocrx_word' id='word_1_134' title='bbox 976 1669 1184 1742; x_wconf 72' lang='grc' dir='ltr'>ᾔτησαν</span> <span class='ocrx_word' id='word_1_135' title='bbox 1230 1668 1392 1722; x_wconf 79' lang='grc' dir='ltr'>αὑτὸν</span> <span class='ocrx_word' id='word_1_136' title='bbox 1422 1668 1594 1747; x_wconf 84' lang='grc' dir='ltr'>οὑδέν,</span> <span class='ocrx_word' id='word_1_137' title='bbox 1621 1669 1745 1723; x_wconf 81' lang='grc' dir='ltr'>οὐδὲ</span> <span class='ocrx_word' id='word_1_138' title='bbox 1770 1670 1968 1723; x_wconf 85' lang='grc' dir='ltr'>ἐπεθύ-</span> 
     </span>
    </p>
   </div>
   <div class='ocr_carea' id='block_1_19' title="bbox 389 1746 1969 1827">
    <p class='ocr_par' dir='ltr' id='par_1_19' title="bbox 389 1746 1969 1827">
     <span class='ocr_line' id='line_1_19' title="bbox 389 1746 1969 1827; baseline -0.004 -18"><span class='ocrx_word' id='word_1_139' title='bbox 389 1756 567 1827; x_wconf 90' lang='grc' dir='ltr'>μησάν</span> <span class='ocrx_word' id='word_1_140' title='bbox 592 1770 645 1806; x_wconf 93' lang='grc' dir='ltr'>τι</span> <span class='ocrx_word' id='word_1_141' title='bbox 668 1746 879 1822; x_wconf 84' lang='grc' dir='ltr'>μαθεῖν</span> <span class='ocrx_word' id='word_1_142' title='bbox 906 1749 1015 1802; x_wconf 91' lang='grc' dir='ltr'>τῶν</span> <span class='ocrx_word' id='word_1_143' title='bbox 1054 1747 1396 1827; x_wconf 29' lang='grc' dir='ltr'>χρησίμων,Δ</span> <span class='ocrx_word' id='word_1_144' title='bbox 1418 1746 1554 1827; x_wconf 87' lang='grc' dir='ltr'>ἀλλά</span> <span class='ocrx_word' id='word_1_145' title='bbox 1601 1749 1696 1827; x_wconf 73' lang='grc' dir='ltr'>καὶ</span> <span class='ocrx_word' id='word_1_146' title='bbox 1747 1747 1969 1821; x_wconf 76' lang='grc' dir='ltr'>ὕϐριζον</span> 
     </span>
    </p>
   </div>
   <div class='ocr_carea' id='block_1_20' title="bbox 387 1824 1970 1904">
    <p class='ocr_par' dir='ltr' id='par_1_20' title="bbox 387 1824 1970 1904">
     <span class='ocr_line' id='line_1_20' title="bbox 387 1824 1970 1904; baseline -0.005 -14"><span class='ocrx_word' id='word_1_147' title='bbox 387 1824 482 1890; x_wconf 74' lang='grc' dir='ltr'>καὶ</span> <span class='ocrx_word' id='word_1_148' title='bbox 522 1830 851 1904; x_wconf 88' lang='grc' dir='ltr'>ἀπήλαυνον.</span> <span class='ocrx_word' id='word_1_149' title='bbox 890 1828 957 1881; x_wconf 86' lang='grc' dir='ltr'><strong>Ἠ</strong></span> <span class='ocrx_word' id='word_1_150' title='bbox 1009 1827 1065 1880; x_wconf 84' lang='grc' dir='ltr'>δέ</span> <span class='ocrx_word' id='word_1_151' title='bbox 1114 1827 1252 1899; x_wconf 79' lang='grc' dir='ltr'>γυνή</span> <span class='ocrx_word' id='word_1_152' title='bbox 1295 1824 1469 1879; x_wconf 89' lang='grc' dir='ltr'>ταῦτα</span> <span class='ocrx_word' id='word_1_153' title='bbox 1514 1825 1817 1889; x_wconf 87' lang='grc' dir='ltr'>ἀκούσασα,</span> <span class='ocrx_word' id='word_1_154' title='bbox 1869 1828 1970 1901; x_wconf 82' lang='grc' dir='ltr'>ὅρα</span> 
     </span>
    </p>
   </div>
   <div class='ocr_carea' id='block_1_21' title="bbox 387 1906 1969 1979">
    <p class='ocr_par' dir='ltr' id='par_1_21' title="bbox 387 1906 1969 1979">
     <span class='ocr_line' id='line_1_21' title="bbox 387 1906 1969 1979; baseline -0.003 -12"><span class='ocrx_word' id='word_1_155' title='bbox 387 1914 505 1977; x_wconf 87' lang='grc' dir='ltr'>πῶς</span> <span class='ocrx_word' id='word_1_156' title='bbox 548 1909 807 1973; x_wconf 83' lang='grc' dir='ltr'>ἐπιεικῶς</span> <span class='ocrx_word' id='word_1_157' title='bbox 852 1906 1241 1979; x_wconf 88' lang='grc' dir='ltr'>ἀποκρίνεται·</span> <span class='ocrx_word' id='word_1_158' title='bbox 1284 1909 1482 1973; x_wconf 83' lang='grc' dir='ltr'>Κύριε,</span> <span class='ocrx_word' id='word_1_159' title='bbox 1520 1906 1661 1961; x_wconf 85' lang='grc' dir='ltr'>οὔτε</span> <span class='ocrx_word' id='word_1_160' title='bbox 1697 1908 1969 1978; x_wconf 58' lang='lat' dir='ltr'>aratrum</span> 
     </span>
    </p>
   </div>
   <div class='ocr_carea' id='block_1_22' title="bbox 385 1985 1972 2064">
    <p class='ocr_par' dir='ltr' id='par_1_22' title="bbox 385 1985 1972 2064">
     <span class='ocr_line' id='line_1_22' title="bbox 385 1985 1972 2064; baseline -0.004 -13"><span class='ocrx_word' id='word_1_161' title='bbox 385 1997 564 2064; x_wconf 78' lang='grc' dir='ltr'>ἔχεις,</span> <span class='ocrx_word' id='word_1_162' title='bbox 592 1991 779 2047; x_wconf 81' lang='grc' dir='ltr'>καὶτὸ</span> <span class='ocrx_word' id='word_1_163' title='bbox 812 1989 1000 2060; x_wconf 72' lang='grc' dir='ltr'>φρέαρ</span> <span class='ocrx_word' id='word_1_164' title='bbox 1033 1988 1165 2043; x_wconf 76' lang='grc' dir='ltr'>ἐστὶ</span> <span class='ocrx_word' id='word_1_165' title='bbox 1210 1988 1395 2054; x_wconf 79' lang='grc' dir='ltr'>βαθύ·</span> <span class='ocrx_word' id='word_1_166' title='bbox 1439 1990 1625 2045; x_wconf 79' lang='grc' dir='ltr'>πόθεν</span> <span class='ocrx_word' id='word_1_167' title='bbox 1657 1985 1773 2045; x_wconf 78' lang='grc' dir='ltr'>οὖν</span> <span class='ocrx_word' id='word_1_168' title='bbox 1811 1991 1972 2061; x_wconf 77' lang='grc' dir='ltr'>ἔχεις</span> 
     </span>
    </p>
   </div>
   <div class='ocr_carea' id='block_1_23' title="bbox 386 2070 1969 2143">
    <p class='ocr_par' dir='ltr' id='par_1_23' title="bbox 386 2070 1969 2143">
     <span class='ocr_line' id='line_1_23' title="bbox 386 2070 1969 2143; baseline -0.009 -13"><span class='ocrx_word' id='word_1_169' title='bbox 386 2077 454 2130; x_wconf 82' lang='grc' dir='ltr'>τὸ</span> <span class='ocrx_word' id='word_1_170' title='bbox 491 2074 649 2142; x_wconf 83' lang='grc' dir='ltr'>ὕδωρ</span> <span class='ocrx_word' id='word_1_171' title='bbox 677 2072 745 2126; x_wconf 83' lang='grc' dir='ltr'>τὸ</span> <span class='ocrx_word' id='word_1_172' title='bbox 773 2071 915 2137; x_wconf 78' lang='grc' dir='ltr'>ζῶγ;</span> <span class='ocrx_word' id='word_1_173' title='bbox 948 2071 1099 2134; x_wconf 83' lang='grc' dir='ltr'>Τέως</span> <span class='ocrx_word' id='word_1_174' title='bbox 1131 2071 1299 2141; x_wconf 85' lang='grc' dir='ltr'>αὑτὴν</span> <span class='ocrx_word' id='word_1_175' title='bbox 1326 2070 1426 2141; x_wconf 83' lang='grc' dir='ltr'>τῆς</span> <span class='ocrx_word' id='word_1_176' title='bbox 1467 2070 1720 2136; x_wconf 83' lang='grc' dir='ltr'>ὑπονοίας</span> <span class='ocrx_word' id='word_1_177' title='bbox 1747 2072 1846 2143; x_wconf 80' lang='grc' dir='ltr'>τῆς</span> <span class='ocrx_word' id='word_1_178' title='bbox 1871 2090 1969 2126; x_wconf 79' lang='grc' dir='ltr'>τα-</span> 
     </span>
    </p>
   </div>
   <div class='ocr_carea' id='block_1_24' title="bbox 387 2150 1972 2225">
    <p class='ocr_par' dir='ltr' id='par_1_24' title="bbox 387 2150 1972 2225">
     <span class='ocr_line' id='line_1_24' title="bbox 387 2150 1972 2225; baseline -0.003 -16"><span class='ocrx_word' id='word_1_179' title='bbox 387 2155 581 2225; x_wconf 81' lang='grc' dir='ltr'>πεινῆς</span> <span class='ocrx_word' id='word_1_180' title='bbox 608 2153 894 2223; x_wconf 83' lang='grc' dir='ltr'>ἀνέστησε,</span> <span class='ocrx_word' id='word_1_181' title='bbox 933 2150 1030 2204; x_wconf 74' lang='grc' dir='ltr'>καὶ</span> <span class='ocrx_word' id='word_1_182' title='bbox 1078 2150 1172 2204; x_wconf 86' lang='grc' dir='ltr'>τοῦ</span> <span class='ocrx_word' id='word_1_183' title='bbox 1211 2151 1452 2219; x_wconf 81' lang='grc' dir='ltr'>νομίζειν</span> <span class='ocrx_word' id='word_1_184' title='bbox 1488 2151 1584 2204; x_wconf 76' lang='grc' dir='ltr'>ἕνα</span> <span class='ocrx_word' id='word_1_185' title='bbox 1624 2150 1732 2204; x_wconf 91' lang='grc' dir='ltr'>τῶν</span> <span class='ocrx_word' id='word_1_186' title='bbox 1763 2152 1972 2206; x_wconf 81' lang='grc' dir='ltr'>πολλῶν</span> 
     </span>
    </p>
   </div>
   <div class='ocr_carea' id='block_1_25' title="bbox 348 2228 1983 2303">
    <p class='ocr_par' dir='ltr' id='par_1_25' title="bbox 348 2228 1983 2303">
     <span class='ocr_line' id='line_1_25' title="bbox 348 2228 1983 2303; baseline 0.001 -16"><span class='ocrx_word' id='word_1_187' title='bbox 348 2268 351 2271; x_wconf 97' lang='grc'><strong>-</strong></span> <span class='ocrx_word' id='word_1_188' title='bbox 387 2231 548 2289; x_wconf 77' lang='grc' dir='ltr'>εἶναι.</span> <span class='ocrx_word' id='word_1_189' title='bbox 597 2232 672 2287; x_wconf 86' lang='grc' dir='ltr'>Οὑ</span> <span class='ocrx_word' id='word_1_190' title='bbox 711 2231 821 2302; x_wconf 80' lang='grc' dir='ltr'>γὰρ</span> <span class='ocrx_word' id='word_1_191' title='bbox 854 2228 1043 2294; x_wconf 85' lang='grc' dir='ltr'>ἁπλῶς</span> <span class='ocrx_word' id='word_1_192' title='bbox 1083 2228 1317 2283; x_wconf 86' lang='grc' dir='ltr'>ἐνταῦθα</span> <span class='ocrx_word' id='word_1_193' title='bbox 1363 2231 1518 2284; x_wconf 89' lang='grc' dir='ltr'>καλεῖ</span> <span class='ocrx_word' id='word_1_194' title='bbox 1560 2230 1784 2303; x_wconf 83' lang='grc' dir='ltr'>Κύριον,</span> <span class='ocrx_word' id='word_1_195' title='bbox 1837 2232 1983 2288; x_wconf 80' lang='grc' dir='ltr'>ἀλλᾶ</span> 
     </span>
    </p>
   </div>
   <div class='ocr_carea' id='block_1_26' title="bbox 387 2306 1976 2384">
    <p class='ocr_par' dir='ltr' id='par_1_26' title="bbox 387 2306 1976 2384">
     <span class='ocr_line' id='line_1_26' title="bbox 387 2306 1976 2384; baseline 0.001 -20"><span class='ocrx_word' id='word_1_196' title='bbox 387 2311 591 2384; x_wconf 78' lang='grc' dir='ltr'>πολλὴν</span> <span class='ocrx_word' id='word_1_197' title='bbox 631 2308 983 2380; x_wconf 86' lang='grc' dir='ltr'>ἀπονέμουσα</span> <span class='ocrx_word' id='word_1_198' title='bbox 1036 2306 1135 2379; x_wconf 73' lang='grc' dir='ltr'>τὴν</span> <span class='ocrx_word' id='word_1_199' title='bbox 1185 2308 1371 2379; x_wconf 87' lang='grc' dir='ltr'>τιμήν.</span> <span class='ocrx_word' id='word_1_200' title='bbox 1423 2307 1548 2361; x_wconf 82' lang='grc' dir='ltr'>Ὀτι</span> <span class='ocrx_word' id='word_1_201' title='bbox 1597 2308 1705 2379; x_wconf 90' lang='lat'>7&amp;9</span> <span class='ocrx_word' id='word_1_202' title='bbox 1759 2311 1976 2381; x_wconf 84' lang='grc' dir='ltr'>τιμῶσα</span> 
     </span>
    </p>
   </div>
   <div class='ocr_carea' id='block_1_27' title="bbox 386 2385 1974 2460">
    <p class='ocr_par' dir='ltr' id='par_1_27' title="bbox 386 2385 1974 2460">
     <span class='ocr_line' id='line_1_27' title="bbox 386 2385 1974 2460; baseline 0 -14"><span class='ocrx_word' id='word_1_203' title='bbox 386 2392 561 2447; x_wconf 89' lang='grc' dir='ltr'>ταῦτα</span> <span class='ocrx_word' id='word_1_204' title='bbox 609 2389 817 2457; x_wconf 71' lang='grc' dir='ltr'>ἔλεγεν,</span> <span class='ocrx_word' id='word_1_205' title='bbox 851 2386 960 2442; x_wconf 82' lang='grc' dir='ltr'>ἀπὸ</span> <span class='ocrx_word' id='word_1_206' title='bbox 989 2385 1099 2440; x_wconf 84' lang='grc' dir='ltr'>τῶν</span> <span class='ocrx_word' id='word_1_207' title='bbox 1141 2386 1270 2457; x_wconf 79' lang='grc' dir='ltr'>ἑξῆς</span> <span class='ocrx_word' id='word_1_208' title='bbox 1322 2387 1631 2457; x_wconf 77' lang='grc' dir='ltr'>εἰρημένων</span> <span class='ocrx_word' id='word_1_209' title='bbox 1671 2387 1849 2460; x_wconf 82' lang='grc' dir='ltr'>δῆλον.</span> <span class='ocrx_word' id='word_1_210' title='bbox 1898 2392 1974 2447; x_wconf 87' lang='grc' dir='ltr'>Οὑ</span> 
     </span>
    </p>
   </div>
   <div class='ocr_carea' id='block_1_28' title="bbox 386 2466 1974 2544">
    <p class='ocr_par' dir='ltr' id='par_1_28' title="bbox 386 2466 1974 2544">
     <span class='ocr_line' id='line_1_28' title="bbox 386 2466 1974 2544; baseline -0.003 -17"><span class='ocrx_word' id='word_1_211' title='bbox 386 2473 497 2544; x_wconf 85' lang='lat'>7&amp;9</span> <span class='ocrx_word' id='word_1_212' title='bbox 526 2467 913 2537; x_wconf 79' lang='grc' dir='ltr'>κατεγέλασεν,</span> <span class='ocrx_word' id='word_1_213' title='bbox 937 2466 1060 2521; x_wconf 84' lang='grc' dir='ltr'>οὑδὲ</span> <span class='ocrx_word' id='word_1_214' title='bbox 1083 2466 1472 2538; x_wconf 83' lang='grc' dir='ltr'>ἐκωμῴδησεν,</span> <span class='ocrx_word' id='word_1_215' title='bbox 1504 2466 1642 2522; x_wconf 90' lang='grc' dir='ltr'>ἀλλά</span> <span class='ocrx_word' id='word_1_216' title='bbox 1665 2468 1916 2541; x_wconf 84' lang='grc' dir='ltr'>διηπόρει</span> <span class='ocrx_word' id='word_1_217' title='bbox 1946 2470 1974 2511; x_wconf 73' lang='grc'><strong>1³</strong></span> 
     </span>
    </p>
   </div>
   <div class='ocr_carea' id='block_1_29' title="bbox 385 2545 1978 2620">
    <p class='ocr_par' dir='ltr' id='par_1_29' title="bbox 385 2545 1978 2620">
     <span class='ocr_line' id='line_1_29' title="bbox 385 2545 1978 2620; baseline -0.004 -13"><span class='ocrx_word' id='word_1_218' title='bbox 385 2552 547 2616; x_wconf 88' lang='grc' dir='ltr'>τέως.</span> <span class='ocrx_word' id='word_1_219' title='bbox 584 2550 644 2603; x_wconf 77' lang='lat' dir='ltr'>El</span> <span class='ocrx_word' id='word_1_220' title='bbox 674 2549 731 2603; x_wconf 83' lang='grc' dir='ltr'>δὲ</span> <span class='ocrx_word' id='word_1_221' title='bbox 760 2548 835 2620; x_wconf 80' lang='grc' dir='ltr'>μὴ</span> <span class='ocrx_word' id='word_1_222' title='bbox 866 2545 1069 2608; x_wconf 80' lang='grc' dir='ltr'>εὐθέως</span> <span class='ocrx_word' id='word_1_223' title='bbox 1101 2545 1163 2600; x_wconf 77' lang='grc' dir='ltr'>τὸ</span> <span class='ocrx_word' id='word_1_224' title='bbox 1197 2546 1305 2600; x_wconf 79' lang='grc' dir='ltr'>πᾶν</span> <span class='ocrx_word' id='word_1_225' title='bbox 1345 2547 1620 2619; x_wconf 87' lang='grc' dir='ltr'>ἐνενόησε,</span> <span class='ocrx_word' id='word_1_226' title='bbox 1653 2548 1730 2619; x_wconf 83' lang='grc' dir='ltr'>μὴ</span> <span class='ocrx_word' id='word_1_227' title='bbox 1761 2548 1978 2620; x_wconf 82' lang='grc' dir='ltr'>θαυμά-</span> 
     </span>
    </p>
   </div>
   <div class='ocr_carea' id='block_1_30' title="bbox 390 2624 1975 2704">
    <p class='ocr_par' dir='ltr' id='par_1_30' title="bbox 390 2624 1975 2704">
     <span class='ocr_line' id='line_1_30' title="bbox 390 2624 1975 2704; baseline -0.006 -19"><span class='ocrx_word' id='word_1_228' title='bbox 390 2647 511 2704; x_wconf 74' lang='grc' dir='ltr'>σῃς·</span> <span class='ocrx_word' id='word_1_229' title='bbox 541 2627 793 2699; x_wconf 78' lang='grc' dir='ltr'>οὐδὲγὰρ</span> <span class='ocrx_word' id='word_1_230' title='bbox 843 2627 873 2680; x_wconf 87' lang='grc' dir='ltr'>ό</span> <span class='ocrx_word' id='word_1_231' title='bbox 919 2624 1247 2698; x_wconf 79' lang='grc' dir='ltr'>Νικόδημος.</span> <span class='ocrx_word' id='word_1_232' title='bbox 1298 2625 1364 2678; x_wconf 89' lang='grc' dir='ltr'>Τί</span> <span class='ocrx_word' id='word_1_233' title='bbox 1408 2625 1518 2698; x_wconf 87' lang='lat'>7&amp;9</span> <span class='ocrx_word' id='word_1_234' title='bbox 1564 2625 1772 2691; x_wconf 87' lang='grc' dir='ltr'>ἐκεῖνός</span> <span class='ocrx_word' id='word_1_235' title='bbox 1806 2645 1975 2698; x_wconf 83' lang='grc' dir='ltr'>φησι;</span> 
     </span>
    </p>
   </div>
   <div class='ocr_carea' id='block_1_31' title="bbox 388 2704 1981 2775">
    <p class='ocr_par' dir='ltr' id='par_1_31' title="bbox 388 2704 1981 2775">
     <span class='ocr_line' id='line_1_31' title="bbox 388 2704 1981 2775; baseline -0.002 -10"><span class='ocrx_word' id='word_1_236' title='bbox 388 2710 524 2775; x_wconf 85' lang='grc' dir='ltr'>Πῶς</span> <span class='ocrx_word' id='word_1_237' title='bbox 565 2707 814 2762; x_wconf 73' lang='grc' dir='ltr'>δύναται</span> <span class='ocrx_word' id='word_1_238' title='bbox 851 2704 1039 2760; x_wconf 84' lang='grc' dir='ltr'>ταῦτα</span> <span class='ocrx_word' id='word_1_239' title='bbox 1092 2705 1409 2774; x_wconf 74' lang='grc' dir='ltr'>γενέσθιιι;</span> <span class='ocrx_word' id='word_1_240' title='bbox 1458 2704 1552 2759; x_wconf 75' lang='grc' dir='ltr'>καὶ</span> <span class='ocrx_word' id='word_1_241' title='bbox 1604 2706 1787 2761; x_wconf 85' lang='grc' dir='ltr'>πάλιν·</span> <span class='ocrx_word' id='word_1_242' title='bbox 1846 2706 1981 2774; x_wconf 82' lang='grc' dir='ltr'>Πῶς</span> 
     </span>
    </p>
   </div>
   <div class='ocr_carea' id='block_1_32' title="bbox 390 2783 1981 2853">
    <p class='ocr_par' dir='ltr' id='par_1_32' title="bbox 390 2783 1981 2853">
     <span class='ocr_line' id='line_1_32' title="bbox 390 2783 1981 2853; baseline -0.001 -11"><span class='ocrx_word' id='word_1_243' title='bbox 390 2789 642 2842; x_wconf 79' lang='grc' dir='ltr'>δύναται</span> <span class='ocrx_word' id='word_1_244' title='bbox 689 2785 1001 2852; x_wconf 78' lang='grc' dir='ltr'>ἄνθρωπος</span> <span class='ocrx_word' id='word_1_245' title='bbox 1049 2783 1413 2852; x_wconf 72' lang='grc' dir='ltr'>γεννηθῆναι</span> <span class='ocrx_word' id='word_1_246' title='bbox 1478 2784 1663 2853; x_wconf 76' lang='grc' dir='ltr'>γέρων</span> <span class='ocrx_word' id='word_1_247' title='bbox 1717 2785 1830 2839; x_wconf 78' lang='grc' dir='ltr'>ὢν·</span> <span class='ocrx_word' id='word_1_248' title='bbox 1886 2786 1981 2840; x_wconf 76' lang='grc' dir='ltr'>καὶ</span> 
     </span>
    </p>
   </div>
   <div class='ocr_carea' id='block_1_33' title="bbox 391 2860 1982 2931">
    <p class='ocr_par' dir='ltr' id='par_1_33' title="bbox 391 2860 1982 2931">
     <span class='ocr_line' id='line_1_33' title="bbox 391 2860 1982 2931; baseline -0.003 -11"><span class='ocrx_word' id='word_1_249' title='bbox 391 2865 576 2920; x_wconf 86' lang='grc' dir='ltr'>πάλιν·</span> <span class='ocrx_word' id='word_1_250' title='bbox 615 2862 712 2931; x_wconf 78' lang='grc' dir='ltr'>Μὴ</span> <span class='ocrx_word' id='word_1_251' title='bbox 756 2860 1006 2916; x_wconf 82' lang='grc' dir='ltr'>δύναται</span> <span class='ocrx_word' id='word_1_252' title='bbox 1036 2864 1124 2928; x_wconf 77' lang='grc' dir='ltr'>είς</span> <span class='ocrx_word' id='word_1_253' title='bbox 1178 2860 1289 2928; x_wconf 78' lang='grc' dir='ltr'>τὴν</span> <span class='ocrx_word' id='word_1_254' title='bbox 1322 2863 1559 2916; x_wconf 74' lang='grc' dir='ltr'>κοιλίαν</span> <span class='ocrx_word' id='word_1_255' title='bbox 1601 2861 1714 2928; x_wconf 83' lang='grc' dir='ltr'>τῆς</span> <span class='ocrx_word' id='word_1_256' title='bbox 1754 2862 1982 2931; x_wconf 78' lang='grc' dir='ltr'>μητρὸς</span> 
     </span>
    </p>
   </div>
   <div class='ocr_carea' id='block_1_34' title="bbox 391 2937 1981 3010">
    <p class='ocr_par' dir='ltr' id='par_1_34' title="bbox 391 2937 1981 3010">
     <span class='ocr_line' id='line_1_34' title="bbox 391 2937 1981 3010; baseline -0.005 -11"><span class='ocrx_word' id='word_1_257' title='bbox 391 2942 581 2999; x_wconf 79' lang='grc' dir='ltr'>αὐτοῦ</span> <span class='ocrx_word' id='word_1_258' title='bbox 605 2941 889 3010; x_wconf 78' lang='grc' dir='ltr'>δεύτερον</span> <span class='ocrx_word' id='word_1_259' title='bbox 914 2938 1217 2993; x_wconf 64' lang='lat'>8103.10871-</span> <span class='ocrx_word' id='word_1_260' title='bbox 1247 2939 1345 2992; x_wconf 77' lang='grc' dir='ltr'>καὶ</span> <span class='ocrx_word' id='word_1_261' title='bbox 1378 2937 1782 3009; x_wconf 75' lang='grc' dir='ltr'>τεννηθῆναι;</span> <span class='ocrx_word' id='word_1_262' title='bbox 1829 2938 1981 3010; x_wconf 76' lang='grc' dir='ltr'>Αὕτη</span> 
     </span>
    </p>
   </div>
   <div class='ocr_carea' id='block_1_35' title="bbox 391 3017 1980 3094">
    <p class='ocr_par' dir='ltr' id='par_1_35' title="bbox 391 3017 1980 3094">
     <span class='ocr_line' id='line_1_35' title="bbox 391 3017 1980 3094; baseline -0.003 -16"><span class='ocrx_word' id='word_1_263' title='bbox 391 3024 450 3077; x_wconf 83' lang='grc' dir='ltr'>δὲ</span> <span class='ocrx_word' id='word_1_264' title='bbox 473 3021 914 3094; x_wconf 82' lang='grc' dir='ltr'>αἰδεσιμώτερον·</span> <span class='ocrx_word' id='word_1_265' title='bbox 948 3019 1147 3086; x_wconf 85' lang='grc' dir='ltr'>Κύριε,</span> <span class='ocrx_word' id='word_1_266' title='bbox 1179 3018 1321 3071; x_wconf 84' lang='grc' dir='ltr'>οὔτε</span> <span class='ocrx_word' id='word_1_267' title='bbox 1342 3017 1630 3094; x_wconf 58' lang='lat' dir='ltr'>ﬁrm/truta</span> <span class='ocrx_word' id='word_1_268' title='bbox 1663 3018 1844 3087; x_wconf 77' lang='grc' dir='ltr'>ἔχεις,</span> <span class='ocrx_word' id='word_1_269' title='bbox 1881 3020 1980 3073; x_wconf 79' lang='grc' dir='ltr'>καί</span> 
     </span>
    </p>
   </div>
   <div class='ocr_carea' id='block_1_36' title="bbox 392 3092 1982 3172">
    <p class='ocr_par' dir='ltr' id='par_1_36' title="bbox 392 3092 1982 3172">
     <span class='ocr_line' id='line_1_36' title="bbox 392 3092 1982 3172; baseline -0.004 -14"><span class='ocrx_word' id='word_1_270' title='bbox 392 3104 462 3158; x_wconf 80' lang='grc' dir='ltr'>τὸ</span> <span class='ocrx_word' id='word_1_271' title='bbox 489 3092 676 3172; x_wconf 68' lang='grc' dir='ltr'>φρέαρ</span> <span class='ocrx_word' id='word_1_272' title='bbox 699 3100 832 3154; x_wconf 76' lang='grc' dir='ltr'>ἐστὶ</span> <span class='ocrx_word' id='word_1_273' title='bbox 865 3098 1048 3162; x_wconf 77' lang='grc' dir='ltr'>βαθύ·</span> <span class='ocrx_word' id='word_1_274' title='bbox 1082 3097 1270 3149; x_wconf 79' lang='grc' dir='ltr'>πόθεν</span> <span class='ocrx_word' id='word_1_275' title='bbox 1295 3092 1410 3151; x_wconf 81' lang='grc' dir='ltr'>οὖν</span> <span class='ocrx_word' id='word_1_276' title='bbox 1437 3095 1600 3165; x_wconf 77' lang='grc' dir='ltr'>ἔχεις</span> <span class='ocrx_word' id='word_1_277' title='bbox 1629 3098 1693 3150; x_wconf 84' lang='grc' dir='ltr'>τὸ</span> <span class='ocrx_word' id='word_1_278' title='bbox 1724 3096 1881 3165; x_wconf 84' lang='grc' dir='ltr'>ὕδωρ</span> <span class='ocrx_word' id='word_1_279' title='bbox 1913 3098 1982 3152; x_wconf 86' lang='grc' dir='ltr'>τὸ</span> 
     </span>
    </p>
   </div>
   <div class='ocr_carea' id='block_1_37' title="bbox 396 3173 1982 3249">
    <p class='ocr_par' dir='ltr' id='par_1_37' title="bbox 396 3173 1982 3249">
     <span class='ocr_line' id='line_1_37' title="bbox 396 3173 1982 3249; baseline -0.003 -15"><span class='ocrx_word' id='word_1_280' title='bbox 396 3180 545 3243; x_wconf 71' lang='grc' dir='ltr'>ξῶνς</span> <span class='ocrx_word' id='word_1_281' title='bbox 579 3178 742 3232; x_wconf 81' lang='grc' dir='ltr'>’Δλλο</span> <span class='ocrx_word' id='word_1_282' title='bbox 778 3175 917 3249; x_wconf 78' lang='grc' dir='ltr'>πρὸς</span> <span class='ocrx_word' id='word_1_283' title='bbox 961 3174 1131 3245; x_wconf 80' lang='grc' dir='ltr'>αὑτὴν</span> <span class='ocrx_word' id='word_1_284' title='bbox 1171 3173 1379 3244; x_wconf 73' lang='grc' dir='ltr'>ἔλεγεν,</span> <span class='ocrx_word' id='word_1_285' title='bbox 1412 3174 1541 3229; x_wconf 87' lang='grc' dir='ltr'>άλλο</span> <span class='ocrx_word' id='word_1_286' title='bbox 1568 3174 1624 3227; x_wconf 86' lang='grc' dir='ltr'>δὲ</span> <span class='ocrx_word' id='word_1_287' title='bbox 1658 3174 1982 3229; x_wconf 79' lang='grc' dir='ltr'>ὑπώπτευεν</span> 
     </span>
    </p>
   </div>
   <div class='ocr_carea' id='block_1_38' title="bbox 396 3253 1983 3329">
    <p class='ocr_par' dir='ltr' id='par_1_38' title="bbox 396 3253 1983 3329">
     <span class='ocr_line' id='line_1_38' title="bbox 396 3253 1983 3329; baseline -0.003 -16"><span class='ocrx_word' id='word_1_288' title='bbox 396 3258 603 3329; x_wconf 87' lang='grc' dir='ltr'>ἐκείνη,</span> <span class='ocrx_word' id='word_1_289' title='bbox 650 3256 801 3311; x_wconf 77' lang='grc' dir='ltr'>οὐδὲν</span> <span class='ocrx_word' id='word_1_290' title='bbox 844 3253 1007 3308; x_wconf 82' lang='grc' dir='ltr'>πλέον</span> <span class='ocrx_word' id='word_1_291' title='bbox 1058 3253 1331 3307; x_wconf 81' lang='grc' dir='ltr'>ἀκούουσα</span> <span class='ocrx_word' id='word_1_292' title='bbox 1374 3253 1482 3308; x_wconf 88' lang='grc' dir='ltr'>τῶν</span> <span class='ocrx_word' id='word_1_293' title='bbox 1529 3253 1813 3326; x_wconf 78' lang='grc' dir='ltr'>ῥημάτων,</span> <span class='ocrx_word' id='word_1_294' title='bbox 1862 3255 1983 3309; x_wconf 78' lang='grc' dir='ltr'>οὐδὲ</span> 
     </span>
    </p>
   </div>
   <div class='ocr_carea' id='block_1_39' title="bbox 395 3331 1983 3406">
    <p class='ocr_par' dir='ltr' id='par_1_39' title="bbox 395 3331 1983 3406">
     <span class='ocr_line' id='line_1_39' title="bbox 395 3331 1983 3406; baseline -0.006 -13"><span class='ocrx_word' id='word_1_295' title='bbox 395 3338 647 3406; x_wconf 79' lang='grc' dir='ltr'>ἐννοῆσαι</span> <span class='ocrx_word' id='word_1_296' title='bbox 690 3335 828 3399; x_wconf 86' lang='grc' dir='ltr'>τέως</span> <span class='ocrx_word' id='word_1_297' title='bbox 858 3351 911 3388; x_wconf 85' lang='grc' dir='ltr'>τι</span> <span class='ocrx_word' id='word_1_298' title='bbox 948 3331 1151 3402; x_wconf 75' lang='grc' dir='ltr'>ὑψηλὸν</span> <span class='ocrx_word' id='word_1_299' title='bbox 1185 3332 1483 3404; x_wconf 79' lang='grc' dir='ltr'>δυναμένη,</span> <span class='ocrx_word' id='word_1_300' title='bbox 1529 3332 1705 3387; x_wconf 89' lang='grc' dir='ltr'>καίτοι</span> <span class='ocrx_word' id='word_1_301' title='bbox 1758 3333 1822 3401; x_wconf 85' lang='grc' dir='ltr'>γε</span> <span class='ocrx_word' id='word_1_302' title='bbox 1853 3331 1983 3402; x_wconf 81' lang='grc' dir='ltr'>ἐνῆν</span> 
     </span>
    </p>
   </div>
   <div class='ocr_carea' id='block_1_40' title="bbox 395 3407 1984 3487">
    <p class='ocr_par' dir='ltr' id='par_1_40' title="bbox 395 3407 1984 3487">
     <span class='ocr_line' id='line_1_40' title="bbox 395 3407 1984 3487; baseline -0.004 -18"><span class='ocrx_word' id='word_1_303' title='bbox 395 3419 570 3471; x_wconf 75' lang='grc' dir='ltr'>εἰπεῖν</span> <span class='ocrx_word' id='word_1_304' title='bbox 599 3412 890 3487; x_wconf 85' lang='grc' dir='ltr'>προπετῶς</span> <span class='ocrx_word' id='word_1_305' title='bbox 924 3411 1324 3482; x_wconf 81' lang='grc' dir='ltr'>φθεγγομένην,</span> <span class='ocrx_word' id='word_1_306' title='bbox 1348 3413 1431 3465; x_wconf 83' lang='grc' dir='ltr'>ὅτι</span> <span class='ocrx_word' id='word_1_307' title='bbox 1471 3412 1519 3464; x_wconf 88' lang='grc' dir='ltr'>εί</span> <span class='ocrx_word' id='word_1_308' title='bbox 1557 3407 1704 3482; x_wconf 69' lang='grc' dir='ltr'>εἶχες</span> <span class='ocrx_word' id='word_1_309' title='bbox 1740 3410 1803 3464; x_wconf 83' lang='grc' dir='ltr'>τὺ</span> <span class='ocrx_word' id='word_1_310' title='bbox 1840 3410 1984 3483; x_wconf 80' lang='grc' dir='ltr'>ὕδωρ</span> 
     </span>
    </p>
   </div>
   <div class='ocr_carea' id='block_1_41' title="bbox 394 3488 1987 3563">
    <p class='ocr_par' dir='ltr' id='par_1_41' title="bbox 394 3488 1987 3563">
     <span class='ocr_line' id='line_1_41' title="bbox 394 3488 1987 3563; baseline -0.004 -12"><span class='ocrx_word' id='word_1_311' title='bbox 394 3496 459 3551; x_wconf 80' lang='grc' dir='ltr'>τὸ</span> <span class='ocrx_word' id='word_1_312' title='bbox 500 3494 629 3562; x_wconf 79' lang='grc' dir='ltr'>ζῶν,</span> <span class='ocrx_word' id='word_1_313' title='bbox 656 3495 756 3548; x_wconf 89' lang='grc' dir='ltr'>οὑκ</span> <span class='ocrx_word' id='word_1_314' title='bbox 790 3492 856 3547; x_wconf 82' lang='grc' dir='ltr'>ἀν</span> <span class='ocrx_word' id='word_1_315' title='bbox 878 3490 1090 3563; x_wconf 74' lang='grc' dir='ltr'>ᾔτησας</span> <span class='ocrx_word' id='word_1_316' title='bbox 1125 3490 1255 3561; x_wconf 83' lang='grc' dir='ltr'>παρ’</span> <span class='ocrx_word' id='word_1_317' title='bbox 1284 3488 1441 3561; x_wconf 92' lang='grc' dir='ltr'>ἐμοῦ,</span> <span class='ocrx_word' id='word_1_318' title='bbox 1470 3489 1605 3545; x_wconf 88' lang='grc' dir='ltr'>ἀλλά</span> <span class='ocrx_word' id='word_1_319' title='bbox 1632 3491 1816 3563; x_wconf 88' lang='grc' dir='ltr'>σαυτῷ</span> <span class='ocrx_word' id='word_1_320' title='bbox 1846 3509 1987 3562; x_wconf 80' lang='grc' dir='ltr'>παρ-</span> 
     </span>
    </p>
   </div>
   <div class='ocr_carea' id='block_1_42' title="bbox 397 3567 1985 3646">
    <p class='ocr_par' dir='ltr' id='par_1_42' title="bbox 397 3567 1985 3646">
     <span class='ocr_line' id='line_1_42' title="bbox 397 3567 1985 3646; baseline -0.003 -17"><span class='ocrx_word' id='word_1_321' title='bbox 397 3575 552 3644; x_wconf 84' lang='grc' dir='ltr'>έσχες</span> <span class='ocrx_word' id='word_1_322' title='bbox 590 3571 658 3627; x_wconf 82' lang='grc' dir='ltr'>ἂν</span> <span class='ocrx_word' id='word_1_323' title='bbox 698 3568 972 3646; x_wconf 62' lang='grc' dir='ltr'>προτέραν</span> <span class='ocrx_word' id='word_1_324' title='bbox 1013 3568 1109 3622; x_wconf 89' lang='grc' dir='ltr'>νῦν</span> <span class='ocrx_word' id='word_1_325' title='bbox 1158 3568 1216 3620; x_wconf 81' lang='grc' dir='ltr'>δέ</span> <span class='ocrx_word' id='word_1_326' title='bbox 1268 3567 1594 3639; x_wconf 81' lang='grc' dir='ltr'>κομπάζεις.</span> <span class='ocrx_word' id='word_1_327' title='bbox 1640 3570 1780 3622; x_wconf 81' lang='grc' dir='ltr'>Ἀλλ’</span> <span class='ocrx_word' id='word_1_328' title='bbox 1831 3571 1985 3625; x_wconf 81' lang='grc' dir='ltr'>οὐδὲν</span> 
     </span>
    </p>
   </div>
   <div class='ocr_carea' id='block_1_43' title="bbox 395 3648 1961 3719">
    <p class='ocr_par' dir='ltr' id='par_1_43' title="bbox 395 3648 1961 3719">
     <span class='ocr_line' id='line_1_43' title="bbox 395 3648 1961 3719; baseline -0.003 -13"><span class='ocrx_word' id='word_1_329' title='bbox 395 3652 599 3706; x_wconf 78' lang='grc' dir='ltr'>τούτων</span> <span class='ocrx_word' id='word_1_330' title='bbox 625 3649 797 3715; x_wconf 79' lang='grc' dir='ltr'>εἶπεν,</span> <span class='ocrx_word' id='word_1_331' title='bbox 823 3649 959 3704; x_wconf 88' lang='grc' dir='ltr'>ἀλλά</span> <span class='ocrx_word' id='word_1_332' title='bbox 999 3649 1114 3719; x_wconf 78' lang='grc' dir='ltr'>μετ’</span> <span class='ocrx_word' id='word_1_333' title='bbox 1141 3649 1443 3713; x_wconf 77' lang='grc' dir='ltr'>ἐπιεικείας</span> <span class='ocrx_word' id='word_1_334' title='bbox 1470 3648 1829 3719; x_wconf 76' lang='grc' dir='ltr'>ἀποκρίνεται</span> <span class='ocrx_word' id='word_1_335' title='bbox 1861 3650 1961 3703; x_wconf 85' lang='grc' dir='ltr'>πολ</span> 
     </span>
    </p>
   </div>
   <div class='ocr_carea' id='block_1_44' title="bbox 395 3725 1983 3801">
    <p class='ocr_par' dir='ltr' id='par_1_44' title="bbox 395 3725 1983 3801">
     <span class='ocr_line' id='line_1_44' title="bbox 395 3725 1983 3801; baseline 0.014 -24"><span class='ocrx_word' id='word_1_336' title='bbox 395 3730 518 3801; x_wconf 82' lang='grc' dir='ltr'>λῆς,</span> <span class='ocrx_word' id='word_1_337' title='bbox 548 3731 643 3784; x_wconf 72' lang='grc' dir='ltr'>καὶ</span> <span class='ocrx_word' id='word_1_338' title='bbox 681 3730 740 3782; x_wconf 80' lang='grc' dir='ltr'>ἐν</span> <span class='ocrx_word' id='word_1_339' title='bbox 771 3730 912 3800; x_wconf 75' lang='grc' dir='ltr'>ἀρχῇ</span> <span class='ocrx_word' id='word_1_340' title='bbox 953 3728 1049 3782; x_wconf 78' lang='grc' dir='ltr'>καὶ</span> <span class='ocrx_word' id='word_1_341' title='bbox 1088 3728 1226 3794; x_wconf 87' lang='grc' dir='ltr'>μετά</span> <span class='ocrx_word' id='word_1_342' title='bbox 1251 3728 1447 3781; x_wconf 79' lang='grc' dir='ltr'>ταῦτα.</span> <span class='ocrx_word' id='word_1_343' title='bbox 1482 3725 1589 3779; x_wconf 75' lang='grc' dir='ltr'>Καὶ</span> <span class='ocrx_word' id='word_1_344' title='bbox 1619 3727 1725 3797; x_wconf 79' lang='grc' dir='ltr'>γὰρ</span> <span class='ocrx_word' id='word_1_345' title='bbox 1753 3729 1811 3781; x_wconf 59' lang='grc' dir='ltr'>ἐν</span> <span class='ocrx_word' id='word_1_346' title='bbox 1840 3729 1983 3799; x_wconf 75' lang='grc' dir='ltr'>ἀρχῇ</span> 
     </span>
    </p>
   </div>
   <div class='ocr_carea' id='block_1_45' title="bbox 399 3803 1985 3881">
    <p class='ocr_par' dir='ltr' id='par_1_45' title="bbox 399 3803 1985 3881">
     <span class='ocr_line' id='line_1_45' title="bbox 399 3803 1985 3881; baseline 0 -19"><span class='ocrx_word' id='word_1_347' title='bbox 399 3826 553 3881; x_wconf 84' lang='grc' dir='ltr'>φησι·</span> <span class='ocrx_word' id='word_1_348' title='bbox 609 3808 743 3875; x_wconf 85' lang='grc' dir='ltr'>Πῶς</span> <span class='ocrx_word' id='word_1_349' title='bbox 793 3808 877 3862; x_wconf 85' lang='grc' dir='ltr'>σὺ</span> <span class='ocrx_word' id='word_1_350' title='bbox 925 3805 1216 3872; x_wconf 79' lang='grc' dir='ltr'>Ἰουδαῖος</span> <span class='ocrx_word' id='word_1_351' title='bbox 1266 3805 1353 3859; x_wconf 79' lang='grc' dir='ltr'>ὢν</span> <span class='ocrx_word' id='word_1_352' title='bbox 1397 3803 1582 3870; x_wconf 83' lang='grc' dir='ltr'>αίτεῖς</span> <span class='ocrx_word' id='word_1_353' title='bbox 1644 3809 1782 3873; x_wconf 80' lang='grc' dir='ltr'>παρ’</span> <span class='ocrx_word' id='word_1_354' title='bbox 1837 3808 1985 3875; x_wconf 69' lang='grc' dir='ltr'>ἐμοῦ</span> 
     </span>
    </p>
   </div>
   <div class='ocr_carea' id='block_1_46' title="bbox 397 3883 1986 3959">
    <p class='ocr_par' dir='ltr' id='par_1_46' title="bbox 397 3883 1986 3959">
     <span class='ocr_line' id='line_1_46' title="bbox 397 3883 1986 3959; baseline -0.003 -14"><span class='ocrx_word' id='word_1_355' title='bbox 397 3890 581 3955; x_wconf 72' lang='grc' dir='ltr'>πιεῖν;</span> <span class='ocrx_word' id='word_1_356' title='bbox 604 3889 714 3944; x_wconf 77' lang='grc' dir='ltr'>Καὶ</span> <span class='ocrx_word' id='word_1_357' title='bbox 733 3888 833 3942; x_wconf 88' lang='grc' dir='ltr'>οὑκ</span> <span class='ocrx_word' id='word_1_358' title='bbox 857 3883 1030 3952; x_wconf 74' lang='grc' dir='ltr'>εἶπεν,</span> <span class='ocrx_word' id='word_1_359' title='bbox 1056 3887 1152 3940; x_wconf 78' lang='grc' dir='ltr'>ἅτε</span> <span class='ocrx_word' id='word_1_360' title='bbox 1174 3885 1313 3956; x_wconf 75' lang='grc' dir='ltr'>πρὸς</span> <span class='ocrx_word' id='word_1_361' title='bbox 1340 3884 1656 3954; x_wconf 78' lang='grc' dir='ltr'>ἀλλόφυλον,</span> <span class='ocrx_word' id='word_1_362' title='bbox 1678 3886 1774 3940; x_wconf 75' lang='grc' dir='ltr'>καὶ</span> <span class='ocrx_word' id='word_1_363' title='bbox 1794 3886 1986 3959; x_wconf 77' lang='grc' dir='ltr'>ἐχθρὸν</span> 
     </span>
    </p>
   </div>
   <div class='ocr_carea' id='block_1_47' title="bbox 395 3964 1987 4041">
    <p class='ocr_par' dir='ltr' id='par_1_47' title="bbox 395 3964 1987 4041">
     <span class='ocr_line' id='line_1_47' title="bbox 395 3964 1987 4041; baseline -0.004 -17"><span class='ocrx_word' id='word_1_364' title='bbox 395 3968 775 4041; x_wconf 81' lang='grc' dir='ltr'>διαλεγομένη’</span> <span class='ocrx_word' id='word_1_365' title='bbox 809 3966 895 4038; x_wconf 78' lang='grc' dir='ltr'>Μή</span> <span class='ocrx_word' id='word_1_366' title='bbox 939 3983 1029 4037; x_wconf 91' lang='grc' dir='ltr'>μοι</span> <span class='ocrx_word' id='word_1_367' title='bbox 1061 3964 1273 4034; x_wconf 87' lang='grc' dir='ltr'>γένοιτό</span> <span class='ocrx_word' id='word_1_368' title='bbox 1300 3982 1383 4019; x_wconf 90' lang='grc' dir='ltr'>σοι</span> <span class='ocrx_word' id='word_1_369' title='bbox 1423 3964 1746 4036; x_wconf 80' lang='grc' dir='ltr'>μεταδοῦναι</span> <span class='ocrx_word' id='word_1_370' title='bbox 1776 3964 1987 4038; x_wconf 72' lang='grc' dir='ltr'>ἀνθρώ.</span> 
     </span>
    </p>
   </div>
   <div class='ocr_carea' id='block_1_48' title="bbox 398 4048 2015 4124">
    <p class='ocr_par' dir='ltr' id='par_1_48' title="bbox 398 4048 2015 4124">
     <span class='ocr_line' id='line_1_48' title="bbox 398 4048 2015 4124; baseline -0.007 -17"><span class='ocrx_word' id='word_1_371' title='bbox 398 4070 487 4123; x_wconf 80' lang='grc' dir='ltr'>πῳ</span> <span class='ocrx_word' id='word_1_372' title='bbox 538 4052 785 4124; x_wconf 81' lang='grc' dir='ltr'>πολεμίῳ</span> <span class='ocrx_word' id='word_1_373' title='bbox 830 4050 926 4104; x_wconf 79' lang='grc' dir='ltr'>καὶ</span> <span class='ocrx_word' id='word_1_374' title='bbox 964 4049 1060 4103; x_wconf 84' lang='grc' dir='ltr'>τοῦ</span> <span class='ocrx_word' id='word_1_375' title='bbox 1106 4048 1293 4113; x_wconf 76' lang='grc' dir='ltr'>ἔθνους</span> <span class='ocrx_word' id='word_1_376' title='bbox 1338 4048 1495 4119; x_wconf 78' lang='grc' dir='ltr'>ἡμῶν</span> <span class='ocrx_word' id='word_1_377' title='bbox 1542 4048 2015 4122; x_wconf 79' lang='grc' dir='ltr'>ήλλοτριωμένῳ..</span> 
     </span>
    </p>
   </div>
   <div class='ocr_carea' id='block_1_49' title="bbox 395 4130 1982 4205">
    <p class='ocr_par' dir='ltr' id='par_1_49' title="bbox 395 4130 1982 4205">
     <span class='ocr_line' id='line_1_49' title="bbox 395 4130 1982 4205; baseline -0.003 -15"><span class='ocrx_word' id='word_1_378' title='bbox 395 4137 509 4190; x_wconf 61' lang='grc' dir='ltr'>Καὶ⁵</span> <span class='ocrx_word' id='word_1_379' title='bbox 544 4135 681 4205; x_wconf 82' lang='grc' dir='ltr'>μετὰ</span> <span class='ocrx_word' id='word_1_380' title='bbox 722 4131 895 4189; x_wconf 90' lang='grc' dir='ltr'>ταῦτα</span> <span class='ocrx_word' id='word_1_381' title='bbox 941 4133 1104 4187; x_wconf 89' lang='grc' dir='ltr'>πάλιν</span> <span class='ocrx_word' id='word_1_382' title='bbox 1132 4130 1419 4186; x_wconf 87' lang='grc' dir='ltr'>ἀκούσασα</span> <span class='ocrx_word' id='word_1_383' title='bbox 1465 4130 1680 4203; x_wconf 88' lang='grc' dir='ltr'>μεγάλα</span> <span class='ocrx_word' id='word_1_384' title='bbox 1711 4130 1982 4199; x_wconf 72' lang='grc' dir='ltr'>λέγοντος,</span> 
     </span>
    </p>
   </div>
   <div class='ocr_carea' id='block_1_50' title="bbox 396 4212 1980 4289">
    <p class='ocr_par' dir='ltr' id='par_1_50' title="bbox 396 4212 1980 4289">
     <span class='ocr_line' id='line_1_50' title="bbox 396 4212 1980 4289; baseline -0.002 -16"><span class='ocrx_word' id='word_1_385' title='bbox 396 4221 485 4289; x_wconf 79' lang='grc' dir='ltr'>ἐφ’</span> <span class='ocrx_word' id='word_1_386' title='bbox 513 4212 558 4288; x_wconf 80' lang='grc' dir='ltr'><strong>ᾧ</strong></span> <span class='ocrx_word' id='word_1_387' title='bbox 586 4218 822 4289; x_wconf 87' lang='grc' dir='ltr'>μάλιστα</span> <span class='ocrx_word' id='word_1_388' title='bbox 847 4217 1133 4272; x_wconf 75' lang='grc' dir='ltr'>δάκνονται</span> <span class='ocrx_word' id='word_1_389' title='bbox 1170 4218 1218 4269; x_wconf 90' lang='grc' dir='ltr'>οί</span> <span class='ocrx_word' id='word_1_390' title='bbox 1257 4215 1462 4287; x_wconf 77' lang='grc' dir='ltr'>ἐχθροὶ,</span> <span class='ocrx_word' id='word_1_391' title='bbox 1493 4217 1556 4270; x_wconf 87' lang='grc' dir='ltr'>ού</span> <span class='ocrx_word' id='word_1_392' title='bbox 1593 4217 1980 4287; x_wconf 80' lang='grc' dir='ltr'>κατεγέλασεν,</span> 
     </span>
    </p>
   </div>
   <div class='ocr_carea' id='block_1_51' title="bbox 395 4297 1983 4373">
    <p class='ocr_par' dir='ltr' id='par_1_51' title="bbox 395 4297 1983 4373">
     <span class='ocr_line' id='line_1_51' title="bbox 395 4297 1983 4373; baseline -0.001 -16"><span class='ocrx_word' id='word_1_393' title='bbox 395 4302 520 4357; x_wconf 78' lang='grc' dir='ltr'>οὐδὲ</span> <span class='ocrx_word' id='word_1_394' title='bbox 548 4302 816 4373; x_wconf 77' lang='grc' dir='ltr'>διέσυρενο</span> <span class='ocrx_word' id='word_1_395' title='bbox 854 4299 991 4355; x_wconf 86' lang='grc' dir='ltr'>ἀλλά</span> <span class='ocrx_word' id='word_1_396' title='bbox 1019 4300 1070 4354; x_wconf 88' lang='grc' dir='ltr'>τί</span> <span class='ocrx_word' id='word_1_397' title='bbox 1103 4315 1267 4368; x_wconf 87' lang='grc' dir='ltr'>φησι;</span> <span class='ocrx_word' id='word_1_398' title='bbox 1310 4298 1405 4366; x_wconf 82' lang='grc' dir='ltr'>Μὴ</span> <span class='ocrx_word' id='word_1_399' title='bbox 1439 4299 1521 4354; x_wconf 83' lang='grc' dir='ltr'>σὺ</span> <span class='ocrx_word' id='word_1_400' title='bbox 1554 4298 1768 4366; x_wconf 81' lang='grc' dir='ltr'>μείζων</span> <span class='ocrx_word' id='word_1_401' title='bbox 1791 4297 1852 4355; x_wconf 77' lang='grc' dir='ltr'>εἷ</span> <span class='ocrx_word' id='word_1_402' title='bbox 1876 4301 1983 4357; x_wconf 86' lang='grc' dir='ltr'>τοῦ</span> 
     </span>
    </p>
   </div>
   <div class='ocr_carea' id='block_1_52' title="bbox 395 4378 1987 4454">
    <p class='ocr_par' dir='ltr' id='par_1_52' title="bbox 395 4378 1987 4454">
     <span class='ocr_line' id='line_1_52' title="bbox 395 4378 1987 4454; baseline -0.003 -16"><span class='ocrx_word' id='word_1_403' title='bbox 395 4383 622 4451; x_wconf 74' lang='grc' dir='ltr'>πατρὸς</span> <span class='ocrx_word' id='word_1_404' title='bbox 653 4382 825 4452; x_wconf 76' lang='grc' dir='ltr'>ἡμῶν</span> <span class='ocrx_word' id='word_1_405' title='bbox 857 4379 1086 4443; x_wconf 76' lang='grc' dir='ltr'>Ἰακὼϐ,</span> <span class='ocrx_word' id='word_1_406' title='bbox 1121 4381 1191 4446; x_wconf 78' lang='grc' dir='ltr'>ὃς</span> <span class='ocrx_word' id='word_1_407' title='bbox 1227 4378 1450 4435; x_wconf 72' lang='grc' dir='ltr'>ἔδωκεν</span> <span class='ocrx_word' id='word_1_408' title='bbox 1495 4379 1642 4447; x_wconf 79' lang='grc' dir='ltr'>ἡμῖν</span> <span class='ocrx_word' id='word_1_409' title='bbox 1685 4380 1755 4433; x_wconf 85' lang='grc' dir='ltr'>τὸ</span> <span class='ocrx_word' id='word_1_410' title='bbox 1800 4382 1987 4454; x_wconf 71' lang='grc' dir='ltr'>φρέαρ</span> 
     </span>
    </p>
   </div>
   <div class='ocr_carea' id='block_1_53' title="bbox 395 4457 1985 4525">
    <p class='ocr_par' dir='ltr' id='par_1_53' title="bbox 395 4457 1985 4525">
     <span class='ocr_line' id='line_1_53' title="bbox 395 4457 1985 4525; baseline -0.002 -7"><span class='ocrx_word' id='word_1_411' title='bbox 395 4462 595 4525; x_wconf 84' lang='grc' dir='ltr'>τοῦτο,</span> <span class='ocrx_word' id='word_1_412' title='bbox 625 4461 724 4514; x_wconf 75' lang='grc' dir='ltr'>καί</span> <span class='ocrx_word' id='word_1_413' title='bbox 752 4459 938 4525; x_wconf 73' lang='grc' dir='ltr'>αὐτὸς</span> <span class='ocrx_word' id='word_1_414' title='bbox 966 4458 1035 4523; x_wconf 75' lang='grc' dir='ltr'>ἐξ</span> <span class='ocrx_word' id='word_1_415' title='bbox 1064 4459 1251 4513; x_wconf 87' lang='grc' dir='ltr'>αὐτοῦ</span> <span class='ocrx_word' id='word_1_416' title='bbox 1290 4457 1444 4518; x_wconf 72' lang='grc' dir='ltr'>ἔπιε,</span> <span class='ocrx_word' id='word_1_417' title='bbox 1485 4459 1582 4512; x_wconf 78' lang='grc' dir='ltr'>καί</span> <span class='ocrx_word' id='word_1_418' title='bbox 1626 4460 1681 4510; x_wconf 87' lang='grc' dir='ltr'>οί</span> <span class='ocrx_word' id='word_1_419' title='bbox 1718 4461 1837 4515; x_wconf 68' lang='lat' dir='ltr'>vlo!</span> <span class='ocrx_word' id='word_1_420' title='bbox 1876 4465 1985 4516; x_wconf 86' lang='grc' dir='ltr'>αὺ-</span> 
     </span>
    </p>
   </div>
   <div class='ocr_carea' id='block_1_54' title="bbox 393 4536 1989 4611">
    <p class='ocr_par' dir='ltr' id='par_1_54' title="bbox 393 4536 1989 4611">
     <span class='ocr_line' id='line_1_54' title="bbox 393 4536 1989 4611; baseline 0.001 -17"><span class='ocrx_word' id='word_1_421' title='bbox 393 4542 523 4606; x_wconf 79' lang='grc' dir='ltr'>τοῦ,</span> <span class='ocrx_word' id='word_1_422' title='bbox 564 4541 663 4594; x_wconf 81' lang='grc' dir='ltr'>καί</span> <span class='ocrx_word' id='word_1_423' title='bbox 696 4540 771 4593; x_wconf 83' lang='grc' dir='ltr'>τὰ</span> <span class='ocrx_word' id='word_1_424' title='bbox 808 4536 1111 4606; x_wconf 80' lang='grc' dir='ltr'>θρέμματα</span> <span class='ocrx_word' id='word_1_425' title='bbox 1150 4537 1375 4599; x_wconf 73' lang='grc' dir='ltr'>αὐτοῦς</span> <span class='ocrx_word' id='word_1_426' title='bbox 1422 4539 1585 4611; x_wconf 77' lang='grc' dir='ltr'>Ὁρᾷς</span> <span class='ocrx_word' id='word_1_427' title='bbox 1615 4541 1734 4604; x_wconf 87' lang='grc' dir='ltr'>πῶς</span> <span class='ocrx_word' id='word_1_428' title='bbox 1771 4543 1989 4596; x_wconf 83' lang='grc' dir='ltr'>είσωθεῖ</span> 
     </span>
    </p>
   </div>
   <div class='ocr_carea' id='block_1_55' title="bbox 396 4615 1984 4688">
    <p class='ocr_par' dir='ltr' id='par_1_55' title="bbox 396 4615 1984 4688">
     <span class='ocr_line' id='line_1_55' title="bbox 396 4615 1984 4688; baseline 0.001 -17"><span class='ocrx_word' id='word_1_429' title='bbox 396 4620 598 4688; x_wconf 76' lang='grc' dir='ltr'>ἐιυτὴν</span> <span class='ocrx_word' id='word_1_430' title='bbox 628 4619 708 4680; x_wconf 88' lang='grc' dir='ltr'>είς</span> <span class='ocrx_word' id='word_1_431' title='bbox 735 4616 835 4688; x_wconf 81' lang='grc' dir='ltr'>τὴν</span> <span class='ocrx_word' id='word_1_432' title='bbox 864 4615 1142 4685; x_wconf 84' lang='grc' dir='ltr'>εὐγένειαν</span> <span class='ocrx_word' id='word_1_433' title='bbox 1168 4616 1268 4686; x_wconf 82' lang='grc' dir='ltr'>τὴν</span> <span class='ocrx_word' id='word_1_434' title='bbox 1297 4616 1619 4688; x_wconf 77' lang='grc' dir='ltr'>Ἰουδαῖκήνς</span> <span class='ocrx_word' id='word_1_435' title='bbox 1641 4622 1708 4672; x_wconf 90' lang='grc' dir='ltr'><strong>Ὃ</strong></span> <span class='ocrx_word' id='word_1_436' title='bbox 1731 4620 1788 4674; x_wconf 85' lang='grc' dir='ltr'>δὲ</span> <span class='ocrx_word' id='word_1_437' title='bbox 1815 4620 1984 4688; x_wconf 81' lang='grc' dir='ltr'>λέγει,</span> 
     </span>
    </p>
   </div>
   <div class='ocr_carea' id='block_1_56' title="bbox 394 4693 1983 4768">
    <p class='ocr_par' dir='ltr' id='par_1_56' title="bbox 394 4693 1983 4768">
     <span class='ocr_line' id='line_1_56' title="bbox 394 4693 1983 4768; baseline 0.002 -19"><span class='ocrx_word' id='word_1_438' title='bbox 394 4696 639 4749; x_wconf 86' lang='grc' dir='ltr'>τοιοῦτόν</span> <span class='ocrx_word' id='word_1_439' title='bbox 672 4697 841 4749; x_wconf 79' lang='grc' dir='ltr'>ἐστιν’</span> <span class='ocrx_word' id='word_1_440' title='bbox 882 4694 1124 4758; x_wconf 80' lang='grc' dir='ltr'>Ἐκεῖνος</span> <span class='ocrx_word' id='word_1_441' title='bbox 1173 4693 1349 4766; x_wconf 81' lang='grc' dir='ltr'>τούτῳ</span> <span class='ocrx_word' id='word_1_442' title='bbox 1394 4695 1661 4767; x_wconf 74' lang='grc' dir='ltr'>ἐκέχρητο</span> <span class='ocrx_word' id='word_1_443' title='bbox 1699 4695 1777 4768; x_wconf 86' lang='grc' dir='ltr'>τῷ</span> <span class='ocrx_word' id='word_1_444' title='bbox 1810 4697 1983 4763; x_wconf 83' lang='grc' dir='ltr'>ῦδατι,</span> 
     </span>
    </p>
   </div>
   <div class='ocr_carea' id='block_1_57' title="bbox 395 4771 1987 4844">
    <p class='ocr_par' dir='ltr' id='par_1_57' title="bbox 395 4771 1987 4844">
     <span class='ocr_line' id='line_1_57' title="bbox 395 4771 1987 4844; baseline 0.001 -15"><span class='ocrx_word' id='word_1_445' title='bbox 395 4776 490 4830; x_wconf 69' lang='grc' dir='ltr'>καὶ</span> <span class='ocrx_word' id='word_1_446' title='bbox 536 4774 699 4827; x_wconf 87' lang='grc' dir='ltr'>πλέον</span> <span class='ocrx_word' id='word_1_447' title='bbox 740 4772 900 4844; x_wconf 77' lang='grc' dir='ltr'>ἔσχεν</span> <span class='ocrx_word' id='word_1_448' title='bbox 946 4771 1098 4825; x_wconf 80' lang='grc' dir='ltr'>οὐδὲν</span> <span class='ocrx_word' id='word_1_449' title='bbox 1129 4772 1332 4825; x_wconf 85' lang='grc' dir='ltr'>δοῦναι.</span> <span class='ocrx_word' id='word_1_450' title='bbox 1375 4772 1560 4827; x_wconf 89' lang='grc' dir='ltr'>Ταῦτα</span> <span class='ocrx_word' id='word_1_451' title='bbox 1586 4774 1643 4828; x_wconf 77' lang='grc' dir='ltr'>δέ</span> <span class='ocrx_word' id='word_1_452' title='bbox 1681 4775 1855 4843; x_wconf 71' lang='grc' dir='ltr'>ἔλεγε,</span> <span class='ocrx_word' id='word_1_453' title='bbox 1881 4776 1987 4831; x_wconf 76' lang='grc' dir='ltr'>δειο</span> 
     </span>
    </p>
   </div>
   <div class='ocr_carea' id='block_1_58' title="bbox 394 4849 1985 4926">
    <p class='ocr_par' dir='ltr' id='par_1_58' title="bbox 394 4849 1985 4926">
     <span class='ocr_line' id='line_1_58' title="bbox 394 4849 1985 4926; baseline -0.001 -15"><span class='ocrx_word' id='word_1_454' title='bbox 394 4855 573 4912; x_wconf 87' lang='grc' dir='ltr'>κνῦσα</span> <span class='ocrx_word' id='word_1_455' title='bbox 599 4853 718 4919; x_wconf 88' lang='grc' dir='ltr'>πῶς</span> <span class='ocrx_word' id='word_1_456' title='bbox 745 4854 811 4907; x_wconf 89' lang='grc' dir='ltr'>ἐκ</span> <span class='ocrx_word' id='word_1_457' title='bbox 834 4849 985 4924; x_wconf 71' lang='grc'><strong>[182]</strong></span> <span class='ocrx_word' id='word_1_458' title='bbox 1011 4851 1234 4921; x_wconf 82' lang='grc' dir='ltr'>πρώτης</span> <span class='ocrx_word' id='word_1_459' title='bbox 1255 4852 1599 4924; x_wconf 83' lang='grc' dir='ltr'>ἀποκρίσεως</span> <span class='ocrx_word' id='word_1_460' title='bbox 1615 4854 1833 4920; x_wconf 79' lang='grc' dir='ltr'>ἐδέξατο</span> <span class='ocrx_word' id='word_1_461' title='bbox 1859 4856 1985 4926; x_wconf 82' lang='grc' dir='ltr'>νόη-</span> 
     </span>
    </p>
   </div>
   <div class='ocr_carea' id='block_1_59' title="bbox 399 4931 1984 5008">
    <p class='ocr_par' dir='ltr' id='par_1_59' title="bbox 399 4931 1984 5008">
     <span class='ocr_line' id='line_1_59' title="bbox 399 4931 1984 5008; baseline 0.001 -19"><span class='ocrx_word' id='word_1_462' title='bbox 399 4954 477 5006; x_wconf 89' lang='grc' dir='ltr'>μα</span> <span class='ocrx_word' id='word_1_463' title='bbox 542 4938 685 5008; x_wconf 85' lang='grc' dir='ltr'>μέγα</span> <span class='ocrx_word' id='word_1_464' title='bbox 737 4934 832 4988; x_wconf 61' lang='grc' dir='ltr'>καὶ⁵</span> <span class='ocrx_word' id='word_1_465' title='bbox 877 4931 1100 5003; x_wconf 77' lang='grc' dir='ltr'>ὑψηλόν.</span> <span class='ocrx_word' id='word_1_466' title='bbox 1146 4931 1220 4982; x_wconf 84' lang='grc' dir='ltr'>Τὸ</span> <span class='ocrx_word' id='word_1_467' title='bbox 1269 4931 1398 5003; x_wconf 85' lang='grc' dir='ltr'>γὰρ,</span> <span class='ocrx_word' id='word_1_468' title='bbox 1448 4935 1642 5002; x_wconf 82' lang='grc' dir='ltr'>Αὐτὸς</span> <span class='ocrx_word' id='word_1_469' title='bbox 1679 4936 1849 4991; x_wconf 74' lang='grc' dir='ltr'>ἔπιεν</span> <span class='ocrx_word' id='word_1_470' title='bbox 1883 4938 1984 4992; x_wconf 75' lang='grc' dir='ltr'>ἀπ’</span> 
     </span>
    </p>
   </div>
   <div class='ocr_carea' id='block_1_60' title="bbox 394 5010 1981 5084">
    <p class='ocr_par' dir='ltr' id='par_1_60' title="bbox 394 5010 1981 5084">
     <span class='ocr_line' id='line_1_60' title="bbox 394 5010 1981 5084; baseline 0 -14"><span class='ocrx_word' id='word_1_471' title='bbox 394 5017 603 5078; x_wconf 84' lang='grc' dir='ltr'>αὑτοῦ,</span> <span class='ocrx_word' id='word_1_472' title='bbox 637 5014 734 5070; x_wconf 78' lang='grc' dir='ltr'>καί</span> <span class='ocrx_word' id='word_1_473' title='bbox 790 5015 843 5067; x_wconf 78' lang='lat' dir='ltr'>al</span> <span class='ocrx_word' id='word_1_474' title='bbox 890 5011 1006 5067; x_wconf 79' lang='grc' dir='ltr'>υιοί</span> <span class='ocrx_word' id='word_1_475' title='bbox 1056 5010 1267 5071; x_wconf 81' lang='grc' dir='ltr'>αὐτοῦ.</span> <span class='ocrx_word' id='word_1_476' title='bbox 1301 5011 1401 5064; x_wconf 80' lang='grc' dir='ltr'>καί</span> <span class='ocrx_word' id='word_1_477' title='bbox 1431 5013 1505 5068; x_wconf 84' lang='grc' dir='ltr'>τὰ</span> <span class='ocrx_word' id='word_1_478' title='bbox 1535 5015 1837 5084; x_wconf 76' lang='grc' dir='ltr'>θρέμματα</span> <span class='ocrx_word' id='word_1_479' title='bbox 1876 5018 1981 5071; x_wconf 59' lang='grc' dir='ltr'>αὑ.</span> 
     </span>
    </p>
   </div>
   <div class='ocr_carea' id='block_1_61' title="bbox 394 5090 1983 5167">
    <p class='ocr_par' dir='ltr' id='par_1_61' title="bbox 394 5090 1983 5167">
     <span class='ocr_line' id='line_1_61' title="bbox 394 5090 1983 5167; baseline 0.001 -18"><span class='ocrx_word' id='word_1_480' title='bbox 394 5096 524 5158; x_wconf 78' lang='grc' dir='ltr'>τοῦ,</span> <span class='ocrx_word' id='word_1_481' title='bbox 557 5095 708 5148; x_wconf 82' lang='grc' dir='ltr'>οὐδὲν</span> <span class='ocrx_word' id='word_1_482' title='bbox 733 5092 862 5149; x_wconf 84' lang='grc' dir='ltr'>ἀλλο</span> <span class='ocrx_word' id='word_1_483' title='bbox 896 5090 1278 5160; x_wconf 86' lang='grc' dir='ltr'>αίνιττομένης</span> <span class='ocrx_word' id='word_1_484' title='bbox 1310 5091 1477 5157; x_wconf 70' lang='grc' dir='ltr'>ἐστὶν,</span> <span class='ocrx_word' id='word_1_485' title='bbox 1525 5093 1639 5147; x_wconf 84' lang='grc' dir='ltr'>ἀλλ’</span> <span class='ocrx_word' id='word_1_486' title='bbox 1670 5095 1703 5167; x_wconf 81' lang='grc' dir='ltr'>ή</span> <span class='ocrx_word' id='word_1_487' title='bbox 1732 5096 1815 5149; x_wconf 84' lang='grc' dir='ltr'>ὅτι</span> <span class='ocrx_word' id='word_1_488' title='bbox 1858 5097 1983 5167; x_wconf 73' lang='grc' dir='ltr'>ἔσχε</span> 
     </span>
    </p>
   </div>
   <div class='ocr_carea' id='block_1_62' title="bbox 400 5167 1979 5243">
    <p class='ocr_par' dir='ltr' id='par_1_62' title="bbox 400 5167 1979 5243">
     <span class='ocr_line' id='line_1_62' title="bbox 400 5167 1979 5243; baseline 0.003 -18"><span class='ocrx_word' id='word_1_489' title='bbox 400 5173 501 5243; x_wconf 84' lang='grc' dir='ltr'>μέν</span> <span class='ocrx_word' id='word_1_490' title='bbox 541 5173 751 5227; x_wconf 67' lang='grc' dir='ltr'>ἔννοιαν</span> <span class='ocrx_word' id='word_1_491' title='bbox 785 5170 1032 5242; x_wconf 79' lang='grc' dir='ltr'>μείζονος</span> <span class='ocrx_word' id='word_1_492' title='bbox 1076 5167 1297 5233; x_wconf 77' lang='grc' dir='ltr'>ὓδατος,</span> <span class='ocrx_word' id='word_1_493' title='bbox 1332 5169 1430 5240; x_wconf 87' lang='grc' dir='ltr'>οὑχ</span> <span class='ocrx_word' id='word_1_494' title='bbox 1476 5170 1698 5242; x_wconf 85' lang='grc' dir='ltr'>εὑρισκε</span> <span class='ocrx_word' id='word_1_495' title='bbox 1740 5174 1799 5229; x_wconf 79' lang='grc' dir='ltr'>δὲ</span> <span class='ocrx_word' id='word_1_496' title='bbox 1830 5175 1979 5237; x_wconf 78' lang='grc' dir='ltr'>αὐτὸ,</span> 
     </span>
    </p>
   </div>
   <div class='ocr_carea' id='block_1_63' title="bbox 396 5247 1984 5323">
    <p class='ocr_par' dir='ltr' id='par_1_63' title="bbox 396 5247 1984 5323">
     <span class='ocr_line' id='line_1_63' title="bbox 396 5247 1984 5323; baseline 0.003 -18"><span class='ocrx_word' id='word_1_497' title='bbox 396 5253 519 5307; x_wconf 81' lang='grc' dir='ltr'>οὑδέ</span> <span class='ocrx_word' id='word_1_498' title='bbox 562 5254 679 5323; x_wconf 72' lang='grc' dir='ltr'>ᾔδει</span> <span class='ocrx_word' id='word_1_499' title='bbox 715 5252 902 5321; x_wconf 82' lang='grc' dir='ltr'>σαφῶς</span> <span class='ocrx_word' id='word_1_500' title='bbox 938 5263 986 5305; x_wconf 72' lang='grc' dir='ltr'>ε.</span> <span class='ocrx_word' id='word_1_501' title='bbox 1031 5248 1147 5303; x_wconf 83' lang='grc' dir='ltr'>’Ίνα</span> <span class='ocrx_word' id='word_1_502' title='bbox 1178 5247 1234 5300; x_wconf 81' lang='grc' dir='ltr'>δὲ</span> <span class='ocrx_word' id='word_1_503' title='bbox 1269 5248 1364 5301; x_wconf 77' lang='grc' dir='ltr'>καὶ</span> <span class='ocrx_word' id='word_1_504' title='bbox 1397 5251 1729 5323; x_wconf 87' lang='grc' dir='ltr'>σαφέστερον</span> <span class='ocrx_word' id='word_1_505' title='bbox 1763 5256 1920 5319; x_wconf 87' lang='grc' dir='ltr'>εῖπω,</span> <span class='ocrx_word' id='word_1_506' title='bbox 1956 5254 1984 5308; x_wconf 86' lang='grc' dir='ltr'><strong>ὂ</strong></span> 
     </span>
    </p>
   </div>
   <div class='ocr_carea' id='block_1_64' title="bbox 399 5327 1982 5404">
    <p class='ocr_par' dir='ltr' id='par_1_64' title="bbox 399 5327 1982 5404">
     <span class='ocr_line' id='line_1_64' title="bbox 399 5327 1982 5404; baseline 0.001 -20"><span class='ocrx_word' id='word_1_507' title='bbox 399 5331 646 5403; x_wconf 83' lang='grc' dir='ltr'>βούλεται</span> <span class='ocrx_word' id='word_1_508' title='bbox 667 5333 859 5394; x_wconf 80' lang='grc' dir='ltr'>εἰπεῖν,</span> <span class='ocrx_word' id='word_1_509' title='bbox 887 5330 1047 5385; x_wconf 83' lang='grc' dir='ltr'>τοῦτό</span> <span class='ocrx_word' id='word_1_510' title='bbox 1075 5331 1222 5384; x_wconf 84' lang='grc' dir='ltr'>ἐστιν</span> <span class='ocrx_word' id='word_1_511' title='bbox 1264 5329 1380 5383; x_wconf 87' lang='grc' dir='ltr'>Οὑκ</span> <span class='ocrx_word' id='word_1_512' title='bbox 1400 5327 1544 5400; x_wconf 73' lang='grc' dir='ltr'>ἔχεις</span> <span class='ocrx_word' id='word_1_513' title='bbox 1569 5334 1765 5399; x_wconf 72' lang='grc' dir='ltr'>εἰπεῖν,</span> <span class='ocrx_word' id='word_1_514' title='bbox 1796 5335 1982 5404; x_wconf 76' lang='grc' dir='ltr'>φησὶν,</span> 
     </span>
    </p>
   </div>
   <div class='ocr_carea' id='block_1_65' title="bbox 396 5407 1983 5484">
    <p class='ocr_par' dir='ltr' id='par_1_65' title="bbox 396 5407 1983 5484">
     <span class='ocr_line' id='line_1_65' title="bbox 396 5407 1983 5484; baseline -0.001 -18"><span class='ocrx_word' id='word_1_515' title='bbox 396 5413 481 5466; x_wconf 87' lang='grc' dir='ltr'>δτι</span> <span class='ocrx_word' id='word_1_516' title='bbox 510 5410 706 5465; x_wconf 71' lang='grc' dir='ltr'>Ἰακὼϐ</span> <span class='ocrx_word' id='word_1_517' title='bbox 741 5412 839 5480; x_wconf 79' lang='grc' dir='ltr'>μὲν</span> <span class='ocrx_word' id='word_1_518' title='bbox 869 5413 1000 5480; x_wconf 80' lang='grc' dir='ltr'>ἡμῖν</span> <span class='ocrx_word' id='word_1_519' title='bbox 1030 5409 1238 5479; x_wconf 89' lang='grc' dir='ltr'>ταύτην</span> <span class='ocrx_word' id='word_1_520' title='bbox 1278 5407 1448 5463; x_wconf 80' lang='grc' dir='ltr'>ἔδωκε</span> <span class='ocrx_word' id='word_1_521' title='bbox 1490 5409 1589 5480; x_wconf 82' lang='grc' dir='ltr'>τὴν</span> <span class='ocrx_word' id='word_1_522' title='bbox 1634 5413 1837 5484; x_wconf 84' lang='grc' dir='ltr'>πηγὴν,</span> <span class='ocrx_word' id='word_1_523' title='bbox 1870 5414 1983 5467; x_wconf 82' lang='grc' dir='ltr'>ἐτέ-</span> 
     </span>
    </p>
   </div>
   <div class='ocr_carea' id='block_1_66' title="bbox 402 5486 1984 5560">
    <p class='ocr_par' dir='ltr' id='par_1_66' title="bbox 402 5486 1984 5560">
     <span class='ocr_line' id='line_1_66' title="bbox 402 5486 1984 5560; baseline 0.004 -20"><span class='ocrx_word' id='word_1_524' title='bbox 402 5504 471 5560; x_wconf 63' lang='grc' dir='ltr'>ρξι</span> <span class='ocrx_word' id='word_1_525' title='bbox 519 5487 576 5543; x_wconf 87' lang='grc' dir='ltr'>δέ</span> <span class='ocrx_word' id='word_1_526' title='bbox 619 5487 782 5550; x_wconf 83' lang='grc' dir='ltr'>αὑτὸς</span> <span class='ocrx_word' id='word_1_527' title='bbox 826 5489 1136 5557; x_wconf 83' lang='grc' dir='ltr'>ἐχρήσατο·</span> <span class='ocrx_word' id='word_1_528' title='bbox 1182 5488 1277 5541; x_wconf 74' lang='grc' dir='ltr'>καὶ</span> <span class='ocrx_word' id='word_1_529' title='bbox 1313 5486 1421 5559; x_wconf 83' lang='grc' dir='ltr'>γάρ</span> <span class='ocrx_word' id='word_1_530' title='bbox 1456 5489 1620 5553; x_wconf 81' lang='grc' dir='ltr'>αὐτὸς</span> <span class='ocrx_word' id='word_1_531' title='bbox 1657 5493 1750 5544; x_wconf 72' lang='grc' dir='ltr'>καὶ</span> <span class='ocrx_word' id='word_1_532' title='bbox 1781 5494 1831 5545; x_wconf 82' lang='grc' dir='ltr'>οἱ</span> <span class='ocrx_word' id='word_1_533' title='bbox 1878 5493 1984 5546; x_wconf 75' lang='grc' dir='ltr'>υἱοὶ</span> 
     </span>
    </p>
   </div>
   <div class='ocr_carea' id='block_1_67' title="bbox 402 5565 1983 5641">
    <p class='ocr_par' dir='ltr' id='par_1_67' title="bbox 402 5565 1983 5641">
     <span class='ocr_line' id='line_1_67' title="bbox 402 5565 1983 5641; baseline 0.003 -20"><span class='ocrx_word' id='word_1_534' title='bbox 402 5565 566 5622; x_wconf 83' lang='grc' dir='ltr'>αὐτοῦ</span> <span class='ocrx_word' id='word_1_535' title='bbox 596 5567 691 5619; x_wconf 80' lang='grc' dir='ltr'>ἀπ’</span> <span class='ocrx_word' id='word_1_536' title='bbox 737 5565 907 5635; x_wconf 77' lang='grc' dir='ltr'>αὐτῆς</span> <span class='ocrx_word' id='word_1_537' title='bbox 939 5566 1111 5630; x_wconf 75' lang='grc' dir='ltr'>ἔπιον,</span> <span class='ocrx_word' id='word_1_538' title='bbox 1141 5568 1242 5619; x_wconf 87' lang='grc' dir='ltr'>οὑκ</span> <span class='ocrx_word' id='word_1_539' title='bbox 1288 5565 1355 5620; x_wconf 80' lang='grc' dir='ltr'>ἂν</span> <span class='ocrx_word' id='word_1_540' title='bbox 1391 5568 1626 5632; x_wconf 79' lang='grc' dir='ltr'>πιόντες,</span> <span class='ocrx_word' id='word_1_541' title='bbox 1657 5572 1711 5625; x_wconf 84' lang='grc' dir='ltr'>εί</span> <span class='ocrx_word' id='word_1_542' title='bbox 1751 5588 1815 5638; x_wconf 90' lang='grc' dir='ltr'>γε</span> <span class='ocrx_word' id='word_1_543' title='bbox 1861 5570 1983 5641; x_wconf 81' lang='grc' dir='ltr'>βελ-</span> 
     </span>
    </p>
   </div>
   <div class='ocr_carea' id='block_1_68' title="bbox 397 5642 1985 5717">
    <p class='ocr_par' dir='ltr' id='par_1_68' title="bbox 397 5642 1985 5717">
     <span class='ocr_line' id='line_1_68' title="bbox 397 5642 1985 5717; baseline 0.002 -17"><span class='ocrx_word' id='word_1_544' title='bbox 397 5650 548 5701; x_wconf 80' lang='grc' dir='ltr'>τίονα</span> <span class='ocrx_word' id='word_1_545' title='bbox 576 5642 720 5713; x_wconf 71' lang='grc' dir='ltr'>εἶχεν</span> <span class='ocrx_word' id='word_1_546' title='bbox 750 5643 963 5714; x_wconf 78' lang='grc' dir='ltr'>ἑτέραν.</span> <span class='ocrx_word' id='word_1_547' title='bbox 1004 5644 1138 5696; x_wconf 78' lang='grc' dir='ltr'>Ἆπὸ</span> <span class='ocrx_word' id='word_1_548' title='bbox 1179 5644 1384 5714; x_wconf 76' lang='grc' dir='ltr'>ταύτης</span> <span class='ocrx_word' id='word_1_549' title='bbox 1414 5647 1514 5717; x_wconf 68' lang='grc' dir='ltr'>μὲν</span> <span class='ocrx_word' id='word_1_550' title='bbox 1542 5643 1636 5701; x_wconf 81' lang='grc' dir='ltr'>οὖν</span> <span class='ocrx_word' id='word_1_551' title='bbox 1674 5650 1795 5703; x_wconf 75' lang='grc' dir='ltr'>οὐδὲ</span> <span class='ocrx_word' id='word_1_552' title='bbox 1824 5652 1985 5713; x_wconf 82' lang='grc' dir='ltr'>αὐτὸς</span> 
     </span>
    </p>
   </div>
   <div class='ocr_carea' id='block_1_69' title="bbox 396 5722 1982 5801">
    <p class='ocr_par' dir='ltr' id='par_1_69' title="bbox 396 5722 1982 5801">
     <span class='ocr_line' id='line_1_69' title="bbox 396 5722 1982 5801; baseline 0.003 -21"><span class='ocrx_word' id='word_1_553' title='bbox 396 5729 599 5800; x_wconf 79' lang='grc' dir='ltr'>δυνήσῃ</span> <span class='ocrx_word' id='word_1_554' title='bbox 628 5725 832 5791; x_wconf 86' lang='grc' dir='ltr'>δοῦναι,</span> <span class='ocrx_word' id='word_1_555' title='bbox 870 5723 1064 5795; x_wconf 76' lang='grc' dir='ltr'>ἑτέραν</span> <span class='ocrx_word' id='word_1_556' title='bbox 1092 5723 1147 5776; x_wconf 75' lang='grc' dir='ltr'>δὲ</span> <span class='ocrx_word' id='word_1_557' title='bbox 1179 5722 1423 5795; x_wconf 74' lang='grc' dir='ltr'>βελτίονα</span> <span class='ocrx_word' id='word_1_558' title='bbox 1448 5727 1550 5779; x_wconf 81' lang='grc' dir='ltr'>οὑκ</span> <span class='ocrx_word' id='word_1_559' title='bbox 1581 5726 1695 5780; x_wconf 78' lang='grc' dir='ltr'>ἔστι</span> <span class='ocrx_word' id='word_1_560' title='bbox 1724 5746 1780 5782; x_wconf 80' lang='grc' dir='ltr'>σε</span> <span class='ocrx_word' id='word_1_561' title='bbox 1815 5731 1902 5801; x_wconf 81' lang='grc' dir='ltr'>ἔχε</span> <span class='ocrx_word' id='word_1_562' title='bbox 1914 5749 1982 5797; x_wconf 90' lang='grc' dir='ltr'>ιν,</span> 
     </span>
    </p>
   </div>
   <div class='ocr_carea' id='block_1_70' title="bbox 456 5850 1984 5914">
    <p class='ocr_par' dir='ltr' id='par_1_70' title="bbox 456 5850 1984 5914">
     <span class='ocr_line' id='line_1_70' title="bbox 456 5850 1984 5914; baseline 0.001 -8"><span class='ocrx_word' id='word_1_563' title='bbox 456 5857 481 5886; x_wconf 87' lang='grc'>⁴¹</span> <span class='ocrx_word' id='word_1_564' title='bbox 512 5853 606 5906; x_wconf 65' lang='lat' dir='ltr'>Alii</span> <span class='ocrx_word' id='word_1_565' title='bbox 629 5853 936 5914; x_wconf 68' lang='grc' dir='ltr'>εἰσηγήσεως.</span> <span class='ocrx_word' id='word_1_566' title='bbox 983 5851 1013 5891; x_wconf 71' lang='grc' dir='ltr'>δ</span> <span class='ocrx_word' id='word_1_567' title='bbox 1038 5850 1149 5902; x_wconf 77' lang='lat' dir='ltr'>Sav.</span> <span class='ocrx_word' id='word_1_568' title='bbox 1178 5850 1360 5913; x_wconf 70' lang='grc' dir='ltr'>ἠπόρει.</span> <span class='ocrx_word' id='word_1_569' title='bbox 1407 5856 1425 5885; x_wconf 73' lang='grc' dir='ltr'><em>τ</em></span> <span class='ocrx_word' id='word_1_570' title='bbox 1452 5852 1627 5904; x_wconf 77' lang='lat' dir='ltr'>Morel.</span> <span class='ocrx_word' id='word_1_571' title='bbox 1659 5857 1707 5907; x_wconf 71' lang='grc' dir='ltr'>δὲ</span> <span class='ocrx_word' id='word_1_572' title='bbox 1741 5857 1855 5907; x_wconf 66' lang='grc' dir='ltr'>αιὴὸ</span> <span class='ocrx_word' id='word_1_573' title='bbox 1877 5861 1984 5907; x_wconf 72' lang='grc' dir='ltr'>οὐδὲ</span> 
     </span>
    </p>
   </div>
   <div class='ocr_carea' id='block_1_71' title="bbox 391 5916 1009 5979">
    <p class='ocr_par' dir='ltr' id='par_1_71' title="bbox 391 5916 1009 5979">
     <span class='ocr_line' id='line_1_71' title="bbox 391 5916 1009 5979; baseline -0.008 -11"><span class='ocrx_word' id='word_1_574' title='bbox 391 5922 549 5977; x_wconf 63' lang='grc' dir='ltr'>αὐτὸς,</span> <span class='ocrx_word' id='word_1_575' title='bbox 571 5919 681 5969; x_wconf 79' lang='grc' dir='ltr'>οὐδέ</span> <span class='ocrx_word' id='word_1_576' title='bbox 703 5916 805 5979; x_wconf 75' lang='grc' dir='ltr'>ᾔδει</span> <span class='ocrx_word' id='word_1_577' title='bbox 831 5916 1009 5979; x_wconf 68' lang='grc' dir='ltr'>σαφῶς.</span> 
     </span>
    </p>
   </div>
   <div class='ocr_carea' id='block_1_72' title="bbox 1095 276 2957 340">
    <p class='ocr_par' dir='ltr' id='par_1_72' title="bbox 1095 276 2957 340">
     <span class='ocr_line' id='line_1_72' title="bbox 1095 276 2957 340; baseline 0.001 -1"><span class='ocrx_word' id='word_1_578' title='bbox 1095 285 1153 340; x_wconf 83' lang='grc'>5.</span> <span class='ocrx_word' id='word_1_579' title='bbox 1194 282 1480 340; x_wconf 73' lang='lat' dir='ltr'>JOANNIS</span> <span class='ocrx_word' id='word_1_580' title='bbox 1515 276 2005 339; x_wconf 77' lang='lat' dir='ltr'>CIIRYSUSTOMI</span> <span class='ocrx_word' id='word_1_581' title='bbox 2046 279 2362 337; x_wconf 63' lang='lat' dir='ltr'>AIKLIIIIEP.</span> <span class='ocrx_word' id='word_1_582' title='bbox 2409 281 2957 340; x_wconf 74' lang='lat' dir='ltr'>CONSTANTINUP.</span> 
     </span>
    </p>
   </div>
   <div class='ocr_carea' id='block_1_73' title="bbox 3542 282 3647 337">
    <p class='ocr_par' dir='ltr' id='par_1_73' title="bbox 3542 282 3647 337">
     <span class='ocr_line' id='line_1_73' title="bbox 3542 282 3647 337; baseline -0.01 0"><span class='ocrx_word' id='word_1_583' title='bbox 3542 282 3647 337; x_wconf 69' lang='grc'>189</span> 
     </span>
    </p>
   </div>
   <div class='ocr_carea' id='block_1_74' title="bbox 2067 395 3644 474">
    <p class='ocr_par' dir='ltr' id='par_1_74' title="bbox 2067 395 3644 474">
     <span class='ocr_line' id='line_1_74' title="bbox 2067 395 3644 474; baseline 0.003 -23"><span class='ocrx_word' id='word_1_584' title='bbox 2067 399 2116 451; x_wconf 87' lang='grc' dir='ltr'>εί</span> <span class='ocrx_word' id='word_1_585' title='bbox 2141 400 2216 472; x_wconf 84' lang='grc' dir='ltr'>μὴ</span> <span class='ocrx_word' id='word_1_586' title='bbox 2246 401 2452 455; x_wconf 72' lang='grc' dir='ltr'>καὶτοῦ</span> <span class='ocrx_word' id='word_1_587' title='bbox 2485 400 2681 455; x_wconf 76' lang='grc' dir='ltr'>Ἰακὼϐ</span> <span class='ocrx_word' id='word_1_588' title='bbox 2704 402 2985 474; x_wconf 83' lang='grc' dir='ltr'>ὁμολογεῖς</span> <span class='ocrx_word' id='word_1_589' title='bbox 3016 399 3238 471; x_wconf 77' lang='grc' dir='ltr'>μείζονα</span> <span class='ocrx_word' id='word_1_590' title='bbox 3268 395 3406 455; x_wconf 75' lang='grc' dir='ltr'>εἶναι</span> <span class='ocrx_word' id='word_1_591' title='bbox 3426 401 3644 456; x_wconf 88' lang='grc' dir='ltr'>σαυτόν.</span> 
     </span>
    </p>
   </div>
   <div class='ocr_carea' id='block_1_75' title="bbox 2066 476 3642 550">
    <p class='ocr_par' dir='ltr' id='par_1_75' title="bbox 2066 476 3642 550">
     <span class='ocr_line' id='line_1_75' title="bbox 2066 476 3642 550; baseline 0.001 -18"><span class='ocrx_word' id='word_1_592' title='bbox 2066 478 2238 532; x_wconf 82' lang='grc' dir='ltr'>Πόθεν</span> <span class='ocrx_word' id='word_1_593' title='bbox 2273 476 2367 533; x_wconf 84' lang='grc' dir='ltr'>οὖν</span> <span class='ocrx_word' id='word_1_594' title='bbox 2398 480 2541 550; x_wconf 74' lang='grc' dir='ltr'>ἔχεις</span> <span class='ocrx_word' id='word_1_595' title='bbox 2570 480 2630 533; x_wconf 83' lang='grc' dir='ltr'>τὸ</span> <span class='ocrx_word' id='word_1_596' title='bbox 2668 478 2812 550; x_wconf 76' lang='grc' dir='ltr'>ὕδωρ</span> <span class='ocrx_word' id='word_1_597' title='bbox 2853 480 2883 534; x_wconf 85' lang='grc' dir='ltr'>δ</span> <span class='ocrx_word' id='word_1_598' title='bbox 2913 478 3226 550; x_wconf 79' lang='grc' dir='ltr'>ἐπαγγέλλῃ</span> <span class='ocrx_word' id='word_1_599' title='bbox 3253 479 3447 533; x_wconf 82' lang='grc' dir='ltr'>δώσειν</span> <span class='ocrx_word' id='word_1_600' title='bbox 3478 482 3642 550; x_wconf 73' lang='grc' dir='ltr'>ήμῖνς</span> 
     </span>
    </p>
   </div>
   <div class='ocr_carea' id='block_1_76' title="bbox 2077 557 3648 631">
    <p class='ocr_par' dir='ltr' id='par_1_76' title="bbox 2077 557 3648 631">
     <span class='ocr_line' id='line_1_76' title="bbox 2077 557 3648 631; baseline 0.003 -21"><span class='ocrx_word' id='word_1_601' title='bbox 2077 557 2215 611; x_wconf 83' lang='grc' dir='ltr'>Ἀλλ’</span> <span class='ocrx_word' id='word_1_602' title='bbox 2243 559 2365 629; x_wconf 77' lang='grc' dir='ltr'>οὑχὶ</span> <span class='ocrx_word' id='word_1_603' title='bbox 2405 558 2642 612; x_wconf 81' lang='grc' dir='ltr'>Ἰουδαῖοι</span> <span class='ocrx_word' id='word_1_604' title='bbox 2679 558 2822 613; x_wconf 84' lang='grc' dir='ltr'>οὑτω</span> <span class='ocrx_word' id='word_1_605' title='bbox 2851 559 3139 630; x_wconf 86' lang='grc' dir='ltr'>προσηνῶς</span> <span class='ocrx_word' id='word_1_606' title='bbox 3178 558 3328 631; x_wconf 84' lang='grc' dir='ltr'>αὑτῷ</span> <span class='ocrx_word' id='word_1_607' title='bbox 3371 559 3648 629; x_wconf 75' lang='grc' dir='ltr'>διαλέγον-</span> 
     </span>
    </p>
   </div>
   <div class='ocr_carea' id='block_1_77' title="bbox 2059 637 3641 711">
    <p class='ocr_par' dir='ltr' id='par_1_77' title="bbox 2059 637 3641 711">
     <span class='ocr_line' id='line_1_77' title="bbox 2059 637 3641 711; baseline 0.001 -18"><span class='ocrx_word' id='word_1_608' title='bbox 2059 656 2171 702; x_wconf 88' lang='grc' dir='ltr'>ται,</span> <span class='ocrx_word' id='word_1_609' title='bbox 2193 637 2368 692; x_wconf 88' lang='grc' dir='ltr'>καίτοι</span> <span class='ocrx_word' id='word_1_610' title='bbox 2401 639 2492 691; x_wconf 76' lang='grc' dir='ltr'>καὶ</span> <span class='ocrx_word' id='word_1_611' title='bbox 2517 639 2701 702; x_wconf 87' lang='grc' dir='ltr'>αὑτοῖς</span> <span class='ocrx_word' id='word_1_612' title='bbox 2728 640 2855 710; x_wconf 73' lang='grc' dir='ltr'>περὶ</span> <span class='ocrx_word' id='word_1_613' title='bbox 2887 642 2988 711; x_wconf 80' lang='grc' dir='ltr'>τῆς</span> <span class='ocrx_word' id='word_1_614' title='bbox 3032 640 3203 710; x_wconf 71' lang='grc' dir='ltr'>αὑτῆς</span> <span class='ocrx_word' id='word_1_615' title='bbox 3231 639 3542 702; x_wconf 82' lang='grc' dir='ltr'>ὑποθέσεως</span> <span class='ocrx_word' id='word_1_616' title='bbox 3571 641 3641 694; x_wconf 89' lang='grc' dir='ltr'>δι-</span> 
     </span>
    </p>
   </div>
   <div class='ocr_carea' id='block_1_78' title="bbox 2060 716 3648 788">
    <p class='ocr_par' dir='ltr' id='par_1_78' title="bbox 2060 716 3648 788">
     <span class='ocr_line' id='line_1_78' title="bbox 2060 716 3648 788; baseline 0.001 -17"><span class='ocrx_word' id='word_1_617' title='bbox 2060 717 2273 788; x_wconf 85' lang='grc' dir='ltr'>ελέχθη,</span> <span class='ocrx_word' id='word_1_618' title='bbox 2295 717 2388 771; x_wconf 89' lang='grc' dir='ltr'>τοῦ</span> <span class='ocrx_word' id='word_1_619' title='bbox 2417 716 2661 770; x_wconf 86' lang='grc' dir='ltr'>τοιούτου</span> <span class='ocrx_word' id='word_1_620' title='bbox 2690 717 3068 788; x_wconf 82' lang='grc' dir='ltr'>μνημονεύσας</span> <span class='ocrx_word' id='word_1_621' title='bbox 3094 718 3285 782; x_wconf 79' lang='grc' dir='ltr'>ὓδατος</span> <span class='ocrx_word' id='word_1_622' title='bbox 3304 737 3320 751; x_wconf 77' lang='grc' dir='ltr'><strong>ο</strong></span> <span class='ocrx_word' id='word_1_623' title='bbox 3356 717 3470 772; x_wconf 86' lang='grc' dir='ltr'>ἀλλ’</span> <span class='ocrx_word' id='word_1_624' title='bbox 3495 718 3648 772; x_wconf 79' lang='grc' dir='ltr'>οὐδὲν</span> 
     </span>
    </p>
   </div>
   <div class='ocr_carea' id='block_1_79' title="bbox 2062 789 3670 869">
    <p class='ocr_par' dir='ltr' id='par_1_79' title="bbox 2062 789 3670 869">
     <span class='ocr_line' id='line_1_79' title="bbox 2062 789 3670 869; baseline -0.001 -16"><span class='ocrx_word' id='word_1_625' title='bbox 2062 797 2378 869; x_wconf 87' lang='grc' dir='ltr'>ἐκέρδαναν.</span> <span class='ocrx_word' id='word_1_626' title='bbox 2404 796 2535 850; x_wconf 88' lang='grc' dir='ltr'>Ὅτε</span> <span class='ocrx_word' id='word_1_627' title='bbox 2581 796 2641 849; x_wconf 82' lang='grc' dir='ltr'>δέ</span> <span class='ocrx_word' id='word_1_628' title='bbox 2684 798 2780 850; x_wconf 85' lang='grc' dir='ltr'>τοῦ</span> <span class='ocrx_word' id='word_1_629' title='bbox 2810 796 3066 868; x_wconf 77' lang='grc' dir='ltr'>Ἀϐραὰμ</span> <span class='ocrx_word' id='word_1_630' title='bbox 3110 797 3506 868; x_wconf 85' lang='grc' dir='ltr'>ἐμνημόνευσε,</span> <span class='ocrx_word' id='word_1_631' title='bbox 3554 789 3670 852; x_wconf 54' lang='grc' dir='ltr'>καί</span> 
     </span>
    </p>
   </div>
   <div class='ocr_carea' id='block_1_80' title="bbox 2060 873 3649 947">
    <p class='ocr_par' dir='ltr' id='par_1_80' title="bbox 2060 873 3649 947">
     <span class='ocr_line' id='line_1_80' title="bbox 2060 873 3649 947; baseline -0.001 -17"><span class='ocrx_word' id='word_1_632' title='bbox 2060 876 2231 939; x_wconf 86' lang='grc' dir='ltr'>λίθοις</span> <span class='ocrx_word' id='word_1_633' title='bbox 2266 875 2480 945; x_wconf 87' lang='grc' dir='ltr'>βάλλειν</span> <span class='ocrx_word' id='word_1_634' title='bbox 2521 873 2683 927; x_wconf 81' lang='grc' dir='ltr'>αὑτὸν</span> <span class='ocrx_word' id='word_1_635' title='bbox 2719 876 3058 946; x_wconf 89' lang='grc' dir='ltr'>ἐπεχείρουν.</span> <span class='ocrx_word' id='word_1_636' title='bbox 3101 876 3243 929; x_wconf 77' lang='grc' dir='ltr'>Ἀλλ’</span> <span class='ocrx_word' id='word_1_637' title='bbox 3283 877 3383 947; x_wconf 91' lang='grc' dir='ltr'>οὑχ</span> <span class='ocrx_word' id='word_1_638' title='bbox 3425 878 3458 947; x_wconf 86' lang='grc' dir='ltr'>ή</span> <span class='ocrx_word' id='word_1_639' title='bbox 3511 876 3649 946; x_wconf 86' lang='grc' dir='ltr'>γυνὴ</span> 
     </span>
    </p>
   </div>
   <div class='ocr_carea' id='block_1_81' title="bbox 2062 953 3652 1027">
    <p class='ocr_par' dir='ltr' id='par_1_81' title="bbox 2062 953 3652 1027">
     <span class='ocr_line' id='line_1_81' title="bbox 2062 953 3652 1027; baseline -0.003 -17"><span class='ocrx_word' id='word_1_640' title='bbox 2062 956 2253 1010; x_wconf 89' lang='grc' dir='ltr'>τοῦτον</span> <span class='ocrx_word' id='word_1_641' title='bbox 2290 954 2441 1026; x_wconf 84' lang='grc' dir='ltr'>αὑτῷ</span> <span class='ocrx_word' id='word_1_642' title='bbox 2488 955 2583 1008; x_wconf 84' lang='grc' dir='ltr'>τὸν</span> <span class='ocrx_word' id='word_1_643' title='bbox 2613 955 2815 1026; x_wconf 89' lang='grc' dir='ltr'>τρόπον</span> <span class='ocrx_word' id='word_1_644' title='bbox 2863 953 3256 1027; x_wconf 82' lang='grc' dir='ltr'>προσφέρεται,</span> <span class='ocrx_word' id='word_1_645' title='bbox 3310 954 3451 1008; x_wconf 87' lang='grc' dir='ltr'>ἀλλά</span> <span class='ocrx_word' id='word_1_646' title='bbox 3511 953 3652 1024; x_wconf 90' lang='grc' dir='ltr'>μετά</span> 
     </span>
    </p>
   </div>
   <div class='ocr_carea' id='block_1_82' title="bbox 2064 1030 3651 1105">
    <p class='ocr_par' dir='ltr' id='par_1_82' title="bbox 2064 1030 3651 1105">
     <span class='ocr_line' id='line_1_82' title="bbox 2064 1030 3651 1105; baseline -0.001 -18"><span class='ocrx_word' id='word_1_647' title='bbox 2064 1034 2262 1105; x_wconf 85' lang='grc' dir='ltr'>πολλῆς</span> <span class='ocrx_word' id='word_1_648' title='bbox 2288 1034 2386 1104; x_wconf 84' lang='grc' dir='ltr'>τῆς</span> <span class='ocrx_word' id='word_1_649' title='bbox 2410 1034 2710 1096; x_wconf 82' lang='grc' dir='ltr'>ἐπιεικείας</span> <span class='ocrx_word' id='word_1_650' title='bbox 2738 1036 2795 1088; x_wconf 88' lang='grc' dir='ltr'>ἐν</span> <span class='ocrx_word' id='word_1_651' title='bbox 2836 1035 2987 1105; x_wconf 85' lang='grc' dir='ltr'>μέσῳ</span> <span class='ocrx_word' id='word_1_652' title='bbox 3017 1033 3278 1104; x_wconf 84' lang='grc' dir='ltr'>καύματι,</span> <span class='ocrx_word' id='word_1_653' title='bbox 3310 1034 3405 1087; x_wconf 71' lang='grc' dir='ltr'>καὶ</span> <span class='ocrx_word' id='word_1_654' title='bbox 3431 1034 3491 1086; x_wconf 82' lang='grc' dir='ltr'>ἐν</span> <span class='ocrx_word' id='word_1_655' title='bbox 3522 1030 3651 1104; x_wconf 80' lang='grc' dir='ltr'>ἡμέ-</span> 
     </span>
    </p>
   </div>
   <div class='ocr_carea' id='block_1_83' title="bbox 2068 1114 3651 1186">
    <p class='ocr_par' dir='ltr' id='par_1_83' title="bbox 2068 1114 3651 1186">
     <span class='ocr_line' id='line_1_83' title="bbox 2068 1114 3651 1186; baseline -0.001 -19"><span class='ocrx_word' id='word_1_656' title='bbox 2068 1132 2139 1186; x_wconf 81' lang='grc' dir='ltr'>ρᾳ</span> <span class='ocrx_word' id='word_1_657' title='bbox 2178 1114 2341 1186; x_wconf 84' lang='grc' dir='ltr'>μέσῃ,</span> <span class='ocrx_word' id='word_1_658' title='bbox 2385 1115 2482 1168; x_wconf 79' lang='grc' dir='ltr'>καὶ</span> <span class='ocrx_word' id='word_1_659' title='bbox 2510 1114 2659 1183; x_wconf 87' lang='grc' dir='ltr'>λέγει</span> <span class='ocrx_word' id='word_1_660' title='bbox 2704 1114 2797 1169; x_wconf 74' lang='grc' dir='ltr'>καὶ</span> <span class='ocrx_word' id='word_1_661' title='bbox 2826 1114 3015 1169; x_wconf 88' lang='grc' dir='ltr'>ἀκούει</span> <span class='ocrx_word' id='word_1_662' title='bbox 3061 1116 3241 1169; x_wconf 89' lang='grc' dir='ltr'>πάντα</span> <span class='ocrx_word' id='word_1_663' title='bbox 3274 1114 3413 1184; x_wconf 83' lang='grc' dir='ltr'>μετά</span> <span class='ocrx_word' id='word_1_664' title='bbox 3446 1131 3651 1184; x_wconf 89' lang='grc' dir='ltr'>μακρο-</span> 
     </span>
    </p>
   </div>
   <div class='ocr_carea' id='block_1_84' title="bbox 2067 1188 3652 1263">
    <p class='ocr_par' dir='ltr' id='par_1_84' title="bbox 2067 1188 3652 1263">
     <span class='ocr_line' id='line_1_84' title="bbox 2067 1188 3652 1263; baseline -0.002 -17"><span class='ocrx_word' id='word_1_665' title='bbox 2067 1193 2267 1263; x_wconf 85' lang='grc' dir='ltr'>θυμίας</span> <span class='ocrx_word' id='word_1_666' title='bbox 2299 1192 2518 1263; x_wconf 77' lang='grc' dir='ltr'>πολλῆς,</span> <span class='ocrx_word' id='word_1_667' title='bbox 2555 1195 2651 1247; x_wconf 77' lang='grc' dir='ltr'>καὶ</span> <span class='ocrx_word' id='word_1_668' title='bbox 2682 1193 2835 1248; x_wconf 85' lang='grc' dir='ltr'>οὐδὲν</span> <span class='ocrx_word' id='word_1_669' title='bbox 2876 1195 3049 1248; x_wconf 89' lang='grc' dir='ltr'>ἐννοεῖ</span> <span class='ocrx_word' id='word_1_670' title='bbox 3072 1212 3124 1247; x_wconf 89' lang='grc' dir='ltr'>τι</span> <span class='ocrx_word' id='word_1_671' title='bbox 3169 1192 3410 1248; x_wconf 81' lang='grc' dir='ltr'>τοιοῦτον</span> <span class='ocrx_word' id='word_1_672' title='bbox 3434 1188 3545 1246; x_wconf 77' lang='grc' dir='ltr'>οἷον</span> <span class='ocrx_word' id='word_1_673' title='bbox 3575 1191 3652 1244; x_wconf 86' lang='grc' dir='ltr'>εί-</span> 
     </span>
    </p>
   </div>
   <div class='ocr_carea' id='block_1_85' title="bbox 2067 1264 3651 1340">
    <p class='ocr_par' dir='ltr' id='par_1_85' title="bbox 2067 1264 3651 1340">
     <span class='ocr_line' id='line_1_85' title="bbox 2067 1264 3651 1340; baseline -0.003 -14"><span class='ocrx_word' id='word_1_674' title='bbox 2067 1272 2161 1334; x_wconf 82' lang='grc' dir='ltr'>κὸς</span> <span class='ocrx_word' id='word_1_675' title='bbox 2195 1270 2480 1335; x_wconf 88' lang='grc' dir='ltr'>Ἰουδαίους</span> <span class='ocrx_word' id='word_1_676' title='bbox 2527 1273 2723 1338; x_wconf 75' lang='grc' dir='ltr'>εἰπεῖν,</span> <span class='ocrx_word' id='word_1_677' title='bbox 2769 1264 3155 1326; x_wconf 79' lang='grc' dir='ltr'>δτιΜαίνεται</span> <span class='ocrx_word' id='word_1_678' title='bbox 3209 1271 3304 1326; x_wconf 79' lang='grc' dir='ltr'>καὶ</span> <span class='ocrx_word' id='word_1_679' title='bbox 3359 1270 3651 1340; x_wconf 79' lang='grc' dir='ltr'>ἐξέστηκεν</span> 
     </span>
    </p>
   </div>
   <div class='ocr_carea' id='block_1_86' title="bbox 2066 1346 3650 1423">
    <p class='ocr_par' dir='ltr' id='par_1_86' title="bbox 2066 1346 3650 1423">
     <span class='ocr_line' id='line_1_86' title="bbox 2066 1346 3650 1423; baseline -0.002 -19"><span class='ocrx_word' id='word_1_680' title='bbox 2066 1346 2241 1415; x_wconf 74' lang='grc' dir='ltr'>οὗτος,</span> <span class='ocrx_word' id='word_1_681' title='bbox 2281 1350 2582 1421; x_wconf 85' lang='grc' dir='ltr'>προσέδησέ</span> <span class='ocrx_word' id='word_1_682' title='bbox 2610 1366 2677 1421; x_wconf 85' lang='grc' dir='ltr'>με</span> <span class='ocrx_word' id='word_1_683' title='bbox 2700 1352 2851 1421; x_wconf 86' lang='grc' dir='ltr'>πηγῇ</span> <span class='ocrx_word' id='word_1_684' title='bbox 2879 1351 2975 1404; x_wconf 74' lang='grc' dir='ltr'>καὶ</span> <span class='ocrx_word' id='word_1_685' title='bbox 3010 1351 3229 1423; x_wconf 79' lang='grc' dir='ltr'>φρέατι,</span> <span class='ocrx_word' id='word_1_686' title='bbox 3258 1351 3516 1422; x_wconf 74' lang='grc' dir='ltr'>παρέχεον</span> <span class='ocrx_word' id='word_1_687' title='bbox 3548 1347 3650 1417; x_wconf 84' lang='grc' dir='ltr'>μὲν</span> 
     </span>
    </p>
   </div>
   <div class='ocr_carea' id='block_1_87' title="bbox 2067 1427 3649 1503">
    <p class='ocr_par' dir='ltr' id='par_1_87' title="bbox 2067 1427 3649 1503">
     <span class='ocr_line' id='line_1_87' title="bbox 2067 1427 3649 1503; baseline -0.001 -20"><span class='ocrx_word' id='word_1_688' title='bbox 2067 1429 2239 1496; x_wconf 79' lang='grc' dir='ltr'>οὐδὲν,</span> <span class='ocrx_word' id='word_1_689' title='bbox 2285 1427 2470 1498; x_wconf 86' lang='grc' dir='ltr'>φυσῶν</span> <span class='ocrx_word' id='word_1_690' title='bbox 2513 1428 2571 1482; x_wconf 83' lang='grc' dir='ltr'>δὲ</span> <span class='ocrx_word' id='word_1_691' title='bbox 2612 1431 2726 1491; x_wconf 89' lang='grc' dir='ltr'>τοῖς</span> <span class='ocrx_word' id='word_1_692' title='bbox 2768 1430 3027 1500; x_wconf 78' lang='grc' dir='ltr'>ῥήμασιν·</span> <span class='ocrx_word' id='word_1_693' title='bbox 3074 1429 3209 1484; x_wconf 87' lang='grc' dir='ltr'>ἀλλά</span> <span class='ocrx_word' id='word_1_694' title='bbox 3251 1432 3509 1503; x_wconf 85' lang='grc' dir='ltr'>καρτερεῖ</span> <span class='ocrx_word' id='word_1_695' title='bbox 3553 1428 3649 1484; x_wconf 78' lang='grc' dir='ltr'>καὶ</span> 
     </span>
    </p>
   </div>
   <div class='ocr_carea' id='block_1_88' title="bbox 2069 1505 3293 1581">
    <p class='ocr_par' dir='ltr' id='par_1_88' title="bbox 2069 1505 3293 1581">
     <span class='ocr_line' id='line_1_88' title="bbox 2069 1505 3293 1581; baseline 0.002 -20"><span class='ocrx_word' id='word_1_696' title='bbox 2069 1505 2441 1579; x_wconf 87' lang='grc' dir='ltr'>προσεδρεύει,</span> <span class='ocrx_word' id='word_1_697' title='bbox 2464 1506 2568 1570; x_wconf 77' lang='grc' dir='ltr'>ἕως</span> <span class='ocrx_word' id='word_1_698' title='bbox 2602 1505 2667 1560; x_wconf 84' lang='grc' dir='ltr'>ἂν</span> <span class='ocrx_word' id='word_1_699' title='bbox 2689 1506 2825 1581; x_wconf 81' lang='grc' dir='ltr'>εὑρῃ</span> <span class='ocrx_word' id='word_1_700' title='bbox 2856 1508 2917 1563; x_wconf 80' lang='grc' dir='ltr'>τὸ</span> <span class='ocrx_word' id='word_1_701' title='bbox 2942 1508 3293 1581; x_wconf 77' lang='grc' dir='ltr'>ζητούμενον.</span> 
     </span>
    </p>
   </div>
   <div class='ocr_carea' id='block_1_89' title="bbox 2140 1598 3650 1672">
    <p class='ocr_par' dir='ltr' id='par_1_89' title="bbox 2140 1598 3650 1672">
     <span class='ocr_line' id='line_1_89' title="bbox 2140 1598 3650 1672; baseline -0.002 -17"><span class='ocrx_word' id='word_1_702' title='bbox 2140 1608 2203 1655; x_wconf 84' lang='grc' dir='ltr'>ε’.</span> <span class='ocrx_word' id='word_1_703' title='bbox 2225 1600 2288 1654; x_wconf 87' lang='grc' dir='ltr'><strong>Εἰ</strong></span> <span class='ocrx_word' id='word_1_704' title='bbox 2317 1598 2374 1651; x_wconf 74' lang='grc' dir='ltr'>δὲ</span> <span class='ocrx_word' id='word_1_705' title='bbox 2397 1599 2534 1670; x_wconf 85' lang='grc' dir='ltr'>γυνὴ</span> <span class='ocrx_word' id='word_1_706' title='bbox 2575 1599 2912 1672; x_wconf 89' lang='grc' dir='ltr'>Σαμαρεῖτις</span> <span class='ocrx_word' id='word_1_707' title='bbox 2935 1600 3205 1670; x_wconf 84' lang='grc' dir='ltr'>τοσαύτην</span> <span class='ocrx_word' id='word_1_708' title='bbox 3233 1603 3462 1654; x_wconf 87' lang='grc' dir='ltr'>ποιεῖται</span> <span class='ocrx_word' id='word_1_709' title='bbox 3484 1617 3650 1654; x_wconf 80' lang='grc' dir='ltr'>σπου-</span> 
     </span>
    </p>
   </div>
   <div class='ocr_carea' id='block_1_90' title="bbox 2067 1673 3651 1751">
    <p class='ocr_par' dir='ltr' id='par_1_90' title="bbox 2067 1673 3651 1751">
     <span class='ocr_line' id='line_1_90' title="bbox 2067 1673 3651 1751; baseline -0.001 -19"><span class='ocrx_word' id='word_1_710' title='bbox 2067 1679 2163 1751; x_wconf 83' lang='grc' dir='ltr'>δὴν</span> <span class='ocrx_word' id='word_1_711' title='bbox 2191 1679 2330 1749; x_wconf 88' lang='grc' dir='ltr'>ὑπὲρ</span> <span class='ocrx_word' id='word_1_712' title='bbox 2349 1673 2441 1730; x_wconf 81' lang='grc' dir='ltr'>τοῦ</span> <span class='ocrx_word' id='word_1_713' title='bbox 2478 1675 2668 1747; x_wconf 88' lang='grc' dir='ltr'>μαθεῖν</span> <span class='ocrx_word' id='word_1_714' title='bbox 2690 1694 2743 1731; x_wconf 91' lang='grc' dir='ltr'>τι</span> <span class='ocrx_word' id='word_1_715' title='bbox 2777 1679 3068 1750; x_wconf 80' lang='grc' dir='ltr'>χρήσιμον,</span> <span class='ocrx_word' id='word_1_716' title='bbox 3104 1681 3198 1734; x_wconf 79' lang='grc' dir='ltr'>καὶ</span> <span class='ocrx_word' id='word_1_717' title='bbox 3237 1678 3541 1750; x_wconf 81' lang='grc' dir='ltr'>παραμένει</span> <span class='ocrx_word' id='word_1_718' title='bbox 3573 1678 3651 1748; x_wconf 84' lang='grc' dir='ltr'>τῷ</span> 
     </span>
    </p>
   </div>
   <div class='ocr_carea' id='block_1_91' title="bbox 2070 1756 3697 1829">
    <p class='ocr_par' dir='ltr' id='par_1_91' title="bbox 2070 1756 3697 1829">
     <span class='ocr_line' id='line_1_91' title="bbox 2070 1756 3697 1829; baseline -0.002 -18"><span class='ocrx_word' id='word_1_719' title='bbox 2070 1756 2313 1829; x_wconf 79' lang='grc' dir='ltr'>Χριστῷ,</span> <span class='ocrx_word' id='word_1_720' title='bbox 2348 1756 2528 1809; x_wconf 92' lang='grc' dir='ltr'>καίτοι</span> <span class='ocrx_word' id='word_1_721' title='bbox 2561 1771 2624 1825; x_wconf 85' lang='grc' dir='ltr'>γε</span> <span class='ocrx_word' id='word_1_722' title='bbox 2655 1756 2926 1825; x_wconf 84' lang='grc' dir='ltr'>ἀγνοοῦσα</span> <span class='ocrx_word' id='word_1_723' title='bbox 2954 1758 3115 1813; x_wconf 85' lang='grc' dir='ltr'>αὐτόν</span> <span class='ocrx_word' id='word_1_724' title='bbox 3135 1772 3149 1787; x_wconf 83' lang='grc'>⁶</span> <span class='ocrx_word' id='word_1_725' title='bbox 3184 1758 3327 1820; x_wconf 88' lang='grc' dir='ltr'>τίνος</span> <span class='ocrx_word' id='word_1_726' title='bbox 3354 1758 3661 1827; x_wconf 62' lang='grc' dir='ltr'>ήμεῖςτευι</span> <span class='ocrx_word' id='word_1_727' title='bbox 3684 1782 3697 1793; x_wconf 73' lang='grc' dir='ltr'><em>ι</em></span> 
     </span>
    </p>
   </div>
   <div class='ocr_carea' id='block_1_92' title="bbox 2073 1840 3652 1914">
    <p class='ocr_par' dir='ltr' id='par_1_92' title="bbox 2073 1840 3652 1914">
     <span class='ocr_line' id='line_1_92' title="bbox 2073 1840 3652 1914; baseline -0.003 -17"><span class='ocrx_word' id='word_1_728' title='bbox 2073 1841 2277 1914; x_wconf 79' lang='grc' dir='ltr'>ξόμεθα</span> <span class='ocrx_word' id='word_1_729' title='bbox 2301 1840 2649 1911; x_wconf 87' lang='grc' dir='ltr'>συγγνώμης,</span> <span class='ocrx_word' id='word_1_730' title='bbox 2685 1841 2735 1894; x_wconf 87' lang='grc' dir='ltr'>οί</span> <span class='ocrx_word' id='word_1_731' title='bbox 2767 1841 2864 1896; x_wconf 79' lang='grc' dir='ltr'>καὶ</span> <span class='ocrx_word' id='word_1_732' title='bbox 2895 1842 3096 1905; x_wconf 77' lang='grc' dir='ltr'>εἰδότες</span> <span class='ocrx_word' id='word_1_733' title='bbox 3122 1841 3151 1882; x_wconf 78' lang='grc' dir='ltr'>(ι</span> <span class='ocrx_word' id='word_1_734' title='bbox 3177 1843 3360 1906; x_wconf 85' lang='grc' dir='ltr'>αὑτὸν,</span> <span class='ocrx_word' id='word_1_735' title='bbox 3388 1843 3480 1895; x_wconf 73' lang='grc' dir='ltr'>καὶ</span> <span class='ocrx_word' id='word_1_736' title='bbox 3514 1843 3652 1912; x_wconf 88' lang='grc' dir='ltr'>μήτε</span> 
     </span>
    </p>
   </div>
   <div class='ocr_carea' id='block_1_93' title="bbox 2071 1919 3655 1993">
    <p class='ocr_par' dir='ltr' id='par_1_93' title="bbox 2071 1919 3655 1993">
     <span class='ocr_line' id='line_1_93' title="bbox 2071 1919 3655 1993; baseline 0.003 -5"><span class='ocrx_word' id='word_1_737' title='bbox 2071 1926 2224 1987; x_wconf 75' lang='grc' dir='ltr'>ὄντες</span> <span class='ocrx_word' id='word_1_738' title='bbox 2257 1920 2409 1991; x_wconf 79' lang='grc' dir='ltr'>ποιρά</span> <span class='ocrx_word' id='word_1_739' title='bbox 2452 1919 2650 1992; x_wconf 74' lang='grc' dir='ltr'>φρέαρ.</span> <span class='ocrx_word' id='word_1_740' title='bbox 2683 1922 2823 1992; x_wconf 80' lang='grc' dir='ltr'>μήτε</span> <span class='ocrx_word' id='word_1_741' title='bbox 2857 1923 2914 1976; x_wconf 77' lang='grc' dir='ltr'>ὲν</span> <span class='ocrx_word' id='word_1_742' title='bbox 2940 1924 3167 1992; x_wconf 64' lang='grc' dir='ltr'>ὲρημιίιι.</span> <span class='ocrx_word' id='word_1_743' title='bbox 3206 1923 3341 1993; x_wconf 83' lang='grc' dir='ltr'>μήτε</span> <span class='ocrx_word' id='word_1_744' title='bbox 3380 1925 3437 1975; x_wconf 76' lang='grc' dir='ltr'>ὲν</span> <span class='ocrx_word' id='word_1_745' title='bbox 3471 1921 3655 1993; x_wconf 70' lang='grc' dir='ltr'>ἡμέρειι</span> 
     </span>
    </p>
   </div>
   <div class='ocr_carea' id='block_1_94' title="bbox 2077 1998 3656 2073">
    <p class='ocr_par' dir='ltr' id='par_1_94' title="bbox 2077 1998 3656 2073">
     <span class='ocr_line' id='line_1_94' title="bbox 2077 1998 3656 2073; baseline -0.002 -18"><span class='ocrx_word' id='word_1_746' title='bbox 2077 2003 2239 2073; x_wconf 85' lang='grc' dir='ltr'>μέσῃ,</span> <span class='ocrx_word' id='word_1_747' title='bbox 2272 2000 2410 2070; x_wconf 85' lang='grc' dir='ltr'>μήτε</span> <span class='ocrx_word' id='word_1_748' title='bbox 2453 2000 2670 2062; x_wconf 85' lang='grc' dir='ltr'>ἀκτῖνος</span> <span class='ocrx_word' id='word_1_749' title='bbox 2703 1998 2965 2069; x_wconf 88' lang='grc' dir='ltr'>καιούσης</span> <span class='ocrx_word' id='word_1_750' title='bbox 2989 2016 3002 2029; x_wconf 90' lang='grc'><strong>·</strong></span> <span class='ocrx_word' id='word_1_751' title='bbox 3045 2000 3161 2054; x_wconf 79' lang='grc' dir='ltr'>ἀλλ’</span> <span class='ocrx_word' id='word_1_752' title='bbox 3192 2001 3297 2053; x_wconf 82' lang='grc' dir='ltr'>ὑπὸ</span> <span class='ocrx_word' id='word_1_753' title='bbox 3323 2001 3421 2071; x_wconf 77' lang='grc' dir='ltr'>τὴν</span> <span class='ocrx_word' id='word_1_754' title='bbox 3448 1999 3524 2053; x_wconf 77' lang='grc' dir='ltr'>ἓω</span> <span class='ocrx_word' id='word_1_755' title='bbox 3564 2001 3656 2052; x_wconf 75' lang='grc' dir='ltr'>καὶ</span> 
     </span>
    </p>
   </div>
   <div class='ocr_carea' id='block_1_95' title="bbox 2075 2076 3653 2149">
    <p class='ocr_par' dir='ltr' id='par_1_95' title="bbox 2075 2076 3653 2149">
     <span class='ocr_line' id='line_1_95' title="bbox 2075 2076 3653 2149; baseline -0.003 -15"><span class='ocrx_word' id='word_1_756' title='bbox 2075 2082 2181 2134; x_wconf 87' lang='grc' dir='ltr'>ὑπὸ</span> <span class='ocrx_word' id='word_1_757' title='bbox 2202 2077 2441 2132; x_wconf 81' lang='grc' dir='ltr'>τοιοῦτον</span> <span class='ocrx_word' id='word_1_758' title='bbox 2462 2076 2656 2148; x_wconf 79' lang='grc' dir='ltr'>ὄροφον</span> <span class='ocrx_word' id='word_1_759' title='bbox 2681 2079 2839 2141; x_wconf 79' lang='grc' dir='ltr'>σκιᾶς</span> <span class='ocrx_word' id='word_1_760' title='bbox 2863 2078 3232 2144; x_wconf 85' lang='grc' dir='ltr'>ἀπολαύοντες</span> <span class='ocrx_word' id='word_1_761' title='bbox 3253 2081 3346 2132; x_wconf 74' lang='grc' dir='ltr'>καὶ</span> <span class='ocrx_word' id='word_1_762' title='bbox 3369 2078 3653 2149; x_wconf 80' lang='grc' dir='ltr'>εὐψυχίας,</span> 
     </span>
    </p>
   </div>
   <div class='ocr_carea' id='block_1_96' title="bbox 2075 2154 3654 2229">
    <p class='ocr_par' dir='ltr' id='par_1_96' title="bbox 2075 2154 3654 2229">
     <span class='ocr_line' id='line_1_96' title="bbox 2075 2154 3654 2229; baseline -0.004 -14"><span class='ocrx_word' id='word_1_763' title='bbox 2075 2159 2171 2215; x_wconf 70' lang='grc' dir='ltr'>καὶ</span> <span class='ocrx_word' id='word_1_764' title='bbox 2203 2157 2278 2229; x_wconf 83' lang='grc' dir='ltr'>μὴ</span> <span class='ocrx_word' id='word_1_765' title='bbox 2297 2154 2689 2228; x_wconf 82' lang='grc' dir='ltr'>καρτεροῦντες</span> <span class='ocrx_word' id='word_1_766' title='bbox 2714 2156 2945 2210; x_wconf 88' lang='grc' dir='ltr'>ἀκοῦσαί</span> <span class='ocrx_word' id='word_1_767' title='bbox 2972 2174 3023 2211; x_wconf 92' lang='grc' dir='ltr'>τι</span> <span class='ocrx_word' id='word_1_768' title='bbox 3052 2158 3161 2212; x_wconf 90' lang='grc' dir='ltr'>τῶν</span> <span class='ocrx_word' id='word_1_769' title='bbox 3190 2157 3518 2228; x_wconf 90' lang='grc' dir='ltr'>λεγομένων,</span> <span class='ocrx_word' id='word_1_770' title='bbox 3539 2154 3654 2209; x_wconf 83' lang='grc' dir='ltr'>ἀλλ’</span> 
     </span>
    </p>
   </div>
   <div class='ocr_carea' id='block_1_97' title="bbox 2076 2234 3658 2309">
    <p class='ocr_par' dir='ltr' id='par_1_97' title="bbox 2076 2234 3658 2309">
     <span class='ocr_line' id='line_1_97' title="bbox 2076 2234 3658 2309; baseline -0.002 -17"><span class='ocrx_word' id='word_1_771' title='bbox 2076 2234 2461 2299; x_wconf 83' lang='grc' dir='ltr'>ἀποκναίοντες</span> <span class='ocrx_word' id='word_1_772' title='bbox 2490 2246 2513 2274; x_wconf 76' lang='grc' dir='ltr'>ε</span> <span class='ocrx_word' id='word_1_773' title='bbox 2537 2251 2553 2301; x_wconf 88' lang='grc'>;</span> <span class='ocrx_word' id='word_1_774' title='bbox 2592 2234 2729 2288; x_wconf 84' lang='grc' dir='ltr'>Ἀλλ’</span> <span class='ocrx_word' id='word_1_775' title='bbox 2757 2236 2856 2290; x_wconf 85' lang='grc' dir='ltr'>οὑκ</span> <span class='ocrx_word' id='word_1_776' title='bbox 2888 2236 3071 2309; x_wconf 86' lang='grc' dir='ltr'>ἐκείνη</span> <span class='ocrx_word' id='word_1_777' title='bbox 3097 2237 3342 2306; x_wconf 85' lang='grc' dir='ltr'>τοιαύτη,</span> <span class='ocrx_word' id='word_1_778' title='bbox 3373 2235 3486 2290; x_wconf 87' lang='grc' dir='ltr'>ἀλλ’</span> <span class='ocrx_word' id='word_1_779' title='bbox 3515 2234 3658 2289; x_wconf 83' lang='grc' dir='ltr'>οὑτω</span> 
     </span>
    </p>
   </div>
   <div class='ocr_carea' id='block_1_98' title="bbox 2078 2313 3655 2388">
    <p class='ocr_par' dir='ltr' id='par_1_98' title="bbox 2078 2313 3655 2388">
     <span class='ocr_line' id='line_1_98' title="bbox 2078 2313 3655 2388; baseline 0 -18"><span class='ocrx_word' id='word_1_780' title='bbox 2078 2315 2371 2386; x_wconf 88' lang='grc' dir='ltr'>κατέχεται</span> <span class='ocrx_word' id='word_1_781' title='bbox 2398 2315 2513 2379; x_wconf 86' lang='grc' dir='ltr'>τοῖς</span> <span class='ocrx_word' id='word_1_782' title='bbox 2547 2313 2879 2385; x_wconf 83' lang='grc' dir='ltr'>λεγομένοις,</span> <span class='ocrx_word' id='word_1_783' title='bbox 2919 2317 2995 2381; x_wconf 85' lang='grc' dir='ltr'>ὡς</span> <span class='ocrx_word' id='word_1_784' title='bbox 3027 2318 3122 2371; x_wconf 69' lang='grc' dir='ltr'>καὶ</span> <span class='ocrx_word' id='word_1_785' title='bbox 3152 2318 3372 2388; x_wconf 86' lang='grc' dir='ltr'>ἐτέρους</span> <span class='ocrx_word' id='word_1_786' title='bbox 3404 2314 3655 2370; x_wconf 86' lang='grc' dir='ltr'>καλέσαι.</span> 
     </span>
    </p>
   </div>
   <div class='ocr_carea' id='block_1_99' title="bbox 2090 2393 3658 2465">
    <p class='ocr_par' dir='ltr' id='par_1_99' title="bbox 2090 2393 3658 2465">
     <span class='ocr_line' id='line_1_99' title="bbox 2090 2393 3658 2465; baseline 0 -16"><span class='ocrx_word' id='word_1_787' title='bbox 2090 2394 2328 2449; x_wconf 84' lang='grc' dir='ltr'>Ἰουδαῖοι</span> <span class='ocrx_word' id='word_1_788' title='bbox 2357 2393 2416 2446; x_wconf 82' lang='grc' dir='ltr'>δὲ</span> <span class='ocrx_word' id='word_1_789' title='bbox 2456 2394 2517 2448; x_wconf 86' lang='grc' dir='ltr'>οὑ</span> <span class='ocrx_word' id='word_1_790' title='bbox 2564 2394 2723 2465; x_wconf 91' lang='grc' dir='ltr'>μόνον</span> <span class='ocrx_word' id='word_1_791' title='bbox 2765 2394 2866 2451; x_wconf 84' lang='grc' dir='ltr'>οὐκ</span> <span class='ocrx_word' id='word_1_792' title='bbox 2914 2395 3164 2461; x_wconf 73' lang='grc' dir='ltr'>ἐκάλουν,</span> <span class='ocrx_word' id='word_1_793' title='bbox 3213 2396 3348 2450; x_wconf 89' lang='grc' dir='ltr'>ἀλλά</span> <span class='ocrx_word' id='word_1_794' title='bbox 3392 2396 3485 2450; x_wconf 80' lang='grc' dir='ltr'>καὶ</span> <span class='ocrx_word' id='word_1_795' title='bbox 3530 2395 3658 2458; x_wconf 83' lang='grc' dir='ltr'>τοὺς</span> 
     </span>
    </p>
   </div>
   <div class='ocr_carea' id='block_1_100' title="bbox 2080 2470 3654 2544">
    <p class='ocr_par' dir='ltr' id='par_1_100' title="bbox 2080 2470 3654 2544">
     <span class='ocr_line' id='line_1_100' title="bbox 2080 2470 3654 2544; baseline -0.001 -17"><span class='ocrx_word' id='word_1_796' title='bbox 2080 2472 2435 2544; x_wconf 82' lang='grc' dir='ltr'>βουλομένους</span> <span class='ocrx_word' id='word_1_797' title='bbox 2483 2471 2803 2543; x_wconf 87' lang='grc' dir='ltr'>προσελθεῖν</span> <span class='ocrx_word' id='word_1_798' title='bbox 2839 2470 2859 2513; x_wconf 69' lang='grc' dir='ltr'><em>τ</em></span> <span class='ocrx_word' id='word_1_799' title='bbox 2915 2475 3152 2529; x_wconf 80' lang='grc' dir='ltr'>ἐκώλυον</span> <span class='ocrx_word' id='word_1_800' title='bbox 3193 2477 3289 2530; x_wconf 71' lang='grc' dir='ltr'>καὶ</span> <span class='ocrx_word' id='word_1_801' title='bbox 3327 2473 3654 2539; x_wconf 79' lang='grc' dir='ltr'>ἐνεπόδιζον·</span> 
     </span>
    </p>
   </div>
   <div class='ocr_carea' id='block_1_101' title="bbox 2078 2552 3662 2625">
    <p class='ocr_par' dir='ltr' id='par_1_101' title="bbox 2078 2552 3662 2625">
     <span class='ocr_line' id='line_1_101' title="bbox 2078 2552 3662 2625; baseline 0.001 -18"><span class='ocrx_word' id='word_1_802' title='bbox 2078 2553 2159 2608; x_wconf 76' lang='grc' dir='ltr'>διὸ</span> <span class='ocrx_word' id='word_1_803' title='bbox 2185 2553 2280 2606; x_wconf 77' lang='grc' dir='ltr'>καὶ</span> <span class='ocrx_word' id='word_1_804' title='bbox 2308 2552 2512 2621; x_wconf 72' lang='grc' dir='ltr'>ἔλεγον·</span> <span class='ocrx_word' id='word_1_805' title='bbox 2542 2552 2640 2619; x_wconf 82' lang='grc' dir='ltr'>Μή</span> <span class='ocrx_word' id='word_1_806' title='bbox 2674 2569 2766 2618; x_wconf 86' lang='grc' dir='ltr'>τις</span> <span class='ocrx_word' id='word_1_807' title='bbox 2801 2553 2870 2608; x_wconf 82' lang='grc' dir='ltr'>ἐκ</span> <span class='ocrx_word' id='word_1_808' title='bbox 2902 2554 3022 2608; x_wconf 82' lang='grc' dir='ltr'>τῶν</span> <span class='ocrx_word' id='word_1_809' title='bbox 3049 2556 3362 2625; x_wconf 76' lang='grc' dir='ltr'>ἀρχόντων</span> <span class='ocrx_word' id='word_1_810' title='bbox 3390 2556 3662 2610; x_wconf 77' lang='grc' dir='ltr'>ἐπίστευ-</span> 
     </span>
    </p>
   </div>
   <div class='ocr_carea' id='block_1_102' title="bbox 2079 2630 3662 2706">
    <p class='ocr_par' dir='ltr' id='par_1_102' title="bbox 2079 2630 3662 2706">
     <span class='ocr_line' id='line_1_102' title="bbox 2079 2630 3662 2706; baseline 0 -19"><span class='ocrx_word' id='word_1_811' title='bbox 2079 2648 2194 2687; x_wconf 77' lang='grc' dir='ltr'>σεν</span> <span class='ocrx_word' id='word_1_812' title='bbox 2216 2633 2303 2698; x_wconf 81' lang='grc' dir='ltr'>είς</span> <span class='ocrx_word' id='word_1_813' title='bbox 2323 2630 2542 2695; x_wconf 78' lang='grc' dir='ltr'>αὐτόν;</span> <span class='ocrx_word' id='word_1_814' title='bbox 2575 2631 2729 2687; x_wconf 74' lang='grc' dir='ltr'>Ἀλλ’</span> <span class='ocrx_word' id='word_1_815' title='bbox 2752 2631 2935 2703; x_wconf 74' lang='grc' dir='ltr'>ὄχλος</span> <span class='ocrx_word' id='word_1_816' title='bbox 2972 2631 3154 2703; x_wconf 84' lang='grc' dir='ltr'>οὗτος</span> <span class='ocrx_word' id='word_1_817' title='bbox 3182 2640 3216 2691; x_wconf 83' lang='grc' dir='ltr'>ό</span> <span class='ocrx_word' id='word_1_818' title='bbox 3238 2636 3326 2706; x_wconf 78' lang='grc' dir='ltr'>μὴ</span> <span class='ocrx_word' id='word_1_819' title='bbox 3354 2634 3662 2706; x_wconf 75' lang='grc' dir='ltr'>γινώσκων</span> 
     </span>
    </p>
   </div>
   <div class='ocr_carea' id='block_1_103' title="bbox 2079 2713 3663 2791">
    <p class='ocr_par' dir='ltr' id='par_1_103' title="bbox 2079 2713 3663 2791">
     <span class='ocr_line' id='line_1_103' title="bbox 2079 2713 3663 2791; baseline 0.001 -22"><span class='ocrx_word' id='word_1_820' title='bbox 2079 2715 2188 2770; x_wconf 77' lang='grc' dir='ltr'>τόν</span> <span class='ocrx_word' id='word_1_821' title='bbox 2221 2714 2429 2784; x_wconf 77' lang='grc' dir='ltr'>νόμον,</span> <span class='ocrx_word' id='word_1_822' title='bbox 2476 2713 2897 2783; x_wconf 80' lang='grc' dir='ltr'>ἐπικατάρατοί</span> <span class='ocrx_word' id='word_1_823' title='bbox 2931 2720 3070 2774; x_wconf 85' lang='grc' dir='ltr'>εισι.</span> <span class='ocrx_word' id='word_1_824' title='bbox 3119 2719 3508 2791; x_wconf 87' lang='grc' dir='ltr'>Μιμησώμεθα</span> <span class='ocrx_word' id='word_1_825' title='bbox 3556 2717 3663 2771; x_wconf 85' lang='grc' dir='ltr'>τοί-</span> 
     </span>
    </p>
   </div>
   <div class='ocr_carea' id='block_1_104' title="bbox 2080 2791 3664 2869">
    <p class='ocr_par' dir='ltr' id='par_1_104' title="bbox 2080 2791 3664 2869">
     <span class='ocr_line' id='line_1_104' title="bbox 2080 2791 3664 2869; baseline -0.001 -21"><span class='ocrx_word' id='word_1_826' title='bbox 2080 2811 2174 2848; x_wconf 90' lang='grc' dir='ltr'>νυν</span> <span class='ocrx_word' id='word_1_827' title='bbox 2200 2793 2301 2865; x_wconf 81' lang='grc' dir='ltr'>τὴν</span> <span class='ocrx_word' id='word_1_828' title='bbox 2346 2792 2677 2863; x_wconf 82' lang='grc' dir='ltr'>Σαμαρεῖτιν</span> <span class='ocrx_word' id='word_1_829' title='bbox 2698 2810 2712 2824; x_wconf 89' lang='grc'><strong>·</strong></span> <span class='ocrx_word' id='word_1_830' title='bbox 2755 2793 3124 2868; x_wconf 86' lang='grc' dir='ltr'>διαλεχθῶμεν</span> <span class='ocrx_word' id='word_1_831' title='bbox 3156 2798 3235 2869; x_wconf 84' lang='grc' dir='ltr'>τῷ</span> <span class='ocrx_word' id='word_1_832' title='bbox 3266 2797 3509 2868; x_wconf 81' lang='grc' dir='ltr'>Χριστῷ.</span> <span class='ocrx_word' id='word_1_833' title='bbox 3557 2791 3664 2850; x_wconf 75' lang='grc' dir='ltr'>Καὶ</span> 
     </span>
    </p>
   </div>
   <div class='ocr_carea' id='block_1_105' title="bbox 2081 2869 3664 2943">
    <p class='ocr_par' dir='ltr' id='par_1_105' title="bbox 2081 2869 3664 2943">
     <span class='ocr_line' id='line_1_105' title="bbox 2081 2869 3664 2943; baseline -0.001 -17"><span class='ocrx_word' id='word_1_834' title='bbox 2081 2873 2190 2942; x_wconf 86' lang='lat'>7&amp;9</span> <span class='ocrx_word' id='word_1_835' title='bbox 2216 2871 2310 2925; x_wconf 73' lang='grc' dir='ltr'>καὶ</span> <span class='ocrx_word' id='word_1_836' title='bbox 2355 2869 2452 2924; x_wconf 88' lang='grc' dir='ltr'>νῦν</span> <span class='ocrx_word' id='word_1_837' title='bbox 2492 2870 2657 2940; x_wconf 86' lang='grc' dir='ltr'>μέσος</span> <span class='ocrx_word' id='word_1_838' title='bbox 2690 2872 2848 2943; x_wconf 83' lang='grc' dir='ltr'>ήμῶν</span> <span class='ocrx_word' id='word_1_839' title='bbox 2879 2873 3099 2943; x_wconf 73' lang='grc' dir='ltr'>ἔστηκε,</span> <span class='ocrx_word' id='word_1_840' title='bbox 3136 2877 3231 2929; x_wconf 72' lang='grc' dir='ltr'>καὶ</span> <span class='ocrx_word' id='word_1_841' title='bbox 3260 2875 3350 2929; x_wconf 77' lang='grc' dir='ltr'>διὰ</span> <span class='ocrx_word' id='word_1_842' title='bbox 3381 2874 3490 2929; x_wconf 82' lang='grc' dir='ltr'>τῶν</span> <span class='ocrx_word' id='word_1_843' title='bbox 3531 2890 3664 2943; x_wconf 80' lang='grc' dir='ltr'>προ-</span> 
     </span>
    </p>
   </div>
   <div class='ocr_carea' id='block_1_106' title="bbox 2083 2948 3662 3025">
    <p class='ocr_par' dir='ltr' id='par_1_106' title="bbox 2083 2948 3662 3025">
     <span class='ocr_line' id='line_1_106' title="bbox 2083 2948 3662 3025; baseline 0.003 -21"><span class='ocrx_word' id='word_1_844' title='bbox 2083 2950 2270 3022; x_wconf 86' lang='grc' dir='ltr'>φητῶν</span> <span class='ocrx_word' id='word_1_845' title='bbox 2318 2949 2414 3002; x_wconf 75' lang='grc' dir='ltr'>καὶ</span> <span class='ocrx_word' id='word_1_846' title='bbox 2469 2948 2560 3025; x_wconf 64' lang='grc' dir='ltr'>διὰ</span> <span class='ocrx_word' id='word_1_847' title='bbox 2623 2950 2731 3003; x_wconf 89' lang='grc' dir='ltr'>τῶν</span> <span class='ocrx_word' id='word_1_848' title='bbox 2788 2951 3047 3023; x_wconf 87' lang='grc' dir='ltr'>μαθητῶν</span> <span class='ocrx_word' id='word_1_849' title='bbox 3087 2955 3217 3025; x_wconf 89' lang='grc' dir='ltr'>ήμῖν</span> <span class='ocrx_word' id='word_1_850' title='bbox 3270 2954 3662 3024; x_wconf 78' lang='grc' dir='ltr'>φθεγγόμενος.</span> 
     </span>
    </p>
   </div>
   <div class='ocr_carea' id='block_1_107' title="bbox 2094 3022 3665 3103">
    <p class='ocr_par' dir='ltr' id='par_1_107' title="bbox 2094 3022 3665 3103">
     <span class='ocr_line' id='line_1_107' title="bbox 2094 3022 3665 3103; baseline 0.001 -22"><span class='ocrx_word' id='word_1_851' title='bbox 2094 3025 2440 3096; x_wconf 85' lang='grc' dir='ltr'>Ἀκούσωμεν</span> <span class='ocrx_word' id='word_1_852' title='bbox 2464 3022 2557 3080; x_wconf 80' lang='grc' dir='ltr'>οὖν</span> <span class='ocrx_word' id='word_1_853' title='bbox 2586 3029 2682 3080; x_wconf 68' lang='grc' dir='ltr'>καὶ</span> <span class='ocrx_word' id='word_1_854' title='bbox 2722 3022 3056 3101; x_wconf 88' lang='grc' dir='ltr'>πεισθῶμεν.</span> <span class='ocrx_word' id='word_1_855' title='bbox 3102 3022 3292 3103; x_wconf 73' lang='grc' dir='ltr'>Μέχρι</span> <span class='ocrx_word' id='word_1_856' title='bbox 3314 3032 3453 3096; x_wconf 89' lang='grc' dir='ltr'>τίνος</span> <span class='ocrx_word' id='word_1_857' title='bbox 3483 3022 3665 3103; x_wconf 74' lang='grc' dir='ltr'>ζῶμεν</span> 
     </span>
    </p>
   </div>
   <div class='ocr_carea' id='block_1_108' title="bbox 2082 3104 3667 3184">
    <p class='ocr_par' dir='ltr' id='par_1_108' title="bbox 2082 3104 3667 3184">
     <span class='ocr_line' id='line_1_108' title="bbox 2082 3104 3667 3184; baseline 0.002 -24"><span class='ocrx_word' id='word_1_858' title='bbox 2082 3107 2207 3177; x_wconf 75' lang='grc' dir='ltr'>είκῆ</span> <span class='ocrx_word' id='word_1_859' title='bbox 2252 3110 2345 3160; x_wconf 76' lang='grc' dir='ltr'>καὶ</span> <span class='ocrx_word' id='word_1_860' title='bbox 2390 3104 2604 3177; x_wconf 85' lang='grc' dir='ltr'>μάτην;</span> <span class='ocrx_word' id='word_1_861' title='bbox 2653 3107 2726 3161; x_wconf 85' lang='grc' dir='ltr'>Τὸ</span> <span class='ocrx_word' id='word_1_862' title='bbox 2758 3109 2866 3184; x_wconf 80' lang='grc' dir='ltr'>γὰρ</span> <span class='ocrx_word' id='word_1_863' title='bbox 2914 3109 2988 3182; x_wconf 84' lang='grc' dir='ltr'>μὴ</span> <span class='ocrx_word' id='word_1_864' title='bbox 3032 3111 3102 3164; x_wconf 88' lang='grc' dir='ltr'>τά</span> <span class='ocrx_word' id='word_1_865' title='bbox 3132 3110 3388 3166; x_wconf 88' lang='grc' dir='ltr'>δοκοῦντα</span> <span class='ocrx_word' id='word_1_866' title='bbox 3422 3110 3500 3182; x_wconf 84' lang='grc' dir='ltr'>τῷ</span> <span class='ocrx_word' id='word_1_867' title='bbox 3545 3110 3667 3181; x_wconf 82' lang='grc' dir='ltr'>Θεῷ</span> 
     </span>
    </p>
   </div>
   <div class='ocr_carea' id='block_1_109' title="bbox 2085 3184 3664 3262">
    <p class='ocr_par' dir='ltr' id='par_1_109' title="bbox 2085 3184 3664 3262">
     <span class='ocr_line' id='line_1_109' title="bbox 2085 3184 3664 3262; baseline 0.003 -24"><span class='ocrx_word' id='word_1_868' title='bbox 2085 3188 2280 3248; x_wconf 84' lang='grc' dir='ltr'>ποιεῖν,</span> <span class='ocrx_word' id='word_1_869' title='bbox 2319 3185 2442 3255; x_wconf 87' lang='grc' dir='ltr'>είκῆ</span> <span class='ocrx_word' id='word_1_870' title='bbox 2494 3184 2594 3256; x_wconf 77' lang='grc' dir='ltr'>ζῇν</span> <span class='ocrx_word' id='word_1_871' title='bbox 2635 3187 2782 3240; x_wconf 85' lang='grc' dir='ltr'>ἐστι·</span> <span class='ocrx_word' id='word_1_872' title='bbox 2829 3189 3030 3258; x_wconf 82' lang='grc' dir='ltr'>μᾶλλον</span> <span class='ocrx_word' id='word_1_873' title='bbox 3070 3189 3127 3244; x_wconf 87' lang='grc' dir='ltr'>δὲ</span> <span class='ocrx_word' id='word_1_874' title='bbox 3173 3191 3273 3245; x_wconf 89' lang='grc' dir='ltr'>οὑκ</span> <span class='ocrx_word' id='word_1_875' title='bbox 3321 3193 3444 3262; x_wconf 78' lang='grc' dir='ltr'>εἰκῆ</span> <span class='ocrx_word' id='word_1_876' title='bbox 3485 3191 3664 3262; x_wconf 88' lang='grc' dir='ltr'>μόνον,</span> 
     </span>
    </p>
   </div>
   <div class='ocr_carea' id='block_1_110' title="bbox 2083 3264 3668 3341">
    <p class='ocr_par' dir='ltr' id='par_1_110' title="bbox 2083 3264 3668 3341">
     <span class='ocr_line' id='line_1_110' title="bbox 2083 3264 3668 3341; baseline 0 -21"><span class='ocrx_word' id='word_1_877' title='bbox 2083 3266 2221 3320; x_wconf 90' lang='grc' dir='ltr'>ἀλλά</span> <span class='ocrx_word' id='word_1_878' title='bbox 2260 3265 2356 3319; x_wconf 78' lang='grc' dir='ltr'>καὶ</span> <span class='ocrx_word' id='word_1_879' title='bbox 2396 3266 2490 3318; x_wconf 75' lang='grc' dir='ltr'>ἐπὶ</span> <span class='ocrx_word' id='word_1_880' title='bbox 2543 3264 2721 3336; x_wconf 84' lang='grc' dir='ltr'>κακῷ.</span> <span class='ocrx_word' id='word_1_881' title='bbox 2773 3267 2942 3321; x_wconf 87' lang='grc' dir='ltr'>Ὀταν</span> <span class='ocrx_word' id='word_1_882' title='bbox 2977 3269 3086 3341; x_wconf 90' lang='grc' dir='ltr'>γάρ</span> <span class='ocrx_word' id='word_1_883' title='bbox 3129 3271 3220 3324; x_wconf 81' lang='grc' dir='ltr'>τὸν</span> <span class='ocrx_word' id='word_1_884' title='bbox 3264 3269 3488 3324; x_wconf 88' lang='grc' dir='ltr'>δοθέντα</span> <span class='ocrx_word' id='word_1_885' title='bbox 3537 3271 3668 3340; x_wconf 78' lang='grc' dir='ltr'>ἡμῖν</span> 
     </span>
    </p>
   </div>
   <div class='ocr_carea' id='block_1_111' title="bbox 2085 3341 3670 3419">
    <p class='ocr_par' dir='ltr' id='par_1_111' title="bbox 2085 3341 3670 3419">
     <span class='ocr_line' id='line_1_111' title="bbox 2085 3341 3670 3419; baseline 0.005 -25"><span class='ocrx_word' id='word_1_886' title='bbox 2085 3343 2277 3413; x_wconf 88' lang='grc' dir='ltr'>χρόνον</span> <span class='ocrx_word' id='word_1_887' title='bbox 2320 3341 2690 3414; x_wconf 86' lang='grc' dir='ltr'>ἀναλώσωμεν</span> <span class='ocrx_word' id='word_1_888' title='bbox 2741 3344 2823 3407; x_wconf 87' lang='grc' dir='ltr'>είς</span> <span class='ocrx_word' id='word_1_889' title='bbox 2867 3344 3018 3399; x_wconf 83' lang='grc' dir='ltr'>οὐδὲν</span> <span class='ocrx_word' id='word_1_890' title='bbox 3061 3347 3202 3411; x_wconf 89' lang='grc' dir='ltr'>δέον,</span> <span class='ocrx_word' id='word_1_891' title='bbox 3261 3347 3670 3419; x_wconf 87' lang='grc' dir='ltr'>ἀπελευσόμεθα</span> 
     </span>
    </p>
   </div>
   <div class='ocr_carea' id='block_1_112' title="bbox 2084 3420 3665 3497">
    <p class='ocr_par' dir='ltr' id='par_1_112' title="bbox 2084 3420 3665 3497">
     <span class='ocr_line' id='line_1_112' title="bbox 2084 3420 3665 3497; baseline 0.006 -24"><span class='ocrx_word' id='word_1_892' title='bbox 2084 3420 2238 3493; x_wconf 86' lang='grc' dir='ltr'>δίκην</span> <span class='ocrx_word' id='word_1_893' title='bbox 2266 3420 2529 3483; x_wconf 89' lang='grc' dir='ltr'>δώσοντες</span> <span class='ocrx_word' id='word_1_894' title='bbox 2572 3422 2671 3492; x_wconf 83' lang='grc' dir='ltr'>τὴν</span> <span class='ocrx_word' id='word_1_895' title='bbox 2715 3421 2950 3493; x_wconf 83' lang='grc' dir='ltr'>ἐσχάτην</span> <span class='ocrx_word' id='word_1_896' title='bbox 2979 3425 3078 3494; x_wconf 76' lang='grc' dir='ltr'>τῆς</span> <span class='ocrx_word' id='word_1_897' title='bbox 3117 3426 3351 3497; x_wconf 85' lang='grc' dir='ltr'>ἀκαίρου</span> <span class='ocrx_word' id='word_1_898' title='bbox 3402 3427 3665 3497; x_wconf 83' lang='grc' dir='ltr'>δαπάνης.</span> 
     </span>
    </p>
   </div>
   <div class='ocr_carea' id='block_1_113' title="bbox 2087 3498 3667 3575">
    <p class='ocr_par' dir='ltr' id='par_1_113' title="bbox 2087 3498 3667 3575">
     <span class='ocr_line' id='line_1_113' title="bbox 2087 3498 3667 3575; baseline 0.003 -21"><span class='ocrx_word' id='word_1_899' title='bbox 2087 3501 2163 3554; x_wconf 90' lang='grc' dir='ltr'>Οὑ</span> <span class='ocrx_word' id='word_1_900' title='bbox 2192 3498 2301 3570; x_wconf 88' lang='lat'>7&amp;9</span> <span class='ocrx_word' id='word_1_901' title='bbox 2321 3498 2494 3570; x_wconf 83' lang='grc' dir='ltr'>δήπου</span> <span class='ocrx_word' id='word_1_902' title='bbox 2522 3499 2552 3550; x_wconf 90' lang='grc' dir='ltr'>ό</span> <span class='ocrx_word' id='word_1_903' title='bbox 2578 3500 2678 3570; x_wconf 85' lang='grc' dir='ltr'>μὲν</span> <span class='ocrx_word' id='word_1_904' title='bbox 2703 3502 2963 3571; x_wconf 88' lang='grc' dir='ltr'>χρήματα</span> <span class='ocrx_word' id='word_1_905' title='bbox 2987 3503 3436 3575; x_wconf 87' lang='grc' dir='ltr'>ἐμπορεύσασθαι</span> <span class='ocrx_word' id='word_1_906' title='bbox 3469 3504 3667 3570; x_wconf 82' lang='grc' dir='ltr'>λαὸὼν,</span> 
     </span>
    </p>
   </div>
   <div class='ocr_carea' id='block_1_114' title="bbox 2085 3576 3673 3657">
    <p class='ocr_par' dir='ltr' id='par_1_114' title="bbox 2085 3576 3673 3657">
     <span class='ocr_line' id='line_1_114' title="bbox 2085 3576 3673 3657; baseline 0.003 -23"><span class='ocrx_word' id='word_1_907' title='bbox 2085 3576 2206 3635; x_wconf 84' lang='grc' dir='ltr'>εἶτα</span> <span class='ocrx_word' id='word_1_908' title='bbox 2252 3577 2607 3657; x_wconf 82' lang='grc' dir='ltr'>καταφαγὼν,</span> <span class='ocrx_word' id='word_1_909' title='bbox 2646 3577 2804 3647; x_wconf 90' lang='grc' dir='ltr'>λόγον</span> <span class='ocrx_word' id='word_1_910' title='bbox 2843 3581 3279 3652; x_wconf 85' lang='grc' dir='ltr'>ἀπαιτηθήσεται</span> <span class='ocrx_word' id='word_1_911' title='bbox 3328 3582 3480 3657; x_wconf 75' lang='grc'>[185]</span> <span class='ocrx_word' id='word_1_912' title='bbox 3521 3584 3673 3656; x_wconf 82' lang='grc' dir='ltr'>παρὰ</span> 
     </span>
    </p>
   </div>
   <div class='ocr_carea' id='block_1_115' title="bbox 2085 3656 3672 3735">
    <p class='ocr_par' dir='ltr' id='par_1_115' title="bbox 2085 3656 3672 3735">
     <span class='ocr_line' id='line_1_115' title="bbox 2085 3656 3672 3735; baseline 0.004 -24"><span class='ocrx_word' id='word_1_913' title='bbox 2085 3658 2177 3711; x_wconf 88' lang='grc' dir='ltr'>τοῦ</span> <span class='ocrx_word' id='word_1_914' title='bbox 2214 3656 2629 3735; x_wconf 79' lang='grc' dir='ltr'>πιστεύσαντος·</span> <span class='ocrx_word' id='word_1_915' title='bbox 2687 3659 2715 3711; x_wconf 87' lang='grc' dir='ltr'>ό</span> <span class='ocrx_word' id='word_1_916' title='bbox 2769 3657 2825 3710; x_wconf 80' lang='grc' dir='ltr'>δὲ</span> <span class='ocrx_word' id='word_1_917' title='bbox 2864 3657 3009 3730; x_wconf 73' lang='grc' dir='ltr'>ζωὴν</span> <span class='ocrx_word' id='word_1_918' title='bbox 3057 3656 3672 3735; x_wconf 25' lang='grc' dir='ltr'>τοιαύτηνίδαπανήσας</span> 
     </span>
    </p>
   </div>
   <div class='ocr_carea' id='block_1_116' title="bbox 2089 3732 3671 3813">
    <p class='ocr_par' dir='ltr' id='par_1_116' title="bbox 2089 3732 3671 3813">
     <span class='ocr_line' id='line_1_116' title="bbox 2089 3732 3671 3813; baseline 0.004 -25"><span class='ocrx_word' id='word_1_919' title='bbox 2089 3736 2287 3807; x_wconf 86' lang='grc' dir='ltr'>μάτην,</span> <span class='ocrx_word' id='word_1_920' title='bbox 2325 3735 2384 3787; x_wconf 88' lang='grc' dir='ltr'>οὑ</span> <span class='ocrx_word' id='word_1_921' title='bbox 2428 3732 2589 3788; x_wconf 82' lang='grc' dir='ltr'>δώσει</span> <span class='ocrx_word' id='word_1_922' title='bbox 2638 3734 2815 3807; x_wconf 87' lang='grc' dir='ltr'>δίκην.</span> <span class='ocrx_word' id='word_1_923' title='bbox 2862 3736 2940 3790; x_wconf 81' lang='grc' dir='ltr'>Οὐ</span> <span class='ocrx_word' id='word_1_924' title='bbox 2973 3737 3062 3791; x_wconf 83' lang='grc' dir='ltr'>διὰ</span> <span class='ocrx_word' id='word_1_925' title='bbox 3094 3741 3252 3794; x_wconf 87' lang='grc' dir='ltr'>τοῦτο</span> <span class='ocrx_word' id='word_1_926' title='bbox 3272 3732 3428 3813; x_wconf 76' lang='grc' dir='ltr'>ἡμᾶς</span> <span class='ocrx_word' id='word_1_927' title='bbox 3464 3744 3493 3794; x_wconf 88' lang='grc' dir='ltr'>ό</span> <span class='ocrx_word' id='word_1_928' title='bbox 3539 3732 3671 3805; x_wconf 76' lang='grc' dir='ltr'>Θεὸς</span> 
     </span>
    </p>
   </div>
   <div class='ocr_carea' id='block_1_117' title="bbox 2087 3813 3671 3891">
    <p class='ocr_par' dir='ltr' id='par_1_117' title="bbox 2087 3813 3671 3891">
     <span class='ocr_line' id='line_1_117' title="bbox 2087 3813 3671 3891; baseline 0.005 -26"><span class='ocrx_word' id='word_1_929' title='bbox 2087 3815 2293 3885; x_wconf 74' lang='grc' dir='ltr'>ἤγαγεν</span> <span class='ocrx_word' id='word_1_930' title='bbox 2318 3815 2396 3877; x_wconf 86' lang='grc' dir='ltr'>είς</span> <span class='ocrx_word' id='word_1_931' title='bbox 2425 3813 2516 3867; x_wconf 84' lang='grc' dir='ltr'>τὸν</span> <span class='ocrx_word' id='word_1_932' title='bbox 2551 3813 2793 3886; x_wconf 88' lang='grc' dir='ltr'>παρόντα</span> <span class='ocrx_word' id='word_1_933' title='bbox 2822 3813 2957 3885; x_wconf 84' lang='grc' dir='ltr'>βίον,</span> <span class='ocrx_word' id='word_1_934' title='bbox 2987 3817 3082 3871; x_wconf 77' lang='grc' dir='ltr'>καὶ</span> <span class='ocrx_word' id='word_1_935' title='bbox 3117 3819 3296 3891; x_wconf 80' lang='grc' dir='ltr'>ψυχὴν</span> <span class='ocrx_word' id='word_1_936' title='bbox 3324 3819 3671 3885; x_wconf 81' lang='grc' dir='ltr'>ἐνέπνευσεν,</span> 
     </span>
    </p>
   </div>
   <div class='ocr_carea' id='block_1_118' title="bbox 2088 3892 3671 3966">
    <p class='ocr_par' dir='ltr' id='par_1_118' title="bbox 2088 3892 3671 3966">
     <span class='ocr_line' id='line_1_118' title="bbox 2088 3892 3671 3966; baseline 0.006 -21"><span class='ocrx_word' id='word_1_937' title='bbox 2088 3893 2174 3946; x_wconf 79' lang='grc' dir='ltr'>ἵνα</span> <span class='ocrx_word' id='word_1_938' title='bbox 2200 3892 2277 3962; x_wconf 84' lang='grc' dir='ltr'>τῷ</span> <span class='ocrx_word' id='word_1_939' title='bbox 2301 3894 2529 3964; x_wconf 84' lang='grc' dir='ltr'>παρόντι</span> <span class='ocrx_word' id='word_1_940' title='bbox 2576 3892 2914 3965; x_wconf 87' lang='grc' dir='ltr'>χρησώμεθα</span> <span class='ocrx_word' id='word_1_941' title='bbox 2949 3897 3108 3966; x_wconf 88' lang='grc' dir='ltr'>μόνον</span> <span class='ocrx_word' id='word_1_942' title='bbox 3136 3900 3182 3960; x_wconf 76' lang='grc' dir='ltr'>ε,</span> <span class='ocrx_word' id='word_1_943' title='bbox 3214 3898 3331 3952; x_wconf 76' lang='grc' dir='ltr'>ἀλλ’</span> <span class='ocrx_word' id='word_1_944' title='bbox 3366 3900 3452 3953; x_wconf 83' lang='grc' dir='ltr'>ἵνα</span> <span class='ocrx_word' id='word_1_945' title='bbox 3492 3901 3671 3955; x_wconf 84' lang='grc' dir='ltr'>πάντα</span> 
     </span>
    </p>
   </div>
   <div class='ocr_carea' id='block_1_119' title="bbox 2091 3970 3672 4049">
    <p class='ocr_par' dir='ltr' id='par_1_119' title="bbox 2091 3970 3672 4049">
     <span class='ocr_line' id='line_1_119' title="bbox 2091 3970 3672 4049; baseline 0.004 -24"><span class='ocrx_word' id='word_1_946' title='bbox 2091 3972 2230 4043; x_wconf 84' lang='grc' dir='ltr'>πρὸς</span> <span class='ocrx_word' id='word_1_947' title='bbox 2274 3971 2373 4041; x_wconf 83' lang='grc' dir='ltr'>τὴν</span> <span class='ocrx_word' id='word_1_948' title='bbox 2424 3970 2727 4040; x_wconf 84' lang='grc' dir='ltr'>μέλλουσαν</span> <span class='ocrx_word' id='word_1_949' title='bbox 2776 3975 3331 4047; x_wconf 59' lang='grc' dir='ltr'>πραγμτευσιῦμεθα</span> <span class='ocrx_word' id='word_1_950' title='bbox 3366 3978 3532 4049; x_wconf 77' lang='grc' dir='ltr'>ζωήν.</span> <span class='ocrx_word' id='word_1_951' title='bbox 3590 3978 3672 4032; x_wconf 80' lang='grc' dir='ltr'>Τὰ</span> 
     </span>
    </p>
   </div>
   <div class='ocr_carea' id='block_1_120' title="bbox 2090 4050 3673 4130">
    <p class='ocr_par' dir='ltr' id='par_1_120' title="bbox 2090 4050 3673 4130">
     <span class='ocr_line' id='line_1_120' title="bbox 2090 4050 3673 4130; baseline 0.005 -27"><span class='ocrx_word' id='word_1_952' title='bbox 2090 4051 2201 4130; x_wconf 74' lang='grc' dir='ltr'>γὰρ</span> <span class='ocrx_word' id='word_1_953' title='bbox 2240 4050 2419 4130; x_wconf 75' lang='grc' dir='ltr'>ἄλογα</span> <span class='ocrx_word' id='word_1_954' title='bbox 2454 4051 2702 4130; x_wconf 13' lang='grc' dir='ltr'>μόναντῷ</span> <span class='ocrx_word' id='word_1_955' title='bbox 2733 4053 2959 4123; x_wconf 90' lang='grc' dir='ltr'>παρόντι</span> <span class='ocrx_word' id='word_1_956' title='bbox 3011 4056 3259 4127; x_wconf 81' lang='grc' dir='ltr'>χρήσιμα</span> <span class='ocrx_word' id='word_1_957' title='bbox 3306 4056 3438 4129; x_wconf 84' lang='grc' dir='ltr'>βίῳ·</span> <span class='ocrx_word' id='word_1_958' title='bbox 3506 4060 3673 4130; x_wconf 89' lang='grc' dir='ltr'>ήμεῖς</span> 
     </span>
    </p>
   </div>
   <div class='ocr_carea' id='block_1_121' title="bbox 2086 4129 3669 4209">
    <p class='ocr_par' dir='ltr' id='par_1_121' title="bbox 2086 4129 3669 4209">
     <span class='ocr_line' id='line_1_121' title="bbox 2086 4129 3669 4209; baseline 0.006 -26"><span class='ocrx_word' id='word_1_959' title='bbox 2086 4130 2142 4183; x_wconf 83' lang='grc' dir='ltr'>δὲ</span> <span class='ocrx_word' id='word_1_960' title='bbox 2173 4129 2262 4182; x_wconf 78' lang='grc' dir='ltr'>διὰ</span> <span class='ocrx_word' id='word_1_961' title='bbox 2291 4129 2451 4183; x_wconf 85' lang='grc' dir='ltr'>τοῦτο</span> <span class='ocrx_word' id='word_1_962' title='bbox 2490 4129 2667 4209; x_wconf 68' lang='grc' dir='ltr'>ψυχὴν</span> <span class='ocrx_word' id='word_1_963' title='bbox 2713 4131 2981 4185; x_wconf 76' lang='grc' dir='ltr'>ἀθάνατον</span> <span class='ocrx_word' id='word_1_964' title='bbox 3017 4134 3234 4204; x_wconf 79' lang='grc' dir='ltr'>ἔχομεν,</span> <span class='ocrx_word' id='word_1_965' title='bbox 3276 4136 3365 4189; x_wconf 79' lang='grc' dir='ltr'>ἵνα</span> <span class='ocrx_word' id='word_1_966' title='bbox 3406 4135 3543 4206; x_wconf 84' lang='grc' dir='ltr'>πρὸς</span> <span class='ocrx_word' id='word_1_967' title='bbox 3568 4137 3669 4209; x_wconf 81' lang='grc' dir='ltr'>τὴν</span> 
     </span>
    </p>
   </div>
   <div class='ocr_carea' id='block_1_122' title="bbox 2087 4208 3666 4287">
    <p class='ocr_par' dir='ltr' id='par_1_122' title="bbox 2087 4208 3666 4287">
     <span class='ocr_line' id='line_1_122' title="bbox 2087 4208 3666 4287; baseline 0.007 -27"><span class='ocrx_word' id='word_1_968' title='bbox 2087 4209 2304 4279; x_wconf 82' lang='grc' dir='ltr'>ἐκείνης</span> <span class='ocrx_word' id='word_1_969' title='bbox 2349 4212 2449 4281; x_wconf 86' lang='grc' dir='ltr'>τῆς</span> <span class='ocrx_word' id='word_1_970' title='bbox 2507 4208 2654 4278; x_wconf 79' lang='grc' dir='ltr'>ζωῆς</span> <span class='ocrx_word' id='word_1_971' title='bbox 2713 4211 3070 4283; x_wconf 80' lang='grc' dir='ltr'>παρασκευήν</span> <span class='ocrx_word' id='word_1_972' title='bbox 3118 4213 3296 4268; x_wconf 87' lang='grc' dir='ltr'>πάντα</span> <span class='ocrx_word' id='word_1_973' title='bbox 3351 4208 3666 4287; x_wconf 82' lang='grc' dir='ltr'>πράξωμεν.</span> 
     </span>
    </p>
   </div>
   <div class='ocr_carea' id='block_1_123' title="bbox 2090 4288 3669 4362">
    <p class='ocr_par' dir='ltr' id='par_1_123' title="bbox 2090 4288 3669 4362">
     <span class='ocr_line' id='line_1_123' title="bbox 2090 4288 3669 4362; baseline 0.006 -22"><span class='ocrx_word' id='word_1_974' title='bbox 2090 4288 2302 4342; x_wconf 83' lang='grc' dir='ltr'>Ἵππων</span> <span class='ocrx_word' id='word_1_975' title='bbox 2334 4289 2432 4360; x_wconf 85' lang='grc' dir='ltr'>μὲν</span> <span class='ocrx_word' id='word_1_976' title='bbox 2456 4290 2583 4359; x_wconf 84' lang='grc' dir='ltr'>γὰρ,</span> <span class='ocrx_word' id='word_1_977' title='bbox 2618 4289 2710 4341; x_wconf 76' lang='grc' dir='ltr'>καὶ</span> <span class='ocrx_word' id='word_1_978' title='bbox 2732 4288 2889 4354; x_wconf 78' lang='grc' dir='ltr'>ὄνων,</span> <span class='ocrx_word' id='word_1_979' title='bbox 2915 4293 3009 4345; x_wconf 82' lang='grc' dir='ltr'>καὶ</span> <span class='ocrx_word' id='word_1_980' title='bbox 3042 4292 3203 4362; x_wconf 81' lang='grc' dir='ltr'>βοῶν,</span> <span class='ocrx_word' id='word_1_981' title='bbox 3233 4296 3329 4348; x_wconf 73' lang='grc' dir='ltr'>καὶ</span> <span class='ocrx_word' id='word_1_982' title='bbox 3362 4295 3469 4349; x_wconf 76' lang='grc' dir='ltr'>τῶν</span> <span class='ocrx_word' id='word_1_983' title='bbox 3494 4295 3669 4349; x_wconf 79' lang='grc' dir='ltr'>ἄλλων</span> 
     </span>
    </p>
   </div>
   <div class='ocr_carea' id='block_1_124' title="bbox 2086 4366 3667 4446">
    <p class='ocr_par' dir='ltr' id='par_1_124' title="bbox 2086 4366 3667 4446">
     <span class='ocr_line' id='line_1_124' title="bbox 2086 4366 3667 4446; baseline 0.005 -26"><span class='ocrx_word' id='word_1_984' title='bbox 2086 4366 2195 4421; x_wconf 89' lang='grc' dir='ltr'>τῶν</span> <span class='ocrx_word' id='word_1_985' title='bbox 2216 4368 2472 4422; x_wconf 87' lang='grc' dir='ltr'>τοιούτων</span> <span class='ocrx_word' id='word_1_986' title='bbox 2490 4367 2552 4438; x_wconf 83' lang='grc' dir='ltr'>βο</span> <span class='ocrx_word' id='word_1_987' title='bbox 2562 4385 2660 4438; x_wconf 61' lang='grc' dir='ltr'>εκη</span> <span class='ocrx_word' id='word_1_988' title='bbox 2668 4369 2853 4438; x_wconf 87' lang='grc' dir='ltr'>μάτων</span> <span class='ocrx_word' id='word_1_989' title='bbox 2874 4369 2939 4424; x_wconf 86' lang='grc' dir='ltr'>ἂν</span> <span class='ocrx_word' id='word_1_990' title='bbox 2962 4372 3214 4445; x_wconf 77' lang='grc' dir='ltr'>ἐρωτήσῃ</span> <span class='ocrx_word' id='word_1_991' title='bbox 3235 4391 3316 4437; x_wconf 87' lang='grc' dir='ltr'>τις</span> <span class='ocrx_word' id='word_1_992' title='bbox 3330 4375 3430 4445; x_wconf 77' lang='grc' dir='ltr'>τὴν</span> <span class='ocrx_word' id='word_1_993' title='bbox 3456 4375 3667 4446; x_wconf 86' lang='grc' dir='ltr'>χρείαν,</span> 
     </span>
    </p>
   </div>
   <div class='ocr_carea' id='block_1_125' title="bbox 2087 4448 3670 4527">
    <p class='ocr_par' dir='ltr' id='par_1_125' title="bbox 2087 4448 3670 4527">
     <span class='ocr_line' id='line_1_125' title="bbox 2087 4448 3670 4527; baseline 0.004 -26"><span class='ocrx_word' id='word_1_994' title='bbox 2087 4448 2345 4527; x_wconf 77' lang='grc' dir='ltr'>οὐδεμίαν</span> <span class='ocrx_word' id='word_1_995' title='bbox 2370 4448 2537 4518; x_wconf 85' lang='grc' dir='ltr'>ἀλλην</span> <span class='ocrx_word' id='word_1_996' title='bbox 2566 4449 2819 4527; x_wconf 81' lang='grc' dir='ltr'>ἐροῦμεν,</span> <span class='ocrx_word' id='word_1_997' title='bbox 2850 4450 2984 4504; x_wconf 88' lang='grc' dir='ltr'>ἀλλά</span> <span class='ocrx_word' id='word_1_998' title='bbox 3006 4453 3104 4523; x_wconf 84' lang='grc' dir='ltr'>τὴν</span> <span class='ocrx_word' id='word_1_999' title='bbox 3130 4454 3187 4506; x_wconf 87' lang='grc' dir='ltr'>ἐν</span> <span class='ocrx_word' id='word_1_1000' title='bbox 3213 4454 3290 4525; x_wconf 86' lang='grc' dir='ltr'>τῷ</span> <span class='ocrx_word' id='word_1_1001' title='bbox 3321 4456 3545 4527; x_wconf 85' lang='grc' dir='ltr'>παρόντι</span> <span class='ocrx_word' id='word_1_1002' title='bbox 3568 4455 3670 4525; x_wconf 81' lang='grc' dir='ltr'>βίῳ</span> 
     </span>
    </p>
   </div>
   <div class='ocr_carea' id='block_1_126' title="bbox 2085 4524 3676 4597">
    <p class='ocr_par' dir='ltr' id='par_1_126' title="bbox 2085 4524 3676 4597">
     <span class='ocr_line' id='line_1_126' title="bbox 2085 4524 3676 4597; baseline 0.005 -21"><span class='ocrx_word' id='word_1_1003' title='bbox 2085 4524 2380 4580; x_wconf 87' lang='grc' dir='ltr'>διακονίαν.</span> <span class='ocrx_word' id='word_1_1004' title='bbox 2412 4528 2545 4596; x_wconf 71' lang='grc' dir='ltr'>Περ)⁵</span> <span class='ocrx_word' id='word_1_1005' title='bbox 2577 4526 2634 4580; x_wconf 87' lang='grc' dir='ltr'>δέ</span> <span class='ocrx_word' id='word_1_1006' title='bbox 2663 4529 2823 4597; x_wconf 82' lang='grc' dir='ltr'>ήμῶν</span> <span class='ocrx_word' id='word_1_1007' title='bbox 2865 4531 2965 4582; x_wconf 80' lang='grc' dir='ltr'>οὑκ</span> <span class='ocrx_word' id='word_1_1008' title='bbox 3001 4531 3117 4584; x_wconf 79' lang='grc' dir='ltr'>ἐστι</span> <span class='ocrx_word' id='word_1_1009' title='bbox 3144 4524 3301 4586; x_wconf 84' lang='grc' dir='ltr'>τοῦτο</span> <span class='ocrx_word' id='word_1_1010' title='bbox 3338 4524 3528 4596; x_wconf 82' lang='grc' dir='ltr'>εἰπεῖν,</span> <span class='ocrx_word' id='word_1_1011' title='bbox 3556 4524 3676 4587; x_wconf 80' lang='grc' dir='ltr'>ἀλλ’</span> 
     </span>
    </p>
   </div>
   <div class='ocr_carea' id='block_1_127' title="bbox 2088 4604 3676 4681">
    <p class='ocr_par' dir='ltr' id='par_1_127' title="bbox 2088 4604 3676 4681">
     <span class='ocr_line' id='line_1_127' title="bbox 2088 4604 3676 4681; baseline 0.006 -25"><span class='ocrx_word' id='word_1_1012' title='bbox 2088 4608 2121 4676; x_wconf 87' lang='grc' dir='ltr'>ή</span> <span class='ocrx_word' id='word_1_1013' title='bbox 2167 4604 2389 4675; x_wconf 83' lang='grc' dir='ltr'>βελτίων</span> <span class='ocrx_word' id='word_1_1014' title='bbox 2431 4604 2787 4671; x_wconf 88' lang='grc' dir='ltr'>κατάστασις,</span> <span class='ocrx_word' id='word_1_1015' title='bbox 2838 4609 2871 4678; x_wconf 76' lang='grc' dir='ltr'>ἡ</span> <span class='ocrx_word' id='word_1_1016' title='bbox 2927 4610 3067 4680; x_wconf 88' lang='grc' dir='ltr'>μετά</span> <span class='ocrx_word' id='word_1_1017' title='bbox 3094 4611 3193 4681; x_wconf 83' lang='grc' dir='ltr'>τὴν</span> <span class='ocrx_word' id='word_1_1018' title='bbox 3238 4612 3487 4667; x_wconf 84' lang='grc' dir='ltr'>ἐντεῦθέν</span> <span class='ocrx_word' id='word_1_1019' title='bbox 3527 4616 3676 4667; x_wconf 86' lang='grc' dir='ltr'>ἐστιν</span> 
     </span>
    </p>
   </div>
   <div class='ocr_carea' id='block_1_128' title="bbox 2087 4683 3673 4762">
    <p class='ocr_par' dir='ltr' id='par_1_128' title="bbox 2087 4683 3673 4762">
     <span class='ocr_line' id='line_1_128' title="bbox 2087 4683 3673 4762; baseline 0.005 -25"><span class='ocrx_word' id='word_1_1020' title='bbox 2087 4683 2415 4754; x_wconf 61' lang='grc' dir='ltr'>ἀποδημίαν</span> <span class='ocrx_word' id='word_1_1021' title='bbox 2453 4683 2547 4736; x_wconf 74' lang='grc' dir='ltr'>καὶ</span> <span class='ocrx_word' id='word_1_1022' title='bbox 2576 4684 2658 4737; x_wconf 83' lang='grc' dir='ltr'>δεῖ</span> <span class='ocrx_word' id='word_1_1023' title='bbox 2708 4689 2886 4740; x_wconf 88' lang='grc' dir='ltr'>πάντα</span> <span class='ocrx_word' id='word_1_1024' title='bbox 2930 4692 3127 4754; x_wconf 86' lang='grc' dir='ltr'>ποιεῖν,</span> <span class='ocrx_word' id='word_1_1025' title='bbox 3162 4692 3248 4745; x_wconf 86' lang='grc' dir='ltr'>ἵνα</span> <span class='ocrx_word' id='word_1_1026' title='bbox 3296 4694 3416 4747; x_wconf 85' lang='grc' dir='ltr'>ἐκεῖ</span> <span class='ocrx_word' id='word_1_1027' title='bbox 3451 4692 3673 4762; x_wconf 79' lang='grc' dir='ltr'>λάμψω-</span> 
     </span>
    </p>
   </div>
   <div class='ocr_carea' id='block_1_129' title="bbox 2089 4762 3677 4843">
    <p class='ocr_par' dir='ltr' id='par_1_129' title="bbox 2089 4762 3677 4843">
     <span class='ocr_line' id='line_1_129' title="bbox 2089 4762 3677 4843; baseline 0.005 -29"><span class='ocrx_word' id='word_1_1028' title='bbox 2089 4780 2211 4833; x_wconf 87' lang='grc' dir='ltr'>μεν,</span> <span class='ocrx_word' id='word_1_1029' title='bbox 2252 4764 2338 4816; x_wconf 84' lang='grc' dir='ltr'>ἵνα</span> <span class='ocrx_word' id='word_1_1030' title='bbox 2374 4762 2512 4831; x_wconf 80' lang='grc' dir='ltr'>μετὰ</span> <span class='ocrx_word' id='word_1_1031' title='bbox 2545 4763 2793 4831; x_wconf 85' lang='grc' dir='ltr'>ἀγγέλων</span> <span class='ocrx_word' id='word_1_1032' title='bbox 2823 4767 3197 4840; x_wconf 87' lang='grc' dir='ltr'>χορεύσωμεν,</span> <span class='ocrx_word' id='word_1_1033' title='bbox 3234 4771 3322 4824; x_wconf 82' lang='grc' dir='ltr'>ἴνα</span> <span class='ocrx_word' id='word_1_1034' title='bbox 3355 4771 3433 4843; x_wconf 84' lang='grc' dir='ltr'>τῷ</span> <span class='ocrx_word' id='word_1_1035' title='bbox 3463 4771 3677 4842; x_wconf 86' lang='grc' dir='ltr'>βασιλεῖ</span> 
     </span>
    </p>
   </div>
   <div class='ocr_carea' id='block_1_130' title="bbox 2088 4843 3680 4922">
    <p class='ocr_par' dir='ltr' id='par_1_130' title="bbox 2088 4843 3680 4922">
     <span class='ocr_line' id='line_1_130' title="bbox 2088 4843 3680 4922; baseline 0.007 -29"><span class='ocrx_word' id='word_1_1036' title='bbox 2088 4844 2533 4922; x_wconf 32' lang='grc' dir='ltr'>παρα-στήκωμεν</span> <span class='ocrx_word' id='word_1_1037' title='bbox 2562 4843 2856 4910; x_wconf 89' lang='grc' dir='ltr'>διαπαντὸς</span> <span class='ocrx_word' id='word_1_1038' title='bbox 2885 4848 2943 4899; x_wconf 87' lang='grc' dir='ltr'>ἐν</span> <span class='ocrx_word' id='word_1_1039' title='bbox 2966 4853 3079 4913; x_wconf 87' lang='grc' dir='ltr'>τοῖς</span> <span class='ocrx_word' id='word_1_1040' title='bbox 3110 4849 3271 4903; x_wconf 87' lang='grc' dir='ltr'>αίῶσι</span> <span class='ocrx_word' id='word_1_1041' title='bbox 3298 4853 3412 4914; x_wconf 87' lang='grc' dir='ltr'>τοίς</span> <span class='ocrx_word' id='word_1_1042' title='bbox 3443 4851 3680 4922; x_wconf 84' lang='grc' dir='ltr'>ἀπεράν-</span> 
     </span>
    </p>
   </div>
   <div class='ocr_carea' id='block_1_131' title="bbox 2089 4919 3677 5002">
    <p class='ocr_par' dir='ltr' id='par_1_131' title="bbox 2089 4919 3677 5002">
     <span class='ocr_line' id='line_1_131' title="bbox 2089 4919 3677 5002; baseline 0.004 -25"><span class='ocrx_word' id='word_1_1043' title='bbox 2089 4940 2204 4986; x_wconf 84' lang='grc' dir='ltr'>τοις</span> <span class='ocrx_word' id='word_1_1044' title='bbox 2233 4919 2285 4976; x_wconf 70' lang='grc'>⁵³.</span> <span class='ocrx_word' id='word_1_1045' title='bbox 2312 4923 2410 4977; x_wconf 88' lang='grc' dir='ltr'>Διά</span> <span class='ocrx_word' id='word_1_1046' title='bbox 2437 4925 2594 4978; x_wconf 87' lang='grc' dir='ltr'>τοῦτο</span> <span class='ocrx_word' id='word_1_1047' title='bbox 2629 4924 2738 4998; x_wconf 84' lang='grc' dir='ltr'>γὰρ</span> <span class='ocrx_word' id='word_1_1048' title='bbox 2772 4927 2869 4980; x_wconf 75' lang='grc' dir='ltr'>καὶ</span> <span class='ocrx_word' id='word_1_1049' title='bbox 2901 4927 3170 4993; x_wconf 89' lang='grc' dir='ltr'>ἀθάνατος</span> <span class='ocrx_word' id='word_1_1050' title='bbox 3200 4930 3423 4999; x_wconf 88' lang='grc' dir='ltr'>γέγονεν</span> <span class='ocrx_word' id='word_1_1051' title='bbox 3449 4932 3483 5001; x_wconf 88' lang='grc' dir='ltr'>ή</span> <span class='ocrx_word' id='word_1_1052' title='bbox 3506 4919 3677 5002; x_wconf 75' lang='grc' dir='ltr'>ψυχή,</span> 
     </span>
    </p>
   </div>
   <div class='ocr_carea' id='block_1_132' title="bbox 2086 5002 3675 5078">
    <p class='ocr_par' dir='ltr' id='par_1_132' title="bbox 2086 5002 3675 5078">
     <span class='ocr_line' id='line_1_132' title="bbox 2086 5002 3675 5078; baseline 0.003 -20"><span class='ocrx_word' id='word_1_1053' title='bbox 2086 5006 2181 5058; x_wconf 82' lang='grc' dir='ltr'>καὶ</span> <span class='ocrx_word' id='word_1_1054' title='bbox 2203 5004 2265 5057; x_wconf 86' lang='grc' dir='ltr'>τὸ</span> <span class='ocrx_word' id='word_1_1055' title='bbox 2301 5002 2462 5075; x_wconf 86' lang='grc' dir='ltr'>σῶμα</span> <span class='ocrx_word' id='word_1_1056' title='bbox 2493 5004 2550 5058; x_wconf 77' lang='grc' dir='ltr'>δὲ</span> <span class='ocrx_word' id='word_1_1057' title='bbox 2593 5004 2743 5058; x_wconf 74' lang='grc' dir='ltr'>ἔσται</span> <span class='ocrx_word' id='word_1_1058' title='bbox 2777 5005 3067 5071; x_wconf 87' lang='grc' dir='ltr'>ἀθάνατον,</span> <span class='ocrx_word' id='word_1_1059' title='bbox 3115 5008 3204 5063; x_wconf 84' lang='grc' dir='ltr'>ἵνα</span> <span class='ocrx_word' id='word_1_1060' title='bbox 3232 5009 3340 5063; x_wconf 88' lang='grc' dir='ltr'>τῶν</span> <span class='ocrx_word' id='word_1_1061' title='bbox 3378 5010 3675 5078; x_wconf 85' lang='grc' dir='ltr'>ἀτελευτή-</span> 
     </span>
    </p>
   </div>
   <div class='ocr_carea' id='block_1_133' title="bbox 2086 5083 3674 5159">
    <p class='ocr_par' dir='ltr' id='par_1_133' title="bbox 2086 5083 3674 5159">
     <span class='ocr_line' id='line_1_133' title="bbox 2086 5083 3674 5159; baseline 0.002 -24"><span class='ocrx_word' id='word_1_1062' title='bbox 2086 5099 2194 5137; x_wconf 90' lang='grc' dir='ltr'>των</span> <span class='ocrx_word' id='word_1_1063' title='bbox 2225 5083 2623 5155; x_wconf 87' lang='grc' dir='ltr'>ἀπολαύσωμεν</span> <span class='ocrx_word' id='word_1_1064' title='bbox 2657 5083 2898 5151; x_wconf 89' lang='grc' dir='ltr'>ἀγαθῶν.</span> <span class='ocrx_word' id='word_1_1065' title='bbox 2945 5086 3042 5139; x_wconf 76' lang='grc' dir='ltr'>Ἂν</span> <span class='ocrx_word' id='word_1_1066' title='bbox 3075 5087 3133 5140; x_wconf 84' lang='grc' dir='ltr'>δὲ</span> <span class='ocrx_word' id='word_1_1067' title='bbox 3166 5091 3234 5159; x_wconf 75' lang='grc' dir='ltr'>τῇ</span> <span class='ocrx_word' id='word_1_1068' title='bbox 3278 5091 3347 5159; x_wconf 79' lang='grc' dir='ltr'>γῇ</span> <span class='ocrx_word' id='word_1_1069' title='bbox 3382 5087 3674 5157; x_wconf 85' lang='grc' dir='ltr'>προσηλω-</span> 
     </span>
    </p>
   </div>
   <div class='ocr_carea' id='block_1_134' title="bbox 2090 5159 3675 5238">
    <p class='ocr_par' dir='ltr' id='par_1_134' title="bbox 2090 5159 3675 5238">
     <span class='ocr_line' id='line_1_134' title="bbox 2090 5159 3675 5238; baseline 0.001 -23"><span class='ocrx_word' id='word_1_1070' title='bbox 2090 5164 2250 5234; x_wconf 87' lang='grc' dir='ltr'>μένος</span> <span class='ocrx_word' id='word_1_1071' title='bbox 2283 5159 2349 5238; x_wconf 78' lang='grc' dir='ltr'>ᾖς</span> <span class='ocrx_word' id='word_1_1072' title='bbox 2384 5164 2492 5217; x_wconf 89' lang='grc' dir='ltr'>τῶν</span> <span class='ocrx_word' id='word_1_1073' title='bbox 2529 5163 2797 5235; x_wconf 75' lang='grc' dir='ltr'>οὐρανίων</span> <span class='ocrx_word' id='word_1_1074' title='bbox 2842 5165 3245 5236; x_wconf 83' lang='grc' dir='ltr'>προκειμένων,</span> <span class='ocrx_word' id='word_1_1075' title='bbox 3292 5166 3547 5234; x_wconf 86' lang='grc' dir='ltr'>ἐννόησον</span> <span class='ocrx_word' id='word_1_1076' title='bbox 3573 5165 3675 5235; x_wconf 85' lang='grc' dir='ltr'>ὅση</span> 
     </span>
    </p>
   </div>
   <div class='ocr_carea' id='block_1_135' title="bbox 2086 5246 3680 5321">
    <p class='ocr_par' dir='ltr' id='par_1_135' title="bbox 2086 5246 3680 5321">
     <span class='ocr_line' id='line_1_135' title="bbox 2086 5246 3680 5321; baseline 0.003 -23"><span class='ocrx_word' id='word_1_1077' title='bbox 2086 5246 2294 5314; x_wconf 87' lang='grc' dir='ltr'>γίνεται</span> <span class='ocrx_word' id='word_1_1078' title='bbox 2325 5247 2482 5321; x_wconf 79' lang='grc' dir='ltr'>ῦὸρις</span> <span class='ocrx_word' id='word_1_1079' title='bbox 2512 5252 2593 5313; x_wconf 82' lang='grc' dir='ltr'>είς</span> <span class='ocrx_word' id='word_1_1080' title='bbox 2636 5247 2723 5300; x_wconf 79' lang='grc' dir='ltr'>τὸν</span> <span class='ocrx_word' id='word_1_1081' title='bbox 2755 5247 3119 5321; x_wconf 88' lang='grc' dir='ltr'>δωρούμενον.</span> <span class='ocrx_word' id='word_1_1082' title='bbox 3163 5250 3400 5310; x_wconf 86' lang='grc' dir='ltr'>Ἐκεῖνος</span> <span class='ocrx_word' id='word_1_1083' title='bbox 3435 5249 3536 5319; x_wconf 82' lang='grc' dir='ltr'>μὲν</span> <span class='ocrx_word' id='word_1_1084' title='bbox 3566 5249 3680 5321; x_wconf 87' lang='lat'>7&amp;9</span> 
     </span>
    </p>
   </div>
   <div class='ocr_carea' id='block_1_136' title="bbox 2085 5327 3680 5402">
    <p class='ocr_par' dir='ltr' id='par_1_136' title="bbox 2085 5327 3680 5402">
     <span class='ocr_line' id='line_1_136' title="bbox 2085 5327 3680 5402; baseline 0.003 -23"><span class='ocrx_word' id='word_1_1085' title='bbox 2085 5327 2156 5379; x_wconf 79' lang='grc' dir='ltr'>τὰ</span> <span class='ocrx_word' id='word_1_1086' title='bbox 2188 5327 2300 5381; x_wconf 82' lang='grc' dir='ltr'>ἀνω</span> <span class='ocrx_word' id='word_1_1087' title='bbox 2335 5346 2416 5383; x_wconf 87' lang='grc' dir='ltr'>σοι</span> <span class='ocrx_word' id='word_1_1088' title='bbox 2461 5332 2753 5402; x_wconf 85' lang='grc' dir='ltr'>προτείνει·</span> <span class='ocrx_word' id='word_1_1089' title='bbox 2790 5332 2854 5383; x_wconf 84' lang='grc' dir='ltr'>σὺ</span> <span class='ocrx_word' id='word_1_1090' title='bbox 2888 5330 2945 5383; x_wconf 83' lang='grc' dir='ltr'>δέ</span> <span class='ocrx_word' id='word_1_1091' title='bbox 2983 5330 3045 5382; x_wconf 89' lang='grc' dir='ltr'>οὑ</span> <span class='ocrx_word' id='word_1_1092' title='bbox 3091 5328 3258 5382; x_wconf 82' lang='grc' dir='ltr'>πολὺν</span> <span class='ocrx_word' id='word_1_1093' title='bbox 3284 5328 3465 5383; x_wconf 82' lang='grc' dir='ltr'>αὐτῶν</span> <span class='ocrx_word' id='word_1_1094' title='bbox 3495 5330 3680 5384; x_wconf 86' lang='grc' dir='ltr'>ποιού-</span> 
     </span>
    </p>
   </div>
   <div class='ocr_carea' id='block_1_137' title="bbox 2091 5407 3680 5481">
    <p class='ocr_par' dir='ltr' id='par_1_137' title="bbox 2091 5407 3680 5481">
     <span class='ocr_line' id='line_1_137' title="bbox 2091 5407 3680 5481; baseline 0.002 -21"><span class='ocrx_word' id='word_1_1095' title='bbox 2091 5425 2251 5477; x_wconf 84' lang='grc' dir='ltr'>μενος</span> <span class='ocrx_word' id='word_1_1096' title='bbox 2296 5410 2474 5477; x_wconf 87' lang='grc' dir='ltr'>λόγον,</span> <span class='ocrx_word' id='word_1_1097' title='bbox 2526 5412 2624 5481; x_wconf 86' lang='grc' dir='ltr'>τὴν</span> <span class='ocrx_word' id='word_1_1098' title='bbox 2667 5412 2773 5479; x_wconf 81' lang='grc' dir='ltr'>γῆν</span> <span class='ocrx_word' id='word_1_1099' title='bbox 2823 5410 3186 5479; x_wconf 81' lang='grc' dir='ltr'>ἀνταλλάσσῃ.</span> <span class='ocrx_word' id='word_1_1100' title='bbox 3221 5409 3319 5462; x_wconf 75' lang='grc' dir='ltr'>Διὰ</span> <span class='ocrx_word' id='word_1_1101' title='bbox 3364 5407 3538 5463; x_wconf 76' lang='grc' dir='ltr'>ταῦτα</span> <span class='ocrx_word' id='word_1_1102' title='bbox 3585 5411 3680 5463; x_wconf 81' lang='grc' dir='ltr'>καὶ</span> 
     </span>
    </p>
   </div>
   <div class='ocr_carea' id='block_1_138' title="bbox 2088 5488 3678 5560">
    <p class='ocr_par' dir='ltr' id='par_1_138' title="bbox 2088 5488 3678 5560">
     <span class='ocr_line' id='line_1_138' title="bbox 2088 5488 3678 5560; baseline 0.002 -20"><span class='ocrx_word' id='word_1_1103' title='bbox 2088 5489 2314 5555; x_wconf 84' lang='grc' dir='ltr'>γέενναν</span> <span class='ocrx_word' id='word_1_1104' title='bbox 2365 5490 2683 5560; x_wconf 65' lang='grc' dir='ltr'>ἠπείλησεν,</span> <span class='ocrx_word' id='word_1_1105' title='bbox 2731 5492 2827 5544; x_wconf 83' lang='grc' dir='ltr'>ἆτε</span> <span class='ocrx_word' id='word_1_1106' title='bbox 2876 5488 3411 5559; x_wconf 75' lang='grc' dir='ltr'>καταφρονούμενος,</span> <span class='ocrx_word' id='word_1_1107' title='bbox 3453 5490 3539 5543; x_wconf 77' lang='grc' dir='ltr'>ἵνα</span> <span class='ocrx_word' id='word_1_1108' title='bbox 3574 5490 3678 5558; x_wconf 85' lang='grc' dir='ltr'>μά-</span> 
     </span>
    </p>
   </div>
   <div class='ocr_carea' id='block_1_139' title="bbox 2088 5565 3677 5638">
    <p class='ocr_par' dir='ltr' id='par_1_139' title="bbox 2088 5565 3677 5638">
     <span class='ocr_line' id='line_1_139' title="bbox 2088 5565 3677 5638; baseline 0.001 -21"><span class='ocrx_word' id='word_1_1109' title='bbox 2088 5567 2187 5636; x_wconf 83' lang='grc' dir='ltr'>θῃς</span> <span class='ocrx_word' id='word_1_1110' title='bbox 2216 5565 2487 5630; x_wconf 80' lang='grc' dir='ltr'>ἐντεῦθεν,</span> <span class='ocrx_word' id='word_1_1111' title='bbox 2526 5568 2667 5622; x_wconf 76' lang='grc' dir='ltr'>ὅσων</span> <span class='ocrx_word' id='word_1_1112' title='bbox 2696 5568 2890 5622; x_wconf 79' lang='grc' dir='ltr'>σαυτὸν</span> <span class='ocrx_word' id='word_1_1113' title='bbox 2916 5569 3240 5638; x_wconf 82' lang='grc' dir='ltr'>ἀποστερεῖς</span> <span class='ocrx_word' id='word_1_1114' title='bbox 3273 5567 3475 5623; x_wconf 88' lang='grc' dir='ltr'>καλῶν.</span> <span class='ocrx_word' id='word_1_1115' title='bbox 3518 5567 3677 5620; x_wconf 80' lang='grc' dir='ltr'>Ἀλλά</span> 
     </span>
    </p>
   </div>
   <div class='ocr_carea' id='block_1_140' title="bbox 2149 5733 3670 5797">
    <p class='ocr_par' dir='ltr' id='par_1_140' title="bbox 2149 5733 3670 5797">
     <span class='ocr_line' id='line_1_140' title="bbox 2149 5733 3670 5797; baseline 0.001 -14"><span class='ocrx_word' id='word_1_1116' title='bbox 2149 5733 2173 5772; x_wconf 71' lang='grc' dir='ltr'>δ</span> <span class='ocrx_word' id='word_1_1117' title='bbox 2197 5735 2398 5797; x_wconf 54' lang='lat' dir='ltr'>Quidam</span> <span class='ocrx_word' id='word_1_1118' title='bbox 2434 5737 2625 5793; x_wconf 75' lang='grc' dir='ltr'>ἰδόντες.</span> <span class='ocrx_word' id='word_1_1119' title='bbox 2696 5740 2718 5768; x_wconf 70' lang='grc' dir='ltr'>ε</span> <span class='ocrx_word' id='word_1_1120' title='bbox 2742 5736 2941 5795; x_wconf 71' lang='lat' dir='ltr'>Quidam</span> <span class='ocrx_word' id='word_1_1121' title='bbox 2982 5738 3314 5797; x_wconf 80' lang='grc' dir='ltr'>ἀποκνοῦντες.</span> <span class='ocrx_word' id='word_1_1122' title='bbox 3390 5740 3409 5777; x_wconf 68' lang='grc' dir='ltr'><em>Υ</em></span> <span class='ocrx_word' id='word_1_1123' title='bbox 3439 5740 3532 5787; x_wconf 68' lang='lat' dir='ltr'>Alii</span> <span class='ocrx_word' id='word_1_1124' title='bbox 3582 5738 3670 5792; x_wconf 68' lang='grc' dir='ltr'>ιῑς-</span> 
     </span>
    </p>
   </div>
   <div class='ocr_carea' id='block_1_141' title="bbox 2088 5796 3675 5864">
    <p class='ocr_par' dir='ltr' id='par_1_141' title="bbox 2088 5796 3675 5864">
     <span class='ocr_line' id='line_1_141' title="bbox 2088 5796 3675 5864; baseline 0.002 -20"><span class='ocrx_word' id='word_1_1125' title='bbox 2088 5796 2431 5864; x_wconf 23' lang='grc' dir='ltr'>ξλθεῖν.ᾼΡευὶρ</span> <span class='ocrx_word' id='word_1_1126' title='bbox 2459 5806 2584 5864; x_wconf 64' lang='lat' dir='ltr'>post</span> <span class='ocrx_word' id='word_1_1127' title='bbox 2611 5798 2813 5864; x_wconf 57' lang='lat' dir='ltr'>guidgnl</span> <span class='ocrx_word' id='word_1_1128' title='bbox 2849 5809 2962 5864; x_wconf 44' lang='lat'>11135.</span> <span class='ocrx_word' id='word_1_1129' title='bbox 3008 5796 3291 5851; x_wconf 76' lang='grc' dir='ltr'>ἐπίστευσεν</span> <span class='ocrx_word' id='word_1_1130' title='bbox 3311 5801 3476 5864; x_wconf 59' lang='grc' dir='ltr'>αὐτῷ,</span> <span class='ocrx_word' id='word_1_1131' title='bbox 3500 5801 3617 5864; x_wconf 66' lang='grc' dir='ltr'>Δοὐχι,</span> <span class='ocrx_word' id='word_1_1132' title='bbox 3651 5807 3675 5847; x_wconf 77' lang='grc' dir='ltr'>ὁ</span> 
     </span>
    </p>
   </div>
   <div class='ocr_carea' id='block_1_142' title="bbox 2089 5856 3666 5920">
    <p class='ocr_par' dir='ltr' id='par_1_142' title="bbox 2089 5856 3666 5920">
     <span class='ocr_line' id='line_1_142' title="bbox 2089 5856 3666 5920; baseline 0.001 -15"><span class='ocrx_word' id='word_1_1133' title='bbox 2089 5858 2199 5920; x_wconf 66' lang='grc' dir='ltr'>λαὸς</span> <span class='ocrx_word' id='word_1_1134' title='bbox 2220 5862 2261 5906; x_wconf 79' lang='grc' dir='ltr'>οἱ</span> <span class='ocrx_word' id='word_1_1135' title='bbox 2284 5861 2345 5917; x_wconf 76' lang='grc' dir='ltr'>μὴ</span> <span class='ocrx_word' id='word_1_1136' title='bbox 2372 5856 2544 5914; x_wconf 67' lang='grc' dir='ltr'>εἰδότες</span> <span class='ocrx_word' id='word_1_1137' title='bbox 2569 5856 2662 5907; x_wconf 71' lang='grc' dir='ltr'>τόν.</span> <span class='ocrx_word' id='word_1_1138' title='bbox 2731 5858 2756 5897; x_wconf 73' lang='grc' dir='ltr'><strong><em>ε</em></strong></span> <span class='ocrx_word' id='word_1_1139' title='bbox 2784 5856 2930 5920; x_wconf 61' lang='lat' dir='ltr'>Smjil.</span> <span class='ocrx_word' id='word_1_1140' title='bbox 2956 5865 3255 5920; x_wconf 65' lang='grc' dir='ltr'>καταφυγὼν,</span> <span class='ocrx_word' id='word_1_1141' title='bbox 3281 5856 3666 5919; x_wconf 66' lang='grc' dir='ltr'>ὀπαιτηθήσέξαι,</span> 
     </span>
    </p>
   </div>
   <div class='ocr_carea' id='block_1_143' title="bbox 2094 5916 3242 5981">
    <p class='ocr_par' dir='ltr' id='par_1_143' title="bbox 2094 5916 3242 5981">
     <span class='ocr_line' id='line_1_143' title="bbox 2094 5916 3242 5981; baseline -0.004 -11"><span class='ocrx_word' id='word_1_1142' title='bbox 2094 5918 2120 5957; x_wconf 73' lang='grc'>³³</span> <span class='ocrx_word' id='word_1_1143' title='bbox 2144 5920 2316 5970; x_wconf 81' lang='lat' dir='ltr'>Morel.</span> <span class='ocrx_word' id='word_1_1144' title='bbox 2342 5922 2416 5968; x_wconf 69' lang='grc' dir='ltr'>ἵνα</span> <span class='ocrx_word' id='word_1_1145' title='bbox 2439 5922 2557 5968; x_wconf 79' lang='grc' dir='ltr'>κατὰ</span> <span class='ocrx_word' id='word_1_1146' title='bbox 2582 5920 2634 5969; x_wconf 80' lang='grc' dir='ltr'>τὸ</span> <span class='ocrx_word' id='word_1_1147' title='bbox 2658 5920 2806 5981; x_wconf 74' lang='grc' dir='ltr'>παρὸν</span> <span class='ocrx_word' id='word_1_1148' title='bbox 2827 5916 3041 5978; x_wconf 64' lang='grc' dir='ltr'>ζήσωμεν</span> <span class='ocrx_word' id='word_1_1149' title='bbox 3086 5916 3242 5981; x_wconf 70' lang='grc' dir='ltr'>μόνον,</span> 
     </span>
    </p>
   </div>
  </div>
