4068 6136
411 319 500 374 181
1441 304 1503 361 ΙΝ
1541 294 1849 358 JOANXEM
1891 294 1971 348 ιιι.

2084 328 2114 346 ..
2161 292 2326 348 XXXI
2366 298 2435 351 nl.
2480 299 2644 358 XXX.

406 435 616 505 gatiune
645 429 902 500 capiatur.
929 425 1082 482 Iesus
1112 440 1234 479 vero
1277 423 1375 478 hac
1415 423 1466 476 in
1513 437 1603 484 re,
1654 419 1752 472 hac
1791 418 1842 469 iu
1889 413 1969 465 via

412 545 457 581 ne
483 525 643 579 ndum
676 520 906 576 instabat
935 536 946 570 :
976 516 1067 572 sed
1091 531 1184 571 eos
1213 516 1299 585 qui
1326 513 1639 568 accederent
1666 525 1770 565 non
1801 509 1971 572 impe-

409 615 607 672 diebat.
659 609 942 679 Discipulis
981 621 1208 676 namque
1247 604 1560 674 simpliciter
1605 600 1768 662 dixit,
1809 613 1874 651 ne
1917 595 1972 649 in

411 705 680 760 civitatem
703 700 1151 755 Samaritanorum
1197 697 1489 757 intrarent,
1538 708 1644 746 non
1696 700 1874 744 tamen
1920 697 1976 740 ut

412 794 727 851 accedentes
755 792 872 845 illos
898 788 1218 858 repellerent
1244 804 1260 842 :
1287 802 1372 842 res
1398 787 1539 841 enim
1566 784 1706 838 illius
1730 781 1974 850 benigni-

413 895 521 939 tate
545 880 828 936 admodum
866 878 1078 947 indigua
1121 876 1328 932 fuisset.
1375 875 1602 944 Ideoque
1643 872 1851 927 mulieri
1902 871 1979 924 sic

413 970 696 1040 reSpondet
727 986 742 1021 :
775 967 861 1022 10.
907 967 968 1021 Si
995 966 1150 1021 scires
1167 965 1354 1019 donum
1395 963 1526 1030 Dei,
1558 971 1604 1016 et
1648 963 1760 1031 quis
1798 969 1868 1013 est
1894 959 1978 1029 qui

413 1063 498 1116 tibi
527 1061 684 1125 dicit,
717 1058 797 1112 Da
826 1058 949 1111 mihi
966 1056 1131 1110 bibere
1157 1071 1175 1109 :
1201 1065 1252 1109 tu
1275 1056 1487 1121 forsitan
1531 1055 1732 1121 petisses
1769 1050 1831 1104 ab
1883 1066 1974 1114 eo,

414 1163 458 1206 et
487 1152 699 1205 dedisset
725 1149 814 1202 tibi
841 1163 1023 1216 aquam
1064 1147 1244 1202 vivam.
1282 1145 1435 1199 Prius
1473 1143 1668 1197 indicat
1703 1156 1820 1196 eam
1859 1154 1978 1195 esse

415 1241 626 1310 dignam
652 1253 769 1307 qua:
794 1237 1036 1291 audiatur
1055 1277 1068 1299 ,
1097 1248 1198 1289 nec
1227 1233 1534 1302 rejiciatnr;
1564 1248 1624 1285 ac
1650 1229 1840 1284 deinde
1861 1229 1977 1298 quis

414 1333 527 1401 ipse
551 1331 619 1385 sit
647 1329 866 1384 revelat.
895 1326 1025 1380 Nam
1053 1341 1173 1379 mox
1205 1324 1448 1378 auditura
1489 1323 1608 1392 quis
1649 1329 1828 1384 esset,
1875 1319 1970 1388 ipsi

415 1422 838 1489 obtemperatum
865 1425 1015 1481 erat;
1051 1413 1192 1485 quod
1219 1413 1286 1468 de
1322 1412 1519 1469 Judazis
1561 1426 1718 1466 nemo
1761 1409 1972 1464 dixerit.

415 1514 541 1567 Nam
567 1526 687 1566 cum
710 1508 1046 1573 didicissent,
1095 1505 1228 1559 nihil
1273 1504 1341 1559 ab
1380 1505 1496 1573 ipso
1541 1503 1832 1572 petierunt,
1878 1513 1978 1553 nec

414 1601 681 1672 quidpiam
710 1598 838 1652 utile
864 1597 1100 1653 ediscere
1127 1594 1444 1663 cupierunt;
1477 1593 1582 1647 imo
1611 1591 1755 1645 illum
1786 1597 1976 1644 contu-

415 1692 584 1747 meliis
609 1689 902 1744 onerabant
926 1695 980 1743 et
1020 1686 1306 1757 pellebant.
1355 1683 1449 1738 His
1498 1681 1690 1736 auditis
1742 1681 1972 1743 mulier,

416 1785 530 1838 vide
554 1795 711 1852 quam
733 1779 972 1834 modeste
996 1775 1315 1846 respondeat
1344 1792 1357 1827 :
1390 1774 1478 1829 ll.
1522 1771 1771 1835 Domine,
1821 1785 1977 1838 neque

415 1879 463 1929 in
489 1891 584 1942 quo
613 1873 820 1926 haurias
846 1871 1013 1935 habes,
1060 1878 1107 1922 et
1145 1877 1322 1938 puteus
1364 1867 1495 1920 altus
1536 1873 1608 1919 est
1628 1882 1647 1929 ;
1690 1864 1822 1917 unde
1859 1878 1975 1932 ergo

418 1967 563 2021 habes
589 1981 770 2034 aquam
799 1964 958 2017 vivam
976 1962 1002 2016 l
1029 1960 1145 2016 Jam
1176 1960 1320 2014 illam
1348 1974 1376 2010 a
1404 1957 1588 2011 viliore
1615 1955 1866 2024 opinione
1892 1969 1975 2006 re-

417 2062 600 2126 traxit,
653 2060 724 2113 ita
773 2067 830 2111 ut
873 2071 979 2110 non
1026 2054 1164 2108 ultra
1208 2051 1454 2107 crederet
1502 2049 1646 2103 illum
1701 2046 1972 2116 vulgarem

416 2149 709 2218 quempiam
737 2160 856 2201 esse
877 2144 1166 2199 hominem.
1193 2140 1308 2196 Non
1336 2127 1506 2194 modo”
1520 2137 1662 2192 enim
1681 2136 1825 2189 illum
1857 2135 1976 2188 Do-

418 2240 611 2293 minum
641 2244 828 2301 vocat,
872 2233 966 2290 sed
1013 2232 1307 2288 honorifice
1355 2229 1608 2298 loquitur.
1654 2226 1786 2280 Nam
1832 2223 1974 2294 quod

420 2329 630 2385 honoris
658 2343 814 2384 causa
844 2327 922 2382 sic
962 2326 1287 2394 loqueretur,
1318 2338 1380 2376 ex
1408 2317 1751 2390 sequentibus
1785 2316 1970 2384 liquet.

419 2420 526 2474 Non
553 2420 692 2474 enim
723 2418 926 2481 irrisit,
955 2431 1060 2470 non
1101 2413 1334 2470 traduxit
1378 2411 1527 2466 illum
1552 2451 1569 2477 ,
1621 2409 1715 2464 sed
1762 2407 1972 2462 interim

420 2507 806 2564 Subdubitabat.
846 2505 998 2574 Quod
1045 2505 1090 2559 si
1131 2519 1237 2560 non
1278 2502 1456 2558 statim
1482 2515 1595 2555 rem
1624 2507 1787 2554 totam
1817 2496 1973 2552 intel-

419 2601 574 2666 lexit,
602 2613 668 2652 ne
697 2597 908 2651 mireris
936 2613 951 2650 :
981 2609 1153 2664 neque
1183 2593 1324 2648 enim
1355 2590 1672 2646 Nicodemus
1702 2587 1975 2643 intellexe-

419 2701 517 2744 rat.
545 2687 675 2742 Nam
703 2685 827 2756 quid
853 2685 940 2740 ille
965 2684 1135 2738 dicit?
1167 2682 1430 2750 Quomodo
1455 2688 1662 2752 possunt
1687 2679 1794 2732 hac
1823 2677 1932 2746 ﬁeri
1948 2676 1974 2728 ?

418 2789 469 2834 et
495 2792 724 2844 rursum,
759 2774 1021 2842 Quomodo
1040 2782 1199 2844 potest
1221 2773 1366 2827 homo
1388 2772 1529 2827 nasci
1553 2787 1667 2824 cum
1694 2769 1756 2824 sit
1783 2783 1933 2822 senex
1949 2767 1975 2819 .’

418 2881 467 2926 et
493 2871 702 2933 iterum,
737 2866 1000 2936 Numquid
1027 2874 1186 2936 potest
1211 2865 1263 2918 in
1292 2873 1490 2918 uterum
1521 2862 1694 2916 matris
1734 2876 1838 2914 siue
1879 2860 1972 2913 iteo

417 2971 522 3013 rato
541 2959 748 3012 introire
766 2966 811 3010 et
829 2957 966 3010 nasci
985 2956 1010 3009 ?
1031 2955 1154 3009 llzec
1174 2961 1349 3009 autem
1368 2951 1714 3008 verecundius
1736 2948 1971 3014 Domine,

419 3066 568 3121 neque
595 3050 647 3102 in
671 3063 768 3118 quo
795 3047 1000 3098 haurias
1028 3045 1177 3098 habes
1197 3085 1210 3108 ,
1237 3052 1283 3097 et
1308 3054 1486 3114 puteus
1512 3043 1647 3095 allus
1690 3049 1793 3104 est;
1841 3039 1976 3093 unde

417 3157 527 3212 ergo
572 3139 722 3194 habes
768 3153 951 3207 aquam
995 3135 1200 3190 vivam?
1241 3134 1397 3189 Aliud
1441 3133 1684 3188 Christus
1724 3129 1972 3195 dicebat,

416 3230 550 3284 aliud
582 3229 668 3282 illa
694 3227 1062 3296 suspicabatur
1083 3266 1100 3292 ,
1137 3223 1270 3279 nihil
1295 3223 1438 3277 aliud
1465 3238 1621 3292 quam
1666 3220 1826 3276 verba
1874 3236 1971 3275 au-

415 3322 580 3385 diens,
611 3333 782 3388 neque
805 3317 976 3372 adhuc
1001 3315 1225 3371 sublime
1248 3315 1514 3385 quidpiam
1559 3315 1852 3383 intelligere
1879 3329 1972 3367 va-

418 3411 572 3466 lebat.
627 3410 786 3480 Atqui
833 3408 1155 3478 petulantius
1202 3406 1525 3476 respondere
1573 3405 1869 3476 potuisset,
1918 3403 1972 3459 Si

418 3503 642 3558 haberes
668 3516 856 3570 aquam
886 3500 1059 3555 vivam
1086 3541 1100 3566 ,
1129 3515 1234 3554 non
1266 3508 1474 3568 peteres
1501 3514 1530 3553 a
1571 3514 1654 3552 me
1675 3539 1692 3564 ,
1741 3497 1833 3552 sed
1882 3497 1973 3551 tibi

415 3597 559 3666 prius
605 3595 873 3665 pra-heres
902 3610 914 3646 :
941 3593 1052 3663 jam
1093 3607 1220 3646 vero
1270 3601 1321 3646 te
1358 3591 1548 3662 jactas.
1595 3590 1795 3645 Verum
1847 3588 1974 3650 nihil

417 3687 603 3742 horum
633 3685 764 3739 dixit
791 3700 806 3748 ;
835 3683 927 3739 sed
961 3682 1197 3736 modeste
1223 3681 1456 3750 loquitur
1477 3691 1530 3735 et
1556 3680 1607 3734 in
1637 3679 1893 3748 principio
1921 3687 1976 3734 et

419 3779 467 3832 in
492 3775 851 3847 sequentibus.
877 3774 1007 3828 Nam
1035 3774 1089 3828 in
1119 3773 1375 3842 principio
1421 3773 1494 3825 ait
1525 3789 1538 3824 :
1571 3770 1832 3836 Quomodo
1879 3780 1931 3823 tu
1957 3809 1972 3836 ,

414 3866 621 3920 ludwus
647 3882 762 3919 cum
787 3865 855 3919 sis
881 3905 897 3930 ,
923 3864 1087 3918 bibere
1111 3880 1140 3916 a
1166 3879 1242 3915 me
1267 3862 1431 3931 poscis
1451 3861 1477 3915 l
1501 3861 1681 3930 Neque
1705 3859 1838 3913 dixit
1865 3900 1879 3923 ,
1911 3874 1972 3914 ac

417 3961 459 4013 si
490 3959 838 4028 alienigenam
883 3966 938 4012 et
975 3957 1246 4011 inimicum
1286 3954 1646 4025 alloqueretur
1676 3971 1691 4008 :
1722 3954 1873 4009 Absit
1921 3963 1976 4008 ut

419 4051 507 4103 tibi
526 4050 790 4119 prazbeam
810 4049 1008 4102 homini
1038 4048 1248 4101 inimico
1264 4055 1316 4102 et
1336 4063 1363 4100 a
1392 4056 1548 4116 gente
1571 4056 1749 4101 nostra
1779 4046 1973 4100 alieno.

423 4141 622 4196 Deinde
651 4156 773 4195 cum
801 4155 986 4210 magna
1018 4139 1316 4209 loquentem
1359 4139 1594 4205 audiret,
1640 4153 1756 4206 qua:
1804 4139 1978 4193 solent

419 4230 662 4286 inimicos
687 4231 916 4284 maxime
945 4229 1221 4291 mordere,
1255 4245 1357 4280 non
1388 4229 1580 4293 irrisit,
1625 4244 1729 4282 non
1767 4228 1979 4282 caehin~

420 4322 500 4374 nis
527 4320 738 4388 excepit
761 4320 944 4381 illum;
979 4319 1069 4373 sed
1098 4317 1221 4388 quid
1271 4317 1430 4371 dicit?
1480 4318 1564 4370 l2.
1619 4316 1880 4386 Numquid
1925 4327 1977 4370 tu

421 4411 580 4478 major
605 4426 656 4463 es
683 4420 826 4480 patre
855 4419 1028 4463 nostra
1056 4409 1214 4462 Jucob
1239 4450 1251 4470 ,
1281 4408 1365 4474 qui
1410 4407 1544 4460 dedit
1590 4406 1731 4460 nobis
1780 4416 1979 4474 puteum

422 4501 549 4554 hunc
572 4542 587 4566 ,
620 4509 668 4553 et
694 4501 803 4568 ipse
825 4515 887 4554 ea:
914 4515 972 4553 eo
1001 4498 1151 4563 bibit,
1179 4509 1224 4552 et
1250 4498 1348 4566 filii
1371 4499 1477 4568 ejus
1499 4539 1512 4561 ,
1543 4507 1588 4550 et
1630 4513 1809 4567 pecora
1827 4499 1852 4551 .9
1891 4497 1982 4552 Vi-

423 4590 538 4644 den’
567 4604 674 4658 quo
701 4599 854 4658 pacto
877 4604 937 4644 se
961 4588 1013 4644 in
1045 4589 1316 4644 Judaicam
1363 4588 1689 4643 nobilitatem
1736 4587 1982 4658 ingerat?

422 4679 528 4732 lloc
552 4691 729 4733 autem
753 4681 864 4732 vult
892 4679 1190 4747 significare
1221 4698 1234 4734 :
1262 4677 1355 4732 ille
1387 4677 1484 4731 hac
1509 4693 1636 4732 usus
1674 4685 1756 4732 est
1803 4691 1937 4747 aqua
1961 4717 1978 4745 ,

422 4768 548 4822 nihil
581 4768 716 4822 ultra
743 4767 882 4838 quod
905 4768 1057 4823 daret
1085 4767 1285 4821 habuit.
1311 4767 1402 4821 llis
1442 4783 1602 4837 porro
1643 4766 1875 4821 declarat
1924 4781 1981 4822 se

424 4876 485 4914 ex
517 4861 683 4929 prima
716 4861 1065 4930 responsione
1091 4875 1335 4929 magnum
1365 4867 1418 4913 et
1444 4859 1670 4913 sublime
1713 4858 1978 4926 quidpiam

424 4953 772 5007 intellexisse.
805 4952 935 5006 Nam
959 4966 1080 5006 cum
1109 4952 1214 5015 ait,
1246 4950 1366 5020 Ipse
1386 4950 1523 5015 bibit,
1557 4958 1602 5004 et
1632 4948 1728 5018 ﬁlii
1756 4951 1900 5019 ejus,
1938 4958 1984 5002 et

424 5056 626 5108 pecora,
675 5041 809 5095 nihil
852 5040 996 5095 aliud
1039 5040 1370 5103 subindicat,
1411 5053 1568 5108 quam
1608 5054 1667 5092 se
1708 5039 1759 5092 in
1807 5047 1984 5094 mente

423 5133 615 5188 habere
637 5131 797 5184 aliam
828 5131 1250 5200 przestantiurem
1276 5144 1464 5198 aquam
1485 5167 1501 5193 ,
1529 5143 1685 5197 quam
1713 5144 1810 5182 nec
1832 5143 1978 5197 repei

423 5222 584 5288 riret,
620 5237 719 5276 nec
745 5222 889 5275 clare
917 5231 1118 5275 nosset.
1152 5219 1221 5274 Ut
1247 5230 1422 5272 autem
1447 5217 1572 5288 quid
1601 5218 1686 5271 illa
1731 5218 1986 5288 intelligat

424 5312 618 5366 clarius
650 5311 949 5380 exprimam
986 5327 998 5363 :
1027 5310 1141 5364 Non
1173 5320 1320 5376 potes
1350 5308 1526 5362 dicere
1551 5348 1565 5369 ,
1613 5307 1816 5374 inquit,
1843 5307 1987 5362 Jaeoo

426 5399 545 5454 bum
605 5402 750 5454 hunc
793 5399 945 5454 nobis
994 5399 1201 5453 dedisse
1249 5398 1446 5451 fontem
1476 5439 1490 5461 ,
1536 5397 1627 5451 sed
1671 5396 1777 5449 alio
1834 5412 1984 5467 usum

425 5487 586 5542 fuisse
618 5505 633 5545 :
664 5505 784 5542 nam
806 5499 856 5543 et
875 5490 984 5556 ipse
1006 5498 1060 5543 et
1081 5488 1170 5540 lilii
1197 5487 1310 5555 ejus
1335 5502 1397 5540 ex
1428 5486 1527 5541 hac
1552 5486 1796 5540 bibebant
1825 5502 1981 5556 aqua,

428 5593 531 5631 nun
565 5578 782 5631 bibituri
809 5580 850 5632 si
879 5579 1032 5632 aliam
1077 5579 1350 5632 meliorem
1395 5577 1720 5631 habuissent.
1767 5578 1838 5630 lix
1889 5578 1984 5631 hac

427 5668 497 5735 tgi
527 5683 587 5720 ur
620 5683 716 5720 nec
749 5679 799 5719 tu
832 5669 1023 5736 poteris
1045 5666 1203 5731 dare;
1233 5668 1383 5721 aliam
1415 5683 1536 5722 vero
1569 5667 1835 5720 meliorem
1890 5668 1979 5722 ha-

3547 323 3650 378 181

2241 431 2346 514 non
2375 431 2523 487 potes
2543 465 2557 486 ,
2590 427 2688 479 nisi
2714 436 2762 482 te
2787 429 2984 489 Jacobo
3024 438 3280 506 majorem
3329 445 3646 514 profitearis.

2089 501 2238 604 IUnde
2267 506 2606 604 igitur-quam
2640 526 2688 571 te
2720 519 2963 575 daturqu
3011 501 3279 595 polliceris
3328 501 3518 604 aquam

2086 594 2209 650 bere
2240 600 2447 664 possis?
2473 602 2541 656 At
2565 603 2729 660 Judzei
2751 625 2854 664 non
2883 621 2986 668 tam
3010 594 3120 670 miti
3143 634 3262 674 cum
3293 594 3650 684 illo'sermone

2083 693 2318 787 utuntur,
2343 703 2462 787 cum
2485 692 2667 747 cadent
2694 697 2760 787 de
2791 714 2846 753 re
2874 700 3197 772 loqueretur,
3229 710 3465 778 ejusdem
3497 733 3648 787 aqua:

2085 777 2350 875 mentique
2417 780 2550 875 facta
2586 801 2599 837 :
2632 786 2723 840 sed
2776 789 2904 843 nihil
2958 793 3082 849 hinc
3135 777 3268 854 lucri
3337 777 3649 875 consequuti

2084 875 2225 966 sunt.
2259 867 2480 966 Quando
2506 882 2681 929 autem
2713 877 2938 934 Abrahm
2982 885 3258 950 meminit,
3305 890 3474 958 ipsum
3515 867 3650 966 lapi-

2082 952 2238 1010 dibus
2267 957 2521 1026 impetere
2550 967 2724 1019 conati
2763 977 2906 1022 sunt.
2959 970 3156 1028 Verum
3189 991 3294 1031 non
3323 952 3411 1034 ita
3461 952 3652 1041 mulier

2085 1060 2204 1142 eum
2234 1049 2323 1104 illo
2348 1053 2488 1121 agit;
2517 1055 2608 1108 sed
2633 1073 2752 1110 eum
2777 1063 3180 1121 mansuetudine
3212 1067 3265 1120 in
3299 1078 3447 1126 tanto
3481 1084 3648 1142 cestu,

2086 1137 2137 1192 in
2162 1141 2408 1208 meridie,
2441 1147 2615 1200 omnia
2643 1152 2902 1217 patienter
2926 1153 3208 1211 admodum
3233 1168 3287 1214 et
3305 1161 3434 1216 dicit
3459 1172 3512 1218 et
3553 1137 3650 1221 au;

2084 1227 2192 1293 dit,
2223 1238 2275 1284 et
2307 1233 2435 1286 nihil
2463 1249 2646 1290 eorum
2679 1243 2873 1308 cogitat
2911 1259 3028 1312 quae
3073 1245 3243 1302 Judaei
3293 1252 3653 1311 verisituiliter

2084 1316 2374 1384 dixissent,
2424 1323 2595 1392 ipsqu
2640 1342 2830 1398 nempe
2858 1330 3098 1387 insanum
3129 1345 3185 1390 et
3215 1350 3397 1394 mente
3438 1353 3650 1412 captum

2084 1419 2204 1497 esse
2225 1447 2240 1469 ,
2271 1409 2358 1476 qui
2386 1426 2445 1463 se
2471 1411 2748 1470 deluderet
2771 1418 2910 1472 circa
2941 1419 3139 1478 fontem
3167 1434 3218 1480 et
3249 1438 3465 1497 puteum
3485 1409 3518 1497 ,v
3554 1449 3651 1488 nec

2085 1495 2369 1588 quidquam
2415 1513 2730 1571 prarstaret,
2787 1509 2880 1563 sed
2922 1495 3272 1579 jactabundus
3324 1495 3646 1588 loqueretur.

2086 1583 2175 1637 llla
2205 1603 2328 1640 vero
2351 1603 2755 1658 perseveranter
2781 1601 3071 1666 auscultat,
3103 1603 3230 1659 dum
3271 1583 3413 1680 quod
3459 1615 3650 1680 quaerit

2083 1679 2332 1733 inveniat.

2151 1769 2204 1822 5.
2245 1769 2300 1824 Si
2331 1786 2454 1824 vero
2483 1773 2675 1828 mulier
2698 1775 3024 1834 Samaritana
3056 1790 3256 1838 tantum
3286 1787 3500 1844 adhibet
3535 1800 3648 1844 stu-

2079 1861 2245 1924 dium,
2278 1863 2476 1932 utquid
2502 1865 2626 1920 utile
2647 1867 2866 1935 ediscat,
2895 1879 2949 1926 et
2977 1871 3186 1929 Christo
3203 1877 3420 1943 assidet,
3443 1881 3648 1937 etiamsi

2081 1951 2226 2004 illum
2256 1967 2360 2006 non
2403 1964 2614 2021 noscat;
2653 1972 2809 2026 quam
2856 1974 2953 2013 nos
2991 1963 3197 2017 veniam
3240 1979 3646 2036 consequemur,

2080 2042 2168 2108 qui
2213 2042 2382 2110 ipsum
2431 2050 2691 2112 novimus,
2728 2049 2815 2117 qui
2861 2065 2966 2104 non
3011 2067 3162 2107 secus
3192 2064 3423 2122 puteum,
3465 2074 3567 2112 non
3598 2063 3646 2115 in

2079 2130 2290 2186 deserto
2317 2143 2540 2201 stamus,
2572 2153 2676 2192 non
2705 2139 2754 2192 in
2785 2141 3021 2205 meridie,
3050 2159 3154 2197 non
3192 2145 3360 2201 adusti
3391 2149 3649 2204 solaribus

2081 2221 2238 2275 radiis
2262 2239 2276 2286 ;
2309 2225 2400 2278 sed
2425 2226 2524 2280 sub
2552 2243 2762 2296 aurora,
2791 2231 2889 2286 sub
2919 2231 3018 2288 hoc
3049 2243 3186 2289 tecto
3217 2237 3396 2291 umbra
3425 2237 3649 2297 fruimur

2079 2321 2132 2365 et
2149 2315 2381 2369 suaviter
2395 2317 2618 2387 agimus,
2636 2335 2805 2390 neque
2827 2323 3084 2392 patienter
3101 2328 3342 2393 audimus
3357 2331 3644 2400 quidpiam,

2078 2401 2172 2456 sed
2200 2403 2399 2458 desidia
2431 2411 2739 2476 torpemus?
2761 2409 2876 2465 Non
2904 2413 2982 2468 sic
3009 2414 3130 2479 illa;
3163 2416 3257 2471 sed
3288 2419 3356 2472 ita
3382 2419 3536 2474 dictis
3565 2433 3646 2476 at-

2080 2493 2264 2560 tendit,
2291 2505 2345 2548 ut
2370 2497 2530 2551 etiam
2566 2500 2698 2554 alios
2723 2501 2964 2557 advocet.
2997 2504 3165 2560 Judaei
3191 2523 3318 2562 vero
3358 2526 3460 2565 non
3491 2513 3648 2569 modo

2075 2598 2187 2638 non
2212 2585 2557 2654 advocabant,
2600 2591 2692 2645 sed
2731 2593 2889 2647 etiam
2933 2609 3026 2649 eos
3054 2598 3140 2666 qui
3171 2600 3424 2657 accedere
3455 2605 3648 2660 vellent

2083 2671 2468 2744 impediebant;
2499 2681 2838 2749 quamobrem
2886 2684 3170 2742 dicebant:
3208 2689 3342 2747 Num
3369 2692 3550 2762 aliquis
3585 2713 3648 2750 ex

2083 2764 2390 2834 principibus
2409 2768 2563 2822 credit
2587 2770 2640 2824 in
2666 2773 2817 2826 eum?
2842 2774 2947 2829 Sed
2969 2777 3112 2830 turba
3137 2780 3244 2832 lucc
3263 2797 3374 2850 qua:
3397 2800 3494 2836 non
3515 2788 3648 2839 novit

2081 2856 2256 2926 legem,
2284 2857 2536 2913 maledicti
2559 2871 2675 2914 sunt
2699 2861 2874 2934 (Joan.
2907 2865 2958 2919 7.
2986 2868 3072 2922 48.
3096 2869 3206 2940 49).
3230 2868 3502 2928 Imitemur
3520 2891 3647 2946 ergo

2079 2946 2464 3002 Samaritanam
2498 2967 2512 3003 :
2539 2951 2904 3023 colloquamur
2922 2972 3042 3012 eum
3085 2958 3318 3015 Christo.
3348 2961 3480 3018 Nam
3507 2980 3648 3020 nunc

2078 3038 2238 3090 etiam
2285 3037 2337 3092 in
2384 3040 2560 3096 medio
2603 3051 2840 3100 nostmm
2887 3054 3012 3113 stat,
3066 3064 3160 3118 per
3212 3051 3514 3120 proliheias,
3559 3071 3648 3124 per

2079 3125 2367 3197 discipulos
2387 3144 2486 3184 nos
2513 3131 2803 3202 alloquens.
2834 3136 3124 3192 Audiamus
3147 3154 3272 3209 ergo
3301 3149 3354 3194 et
3379 3152 3648 3212 obtelnpe-

2079 3233 2276 3272 remus.
2304 3218 2591 3291 Usquequo
2616 3222 2809 3279 frustra
2839 3235 2891 3280 et
2920 3227 3179 3283 inutiliter
3216 3229 3488 3286 vivemus?
3517 3233 3644 3286 Nam

2081 3307 2165 3359 illa
2210 3323 2365 3379 agere
2404 3327 2521 3381 qua:
2567 3312 2674 3366 Deo
2719 3330 2821 3368 non
2855 3317 3080 3384 placent,
3113 3318 3237 3372 illud
3267 3331 3347 3376 est
3395 3322 3650 3379 inutiliter

2082 3399 2290 3465 vivere;
2325 3401 2431 3454 imo
2457 3417 2560 3456 non
2603 3413 2803 3458 tantum
2848 3405 3124 3470 inutiliter,
3153 3410 3246 3463 sed
3293 3413 3343 3464 in
3374 3411 3646 3466 damnum.

2080 3489 2212 3544 Cum
2243 3492 2383 3546 enim
2416 3494 2565 3549 nobis
2591 3494 2769 3549 datum
2803 3505 3010 3566 tempus
3040 3500 3295 3556 inutiliter
3317 3519 3531 3571 prorsus
3555 3505 3649 3556 im-

2084 3583 2382 3650 pendimus,
2432 3583 2554 3638 hinc
2601 3587 2941 3655 migrabimus
2969 3599 3232 3645 extremas
3260 3590 3428 3646 daturi
3468 3609 3650 3662 punias

2083 3675 2340 3728 inutiliter
2366 3677 2661 3745 consumpti
2696 3679 2967 3747 temporis.
2998 3679 3128 3733 Cum
3149 3679 3191 3735 is
3215 3682 3301 3751 qui
3320 3683 3568 3752 pecunias
3583 3684 3650 3736 ad

2083 3766 2453 3835 negotiandum
2483 3767 2710 3834 recepit,
2743 3777 2796 3823 ct
2821 3783 2913 3823 eas
2955 3770 3236 3840 insumpsit
3269 3780 3322 3826 et
3344 3772 3639 3838 devoravit,

2077 3857 2339 3910 rationem
2368 3857 2414 3911 ei
2441 3857 2530 3926 qui
2555 3857 2656 3912 sibi
2685 3857 2911 3914 credidit
2935 3859 3152 3915 daturus
3182 3862 3250 3914 sit
3284 3879 3295 3914 :
3329 3863 3372 3916 is
3393 3873 3536 3917 certe
3561 3865 3650 3929 qui

2084 3948 2217 4001 hanc
2243 3948 2400 4001 vitam
2449 3948 2704 4002 inutiliter
2749 3949 3022 4018 impendit,
3069 3965 3170 4004 non
3214 3951 3365 4004 crita
3396 3953 3652 4020 sapplieio

2083 4038 2234 4092 liber.
2264 4037 2378 4091 Non
2405 4037 2523 4092 ideo
2551 4053 2647 4092 nos
2673 4038 2810 4092 Deus
2841 4043 2890 4091 in
2921 4043 3054 4092 hanc
3084 4040 3241 4092 vitam
3274 4041 3508 4108 protulit,
3540 4041 3652 4092 ani-

2083 4141 2325 4195 mamque
2350 4126 2512 4190 dedit,
2547 4137 2603 4180 ut
2633 4131 2874 4195 pra'senti
2901 4137 3098 4181 tantum
3141 4129 3374 4182 fruamur
3402 4131 3522 4190 vita,
3558 4131 3651 4185 sed

2087 4225 2142 4268 ut
2170 4230 2264 4284 pro
2295 4215 2464 4269 futura
2493 4217 2594 4270 vita
2625 4218 2971 4284 negotiemur.
2998 4217 3153 4271 Bruta
3178 4220 3422 4286 praesenti
3452 4228 3650 4273 tantum

2087 4307 2207 4359 vitm
2235 4307 2348 4358 ttsui
2375 4317 2524 4369 sunt;
2557 4322 2654 4360 nos
2682 4318 2855 4360 autem
2879 4307 2994 4362 ideo
3019 4308 3366 4362 immortalem
3395 4312 3651 4364 habemus

2087 4396 2336 4462 animam,
2369 4406 2425 4450 ut
2454 4397 2517 4451 ad
2551 4397 2695 4451 illam
2723 4397 2876 4452 nobis
2901 4399 3188 4468 parandam
3214 4400 3370 4452 vitam
3398 4399 3525 4453 nihil
3548 4415 3650 4453 nou

2085 4503 2322 4561 agamus.
2363 4490 2420 4545 Si
2459 4492 2577 4561 quis
2624 4491 2922 4547 sciscitelur
2966 4493 3086 4561 quis
3129 4507 3252 4546 usus
3279 4493 3345 4545 sit
3373 4507 3650 4562 equorum,

2086 4581 2378 4646 asinorum,
2413 4582 2595 4648 boum,
2641 4583 2970 4652 aliorumque
3014 4581 3313 4652 huiusmodi
3363 4597 3652 4653 pecorum,

2091 4673 2286 4726 nullum
2313 4674 2472 4728 alium
2504 4673 2742 4729 dicemus
2769 4689 2924 4744 quam
2957 4675 3305 4730 ministerium
3334 4675 3382 4728 in
3408 4678 3652 4744 prwseuti

2089 4762 2194 4815 vita
2223 4763 2534 4831 prmstitum.
2571 4763 2642 4817 De
2670 4764 2821 4817 nobis
2859 4779 2987 4818 vero
3014 4781 3116 4818 non
3148 4766 3303 4828 item;
3345 4769 3436 4818 sed
3468 4765 3657 4818 melior

2089 4861 2257 4909 status
2298 4862 2377 4906 est
2409 4863 2528 4922 post
2554 4853 2843 4908 discessum
2870 4870 2934 4908 ex
2961 4853 3062 4908 hac
3091 4857 3192 4909 vita
3224 4873 3236 4908 :
3281 4855 3513 4922 nihilque
3551 4870 3655 4907 non

2089 4946 2347 5016 agendum
2389 4955 2489 5009 est,
2541 4955 2597 4999 ut
2624 4946 2696 5000 ibi
2738 4946 2992 5000 clariores
3038 4947 3202 5000 simus
3230 4954 3424 5000 etcum
3453 4944 3655 5011 angelis

2091 5037 2312 5091 choreas
2355 5050 2591 5102 agamus,
2643 5044 2699 5089 ut
2744 5035 2872 5104 llegi
2915 5035 3186 5088 adstemus
3232 5042 3486 5101 perpetuo
3515 5042 3567 5085 et
3607 5033 3656 5083 in

2092 5125 2281 5179 saecula
2303 5124 2526 5178 infinita.
2557 5123 2676 5178 Ideo
2698 5140 2922 5194 namque
2945 5123 3256 5178 immortalis
3279 5130 3360 5172 est
3383 5118 3578 5183 anima,
3607 5132 3654 5174 et

2092 5228 2285 5283 corpus
2330 5215 2622 5270 immortale
2649 5215 2770 5281 erit,
2819 5223 2876 5266 ut
2915 5211 3181 5281 perpetuis
3214 5209 3447 5262 fruamur
3484 5209 3651 5262 bonis.

2091 5302 2145 5360 Si
2180 5320 2307 5359 vero
2329 5305 2472 5359 cadis
2515 5305 2603 5358 tibi
2649 5305 2947 5373 propositis,
2981 5311 3132 5356 terrae
3177 5301 3455 5361 iuba-reas,
3490 5303 3657 5369 cogita

2093 5405 2341 5466 quantam
2387 5396 2555 5449 datori
2598 5392 2970 5447 contumeliam
3029 5390 3244 5443 inferas.
3295 5391 3388 5445 llle
3434 5404 3658 5458 superna

2094 5487 2184 5541 tibi
2215 5485 2369 5540 offert
2399 5504 2410 5537 :
2444 5494 2495 5537 tu
2528 5499 2648 5536 vero
2689 5499 2790 5535 non
2821 5495 3006 5550 magna
3048 5481 3186 5534 illius
3221 5480 3394 5534 habita
3437 5480 3654 5538 ratione,

2094 5588 2286 5632 terram
2317 5575 2608 5645 anteponis.
2633 5574 2752 5627 Ideo
2777 5572 3068 5640 gehennam
3090 5572 3458 5632 comminatur,
3481 5579 3662 5635 utpote

2096 5675 2463 5733 contemptus.
2505 5675 2556 5716 ut
2586 5664 2703 5716 hinc
2749 5663 2918 5718 discas
2959 5664 3165 5734 quantis
3199 5674 3247 5717 te
3286 5663 3460 5732 privcs
3488 5659 3667 5716 bouis.
