4068 6136
441 277 536 334 I83
1227 280 1284 336 S.
1316 274 1591 331 JOANNIS
1629 269 2098 327 CllllYSOSTOMI
2138 278 2454 340 ARCIHEP.
2492 259 3017 348 CONSTAANTINOP.
3591 306 3689 362 18$

433 396 532 449 Sed
563 397 697 450 absit
725 404 776 450 ttt
803 395 926 449 illud
957 393 1270 464 supplicium
1302 393 1669 462 eitpcriamur;
1704 405 1885 444 verum
1915 403 2009 458 po-

435 489 525 541 tius
567 489 672 541 Deo
699 488 986 555 placentes,
1019 497 1216 540 acterna
1241 500 1633 553 consequamur
1656 483 1813 545 bona,
1841 481 2010 551 gratia

433 593 481 635 ct
517 578 838 644 benignitate
894 577 1100 631 Domini
1154 578 1317 630 nostri
1372 576 1497 631 Jesu
1541 575 1760 638 Christi,
1795 574 2006 643 quicum

439 713 521 725 ...-

1881 700 3101 728 Ἥ

2119 392 2258 449 I’atri
2288 398 2474 467 gloria,
2508 418 2712 473 unaque
2741 405 2951 474 Spiritui
2975 420 3184 477 sancto,
3217 411 3268 467 'tn
3299 418 3491 472 stt-culti
3521 436 3689 478 saccu-

2115 485 2306 541 lorum.
2338 490 2525 546 Amen.

3129 715 3646 748 M

1669 775 2016 840 HOMILIA
2059 773 2332 836 XXXII.

435 929 517 980 15.
569 927 845 994 Respondit
872 926 1022 982 Iesus
1047 939 1091 982 et
1112 929 1237 982 dixit
1257 930 1300 983 ei
1331 927 1546 982 :Omnis
1572 927 1655 993 qui
1692 925 1810 978 bibit
1841 941 1902 977 ea:
1918 923 2012 977 hac

502 1034 654 1086 aqua,
680 1018 811 1071 sitiet
839 1019 1016 1072 iterum
1047 1033 1065 1071 :
1100 1021 1180 1073 14.
1214 1019 1298 1088 qui
1331 1029 1496 1070 autem
1534 1017 1705 1069 biberit
1741 1031 1803 1068 ea:
1836 1029 1965 1084 aqua
1993 1052 2008 1075 ,

501 1124 652 1177 quant
680 1124 771 1178 ego
797 1107 925 1161 dabo
953 1109 1015 1174 ei,
1047 1127 1146 1162 non
1185 1111 1314 1162 sitiet
1357 1110 1408 1162 in
1450 1119 1641 1162 azterntt
1663 1128 1690 1154 η
1720 1124 1738 1161 :
1768 1107 1856 1161 sed
1882 1123 2013 1175 aqua

501 1214 652 1265 quam
677 1214 766 1266 ego
795 1197 922 1250 dabo
952 1199 1015 1263 ei,
1059 1199 1143 1265 fiet
1185 1200 1238 1252 in
1265 1215 1322 1252 eo
1370 1199 1484 1268 fons
1525 1213 1668 1267 aqute
1707 1197 1931 1250 salientis
1961 1198 2013 1250 in

503 1287 654 1339 vitam
680 1297 936 1340 aeternam.

505 1377 555 1428 Ι.
600 1376 821 1444 Spiritus
850 1386 1048 1430 sanctus
1074 1378 1220 1429 modo
1245 1376 1374 1446 ignis
1407 1376 1553 1428 ntodo
1574 1393 1703 1444 aqua
1724 1393 1753 1426 a
1775 1375 2011 1442 Scriptu-

440 1485 499 1519 ra
523 1467 826 1536 appellatus.
852 1465 1126 1520 Prudentia
1155 1467 1336 1520 Christi
1362 1467 1735 1520 Samart’tanam
1759 1468 2011 1531 docentis;

442 1557 779 1611 Samaritana:
805 1560 1101 1622 sinceritas;
1141 1560 1252 1627 ipsa
1297 1557 1578 1612 Nicodemo
1619 1558 1912 1628 sapientior.
1941 1588 2014 1598 —

434 1649 662 1719 Spiritus
688 1649 907 1718 gratiam
933 1649 1206 1718 Scriptura
1237 1649 1393 1703 modo
1408 1650 1603 1719 ignem,
1632 1649 1791 1703 modo
1817 1665 2006 1716 aquam

432 1738 680 1805 appellat,
718 1755 822 1791 non
870 1738 1199 1802 substantiat,
1244 1737 1338 1792 sed
1378 1739 1671 1806 operatioui
1717 1738 2010 1791 indicanda:

433 1829 545 1884 lucc
571 1839 691 1896 apta
721 1829 932 1882 nomina
955 1845 1077 1884 esse
1102 1829 1496 1883 demonstrans.
1534 1828 1647 1882 Non
1671 1829 1810 1882 enim
1841 1844 1903 1883 ex
1933 1828 2012 1881 di-

433 1919 601 1972 versis
627 1919 936 1973 substantiis
963 1928 1170 1974 constat
1211 1919 1472 1988 Spiritus,
1505 1934 1623 1972 cum
1656 1919 1930 1972 invisibilis
1959 1927 2010 1972 ct

437 2009 590 2061 unius
615 2009 828 2076 generis
859 2009 945 2063 sit.
980 2009 1224 2064 Alterum
1271 2019 1417 2063 certe
1455 2008 1686 2064 Joannes
1729 2007 2008 2078 signiﬁcat,

431 2113 550 2151 cum
580 2097 706 2151 dicit
733 2114 748 2152 :
776 2097 894 2168 Ipse
914 2115 999 2153 vos
1027 2099 1300 2168 baptizabit
1325 2101 1376 2153 in
1411 2099 1604 2170 Spiritu
1629 2109 1799 2153 sancto
1829 2109 1874 2152 et
1899 2101 2012 2170 igne

434 2193 450 2257 (
482 2189 662 2243 Matth.
692 2191 745 2244 5.
772 2191 904 2261 ll);
939 2191 1162 2246 alterum
1208 2207 1338 2246 vero
1383 2192 1643 2257 Christus,
1683 2191 1920 2246 Flumina
1949 2193 2012 2255 die

433 2291 601 2332 ventre
625 2281 732 2345 eius
759 2281 917 2350 ﬂuent
943 2297 1088 2352 aqua:
1112 2284 1254 2335 vivae.
1291 2281 1400 2335 Hoc
1427 2293 1591 2334 autent
1631 2283 1761 2334 dixit
1801 2283 1863 2334 de
1890 2282 2011 2350 Spi-

434 2369 552 2430 ritu,
586 2384 729 2436 quem
756 2370 1008 2438 accepturi
1030 2379 1171 2422 erant
1189 2370 1364 2437 (Joan.
1391 2372 1442 2424 7.
1468 2371 1553 2425 58.
1583 2368 1696 2441 59).
1729 2370 1796 2424 Ita
1821 2379 1873 2424 et
1899 2387 2012 2424 mu-

437 2459 618 2514 lierem
648 2460 946 2530 alloquens,
975 2458 1228 2529 Spiritum
1261 2471 1413 2516 vocat
1438 2478 1626 2532 aquam
1660 2482 1671 2516 :
1711 2463 1811 2530 Qui
1839 2464 2012 2517 biberit

435 2564 496 2600 ea:
524 2564 675 2616 aqua,
706 2564 857 2619 quam
878 2565 969 2619 ego
992 2550 1122 2604 dabo
1150 2551 1213 2615 ei,
1243 2568 1342 2604 non
1379 2553 1508 2605 sitiet
1537 2553 1587 2606 in
1625 2564 1896 2618 teter-num;
1934 2554 2012 2608 sic

436 2639 693 2707 Spiritum
719 2647 870 2693 vocat
914 2641 1084 2710 ignem
1111 2682 1126 2707 ,
1170 2651 1227 2696 ut
1255 2643 1360 2696 vim
1391 2642 1758 2714 fervoremque
1787 2649 1970 2715 gratiae
1993 2687 2007 2711 ,

434 2737 489 2782 et
519 2738 852 2796 peccatorum
876 2731 1159 2798 perniciem
1187 2731 1446 2802 signiﬁcet
1470 2749 1483 2797 ;
1515 2749 1726 2804 aquam,
1749 2745 1803 2788 nt
1827 2735 2010 2804 puriﬁ-

435 2817 697 2873 cationem
720 2821 1156 2891 refrigerinmque
1183 2838 1276 2892 per
1308 2824 1446 2876 illam
1489 2826 1874 2894 excipientibus
1899 2827 2014 2880 ani-

438 2909 540 2963 mis
563 2919 769 2978 partum
804 2912 1016 2966 iudicet.
1050 2912 1118 2966 Et
1158 2913 1277 2982 jure
1312 2915 1546 2982 quidem.
1578 2915 1707 2968 Nam
1748 2927 2010 2986 tamquam

438 2999 672 3065 hortum,
706 3001 990 3056 fructiferis
1040 3017 1357 3072 semperque
1407 3005 1699 3059 virentibus
1737 3005 2013 3061 arboribus

439 3100 763 3153 comantem,
813 3092 891 3146 sic
933 3091 1224 3147 studfo~am
1281 3093 1509 3145 animam
1559 3105 1803 3156 exornat,
1843 3111 2012 3166 neque

442 3179 721 3243 Inmroris,
753 3194 925 3248 neque
953 3181 1310 3233 satanicarnm
1343 3181 1655 3236 insidiarum
1685 3197 1900 3238 sensum
1927 3201 2013 3240 ca-

444 3284 568 3336 pere
590 3269 713 3322 sinit
741 3309 756 3333 ,
789 3271 982 3339 quippe
1009 3286 1124 3339 qum
1156 3272 1314 3340 ignita
1345 3272 1558 3342 maligni
1588 3273 1687 3327 tela
1715 3274 1870 3329 facile
1899 3291 2002 3329 ex-

440 3361 688 3429 stinguat.
725 3361 800 3414 Tu
834 3378 960 3416 vero
988 3362 1116 3416 mihi
1139 3363 1336 3417 Christi
1368 3365 1684 3433 sapientiam
1703 3366 2013 3422 consideres

443 3451 621 3512 velim,
651 3467 806 3522 quam
839 3452 1028 3506 leniter
1055 3454 1422 3508 mulierculam
1449 3455 1633 3524 erigat.
1658 3455 1838 3526 Neque
1871 3459 2012 3513 enim

441 3559 471 3598 a
503 3544 760 3614 principio
789 3545 921 3599 dixit
965 3545 1072 3612 illi,
1109 3546 1170 3600 Si
1191 3549 1343 3600 scires
1388 3550 1500 3620 quis
1528 3557 1600 3600 est
1627 3549 1713 3618 qui
1747 3550 1866 3603 dicit
1895 3553 2010 3617 tibi,

447 3633 524 3685 Da
554 3635 675 3687 mihi
716 3636 1029 3691 biberused
1062 3646 1340 3707 postquam
1380 3639 1714 3694 occasionem
1753 3639 1828 3694 illi
1865 3657 2015 3711 prte—

445 3723 650 3790 buerat,
682 3734 738 3778 ut
763 3740 821 3779 se
849 3725 1090 3780 Judaeum
1123 3739 1332 3781 vocaret
1363 3738 1415 3782 et
1440 3738 1732 3793 accusaret,
1761 3730 2014 3785 erimina-

446 3817 645 3870 tionem
688 3817 964 3886 depelle-ns
1017 3819 1117 3873 hoc
1155 3818 1301 3873 dicit.
1352 3820 1482 3874 Cum
1510 3837 1636 3874 vero
1683 3821 1923 3887 dixisset,
1956 3824 2016 3878 Si

443 3910 596 3962 scires
636 3911 746 3979 quis
773 3921 844 3964 est
887 3912 974 3980 qui
1014 3911 1135 3965 dicit
1161 3911 1268 3979 tibi,
1294 3910 1374 3964 Da
1405 3913 1525 3965 milii
1573 3914 1753 3980 bibere,
1804 3917 2017 3984 forsitan

445 3999 666 4064 petiisses
684 3999 746 4053 ab
764 4007 841 4068 eo,
870 4009 923 4056 et
944 4002 1150 4072 magnis
1173 4003 1610 4072 promissionibus
1631 4019 1696 4059 eo
1725 4005 2018 4062 induxisset

445 4090 586 4145 illam
613 4102 668 4144 nt
691 4094 1004 4161 patriarcha:
1027 4097 1349 4151 mentionem
1396 4095 1634 4164 faceret,
1684 4097 1761 4152 sic
1809 4099 2015 4154 mulieri

444 4183 626 4236 oculos
655 4184 848 4238 mentis
898 4187 1124 4254 aperuit.
1171 4187 1369 4242 Deinde
1396 4188 1481 4243 illa
1509 4200 1819 4258 reponente,
1852 4189 2019 4244 Num-

443 4273 566 4340 quid
585 4283 638 4325 tu
658 4276 822 4342 ntajor
845 4291 899 4328 es
927 4287 1070 4346 patre
1093 4289 1262 4332 nostro
1281 4277 1442 4332 Iacob
1466 4280 1492 4334 ?
1509 4296 1611 4335 non
1643 4282 1790 4346 dixit,
1820 4282 2015 4349 Etiam,

444 4363 614 4431 major
640 4377 755 4417 sum
790 4383 801 4418 :
831 4381 952 4418 nam
977 4368 1118 4422 visus
1139 4368 1323 4423 fuisset
1357 4369 1408 4424 id
1441 4386 1498 4425 sc
1522 4370 1772 4440 jaCtando
1797 4374 1975 4429 dicere
1999 4417 2014 4442 ,

440 4469 564 4506 cum
590 4453 732 4506 nulla
766 4454 942 4508 adhuc
969 4468 1110 4510 esset
1141 4459 1216 4511 rei
1247 4459 1632 4513 demonstratio
1660 4480 1671 4515 :
1699 4478 1792 4530 per
1829 4479 1890 4518 ea
1919 4480 2017 4517 au-

444 4554 552 4597 tem
583 4560 701 4614 qua:
727 4545 873 4608 dicit,
907 4547 972 4600 ad
997 4547 1120 4600 illud
1155 4559 1433 4618 prmparat.
1465 4551 1580 4604 Non
1610 4555 1750 4608 enim
1769 4558 2018 4626 simplici-

451 4643 531 4684 ιρι·
555 4631 681 4686 dicit
709 4674 724 4695 ,
760 4633 901 4686 Dabo
931 4634 1022 4688 tibi
1054 4651 1278 4704 aquam;
1323 4638 1416 4692 sed
1450 4649 1725 4709 postquam
1763 4643 1829 4697 de
1856 4645 2020 4699 Iacob

451 4721 633 4785 tacuit,
663 4719 800 4788 quod
823 4736 974 4775 suum
1003 4733 1119 4778 erat
1143 4727 1367 4787 extulit.
1400 4743 1430 4780 a
1457 4737 1645 4783 natura
1671 4729 1794 4785 doni
1838 4748 2019 4800 perso-

450 4825 635 4864 narum
663 4809 1012 4867 differentiam
1045 4829 1137 4884 per
1175 4832 1453 4872 munerum
1501 4819 1784 4876 discrimen
1829 4823 2023 4878 decla-

455 4917 601 4967 rans,
636 4917 840 4956 necnon
867 4917 1015 4957 suam
1045 4921 1204 4974 supra
1237 4909 1590 4976 patriarcbam
1622 4912 2018 4968 excellentiam.

448 4995 503 5051 8i
533 4997 762 5062 miraris,
795 4997 980 5067 inquit,
1012 4999 1151 5070 quod
1192 5000 1282 5056 ille
1309 5001 1446 5063 hanc
1487 5021 1675 5076 aquam
1706 5005 1928 5070 dederit,
1977 5009 2020 5062 si

451 5087 606 5157 longe
636 5087 911 5142 meliorem
952 5088 1042 5142 tibi
1090 5089 1307 5154 dedero,
1341 5094 1464 5162 quid
1490 5095 1672 5150 dices?
1716 5096 1832 5152 Jam
1879 5098 2023 5167 prius

455 5193 589 5244 pcuc
616 5177 858 5233 confessa
889 5194 946 5234 es
976 5196 1058 5234 me
1082 5179 1280 5235 Jacoho
1310 5185 1562 5253 majorem
1589 5202 1707 5242 esse
1730 5230 1745 5255 ,
1773 5203 1892 5242 cum
1921 5191 2025 5243 sci-

451 5269 692 5323 scitando
714 5271 914 5337 dixisti,
942 5269 1204 5340 Numquid
1232 5283 1282 5327 tu
1304 5277 1465 5345 major
1485 5293 1538 5331 es
1565 5286 1705 5345 patre
1729 5289 1898 5332 nostro
1923 5278 2021 5332 Ja-

452 5359 564 5424 σοὺ,
593 5361 680 5428 qui
708 5363 981 5418 meliorem
1007 5364 1281 5432 promittas
1306 5381 1493 5436 aquam
1517 5367 1540 5418 ‘t
1569 5369 1610 5421 si
1639 5369 1777 5422 illam
1803 5383 2023 5438 accepe-

455 5451 529 5499 ris
575 5464 785 5516 aquam,
841 5460 964 5507 tunc
1018 5470 1104 5509 me
1153 5455 1305 5526 plane
1352 5457 1608 5525 majorem
1665 5458 2022 5513 conﬁteberis.

461 5537 642 5591 Vitlen‘
671 5539 909 5594 mulieris
949 5542 1202 5610 judicium
1247 5547 1362 5601 sine
1393 5549 1494 5601 ulla
1527 5557 1839 5616 acceptione
1863 5590 1876 5612 ,
1908 5564 2026 5618 qua:

455 5641 519 5681 ex
548 5626 703 5681 rebus
733 5627 857 5696 ipsis
887 5637 937 5682 ct
961 5629 1024 5683 de
1054 5635 1346 5701 patriarcha
1377 5647 1427 5691 ct
1451 5637 1514 5694 de
1535 5637 1743 5692 Christo
1771 5638 1870 5694 fcrt
1899 5653 2018 5694 scn-

2121 920 2384 975 tentiant?
2417 923 2605 978 \‘crum
2635 943 2736 980 non
2777 929 2844 984 ita
2879 931 3045 988 Jndrci
3082 953 3094 989 :
3128 952 3246 992 cum
3276 941 3518 1000 viderent
3543 949 3682 1004 enim

2118 1009 2262 1063 illum
2291 1012 2546 1068 dmmunia
2571 1016 2892 1088 ejicientem,
2926 1023 3308 1083 dmmoniacum
3335 1033 3504 1102 ipsum
3533 1054 3688 1094 voca-

2117 1097 2278 1166 bant,
2326 1104 2520 1158 nedum
2567 1109 2865 1176 patriarcha
2905 1113 3159 1183 majorem
3207 1097 3466 1178 dicerent.
3500 1127 3688 1184 Mulier

2116 1204 2244 1242 vero
2270 1207 2370 1245 non
2403 1195 2499 1260 sic,
2524 1197 2616 1250 sed
2645 1198 2764 1254 inde
2787 1200 2887 1256 fert
2915 1207 3254 1274 sententiam,
3288 1213 3427 1269 unde
3442 1215 3685 1274 Chrt~tus

2115 1279 2352 1346 volebat;
2410 1299 2474 1338 ex
2531 1287 2642 1354 ipsa
2684 1305 2874 1360 nempe
2925 1309 3147 1361 Operam
3204 1299 3681 1366 demonstratione.

2115 1369 2244 1423 Nam
2275 1383 2328 1425 et
2359 1374 2471 1441 ipse
2493 1391 2702 1445 quoque
2743 1381 2866 1435 inde
2898 1383 2998 1438 fert
3031 1386 3286 1453 judicium
3314 1434 3329 1458 ,
3365 1394 3548 1452 dicens
3577 1416 3591 1451 :
3627 1402 3688 1454 Si

2116 1476 2213 1513 non
2239 1465 2372 1530 facio
2397 1483 2548 1535 opera
2581 1468 2747 1526 Patris
2772 1474 2887 1539 mei,
2917 1476 3070 1530 nolite
3093 1480 3214 1533 milii
3237 1485 3436 1540 credere
3462 1505 3481 1542 :
3508 1490 3553 1543 si
3577 1507 3672 1544 au-

2117 1564 2212 1608 tem
2236 1559 2386 1626 facio,
2411 1561 2499 1613 etsi
2531 1563 2654 1614 mihi
2679 1580 2777 1616 non
2799 1567 3019 1634 creditis,
3051 1573 3280 1639 operibus
3301 1579 3485 1633 credite
3505 1579 3683 1652 (Joan.

2115 1647 2200 1701 10.
2229 1649 2447 1745 57).ξίο
2477 1663 2530 1707 et
2561 1656 2750 1745 mulier
2775 1659 2840 1713 ad
2866 1661 3018 1716 fidem
3040 1664 3333 1724 adducitur.
3353 1647 3688 1745 Quapropter

2115 1754 2234 1791 cum
2266 1742 2502 1798 audisset
2529 1785 2541 1807 ,
2575 1744 2840 1818 Numquid
2864 1754 3028 1820 major
3055 1770 3104 1808 es
3125 1766 3267 1824 patre
3285 1771 3452 1814 nostro
3473 1742 3637 1818 iJac—ob
3663 1768 3688 1820 .’

2114 1829 2314 1881 omisso
2341 1829 2540 1886 Iacobo
2563 1875 2577 1900 ,
2607 1834 2672 1889 de
2701 1851 2834 1906 aqua
2876 1841 3108 1911 loquitur
3133 1843 3214 1899 his
3242 1848 3418 1903 verbis
3443 1893 3458 1915 ,
3513 1851 3688 1907 Omnis

2114 1918 2198 1986 qui
2226 1919 2354 1973 bibet
2378 1933 2442 1974 ea:
2467 1922 2563 1976 hac
2587 1941 2737 1995 aqua,
2757 1929 2886 1984 sitiet
2913 1931 3112 1996 iterum,
3137 1945 3190 1990 et
3215 1942 3686 2009 comparationem,

2117 2007 2279 2061 missa
2318 2013 2677 2078 accusatione,
2716 2031 2779 2070 ex
2834 2021 3184 2086 praecellentia
3234 2007 3380 2081 facit.
3409 2029 3523 2084 Non
3565 2007 3692 2088 dicit

2115 2097 2279 2162 enim,
2311 2099 2434 2155 l-lazc
2469 2118 2603 2172 aqua
2655 2106 2786 2160 nihil
2827 2117 2906 2164 est
2934 2150 2948 2174 ,
2979 2113 3264 2183 omniaque
3308 2117 3685 2188 despicienda;

2115 2188 2208 2243 sed
2235 2190 2361 2243 illud
2392 2193 2609 2260 profert,
2646 2197 2785 2266 quod
2815 2201 2924 2267 ipsa
2959 2212 3146 2258 natura
3189 2214 3411 2263 testatur
3453 2227 3466 2263 :
3516 2212 3690 2268 Omnis

2116 2280 2203 2345 qui
2231 2279 2348 2334 bibit
2379 2298 2442 2336 ea:
2474 2283 2567 2336 Itac
2591 2301 2723 2354 aqua
2748 2328 2762 2350 ,
2800 2290 2930 2343 sitiet
2975 2292 3192 2360 iterant;
3219 2299 3303 2364 qui
3326 2309 3491 2353 autem
3520 2301 3692 2357 biberit

2116 2383 2179 2422 ex
2199 2385 2355 2439 aqua,
2389 2388 2537 2442 quam
2559 2391 2649 2444 ego
2671 2375 2800 2431 dabo
2821 2380 2886 2442 ei,
2910 2397 3010 2434 non
3039 2383 3172 2438 sitiet
3201 2385 3253 2438 in
3277 2397 3539 2444 wternum.
3571 2392 3687 2447 Jam

2117 2459 2357 2515 audierat
2379 2477 2568 2532 aquam
2597 2466 2766 2520 vivam
2798 2469 3021 2537 mulier,
3054 2472 3148 2526 sed
3190 2489 3293 2529 non
3338 2477 3688 2537 intellexerat.

2116 2551 2249 2618 Quia
2271 2554 2412 2608 enim
2444 2571 2576 2624 aqua
2621 2557 2738 2612 viva
2785 2559 2998 2627 dicitur,
3049 2579 3169 2632 quae
3221 2569 3470 2634 perennis
3516 2582 3596 2625 est
3638 2582 3691 2626 ct

2117 2657 2328 2712 semper
2353 2647 2596 2713 scaturit,
2625 2663 2728 2702 non
2764 2651 2981 2717 prmcisa
3025 2653 3367 2725 scaturigine,
3397 2657 3464 2713 de
3490 2658 3587 2715 hac
3609 2663 3690 2715 ius

2119 2733 2457 2801 telligcndum
2482 2739 2668 2792 mulier
2690 2741 2924 2810 putabat.
2954 2741 3076 2798 Ideo
3118 2745 3316 2802 clarius
3352 2749 3403 2803 id
3444 2750 3518 2804 illi
3544 2752 3694 2808 dein-

2121 2841 2246 2893 tepS
2290 2827 2490 2894 aperit,
2519 2837 2573 2883 et
2617 2847 2681 2884 ex
2721 2835 3119 2902 comparatione
3164 2837 3280 2908 ejus
3322 2842 3689 2900 excellentiam

2118 2912 2490 2971 demonstrans
2520 2918 2586 2972 ita
2623 2922 2790 2990 pergit
2816 2940 2829 2975 :
2863 2923 2964 2989 Qui
2987 2923 3404 2998 biberitexaqua,
3429 2949 3578 3002 quam
3601 2952 3693 3006 ego

2117 3005 2247 3058 dabo
2271 3007 2335 3073 ei,
2365 3024 2465 3061 non
2491 3011 2622 3063 sitiet
2644 3013 2692 3064 in
2721 3021 2962 3067 arternum
2984 3033 3004 3082 ;
3032 3017 3129 3085 sic,
3160 3026 3215 3071 ut
3241 3020 3369 3085 dixi,
3417 3005 3691 3078 excellen-

2121 3097 2245 3149 tiam
2295 3098 2618 3164 ostendens,
2673 3116 2880 3158 necnon
2930 3119 2994 3158 ex
3040 3107 3384 3176 sequentibus
3436 3126 3450 3163 :
3500 3111 3689 3166 horum

2118 3185 2311 3253 quippe
2337 3185 2465 3240 nihil
2496 3187 2654 3244 habet
2682 3192 2914 3261 vulgaris
2937 3207 3090 3264 aqua.
3117 3195 3252 3262 Quid
3281 3213 3407 3252 vero
3429 3202 3692 3269 sequitur?

2121 3275 2234 3329 Fiet
2259 3278 2312 3331 in
2340 3294 2396 3332 eo
2424 3279 2538 3349 fons
2567 3298 2708 3351 aqute
2733 3282 2955 3339 salientis
2980 3285 3030 3338 in
3062 3287 3215 3340 vitam
3241 3298 3503 3346 aeternam.
3547 3291 3694 3348 Sicut

2119 3367 2260 3420 enim
2283 3369 2368 3438 qui
2398 3370 2596 3424 fontem
2648 3373 2786 3428 intus
2827 3374 3020 3441 habet,
3070 3393 3357 3448 numquam
3399 3381 3542 3437 sitiet
3574 3403 3586 3437 :
3616 3384 3692 3439 sic

2120 3473 2218 3511 nec
2246 3459 2336 3513 ille
2361 3461 2447 3530 qui
2481 3460 2614 3517 hanc
2659 3479 2849 3534 aquam
2879 3465 3140 3522 habuerit.
3173 3470 3469 3542 Statimque
3504 3477 3692 3529 mulier

2122 3549 2366 3618 credidit,
2410 3553 2576 3606 multo
2605 3557 2897 3623 sapientior
2938 3557 3258 3627 Nicodemo;
3301 3579 3396 3618 nec
3426 3565 3583 3620 modo
3602 3581 3692 3620 sa-

2130 3641 2376 3708 pientior,
2410 3642 2503 3697 sed
2535 3651 2588 3698 et
2633 3645 2839 3700 fortior.
2882 3647 2973 3701 Ille
3004 3665 3232 3722 namque
3274 3655 3456 3710 multis
3499 3657 3693 3713 auditis

2126 3732 2450 3801 hujusmodi,
2493 3751 2590 3791 nec
2632 3737 2792 3791 alium
2839 3741 3139 3809 quempiam
3182 3743 3475 3810 advocavit,
3522 3763 3693 3817 neque

2124 3822 2236 3890 ipse
2267 3823 2511 3880 fiduciam
2540 3825 2722 3882 habuit
2754 3844 2767 3880 :
2801 3829 2918 3885 haec
2963 3846 3092 3886 vero
3127 3835 3421 3901 apostolico
3464 3837 3694 3906 fungitur

2121 3913 2318 3981 ofﬁcio,
2342 3918 2586 3972 omnibus
2611 3920 2931 3975 annuntians
2957 3963 2970 3982 ,
3009 3938 3194 3978 omnes
3225 3924 3290 3978 ad
3323 3926 3499 3981 Jesum
3527 3930 3691 3981 advo-

2122 4018 2271 4070 catis,
2301 4013 2568 4074 totamque
2617 4009 2884 4064 civitatem
2911 4011 2977 4066 ad
3021 4013 3170 4067 illum
3217 4015 3549 4083 pertraheus.
3600 4016 3693 4072 Ille

2122 4094 2300 4150 audito
2322 4095 2548 4162 Christo,
2569 4099 2720 4164 dixit,
2751 4100 3012 4165 Quomodo
3031 4113 3238 4173 possunt
3255 4105 3361 4156 htec
3379 4105 3493 4172 fieri
3515 4104 3689 4175 (loan.

2123 4186 2173 4239 ‘5.
2209 4185 2302 4256 9)?
2331 4201 2392 4241 ac
2421 4203 2539 4242 cum
2578 4187 2822 4245 Christus
2855 4192 3054 4246 clarum
3085 4194 3388 4262 exemplum
3420 4197 3566 4250 venti
3610 4208 3692 4250 at-

2124 4277 2367 4344 tulisset,
2394 4295 2564 4350 neque
2597 4281 2664 4334 ita
2705 4297 3005 4337 sermonem
3053 4284 3284 4339 admisit.
3316 4284 3480 4341 Sccus
3515 4297 3692 4340 autem

2125 4371 2317 4425 mulier
2342 4389 2355 4424 :
2382 4371 2474 4425 scd
2517 4375 2689 4441 primo
2719 4372 3014 4440 dubitabat,
3043 4374 3234 4430 deinde
3263 4391 3387 4430 vero
3415 4393 3517 4431 non
3552 4386 3692 4431 tanta

2124 4460 2356 4514 adhibita
2395 4462 2622 4528 cautela,
2666 4463 2758 4517 sed
2806 4466 2954 4533 quasi
3006 4464 3162 4519 latam
3204 4467 3522 4521 sententiam
3553 4465 3692 4520 dicta

2125 4551 2414 4620 excipiens,
2446 4553 2510 4605 ad
2543 4569 2655 4608 rem
2703 4554 3064 4622 accipiendam
3111 4557 3286 4610 statim
3336 4557 3521 4612 fertur.
3563 4556 3692 4623 Quia

2125 4641 2266 4694 enim
2292 4641 2445 4695 Jesus
2486 4643 2708 4708 dixerat,
2742 4643 2857 4698 Fiet
2878 4646 2928 4699 in
2959 4662 3016 4700 eo
3060 4647 3174 4717 fons
3219 4664 3362 4718 aqua:
3394 4649 3615 4703 salientis
3647 4651 3698 4700 in

2125 4729 2278 4781 vitam
2306 4739 2578 4794 cateruam;
2610 4733 2788 4786 statim
2820 4734 2893 4789 ait
2921 4734 3131 4800 mulier,
3167 4736 3254 4790 15.
3288 4735 3371 4790 Da
3401 4737 3524 4791 milii
3568 4737 3697 4790 hanc

2126 4836 2328 4889 aquam,
2357 4831 2408 4873 ut
2437 4838 2534 4874 non
2560 4822 2749 4889 sitiam,
2781 4840 2936 4894 neque
2965 4827 3157 4880 veniam
3181 4827 3278 4879 huc
3298 4827 3519 4880 haurire.

2196 4909 2244 4963 2.
2295 4909 2478 4964 Viden'
2504 4912 2768 4980 quomodo
2799 4915 3047 4982 paulatim
3079 4917 3141 4967 ad
3159 4915 3463 4983 dogmatutn
3489 4917 3698 4973 culmen

2128 5001 2458 5056 deducatur?
2514 5002 2689 5057 Primo
2764 5006 2966 5075 putavit
3034 5006 3180 5060 illum
3251 5016 3698 5076 transgressoretn

2128 5092 2427 5162 quempiam
2454 5091 2693 5147 Judmum
2717 5109 2869 5160 esse;
2899 5095 3092 5150 deinde
3139 5097 3260 5166 quia
3302 5099 3436 5152 hanc
3467 5098 3555 5152 ille
3592 5099 3697 5154 cri-

2129 5184 2469 5240 minationem
2495 5185 2698 5256 depulit
2723 5187 2848 5258 (non
2879 5187 3103 5243 decebat
3123 5189 3262 5241 enim
3291 5204 3410 5241 eum
3440 5191 3526 5255 qui
3555 5190 3697 5241 illam

2129 5274 2413 5329 educturus
2438 5285 2570 5339 erat,
2590 5289 2892 5346 suspectum
2921 5278 3082 5347 esse),
3108 5292 3227 5330 cum
3249 5277 3484 5329 audisset
3507 5291 3696 5346 aquam

2131 5365 2324 5431 vivam,
2351 5369 2548 5435 putavit
2569 5367 2636 5420 de
2661 5366 2844 5420 scnsili
2880 5382 3013 5435 aqua
3047 5367 3146 5419 hoc
3173 5364 3298 5418 dici.
3324 5364 3546 5418 Demunt
3577 5381 3696 5420 cum

2131 5455 2364 5510 audisset
2387 5473 2448 5510 ea
2477 5472 2592 5525 qum
2619 5457 2950 5519 dicebantur,
2976 5471 3096 5510 esse
3115 5454 3435 5522 spiritualia,
3475 5457 3698 5512 credidit

2133 5548 2343 5616 quidem
2374 5563 2528 5616 posse
2557 5550 2697 5604 illam
2721 5563 2909 5617 aquam
2940 5546 3141 5618 pellere
3179 5546 3352 5612 sitim,
3405 5563 3500 5604 nec
3525 5559 3697 5602 tamen

2135 5638 2257 5708 quid
2284 5639 2368 5693 illa
2387 5649 2525 5694 esset
2556 5638 2777 5706 sciebat,
2810 5636 2901 5692 sed
2933 5635 3102 5690 adhuc
3131 5633 3408 5692 dubitabat
3437 5654 3448 5687 :
3488 5636 3697 5706 putabat
