4068 6136
305 261 396 320 185
1280 249 1346 306 IN
1383 244 1689 304 JOANNEM
1734 243 1957 298 llOMIL.
2001 243 2212 298 XXXII.
2255 247 2324 299 al.
2370 246 2558 302 XXXI.

304 387 445 434 certe
484 376 598 430 hrc
643 371 949 426 sublimiora
979 383 1119 432 esse,
1149 381 1306 438 quam
1363 375 1419 418 ut
1462 376 1622 417 sensu
1673 356 1870 428 percipi

303 476 555 539 possent;
599 462 693 519 sed
749 477 856 514 non
901 473 1120 530 prorsus
1169 458 1220 511 id
1266 455 1391 525 quid
1437 457 1582 508 esset
1628 456 1870 504 noverat.

304 558 452 614 Nunc
473 565 618 610 certe
647 552 836 607 melius
863 549 1092 612 videbat,
1141 561 1312 615 neque
1351 557 1525 598 tamen
1556 549 1721 594 totum
1753 552 1872 606 per-

302 649 534 718 cipiebat,
564 663 576 699 :
603 659 726 698 nam
769 646 879 706 ait,
925 641 1004 694 Da
1045 640 1168 693 mihi
1195 639 1326 692 hanc
1353 651 1537 704 aquam
1555 673 1570 698 ,
1597 643 1654 685 ut
1680 646 1778 683 non
1805 627 1876 680 si-

301 743 445 802 tiam,
495 751 650 806 neque
691 735 886 788 veniam
937 732 1033 785 huc
1063 731 1285 784 haurire.
1334 727 1450 782 Jam
1493 725 1640 778 illum
1675 719 1874 776 Jacobo

303 828 637 901 praeferebat.
668 825 784 879 Non
811 824 913 878 hoc
934 823 1080 876 fonte
1107 836 1242 891 opus
1261 819 1451 882 habeo,
1475 817 1518 870 si
1549 829 1576 867 a
1610 823 1662 868 te
1683 825 1874 879 aquam

303 923 444 977 illam
490 917 768 986 accipiam.
814 913 1002 968 Viden'
1056 911 1324 982 quomodo
1370 910 1516 962 illum
1564 903 1875 976 patriarchae

301 1007 628 1078 anteponat?
670 1007 780 1060 iloc
811 1004 960 1074 probi
1001 1003 1164 1056 animi
1207 1000 1456 1056 indicium
1502 1005 1602 1052 est.
1635 993 1878 1050 Ostendit

299 1118 461 1173 quam
501 1100 570 1154 de
616 1097 815 1152 Jacobo
857 1095 1166 1164 opinionem
1212 1093 1472 1148 haberet:
1502 1090 1633 1144 vidit
1678 1087 1878 1142 Jacobo

301 1195 598 1255 meliorem,
623 1205 792 1259 neque
815 1189 979 1257 prima
1007 1187 1093 1240 illa
1116 1186 1364 1254 Opinione
1391 1191 1594 1237 retenta
1619 1179 1732 1235 fuit.
1762 1179 1875 1235 Non

303 1297 433 1352 ergo
464 1281 617 1335 facile
665 1280 858 1333 mulier
899 1276 1166 1340 credidit,
1197 1291 1371 1345 neque
1400 1283 1600 1329 temere
1624 1272 1762 1327 dicta
1797 1288 1880 1324 re-

304 1376 466 1443 cepit,
499 1387 615 1442 qua:
647 1379 791 1424 tanta
820 1369 1159 1424 accuratione
1189 1367 1461 1438 quaesivit;
1506 1380 1676 1435 neque
1717 1363 1877 1418 etiam

307 1461 638 1532 immorigera
667 1460 750 1514 vel
795 1461 1126 1514 contentiosa
1159 1459 1273 1513 fuit.
1318 1457 1479 1526 quue
1521 1472 1585 1510 ex
1623 1455 1879 1524 petitione

308 1569 400 1608 sua
439 1551 848 1607 demonstravit.
885 1551 1041 1620 Atqui
1071 1549 1271 1605 Judaeis
1300 1549 1435 1603 dixit
1460 1547 1706 1602 Chris:us
1736 1563 1748 1599 :
1780 1544 1879 1609 Qui

309 1645 570 1698 comederit
596 1643 658 1696 de
699 1659 854 1697 carne
899 1659 1027 1708 mea,
1058 1659 1157 1696 non
1187 1642 1404 1704 esuriet;
1445 1651 1493 1694 et
1533 1639 1618 1709 qui
1645 1638 1800 1693 credit
1826 1637 1880 1690 in

311 1751 404 1796 me,
435 1751 535 1788 non
555 1734 687 1787 sitiet
717 1749 951 1804 umquam
980 1733 998 1801 (
1025 1731 1184 1786 Joan.
1212 1732 1264 1786 6.
1291 1732 1358 1786 55
1384 1734 1434 1801 );
1469 1731 1562 1784 sed
1586 1745 1690 1784 non
1720 1728 1879 1782 modo

313 1840 412 1879 non
457 1824 814 1888 crediderunt,
865 1823 958 1878 sed
999 1823 1158 1878 etiam
1201 1821 1538 1876 scandalizati
1579 1829 1720 1874 sunt.
1755 1818 1880 1873 ibeo

314 1917 504 1972 mulier
528 1925 713 1970 contra
735 1924 1006 1984 exspectat
1027 1923 1082 1970 et
1105 1914 1254 1984 petit.
1281 1912 1479 1967 Judmis
1506 1913 1595 1966 ille
1634 1910 1840 1965 dicebat
1862 1949 1878 1972 ,

316 2005 412 2073 Qui
438 2005 595 2060 credit
623 2007 672 2059 in
695 2021 774 2060 me
801 2021 900 2059 non
921 2006 1084 2070 sitiet;
1111 2003 1318 2059 mulieri
1349 2019 1478 2058 vero
1507 2017 1611 2056 non
1643 2001 1711 2054 ita
1739 2042 1752 2065 ,
1785 2000 1879 2053 sed

315 2095 528 2150 rudiore
556 2094 737 2158 modo,
769 2094 868 2161 Qui
891 2094 1062 2148 biberit
1087 2093 1257 2148 exhae
1278 2109 1431 2163 aqua,
1450 2109 1550 2146 non
1568 2092 1718 2145 sitiet.
1753 2090 1881 2144 Pro-

316 2185 496 2238 missio
521 2199 748 2254 namque
777 2194 890 2239 erat
917 2184 1271 2254 spiritualium
1316 2199 1528 2246 rerum,
1561 2198 1666 2237 non
1699 2181 1879 2235 visibi-

316 2275 439 2329 lium
469 2275 509 2328 â€˜.
540 2273 663 2329 Ideo
705 2275 941 2329 mulieris
985 2274 1220 2329 animum
1266 2273 1734 2342 pollicitationibus
1777 2271 1882 2326 eri-

316 2381 469 2436 gens,
499 2365 674 2419 adhuc
699 2365 1045 2420 sensibilibus
1073 2365 1384 2419 immoratur
1407 2405 1423 2431 ,
1465 2363 1605 2433 quod
1632 2364 1720 2418 illa
1749 2378 1883 2418 non-

317 2457 437 2509 dum
464 2464 643 2525 posset
668 2457 960 2523 spiritualia
988 2465 1234 2510 accurate
1263 2454 1730 2524 comprehendere.
1751 2453 1881 2508 Nam

318 2547 358 2599 si
388 2546 629 2610 dixisset,
673 2545 727 2600 Si
757 2545 1048 2600 credideris
1081 2547 1134 2599 in
1162 2561 1268 2608 me,
1296 2561 1402 2598 non
1432 2545 1613 2608 sities;
1655 2545 1738 2597 illa
1777 2560 1880 2598 non

321 2639 704 2703 intellexisset,
746 2654 866 2694 cum
917 2655 1022 2695 non
1073 2649 1253 2696 nosset
1278 2641 1396 2710 quis
1423 2649 1565 2695 esset
1592 2640 1681 2694 ille
1710 2654 1769 2693 sc
1807 2638 1882 2692 al-

319 2730 556 2800 loquens,
591 2745 690 2785 nec
713 2731 781 2786 de
809 2746 912 2801 qua
941 2732 1026 2787 siti
1055 2741 1320 2803 ageretur.
1350 2732 1453 2787 Cur
1473 2741 1648 2786 autem
1679 2746 1784 2786 non
1813 2732 1883 2784 ita

321 2822 513 2878 Iudaeis
541 2823 792 2894 loquutus
810 2825 933 2879 est?
961 2823 1094 2892 Quia
1126 2825 1198 2878 illi
1227 2825 1389 2879 multa
1430 2824 1576 2893 signa
1601 2823 1881 2887 viderant,

324 2915 406 2968 illa
437 2930 563 2970 vero
596 2915 833 2980 nullum;
874 2915 967 2971 sed
1003 2917 1162 2972 verba
1203 2918 1432 2987 primum
1462 2915 1721 2970 audierat.
1761 2914 1884 2969 Ideo

323 3020 411 3074 per
439 3004 774 3075 pr0phetiam
806 3005 1054 3076 deinceps
1077 3010 1182 3060 vim
1211 3022 1358 3061 suam
1390 3006 1642 3068 ostendit,
1663 3020 1759 3060 nec
1779 3013 1887 3061 sta~

324 3099 409 3150 tim
439 3097 614 3167 arguit
656 3097 830 3163 illam;
873 3098 966 3153 sed
997 3092 1123 3167 quid
1154 3098 1318 3152 dicit?
1350 3098 1432 3152 16.
1475 3097 1639 3163 Vade,
1669 3113 1789 3151 voca
1814 3097 1888 3150 vi-

321 3207 428 3242 rum
453 3200 617 3255 tuum,
648 3197 695 3243 et
722 3190 833 3244 verti
861 3189 975 3243 huc.
1005 3189 1090 3244 17.
1120 3188 1222 3244 Illa
1247 3206 1359 3243 vero
1389 3190 1526 3254 dicit,
1572 3187 1742 3241 Virum
1785 3204 1886 3242 non

320 3281 492 3334 habeo.
526 3280 658 3334 Dicit
686 3282 731 3335 ei
749 3279 900 3335 Iesus
921 3323 935 3347 ,
961 3280 1096 3335 Bene
1113 3282 1318 3348 dixisti,
1364 3281 1535 3335 Virum
1561 3299 1662 3336 non
1683 3281 1839 3336 habeo
1867 3297 1886 3334 :

322 3373 405 3427 18.
436 3373 658 3444 quinque
681 3375 812 3426 enim
858 3373 989 3427 viros
1023 3373 1240 3426 habuisti
1259 3415 1274 3434 ,
1301 3382 1349 3426 et
1373 3389 1504 3426 nunc
1528 3390 1672 3443 quem
1704 3373 1883 3439 habes,

319 3479 415 3516 non
445 3473 518 3516 est
548 3473 662 3517 tuus
688 3464 784 3516 vir.
818 3462 931 3516 Hoc
950 3481 1060 3517 vere
1088 3465 1280 3517 dixisti.
1316 3465 1401 3519 i9.
1434 3463 1574 3517 Dicit
1597 3467 1642 3517 ei
1671 3466 1883 3529 mulier,

320 3551 547 3617 Domine,
579 3554 721 3606 video
745 3553 863 3623 quia
885 3554 1130 3623 propheta
1156 3571 1208 3608 es
1233 3565 1305 3607 tu.

386 3643 727 3698 Samaritana
745 3645 1060 3716 philosOphia
1079 3646 1224 3700 malae
1238 3647 1356 3712 ï¬dei
1369 3648 1400 3699 J
1410 3646 1662 3700 udceorum
1679 3648 1890 3718 apponi-

319 3733 672 3802 tur.-Pap:e,
701 3743 892 3803 quanta
912 3735 1148 3790 mulieris
1166 3737 1496 3806 philoSOphia
1523 3738 1536 3790 !
1564 3753 1719 3806 quam
1741 3752 1890 3790 man-

317 3830 466 3876 suete
499 3821 972 3892 reprehensionem
995 3824 1224 3878 admittit
1247 3827 1258 3878 !
1279 3826 1404 3889 Cur,
1425 3826 1648 3894 inquies,
1676 3841 1778 3879 non
1795 3829 1888 3880 ad-

319 3911 590 3964 misisset?
623 3921 798 3966 nOnne
825 3927 969 3978 saepe
1010 3913 1220 3969 Judteos
1245 3915 1421 3969 acrius
1443 3915 1745 3985 redarguit?
1773 3915 1884 3971 Non

315 3999 454 4054 enim
473 4001 616 4069 paris
641 4001 850 4055 virtutis
862 4012 942 4057 est
960 4004 1150 4057 mentis
1178 4012 1380 4059 secreta
1397 4005 1446 4058 in
1466 4007 1695 4060 medium
1724 4007 1890 4061 addu-

317 4106 459 4158 cere,
498 4101 564 4147 et.
587 4107 700 4146 rem
731 4093 864 4146 clam
882 4103 1148 4165 peractam
1181 4097 1436 4150 revelare.
1471 4096 1604 4152 illud
1621 4097 1762 4152 enim
1795 4099 1887 4153 Dei

319 4192 518 4238 tantum
538 4193 638 4247 est,
662 4199 782 4238 cum
811 4201 967 4240 nemo
985 4188 1147 4253 novit,
1168 4189 1266 4242 nisi
1286 4189 1426 4257 isqui
1443 4189 1490 4242 id
1521 4189 1572 4242 in
1591 4199 1768 4244 mente
1789 4189 1887 4244 ha-

317 4272 421 4338 bet;
451 4273 675 4327 alterum
692 4288 818 4328 vero
831 4275 1016 4330 saltem
1036 4275 1382 4331 familiaribus
1418 4288 1598 4333 notmn
1615 4289 1714 4332 est.
1739 4280 1890 4333 Atta-

319 4378 435 4417 men
451 4363 621 4419 Judaei
639 4379 696 4420 se
717 4367 1066 4435 reprehensos
1091 4382 1208 4423 esse
1236 4369 1449 4437 indigne
1475 4370 1663 4423 ferunt.
1681 4369 1782 4425 Sed
1801 4372 1890 4425 illo

319 4453 693 4522 dicente,Quid
718 4472 796 4509 me
820 4459 1042 4528 quam'tis
1061 4459 1338 4528 interï¬cere
1359 4460 1534 4530 (Jouu.
1564 4461 1614 4514 7.
1641 4461 1759 4533 20)?
1783 4478 1887 4516 non

321 4545 474 4599 modo
491 4561 598 4600 non
625 4547 974 4616 admirantur,
999 4558 1055 4603 ut
1076 4552 1384 4616 mulierilla,
1415 4554 1505 4607 sed
1525 4556 1684 4609 etiam
1707 4557 1888 4611 convi-

320 4632 410 4688 ciis
438 4644 492 4688 et
511 4638 848 4691 contumeliis
864 4638 1118 4704 afï¬ciunt,
1143 4643 1348 4696 etiamsi
1375 4644 1594 4699 aliorum
1617 4649 1888 4716 signorum

323 4734 624 4793 argumenta
670 4725 925 4783 haberent
951 4748 965 4782 :
995 4729 1109 4785 hzec
1155 4743 1332 4786 autem
1363 4735 1462 4788 hoc
1498 4752 1656 4790 unum
1686 4746 1887 4792 tantum

321 4812 575 4869 audierat.
624 4815 873 4871 Attamen
922 4819 995 4872 illi
1046 4835 1150 4874 non
1190 4822 1349 4877 modo
1393 4839 1496 4878 non
1532 4827 1704 4879 mirati
1743 4843 1882 4892 sum,

319 4903 406 4955 sed
435 4904 597 4958 etiam
622 4907 820 4973 probro
844 4909 1133 4966 affecerunt
1164 4914 1421 4980 dicentes,
1454 4915 1766 4972 Dazmonium
1797 4922 1888 4972 ha-

320 4990 413 5054 bes,
459 4995 571 5062 quis
616 5005 664 5049 te
704 5000 882 5067 quierit
931 5001 1246 5070 interï¬cere?
1274 5003 1396 5059 Huic
1438 5022 1564 5061 vero
1593 5023 1700 5061 non
1732 5009 1890 5064 modo

321 5095 418 5134 non
447 5085 799 5150 conviciator,
829 5088 921 5142 sed
953 5090 1173 5146 miratur
1201 5102 1254 5148 et
1292 5094 1634 5162 obstupescit,
1662 5098 1889 5166 prophe-

320 5177 526 5241 tantque
551 5174 803 5243 Opinatur
829 5191 982 5244 esse;
1025 5182 1122 5234 etsi
1151 5184 1326 5236 acrius
1354 5183 1491 5237 hanc
1515 5186 1888 5253 reprehendat,

320 5273 467 5327 quam
513 5262 658 5317 illos.
712 5264 822 5320 Hoc
857 5269 998 5322 enim
1043 5284 1314 5338 peccatum
1347 5275 1499 5328 unius
1543 5274 1708 5344 ipsius
1742 5286 1888 5342 erat;

319 5349 438 5403 illud
463 5367 593 5407 vero
620 5355 871 5410 omnibus
898 5373 1197 5415 comnmne.
1227 5362 1342 5417 Non
1363 5372 1538 5419 autem
1563 5365 1632 5418 ita
1661 5368 1888 5422 morderi

317 5441 548 5497 solemus
573 5443 644 5497 dc
685 5448 1055 5503 communibus
1092 5450 1322 5519 delictis,
1355 5463 1411 5507 ut
1448 5453 1514 5509 de
1542 5457 1787 5524 propriis.
1824 5460 1890 5516 Et

334 5585 340 5588 â€™
375 5593 388 5622 Â¹
423 5593 521 5645 Alii
547 5598 740 5659 legunt,
761 5597 1247 5666 bideterutmatorum,
1274 5620 1378 5670 pro,
1405 5623 1494 5661 non
1521 5613 1790 5664 ctsibihâ€˜um.

3456 251 3554 305 186

1983 357 2056 409 illi
2083 358 2296 426 quidem
2329 376 2575 430 magnum
2602 361 2869 431 quidpiam
2898 376 2957 417 se
3001 361 3252 430 petiirere
3281 363 3551 432 pttlabaltl.

1980 445 2026 499 si
2053 445 2320 502 Christum
2351 451 2715 507 interficerent
2737 472 2750 506 :
2776 453 3014 507 mulieris
3055 467 3179 507 vero
3207 453 3408 507 facinus
3438 469 3552 507 ma-

1980 534 2088 588 lum
2118 550 2238 592 esse
2263 539 2401 606 apud
2429 554 2615 594 omnes
2645 542 2696 595 in
2735 541 2981 597 confesso
3009 551 3142 598 erat.
3171 547 3417 598 Attamen
3449 561 3553 599 non

1978 640 2119 696 argre
2147 629 2261 682 tulit
2282 631 2493 696 mulier,
2512 632 2605 688 sed
2625 633 2894 702 obstupuit
2917 637 3207 706 mirataque
3230 648 3330 690 est.
3355 637 3553 690 Eodem

1980 733 2188 788 quoque
2215 721 2371 774 tnodo
2396 737 2514 776 cum
2546 722 2871 779 Nathanaele
2890 725 3134 781 Christus
3158 743 3215 782 se
3234 729 3415 798 gessit.
3439 727 3554 784 Non

1983 809 2209 876 primum
2242 811 2573 880 prophetiam
2602 814 2826 876 induxit,
2861 831 3032 885 neque
3059 817 3214 883 dixit,
3252 817 3369 871 Vidi
3399 830 3445 872 te
3464 819 3555 872 sub

1982 901 2116 968 ï¬cu;
2143 902 2236 956 sed
2280 917 2399 957 cum
2451 905 2536 958 ille
2576 905 2819 973 dixisset,
2851 906 2998 961 Unde
3026 925 3104 962 me
3127 912 3258 962 nosti
3297 908 3476 980 (Joan.
3505 914 3554 966 i.

1983 991 2101 1060 48)?
2129 993 2178 1046 id
2211 993 2503 1063 respondit.
2533 995 2752 1051 Volebat
2783 999 2924 1051 enim
2957 997 3211 1052 miracula
3241 1008 3294 1054 et
3324 1000 3556 1068 prophe-

1986 1083 2082 1135 tias
2107 1085 2175 1138 ab
2201 1085 2303 1138 illis
2330 1085 2583 1155 incipere,
2613 1087 2700 1154 qui
2732 1089 2796 1141 ad
2845 1089 3014 1156 ipsum
3046 1089 3389 1154 accedebant,
3423 1099 3478 1144 ut
3505 1102 3560 1144 et

1983 1173 2151 1242 magis
2177 1173 2296 1228 illos
2320 1175 2418 1228 sibi
2461 1176 2790 1240 conciliaret,
2818 1185 2872 1232 et.
2901 1193 3047 1232 vanae
3085 1177 3268 1248 gloria:
3298 1180 3554 1248 suSpicio-

1986 1277 2104 1315 nem
2132 1261 2402 1332 effugeret.
2437 1265 2546 1318 Hoc
2579 1266 2748 1335 ipsum
2781 1266 2864 1322 hic
2890 1268 3016 1337 agit.
3041 1269 3387 1324 Existimabat
3415 1275 3556 1324 ean

1985 1353 2265 1410 molestum
2294 1367 2344 1410 et
2369 1357 2693 1428 superfluum
2721 1359 2850 1421 fore,
2876 1360 2920 1414 si
2947 1375 3061 1414 eam
3085 1361 3261 1415 statim
3286 1373 3561 1417 accusaret

1983 1446 2232 1514 dicendo,
2289 1447 2464 1503 Virum
2495 1467 2594 1504 non
2625 1450 2794 1506 habes.
2829 1451 2956 1506 illud
2989 1467 3118 1507 vero
3146 1453 3410 1523 Corrigcre
3443 1466 3560 1524 po~t

1984 1547 2254 1607 acceptam
2285 1539 2352 1594 ab
2377 1539 2564 1594 eadem
2591 1541 2700 1610 ipsa
2727 1544 3082 1608 occasionem,
3111 1554 3255 1600 certe
3279 1557 3561 1600 consenta-

1987 1644 2143 1682 neum
2170 1639 2304 1695 erat,
2335 1640 2388 1685 et
2417 1632 2719 1686 audientem
2749 1637 3160 1690 mansnetiorem
3193 1636 3466 1690 reddebat.
3495 1637 3562 1690 Et

1985 1734 2228 1788 quamam
2279 1721 2366 1774 illa
2413 1722 2814 1791 consequentia,
2866 1723 3092 1792 inquies,
3143 1725 3342 1789 dicere,
3400 1723 3557 1788 Vade,

1983 1824 2104 1862 voca
2131 1811 2289 1864 virum
2317 1821 2458 1864 tuum
2476 1813 2502 1866 .â€™
2530 1811 2602 1866 De
2626 1812 2770 1868 dono
2797 1815 3048 1883 agebatur
3075 1823 3132 1870 et
3166 1815 3232 1868 de
3267 1816 3433 1885 gratia
3464 1815 3562 1870 hu-

1987 1914 2195 1953 manam
2220 1909 2460 1955 naturam
2487 1911 2790 1971 superante.
2822 1902 3056 1958 Instabat
3084 1904 3274 1958 mulier
3295 1905 3558 1974 ï¬‚agitans,

1987 1998 2038 2043 ct
2061 1989 2192 2044 dixit
2218 1991 2288 2054 ei,
2332 1990 2466 2045 Voca
2489 1994 2649 2046 virum
2670 2003 2842 2059 tuum;
2868 1993 3209 2049 subindicans
3249 1996 3395 2049 illum
3424 2012 3560 2065 quo-

1985 2096 2089 2151 que
2134 2082 2324 2136 horum
2370 2085 2677 2154 participem
2709 2101 2826 2140 esse
2852 2086 3106 2140 debereâ€˜.
3147 2085 3239 2140 llla
3266 2088 3560 2157 accipiendi

1985 2172 2234 2241 cupidaâ€˜,
2278 2190 2428 2228 suam
2473 2176 2612 2230 celat
2654 2176 3054 2244 turpitudinem,
3100 2193 3263 2248 seque
3292 2177 3560 2234 hominem

1985 2263 2178 2334 alloqui
2208 2273 2397 2329 putans
2420 2267 2512 2329 ait,
2544 2264 2665 2320 Non
2691 2267 2845 2322 habeo
2870 2271 3048 2321 virum.
3072 2269 3206 2324 Hinc
3228 2271 3561 2326 occasionem

1986 2362 2209 2420 captans
2227 2355 2471 2410 Christus
2491 2365 2788 2425 Opportune
2810 2357 2952 2412 illam
2972 2357 3336 2428 reprehendit,
3363 2370 3564 2415 utrum-

1986 2459 2090 2513 que
2119 2455 2364 2499 accurate
2395 2447 2666 2515 explicans
2701 2465 2713 2498 :
2745 2463 2868 2501 nam
2916 2449 3119 2517 priores
3157 2464 3346 2504 omnes
3375 2465 3563 2504 nume-

1989 2536 2142 2602 rarit,
2175 2546 2229 2591 et
2255 2537 2393 2591 hunc
2418 2538 2682 2593 occultum
2715 2538 2985 2593 revelavit.
3019 2539 3152 2606 Quid
3179 2554 3308 2609 ergo
3334 2541 3564 2594 mulier?

1986 2627 2100 2682 Non
2131 2643 2273 2698 aegre
2318 2629 2456 2693 tulit,
2504 2645 2610 2683 non
2657 2630 2746 2683 illo
2770 2630 2953 2684 relicto
2981 2629 3130 2700 fugit,
3164 2645 3267 2685 non
3299 2629 3349 2684 id
3379 2641 3566 2686 contu-

1990 2719 2202 2773 meliam
2249 2733 2370 2774 esse
2421 2715 2652 2788 pulmit;
2708 2719 2800 2774 sed
2849 2720 3015 2790 magis
3055 2720 3367 2784 admiratur,
3396 2723 3567 2790 magis

1989 2819 2295 2878 perseverat
2321 2826 2335 2862 :
2365 2825 2483 2863 nam
2514 2811 2608 2874 ait,
2650 2807 2804 2862 Video
2837 2810 2954 2879 quia
2978 2810 3224 2880 prapheta
3253 2827 3302 2864 es
3332 2819 3405 2864 tu.
3438 2809 3566 2879 Ejus

1991 2915 2115 2953 vero
2148 2899 2480 2967 prudentiam
2513 2900 2801 2970 perpende.
2833 2899 2948 2954 Non
2989 2901 3164 2954 statim
3193 2903 3440 2964 accurrit,
3469 2901 3564 2955 sed

1989 2990 2163 3044 adlmc
2207 2991 2510 3045 considerat
2553 2999 2607 3046 et
2653 2991 2895 3046 miratur.
2947 2991 3074 3046 lllud
3104 2993 3268 3059 enim,
3306 2991 3482 3059 Video,
3512 2993 3564 3046 id

1989 3091 2092 3148 est,
2141 3081 2348 3136 Videris
2391 3084 2519 3136 mihi
2569 3083 2824 3153 propheta
2872 3099 3011 3138 esse.
3067 3085 3266 3139 Deinde
3311 3086 3431 3154 quia
3464 3084 3566 3139 hoc

1990 3174 2254 3242 suspicata
2286 3184 2421 3241 erat,
2449 3175 2576 3228 nihil
2611 3186 2876 3230 terrenum
2907 3177 3218 3246 interrogat,
3250 3192 3353 3232 non
3381 3178 3448 3232 de
3475 3192 3566 3230 va-

1993 3264 2224 3318 letudine
2251 3266 2489 3334 corporis
2519 3274 2687 3332 rogat,
2714 3282 2816 3319 non
2846 3265 2912 3320 de
2947 3267 3156 3334 opibus,
3187 3282 3290 3321 non
3330 3267 3396 3322 dc
3425 3267 3565 3322 divi-

1994 3355 2099 3415 tiis,
2123 3353 2215 3408 sed
2242 3355 2308 3408 de
2331 3355 2663 3424 dogmatibus
2689 3356 2887 3408 statim.
2921 3355 3056 3422 Quid
3097 3358 3236 3410 enim
3271 3357 3434 3412 dicit?
3472 3359 3562 3412 ÎµÏ….

1993 3443 2173 3498 Patres
2199 3445 2354 3499 nostri
2398 3445 2447 3498 in
2489 3455 2654 3498 monte
2693 3446 2786 3498 hoc
2812 3445 3164 3512 adoraverunt,
3198 3447 3460 3503 Abraham
3489 3451 3565 3504 si-

1991 3536 2268 3605 gnificans,
2318 3551 2474 3604 quem
2522 3537 2685 3590 filium
2736 3552 2802 3591 eo
2843 3537 3126 3592 adduxisse
3173 3539 3455 3594 dicebant:
3500 3540 3566 3595 Et

1993 3627 2241 3693 quomodo
2268 3641 2352 3678 vos
2379 3627 2545 3680 dicitis
2571 3628 2687 3695 quia
2711 3626 3040 3697 Jerosolymis
3067 3638 3137 3683 est
3164 3629 3304 3683 locus
3330 3631 3413 3684 ubi
3437 3633 3566 3685 ado-

1992 3733 2108 3770 rare
2135 3717 2366 3784 Oportet?

2065 3808 2115 3861 5.
2161 3806 2206 3860 Î•
2229 3807 2568 3862 Samaritamc
2587 3808 2752 3862 studio
2776 3808 3017 3877 fervorem
3040 3812 3345 3866 audientium
3363 3813 3564 3870 excitat.

1993 3899 2161 3953 Lectio
2202 3900 2485 3953 divinorum
2529 3899 2766 3955 librorum
2809 3904 3202 3957 commendatur.
3237 3904 3376 3958 Libri
3403 3908 3567 3959 aurei.-

1994 3992 2264 4046 litteris.-â€”-
2281 3992 2466 4047 Videnâ€™
2481 4008 2635 4062 quam
2662 4003 2841 4048 mente
2856 3995 3132 4048 sublimior
3148 3997 3413 4050 evaserit?
3437 3997 3566 4050 Nam

1995 4084 2082 4137 illa
2110 4084 2194 4137 cui
2226 4081 2293 4137 de
2314 4083 2546 4138 sedanda
2577 4085 2661 4137 siti
2693 4100 2817 4136 cura
2841 4093 2974 4148 erat,
3003 4085 3110 4153 jam
3138 4085 3206 4139 de
3231 4086 3566 4154 dogmatibus

1994 4177 2304 4245 interrogat.
2343 4175 2479 4242 Quid
2509 4192 2636 4245 ergo
2665 4176 2944 4230 Christus?
2973 4177 3085 4230 Non
3125 4178 3280 4231 solvit
3313 4179 3567 4248 qumstio-

1995 4284 2115 4322 nem
2145 4268 2290 4338 (non
2331 4268 2474 4322 enim
2517 4269 2618 4322 hoc
2659 4269 2898 4334 curabat,
2931 4278 2987 4323 ut
3024 4270 3088 4323 ad
3117 4271 3291 4324 omnia
3321 4282 3568 4326 accurate

1994 4360 2370 4428 responderet;
2404 4360 2452 4414 id
2496 4361 2691 4430 quippe
2725 4376 3170 4428 supervacaneum
3211 4361 3441 4432 fuisset),
3475 4365 3568 4417 sed

1995 4465 2177 4504 rursus
2221 4451 2496 4506 mulierem
2541 4450 2608 4504 ad
2657 4450 2912 4520 majorem
2960 4452 3334 4507 sublimitatem
3387 4452 3566 4516 ducit;

1994 4559 2092 4598 nec
2140 4544 2285 4612 prius
2333 4544 2417 4597 illa
2465 4551 2675 4609 tractat,
2722 4558 2879 4614 quam
2911 4544 3102 4598 mulier
3145 4544 3389 4600 confessa
3423 4556 3570 4600 esset

1995 4636 2166 4704 ipsum
2187 4650 2304 4690 esse
2332 4635 2662 4704 prophetam,
2685 4647 2743 4688 ut
2768 4634 3019 4703 majorem
3045 4645 3223 4703 postea
3237 4635 3388 4690 dictis
3411 4635 3566 4692 fidem

1995 4727 2234 4781 haberet.
2263 4726 2391 4793 Quae
2417 4729 2558 4780 enim
2593 4727 2692 4780 hoc
2721 4725 2984 4791 crederet,
3014 4741 3117 4779 non
3149 4728 3281 4781 ultra
3324 4727 3390 4782 de
3415 4728 3570 4783 dictis

1993 4816 2292 4870 dubitatum
2341 4825 2474 4869 erat.
2521 4815 2725 4870 Pudeat
2755 4831 2882 4885 ergo
2908 4831 3024 4879 nos,
3073 4825 3127 4870 et
3171 4819 3567 4873 erubescamus.

1995 4909 2179 4963 Mulier
2206 4925 2324 4979 qme
2355 4909 2585 4979 quinque
2613 4910 2754 4963 viros
2781 4908 3055 4972 habuerat,
3086 4909 3431 4972 Samaritana,
3459 4919 3571 4964 tan-
3606 4964 3608 4967 ,

1997 5009 2103 5053 tum
2121 5000 2375 5053 doctrinae
2392 4999 2726 5054 addiscendae
2742 4999 2971 5054 studium
2986 4999 3162 5064 habet,
3183 5015 3282 5053 nec
3299 5000 3422 5052 hora
3440 5000 3567 5066 diei,

1995 5106 2094 5144 nec
2111 5090 2250 5144 aliud
2272 5089 2493 5158 quodvis
2508 5088 2741 5144 officium
2760 5090 2837 5143 vel
2859 5088 3121 5156 negotium
3138 5088 3276 5141 illam
3295 5087 3362 5141 ab
3384 5086 3569 5156 hujus-

1996 5181 2137 5236 modi
2156 5181 2446 5249 quaestione
2466 5181 2710 5235 abducit:
2737 5195 2834 5234 nos
2861 5188 3037 5234 autem
3071 5192 3172 5231 non
3194 5177 3350 5231 modo
3375 5177 3443 5233 de
3469 5178 3569 5232 do-

1995 5273 2257 5340 gmatibus
2288 5287 2392 5326 non
2420 5272 2824 5340 interrogamus,
2849 5272 2941 5324 sed
2961 5271 3011 5323 in
3034 5268 3279 5322 omnibus
3319 5271 3573 5323 socordes

1998 5362 2278 5431 ignavique
2321 5377 2524 5416 smnus.
2573 5362 2695 5415 Ideo
2724 5361 2899 5414 omnia
2930 5359 3282 5427 negliguntur.
3328 5361 3455 5428 Quis
3484 5377 3570 5415 ve-

2058 5494 2074 5522 Â¹
2096 5500 2207 5550 Quae
2231 5496 2500 5554 sequuntur
2525 5499 2630 5552 post
2653 5488 2788 5548 illud,
2819 5495 2939 5536 Voca
2964 5486 3116 5536 uirum
3135 5492 3284 5551 tuum,
3326 5487 3403 5539 alii
3429 5488 3570 5538 aliter

1997 5554 2251 5617 eï¬‚'etâ€˜unt.â€˜
2312 5612 2322 5617 _
2371 5613 2383 5617 _
2563 5609 2590 5617 ,,
2652 5611 2702 5617 ,á½·
2915 5608 2924 5617 .

2060 5618 2077 5644 Â¹
2113 5613 2272 5662 Morel.
2311 5612 2491 5660 habet:
2534 5609 2620 5660 Illa
2645 5611 2789 5660 latere
2814 5609 3025 5674 cupiens.
