4068 6136
491 237 585 289 187

484 365 676 420 turum,
709 367 908 422 quzeso,
940 352 1083 408 domi
1113 353 1458 408 christianum
1489 356 1678 409 librum
1701 355 2061 424 arripit,dicta

483 447 774 509 examinat,
831 454 922 498 aut
972 445 1299 512 Scriptorum
1345 447 1652 499 scrutatur?
1697 445 1866 500 Nemo
1895 461 2060 511 sane;

483 537 576 590 sed
607 535 741 589 talos
768 545 820 588 et
849 535 1013 588 eubos
1039 535 1179 604 apud
1204 535 1487 604 plerosque
1522 536 1870 602 inveniemus,
1899 539 2063 592 libros

485 641 760 695 tuisquam,
814 626 896 679 vel
941 626 1080 695 apud
1131 639 1325 694 paucos
1366 635 1530 680 certe.
1565 627 1628 680 lli
1678 643 1806 681 vero
1844 627 2063 696 perinde

481 717 656 772 affecti
705 727 848 781 sunt,
881 727 1042 788 atque
1072 718 1106 772 ii
1134 719 1223 788 qui
1255 735 1358 773 non
1388 717 1606 786 habent,
1636 720 1724 790 qui
1759 721 1948 790 ligatos
1977 721 2062 774 vel

483 824 704 878 prorsus
750 810 800 863 in
847 810 1057 864 scriniis
1095 810 1366 880 depositos
1393 823 1628 876 servant,
1656 827 1917 881 omneque
1946 822 2059 867 stu-

482 898 628 953 dium
656 911 861 969 ponunt
900 901 951 954 in
982 901 1412 955 membranarum
1442 902 1717 965 tenuitate,
1746 912 1836 957 aut
1864 904 1913 956 in
1941 904 2062 958 lite-

483 1006 661 1044 rarum
693 992 1106 1060 pulchritudine,
1135 994 1374 1063 neglecta
1417 994 1665 1049 lectione.
1696 993 1879 1066 Neque
1917 997 2059 1050 enim

482 1082 546 1134 ad
573 1082 855 1137 utilitatem
892 1084 1194 1153 quampiam
1241 1085 1360 1139 illos
1388 1086 1686 1154 acquirunt,
1717 1086 1810 1140 sed
1837 1095 1892 1140 ut
1927 1101 2060 1156 opu-

485 1173 698 1228 lentiam
730 1189 880 1229 suam
911 1175 1190 1230 ambitiose
1219 1185 1490 1230 ostentent
1522 1194 1536 1230 :
1568 1185 1744 1231 tantus
1771 1188 1853 1233 est
1888 1178 2061 1233 inanis

482 1265 666 1331 glorim
707 1265 893 1321 faStus.
934 1265 1213 1322 Neminem
1263 1269 1420 1324 audio
1467 1269 1518 1324 id
1561 1270 1764 1325 ambire
1808 1280 1867 1325 ut
1897 1271 2060 1327 libros

482 1354 773 1424 intelligat;
804 1355 898 1411 sed
934 1357 1110 1425 potius
1139 1372 1197 1414 se
1233 1358 1399 1414 libros
1426 1359 1624 1416 habere
1648 1359 1851 1429 jactant
1884 1361 2061 1415 aureis

483 1442 652 1498 literis
677 1447 923 1514 scriptos.
956 1446 1192 1516 thuid,
1224 1464 1427 1519 quaso,
1470 1449 1595 1505 hinc
1620 1451 1753 1506 lucri
1780 1452 2060 1521 provenit?

481 1534 594 1588 Non
626 1537 768 1592 enim
797 1549 1078 1608 propterea
1107 1539 1247 1594 data:
1292 1541 1446 1595 nobis
1489 1552 1612 1596 sunt
1655 1541 1970 1611 Scriptum.
2002 1551 2062 1597 ut

481 1625 598 1680 illas
631 1626 682 1680 in
726 1626 877 1681 libris
924 1635 1128 1682 tantum
1166 1629 1490 1695 habeamus;
1521 1631 1614 1686 sed
1645 1639 1700 1685 ut
1729 1633 1780 1686 in
1811 1632 2061 1690 cordibus

481 1715 865 1784 insculpamus.
897 1715 1055 1772 Certe
1096 1717 1211 1771 inec
1255 1719 1510 1774 librorum
1536 1723 1803 1791 possessio
1827 1722 2059 1779 Iudaica:

481 1805 790 1860 ambitionis
818 1815 918 1873 est,
951 1822 1071 1862 cum
1103 1809 1347 1864 videlicet
1393 1821 1656 1882 prmcepta
1698 1813 1863 1869 literis
1888 1815 2060 1870 solum

483 1895 822 1950 mandantur.
855 1897 1017 1953 Nobis
1046 1899 1228 1969 utique
1269 1915 1376 1955 non
1419 1903 1487 1957 ab
1517 1901 1668 1957 initio
1714 1905 1793 1958 sic
1822 1904 1906 1960 lex
1938 1905 2060 1961 data

483 1986 599 2053 fuit,
630 1987 722 2042 sed
749 1988 800 2041 in
825 1988 1013 2043 tabulis
1037 1991 1214 2046 cordis
1244 1993 1565 2049 carnalibus.
1597 1994 1723 2050 Hrec
1763 2011 1891 2052 vero
1917 1997 2059 2064 dico,

481 2091 590 2132 non
621 2078 757 2148 quod
777 2079 942 2135 libros
957 2095 1269 2150 comparare
1287 2083 1620 2154 prohibeam,
1645 2087 1753 2143 imo
1790 2088 1842 2142 id
1877 2089 2057 2157 laudo,

481 2177 534 2222 et
575 2177 634 2222 ut
674 2168 765 2223 ﬁat
816 2179 1046 2240 exopto;
1089 2171 1182 2227 sed
1229 2173 1386 2230 velim
1428 2191 1612 2232 eorum
1653 2187 1708 2235 et
1735 2179 1875 2236 dicta
1903 2181 1974 2236 ita
2008 2191 2063 2237 et

481 2274 636 2314 sensa
677 2262 729 2316 in
771 2263 965 2317 animis
995 2265 1190 2320 nostris
1215 2269 1440 2334 versari,
1470 2279 1528 2324 ut
1564 2270 1598 2325 ii
1628 2273 1946 2342 scriptorum
1976 2275 2061 2329 in-

487 2348 779 2420 telligentia
830 2362 1143 2423 purgentur.
1175 2354 1307 2410 Nam
1337 2358 1380 2411 si
1411 2358 1649 2427 domum,
1699 2361 1789 2416 ubi
1817 2361 2060 2434 Evange-

481 2442 610 2496 lium
641 2451 742 2510 est,
774 2443 923 2500 adire
952 2460 1057 2500 non
1090 2447 1250 2503 audet
1291 2448 1564 2515 diabolus;
1595 2453 1762 2508 multo
1789 2456 1965 2509 minus
1993 2455 2061 2512 ad

481 2534 711 2588 animam
748 2535 1067 2606 evangelicis
1093 2538 1349 2594 imbutam
1385 2544 1666 2599 sententiis
1690 2544 1944 2602 accedere
1970 2555 2062 2603 aut

481 2625 693 2681 daemon
722 2636 813 2682 aut
841 2637 1120 2698 peccatum
1152 2632 1389 2689 audebit.
1438 2634 1719 2692 Sanctifica
1759 2639 1920 2709 igitur
1946 2640 2060 2694 ani-

483 2731 622 2770 mam
653 2726 816 2783 tuam,
851 2721 1347 2793 sanctiﬁca‘corpus
1377 2742 1388 2778 :
1420 2726 1534 2782 haec
1563 2742 1775 2800 semper
1805 2730 1856 2784 in
1895 2732 2060 2788 corde

480 2815 536 2861 et
561 2807 613 2862 in
636 2809 812 2878 lingua
833 2825 1034 2866 verses.
1063 2811 1196 2867 Nam
1223 2815 1267 2868 si
1297 2817 1466 2884 turpia
1493 2817 1654 2873 verba
1687 2821 1982 2891 inquinant,
2006 2831 2061 2877 et

481 2897 753 2955 daemones
781 2911 1038 2964 evocant;
1083 2904 1256 2972 palam
1291 2913 1439 2961 certe
1474 2916 1554 2961 est
1583 2908 1865 2965 lectionem
1897 2913 2057 2980 spiri-

482 2991 676 3045 tualem
703 2991 1038 3049 sanctificare
1064 3004 1117 3049 et
1159 2996 1485 3066 spiritualem
1515 3001 1738 3068 gratiam
1768 3003 2054 3059 attrahere.

479 3081 766 3152 Scripturze
779 3085 954 3139 divina
969 3095 1093 3141 sunt
1109 3089 1334 3144 cantica.
1352 3089 1641 3148 Cantemus
1657 3109 1784 3165 ergo
1802 3097 1936 3150 intra
1961 3113 2059 3153 nos

481 3173 645 3240 ipsos,
675 3190 738 3228 ac
759 3176 957 3230 morbis
979 3177 1168 3231 anima:
1199 3178 1315 3234 inec
1336 3181 1570 3236 remedia
1607 3183 1972 3241 adhibeamus.
2003 3190 2056 3245 Si

480 3267 738 3322 sciremus
783 3269 925 3323 enim
944 3285 1003 3324 ea
1022 3286 1141 3341 qua:
1168 3272 1434 3343 leguntur,
1456 3290 1648 3346 magno
1669 3279 1754 3332 illa
1776 3279 1950 3335 studio
1966 3296 2058 3336 au-

478 3356 734 3413 diremus.
764 3359 887 3413 Haec
908 3375 1122 3430 semper
1147 3363 1287 3430 dico,
1309 3380 1408 3420 nec
1436 3364 1593 3420 finem
1613 3367 1820 3424 dicendi
1847 3371 2053 3427 faciam.

477 3449 968 3505 Annonabsurdum
987 3451 1161 3518 fuerit,
1190 3453 1372 3511 sidum
1392 3456 1632 3514 homines
1655 3461 1706 3516 in
1731 3459 1844 3516 foro
1859 3462 2055 3518 seden-

479 3549 579 3601 tes,
594 3541 892 3612 aurigarum
913 3551 966 3598 et
981 3546 1288 3602 saltatorum
1308 3550 1543 3618 nomina,
1565 3553 1944 3621 genus,urhes,
1977 3555 2057 3610 in-

475 3631 759 3698 dustriam,
792 3634 900 3688 imo
942 3651 1199 3706 equorum
1246 3639 1494 3696 virtutem
1520 3651 1615 3696 aut
1641 3643 1763 3697 vitia
1795 3655 2054 3700 narrant:

480 3720 554 3772 illi
584 3721 671 3789 qui
701 3720 802 3776 huc
824 3727 1169 3791 conveniunt,
1203 3743 1390 3783 eorum
1417 3746 1536 3800 qute
1561 3731 1646 3786 hic
1667 3743 1894 3803 aguntur
1925 3735 2056 3789 nihil

475 3812 670 3879 sciant,
716 3813 822 3867 imo
863 3815 1034 3883 ipsum
1084 3817 1340 3872 librorum
1373 3836 1650 3876 numerum
1692 3824 1974 3893 ignorent?
2000 3825 2053 3881 Si

475 3905 617 3957 enim
669 3905 954 3975 voluptatis
999 3921 1158 3962 causa
1191 3909 1278 3964 illa
1324 3911 1607 3981 percipias,
1640 3914 1916 3970 ostendam
1963 3917 2053 3972 tibi

472 4037 554 4050 ’-

1224 241 1280 297 S.
1317 241 1592 298 JOA-NNIS
1629 237 2094 298 CIIRYSOSTOMI
2133 241 2445 301 ARCHIEP.
2485 247 3014 307 CONSTANTINOP.

2167 355 2289 411 hinc
2316 359 2570 427 majorem
2597 362 2810 430 decerpi
2834 364 3176 433 voluptatem.
3200 365 3335 439 Quid
3352 370 3518 438 enim,
3540 386 3743 443 quasso,

2167 449 2421 503 suavius?
2445 453 2569 521 quid
2597 455 2931 509 mirabilius?
2953 471 3020 510 an
3063 457 3334 515 hominem
3369 476 3490 518 cum
3529 464 3747 523 homine

2166 538 2448 595 luctantem
2474 559 2714 609 cernere,
2744 561 2809 599 an
2835 547 3101 604 hominem
3126 564 3249 608 cum
3275 553 3489 609 diabolo
3509 570 3749 627 pugnano

2168 637 2296 693 tem,
2323 639 2377 685 et
2400 646 2594 702 corpus
2617 648 2736 688 cum
2761 636 3072 707 incorporea
3106 649 3370 709 potestate
3391 647 3746 716 congrediens

2166 733 2222 779 et
2240 729 2533 796 superans?
2559 729 2660 784 llas
2679 746 2881 802 pugnas
2896 735 3338 804 contemplemur;
3361 738 3477 807 has,
3505 741 3742 812 inquam,

2166 832 2297 886 quas
2329 819 2525 873 imitari
2549 821 2803 877 decorum
2838 825 3072 895 utileque
3099 835 3202 892 est,
3234 844 3367 898 quas
3391 832 3480 900 qui
3529 832 3745 890 imitan-

2167 915 2272 972 tur,
2318 921 2569 963 coronam
2618 913 2886 981 accipiunt
2916 931 2930 967 :
2960 929 3066 970 non
3116 927 3295 971 autem
3344 919 3483 985 illas,
3515 937 3742 990 quarum

2164 999 2398 1055 studium
2427 1001 2766 1071 ignominiam
2795 1006 2934 1076 parit
2954 1007 3304 1064 imitantibus.
3330 1010 3479 1066 Illam
3492 1014 3633 1068 enim
3653 1030 3746 1084 pu-

2163 1104 2320 1159 gnam
2336 1107 2455 1146 cum
2480 1093 2808 1152 daemonibus
2824 1097 3070 1166 aspicies.
3091 1099 3137 1153 si
3153 1103 3446 1170 aspexeris;
3470 1104 3605 1160 banc
3622 1122 3742 1163 cum

2163 1183 2363 1253 angelis
2381 1196 2434 1239 et
2456 1186 2763 1256 angelorum
2783 1191 2799 1221 ¹
2821 1189 3064 1245 Domino.
3083 1191 3178 1246 Dic
3211 1197 3352 1248 enim
3376 1195 3527 1262 mihi,
3551 1199 3594 1252 si
3624 1199 3742 1256 liee-

2165 1287 2243 1330 ret
2260 1276 2351 1332 tibi
2365 1293 2483 1332 cum
2504 1281 2826 1350 principibus
2838 1297 2902 1337 ac
2916 1285 3128 1354 regibus
3139 1287 3412 1344 sedentem
3427 1294 3744 1360 spectaculis

2167 1365 2289 1434 frui,
2317 1383 2494 1424 annon
2525 1371 2652 1426 illud
2679 1373 2831 1429 valde
2851 1373 3203 1430 honoriﬁcum
3224 1380 3474 1447 putares?
3498 1382 3592 1438 Hic
3617 1399 3744 1438 vero

2163 1471 2284 1512 cum
2316 1458 2458 1530 Rege
2498 1462 2811 1532 angelorum
2853 1465 3038 1526 videns
3065 1465 3336 1524 diabolum
3377 1484 3405 1522 a
3429 1471 3589 1527 dorso
3614 1488 3740 1530 cor-

2166 1560 2396 1619 reptum,
2443 1553 2905 1612 reluctantem'ac
2947 1558 3159 1614 vincere
3206 1560 3402 1616 frustra
3432 1574 3736 1632 conantem,

2165 1653 2341 1695 annon
2368 1642 2539 1696 curris
2563 1644 2630 1698 ad
2661 1644 2761 1700 hoc
2791 1649 3192 1716 spectaculum?
3221 1649 3289 1704 Et
3329 1654 3618 1722 quomodo,
3653 1659 3738 1711 in-

2165 1732 2336 1801 quies,
2388 1744 2610 1801 possunt
2666 1735 2780 1790 haec
2810 1737 2963 1792 fieri?
3003 1738 3058 1793 Si
3109 1739 3298 1794 librum
3345 1758 3453 1812 pra:
3496 1749 3742 1803 manibus

2167 1822 2383 1878 habeas.
2428 1825 2485 1880 In
2533 1827 2624 1882 illo
2672 1843 2901 1898 namque
2932 1830 3158 1898 videbis,
3187 1841 3240 1887 et
3285 1832 3474 1900 fossas,
3504 1844 3558 1891 et
3586 1839 3739 1909 longa

2169 1916 2452 1983 curricula,
2479 1926 2534 1972 et
2561 1920 2807 1988 captandi
2837 1935 3014 1986 ansas,
3049 1932 3102 1977 et
3125 1922 3253 1992 justi
3284 1924 3585 1981 artificium.
3617 1927 3742 1984 lIa-c

2166 2006 2209 2060 si
2258 2009 2558 2078 spectacula
2607 2009 2866 2075 intueare,
2919 2011 3095 2068 disces
3144 2014 3382 2069 certandi
3423 2017 3658 2085 modum,
3687 2028 3741 2074 et

2165 2099 2437 2155 daemonas
2480 2103 2775 2171 superabis.
2813 2102 2900 2157 Illa
2930 2120 3059 2160 vero
3103 2108 3403 2174 spectacula
3434 2109 3739 2167 daemonum

2165 2201 2290 2247 sunt
2317 2191 2678 2258 celebritates,
2706 2209 2812 2249 non
2843 2194 3117 2251 hominum
3149 2197 3355 2254 theatra
3377 2199 3417 2253 ³.
3448 2201 3579 2256 Nam
3606 2205 3648 2258 si
3688 2205 3738 2259 in

2165 2283 2427 2340 idolorum
2472 2287 2726 2356 templum
2766 2303 2872 2343 non
2923 2288 3046 2344 licet
3090 2291 3318 2360 ingredi,
3367 2294 3536 2348 multo
3566 2296 3740 2351 minus

2164 2376 2288 2432 licet
2315 2377 2366 2431 in
2394 2378 2683 2433 satanicam
2708 2379 3091 2436 celebritatem.
3123 2381 3248 2437 Ilaec
3267 2383 3444 2440 dicere
3468 2395 3520 2441 et
3541 2388 3741 2457 agitare

2165 2484 2272 2523 non
2321 2467 2581 2535 desinam,
2624 2469 2794 2525 donec
2838 2486 2933 2527 vos
2960 2481 3192 2528 mutatos
3231 2475 3436 2531 videro.
3466 2476 3595 2532 Nam
3625 2478 3741 2536 lucc

2164 2560 2362 2626 dicere,
2407 2559 2542 2614 Mihi
2577 2563 2774 2630 quidem
2819 2580 2919 2617 non
2947 2565 3166 2635 pigrum,
3200 2566 3388 2635 inquit,
3417 2568 3553 2623 vobis
3577 2580 3741 2625 autem

2165 2662 2327 2707 tutum
2373 2663 2446 2708 est
2475 2653 2740 2727 (Philipp.
2779 2656 2831 2710 5.
2862 2657 2882 2711 l
2910 2653 2953 2728 ).
3002 2657 3079 2712 Ne
3118 2659 3276 2729 igitur
3321 2660 3736 2717 admonitionem

2163 2760 2304 2814 a'gre
2329 2745 2531 2801 feratis.
2565 2747 2695 2802 Nam
2725 2749 2770 2803 si
2808 2750 3038 2819 graviter
3063 2750 3361 2820 ferendum,
3404 2754 3532 2809 mihi
3566 2757 3738 2825 potius

2163 2848 2306 2891 esset
2333 2836 2423 2908 qui
2445 2853 2550 2893 non
2572 2839 2778 2904 audior,
2804 2857 2960 2911 quam
2988 2842 3140 2898 vobis
3159 2843 3250 2914 qui
3275 2858 3489 2915 semper
3522 2849 3736 2915 auditis,

2165 2943 2452 2997 numquam
2481 2938 2658 2985 autem
2702 2931 3098 3001 obtemperatis.
3135 2933 3240 2990 Sed
3280 2937 3420 2992 absit
3448 2949 3504 2992 ut
3529 2953 3738 3009 semper

2165 3034 2258 3072 vos
2299 3034 2553 3075 accusare
2591 3036 2781 3092 cogar;
2832 3022 2962 3078 faxit
3007 3023 3146 3079 Deus
3188 3034 3244 3080 ttt
3282 3025 3381 3080 hac
3417 3029 3739 3097 turpitudine

2163 3111 2392 3177 liberati,
2442 3112 2702 3181 spirituali
2751 3113 3423 3186 spectaculo‘dignemini,
3472 3127 3526 3173 et
3564 3118 3736 3175 futura

2161 3204 2326 3272 gloria
2359 3201 2610 3257 fruamini
2637 3221 2650 3256 :
2691 3206 2862 3274 gratia
2884 3215 2938 3261 et
2981 3207 3309 3278 benignitate
3338 3210 3543 3265 Domini
3569 3214 3735 3266 nostri

2160 3294 2288 3350 Jesu
2336 3295 2552 3361 Christi,
2600 3295 2813 3364 quicum
2864 3296 3006 3351 Patri
3034 3298 3225 3368 gloria,
3282 3315 3491 3370 unaque
3520 3301 3737 3372 Spiritui

2159 3395 2365 3448 sancto,
2391 3384 2442 3438 in
2473 3385 2665 3439 szecula
2696 3386 3036 3442 smculorum.
3071 3390 3262 3443 Amen.

2223 3561 2238 3591 ι
2274 3557 2395 3626 S_avil
2427 3558 2610 3618 habet,
2636 3571 2746 3607 cum
2769 3557 2952 3621 angelis
2980 3565 3026 3608 et
3062 3559 3366 3625 arcltangelis
3387 3568 3432 3611 et
3455 3562 3736 3626 angelorum

2161 3629 2375 3669 DO‘WUHO.

2221 3685 2253 3742 ²ί
2276 3681 2328 3729 In
2365 3679 2526 3742 Morel.
2553 3679 2860 3742 legitur......
2887 3679 3052 3731 videns
3081 3679 3326 3732 diabolum
3346 3696 3410 3734 ex
3431 3685 3639 3736 oraculis
3660 3685 3736 3736 di-

2159 3741 2278 3792 vinis
2301 3740 2483 3802 pudore
2505 3740 2753 3802 stt/rusum,
2780 3741 3106 3791 reluctantem.

2224 3805 2245 3835 ³
2277 3803 2370 3872 Hic
2391 3802 2521 3872 addit
2541 3801 2681 3872 gat-il.
2707 3812 2723 3850 :
2752 3808 2932 3867 Itaque,
2957 3803 3152 3854 obsecro
3174 3817 3269 3866 vos,
3289 3819 3320 3855 a
3341 3805 3566 3857 satamcis
3594 3805 3736 3858 absti-

2160 3872 2264 3914 nete
2288 3863 2656 3913 celebrantibus.

2222 3925 2244 3956 ι
2279 3923 2438 3973 Morel.
2463 3925 2628 3984 habet,
2652 3924 2845 3976 (uternis
2870 3923 3029 3985 bonis,
3057 3938 3161 3988 pro,
3183 3926 3427 3991 spirituali
3445 3927 3732 3992 spectaculo.

1781 4123 2129 4185 HOMILIA
2177 4123 2476 4184 XXXIII.

469 4266 560 4320 21.
594 4265 727 4319 Dicit
756 4267 797 4320 ei
823 4265 974 4320 Iesus
991 4281 1010 4319 :
1042 4265 1246 4333 Mulier,
1269 4267 1415 4322 crede
1435 4269 1578 4333 milii,
1605 4271 1722 4339 quia
1753 4271 1880 4324 venit
1903 4271 2047 4337 hora,

535 4359 742 4427 quando
781 4374 936 4428 neque
959 4359 1010 4410 in
1034 4367 1198 4412 monte
1224 4359 1336 4424 hoc,
1365 4376 1522 4426 neque
1553 4359 1888 4431 Jerosolymis
1917 4361 2045 4416 ado-

540 4452 716 4504 rabitis
770 4447 994 4501 Patrem.
1049 4448 1140 4502 22.
1199 4448 1301 4503 Vos
1348 4451 1574 4503 adoratis
1613 4453 1749 4520 quod
1797 4453 2048 4506 nescitis:

539 4557 631 4593 nos
687 4538 957 4591 adoramus
1023 4538 1158 4606 quod
1219 4541 1423 4605 scimus,
1476 4539 1595 4608 quia
1644 4541 1781 4594 salus
1834 4557 1900 4596 ea:
1946 4543 2046 4596 Ju-

538 4630 660 4682 daeis
692 4638 782 4681 est.

542 4721 594 4772 1.
623 4717 771 4771 Fidei
796 4718 1080 4772 necessitas.
1108 4717 1254 4771 Illud
1273 4760 1286 4784 ,
1319 4717 1490 4775 Crede
1519 4718 1688 4784 mihi,
1719 4721 2044 4776 mulier......

463 4809 756 4866 adorabitis
784 4809 1014 4874 Patrem,
1065 4820 1452 4865 commentatur.
1483 4810 1660 4866 Cultus
1687 4810 2045 4868 Samaritano-

463 4920 600 4958 rum.
631 4902 931 4956 Judteornm
957 4919 1109 4970 super
1151 4901 1502 4957 Samaritanos
1530 4904 1838 4970 praestantia.
1861 4903 2048 4959 Christi

461 4997 515 5051 in
537 5002 884 5050 testamentum
911 5002 1046 5048 vetus
1075 4992 1392 5062 stt/fragium.
1418 5023 1488 5034 -—
1515 4992 1722 5065 Ubique
1747 4993 1851 5050 fide
1891 4995 2045 5050 nobis

461 5100 598 5155 opus
617 5095 721 5151 est,
752 5084 954 5150 dilecti,
980 5083 1102 5148 llde,
1134 5083 1393 5138 bonorum
1435 5091 1626 5147 matre,
1661 5085 1848 5139 salutis
1875 5085 2046 5140 medi-

460 5175 737 5238 cina,siue
763 5187 866 5244 qua
916 5174 1115 5227 nullam
1166 5186 1474 5240 magnarum
1523 5188 1700 5228 rerum
1741 5173 2038 5228 doctrinam

463 5267 734 5336 percipere
762 5281 1081 5335 possumus;
1108 5265 1202 5322 sed
1245 5265 1461 5335 perinde
1503 5274 1662 5335 atque
1692 5266 1764 5320 illi
1792 5266 1882 5336 qui
1925 5267 2042 5321 sine

463 5356 581 5408 navi
609 5371 752 5410 mare
780 5356 1024 5426 trajicere
1049 5364 1330 5420 conantur,
1365 5355 1628 5409 tantillum
1661 5364 1884 5424 possunt
1926 5370 2040 5410 ma-

460 5448 616 5502 nibus
647 5448 970 5516 pedibusque
997 5459 1198 5513 natare,
1230 5445 1322 5502 sed
1351 5447 1572 5504 ulterius
1613 5447 1902 5517 progressi,
1931 5446 2040 5501 cito

458 5535 758 5592 alluctibus
781 5536 1190 5606 demerguntur;
1238 5539 1314 5594 sic
1360 5547 1413 5591 et
1435 5537 1522 5608 qui
1566 5535 1792 5606 prapriis
1818 5547 2041 5592 utuntur

461 5630 771 5694 ratiociniis,
795 5639 1075 5697 antequam
1103 5629 1403 5698 didicerint,
1438 5629 1770 5699 naufragium
1794 5629 1992 5685 faciunt
2022 5647 2034 5683 :

2158 4266 2604 4338 quemadmodum
2625 4275 2680 4322 et
2705 4267 2896 4323 Paulus
2934 4268 3027 4334 ait,
3054 4266 3153 4334 Qui
3178 4267 3312 4320 circa
3340 4266 3491 4336 ﬁdem
3521 4274 3734 4341 naufra-

2153 4368 2356 4429 gnrunl.
2379 4357 2527 4426 Quod
2557 4374 2623 4412 ne
2644 4373 2741 4413 nos
2767 4372 2978 4428 quoque
3000 4358 3279 4426 patiamur,
3304 4372 3510 4414 sacram
3552 4370 3733 4416 tenea-

2155 4465 2272 4505 mus
2301 4465 2571 4515 ancoram,
2595 4464 2692 4518 per
2720 4465 2878 4518 quam
2904 4448 3148 4503 Christus
3169 4448 3555 4504 Satnaritanam
3581 4467 3722 4506 nunc

2152 4541 2317 4594 ducit.
2340 4540 2470 4594 Nam
2492 4555 2610 4595 cum
2642 4541 2729 4594 illa
2756 4539 2978 4602 diceret,
3012 4539 3274 4604 Quomodo
3311 4555 3394 4593 vos
3419 4541 3584 4594 dicitis
3611 4541 3730 4610 quia

2152 4633 2203 4684 in
2231 4631 2564 4702 Jerosolymis
2601 4643 2672 4686 est
2715 4634 2872 4697 locus,
2907 4633 2958 4685 in
2985 4649 3082 4700 quo
3107 4642 3300 4701 oportet
3339 4633 3592 4686 adorare!
3637 4649 3724 4688 re-

2152 4721 2366 4790 spondit
2392 4722 2638 4776 Christus
2664 4740 2677 4775 :
2706 4722 2862 4776 Crede
2887 4723 3030 4788 mihi,
3056 4724 3254 4788 mulier,
3281 4724 3398 4793 quia
3423 4725 3553 4778 venit
3579 4725 3724 4792 hora,

2149 4814 2351 4882 quando
2375 4830 2530 4883 neque
2557 4815 2610 4867 in
2643 4813 2994 4884 Jerosolymis,
3022 4831 3178 4886 neque
3201 4815 3252 4868 in
3289 4824 3455 4870 monte
3485 4815 3577 4869 hoc
3602 4817 3730 4870 ado-

2150 4905 2323 4960 rabitis
2351 4904 2574 4960 Patrem.
2598 4905 2880 4959 Maximum
2913 4905 3034 4959 huic
3059 4905 3251 4975 dogma
3289 4907 3564 4972 revelavit,
3585 4906 3726 4977 quod

2149 5011 2250 5050 nec
2276 4995 2582 5061 Nicodemo,
2603 5010 2703 5051 nec
2721 4995 3032 5051 Nathanaeli
3055 4996 3206 5051 dixit.
3227 4997 3350 5051 llzec
3369 5012 3464 5052 sua
3493 4998 3726 5053 Judaicis

2150 5087 2515 5153 praestantiora
2549 5101 2671 5142 esse
2718 5074 3013 5149 contendit,
3061 5095 3115 5142 et
3160 5095 3370 5155 patrum
3413 5089 3694 5142 auctoritat

2151 5176 2360 5232 firmare
2391 5177 2578 5232 nititur
2599 5196 2612 5230 :
2630 5175 2876 5231 Christus
2898 5192 3026 5231 vero
3053 5177 3180 5231 nihil
3206 5177 3270 5229 ad
3299 5175 3402 5228 hoc
3428 5175 3724 5243 respondit.

2147 5267 2605 5336 Supervacaneum
2633 5269 2775 5322 enim
2807 5279 2931 5323 tunc
2955 5268 3138 5322 fuisset
3166 5264 3466 5324 ostendere.
3499 5279 3597 5318 cur
3632 5281 3730 5335 pa-

2147 5369 2256 5414 tres
2288 5361 2338 5413 in
2368 5371 2567 5425 monte,
2605 5374 2702 5414 cur
2745 5359 2914 5414 Judzei
2943 5360 2994 5412 in
3020 5354 3368 5426 Jerosolymis
3409 5355 3718 5410 adorarent.

2146 5451 2270 5504 Ideo
2323 5450 2450 5506 illud
2496 5453 2692 5514 tacuit;
2725 5461 2779 5506 et
2811 5450 3014 5505 sublata
3061 5449 3127 5503 de
3157 5448 3430 5517 utriusque
3457 5447 3558 5502 loci
3589 5463 3722 5517 prse-

2143 5540 2334 5592 stantia
2361 5539 2672 5605 quaestione.
2697 5540 2813 5609 ejus
2833 5540 3060 5592 animam
3087 5537 3270 5607 erigit,
3301 5537 3588 5592 ostendens
3619 5551 3718 5590 ne-

2144 5643 2247 5698 que
2285 5628 2497 5684 inda-os
2553 5643 2724 5700 neque
2759 5640 2938 5700 patres
2964 5641 3120 5698 posse
3162 5642 3410 5700 magnum
3450 5625 3716 5698 quidpiam
