4068 6136
424 315 614 386 τέρους
642 316 766 376 τοὺς
797 312 1080 373 Ἰουδαίους
1103 311 1396 379 ἀπέφηνεν,
1416 307 1474 360 ού
1499 306 1660 360 τόπον
1684 305 1847 359 τόπου
1873 321 2005 375 προ-

425 396 619 466 τιμῶν,
649 395 782 450 ἀλλά
806 394 912 446 ἀπὸ
937 394 1032 463 τῆς
1061 391 1297 453 διανοίας
1328 389 1541 458 ἐκείνης
1563 387 1661 459 τὴν
1687 386 2004 458 προεδρείαν

458 480 620 543 ιδοὺς,
663 476 860 530 ὡσανεὶ
909 474 1111 542 ἔλεγεν·
1147 474 1323 526 Τόπου
1357 473 1456 543 μὲν
1496 472 1700 535 ἕνεκεν,
1727 471 1881 523 οὐδὲν
1924 470 2005 522 δεῖ

424 560 608 621 λοιπὸν
661 558 1000 626 φιλονεικεῖν.
1049 556 1293 610 Ἰουδαῖοι
1350 555 1533 625 μέντοι
1593 553 1672 623 τῷ
1708 553 1893 624 τρόπῳ
1941 551 2001 604 τὸ

422 644 584 696 πλέον
614 642 722 695 τῶν
750 641 1102 712 Σαμαρειτῶν
1136 639 1310 710 ἔσχον·
1351 636 1534 706 Ὑμεῖς
1561 636 1658 706 μὲν
1683 635 1812 706 γὰρ,
1844 635 1997 705 φησὶ,
2032 690 2051 701 _

418 725 814 795 προσκυνεῖτε
850 724 884 778 0
923 725 1035 777 οὐκ
1073 722 1289 777 οἴδατε·
1320 720 1490 789 ’ἡμεῖς
1519 720 1586 773 δὲ
1619 718 1998 787 προσκυνοῦ-

416 826 532 886 μεν
558 808 590 863 ὃ
614 807 878 877 οἴδαμεν.
905 807 1031 869 Πῶς
1057 803 1152 861 οὖν
1177 806 1275 859 οὐκ
1305 805 1500 876 ᾔδεσαν
1527 806 1577 857 οί
1606 803 1939 886 Σαμαρεῖται
1970 801 1999 854 ὃ

423 885 824 960 προσεκύνουν;
858 890 981 943 Ὀτι
1012 888 1233 943 τοπικὸν
1271 888 1366 941 καὶ
1393 887 1617 959 μερικὸν
1647 885 1780 939 Θεὸν
1811 886 1997 954 ἐνόμι-

423 973 513 1038 ζον
542 969 682 1027 εἶναι
712 985 740 1014 ι
762 989 775 1002 ·
817 970 960 1026 οὕτω
987 971 1116 1040 γοῦν
1157 970 1319 1025 αὐτὸν
1351 969 1444 1024 καὶ
1474 968 1824 1038 ἐθεράπευον·
1855 966 1998 1021 οὕτω

422 1059 518 1114 καὶ
538 1059 776 1128 Πέρσαις
804 1056 1117 1127 πέμψαντες
1139 1055 1499 1126 ἀπήγγειλαν,
1522 1054 1605 1106 ὅτι
1633 1053 1691 1105 '0
1714 1051 1807 1104 τοῦ
1830 1050 1995 1105 τόπου

430 1139 610 1193 τούτου
640 1139 770 1203 Θεὸς
802 1140 931 1210 ἡμῖν
966 1140 1278 1206 ἀγανακτεῖ,
1305 1136 1456 1189 οὐδὲν
1480 1134 1640 1189 πλέον
1676 1134 1803 1204 περὶ
1831 1133 1995 1187 αὐτοῦ

424 1223 562 1277 κατά
590 1224 746 1277 τοῦτο
769 1223 879 1276 τῶν
901 1221 1133 1276 εἰδώλων
1157 1219 1565 1290 φανταζόμενοι.
1585 1216 1782 1287 Διόπερ
1806 1215 1831 1269 ἔ
1837 1234 1995 1288 μενον

420 1306 513 1359 καὶ
538 1305 799 1376 δαίμονας
820 1304 915 1359 καὶ
942 1304 1105 1357 αὑτὸν
1130 1301 1541 1373 θεραπεύοντες,
1566 1299 1659 1353 καὶ
1683 1299 1752 1352 τά
1789 1298 1993 1368 ἄμικτα

422 1387 726 1457 μιγνύντες.
786 1386 1024 1440 Ἰουδαῖοι
1069 1386 1126 1439 δὲ
1167 1384 1370 1454 ταύτης
1412 1380 1553 1456 ἦσαν
1586 1381 1993 1453 ἀπηλλαγμένοι

416 1470 515 1540 τῆς
540 1469 813 1533 ὑπονοίας,
848 1471 941 1522 καὶ
984 1469 1085 1539 τῆς
1130 1468 1451 1539 οἰκουμένης
1487 1466 1648 1520 αὑτὸν
1687 1468 1882 1536 ⁴ᾔδεσαν
1910 1459 1991 1517 εἶ-

415 1567 504 1603 ναι
540 1551 567 1591 ιι
606 1550 758 1615 Θεὸν,
807 1553 856 1604 εί
909 1550 1004 1604 καὶ
1052 1550 1128 1622 μὴ
1175 1551 1396 1613 πάντες.
1454 1548 1553 1601 Διά
1604 1548 1759 1602 τοῦτό
1806 1564 1989 1616 φησιν,

426 1631 611 1701 ἠιεῖς
636 1630 1029 1699 προσκυνεῖτε
1066 1631 1098 1685 ὃ
1123 1633 1235 1685 οὐκ
1262 1631 1482 1685 οῖδατε·
1507 1629 1679 1699 ἡμεῖς
1714 1629 1783 1683 δὲ
1815 1644 1994 1699 προσ-

415 1713 719 1781 κυνοῦμεν
746 1712 778 1767 ὃ
806 1713 1071 1781 οἴδαμεν.
1098 1712 1190 1784 Μὴ
1213 1712 1496 1785 θαυμάσῃς
1518 1713 1575 1766 δὲ
1597 1713 1680 1766 ὅτι
1706 1712 1844 1783 μετά
1870 1712 1996 1765 Ἰου-

413 1796 576 1849 δαίων
622 1794 811 1849 ἐαυτὸν
857 1795 1078 1865 ἀριθμεῖ
1103 1810 1117 1824 '
1149 1794 1285 1864 πρὸς
1327 1794 1434 1864 γὰρ
1467 1794 1564 1866 τὴν
1598 1795 1851 1848 ὑπόνοιαν
1894 1793 1994 1863 τῆς

412 1878 671 1947 γυναικὸς
718 1877 1044 1945 διαλέγεται,
1085 1877 1161 1939 ὠς
1201 1880 1484 1947 προφήτης
1517 1875 1593 1930 ὣν
1643 1877 1906 1930 Ἰουδαίων
1943 1887 1989 1931 ε.

411 1960 504 2014 Διὸ
531 1960 728 2024 καὶτὸ,
759 1958 1245 2028 Προσκυνοῦμεν,
1284 1960 1547 2015 τέθεικεν.
1590 1961 1712 2015 Ὅτι
1744 1960 1851 2032 γὰρ
1886 1960 1993 2013 τῶν

412 2042 898 2115 προσκυνουμένων
940 2041 1076 2108 ἐστὶ,
1107 2041 1269 2097 παντί
1310 2060 1415 2096 που
1452 2042 1627 2113 δῆλον.
1657 2043 1731 2095 Τὸ
1758 2043 1856 2113 μὲν
1883 2043 1992 2114 γάρ

410 2129 759 2199 προσκυνεῖν,
793 2128 892 2196 τῆς
941 2125 1190 2190 κτίσεως,
1230 2125 1291 2178 τὸ
1325 2125 1382 2178 δὲ
1422 2125 1864 2195 προσκυνεῖσθαι,
1898 2124 1990 2179 τοῦ

409 2215 509 2281 τῆς
543 2211 770 2273 κτίσεως
799 2207 1091 2262 Δεσπότου.
1130 2206 1290 2260 Ἀλλά
1316 2206 1452 2269 τέως
1489 2206 1564 2270 ὡς
1598 2206 1845 2271 Ἰουδαῖος
1879 2208 1993 2260 δια-

410 2293 646 2363 λέγεται.
675 2292 749 2345 Τὸ
774 2286 888 2355 οὖν,
923 2289 1132 2359 Ἡμεῖς,
1150 2289 1403 2353 ἐνταῦθα,
1441 2290 1628 2361 Ἡμεῖς
1655 2290 1704 2342 οἰ
1730 2290 1990 2358 Ἰουδαῖοι,

412 2377 596 2447 φησίν.
647 2375 890 2445 Ἐπάρας
927 2372 1104 2426 τοίνυν
1142 2371 1211 2426 τά
1255 2372 1539 2437 Ἰουδαϊκὰ,
1582 2373 1747 2427 πάλιν
1788 2373 1995 2438 ἀξιόπι-

411 2475 536 2511 στον
571 2456 762 2512 ἑαυτὸν
802 2457 964 2521 ποιεῖ,
991 2455 1085 2508 καὶ
1119 2453 1295 2508 πείθει
1334 2455 1531 2525 μᾶλλον
1559 2458 1672 2520 τοῖς
1700 2455 1792 2508 ὑπ’
1827 2454 1988 2508 αύτοῦ

408 2540 724 2611 λεγομένοις
754 2538 1063 2609 προσέχειν,
1103 2536 1413 2591 ἀνύποπτον
1458 2537 1628 2592 ποιῶν
1676 2538 1766 2592 τὸν
1811 2538 1986 2606 λόγον,

408 2627 503 2678 καὶ
524 2625 732 2687 δεικνὺς
766 2624 848 2696 δτι
879 2621 941 2675 οὐ
966 2624 1032 2692 τῇ
1064 2620 1201 2690 πρὸς
1227 2623 1289 2674 τὸ
1314 2620 1584 2692 ὁμόφυλον
1615 2622 1901 2693 συγγενείᾳ
1923 2620 1990 2675 τὰ

409 2706 631 2758 ἐκείνων
675 2704 912 2776 ἐπαίρει.
962 2703 1021 2757 '0
1048 2701 1156 2776 7&9
1184 2704 1312 2774 περί
1331 2702 1426 2756 τοῦ
1453 2703 1615 2757 τόπου
1644 2702 1816 2763 ταῦτα
1848 2705 1987 2757 ἀπο-

410 2790 754 2858 φηνάμενος,
812 2786 897 2855 ἐφ’
951 2780 995 2855 ᾧ
1055 2785 1286 2857 μάλιστα
1341 2784 1540 2856 ηίεχουν
1600 2786 1836 2840 Ἰουδαῖοι
1895 2785 1989 2840 καὶ

411 2870 753 2923 πλεονεκτεῖν
797 2868 1013 2922 πάντων
1056 2868 1326 2938 ἐνόμιζον,
1354 2870 1447 2923 καὶ
1479 2868 1548 2921 τά
1583 2867 1758 2939 σεμνά
1783 2868 1988 2921 τούτων

409 2949 672 3016 καθελὼν,
703 2949 923 3020 εὔδηλον
950 2952 1033 3004 ὅτι
1053 2951 1175 3004 οὐδὲ
1202 2950 1343 3004 κατά
1369 2950 1544 3005 ταῦτα
1569 2952 1703 3022 πρὸς
1724 2950 1882 3022 χάριν
1908 2969 1989 3007 τι·

409 3037 495 3101 νὸς
530 3036 735 3106 ἔλεγεν,
761 3035 896 3090 ἀλλά
928 3033 1067 3107 μετά
1098 3033 1355 3102 ἀληθείας
1392 3035 1486 3087 καὶ
1530 3036 1869 3106 προῤῥητικῇ
1898 3035 1989 3087 δυ-

409 3120 586 3189 νάμει.
627 3119 780 3172 Ἐπεὶ
805 3114 899 3172 οὖν
926 3116 1035 3169 τῶν
1072 3114 1326 3170 τοιούτων
1358 3115 1633 3187 λογισμῶν
1657 3116 1794 3180 τέως
1814 3116 1841 3156 ά
1876 3118 1985 3170 ἀπε

410 3201 635 3275 ἔστησεν
662 3200 853 3264 εἰπὼν,
884 3197 1033 3271 [191]
1059 3199 1399 3253 Πίστευσον
1426 3216 1550 3267 μοι,
1574 3199 1769 3267 γύναι,
1804 3199 1897 3252 καὶ
1916 3197 1984 3253 τὰ

405 3283 536 3358 ἑξῆς
560 3326 575 3348 ,
624 3285 843 3353 ἐπάγει,
886 3284 1007 3336 Ὀτι
1040 3283 1079 3350 ἠ
1122 3281 1387 3349 σωτηρία
1428 3283 1498 3335 ἐκ
1530 3281 1650 3335 τῶν
1692 3281 1986 3337 Ἰουδαίων

405 3371 593 3424 ἐστίν.
620 3369 686 3421 Ὃ
705 3367 763 3421 δε
786 3364 955 3434 λέγει,
983 3362 1221 3418 τοιοῦτόν
1247 3366 1414 3418 ἐστιν·
1443 3365 1476 3435 ή
1508 3365 1591 3418 ὅτι
1619 3364 1689 3418 τὰ
1715 3364 1893 3434 ἀγαθὰ
1916 3366 1983 3436 τῇ

406 3452 702 3525 οἰκουμένη
728 3449 935 3504 ἐκεῖθεν
959 3448 1148 3519 γέγονε
1175 3447 1256 3519 (τὸ
1274 3447 1381 3520 γὰρ
1412 3448 1611 3502 εἰδέναι
1637 3446 1772 3502 Θεὸν
1798 3447 1891 3502 καί.
1924 3448 1985 3501 τὸ

407 3533 837 3602 καταγινώσκειν
882 3531 1138 3595 εἰδώλων,
1186 3531 1391 3584 ἐκεῖθεν
1435 3532 1535 3604 τὴν
1585 3530 1757 3602 ἀρχὴν
1805 3530 1981 3601 ἔσχεν*

406 3635 502 3671 καί.
531 3617 600 3671 τά
635 3616 769 3670 ἀλλα
802 3615 978 3669 πάντα
1008 3614 1268 3685 δόγματα,
1300 3616 1393 3668 καὶ
1430 3617 1557 3685 παρ’
1593 3615 1722 3685 ὑμῖν
1757 3614 1813 3668 δὲ
1853 3614 1984 3668 αὐτὸ

406 3700 467 3751 τὸ
487 3698 586 3768 τῆς
611 3701 1048 3767 προσκυνήσεως,
1076 3699 1123 3748 εἰ
1148 3697 1243 3750 καὶ
1268 3696 1342 3767 μή
1363 3696 1557 3767 ὀρθῶς,
1582 3696 1691 3751 ἀπὸ
1718 3697 1848 3766 γοῦν
1873 3697 1982 3750 τῶν

419 3779 690 3834 Ἰουδαίων
717 3780 815 3849 τὴν
844 3778 1016 3850 ἀρχὴν
1036 3778 1236 3848 ἐλαϐεν
1267 3779 1543 3848 σωτηρίαν
1576 3775 1669 3832 οὖν
1688 3779 1722 3849 ἢ
1747 3780 1919 3833 ταῦτα
1947 3777 1980 3849 ἢ

405 3863 509 3936 τὴν
553 3860 745 3916 ἑαυτοῦ
788 3859 1087 3933 παρουσίαν
1127 3858 1300 3913 καλεῖ·
1338 3859 1538 3929 μᾶλλον
1576 3859 1631 3912 δὲ
1668 3861 1768 3913 οὐκ
1806 3862 1872 3914 ἄν
1901 3874 1984 3923 τις

408 3945 644 4017 ἁμάρτοι
672 3944 957 4016 ἀμφότερα
995 3942 1167 3997 ταῦτα
1207 3943 1478 4015 σωτηρίαν
1504 3941 1701 4006 καλῶν,
1736 3944 1803 4015 ήν
1831 3939 1982 3997 εἶπεν

409 4032 472 4084 ἐκ
501 4028 610 4083 τῶν
645 4027 913 4082 Ἰουδαίων
946 4020 1104 4079 εἶναι.
1136 4026 1313 4098 Ὅπερ
1339 4027 1431 4079 καὶ
1459 4027 1488 4079 0
1512 4025 1721 4090 Παῦλος
1748 4027 1980 4081 αἰνιττό-

408 4129 571 4184 μενος
593 4110 795 4179 ἐλεγεν·
837 4108 934 4174 Ἐξ
965 4103 1053 4163 ὧν
1078 4112 1110 4163 ὀ
1139 4109 1391 4177 Χριστὸς
1413 4108 1480 4161 τὸ
1509 4109 1662 4163 κατά
1690 4107 1906 4177 σάρκα,
1949 4111 1981 4163 ὁ

404 4196 492 4251 ὢν
508 4196 605 4250 ἐπὶ
638 4194 880 4250 πάντων
908 4194 1071 4260 Θεός.
1109 4193 1271 4265 Ὁρᾷς
1297 4192 1414 4255 πῶς
1441 4196 1729 4265 συγκροτεῖ
1749 4192 1846 4265 τήν
1872 4194 1982 4247 Πα-

404 4279 582 4342 λαιὰν.
618 4281 710 4334 καὶ
747 4278 902 4350 ῥίζαν
934 4277 1171 4331 δείκνυσι
1190 4277 1299 4330 τῶν
1328 4276 1568 4346 ἀγαθῶν,
1603 4279 1696 4331 καὶ
1727 4277 1816 4331 διὰ
1844 4276 1983 4330 πάνο

402 4380 514 4416 των
551 4363 650 4416 οὐκ
688 4359 928 4415 ἐναντίον
957 4360 1084 4413 δντα
1118 4358 1195 4428 τῷ
1227 4359 1377 4431 νόμῳ
1401 4399 1416 4421 ,
1451 4361 1565 4428 εῖγε
1604 4361 1669 4412 ἐκ
1700 4359 1808 4413 τῶν
1854 4360 1981 4412 Ἰου-

405 4444 570 4498 δαίων
592 4442 691 4514 τὴν
717 4441 971 4496 ὑπόθεσιν
999 4437 1138 4494 εἶναι
1172 4440 1388 4493 πάντων
1411 4439 1520 4492 τὼν
1549 4440 1768 4507 ἀγαθῶν
1793 4457 1975 4510 φησινς

422 4527 575 4580 Ἀλλ’
602 4524 834 4592 ἔρχεται
855 4522 995 4591 ὥρα,
1023 4523 1119 4575 καί
1148 4521 1266 4575 νῦν
1285 4522 1472 4586 ἐστιν,
1501 4521 1600 4575 ὅτε
1631 4526 1683 4576 οί
1705 4524 1977 4588 ἀληθινοί

407 4604 821 4674 προσκυνηταὶ
857 4603 1358 4671 προσκυνήσουσι
1408 4601 1489 4668 τῷ
1536 4606 1738 4671 Πατρί.
1782 4605 1978 4658 Πλεον-

407 4687 671 4758 εκτοῦμεν
712 4688 810 4758 μὲν
850 4686 1025 4756 ὑμῶν,
1056 4679 1102 4738 ὧ
1134 4684 1316 4751 γύναι,
1361 4687 1515 4757 φησὶ,
1557 4685 1633 4756 τῷ
1661 4688 1847 4758 τρόπῳ
1877 4689 1979 4757 τῆς

405 4769 848 4839 προσκυνήσεως
881 4767 1019 4839 πλὴν
1051 4766 1186 4820 ἀλλά
1215 4768 1307 4820 καὶ
1343 4760 1499 4831 οὗτος
1532 4768 1683 4829 τέλος
1713 4768 1823 4833 ἔξει
1865 4768 1977 4821 λοι-

403 4853 524 4907 πόν.
551 4852 627 4905 οὐ
650 4850 757 4921 γὰρ
779 4850 847 4903 τά
866 4842 991 4904 τῶν’
1003 4852 1183 4904 τόπων
1206 4850 1601 4921 ἁμειφθήσεται
1635 4850 1813 4919 μόνον.
1841 4849 1978 4903 ἀλλά

403 4942 498 4992 καί
530 4937 600 4991 τά
629 4936 722 4989 τοῦ
753 4936 952 5008 τρόπον
991 4937 1088 5006 τῆς
1119 4934 1393 5006 λατρείας,
1435 4936 1527 4989 καὶ
1559 4934 1730 4989 ταῦτα
1760 4935 1853 4988 ἐπὶ
1884 4934 1976 4989 θύ-

402 5037 527 5094 ραις
559 5020 807 5089 ἐστηκενθ
834 5018 1106 5086 Ἔρχεται
1129 5016 1238 5089 γὰρ
1263 5015 1403 5087 ὥρα,
1428 5016 1656 5071 καίνῦν
1681 5019 1868 5071 ἐστιν.

475 5101 542 5171 β’.
591 5100 808 5172 Ἐπειδὴ
841 5100 948 5171 γὰρ
987 5100 1037 5153 οἰ
1082 5099 1354 5171 προφῆται
1389 5099 1495 5170 πρὸ
1539 5100 1762 5171 μακρῶν
1792 5099 1976 5168 ελεγον

403 5184 608 5255 χρόνων
629 5183 769 5255 άπερ
792 5184 995 5252 ελεγον,
1013 5182 1169 5237 τοῦτο
1187 5182 1425 5253 ἀναιρῶν
1452 5181 1686 5237 ἐνταῦθα
1707 5178 1846 5244 εἰπε,
1867 5182 1977 5237 Kal

401 5265 520 5320 νῦν
539 5266 687 5320 ἐστι.
718 5266 804 5338 Μή
840 5267 1087 5340 νομίσῃς,
1124 5266 1279 5337 φησὶ,
1318 5264 1521 5336 ταύτην
1550 5266 1809 5337 τοιαύτην
1835 5262 1976 5321 εἶναι

401 5348 501 5419 τὴν
542 5350 898 5420 προφητείαν,
928 5351 1002 5415 ὡς
1027 5349 1167 5422 μετά
1201 5348 1368 5404 πολὺν
1395 5350 1717 5420 γενήσεσθαι
1758 5350 1972 5420 χρόνον.

402 5431 484 5485 Ta
524 5430 635 5502 7&9
670 5431 972 5502 πράγματα
1017 5433 1318 5504 ἐφέστηκεν
1365 5433 1488 5505 ήδη,
1531 5435 1626 5487 καὶ
1661 5434 1754 5486 ἐπὶ
1785 5432 1975 5504 θύραις

401 5514 567 5574 ἐστὶν,
606 5515 745 5568 Ὅτε
783 5516 837 5569 al
877 5515 1146 5582 ἀληθινοὶ
1184 5515 1595 5585 προσκυνητώ
1631 5512 1977 5583 προσκυνή·

398 5613 586 5652 σουσι
627 5593 708 5661 τῷ
733 5596 915 5664 Πατρὶ
940 5597 1009 5650 εν
1035 5600 1323 5668 πνεύματι
1358 5598 1456 5653 καί
1480 5597 1751 5666 ἀληθείᾳ.
1786 5594 1970 5651 Εἰπὼν

508 5708 663 5770 εενὶι.
683 5705 895 5770 ἐνόμιζον
914 5706 1042 5754 ὄντα.
1083 5709 1135 5770 -δ
1171 5707 1340 5756 “arei.
1363 5710 1539 5770 ᾔδεσαν
1572 5709 1701 5758 ὄντα.
1770 5710 1793 5740 ⁸
1815 5707 1966 5758 SaVil.

398 5771 463 5819 ὢν
492 5768 733 5824 Ἰουδαῖος.
765 5765 773 5768 Ἴ
800 5765 825 5804 (Ι
854 5765 1026 5815 Morel.
1055 5767 1134 5815 οὖν
1152 5770 1207 5816 λυ
1218 5765 1534 5831 ῃσαὸνγτὲως.

1109 197 1166 251 S.
1205 195 1324 250 1ολ
1336 193 1493 248 NNIS
1521 191 1700 248 cum
1712 186 1985 247 SOSTOM

2089 187 2369 247 .RCHIEP.
2402 194 2951 255 (ΖΟΝΒΤΑΝΤΙΝΟΡ.

3580 204 3680 256 I90

2109 304 2410 377 ἀληθινοὺς,
2461 311 2775 375 συνεξέϐαλε
2807 323 2831 351 ε
2860 313 3224 383 Σαμαρείταις
3267 314 3567 379 Ἰουδαίους.
3618 318 3682 369 Εἰ

2104 387 2212 457 γάρ
2242 391 2334 443 καὶ
2356 391 2582 445 ἐκείνων
2604 394 2861 464 ἀμείνους
2881 389 3050 459 οὗτοι,
3076 397 3213 451 ἀλλά
3239 398 3346 452 τῶν
3380 399 3681 469 μελλόντων

2102 470 2358 536 ἐλάττους
2398 474 2596 544 πολλῷ,
2621 478 2713 530 καί⁵
2738 477 3009 544 τοσοῦτον,
3039 481 3164 534 ὅσον
3195 481 3454 551 ἀληθείας
3489 482 3677 548 τύπος.

2102 554 2266 623 Λέγει
2288 555 2345 608 δὲ
2377 559 2502 628 περὶ
2530 558 2630 629 τῆς
2660 561 3004 631 Ἐκκλησίας,
3030 565 3113 618 ὅτι
3138 567 3172 636 ἡ
3201 564 3408 636 ἀληθὴς
3435 565 3680 636 προσκύ-

2101 655 2257 707 νησις
2282 638 2374 691 καὶ
2396 639 2515 710 Θεῷ
2548 643 2834 712 πρέπουσα
2862 644 2999 714 αὕτη
3029 646 3200 701 ἐστίν.
3230 647 3337 701 Kal
3362 648 3470 716 γὰρ
3504 650 3539 701 ὁ
3565 651 3682 701 Πα-

2102 722 2212 790 τὴρ
2241 724 2547 789 τοιούτους
2573 723 2732 790 ζητεῖ
2756 727 2897 793 τοὺς
2934 730 3436 797 προσκυνοῦντας
3467 732 3676 786 αὐτόν.

2101 804 2309 859 Οὐκοῦν
2356 808 2403 860 εἰ
2450 807 2718 871 τοιούτους
2756 808 2774 847 τ
2821 809 2988 864 πάλαι
3025 810 3232 883 ἐζήτει,
3265 812 3328 865 οὐ
3359 811 3680 884 βουλόμενος

2099 887 2325 950 ἐκείνοις
2372 888 2715 961 συνεχώρησε
2754 891 2844 945 τὸν
2885 893 3104 962 τρόπον,
3150 893 3287 949 ἀλλά
3318 892 3679 962 συγκαταϐαί-

2098 987 2227 1051 νων,
2253 971 2344 1025 καὶ
2363 971 2449 1025 διὰ
2480 971 2658 1037 τοῦτο,
2701 973 2787 1027 ῖνα
2812 975 2907 1028 καὶ
2941 976 3163 1041 τούτους
3195 977 3486 1051 εἰσαγάγῃ.
3521 978 3679 1041 Τίνες

2097 1047 2191 1106 οὖν
2232 1053 2369 1106 είσιν
2412 1054 2462 1107 οἰ
2509 1053 2753 1126 ἀληθινοὶ
2796 1059 3202 1129 προσκυνηταί;
3235 1061 3298 1113 Ol
3341 1047 3480 1130 μήτε
3528 1059 3678 1129 τόπῳ

2099 1137 2497 1208 περικλείοντες
2531 1136 2628 1207 τήν
2672 1136 2949 1207 λατρείαν,
2993 1141 3086 1194 καὶ
3126 1141 3257 1195 Θεὸν
3298 1142 3356 1194 ἐν
3402 1140 3676 1211 πνεύματι

2097 1218 2507 1289 θεραπεύοντες*
2555 1218 2736 1284 καθὼς
2784 1221 2880 1274 καὶ
2921 1223 2949 1274 0
2992 1222 3204 1286 Παῦλός
3234 1238 3417 1292 φησιν·
3456 1215 3531 1291 ’ᾮ
3566 1226 3675 1276 λα-

2095 1301 2280 1367 τρεύω
2305 1302 2376 1354 ἐν
2404 1300 2484 1366 τῷ
2504 1302 2798 1370 πνεύματί
2822 1319 2964 1372 μου,
2990 1303 3060 1356 ἐν
3084 1302 3165 1369 τῷ
3193 1306 3534 1375 Εὐαγγελίῳ
3564 1303 3672 1358 τοῦ

2105 1382 2239 1437 Υίοῦ
2265 1383 2472 1437 αὐτοῦ·
2497 1384 2591 1437 καὶ
2613 1383 2794 1448 πάλιν,
2825 1384 3156 1452 Παρακαλῶ
3184 1384 3339 1453 ὑμᾶς
3360 1383 3673 1455 παραστῆ-

2096 1480 2199 1519 σαι
2235 1465 2308 1519 τὰ
2353 1463 2596 1533 σώματα
2628 1465 2794 1535 ὑμῶν
2829 1469 3051 1531 θυσίαν
3080 1466 3293 1534 ζῶσαν,
3343 1467 3673 1537 εὐάρεστον

2095 1547 2174 1612 τῷ
2209 1546 2350 1612 Θεῷ,
2373 1547 2486 1616 τὴν
2507 1547 2763 1617 λογικὴν
2795 1550 3076 1619 λατρείαν
3102 1549 3284 1619 ὑμῶν.
3319 1549 3486 1603 Ὅταν
3505 1550 3562 1603 δέ
3591 1548 3670 1602 εῖ-

2096 1644 2194 1702 πῃ,
2229 1629 2468 1699 Πνεῦμα
2501 1633 2533 1683 ό
2564 1630 2727 1697 Θεὸς,
2755 1631 2904 1685 οὐδὲν
2934 1631 3059 1684 ἄλλο
3083 1630 3250 1701 δηλοῖ,
3286 1630 3320 1703 ἢ
3352 1631 3411 1685 τὸ
3445 1629 3671 1702 ἀσώμα-

2093 1730 2205 1767 τον.
2230 1715 2322 1766 Δεῖ
2343 1714 2521 1767 τοίνυν
2546 1714 2639 1767 τοῦ
2663 1715 2952 1786 ἀσωμάτου
2975 1715 3067 1768 καὶ
3088 1714 3187 1786 τὴν
3209 1713 3464 1785 λατρείαν
3487 1713 3669 1767 τοιαύ-

2094 1813 2193 1867 την
2233 1791 2393 1861 εἷναι,
2443 1797 2534 1849 καὶ
2573 1796 2662 1850 διά
2699 1798 2794 1851 τοῦ
2828 1798 2886 1851 ἐν
2927 1798 3056 1867 ήμῖν
3107 1796 3396 1866 ἀσωμάτου
3435 1796 3671 1866 προσφέ-

2097 1880 2301 1952 ρεσθαιο
2332 1881 2630 1945 τουτέστιν,
2667 1880 2757 1935 διὰ
2789 1878 2888 1953 τῆς
2929 1880 3109 1951 ψυχῆς
3156 1880 3251 1934 καί.
3290 1880 3390 1950 τῆς
3436 1878 3532 1933 τοῦ
3576 1878 3668 1932 νοῦ

2096 1964 2484 2035 καθαρότητος.
2528 1965 2620 2017 Διό
2657 1981 2809 2035 φησι-
2844 1965 2955 2018 Kal
2998 1964 3138 2031 τοὺς
3172 1963 3671 2032 προσκυνοῦντας

2093 2048 2300 2109 αὐτὸν,
2326 2047 2397 2100 ἐν
2428 2048 2719 2116 πνεύματι
2749 2047 2847 2102 καὶ
2877 2048 3127 2114 ἀληθείᾳ
3160 2046 3256 2101 δεῖ
3280 2046 3666 2115 προσκυνεῖν.

2106 2129 2320 2202 Ἐπειδὴ
2346 2129 2455 2201 7&9
2472 2131 2564 2183 καὶ
2585 2131 2781 2182 ἐκεῖνοι
2797 2130 2891 2183 καί⁹
2913 2130 2963 2182 οἰ
2989 2129 3230 2183 Ἰουδαῖοι
3253 2129 3351 2198 τῆς
3375 2129 3474 2199 μὲν
3493 2129 3668 2198 ψυχῆς

2092 2213 2348 2282 ἠμέλουν,
2389 2212 2588 2283 πολλὴν
2610 2212 2666 2266 δὲ
2692 2211 2821 2284 περὶ
2844 2214 2904 2264 τὸ
2930 2211 3087 2282 σῶμα
3114 2222 3142 2260 ι
3172 2211 3403 2282 σπουδὴν
3427 2210 3668 2263 ἐποιοῦν-

2091 2310 2171 2359 το,
2212 2294 2564 2367 καθαίροντες
2600 2294 2730 2347 αὐτὸ
2771 2295 3146 2357 παντοδαπῶς·
3185 2296 3351 2363 φησὶν
3388 2294 3469 2346 ὅτι
3508 2293 3567 2346 οὐ
3598 2295 3665 2363 τῇ

2091 2375 2182 2428 τοῦ
2218 2375 2467 2447 σώματος
2486 2375 2838 2448 καθαρότητι,
2857 2375 2993 2430 ἀλλά
3017 2376 3097 2445 τῷ
3126 2377 3182 2429 ἐν
3210 2376 3341 2446 ἡμῖν
3364 2375 3662 2444 ἀσωμάτῳ,

2093 2458 2240 2531 [I92]
2278 2460 2524 2513 τουτέστι
2553 2460 2632 2530 τῷ
2660 2459 2756 2531 νῷ,
2785 2463 2814 2514 0
2842 2458 3129 2531 ἀσώματος
3156 2456 3536 2529 θεραπεύεται.
3570 2459 3662 2526 Μὴ

2089 2543 2265 2597 τοίνυν
2292 2543 2537 2614 πρόϐατα
2567 2542 2723 2597 θύετε
2759 2543 2852 2597 καὶ
2884 2545 3135 2615 μόσχους,
3176 2541 3292 2595 ἀλλ’
3315 2541 3432 2595 ὅλον
3469 2539 3664 2593 σαυτὸν

2088 2627 2286 2690 ἀνάθες
2313 2625 2391 2697 τῷ
2416 2625 2534 2697 Θεῷ
2558 2627 2654 2680 καὶ
2679 2626 3070 2681 όλοκαύτωσον·
3098 2624 3255 2679 τοῦτο
3283 2625 3390 2696 γάρ
3426 2625 3542 2677 ἐστι
3574 2622 3666 2676 θυ-

2091 2711 2212 2764 σίαν
2250 2709 2432 2773 ζῶσαν
2459 2710 2825 2779 παραστῆσαι.
2870 2710 2957 2761 Ἐν
2998 2707 3107 2778 γὰρ
3135 2705 3362 2778 ἀληθεία
3390 2705 3470 2758 δεῖ
3499 2721 3666 2775 προσ-

2089 2795 2291 2847 κυνεῖνο
2323 2793 2399 2855 ὡς
2424 2792 2493 2846 τά
2525 2808 2589 2861 γε
2619 2791 2857 2863 πρότερα
2882 2790 3049 2852 τύπος
3078 2786 3166 2860 ἦν,
3200 2791 3234 2862 ή
3271 2787 3560 2860 περιτομὴ,
3595 2785 3665 2840 τά

2087 2873 2531 2944 ὁλοκαυτώματα,
2570 2872 2639 2926 τά
2684 2872 2922 2944 θύματα,
2968 2871 3038 2925 τά
3084 2871 3424 2943 θυμιάματα·
3466 2866 3664 2922 νυνίδέ

2087 2957 2290 3015 οὐκέτι.
2329 2955 2443 3009 ἀλλ’
2487 2955 2711 3026 ἀλήθεια
2759 2955 2821 3008 τὸ
2870 2956 2996 3010 πᾶν.
3046 2955 3120 3009 Ού
3154 2952 3264 3026 γὰρ
3304 2952 3500 3025 σάρκα,
3528 2949 3661 3005 ἀλλά

2089 3039 2356 3108 πονηροὺς
2390 3036 2470 3090 δεῖ
2502 3038 2850 3108 περικόπτειν
2895 3036 3209 3107 λογισμοὺς,
3259 3035 3351 3088 καὶ
3398 3030 3662 3103 σταυροῦν

2087 3121 2294 3183 ἑαυτὸν,
2318 3120 2413 3174 καὶ
2431 3120 2530 3185 τάς
2555 3120 2781 3189 ἀλόγους
2804 3122 3045 3192 ἀναιρεῖν
3065 3118 3358 3189 ἐπιθυμίας
3384 3116 3477 3171 καὶ
3494 3132 3662 3169 κατα-

2089 3203 2364 3272 σφάττειν.
2410 3202 2725 3271 Ἰλιγγίασεν
2758 3205 2790 3274 ὴ
2833 3203 2969 3273 γυνή
2999 3201 3135 3271 πρὸς
3163 3200 3233 3254 τά
3259 3198 3535 3271 λεχθέντα,
3567 3195 3662 3251 καὶ

2087 3286 2434 3356 ἀπηγόρευσε
2470 3285 2607 3358 πρὸς
2646 3285 2709 3339 τὸ
2743 3284 2875 3355 ὕψος
2915 3285 3023 3338 τῶν
3063 3282 3388 3355 εἰρημένων,
3431 3282 3525 3335 καὶ
3562 3296 3664 3340 καιγ

2089 3369 2264 3441 μοῦσα
2295 3369 2524 3423 ἄκουσον
2552 3367 2604 3421 τί
2632 3383 2814 3438 φησιν·
2837 3363 2980 3421 Οἶδα
3007 3367 3096 3421 ὅτι
3128 3366 3363 3435 ἔρχεται
3386 3363 3660 3429 Μεσσίας

2086 3456 2119 3507 ὀ
2141 3452 2463 3522 λεγόμενος
2484 3451 2758 3518 Χριστός·
2790 3449 2935 3504 ὅταν
2958 3450 3105 3518 ἔλθῃ
3135 3449 3385 3515 ἐκεῖνος,
3412 3450 3662 3517 ἀναγγε-

2083 3535 2185 3591 ⁵λιιεῖ
2210 3534 2354 3604 ἡμῖν
2389 3533 2605 3588 πάντα.
2630 3534 2799 3603 Λέγει
2834 3531 2989 3601 αὐτῇ
3010 3535 3044 3587 ὁ
3076 3531 3334 3601 Ἰησοῦς·
3379 3528 3519 3598 Ἐγώ
3540 3531 3660 3592 εἰμι

2084 3621 2118 3673 0'
2146 3616 2354 3673 λαλῶν
2388 3630 2510 3670 σοι.
2540 3616 2649 3670 Καὶ
2676 3615 2838 3670 πόθεν
2867 3614 3231 3686 Σαμαρείταις
3260 3613 3319 3666 τὸ
3352 3613 3657 3683 προσδοκᾷν

2082 3700 2180 3773 τήν
2221 3700 2316 3755 τοῦ
2357 3698 2593 3771 Χριστοῦ
2628 3698 2946 3770 παρουσίαν,
2975 3699 3067 3751 τὸν
3106 3696 3342 3752 Μωῦσέα
3375 3695 3657 3766 δεξάμενοι

2087 3784 2277 3856 μόνονς
2319 3784 2438 3836 Ἀπ’
2473 3782 2650 3837 αὐτῶν
2681 3781 2790 3835 τῶν
2822 3781 3100 3844 Μωυσέως
3140 3778 3497 3852 γραμμάτων.
3545 3779 3656 3831 Kal

2083 3867 2191 3937 7&9
2221 3867 2278 3919 ἐν
2304 3867 2445 3937 ἀρχῇ
2484 3864 2573 3918 τὸν
2606 3864 2735 3918 Υίὸν
2761 3863 3093 3932 ἀπεκάλυψε.
3128 3863 3201 3916 Τὸ
3229 3865 3358 3934 7&9,
3391 3859 3653 3927 Ποιήσω-

2083 3965 2193 4014 μεν
2215 3947 2526 4015 ἄνθρωπον
2547 3947 2673 3999 κατ’
2701 3948 2907 3999 εἰκόνα
2940 3944 3036 3998 καί
3059 3944 3187 3998 καθ’
3209 3944 3493 4012 ὁμοίωσιν
3514 3943 3655 4012 ἠμε-

2080 4029 2278 4097 τέραν,
2308 4028 2443 4099 πρὸς
2467 4027 2558 4081 τὸν
2582 4027 2711 4081 Υἰὸν
2748 4027 2951 4097 εἴρητο·
2977 4026 3069 4079 καὶ
3215 4024 3465 4095 Ἀϐραὰμ
3498 4027 3556 4077 ἐν
3584 4026 3651 4095 τῇ

2084 4115 2255 4186 σκηνῇ
2285 4107 2438 4174 οὗτός
2467 4111 2613 4165 ἐστιν
2647 4112 2677 4164 0
2710 4109 3103 4178 διαλεγόμενοςσ
3128 4107 3220 4159 καὶ
3243 4107 3271 4159 0
3306 4105 3499 4159 Ἰακὼό
3524 4106 3654 4175 περὶ

2082 4194 2245 4249 αὑτοῦ
2287 4194 2640 4267 προφητεύων
2672 4193 2876 4261 ελεγενο
2910 4191 3029 4244 Οὐκ
3064 4188 3329 4256 ἐκλείψει
3356 4187 3557 4255 ἄρχων
3583 4188 3653 4250 ἐξ

2095 4277 2299 4339 Ἰούδα,
2330 4275 2471 4331 οὐδὲ
2491 4275 2825 4346 ἡγούμενος
2843 4274 2911 4328 ἐκ
2935 4272 3055 4326 τῶν
3071 4270 3279 4341 μηρῶν
3305 4271 3513 4333 αὐτοῦ,
3543 4270 3654 4336 ἓως

2081 4358 2158 4414 ἂν
2180 4360 2326 4427 ἔλθῃ
2347 4351 2396 4424 ᾦ
2417 4358 2742 4420 ἀπόκειται,
2764 4357 2863 4409 καὶ
2888 4354 3071 4421 αὐτὸς
3092 4352 3426 4422 προσδοκία
3440 4353 3647 4409 ἐθνῶν.

2082 4443 2191 4497 Kal
2217 4442 2377 4504 αὐτὸς
2403 4440 2459 4494 δὲ
2494 4441 2523 4494 0
2554 4439 2793 4509 Μωῡσῆς
2813 4454 2964 4509 φησι’
2989 4436 3310 4505 Προφήτην
3332 4435 3475 4506 ὑμῖν
3509 4436 3653 4490 ἁνα-

2081 4525 2297 4590 στήσει
2335 4524 2547 4591 Κύριος
2575 4525 2607 4576 ὁ
2635 4521 2780 4588 Θεὸς
2817 4522 2885 4575 ἐκ
2909 4520 3028 4574 τῶν
3052 4518 3332 4588 ἀδελφῶν
3357 4517 3543 4589 ὑμῶν,
3572 4520 3654 4586 ὡς

2079 4607 2202 4674 ἐμέ’
2231 4606 2418 4660 αὑτοῦ
2445 4606 2801 4659 ἀκούσεσθε*
2839 4605 2949 4658 Kal
2977 4603 3046 4656 τὰ
3072 4603 3212 4657 κατά
3245 4603 3337 4656 τὸν
3378 4603 3519 4672 ὅφιν,
3558 4604 3653 4656 καὶ

2078 4688 2146 4741 τά
2176 4689 2315 4741 κατά
2345 4688 2443 4760 τὴν
2477 4688 2671 4757 ῥάϐδον
2702 4687 2800 4758 τὴν
2829 4686 3127 4749 Μωῦσέως,
3156 4685 3248 4739 καὶ
3278 4684 3348 4740 τὰ
3385 4684 3525 4739 κατά
3563 4686 3653 4741 τὸν

2091 4770 2274 4823 Ἰσαὰκ
2315 4771 2408 4823 καὶ
2439 4770 2500 4822 τὸ
2533 4770 2818 4840 πρόϐατον,
2858 4770 2953 4822 καὶ
2982 4767 3153 4822 πολλά
3181 4769 3344 4839 ἕτερα
3372 4768 3498 4839 ἐνῆν
3532 4767 3656 4836 βου-

2078 4852 2323 4924 λομένοις
2371 4852 2614 4921 ἐκλέγειν
2653 4853 2753 4922 τὴν
2797 4851 3099 4919 παρουσίαν
3143 4851 3307 4903 αὐτοῦ
3343 4851 3655 4921 ἀνακηρύτ-

2075 4954 2255 4992 τοντα.
2294 4937 2402 4990 Kal
2434 4936 2486 4988 τί
2512 4936 2731 5004 δήποτε,
2767 4939 2950 5005 φησιν,
2985 4935 3086 4987 οὐκ
3118 4935 3225 4988 ἀπὸ
3256 4933 3460 4988 τούτων
3491 4935 3654 5004 ἐνῆγε

2075 5019 2174 5092 τήν
2212 5022 2446 5088 γυναῖκα
2472 5020 2500 5072 0
2529 5018 2782 5088 Χριστὸς,
2824 5016 2959 5071 ἀλλά
2988 5015 3068 5087 τῷ
3105 5016 3202 5086 μὲν
3233 5016 3528 5086 Νικοδήμῳ
3564 5016 3654 5069 τὸν

2076 5102 2198 5171 δφιν
2227 5103 2308 5165 είς
2337 5101 2498 5172 μέσον
2525 5101 2719 5171 ήγαγε,
2757 5101 2847 5154 καὶ
2879 5099 2958 5170 τῷ
2988 5098 3284 5169 Ναθαναὴλ
3318 5097 3655 5168 προφητείας

2076 5185 2369 5255 ἀνέμνησε,
2399 5183 2569 5257 ταύτῃ
2605 5184 2660 5237 δέ
2691 5183 2841 5237 οὐδὲν
2875 5182 3116 5237 τοιοῦτον
3152 5177 3303 5234 εἶπεν
3325 5196 3340 5243 ;
3366 5180 3534 5257 ᾼΤίνος
3558 5174 3654 5232 οὖν

2075 5267 2260 5321 ἕνεκεν
2303 5274 2396 5321 καὶ
2422 5255 2594 5330 Sua-tl;
2630 5266 2752 5321 Ὀτι
2782 5267 2974 5319 ἐκεῖνοι
3012 5265 3110 5335 μὲν
3134 5263 3325 5332 ἄνδρες
3360 5255 3521 5330 ἦσαν,
3558 5261 3653 5314 καὶ
3768 5283 3777 5289 ο

2076 5351 2134 5402 ἐν
2169 5349 2375 5413 τούτοις
2420 5349 2762 5420 ἐστρέφοντοο
2798 5346 2937 5417 αὕτη
2988 5347 3045 5401 δὲ
3097 5344 3233 5415 γυνὴ
3271 5342 3527 5414 πενιχρὰ,
3557 5343 3653 5397 καὶ

2075 5432 2312 5501 ἀμαθὴς,
2355 5434 2447 5486 καὶ
2493 5431 2724 5503 Γραφῶν
2764 5430 3006 5502 ἄπειρος.
3035 5428 3135 5483 Διά
3175 5425 3334 5480 τοῦτο
3378 5426 3517 5498 αὐτῇ
3550 5425 3652 5482 οὐκ

2076 5513 2185 5567 ἀπὸ
2216 5515 2421 5567 τούτων
2446 5513 2770 5582 διαλέγεται,
2800 5512 2915 5566 ἀλλ’
2951 5512 3061 5565 ἀπὸ
3086 5510 3181 5565 τοῦ
3208 5509 3401 5575 ὓδατος
3432 5511 3523 5563 καὶ
3553 5509 3651 5579 τῆς

2080 5597 2436 5667 προρρήσεως
2479 5596 2647 5669 αὐτὴν
2689 5596 3008 5660 ἐπισπᾶται,
3059 5594 3154 5649 καὶ
3194 5593 3283 5646 διὰ
3329 5591 3533 5646 τούτων
3571 5593 3650 5654 εἰς

2140 5718 2167 5773 ξ
2190 5706 2285 5773 Alli
2313 5707 2475 5773 εἷπῶν,
2494 5709 2688 5773 ἀληθεία
2716 5710 2772 5758 οὖ
2798 5708 3089 5764 συνεξέϐαλε.
3161 5703 3182 5746 ι
3234 5704 3402 5757 Morel.
3437 5699 3649 5754 τούτους·

2077 5770 2104 5810 8
2127 5768 2297 5817 Morel.
2330 5771 2436 5833 περί
2469 5768 2552 5820 τοῦ
2584 5768 2821 5833 σώματος.
