4068 6136
365 422 465 477 189

364 542 418 595 in
444 542 620 594 futuro
645 546 943 609 prmstarc;
972 548 1028 597 et
1048 548 1173 596 tunc
1202 538 1554 594 dilferentiam
1577 537 1797 594 inducit.
1824 536 1936 593 Ve-

362 639 663 686 rumtamen
690 632 1088 701 praestantiores
1104 630 1320 685 Judaeos
1336 629 1615 700 signiﬁcat,
1635 644 1741 684 non
1764 628 1939 683 locum

365 723 481 777 Ιοεο
508 731 863 791 anteponens,
878 722 974 777 sed
997 722 1083 776 illa
1102 723 1272 777 solum
1300 724 1507 778 ratione
1524 722 1723 778 Judasis
1746 722 1940 792 primas

363 810 681 876 concedens,
712 827 779 866 ae
800 812 844 866 si
867 811 1069 866 diceret
1098 827 1112 864 :
1140 812 1281 865 Nihil
1305 812 1372 867 de
1396 812 1513 867 loco
1534 812 1643 880 jam
1668 812 1943 881 disputan-

365 901 511 956 dum.
545 901 601 955 In
631 902 805 957 cultus
831 901 1046 972 quidem
1076 903 1233 957 modo
1261 902 1430 957 Judaei
1454 902 1770 972 przeferendi
1789 909 1943 957 erant

362 991 709 1049 Samaritanis
741 1010 755 1045 :
797 992 917 1058 Vos,
946 994 1133 1063 inquit,
1165 994 1390 1049 adoratis
1416 994 1551 1063 quod
1574 994 1772 1048 nescitis
1801 1010 1822 1047 :
1850 1009 1943 1047 uos

364 1082 638 1136 adoramus
698 1085 833 1152 quod
872 1085 1080 1138 scimus.
1133 1083 1415 1152 Quomodo
1457 1099 1584 1154 ergo
1635 1083 1943 1139 nesciebant

365 1173 684 1228 Samaritaui
705 1174 832 1241 quid
856 1174 1187 1229 adorarent?
1213 1175 1345 1242 Quia
1379 1175 1548 1229 Deum
1574 1176 1694 1230 loco
1714 1176 1943 1230 circum-

364 1262 545 1329 scribi,
580 1263 687 1317 imo
728 1263 881 1333 quasi
926 1262 1090 1317 dividi
1135 1278 1293 1333 posse
1329 1265 1605 1333 putabant.
1648 1264 1738 1320 Sic
1781 1265 1942 1335 igitur

365 1352 508 1407 illum
552 1353 839 1418 colebant;
898 1352 977 1408 sic
1021 1354 1198 1409 Persis
1251 1356 1598 1421 nuntiarunt,
1639 1356 1792 1409 istius
1836 1356 1941 1409 loel

368 1442 522 1498 deum
552 1444 651 1497 sibi
682 1444 873 1497 iratum
901 1457 1044 1507 esse,
1084 1442 1212 1498 nihil
1239 1444 1308 1499 de
1333 1459 1398 1499 eo
1436 1444 1666 1513 amplius
1692 1460 1847 1513 quam
1874 1443 1943 1499 de

371 1531 511 1586 idolo
537 1534 658 1586 rati.
688 1532 1021 1602 Quapropter
1049 1535 1468 1601 perseverabant
1488 1544 1548 1587 et
1584 1534 1731 1588 illum
1759 1543 1813 1588 et
1834 1533 1943 1589 da:-

367 1640 550 1679 monas
573 1626 774 1690 colere,
812 1640 872 1679 ea
899 1639 1018 1694 quae
1062 1625 1274 1679 misceri
1310 1638 1417 1679 non
1449 1634 1696 1695 poterant
1717 1624 1943 1680 confun-

365 1716 567 1771 dentes.
596 1715 770 1769 Judmi
797 1729 927 1769 vero
951 1713 1052 1769 hac
1082 1714 1335 1783 opinione
1364 1715 1517 1769 liberi
1548 1724 1719 1780 erant,
1744 1716 1944 1783 ipsum-

366 1820 465 1874 que
495 1806 749 1874 putabant
772 1819 893 1860 esse
921 1805 1066 1859 orbis
1082 1805 1283 1870 Deum;
1312 1805 1520 1859 etiamsi
1552 1805 1601 1860 id
1633 1821 1738 1859 non
1754 1820 1941 1859 omnes

366 1898 665 1953 crederent.
691 1897 979 1966 Propterea
997 1896 1157 1951 dicit:
1188 1896 1288 1951 Vos
1311 1897 1533 1951 odoratis
1557 1899 1691 1967 quod
1710 1898 1939 1951 nescitis:

366 2003 454 2041 nos
480 1987 755 2040 adoramus
772 1986 911 2059 quod
937 1987 1141 2041 scimus.
1173 1986 1252 2041 Ne
1270 1988 1478 2042 mireris
1501 1997 1680 2043 antem
1713 1987 1853 2057 quod
1883 2002 1943 2043 se

370 2077 569 2133 ludatis
591 2087 913 2132 annumeret
942 2095 955 2130 :
981 2093 1108 2133 nam
1133 2079 1425 2133 secundum
1463 2080 1704 2135 mulieris
1729 2080 1940 2149 opinio-

368 2187 487 2226 nem
540 2171 798 2241 loquitur,
842 2171 993 2242 quasi
1027 2171 1284 2242 propheta
1329 2171 1670 2238 Judteorum;
1717 2172 1943 2242 ideoque

364 2261 512 2327 illttd,
539 2259 847 2325 Adoranstts,
874 2260 1070 2330 posuit.
1101 2260 1254 2328 Quod
1282 2263 1424 2316 enim
1454 2262 1710 2317 adoretur
1734 2262 1937 2318 nemini

364 2367 468 2406 non
496 2361 678 2407 notum
701 2361 819 2418 est;
851 2352 1081 2407 adorare
1111 2353 1254 2406 enim
1298 2361 1563 2408 creatum
1597 2363 1699 2418 est,
1725 2353 1937 2408 adorari

366 2457 510 2509 vero,
540 2450 905 2497 creaturarum
951 2442 1179 2496 Domini.
1236 2442 1431 2497 Verum
1487 2443 1700 2498 interim
1747 2443 1840 2499 ille
1885 2452 1946 2499 ut

361 2535 578 2590 Judaeus
600 2535 850 2604 loquitur.
887 2533 1017 2588 lllnd
1043 2549 1191 2604 ergo,
1220 2533 1355 2601 Nos,
1388 2534 1439 2589 id
1477 2545 1579 2601 est,
1618 2535 1723 2590 Nos
1750 2534 1939 2590 Judaei.

363 2624 580 2680 .iudaica
610 2626 767 2695 igitur
794 2625 1075 2688 extollens,
1108 2639 1168 2679 se
1209 2625 1315 2680 ﬁde
1354 2625 1573 2695 dignum
1621 2625 1844 2696 praebet,
1890 2635 1945 2681 et

366 2718 518 2772 dictis
565 2717 678 2771 suis
731 2716 891 2791 ﬁdem
936 2716 1211 2781 conciliat,
1253 2718 1610 2785 suspicionem
1665 2731 1942 2782 amovens,

365 2809 758 2879 ostendensque
778 2824 841 2865 se
864 2824 967 2862 non
997 2809 1527 2879 cognationisgratia
1548 2809 1634 2863 illa
1661 2809 1940 2865 extollere.

366 2902 463 2969 Qui
488 2903 631 2957 enim
670 2903 814 2956 circa
868 2902 1044 2956 locum
1090 2902 1249 2956 talem
1280 2901 1482 2970 profert
1508 2903 1845 2969 sententiam,
1876 2903 1945 2959 de

365 3009 469 3064 quo
512 2995 630 3048 loco
654 2994 822 3050 Judmi
853 2994 1082 3049 maxime
1130 2993 1514 3063 gloriabantur,
1542 3008 1605 3047 ac
1633 3008 1691 3048 se
1718 2995 1930 3048 caeteris

366 3084 723 3154 praeferendus
751 3085 1059 3149 censebant,
1095 3084 1220 3138 dum
1262 3084 1400 3139 hanc
1444 3086 1551 3140 illis
1577 3086 1942 3155 prmstantiam

366 3175 555 3241 aufert,
588 3177 760 3244 palam
794 3184 879 3230 est
900 3191 1020 3230 eum
1039 3175 1148 3244 jam
1180 3190 1283 3229 non
1308 3175 1376 3229 ad
1398 3175 1623 3245 gratiam
1646 3176 1941 3245 cujuspiam

369 3268 528 3336 loqui,
560 3267 655 3321 sed
686 3283 749 3319 ex
772 3268 996 3321 veritate
1024 3275 1078 3321 et
1113 3281 1182 3320 ex
1211 3266 1263 3319 vi
1310 3265 1635 3335 prophetica.
1666 3267 1798 3332 Quia
1847 3264 1944 3334 igi-

369 3370 451 3414 tur
475 3374 507 3414 a
537 3360 625 3414 tali
678 3357 1074 3413 existimatione
1123 3357 1343 3411 abduxit
1370 3356 1574 3420 dicens,
1606 3356 1765 3412 Crede
1795 3357 1941 3421 mihi,

368 3451 564 3515 mulier,
593 3459 725 3514 etc.,
748 3448 949 3517 adjicit,
977 3448 1110 3513 Quia
1125 3449 1266 3502 salus
1285 3464 1317 3501 a
1344 3446 1542 3503 Judwis
1567 3457 1677 3512 est;
1703 3447 1805 3502 hoc
1840 3454 1942 3511 est,

367 3543 446 3597 vel
471 3542 612 3614 quod
634 3540 758 3595 hinc
778 3539 899 3594 orbi
924 3539 1061 3594 bona
1084 3539 1274 3592 collata
1297 3538 1403 3593 sint
1431 3538 1574 3608 (nam
1603 3538 1696 3591 Dei
1714 3537 1945 3607 cognitio

365 3633 735 3702 idolorumque
755 3630 1067 3701 reprobatio
1088 3630 1213 3684 hinc
1238 3641 1412 3684 ortum
1437 3629 1639 3693 habuit,
1660 3643 1865 3684 necnon
1894 3635 1949 3682 et

362 3726 465 3780 alia
492 3725 676 3780 omnia
698 3725 965 3794 dogmata,
997 3731 1050 3776 et
1073 3733 1251 3776 vester
1274 3721 1449 3775 cultus
1474 3721 1599 3774 licet
1629 3734 1732 3774 non
1767 3730 1948 3775 rectus

361 3817 467 3880 sit;
492 3830 522 3869 a
546 3814 747 3871 iudicis
764 3814 904 3869 enim
927 3816 1102 3868 ortum
1135 3810 1337 3883 habuit)
1364 3829 1376 3868 :
1409 3812 1495 3866 vel
1529 3811 1643 3867 hzcc
1671 3826 1819 3882 ergo,
1861 3813 1945 3866 vel

359 3906 656 3961 adventum
684 3920 836 3960 suum
867 3905 1089 3959 salutem
1131 3910 1304 3957 vocat.
1334 3902 1446 3956 lmo
1496 3916 1625 3956 vero
1653 3917 1756 3955 non
1793 3902 1949 3957 abes-

361 3998 561 4053 raverit
574 3996 840 4065 quiSpiam
853 3995 898 4050 si
926 3995 1068 4049 dicat
1088 3994 1201 4049 haec
1224 3994 1383 4048 ambo
1408 3993 1630 4047 salutem
1656 4006 1796 4058 esse,
1828 4007 1944 4048 eam

360 4089 570 4145 scilicet
594 4103 756 4159 quant
779 4103 843 4142 ex
865 4087 1063 4143 Judteis
1092 4101 1210 4140 esse
1241 4085 1387 4140 dicit.
1410 4084 1560 4153 Quod
1593 4085 1788 4140 Paulus
1815 4086 1948 4140 sub-

360 4181 606 4236 indicans
647 4178 894 4241 dicebat,
927 4177 1011 4231 Ea:
1055 4178 1234 4247 quibus
1262 4177 1489 4231 Christus
1517 4177 1789 4230 secundum
1827 4192 1944 4228 car-

362 4287 496 4336 nem,
524 4270 709 4340 quiest
756 4285 905 4337 super
946 4268 1119 4321 omnia
1166 4267 1297 4320 Deus
1331 4265 1503 4336 (Rom.
1552 4266 1606 4321 9.
1649 4266 1729 4334 5).
1762 4265 1946 4320 Vidcn’

359 4359 633 4431 quomodo
655 4358 820 4413 Vetus
850 4358 1100 4427 praedicet
1125 4358 1524 4412 Testamentum
1552 4398 1567 4422 ,
1598 4373 1660 4410 ac
1688 4358 1945 4411 bonorum

362 4450 600 4506 radicem
624 4463 744 4505 esse
767 4448 1028 4512 declaret,
1073 4458 1129 4502 et
1168 4464 1228 4503 se
1257 4448 1403 4501 nullo
1435 4448 1594 4500 modo
1617 4448 1946 4501 contrarium

359 4556 482 4597 esse
503 4540 644 4611 legi?
668 4539 931 4609 siquidem
955 4555 1018 4594 ex
1051 4539 1252 4594 .ludteis
1281 4540 1543 4593 honorum
1585 4552 1800 4592 causam
1831 4552 1948 4591 om—

359 4636 509 4686 nium
534 4645 655 4685 esse
679 4629 826 4685 dicit.
849 4629 940 4685 95.
963 4630 1070 4683 Sed
1093 4632 1222 4683 venit
1234 4629 1378 4693 hora,
1408 4639 1453 4682 et
1479 4644 1609 4681 nunc
1636 4638 1726 4693 cst,
1746 4628 1947 4697 quando

359 4724 462 4777 veri
481 4721 780 4776 adoratores
798 4720 1083 4774 adorabunt
1108 4718 1336 4773 Putrem.
1366 4719 1527 4773 Vobis
1551 4720 1946 4787 prtestantiores

357 4828 570 4879 sumus,
593 4826 628 4866 ο
658 4811 872 4877 mulier,
914 4812 1105 4881 inquit,
1155 4812 1205 4865 in
1235 4810 1491 4864 adorandi
1522 4810 1682 4863 modo
1717 4828 1729 4864 :
1761 4826 1944 4864 verum

358 4905 445 4959 hic
486 4902 667 4959 cultus
704 4903 958 4969 deinceps
989 4901 1149 4954 ﬁnem
1199 4900 1431 4954 habebit.
1465 4899 1578 4953 Non
1627 4900 1770 4953 ettim
1801 4900 1946 4954 locus

358 5007 592 5060 tantum,
624 4995 718 5048 sed
740 4994 904 5048 etiam
933 4992 1121 5045 mutlus
1151 4991 1362 5045 colendi
1388 4991 1714 5045 mutabitur:
1750 5000 1803 5045 et
1835 4994 1947 5046 haec

354 5093 420 5148 ad
448 5092 670 5162 januam
700 5097 843 5143 sunt.
887 5086 1028 5139 Venit
1052 5086 1192 5138 enim
1221 5085 1366 5149 hora,
1386 5094 1431 5136 et
1452 5101 1581 5137 nunc
1603 5095 1694 5137 est.

425 5182 485 5236 2.
510 5182 682 5249 Quare
697 5179 929 5234 Christus
954 5176 1225 5238 addiderit,
1245 5183 1299 5229 et
1323 5189 1461 5227 nunc
1485 5184 1567 5227 est
1586 5192 1600 5238 ;
1618 5174 1733 5226 Veri
1757 5176 1944 5227 adora-

352 5286 488 5330 tores
510 5276 600 5346 qui
624 5274 667 5325 si
685 5283 743 5325 it.
767 5270 903 5336 Quid
931 5268 1024 5322 sibi
1036 5269 1149 5322 velit
1166 5268 1321 5331 istud,
1338 5267 1387 5319 in
1414 5267 1600 5335 spiritu
1629 5275 1681 5319 et
1700 5267 1943 5320 veritate.

353 5365 590 5422 Christus
610 5366 661 5417 in
685 5364 827 5418 libris
846 5360 899 5414 Μ
905 5361 1039 5430 oysis
1053 5375 1188 5426 stupe
1206 5356 1474 5427 prtedictus
1496 5357 1948 5425 prta-ﬁgureturque

350 5469 444 5514 est.
480 5456 706 5512 Praestat
736 5453 936 5508 Judwis
964 5452 1147 5505 mulier
1168 5450 1516 5505 Samaritana.
1543 5479 1614 5488 —
1641 5448 1773 5515 Quia
1803 5449 1943 5501 enim

349 5550 639 5620 propheta:
683 5545 853 5601 multo
879 5552 1004 5596 ante
1044 5551 1287 5608 tempore
1336 5538 1538 5607 loqunti
1580 5546 1725 5601 sunt,
1761 5537 1812 5591 id
1841 5536 1945 5591 hoc

348 5642 473 5697 loco
507 5638 705 5693 tollens
732 5634 880 5699 dicit,
908 5633 971 5686 Et
993 5648 1126 5685 nunc
1153 5643 1245 5684 est.
1269 5629 1346 5683 Ne
1368 5639 1541 5697 putes.
1574 5629 1764 5698 inquit,
1804 5628 1943 5683 hanc

349 5731 696 5804 prophetiam
750 5735 868 5795 post
894 5726 1116 5779 multum
1147 5733 1360 5791 tempus
1408 5722 1735 5789 implendam
1778 5736 1937 5776 esse:

351 5843 441 5883 res
469 5817 619 5878 enim
650 5820 837 5879 instat,
870 5824 923 5869 et
953 5813 1197 5882 injanuis
1220 5824 1317 5871 est.
1355 5812 1571 5876 Quando
1609 5813 1710 5865 veri
1759 5812 1945 5865 adora-

670 5915 946 5976 ΡΑτιιυι..
979 5914 1094 5971 Gtt.
1141 5913 1206 5972 Ll
1226 5915 1297 5969 Χ.

1365 425 1433 481 ΙΝ
1471 423 1779 482 ΙΟΛΝΝΕΜ
1813 423 2042 479 llOMlL.
2085 424 2320 513 XXXI".
2353 430 2423 483 al.
2465 431 2680 487 XXX”.

3530 453 3631 511 {90

2047 547 2178 593 tores
2203 540 2488 596 adorabunt
2515 543 2723 601 Patrem
2749 549 2799 603 in
2828 551 3006 619 spiritu
3029 564 3075 610 et
3090 556 3312 612 veritate.
3329 559 3463 616 Cum
3494 565 3633 620 dixit

2046 642 2223 695 veros,
2254 644 2375 685 eum
2402 632 2750 692 Samaritanis
2770 638 2979 696 Judtros
3004 646 3226 715 repulit;
3255 648 3461 707 etiamsi
3488 657 3628 710 culta

2046 718 2118 773 illi
2137 721 2244 775 sint
2273 721 2355 776 his
2395 726 2665 793 meliores,
2699 733 2936 785 venturis
2965 742 3141 790 tamen
3173 738 3328 808 longe
3349 752 3474 798 sunt
3499 745 3648 800 infe--

2046 812 2236 881 riores,
2267 823 2320 869 et
2342 827 2596 885 quantum
2626 821 2822 876 veritas
2850 824 3014 892 ﬁgura
3063 829 3252 883 melior
3280 841 3380 886 est.
3410 834 3486 888 De
3528 836 3601 891 Ec
3624 867 3639 877 -

2046 903 2206 958 elesia
2236 920 2364 960 vero
2408 906 2662 979 loquitur,
2689 912 2810 980 quia
2861 930 2982 968 vera
3015 917 3229 988 Deoqne
3270 933 3623 982 consentanea

2045 992 2285 1049 adoratio
2315 996 2401 1049 illa
2432 997 2546 1067 ipsa
2568 1009 2664 1053 est.
2704 1000 2843 1055 Nam
2870 1002 3028 1058 Pater
3056 1007 3180 1062 tales
3201 1012 3380 1079 quaerit
3399 1014 3630 1067 adorato-

2044 1098 2142 1136 res.
2173 1083 2312 1155 Ergo
2338 1087 2383 1140 si
2407 1089 2539 1143 tales
2568 1093 2861 1160 quaerebat,
2886 1111 2993 1150 non
3022 1112 3091 1153 ex
3120 1100 3396 1157 voluntate
3416 1106 3626 1173 propria

2045 1173 2150 1230 illis
2178 1176 2305 1232 olim
2337 1179 2494 1234 talem
2522 1185 2787 1237 concessit
2809 1186 3049 1252 modum,
3076 1190 3169 1245 sed
3184 1205 3250 1247 ex
3281 1192 3628 1264 indulgentia,

2046 1273 2102 1319 ut
2145 1266 2245 1321 hos
2296 1268 2457 1324 etiam
2508 1270 2886 1331 introduceret.
2919 1276 3145 1344 Quinam
3194 1296 3322 1351 ergo
3362 1292 3487 1338 sunt
3513 1287 3627 1340 veri

2044 1357 2396 1414 adoratorcs?
2419 1363 2517 1427 Qui
2538 1364 2740 1420 cultum
2780 1382 2884 1421 non
2931 1369 3049 1424 loco
3082 1371 3541 1441 circumscribunt,
3568 1391 3633 1431 ac

2046 1446 2211 1501 Deum
2264 1452 2316 1502 in
2360 1452 2550 1519 spiritu
2594 1454 2812 1520 colunt;
2859 1458 2996 1512 sicut
3048 1469 3103 1514 et
3140 1460 3335 1517 Paulus
3377 1464 3491 1519 ait:
3536 1465 3631 1519 Cui

2044 1539 2202 1589 servio
2218 1539 2269 1590 in
2290 1539 2471 1608 spiritu
2495 1558 2623 1607 meo,
2646 1544 2699 1597 in
2722 1548 2976 1616 evangelio
2996 1546 3122 1603 Filii
3133 1552 3246 1614 eius
3268 1551 3444 1622 (Rom.
3470 1556 3521 1610 1.
3539 1556 3592 1621 9)
3614 1571 3629 1619 :

2045 1634 2099 1680 et
2145 1627 2333 1681 iterum
2355 1670 2370 1693 ,
2416 1628 2637 1685 Obsecro
2667 1649 2753 1688 vos
2801 1645 2855 1688 ut
2884 1638 3158 1694 exhileatis
3202 1657 3416 1711 corpora
3468 1656 3633 1699 vestra

2044 1719 2259 1772 hostiam
2281 1721 2539 1785 viventem,
2557 1722 2665 1777 Deo
2687 1727 2984 1796 placentem,
3017 1731 3314 1786 rationabile
3340 1734 3631 1802 obsequium

2044 1818 2258 1861 vestrum
2287 1809 2447 1880 (Ibid.
2479 1811 2565 1866 ιε.
2601 1815 2674 1883 1).
2709 1815 2844 1869 Cum
2873 1826 3048 1872 autem
3077 1820 3225 1887 dicit,
3267 1821 3357 1877 24.
3405 1823 3631 1894 Spiritus

2044 1908 2116 1953 est
2147 1897 2310 1963 Deus.
2352 1903 2482 1958 nihil
2532 1904 2672 1959 aliud
2710 1921 2870 1976 quam
2919 1908 3293 1978 incorporeum
3348 1914 3627 1983 significat.

2042 1987 2264 2058 Oportet
2295 1991 2455 2062 igitur
2476 1994 2777 2065 incorporei
2798 1999 3000 2053 cultum
3026 2002 3187 2057 etiam
3214 2003 3374 2059 talem
3403 2019 3543 2071 esse,
3575 2016 3632 2059 et

2044 2096 2140 2150 per
2168 2081 2220 2135 id
2249 2082 2391 2151 quod
2421 2083 2792 2155 incorporeum
2823 2089 2875 2143 in
2903 2090 3058 2145 nobis
3085 2102 3167 2146 est
3190 2092 3402 2158 oﬁ‘erri;
3446 2094 3497 2149 id
3522 2105 3625 2160 est,

2047 2186 2142 2239 per
2168 2173 2400 2227 animam
2423 2183 2476 2229 et
2502 2190 2598 2247 per
2640 2179 2837 2233 mentis
2864 2180 3171 2249 puritatem.
3202 2181 3405 2238 Idcirco
3425 2185 3499 2238 ait
3518 2202 3530 2216 ·
3563 2183 3630 2238 Et

2044 2260 2338 2316 adoratorcs
2376 2263 2505 2333 ejus,
2534 2266 2585 2320 in
2613 2267 2797 2335 spiritu
2836 2278 2885 2322 et
2910 2271 3115 2324 veritate
3158 2280 3351 2340 oportet
3391 2272 3626 2329 adorare.

2044 2351 2178 2404 Cum
2205 2353 2347 2406 enim
2378 2362 2431 2408 et
2462 2354 2535 2409 illi
2565 2365 2620 2411 et
2646 2356 2814 2411 Judaei
2845 2359 3076 2414 animam
3106 2361 3456 2431 negligerent,
3490 2366 3628 2418 tuui-

2046 2449 2260 2512 tamque
2301 2446 2544 2515 corporis
2590 2462 2772 2502 curam
2823 2459 3091 2521 gererent,
3134 2452 3411 2524 ipsumque
3456 2458 3631 2511 omni-

2049 2534 2204 2589 mode
2230 2546 2535 2606 purgarent,
2562 2538 2692 2593 dicit
2713 2554 2817 2594 non
2847 2543 3088 2610 corporis
3114 2544 3368 2614 puritate,
3416 2546 3508 2601 sed
3539 2547 3630 2604 illo

2046 2627 2187 2695 quod
2216 2630 2585 2700 incorporeum
2624 2635 2674 2687 in
2721 2634 2876 2690 nobis
2917 2645 3020 2702 est,
3068 2638 3272 2693 scilicet
3321 2650 3518 2705 mente,
3547 2642 3630 2698 itt-

2047 2731 2364 2785 corporeum
2395 2734 2514 2776 esse
2542 2721 2843 2778 colendum.
2866 2723 2945 2780 Ne
2974 2726 3152 2795 itaque
3171 2742 3298 2783 oves
3325 2739 3380 2784 et
3408 2730 3626 2799 vitulos,

2047 2806 2142 2860 sed
2166 2807 2389 2877 teipsutn
2420 2808 2554 2865 oﬁ'er
2582 2811 2690 2866 Deo
2711 2812 2760 2866 in
2791 2814 3156 2871 holocaustum
3190 2835 3204 2871 :
3236 2817 3337 2875 hoc
3370 2830 3453 2875 est
3484 2822 3625 2876 enim

2051 2896 2277 2951 hostium
2304 2901 2566 2954 viventem
2594 2902 2863 2958 exhibere.
2915 2906 2970 2958 ln
2997 2908 3217 2970 veritate
3252 2924 3478 2980 namque
3501 2911 3630 2968 ado-

2047 3003 2167 3042 rare
2194 2997 2420 3057 oportet.
2457 2989 2525 3044 Ut
2575 2993 2747 3060 priora
2781 3003 2936 3064 typus
2962 3006 3133 3062 erant,
3180 3015 3372 3070 nempe
3398 3002 3626 3056 cireum-

2045 3079 2200 3146 cisio,
2239 3079 2569 3148 holocausta,
2622 3084 2904 3151 sacriﬁcia,
2949 3088 3260 3156 incensum;
3295 3108 3435 3148 nunc
3484 3103 3630 3150 certe

2049 3187 2154 3224 non
2184 3172 2341 3236 item;
2372 3172 2465 3227 sed
2491 3175 2668 3228 omnia
2691 3176 2908 3232 veritas.
2941 3179 3055 3233 Non
3077 3182 3218 3235 enim
3245 3198 3371 3237 caro
3394 3185 3625 3240 circum-

2050 3261 2294 3326 cidenda,
2337 3262 2429 3317 sed
2476 3264 2721 3333 maliguze
2748 3268 3119 3337 cogitationes,
3147 3286 3210 3326 ac
3232 3273 3467 3342 seipsum
3497 3289 3627 3329 cru»

2049 3350 2265 3420 ciﬁgere
2283 3363 2516 3420 oportet,
2549 3353 2913 3427 absurdasque
2938 3361 3395 3429 concupiscentias
3439 3364 3631 3421 tollere

2048 3450 2103 3495 et
2126 3442 2419 3497 immolare.
2455 3443 2581 3497 Haec
2612 3445 2823 3500 mulieri
2858 3449 3083 3504 obscura
3106 3450 3217 3505 visa
3257 3460 3419 3507 sunt:
3450 3454 3627 3509 dicto-

2050 3546 2166 3584 rum
2198 3530 2578 3585 sublimitatem
2598 3547 2702 3586 non
2733 3547 3017 3605 assequuta
3048 3539 3159 3605 illa,
3179 3548 3233 3594 et
3255 3539 3482 3608 luerens,
3505 3543 3630 3597 audi

2049 3622 2174 3691 quid
2218 3622 2359 3676 dicat
2407 3640 2421 3677 :
2466 3623 2556 3678 25.
2591 3624 2709 3679 Scio
2761 3629 2880 3694 quia
2908 3629 3039 3681 venit
3083 3629 3297 3686 Messias
3320 3634 3409 3700 qui
3450 3634 3631 3688 dicitur

2049 3711 2278 3767 Christus
2300 3729 2318 3767 :
2338 3729 2449 3766 cum
2474 3716 2657 3768 venerit
2684 3716 2789 3784 ille,
2819 3720 3134 3775 annmttiabit
3159 3723 3301 3778 nobis
3326 3726 3518 3784 omnia.
3538 3726 3629 3781 26.

2053 3802 2187 3857 Dicit
2207 3806 2252 3857 ei
2270 3802 2422 3859 Iesus
2440 3820 2459 3859 :
2484 3804 2591 3876 Ego
2601 3822 2710 3861 sum
2727 3808 2812 3877 qui
2838 3809 3018 3880 loquor
3041 3821 3220 3867 tecum.
3238 3814 3303 3869 Et
3324 3815 3463 3871 unde
3481 3815 3632 3871 Chri.

2050 3897 2114 3948 sti
2156 3895 2442 3951 adventum
2493 3899 2877 3967 exspectabant
2927 3901 3265 3969 Samaritaui,
3315 3893 3417 3973 qui
3453 3907 3625 3960 solum

2051 3986 2285 4056 Moysem
2322 3988 2683 4056 recipiebant?
2713 3989 2795 4043 Ex
2820 3991 2948 4059 ipsis
2991 3991 3187 4062 Moysis
3232 3993 3466 4063 scriptis.
3497 3995 3629 4049 Nam

2052 4080 2102 4141 in
2132 4080 2392 4149 principio
2422 4079 2613 4133 Filium
2644 4083 2916 4137 revelavit.
2950 4082 3084 4136 Illud
3134 4086 3315 4138 enim:
3362 4084 3635 4140 Faciamus

2054 4169 2302 4224 hominem
2345 4168 2414 4221 ad
2438 4169 2707 4237 imaginem
2738 4180 2783 4223 et
2821 4171 3197 4227 similitudinem
3228 4183 3450 4236 nostram
3481 4175 3631 4245 (Cen.

2056 4264 2106 4317 l.
2134 4261 2253 4333 26),
2288 4262 2352 4315 ad
2385 4261 2575 4315 Filium
2605 4262 2805 4315 dictum
2838 4261 3040 4328 fuerat;
3068 4274 3119 4319 et
3140 4265 3445 4320 Abrahamo
3472 4267 3522 4322 in
3551 4277 3633 4322 ta-

2053 4351 2342 4408 bernaculo
2369 4351 2535 4406 Filius
2564 4351 2832 4421 loquitur;
2881 4363 2936 4406 et
2981 4353 3148 4408 Jacob
3175 4354 3244 4409 de
3283 4355 3372 4409 illo
3402 4357 3633 4425 prophe-

2054 4446 2156 4498 tice
2172 4442 2412 4513 prasdicit
2444 4460 2458 4496 :
2492 4441 2612 4497 Non
2640 4443 2838 4509 deﬁciet
2854 4444 3089 4514 princeps
3119 4444 3182 4498 de
3196 4444 3227 4497 J
3237 4446 3359 4509 uda,
3406 4462 3497 4500 nec
3526 4448 3634 4500 dua:

2053 4536 2113 4589 de
2143 4536 2414 4605 femoribus
2439 4536 2568 4606 ejus,
2602 4536 2759 4590 donec
2787 4538 2949 4590 veniat
2981 4538 3023 4590 is
3063 4537 3146 4591 cui
3175 4538 3445 4607 repositum
3469 4548 3561 4605 est,
3587 4548 3633 4593 et

2051 4628 2159 4696 ipse
2197 4627 2499 4697 exspectatio
2527 4628 2767 4697 gentium.
2802 4627 2955 4697 (Cen.
2985 4627 3074 4682 l9.
3122 4629 3236 4698 10).
3284 4629 3399 4698 ipse
3422 4644 3635 4699 quoque

2051 4718 2261 4788 Moyses
2280 4718 2355 4771 ait
2381 4735 2394 4771 :
2427 4716 2737 4787 PrOphetam
2752 4720 2888 4773 vobis
2908 4720 3164 4774 suscitabit
3193 4720 3438 4775 Dominus
3457 4719 3599 4776 Deus
3612 4763 3628 4785 ,

2052 4810 2115 4862 de
2141 4808 2383 4877 fratribus
2413 4810 2587 4862 vestris
2611 4810 2738 4863 sicut
2764 4826 2875 4872 me;
2899 4812 3066 4879 ipsum
3090 4812 3304 4867 audietis
3331 4812 3507 4883 (Deut.
3543 4813 3632 4867 18.

2054 4898 2165 4967 15).
2191 4898 2319 4952 Item
2347 4913 2464 4967 quae
2490 4898 2557 4952 de
2577 4908 2846 4966 serpente.
2876 4900 2942 4953 de
2963 4900 3105 4969 virga
3140 4900 3339 4973 Moysis
3357 4901 3455 4961 ,de
3488 4900 3633 4954 Isaac

2051 4988 2190 5043 etde
2215 5003 2334 5052 ove,
2382 4988 2653 5057 multaque
2694 4989 2818 5050 alia,
2859 4990 2977 5057 quis
3006 4990 3256 5058 colligere
3302 4990 3488 5058 possit,
3513 5005 3633 5058 quae

2054 5080 2337 5135 adventum
2383 5079 2520 5133 illius
2576 5079 2957 5146 praedicebant.
2993 5080 3058 5133 Et
3111 5096 3244 5143 cur,
3274 5081 3499 5147 inquies,
3550 5079 3632 5134 his

2052 5170 2294 5225 Christus
2333 5185 2438 5224 non
2463 5183 2588 5223 usus
2613 5179 2696 5223 est
2727 5178 2783 5222 nt
2809 5170 3016 5223 mulieri
3048 5169 3314 5233 suaderet,
3342 5167 3434 5221 sed
3461 5167 3623 5223 Nico-

2052 5264 2210 5318 demo
2240 5271 2541 5330 serpentem
2558 5262 2810 5330 protulit,
2840 5261 3148 5315 Natbanaeli
3168 5260 3631 5329 prophetiascom-

2054 5353 2397 5415 memoravit;
2424 5352 2546 5406 huic
2579 5367 2710 5405 vero
2732 5352 2860 5404 nihil
2892 5352 3066 5404 simile
3097 5350 3271 5404 dixit?
3298 5350 3405 5405 Cur
3432 5363 3486 5405 et
3524 5369 3627 5422 qua

2051 5442 2119 5496 de
2147 5443 2341 5497 causa?
2370 5442 2501 5507 Quia
2531 5441 2602 5494 illi
2621 5441 2715 5493 viri
2744 5449 2915 5503 erant,
2966 5438 3053 5507 qui
3086 5439 3136 5491 in
3169 5437 3250 5493 his
3278 5441 3629 5495 versabantur

2052 5535 2242 5598 rebus;
2291 5532 2403 5584 haec
2440 5547 2565 5585 vero
2596 5519 2789 5582 mulier
2834 5528 3006 5596 inops,
3040 5530 3205 5593 rutlis,
3235 5530 3626 5599 Scripturarum

2052 5641 2263 5694 expers.
2289 5623 2518 5691 Ideoque
2536 5636 2640 5673 non
2673 5620 2759 5673 illa
2782 5619 3060 5673 mulierem
3078 5621 3349 5690 alloquens
3369 5622 3582 5675 adhibet
3608 5640 3624 5686 ;

2053 5719 2144 5770 sed
2177 5734 2238 5770 ex
2269 5730 2402 5782 aqua
2435 5727 2607 5778 exque
2653 5710 2929 5781 prophetia
2989 5711 3131 5764 illam
3159 5714 3401 5775 attrahit,
3433 5726 3496 5765 ac
3532 5725 3630 5782 per

2059 5810 2141 5862 illa
2178 5807 2440 5859 Christum
2482 5804 2531 5855 in
2575 5800 2880 5855 memoriam
2915 5811 3149 5865 revocat,
3182 5817 3244 5855 ac
3272 5804 3503 5871 scipsum
3535 5799 3628 5849 dc—
