4068 6136
455 352 552 408 I91

457 482 602 521 mum
658 465 876 520 revelat.
933 464 1061 531 Quae
1109 466 1154 520 si
1200 468 1350 521 initio
1399 482 1502 521 non
1530 467 1785 537 quaerenti
1827 464 2032 520 mulieri

455 557 692 622 dixisset,
719 556 864 610 visus
895 555 1081 611 fuisset
1108 557 1156 612 ei
1181 557 1407 612 delirare
1437 568 1488 612 et
1519 557 1683 610 iutilia
1706 557 1868 628 loqui.
1889 557 2038 612 Nunc

453 655 630 700 autem
695 645 946 714 paulatim
978 645 1051 698 illi
1100 647 1412 700 memoriam
1467 660 1744 711 revocans,
1777 657 2036 714 oportune

452 752 572 791 sese
599 737 818 790 revelat.
847 736 912 790 Et
940 736 1152 805 quidem
1182 737 1380 791 Judazis
1406 752 1548 805 saepe
1575 737 1894 802 dicentibus,
1934 735 2036 791 Us-

452 843 647 898 quequo
701 827 924 880 animum
980 838 1206 881 nostram
1263 827 1440 882 tollis?
1468 826 1564 880 Dic
1617 827 1756 881 nobis
1800 829 1844 881 si
1903 838 1956 880 tu
1989 845 2038 882 es

455 919 686 972 Christus
719 916 894 988 (Joan.
956 918 1038 972 10.
1078 917 1169 988 2i)
1201 937 1214 970 :
1247 917 1328 971 bis
1378 933 1482 971 non
1531 918 1675 972 clare
1723 917 2034 986 respondit;

455 1010 581 1063 huic
607 1024 735 1063 vero
763 1008 1045 1064 manifeste
1061 1010 1193 1064 dixit
1213 1025 1272 1064 se
1296 1009 1562 1064 Christum
1595 1024 1714 1063 esse
1739 1029 1751 1062 :
1785 1025 1904 1063 nam
1928 1023 2038 1062 me-

455 1101 556 1153 lius
582 1099 773 1153 ali'ecta
801 1100 992 1153 mulier
1015 1109 1150 1166 erat,
1175 1115 1331 1169 quam
1362 1098 1550 1156 Judzci.
1568 1099 1646 1152 llli
1672 1100 1812 1152 enim
1841 1113 1944 1152 non
1969 1096 2035 1151 ad

453 1189 763 1243 discendum
793 1190 1099 1258 quazrebant
1118 1222 1131 1246 ,
1159 1189 1252 1244 sed
1275 1198 1330 1242 ut
1357 1188 1528 1258 ipsum
1557 1205 1768 1257 semper
1792 1188 2038 1241 traduce-

456 1290 592 1333 rent.
616 1279 745 1334 Nam
773 1281 818 1334 si
853 1283 1062 1336 discere
1087 1281 1400 1342 voluissent,
1431 1281 1558 1333 satis
1585 1279 1771 1334 fuisset
1800 1280 2034 1333 doctrina

453 1370 760 1434 verborum,
793 1370 1211 1439 Scripturarmn,
1235 1369 1526 1437 signorum.
1548 1370 1637 1422 llla
1660 1384 1786 1423 vero
1811 1369 2038 1436 simplici

453 1470 634 1516 mente
659 1470 714 1515 et
734 1461 946 1514 sincero
972 1460 1163 1514 alfectu
1187 1461 1524 1529 loquebatur,
1564 1470 1619 1515 ut
1647 1461 1820 1528 palam
1849 1470 1931 1516 est
1971 1477 2038 1515 ex

456 1550 522 1604 iis
554 1565 672 1620 qua:
696 1559 878 1618 postea
906 1550 1052 1604 fecit.
1085 1549 1218 1603 Nam
1248 1551 1448 1603 audivit
1477 1559 1528 1603 et
1557 1551 1800 1615 credidit,
1830 1561 1883 1606 ct
1904 1552 2038 1608 alios

455 1639 522 1692 ad
555 1640 883 1694 credendum
915 1639 1140 1704 induxit,
1172 1641 1222 1692 in
1247 1641 1599 1709 omnibusque
1626 1641 1806 1696 videre
1823 1653 1905 1696 est
1925 1659 2040 1697 mu.

454 1727 597 1782 lieris
625 1729 958 1797 diligentiam
985 1738 1041 1782 et
1067 1728 1249 1782 ﬁdem.
1279 1729 1370 1782 27.
1419 1727 1486 1781 Et
1511 1736 1747 1783 continuo
1800 1743 2037 1786 venerunt

454 1819 688 1886 discipuli
714 1820 840 1888 ejus.
867 1818 1210 1886 Tempestive
1240 1819 1606 1884 advenerunt,
1646 1835 1767 1875 eum
1797 1822 2037 1894 doctrina

453 1907 561 1975 jam
591 1907 828 1976 perfecte
859 1908 1047 1961 tradita
1101 1917 1265 1962 esset.
1317 1908 1389 1961 Et
1417 1909 1731 1963 mirabantur
1764 1914 1899 1981 quod
1926 1931 2040 1968 cum

453 1998 666 2052 muliere
703 1998 1005 2066 loqueretur.
1046 1997 1211 2052 Nemo
1263 2007 1428 2052 tamen
1467 2001 1613 2068 dixit,
1647 2001 1782 2066 Quid
1817 2005 2041 2072 quieris?

452 2097 558 2150 aut,
595 2087 729 2152 Quid
755 2088 978 2156 loqueris
1011 2104 1126 2140 cum
1151 2105 1209 2141 ea
1235 2089 1262 2142 ?

513 2178 576 2232 ‘5.
607 2177 741 2244 Quid
769 2179 1135 2232 mirabantur?
1164 2178 1888 2248 Facilitatem,humilitatem
1918 2194 2032 2240 tan-

452 2277 559 2320 tam
582 2283 598 2330 ;
625 2267 768 2334 quod
791 2275 895 2320 tam
925 2269 1243 2337 conspicuus
1285 2284 1406 2323 cum
1446 2280 1609 2337 esset,
1663 2288 1730 2327 eo
1764 2288 1822 2327 se
1850 2273 2040 2330 demit~

453 2367 568 2410 tere
615 2357 942 2425 dignaretur,
975 2368 1032 2410 ut
1062 2357 1337 2412 mulierem
1383 2362 1615 2428 inopem,
1653 2362 2039 2418 Samaritanam

453 2445 832 2514 alloqueretur.
891 2446 1145 2501 Attamen
1186 2447 1306 2502 licet
1351 2447 1661 2517 stupefacti,
1700 2466 1911 2506 causam
1936 2469 2038 2508 non

453 2534 812 2604 quaesierunt;
845 2536 914 2589 ita
946 2552 1139 2606 nempe
1165 2537 1391 2593 instituti
1436 2551 1586 2593 erant
1611 2582 1626 2607 ,
1657 2550 1712 2595 ut
1750 2542 2038 2614 discipulo-

453 2637 570 2676 rum
592 2638 803 2692 semper
824 2625 1066 2680 ordinem
1097 2635 1339 2682 tenerent
1364 2647 1376 2681 :
1407 2629 1478 2682 ita
1502 2630 1672 2698 ipsum
1701 2633 1956 2689 timebant
1977 2652 2040 2692 ac

455 2712 857 2767 reverebantur.
903 2715 1123 2770 Etiamsi
1172 2719 1314 2771 enim
1369 2719 1606 2774 nondum
1654 2722 1868 2791 dignam
1922 2727 2037 2795 ejus

455 2802 903 2857 existimationem
965 2806 1259 2872 haberent,
1331 2817 1386 2861 at
1447 2811 1598 2878 quasi
1669 2812 2038 2871 admirandum

457 2893 740 2962 quemdam
767 2896 937 2948 virum
961 2896 1133 2965 ipsum
1163 2898 1523 2967 suspiciebant
1553 2901 2036 2975 observabantque.

459 2986 713 3037 Attamen
742 2998 884 3055 saepe
914 2987 1254 3041 audentiores
1295 2988 1393 3041 visi
1419 2997 1564 3053 sunt,
1593 3001 1649 3043 ut
1669 3006 1788 3044 cum
1810 2993 2041 3052 Joannes

460 3085 619 3140 supra
649 3082 836 3141 pectus
870 3074 984 3142 ejus
1008 3076 1287 3140 recubuit;
1329 3085 1383 3130 et
1421 3091 1539 3131 cum
1589 3093 1928 3137 accesserunt
1975 3088 2041 3142 ad

459 3178 581 3217 eum
603 3165 856 3228 dicentes,
883 3165 1009 3231 Quis
1026 3170 1188 3234 maior
1205 3177 1276 3221 est
1296 3169 1351 3221 in
1371 3187 1522 3240 regno
1541 3173 1779 3228 ctelorum
1808 3177 1828 3248 (
1852 3177 2039 3234 Matth.

460 3254 548 3308 18.
577 3256 600 3308 1
628 3255 680 3322 )‘l
725 3269 846 3308 cum
883 3257 973 3309 lilii
1001 3257 1241 3313 Zcbeda:i
1286 3271 1475 3331 rogant
1508 3273 1564 3316 ut
1591 3266 1727 3320 alter
1760 3283 1789 3321 a
1819 3269 2039 3340 dextris,

461 3341 599 3397 alter
637 3358 666 3397 a
706 3345 937 3399 sinistris
962 3346 1144 3402 sedeat
1173 3349 1366 3418 (Jlarc.
1397 3352 1482 3406 10.
1518 3355 1602 3408 55.
1635 3357 1700 3410 57
1723 3357 1763 3428 ).
1790 3359 1896 3413 Cur
1916 3377 2043 3433 ergo

461 3435 547 3489 hic
589 3450 692 3488 non
755 3437 1186 3508 interrogarunt?
1237 3441 1369 3509 Quia
1421 3457 1542 3501 tunc
1604 3463 1724 3503 cum
1773 3453 1839 3507 de
1885 3457 2044 3512 rebus

460 3527 569 3581 suis
597 3539 864 3595 ageretur,
907 3533 1215 3587 necessario
1273 3537 1710 3606 sciscitabantur;
1757 3543 1842 3599 hic
1867 3556 2042 3603 autem

460 3632 546 3670 res
591 3619 719 3672 nihil
762 3620 825 3672 ad
865 3635 957 3674 eos
1006 3625 1324 3690 pertinebat.
1375 3627 1609 3686 Joannes
1648 3643 1824 3690 autem
1876 3640 2046 3697 multo

461 3717 584 3774 post
614 3716 852 3775 tempore
882 3709 982 3761 hoc
1012 3711 1186 3767 facere
1213 3717 1436 3785 solebat,
1471 3723 1682 3789 quando
1704 3725 1899 3782 Christi
1920 3745 2043 3800 erga

461 3810 522 3849 se
562 3796 848 3882 dilec.tione
891 3799 1078 3864 fretus,
1111 3805 1279 3872 magis
1320 3806 1513 3863 fidebat
1548 3829 1561 3863 ε
1595 3811 1694 3865 Hic
1721 3816 1854 3869 enim
1903 3796 2044 3886 erat,

460 3885 649 3953 inquit,
693 3903 837 3956 quem
880 3890 1117 3960 diligebat
1165 3893 1316 3948 Jesus
1367 3895 1561 3966 (Joau.
1624 3903 1711 3957 19.
1747 3903 1877 3975 26).
1909 3885 2047 3973 Quid

460 3975 584 4028 huic
639 3975 950 4032 beatitudini
979 3981 1110 4048 par?
1163 3981 1356 4038 Verum
1404 4002 1506 4041 non
1530 3989 1621 4044 hic
1646 3993 1865 4060 gradum
1897 3997 2051 4052 sista-

459 4080 600 4132 mus,
632 4066 834 4136 dilecti,
864 4078 921 4123 ut
963 4075 1262 4140 apostolum
1306 4077 1515 4134 beatum
1547 4085 1925 4154 pracdicemus;
1955 4091 2049 4146 sed

462 4157 596 4211 nihil
624 4173 729 4213 non
759 4175 978 4230 agamus
1005 4172 1061 4217 ut
1085 4164 1136 4218 in
1184 4166 1461 4223 beatorum
1505 4189 1730 4230 numero
1763 4193 2048 4236 accensea-

461 4265 608 4316 mur;
634 4250 902 4306 imitemur
922 4259 1324 4327 evangelistam,
1350 4272 1400 4316 et
1429 4264 1701 4323 videamus
1729 4272 1854 4340 quid
1877 4288 2051 4328 causa:

460 4339 636 4405 fuerit,
662 4341 800 4409 quod
836 4350 1033 4398 tantam
1061 4349 1158 4401 sibi
1191 4349 1387 4404 Christi
1439 4339 1780 4413 dilectionem
1811 4363 2052 4419 attrahe-

461 4437 570 4483 ret.
597 4429 850 4494 Quaenam
898 4449 1054 4487 causa
1086 4435 1223 4491 fuit?
1253 4439 1464 4494 Patrem
1512 4446 1721 4513 reliquit
1747 4461 1798 4503 et
1839 4455 2053 4508 navicu-

463 4518 567 4570 lam
598 4525 652 4570 et
678 4529 814 4584 rete,
845 4529 901 4572 et
935 4521 1117 4576 Jesum
1148 4538 1405 4594 sequutus
1457 4541 1561 4584 est.
1609 4532 1802 4590 Verum
1846 4540 1947 4596 hoc
1977 4544 2050 4597 illi

468 4620 754 4659 commune
783 4622 903 4662 eum
942 4610 1105 4666 fratre
1149 4630 1245 4668 suo
1273 4627 1424 4683 erat,
1459 4622 1692 4690 itemque
1732 4643 1850 4682 cum
1895 4631 2052 4689 Petro

464 4706 516 4746 et
547 4694 780 4760 Andrea,
817 4707 870 4751 et
901 4714 1020 4753 cum
1058 4705 1268 4758 caeteris
1297 4710 1580 4775 apostolis.
1612 4713 1747 4780 Quid
1797 4732 1924 4787 ergo
1944 4724 2053 4775 exi-

466 4786 630 4838 mium
660 4785 862 4851 habuit,
895 4792 1034 4859 quod
1065 4803 1262 4850 tantam
1295 4797 1394 4866 ipsi
1421 4800 1760 4858 dilectionem
1797 4785 2051 4864 concilia-

466 4879 699 4935 ret?llle
724 4882 790 4937 de
835 4884 1015 4954 seipso
1041 4887 1173 4942 nihil
1213 4890 1516 4959 hujusmodi
1558 4895 1708 4963 dixit,
1739 4901 1837 4954 nisi
1882 4905 2052 4960 solum

463 4975 605 5042 quod
628 4975 966 5047 diligeretur;
996 4998 1213 5040 causam
1245 5002 1372 5041 vero
1399 5004 1494 5043 cur
1523 4990 1832 5062 diligeretur
1865 4999 2051 5054 mode-

464 5078 544 5121 ste
589 5072 768 5125 tacuit.
803 5073 954 5137 Quod
985 5077 1125 5130 enim
1179 5079 1375 5135 eximie
1421 5096 1449 5133 a
1482 5082 1696 5139 Christo
1745 5086 2054 5158 diligeretur

466 5160 715 5215 omnibus
740 5165 911 5232 palam
935 5176 1049 5220 erat
1077 5185 1090 5219 :
1114 5179 1346 5225 attamen
1376 5188 1478 5226 non
1501 5175 1848 5234 observamus
1879 5182 2051 5250 ipsum

466 5247 846 5317 alloquentem,
876 5272 938 5311 ac
977 5261 1200 5313 seorsim
1233 5263 1614 5332 sciscitantem,
1650 5279 1705 5323 ut
1759 5271 1883 5326 fecit
1913 5291 2054 5344 saepe

470 5335 676 5402 Petrus.
711 5353 765 5397 ut
795 5346 1092 5419 Philippus,
1129 5361 1184 5405 ut
1210 5351 1397 5418 ludas,
1430 5364 1486 5409 ut
1513 5356 1778 5426 Thomas;
1806 5365 1902 5417 nisi
1939 5335 2052 5420 tan-

473 5436 584 5479 tum
608 5435 769 5486 semel
797 5437 846 5490 in
869 5443 1090 5507 gratiam
1115 5447 1412 5512 coapostoli
1439 5447 1520 5501 sui
1544 5452 1780 5516 rogantis
1809 5467 1888 5507 se.
1923 5457 2053 5511 Nam

468 5516 724 5576 innuente
753 5531 1113 5594 apostolorum
1143 5537 1449 5607 eoryphmo,
1483 5548 1607 5593 tunc
1638 5546 1941 5599 necessario
1971 5550 2052 5600 in-

470 5613 786 5680 terrogavit;
829 5615 880 5668 hi
919 5621 1059 5674 enim
1083 5632 1266 5678 mutuo
1311 5641 1370 5680 se
1421 5641 1603 5683 amore
1633 5629 1935 5700 diligebant.
1968 5636 2055 5691 Sic

467 5699 522 5752 in
551 5705 799 5775 templum
840 5708 993 5765 simul
1023 5715 1345 5782 ascendisse,
1375 5719 1530 5774 simul
1560 5723 1902 5782 concionatos
1931 5742 2049 5783 esse

1126 351 1181 405 S.
1219 349 1492 406 JOANNIS
1529 347 1992 407 CIIRYSOSTOMI
2032 349 2346 407 ARCIIIEP.
2387 354 2912 416 CONSTANTINOP.

3615 376 3718 435 πη

2147 480 2412 526 narratur.
2445 473 2601 544 Atqui
2630 476 2816 532 Petrus
2843 491 3016 536 tamen
3047 485 3320 543 ardentius
3350 504 3489 560 saepe
3521 502 3575 548 et
3601 511 3721 548 tuo.

2142 570 2293 615 vrtur
2331 572 2384 616 et
2427 564 2658 633 loquitur
2709 587 2720 622 :
2769 584 2830 622 ac
2875 571 3088 626 demum
3140 575 3406 634 Christum
3451 581 3717 639 dicentem

2140 648 2287 703 audit
2337 669 2350 704 :
2390 651 2570 716 Petre,
2629 673 2770 710 amas
2814 676 2892 712 me
2933 662 3046 728 plus
3094 665 3172 718 Itis
3225 669 3417 738 (Joau.
3455 671 3717 745 21.15)?

2141 739 2240 804 Qui
2281 756 2410 794 vero
2437 743 2552 810 plus
2578 749 2788 802 caeteris
2815 749 3098 821 diligebat,
3131 760 3313 825 procul
3346 761 3506 818 dubio
3533 739 3718 836 dilige-

2141 827 2315 884 batur.
2339 831 2531 886 Verum
2563 836 2787 891 alterum
2820 855 2887 894 ex
2912 857 3092 899 amore
3116 861 3237 916 erga
3263 848 3462 917 Jesum,
3495 861 3717 911 alterum

2141 934 2205 974 ex
2233 936 2415 978 amore
2441 926 2566 981 Jesu
2596 944 2720 998 erga
2751 931 2897 986 illum
2930 935 3102 1003 palam
3133 949 3267 994 erat.
3305 944 3440 1010 Quid
3471 963 3596 1018 ergo
3641 951 3718 1005 illi

2141 1009 2281 1066 hunc
2307 1015 2559 1071 eximium
2591 1034 2824 1076 amorem
2853 1029 3198 1085 canciliavit?
3245 1034 3460 1091 Videtur
3480 1039 3608 1094 mihi
3631 1041 3718 1096 ille

2141 1101 2455 1159 modestiam
2503 1115 2558 1161 et
2597 1115 3054 1170 mansuetudinem
3086 1136 3329 1191 magnam
3373 1128 3714 1186 exhibuisse:

2141 1203 2461 1261 quapropter
2498 1212 2638 1268 saepe
2671 1216 2776 1256 non
2808 1204 2877 1258 ita
2906 1206 3073 1264 libere
3111 1221 3166 1266 et
3193 1212 3416 1271 fidenter
3435 1234 3594 1290 agere
3621 1223 3716 1277 de-

2142 1284 2504 1349 prehenditur.
2531 1291 2656 1346 llaec
2696 1306 2889 1363 quanta
2918 1299 2987 1353 sit
3024 1303 3209 1368 virtus,
3241 1322 3304 1362 ex
3337 1284 3516 1382 Moyse
3543 1317 3720 1386 argui-

2143 1382 2228 1425 tur
2256 1391 2270 1426 :
2294 1391 2414 1430 nam
2442 1378 2555 1434 haac
2583 1383 2726 1437 illum
2761 1387 2916 1440 talem
2948 1399 3001 1443 et
3030 1401 3231 1448 tantum
3264 1378 3460 1454 effecit.

2217 1464 2492 1523 Humilitas
2506 1472 2887 1540 fundamentum
2904 1481 3156 1537 virtutum.
3182 1485 3482 1544 Diuitiarum
3500 1496 3711 1551 vanitas.

2143 1551 2478 1627 Eleemosyna
2527 1566 2920 1621 commendatur.
2969 1598 3043 1610 —
3095 1573 3234 1628 Nihil
3287 1593 3380 1644 par
3434 1581 3713 1639 humilitati

2141 1654 2240 1700 est.
2269 1645 2392 1701 Ideo
2417 1649 2541 1705 hinc
2587 1654 2939 1712 beatitudines
2968 1659 3213 1719 Christus
3257 1668 3452 1738 incepit
3481 1673 3498 1740 (
3525 1672 3711 1728 Matth.

2141 1735 2195 1790 5.
2228 1737 2312 1807 ὅ).
2353 1738 2482 1794 Nam
2508 1745 2657 1811 quasi
2687 1747 2894 1802 aedilicii
2939 1753 3152 1807 maximi
3201 1735 3600 1817 fundamentum
3633 1765 3712 1835 ja-

2141 1838 2342 1894 Cturus,
2390 1830 2739 1890 humilitatem
2785 1839 3008 1907 primam
3065 1848 3242 1912 posuit
3313 1849 3480 1906 Nemo
3522 1830 3716 1926 quippe

2143 1929 2315 1987 potest
2343 1921 2543 1992 absque
2566 1927 2653 1980 illa
2681 1929 2904 1985 salutem
2935 1939 3222 2004 consequi;
3247 1941 3340 1995 sed
3367 1945 3574 2000 etiamsi
3599 1951 3717 2018 quis

2139 2011 2489 2081 jejunaverit,
2537 2020 2743 2076 etiamsi
2793 2038 3040 2092 precatus
3089 2030 3159 2085 sit
3216 2033 3717 2111 eleemosynamque

2142 2105 2393 2172 erogarit,
2423 2108 2466 2160 si
2495 2109 2544 2162 id
2574 2113 2801 2180 superbe
2828 2115 3002 2183 faciat,
3032 2119 3145 2174 lucc
3165 2125 3341 2178 omnia
3364 2126 3715 2186 abominanda

2145 2203 2303 2257 Sunt;
2333 2205 2600 2253 utcontra
2634 2202 2677 2254 si
2722 2204 2860 2258 adsit
2905 2206 3191 2275 humilitas,
3243 2216 3420 2269 omnia
3472 2221 3718 2288 optabilia

2143 2287 2494 2359 amabiliaque
2522 2303 2646 2347 sunt
2673 2303 2726 2348 et
2759 2311 2877 2350 cum
2919 2302 3202 2357 securitate
3246 2319 3582 2365 exercentur.
3607 2313 3719 2366 Mo-

2143 2374 2293 2431 deste
2323 2379 2482 2448 igitur
2505 2397 2744 2451 agamus,
2793 2388 2995 2457 dilecti,
3026 2394 3266 2450 modeste
3296 2412 3514 2466 agamus
3539 2419 3550 2454 :
3575 2414 3720 2458 certe

2145 2467 2312 2522 facilis
2340 2471 2454 2526 haec
2478 2474 2646 2529 virtus
2672 2486 2773 2542 est,
2797 2480 2839 2532 si
2867 2481 3161 2550 vigilemus.
3186 2485 3322 2553 Quid
3347 2491 3555 2545 tandem
3587 2494 3720 2550 illud

2144 2568 2260 2624 est,
2294 2565 2364 2614 mi
2395 2562 2575 2630 homo,
2599 2567 2738 2635 quod
2769 2578 2818 2622 te
2857 2571 2906 2623 in
2937 2578 3300 2643 arrogantiam
3354 2583 3600 2638 extollit?
3620 2601 3718 2641 an-

2147 2665 2252 2704 non
2296 2654 2444 2708 vides
2488 2665 2690 2710 natura:
2729 2661 3032 2716 vilitatem?
3071 2666 3395 2734 voluntatem
3423 2673 3488 2727 ad
3519 2675 3718 2744 lapsum

2147 2746 2408 2812 pronam?
2438 2746 2620 2816 Cogita
2649 2762 2872 2805 mortem
2905 2761 3070 2820 tuam,
3107 2768 3444 2825 peccatorum
3483 2767 3722 2821 multitu-

2147 2834 2345 2889 dinem.
2393 2837 2590 2893 Vernm
2621 2841 2859 2897 fortassis
2881 2845 2949 2899 ob
2995 2849 3156 2903 multa
3185 2854 3439 2920 praeclare
3465 2869 3612 2925 gesta
3641 2861 3722 2914 al-

2147 2932 2258 2979 tum
2289 2929 2465 2996 sapis?
2495 2930 2606 2985 Hoc
2635 2933 2750 3000 ipso
2775 2937 2952 2989 omnia
2982 2940 3216 2995 amittes.
3248 2944 3579 3015 Quapropter
3614 2967 3721 3006 non

2148 3024 2253 3069 tam
2280 3023 2546 3087 peccator,
2570 3038 2725 3090 quam
2755 3025 2962 3081 virtutis
3007 3040 3238 3086 sectator
3280 3035 3552 3093 modestia:
3596 3056 3725 3110 0pc-

2148 3123 2262 3160 ram
2289 3107 2415 3164 dare
2435 3109 2612 3166 debet.
2635 3113 2846 3179 Quare“!
2871 3115 3000 3183 Quia
3037 3120 3125 3174 illc
3149 3138 3212 3175 ex
3234 3125 3555 3182 conscientia
3583 3130 3650 3183 ad
3673 3132 3724 3185 id

2153 3200 2393 3266 cogitur;
2444 3199 2531 3254 hic
2561 3218 2708 3267 vero,
2743 3206 2842 3259 nisi
2881 3207 3166 3265 admodum
3193 3213 3391 3282 vigilet,
3437 3219 3543 3272 cito
3573 3235 3670 3274 ceu
3695 3238 3723 3275 a

2153 3297 2311 3341 vento
2331 3291 2577 3358 quapiam
2601 3293 2860 3361 abripitur
2885 3305 2938 3350 et
2954 3300 3241 3368 evanescit,
3272 3304 3408 3359 sicut
3428 3305 3726 3365 Pharisazns

2148 3378 2258 3432 ille.
2289 3379 2393 3434 Sed
2423 3385 2742 3451 pauperibus
2768 3389 2996 3457 erogas?
3039 3390 3234 3447 Verum
3267 3411 3372 3450 non
3405 3409 3513 3466 tua,
3542 3402 3635 3456 sed
3662 3418 3726 3457 ea

2149 3487 2267 3540 qua:
2316 3473 2521 3527 Domini
2577 3485 2733 3540 sunt,
2784 3495 2902 3546 quae
2932 3491 3058 3536 sunt
3102 3487 3376 3542 conservis
3401 3494 3724 3549 communia.

2152 3561 2380 3631 Ideoque
2407 3563 2680 3620 humiliter
2715 3569 3070 3636 sentiendum,
3121 3573 3248 3629 dum
3275 3577 3326 3631 in
3353 3581 3725 3637 contribulium

2151 3652 2558 3721 calamitatibus,
2606 3671 2725 3725 qua:
2762 3658 2857 3712 tibi
2913 3659 3114 3716 instent
3142 3667 3422 3735 prmvides,
3447 3681 3500 3723 et
3525 3680 3728 3727 natura:

2154 3753 2256 3797 tuae
2281 3744 2641 3801 conditionem
2677 3747 2727 3800 in
2758 3749 2874 3803 aliis
2895 3750 3108 3806 ediscis.
3139 3754 3387 3812 Fortasse
3413 3775 3510 3814 nos
3535 3761 3729 3816 talibus

2152 3835 2253 3887 orti
2294 3850 2477 3890 sumus
2524 3839 2973 3906 progenitoribus.
3018 3843 3166 3910 Quod
3209 3848 3255 3902 si
3304 3849 3503 3907 divitia.-
3540 3854 3605 3908 ad
3633 3871 3730 3909 nos

2155 3926 2434 3989 transiere,
2471 3928 2588 3981 illas
2633 3929 2771 3983 haud
2816 3931 2976 3988 dubie
3017 3937 3397 4007 relinquemus.
3439 3944 3575 4009 Quid
3603 3961 3731 4000 vero

2153 4025 2276 4069 sunt
2299 4016 2534 4071 divitiae?
2563 4019 2754 4073 Umbra
2797 4023 2968 4078 inanis
2992 4068 3005 4092 ,
3051 4027 3226 4084 fumus
3253 4046 3579 4091 evanescens
3633 4037 3729 4091 llos

2155 4105 2304 4173 faeni,
2349 4109 2455 4162 imo
2483 4109 2615 4164 ﬂore
2639 4121 2764 4166 sunt
2788 4116 3024 4172 viliores.
3055 4120 3162 4175 Cur
3187 4122 3252 4177 de
3281 4123 3427 4180 ϊωηο
3453 4127 3616 4182 altum
3641 4145 3729 4184 sa-

2079 4195 2275 4264 «pis?
2299 4196 2485 4254 Nonne
2515 4209 2567 4254 et
2608 4199 2835 4267 furibus,
2864 4215 2920 4259 et
2965 4209 3236 4278 mollibus,
3264 4223 3318 4268 et
3361 4219 3731 4275 meretricibus

2156 4295 2209 4340 et
2231 4289 2593 4356 sepulcrorum
2622 4293 2968 4352 elfossoribus
2995 4298 3193 4356 divitia:
3213 4305 3507 4362 accedunt?
3537 4309 3732 4366 ideone

2158 4376 2464 4433 intumescis
2490 4381 2630 4450 quod
2662 4384 2795 4440 tales
2825 4401 2983 4454 opum
3032 4403 3309 4449 consortes
3337 4394 3577 4453 habeas?
3627 4400 3730 4456 Sed

2158 4465 2374 4523 honoris
2395 4471 2617 4538 cupidus
2638 4474 2734 4528 es?
2768 4475 2960 4532 Verum
2989 4481 3119 4535 nihil
3162 4486 3226 4537 ad
3252 4485 3504 4542 honorem
3536 4504 3732 4558 oppor-

2158 4558 2334 4610 tunius
2351 4561 2706 4632 eleemosyna.
2737 4565 2866 4620 Nam
2898 4568 3131 4627 honores
3150 4589 3216 4629 ex
3243 4575 3440 4632 divitiis
3461 4589 3514 4632 et
3541 4591 3730 4648 poten-

2159 4647 2229 4699 tia
2257 4650 2410 4714 parti,
2442 4654 2609 4707 coacti
2641 4666 2764 4710 sunt
2793 4667 2846 4714 et
2873 4660 3075 4728 odiosi;
3105 4664 3159 4719 hi
3185 4681 3310 4721 vero
3335 4684 3400 4723 ex
3433 4647 3654 4728 arbitrio
3679 4685 3734 4729 et

2158 4741 2481 4796 conscientia
2512 4743 2884 4805 honorantium
2917 4755 3212 4821 prodeunt,
3245 4775 3378 4827 quos
3422 4777 3488 4815 ne
3532 4763 3566 4817 ii
3614 4767 3734 4834 qui-

2159 4828 2278 4882 dem
2328 4833 2417 4900 qui
2467 4835 2730 4893 honorant
2786 4841 2853 4896 de
2895 4846 3069 4899 medio
3104 4850 3290 4905 tollere
3318 4864 3556 4921 possunt.
3581 4828 3732 4923 Quod

2159 4920 2201 4973 si
2231 4921 2470 4979 homines
2499 4935 2696 4983 tantam
2729 4948 2852 5003 erga
2899 4937 3295 5012 eleemosynam
3338 4959 3620 5014 erogantes
3649 4965 3735 5006 re-

2161 5015 2452 5070 verentiam
2475 5017 2687 5083 habent,
2717 5034 2770 5077 et
2795 5028 2971 5081 omnia
3009 5029 3138 5098 ipsis
3169 5032 3305 5089 bona
3332 5051 3686 5108 apprecantur
3717 5061 3732 5096 :

2158 5103 2329 5170 cogita
2379 5119 2628 5174 quantam
2658 5126 2686 5163 a
2717 5113 2944 5182 benigno
2983 5119 3090 5172 Deo
3135 5103 3434 5180 mercedem
3465 5134 3731 5198 accepturi

2158 5194 2284 5256 sint,
2317 5211 2472 5264 quam
2514 5202 2935 5259 retributionem.
2972 5209 3076 5264 llas
3120 5228 3248 5282 ergo
3269 5232 3566 5284 quaeramus
3595 5222 3734 5276 divi-

2161 5283 2259 5338 tias
2309 5298 2519 5356 semper
2548 5302 2843 5357 manentes,
2873 5311 3157 5366 numquam
3201 5283 3491 5369 fugientes;
3517 5318 3651 5364 utet
3677 5312 3729 5365 in

2161 5373 2258 5428 hac
2304 5379 2407 5432 vita
2452 5383 2645 5449 magni,
2697 5393 2749 5437 et
2797 5385 2847 5438 in
2891 5388 2982 5442 illa
3027 5393 3301 5460 conspicui
3345 5397 3534 5463 simus,
3575 5413 3732 5472 atque

2161 5475 2358 5518 :eterna
2387 5482 2773 5538 consequamur
2800 5475 2970 5536 bona;
3014 5482 3180 5549 gratia
3202 5493 3256 5538 et
3286 5488 3606 5558 benignitate
3635 5493 3734 5548 Do-

2162 5553 2291 5606 mini
2316 5558 2477 5610 nostri
2506 5557 2631 5612 Jesu
2653 5559 2880 5632 Christi,
2911 5569 3124 5637 quicum
3148 5572 3290 5630 Patri
3316 5553 3505 5648 gloria,
3526 5599 3735 5652 unaque

2160 5641 2375 5702 Spiritui
2403 5657 2606 5715 sancto,
2640 5665 2779 5708 nunc
2807 5664 2860 5710 et
2884 5671 3095 5729 semper
3124 5675 3177 5720 et
3209 5665 3254 5721 in
3292 5671 3481 5727 smeala
3510 5672 3731 5727 seculo-

2167 5745 2300 5787 rum.
2334 5736 2520 5790 Amen.
