4068 6136
450 337 549 394 195

1238 324 1295 381 S.
1332 320 1614 381 JOANNIS
1649 318 2137 376 CIIRYSOSTOMI
2182 316 2502 375 ARCHIEP.
2545 309 3090 370 CONSTANTINOP.

3610 308 3709 365 {35

507 448 3047 487 Μ

1800 531 1951 606 [195]
1975 531 2220 587 OMIAIA
2261 533 2380 584 ΛΔὀ

488 636 739 708 Ἁφῆκεν
756 632 871 692 οὖν
905 635 1020 708 τὴν
1050 633 1264 708 ύδρίαν
1294 630 1486 708 αὐτῆς
1522 631 1562 698 ἠ
1592 626 1898 708 πυνῂηκαί
1931 627 2048 680 ἀπ-

544 696 730 777 ῆλθεν
747 709 834 771 εἰς
862 696 974 777 τῂν
999 696 1196 777 πόλιν,
1227 701 1325 755 καί
1355 696 1520 777 λέγει
1545 696 1672 777 τρῖς
1693 696 2044 777 ἀνθρώποις*

550 763 578 828 ἱ
615 763 826 835 Δεῦτεξ
861 763 1015 826 ἴδετε
1057 763 1390 838 ἄνθρωπον,
1438 763 1508 834 ὃς
1543 763 1673 823 εῖπέ
1708 763 1815 835 μοι
1855 763 2052 838 πάντα

474 882 479 887 -
545 848 665 900 ὅσα
693 844 971 910 ἐποίησαο
1000 840 1144 909 μήτι
1165 835 1376 904 “οὗτός
1419 839 1592 892 ἐστιν
1630 841 1663 891 ό
1688 835 1979 903 Χριστός;
2024 850 2043 883 ι

456 965 460 969 ·
544 935 614 983 αό
650 926 858 995 Πολλῆς
881 926 1013 995 ἡμῖν
1039 921 1368 993 θερμότητος
1395 921 1474 973 δεῖ
1495 922 1585 973 καί
1609 919 1842 988 σπουδῆς
1869 916 2052 985 διεγη-

472 1009 766 1080 τερμένης·
782 1006 984 1076 ταύτης
1005 1004 1114 1076 7&9
1132 1005 1259 1059 ἀνευ
1283 1004 1383 1057 οὐκ
1410 1003 1581 1055 ἐνεστι
1603 1010 1624 1032 ⁸
1638 1003 1818 1069 τυχεῖν
1835 999 1943 1051 τῶν
1962 999 2052 1076 ἐπέ

472 1092 822 1161 ηγγελμένων
836 1092 965 1160 ἡμῖν
986 1087 1226 1156 ἀγαθῶν.
1245 1088 1356 1140 Kal
1374 1085 1531 1138 τοῦτο
1546 1084 1757 1146 δεικνὺς
1773 1084 1801 1134 ὁ
1818 1082 1860 1133 Χ
1872 1080 2052 1149 ριστός

477 1190 630 1242 φησι,
663 1173 758 1227 νῦν
801 1173 922 1242 μέν·
965 1171 1107 1224 Ἐὰν
1125 1171 1209 1239 μή
1243 1186 1334 1234 τις
1361 1169 1475 1236 ἄρῃ
1512 1166 1622 1220 τόν
1648 1164 1918 1231 ,σταυρὸν
1945 1163 2051 1215 αὑ·-

474 1250 585 1310 τοῦ
613 1255 710 1307 καὶ
741 1252 1135 1319 ἀκολουθήσῃ
1154 1269 1274 1321 μοι,
1305 1252 1415 1304 οὐκ
1436 1250 1568 1303 ἐστι
1588 1265 1709 1317 μου
1735 1247 1923 1311 ἄξιος·
1955 1244 2048 1297 νῦν

476 1337 553 1399 δέ,
579 1337 702 1404 Πῦρ
731 1332 921 1404 ἦλθον
935 1334 1155 1398 ,βαλεῖν
1190 1333 1290 1387 ἐπὶ
1323 1332 1438 1399 τὴν
1465 1329 1602 1401 γῆν,
1631 1330 1728 1383 καί
1752 1330 1807 1381 τι
1827 1327 2051 1395 ἤθελον

474 1424 530 1475 εί
566 1422 680 1490 ἤδη
719 1421 957 1488 ἀνήφθη
981 1438 1002 1484 ;
1028 1420 1094 1472 δι’
1124 1419 1447 1489 ἀμφοτέρων
1475 1416 1678 1470 τούτων
1721 1415 1813 1468 τὸν
1850 1413 2047 1483 διακαῆ

476 1505 572 1558 καὶ
608 1503 999 1573 πεπυρωμένον
1018 1500 1279 1571 ’μαθητὴν
1303 1501 1397 1553 καί¹
1426 1499 1564 1570 πρὸς
1598 1497 1779 1551 πάντα
1806 1495 2048 1550 κίνδυνον

474 1585 984 1656 παρεσκευασμένον
1023 1585 1152 1652 ἡμῖν
1182 1581 1527 1654 παραστῆσαι
1561 1579 1899 1650 βουλόμενος.
1925 1581 1969 1632 Τ
1971 1597 2048 1632 οι-

472 1665 610 1738 αύτη
648 1683 729 1730 τις
761 1661 829 1735 ἦν
863 1665 955 1718 καί
990 1665 1127 1734 αὕτη
1160 1665 1194 1734 ή
1245 1664 1401 1733 γυνή.
1432 1660 1589 1715 Οῦτω
1638 1663 1745 1732 γὰρ
1791 1660 1895 1715 ὑπὸ
1940 1661 2049 1715 τῶν

473 1748 779 1819 εἰρημένων
814 1747 1050 1819 ἀνήφθη,
1090 1746 1165 1809 ὡς
1196 1746 1292 1798 καὶ
1337 1745 1437 1814 τὴν
1471 1743 1655 1815 ὑδρίαν
1693 1745 1930 1812 ἀφεῖναι,
1957 1744 2050 1798 καὶ

474 1829 571 1898 τὴν
603 1829 789 1899 χρείαν
817 1828 885 1881 δι’
915 1832 982 1896 ἣν
1008 1827 1361 1898 παρεγένετο.
1395 1825 1491 1879 καί
1517 1823 1830 1896 δραμοῦσαν
1850 1827 1929 1889 εἰς
1949 1826 2048 1897 τὴν

474 1910 647 1973 πόλιν,
688 1912 864 1964 πάντα
904 1909 993 1963 τὸν
1028 1910 1200 1979 δῆμον
1237 1907 1461 1961 ἑλκύσαι
1514 1907 1649 1978 πρὸς
1681 1908 1773 1961 τὸν
1814 1906 2042 1973 Ἰησοῦν.

474 1992 648 2047 Δεῦτε
679 1992 806 2063 7&9,
843 1991 997 2061 φησί,
1029 1991 1128 2045 καί
1149 1991 1303 2044 Ζδετε
1337 1991 1671 2059 ἄνθρωπον,
1694 1987 1763 2054 ὃς
1797 1984 1927 2042 εῖπέ
1946 2006 2049 2058 μοι

468 2076 669 2131 ,πάντα
699 2076 816 2130 ὅσα
855 2076 1135 2143 ἐποίησα.
1188 2076 1388 2128 Σκόπει
1437 2074 1668 2146 σπουδὴν
1694 2076 1788 2128 καὶ
1812 2074 2045 2128 σύνεσινο

471 2154 672 2214 Ἦλθεν
705 2158 1081 2228 ὑδρεύσασθαι·
1124 2157 1219 2210 καὶ
1241 2156 1428 2227 ἐπειδὴ
1454 2156 1555 2226 τῆς
1582 2155 1842 2226 ἀληθινῆς
1866 2156 2048 2226 πηγῆς

462 2240 721 2312 ἐπέτυχε,
738 2242 1107 2312 κατεφρόνησε
1122 2238 1307 2292 λοιπὸν
1316 2239 1414 2309 τῆς
1430 2237 1711 2306 αἰσθητῆς,
1725 2238 2049 2292 διδάσκουσα

466 2324 640 2394 ἡμᾶς,
687 2326 737 2376 εἰ
774 2326 867 2380 καί
892 2325 980 2377 διά
1023 2319 1219 2393 μικροῦ
1250 2320 1723 2390 παραδείγματος,
1754 2319 1868 2373 ἀλλ’
1901 2321 2050 2391 ὅμως

471 2406 530 2456 ἐν
553 2406 618 2475 τῇ
650 2404 758 2460 τῶν
801 2402 1188 2476 πνευματικῶν
1222 2402 1481 2472 ἀκροάσει
1521 2401 1739 2455 πάντων
1774 2402 2047 2472 ύπερορᾷν

465 2486 577 2541 ’τῶν
612 2486 900 2558 βιωτικῶν,
937 2489 1033 2542 καί
1065 2486 1270 2557 μηδένα
1301 2485 1458 2552 λόγον
1488 2483 1667 2537 αὐτῶν
1702 2485 1971 2538 ποιεῖσθαι
1993 2485 2041 2539 ιι.

468 2569 626 2623 Κατὰ
656 2570 765 2643 7&9
784 2572 882 2642 τὴν
905 2569 1043 2624 ίδίαν
1057 2568 1307 2639 δύναμιν,
1330 2567 1467 2638 ὅπερ
1487 2568 1534 2620 οἰ
1556 2566 1841 2620 ἀπόστολοι
1863 2568 2048 2637 ἐποίη-

470 2668 590 2717 σαν,
630 2654 726 2706 καὶ
757 2653 895 2723 αὕτη
929 2651 1196 2722 πεποίηκε
1222 2649 1504 2720 μειζόνως.
1550 2650 1777 2703 Ἐκεῖνοι
1810 2649 1907 2721 μὲν
1938 2651 2045 2722 γάρ

468 2737 518 2787 οἰ
555 2734 842 2804 κληθέντες
866 2735 1082 2805 ἀφῆκαν
1103 2731 1173 2786 τὰ
1201 2732 1414 2785 δίκτυα·
1450 2730 1586 2802 αῦτη
1615 2730 1671 2783 δὲ
1700 2731 2043 2801 αὐτομάτως,

467 2813 680 2878 οὐδενὸς
707 2817 1197 2887 παραγγείλαντος
1213 2815 1407 2886 ἀφίησι
1445 2814 1542 2885 τὴν
1572 2813 1757 2883 ὑδρίαν
1773 2812 1865 2867 καὶ
1883 2814 2046 2882 εύαγ-

466 2897 732 2966 γελιστῶν
746 2898 905 2969 ἔργον
922 2901 1067 2951 ποιεῖ
1096 2897 1201 2953 ὑπὸ
1220 2899 1318 2967 τῆς
1340 2898 1512 2968 χαρᾶς
1531 2909 1552 2936 ο
1575 2896 2041 2967 ἁναπτερωθεῖσα.

467 2979 577 3034 Kal
606 2980 704 3050 οὐχ
733 2980 829 3034 ἕνα
865 2979 1022 3034 καλεῖ
1055 2981 1150 3033 καὶ
1179 2978 1451 3049 δεύτερον,
1493 2978 1741 3049 καθάπερ
1791 2979 2045 3049 Ἀνδρέας

466 3061 563 3115 καὶ
583 3062 870 3125 Φίλιππος,
906 3061 1043 3115 ἀλλὰ
1074 3060 1227 3112 πόλιν
1255 3059 1545 3130 ὁλόκληρον
1581 3059 1933 3130 ἀναστήσασα
1951 3061 2043 3114 καὶ

466 3144 637 3213 δῆμον
658 3142 931 3204 τοσοῦτον,
959 3141 1099 3195 οὕτω
1120 3142 1254 3210 πρὸς
1281 3141 1443 3194 αὑτὸν
1461 3141 1631 3212 ἦγαγε
1648 3142 1698 3194 ά.
1727 3139 1830 3194 Kal
1853 3142 2042 3195 σκόπει

467 3224 586 3287 πῶς
637 3223 874 3297 συνετῶς
920 3223 1089 3292 λέγει.
1125 3220 1200 3277 Οὐ
1234 3223 1341 3294 7&9
1374 3217 1494 3276 εἷπε
1517 3261 1532 3284 ,
1568 3221 1752 3287 Δεῦτε,
1787 3224 1925 3278 ἴδετε
1951 3225 2042 3278 τὸν

466 3306 722 3378 Χριστὸν,
749 3306 888 3361 ἀλλὰ
917 3307 1011 3360 καί
1048 3307 1186 3375 αὐτὴ
1223 3304 1360 3375 μετά
1403 3305 1888 3373 συγκαταὸάσεως,
1924 3308 2041 3377 μεθ’

463 3384 533 3458 ἧς
571 3390 665 3443 καὶ
686 3391 714 3443 ό
744 3389 976 3460 Χριστὸς
998 3380 1167 3457 αὐτὴν
1188 3388 1570 3458 ἐσαγήνευσεν,
1598 3389 1897 3442 ἐπισπᾶται
1916 3389 2042 3451 τοὺς

464 3471 680 3543 ἄνδρας.
702 3472 884 3526 Δεῦτε
904 3471 1030 3541 7&9,
1058 3470 1211 3524 ίδετε
1240 3469 1573 3538 ἄνθρωπον,
1615 3472 1799 3541 φησὶν,
1824 3471 1892 3537 ὃς
1910 3468 2042 3527 εἶπέ

458 3576 561 3626 μοι
582 3557 779 3612 πάντα
814 3559 932 3612 ὅσα
957 3558 1238 3624 ἐποίησα.
1286 3556 1394 3608 Kal
1427 3557 1527 3609 οὐκ
1555 3556 1795 3629 ᾐσχύνθη
1828 3561 2036 3623 εἰπεῖν,

464 3641 545 3694 ὅτι
568 3637 718 3695 Εἷπέ
747 3658 849 3710 μοι
874 3639 1079 3695 πάντα
1106 3639 1225 3693 ὅσα
1259 3639 1539 3706 ἐποίησα.
1581 3640 1773 3693 Καίτοι
1811 3657 1873 3708 γε
1912 3642 2039 3713 ἐνῆν

464 3723 636 3776 εἰπεῖν
673 3722 893 3793 ἑτέρως’
921 3720 1107 3782 Δεῦτε,
1142 3721 1279 3776 ῐδετε
1307 3719 1736 3791 προφητεύονταο
1768 3722 1884 3775 ἀλλ’
1910 3725 2038 3779 ὅταν

464 3803 692 3876 πυρωθῇ
720 3803 867 3875 ψυχὴ
896 3803 975 3874 τῷ
1004 3804 1138 3874 πυρὶ⁵
1163 3802 1244 3873 τῷ
1280 3802 1429 3873 θείῳ,
1478 3804 1613 3874 πρὸς
1646 3804 1798 3858 οὐδὲν
1829 3805 1938 3859 τῶν
1979 3808 2037 3861 ἐν

460 3888 528 3958 τῇ
562 3888 633 3957 γῇ
662 3885 845 3941 λοιπὸν
872 3886 997 3956 ὁρᾷ,
1019 3885 1081 3938 ού
1121 3883 1258 3955 πρὸς
1287 3883 1467 3949 δόξαν.
1498 3886 1559 3938 οὐ
1590 3885 1728 3955 πρὸς
1753 3886 2034 3957 αἰσχύνην,

459 3968 576 4024 ἀλλ’
605 3968 724 4033 ἐνός
752 3970 868 4022 ἐστι
903 3967 1086 4039 μόνου,
1119 3967 1219 4037 τῆς
1252 3967 1589 4038 κατεχούσης
1621 3967 1791 4038 αὐτὴν
1818 3967 2033 4037 φλογός.

461 4051 617 4120 Μήτι
644 4046 824 4118 οὗτός
856 4050 1030 4104 ἐστιν
1059 4052 1093 4104 ὀ
1128 4050 1421 4117 Χριστός;
1465 4049 1608 4120 Ὅρα
1639 4049 1801 4102 πάλιν
1844 4051 2034 4119 σοφίαν

461 4134 660 4205 πολλὴν
708 4134 983 4203 γυναικός.
1050 4131 1189 4185 Οὔτε
1260 4132 1576 4202 ἀπεφήνατο
1629 4133 1816 4201 σαφῶς
1839 4174 1855 4199 ,
1911 4134 2032 4187 οὔτε

456 4215 733 4285 ἐσίγησεν.
780 4215 1063 4269 Ἐϐούλετο
1105 4213 1214 4285 γὰρ
1251 4215 1349 4287 οὐκ
1396 4217 1461 4267 ὲκ
1500 4215 1599 4285 τῆς
1644 4217 1851 4280 οἰκείας
1899 4218 2036 4269 ἀπο-

458 4297 676 4366 φάσεως
712 4298 951 4366 εἰσάγειν
980 4297 1196 4361 αὐτοὺς,
1232 4295 1349 4350 ἀλλ’
1377 4298 1442 4350 ἐκ
1461 4296 1559 4367 τῆς
1591 4298 1908 4369 ἀκροάσεως
1935 4299 2031 4368 τῆς

457 4381 664 4434 ἐκείνου
691 4381 790 4450 τῆς
815 4382 994 4451 ψήφου
1022 4380 1223 4450 ταύτης
1253 4380 1474 4449 ποιῆσαι
1503 4381 1809 4445 κοινωνούς·
1842 4381 1872 4433 ὃ
1897 4381 2032 4450 μᾶλ-

455 4460 546 4514 λον
575 4461 978 4531 εύπαράδεκτον
1001 4461 1172 4514 ἐποίει
1200 4462 1292 4513 τὸν
1319 4461 1493 4528 λόγον.
1534 4462 1723 4515 Καίτοι
1752 4464 1814 4515 οὐ
1855 4465 2032 4517 πάντα

456 4544 627 4615 αὐτῆς
653 4543 743 4595 τὸν
775 4542 888 4612 βίον
917 4542 1250 4612 ἐξήγγειλεν,
1269 4540 1425 4612 [196]
1459 4540 1595 4593 ἀλλά
1615 4543 1723 4596 ἀπὸ
1753 4544 1861 4597 τῶν
1888 4548 2029 4617 είρηο

460 4625 757 4694 μένωνκαὶ
784 4624 912 4693 περί
935 4623 1039 4676 τῶν
1060 4623 1232 4676 ἄλλων
1266 4623 1576 4675 ἐπέπειστο.
1619 4624 1729 4676 Kal
1757 4628 1856 4678 οὐκ
1884 4624 2027 4695 εἷπε,

455 4703 646 4770 Δεῦτε,
672 4704 1019 4767 πιστεύσατε,
1046 4703 1200 4765 ἀλλά,
1226 4705 1422 4767 Δεῦτε,
1452 4702 1624 4758 ἴδετε.
1647 4704 1676 4757 δ
1695 4706 1883 4759 τούτου
1906 4725 2029 4761 κου-

456 4795 729 4865 φόττρονθ
754 4788 857 4864 ἦν,
905 4794 1000 4846 καὶ
1052 4792 1252 4862 μᾶλλον
1289 4792 1486 4855 αὐτοὺς
1521 4791 1821 4860 ἐφείλκετο.
1876 4793 2028 4859 Εἶδες

452 4877 556 4947 τῆς
581 4875 839 4946 γυναικὸς
881 4875 979 4945 τὴν
1009 4874 1200 4944 σοφίαν
1222 4892 1242 4942 ;
1275 4873 1427 4946 ’ῌδει
1453 4873 1563 4943 γὰρ
1585 4915 1601 4938 ,
1640 4874 1756 4945 ᾔδει
1796 4876 1981 4945 σαφῶς
2007 4918 2022 4941 ,

386 4990 393 4995 -
452 4958 535 5012 ὅτι
561 4959 886 5029 γευσάμενοι
935 4957 1093 5027 μόνον
1132 4955 1448 5028 τῆςπηγῆς
1494 4956 1741 5024 ἐκείνης,
1780 4959 1849 5013 τὰ
1887 4959 2026 5013 αὑτά

452 5044 731 5097 πείσονται
746 5042 893 5112 άπερ
918 5042 1012 5094 καὶ
1030 5039 1190 5109 αὐτή.
1226 5038 1417 5093 Καίτοι
1440 5055 1503 5107 γε
1535 5038 1590 5093 εί
1612 5057 1696 5105 τις
1723 5039 1828 5094 τῶν
1849 5040 2024 5095 ἄλλων

449 5119 516 5192 ἦν
554 5124 662 5177 τῶν
689 5119 1030 5194 παχυτέρων,
1065 5122 1158 5175 καὶ
1183 5121 1534 5175 συνεσκίασεν
1558 5121 1624 5176 ἂν
1654 5124 1744 5178 τὸν
1767 5122 1985 5194 ἔλεγχον
2004 5142 2018 5155 ·

452 5207 592 5277 αῦτη
621 5210 678 5264 δὲ
726 5207 1068 5279 ἐκπομπεύει
1110 5209 1203 5262 τὸν
1241 5207 1439 5278 ἑαυτῆς
1475 5207 1586 5278 βίον
1616 5210 1709 5262 καί
1741 5212 1818 5273 εἰς
1858 5212 2022 5281 μέσον

451 5291 790 5360 προτίθησιν,
843 5291 983 5344 ὥστε
1031 5290 1239 5355 πάντας
1270 5291 1675 5346 ἐπισπάσασθαι
1719 5293 1812 5345 καὶ
1857 5293 2017 5349 ἑλεῖν.

466 5375 561 5426 Ἑν
588 5373 657 5425 δὲ
679 5374 760 5439 τῷ
784 5375 1012 5443 μεταξὺ
1037 5374 1282 5443 ἠρώτων
1304 5374 1492 5429 αὑτὸν
1539 5378 1593 5429 ot
1629 5378 1887 5444 μαθηταί
1914 5380 2021 5432 αὐ-

450 5459 577 5523 τοῦ,
632 5461 931 5529 uror-rec"
975 5464 1198 5530 Ῥασὸί,
1252 5462 1422 5532 φάγε.
1454 5464 1528 5517 Τὸ
1553 5503 1567 5525 ,
1615 5463 1900 5531 Ἠρώτων,
1929 5467 2017 5519 ἐν·

448 5540 622 5595 ταῦθα
655 5541 1002 5611 Παρεκάλουν
1032 5546 1183 5611 ἐστὶ,
1229 5548 1294 5616 τῇ
1334 5545 1583 5617 ἐγχωρίῳ
1620 5544 1798 5599 αὐτῶν
1842 5550 2013 5616 φωνῇ.

511 5686 537 5753 _'
564 5684 733 5753 More].
761 5686 1038 5753 obsequ“.
1081 5689 1111 5753 Ρ
1133 5688 1229 5753 Α]ἱὶ
1255 5689 1415 5753 αὐτῶν
1439 5690 1579 5753 ᾔειν.
1601 5690 1756 5739 Paulo
1780 5697 1888 5753 post
1912 5692 2017 5742 Mo-

445 5747 540 5815 γθι,
564 5747 794 5815 "grai-nx:
820 5747 1057 5815 μειζόνως..
1083 5748 1138 5815 lp_
1156 5749 1307 5815 δεινξίιἶ
1325 5747 1543 5815 μειζόνως
1562 5752 1611 5815 In
1634 5747 1856 5815 lnargi'llg
1868 5755 2017 5815 poni-

446 5812 541 5872 ἰιιιξ.
611 5811 634 5838 °
658 5805 729 5856 Ila
764 5805 899 5872 regie
920 5807 1079 5872 ξεινίιΖ
1098 5807 1268 5872 Mqrel.
1288 5805 1404 5870 ὺπέρ
1422 5815 1504 5866 τῆς
1525 5805 1767 5872 χάριτος*
1791 5811 1819 5851 τι
1839 5805 2011 5864 Μόιδεί.

444 5868 683 5933 ᾑτᾶγιτσ,,
733 5880 757 5911 ο
796 5867 963 5921 Morel.
989 5868 1323 5931 φοϐερώτερον.

2167 625 2431 694 Ὀρῶντες
2461 622 2570 692 7&9
2593 620 2755 674 αὐτὸν
2781 624 3099 690 κεκμηκόεα
3142 619 3248 672 ὑπὸ
3292 621 3393 690 τῆς
3421 622 3725 693 ὁδοιπορίας

2152 709 2247 772 καὶ
2282 707 2381 776 τῆς
2408 704 2761 775 ἐπικειμένης
2797 701 3013 771 φλογὸς,
3043 702 3391 772 παρεκάλουν
3432 705 3616 761 αὐτόν.
3650 708 3723 759 οὐ

2152 788 2261 858 7&9
2290 784 2357 858 ἦν
2388 787 2719 858 προπετείας
2753 785 2813 839 τὸ
2839 782 3044 837 δεῖσθαι
3076 786 3218 855 ὑπὲρ
3243 787 3449 849 σιτίων,
3472 787 3609 841 ἀλλά
3640 805 3723 856 φιτ

2150 871 2467 946 λοστοργίας
2490 871 2589 939 τῆς
2610 869 2737 939 περὶ
2762 867 2854 921 τὸν
2872 867 3210 932 διδάσκαλον.
3226 870 3292 922 Τί
3307 866 3400 923 οὖν
3414 873 3443 925 ό
3458 872 3721 940 Χριστόςς

2164 956 2304 1026 Ἐγὼ
2328 955 2562 1024 ,βρῶσιν
2591 954 2709 1020 ἔχω
2750 950 2980 1021 φαγεῖν,
3028 951 3109 1020 ἢν
3137 952 3307 1022 ὑμεῖς
3346 957 3458 1009 οὐκ
3498 955 3718 1009 οἴδατε.

2154 1041 2404 1107 Ἔλεγον
2434 1032 2548 1091 οὖν
2579 1036 2727 1102 πρὸς
2771 1034 3117 1101 ἀλλήλους’
3162 1035 3261 1105 Μή
3318 1053 3409 1102 τις
3464 1035 3720 1104 ἤνεγκεν

2151 1122 2309 1187 αὐτῷ
2343 1119 2589 1189 φαγεῖν;
2624 1118 2688 1170 Τί
2715 1118 2894 1171 τοίνυν
2927 1116 3226 1187 θαυμάζεις
3259 1120 3307 1172 εί
3331 1122 3364 1189 ή
3391 1121 3549 1191 γυνὴ,
3573 1120 3718 1190 ὕδωρ

2151 1200 2450 1265 ἀκούσασα,
2484 1201 2563 1254 ἔτι
2592 1201 2734 1270 ὕδωρ
2763 1200 3114 1268 ἐφαντάζετο,
3146 1201 3281 1253 ὅπου
3316 1217 3379 1270 γε
3402 1205 3497 1255 καὶ
3519 1204 3569 1254 οἰ
3607 1219 3714 1272 μα·

2152 1285 2312 1356 θηταί
2344 1285 2423 1337 ἔτι
2447 1284 2615 1337 ταῦτα
2642 1284 2927 1352 πάσχουσι,
2953 1282 3047 1336 καὶ
3075 1284 3225 1336 οὐδὲν
3248 1284 3402 1338 οῦπω
3421 1302 3717 1356 πνευματι-

2150 1367 2246 1421 κδν
2275 1366 2505 1432 νοοῦσιν,
2537 1365 2673 1418 ἀλλὰ
2716 1364 2980 1434 ἀποροῦσι
3025 1365 3144 1435 μὲν,
3177 1367 3337 1419 πάλιν
3364 1366 3419 1419 δὲ
3446 1367 3546 1436 τὴν
3581 1364 3715 1420 αἰδὼ

2148 1448 2247 1519 τὴν
2273 1448 2477 1520 συνήθη
2522 1449 2615 1501 καὶ
2644 1446 2742 1517 τὴν
2773 1446 2937 1516 τιμὴν
2986 1445 3064 1516 τῷ
3110 1447 3416 1517 διδασκάλῳ
3457 1449 3682 1517 νέμουσι
3704 1485 3721 1510 ,

2149 1529 2288 1601 πρὸς
2323 1530 2583 1600 ἀλλήλους
2614 1530 2714 1600 μὲν
2744 1528 3138 1599 διαλεγόμενοι,
3180 1529 3330 1598 αὐτῷ
3349 1529 3405 1581 δὲ
3439 1530 3631 1583 πεῦσιν
3659 1529 3723 1583 οὐ

2149 1612 2454 1682 τολμῶντες
2479 1613 2849 1682 προσαγαγεῖν
2868 1627 2884 1677 ;
2904 1609 3072 1663 Τοῦτο
3084 1610 3179 1664 καί
3200 1610 3430 1680 ἀλλαχοῦ
3451 1611 3719 1673 ποιοῦσιν,

2150 1692 2543 1764 ἐπιθυμοῦντες
2577 1692 2676 1764 μὲν
2705 1694 3013 1763 ἐρωτῆσαι,
3048 1693 3149 1745 οὐκ
3192 1693 3502 1763 ἐρωτῶντες
3539 1693 3614 1746 δέ.
3653 1692 3721 1745 Τί

2151 1773 2242 1831 οὖν
2260 1780 2288 1830 ό
2307 1776 2537 1846 Χριστός
2564 1792 2579 1839 ;
2615 1775 2794 1844 Ἐμὸν
2818 1774 3032 1845 ,βρῶμά
3054 1777 3203 1839 ἐστι,
3235 1775 3418 1845 φησὶν,
3453 1776 3554 1828 ἵνα
3571 1773 3721 1829 ποιῶ

2151 1859 2219 1914 τὸ
2236 1859 2462 1929 θέλημα
2480 1858 2586 1913 τοῦ
2612 1858 2960 1928 πέμψαντός
2973 1875 3069 1927 με,
3096 1856 3197 1910 καί
3225 1858 3514 1910 τελειώσω
3534 1858 3721 1911 αὑτοῦ

2150 1943 2215 1996 τὸ
2270 1944 2467 2011 ἔργον.
2519 1942 2631 2012 Τὴν
2669 1941 2777 1995 τῶν
2818 1941 3122 2012 ἀνθρώπων
3165 1939 3436 2011 σωτηρίαν
3487 1938 3723 1993 ἐνταῦθα

2151 2024 2352 2097 βρῶσιν
2382 2024 2629 2088 ἐκάλεσε,
2683 2022 2896 2086 δεικνὺς
2946 2024 3081 2094 ὅσην
3125 2022 3423 2092 ἐπιθυμίαν
3464 2021 3576 2091 ἔχει
3622 2022 3721 2091 τῆς

2149 2108 2426 2180 ήμετέρας
2466 2107 2742 2178 προνοίας.
2778 2107 2990 2177 Ὠσπερ
3033 2105 3143 2176 γὰρ
3184 2108 3315 2176 ήμῖν
3363 2103 3610 2158 ποθεινὸν
3660 2103 3723 2157 τὸ

2148 2192 2366 2254 ἐσθίειν,
2388 2190 2560 2254 οὕτως
2585 2189 2734 2259 αὐτῷ
2754 2189 2814 2242 τὸ
2839 2189 3079 2257 σωθῆναι
3106 2190 3272 2259 ἡμᾶς.
3298 2189 3497 2241 ’Ἄκουε
3518 2186 3575 2239 δέ
3603 2185 3721 2250 πῶς

2148 2274 2423 2345 πανταχοῦ
2454 2276 2554 2327 ούκ
2581 2276 2644 2327 ἐκ
2676 2273 2769 2327 τοῦ
2794 2273 3083 2344 προχείρου
3116 2273 3293 2325 πάντα
3319 2269 3715 2332 ἀποκαλύπτει,

2106 2388 2115 2391 ·
2147 2363 2282 2418 ἀλλά
2310 2364 2522 2434 πρῶτον
2548 2363 2629 2424 εἰς
2661 2362 2895 2432 ἀπορίαν
2929 2359 3185 2430 ἐμϐάλλει
3205 2359 3296 2412 τὸν
3319 2358 3612 2429 ἀκροατὴν,
3632 2358 3721 2410 ἴνα

2147 2450 2451 2521 ἀρξάμενος
2481 2450 2662 2520 ζητεῖν
2690 2448 2743 2501 τί
2762 2448 2823 2501 τὸ
2852 2447 3143 2516 λεγόμενον
3169 2443 3213 2511 ί,
3243 2440 3364 2498 εἶτα
3380 2444 3604 2515 ἀπορῶν
3624 2445 3722 2497 καὶ

2147 2535 2393 2605 κάμνων,
2431 2533 2564 2604 μετὰ
2587 2533 2828 2596 πλείονος
2861 2532 3185 2602 ὑποδέξηται
3218 2531 3524 2601 προθυμίας
3549 2531 3720 2599 φανὲν

2145 2621 2206 2674 τὸ
2234 2620 2584 2691 ζητούμενον,
2608 2619 2919 2689 καὶμᾶλλον
2947 2619 3203 2688 διαναστῇ
3232 2617 3369 2688 πρὸς
3389 2617 3489 2685 τὴν
3517 2617 3717 2687 ἀκρόα-

2148 2724 2251 2761 σιν.
2292 2709 2445 2760 Διατί
2467 2707 2574 2778 γὰρ
2604 2708 2678 2777 μὴ
2710 2705 2913 2769 εὐθέως
2932 2701 3075 2769 εἷπε,
3107 2704 3279 2775 Ἐμὸν
3294 2703 3507 2773 βρῶμά
3523 2704 3715 2766 ἐστιν,

2145 2797 2244 2849 ἵνα
2273 2797 2507 2863 ποιήσω
2552 2796 2620 2849 τὸ
2656 2796 2884 2864 θέλημα
2925 2794 3032 2848 τοῦ
3070 2795 3297 2861 Πατρός
3331 2811 3451 2862 μου
3472 2811 3492 2858 ;
3539 2792 3715 2845 καίτοι

2144 2882 2265 2936 οὐδὲ
2287 2882 2446 2935 τοῦτο
2479 2883 2648 2952 σαφὲς
2674 2877 2763 2953 ἦν,
2798 2880 2931 2935 ἀλλά
2957 2881 3050 2934 τοῦ
3070 2881 3334 2952 προτέρου
3359 2880 3714 2950 σαφέστερον

2143 2969 2278 3023 ἀλλά
2295 2954 2388 3036 at;
2429 2969 2595 3038 Ἐγὼ,
2620 2969 2773 3039 φησί,
2790 2967 3026 3036 βρῶσιν
3046 2968 3162 3037 ἔχω
3184 2966 3412 3037 φαγεῖν,
3441 2965 3522 3032 ἢν
3546 2965 3718 3033 ὑμεῖς

2142 3060 2253 3111 οὐκ
2283 3057 2503 3112 οἴδατε.
2537 3057 2806 3127 Πρότερον
2852 3056 2961 3127 γὰρ
2991 3057 3185 3119 αὐτοὺς
3209 3095 3223 3119 ,
3270 3056 3404 3126 ὅπερ
3436 3054 3599 3125 ἐφην,
3644 3057 3714 3126 τῇ

2142 3142 2464 3215 διαπορήσει
2496 3143 3033 3215 προσεκτικωτέρους
3061 3141 3402 3213 ἐργάσασθαι
3442 3141 3713 3211 βούλεται,

2143 3232 2237 3284 καὶ
2262 3231 2439 3286 ἐθίσαι
2467 3232 2560 3285 καὶ
2588 3231 2675 3284 διὰ
2703 3230 2960 3283 τοιούτων
2992 3231 3328 3300 αἰνιγμάτων
3373 3228 3592 3283 ἀκούειν
3643 3228 3714 3281 τά

2141 3318 2429 3387 λεγόμενα.
2471 3318 2535 3372 Τί
2557 3318 2615 3371 δέ
2647 3319 2762 3371 ἐστι
2787 3318 2848 3370 τὸ
2879 3317 3089 3388 θέλημα
3134 3317 3228 3369 τοῦ
3264 3317 3512 3385 Πατρός;
3553 3316 3714 3383 Λέγει

2141 3405 2327 3460 λοιπὸν
2357 3405 2489 3459 αὐτὸ
2516 3405 2610 3457 καὶ
2648 3403 2940 3475 ἐρμηνεύει
2960 3418 2974 3432 ⁸
3005 3405 3123 3473 Οὐχ
3170 3403 3342 3472 ὑμεῖς
3386 3403 3591 3472 λέγετε
3624 3402 3714 3456 ὅτι

2138 3491 2226 3545 ἔτι
2256 3490 2619 3560 τετράμηνόν
2666 3491 2827 3555 ἐστι,
2890 3490 2990 3543 καί
3037 3493 3070 3544 ό
3120 3491 3399 3559 θερισμὸς
3442 3489 3673 3559 ἔρχεται
3690 3506 3714 3554 ;

2152 3578 2306 3635 Ἰδοὺ
2327 3577 2482 3647 λέγω
2505 3577 2667 3646 ὑμῖν,
2696 3577 2952 3646 ἐπάρατε
2982 3576 3123 3644 τοὺς
3143 3576 3488 3646 ὀφθαλμοὺς
3518 3575 3709 3644 ὑμῶν,

2139 3664 2237 3719 καί
2275 3662 2574 3720 θεάσασθε
2624 3666 2731 3731 τὰς
2785 3663 3001 3732 χώρας,
3040 3663 3130 3718 ὅτι
3156 3664 3371 3719 λευκαί
3413 3666 3530 3717 εισι
3561 3664 3712 3730 πρὸς

2140 3753 2446 3821 θερισμόν.

2211 3840 2253 3910 β’
2266 3881 2279 3895 .
2307 3841 2440 3894 Ἰδοὺ
2457 3841 2618 3895 πάλιν
2633 3842 2746 3904 τοῖς
2763 3840 3078 3910 συντρόφοις
3094 3840 3350 3911 ὀνόμασιν
3366 3841 3557 3909 ἀνάγει
3572 3840 3711 3911 πρὸς

2137 3921 2234 3993 τήν
2257 3922 2366 3976 τῶν
2391 3923 2659 3992 μεγίστων
2688 3922 2921 3993 θεωρίαν
2951 3922 3167 3986 αὐτούς.
3190 3924 3301 3976 Καὶ
3327 3922 3455 3994 7&9,
3474 3921 3706 3992 Βρῶμα,

2138 4010 2327 4075 εἰπὼν,
2349 4011 2498 4064 οὐδὲν
2523 4011 2707 4080 ἕτερον
2735 4011 3023 4082 ἐδήλωσεν,
3065 4011 3098 4081 ἢ
3136 4010 3236 4082 τὴν
3257 4011 3365 4065 τῶν
3405 4011 3710 4081 μελλόντων

2142 4099 2539 4171 παραγίνεσθαι
2584 4099 2855 4171 σωτηρίαν
2894 4098 3215 4170 ἀνθρώπωνο
3252 4098 3345 4153 καὶ
3382 4101 3414 4169 ή
3453 4097 3607 4169 χώρα
3649 4098 3706 4151 δὲ

2138 4186 2230 4241 καὶ
2264 4188 2294 4240 ό
2321 4185 2577 4256 θερισμὸς
2612 4185 2674 4237 τὸ
2708 4186 2839 4239 αὐτὸ
2868 4185 3036 4256 δηλοῖ,
3062 4186 3122 4239 τὸ
3146 4184 3351 4255 πλῆθος
3382 4183 3489 4238 τῶν
3516 4185 3707 4256 ψυχῶν

2133 4271 2244 4324 τῶν
2298 4271 2530 4342 ἑτοίμων
2577 4270 2713 4340 πρὸς
2754 4271 2851 4342 τὴν
2897 4271 3161 4344 ὑποδοχὴν
3196 4270 3292 4324 τοῦ
3327 4270 3700 4342 κηρύγματος.

2147 4357 2488 4429 Ὀφθαλμοὺς
2523 4357 2579 4410 δὲ
2614 4356 2842 4411 ἐνταῦθα
2872 4357 3039 4426 λέγει,
3071 4360 3165 4412 καὶ
3186 4359 3313 4422 τοὺς
3328 4358 3426 4429 τῆς
3444 4357 3703 4425 διανοίας,

2135 4445 2229 4498 καὶ
2258 4446 2386 4508 τοὺς
2406 4444 2500 4499 τοῦ
2526 4444 2794 4515 σώματος’
2816 4446 2909 4498 καί
2925 4444 3032 4515 γάρ
3060 4444 3247 4517 ἐώρων
3275 4445 3460 4498 λοιπὸν
3481 4445 3541 4499 τὸ
3566 4444 3704 4513 πλῆ-

2133 4531 2223 4594 θος
2251 4532 2542 4603 ἐρχόμενον
2572 4530 2683 4583 τῶν
2716 4530 3088 4600 Σαμαρειτῶν·
3120 4530 3217 4602 τὴν
3240 4531 3296 4583 δέ
3316 4532 3413 4603 τῆς
3444 4531 3704 4601 προαιρέ-

2137 4634 2273 4680 σεως
2291 4616 2442 4688 [197]
2465 4617 2645 4670 αὐτῶν
2670 4617 3010 4688 ἑτοιμότητα,
3030 4617 3127 4680 τὰς
3154 4615 3339 4687 χώρας
3365 4618 3465 4681 τὰς
3483 4617 3701 4670 λευκαι-

2130 4702 2361 4771 νομένας
2415 4703 2597 4771 φησίν.
2640 4702 2851 4770 ’Ὠσπερ
2897 4702 3004 4773 γὰρ
3037 4703 3085 4753 οί
3131 4703 3453 4773 ἀστάχυεςε
3484 4703 3700 4756 ἐπειδὰν

2128 4786 2487 4850 λευκανθῶσι,
2534 4787 2666 4857 πρὸς
2716 4788 2923 4859 ἀμητόν
2974 4790 3111 4841 εἰσιν
3154 4789 3552 4856 ’ἐτοιμοιόὖτω
3607 4789 3700 4841 καὶ

2126 4867 2271 4929 οὗτοι
2297 4874 2412 4940 νῦν,
2442 4876 2594 4943 φησὶ,
2627 4876 2762 4945 πρὸς
2783 4876 3057 4946 σωτηρίαν
3082 4876 3218 4928 εἰσὶν
3244 4876 3696 4946 παρεσκευασμέ-

2127 4981 2204 5017 νοι
2252 4963 2348 5016 καί
2393 4963 2695 5033 εὐτρεπεῖς.
2744 4965 2852 5017 Kal
2900 4963 3041 5017 διατί
3087 4964 3163 5036 μὴ
3197 4960 3319 5018 εἶπε
3358 4966 3564 5033 σαφῶς,
3615 4965 3696 5017 ὅτι

2127 5052 2373 5123 ἔρχονται
2397 5051 2681 5105 πιστεῦσαι
2724 5054 2774 5105 οῖ
2823 5053 3119 5123 ἄνθρωποι,
3182 5055 3276 5106 καί
3326 5054 3533 5125 ἕτοιμοί
3589 5056 3695 5106 εἰσι

2123 5141 2259 5212 πρὸς
2301 5140 2562 5212 ὑποδοχὴν
2606 5139 2700 5194 τοῦ
2732 5139 2922 5208 λόγου,
2965 5142 3364 5212 κατηχηθέντες
3396 5141 3495 5209 μὲν
3544 5140 3693 5210 παρά

2120 5229 2229 5283 τῶν
2262 5229 2573 5301 προφητῶν,
2606 5228 2699 5281 καί
2738 5227 2828 5282 τὸν
2859 5228 3071 5298 καρπὸν
3102 5228 3285 5281 λοιπὸν
3328 5226 3688 5290 ἀποδιδόντες,

2120 5313 2254 5366 ἀλλὰ
2280 5312 2464 5383 χώραν
2489 5312 2582 5366 καὶ
2603 5310 2861 5380 θερισμὸν
2891 5310 3116 5363 ἐκάλεσε
3137 5328 3151 5373 ;
3172 5310 3225 5361 τί
3246 5306 3524 5376 βούλονται
3542 5307 3689 5373 αύτῷ

2120 5389 2278 5449 αὗται
2297 5395 2611 5465 αἰτροπαίς
2657 5392 2735 5447 Οὐ
2780 5393 2888 5463 γὰρ
2920 5391 3150 5445 ἐνταῦθα
3193 5391 3379 5461 μόνον,
3419 5388 3557 5442 ἀλλά
3594 5390 3690 5443 καὶ

2119 5484 2177 5536 ἐν
2208 5482 2366 5534 παντὶ
2394 5481 2470 5549 τῷ
2493 5479 2810 5549 Εὐαγγελίῳ
2837 5478 2996 5532 τοῦτο
3017 5480 3180 5531 ποιεῖ·
3210 5479 3305 5531 καὶ
3330 5478 3380 5530 οἰ
3410 5477 3688 5549 προφῆται

2115 5568 2175 5621 δὲ
2201 5565 2278 5635 τῷ
2322 5566 2470 5635 αὐτῷ
2504 5565 2797 5636 κέχρηνται
2843 5565 3050 5637 τρόπῳ,
3098 5563 3476 5636 μεταφορικῶς
3519 5563 3688 5618 πολλά

2116 5652 2383 5721 λέγοντες.
2439 5651 2505 5704 Τί
2549 5651 2735 5719 δήποτ’
2782 5647 2874 5706 οὖν
2919 5652 2980 5705 τὸ
3033 5651 3325 5718 αῖτιον;ού
3356 5650 3465 5722 7&9
3500 5648 3687 5711 ἁπλῶς

2115 5739 2287 5796 ταῦτα
2333 5739 2425 5793 τοῦ
2469 5739 2784 5810 Πνεύματος
2830 5740 2865 5809 ἡ
2903 5739 3062 5810 χάρις
3111 5738 3518 5809 ἐνομοθέτησεν·
3550 5736 3686 5791 άλλά

2195 5871 2214 5912 ί
2244 5873 2389 5924 S’aVﬂ.
2424 5869 2572 5929 ζητεῖν
2600 5868 2938 5930 τὸλεγόμενον.
3008 5870 3032 5908 ε
3063 5868 3213 5918 δανίι.
3264 5869 3480 5931 στάχυες.

3682 5970 3719 5982 λ.-
