4068 6136
331 271 437 375 ne

1339 309 1406 365 IN
1443 308 1755 367 JOANNEM
1796 306 2023 365 ΗΟΜΙΙι.
2067 308 2300 365 XXXIV.
2341 312 2409 366 al.
2452 312 2688 369 XXXIII.

3467 323 3572 382 194

332 423 3570 457 MM

1621 485 1968 548 HOMILIA
2012 484 2312 547 XXXIV.

327 593 415 650 28.
447 592 672 660 Reliquit
693 606 813 662 ergo
840 589 1075 660 hydriant
1110 591 1255 642 suam
1286 589 1489 653 mulier,
1526 596 1575 641 et
1599 587 1719 641 abiit
1744 587 1796 640 in
1817 586 1894 639 ci-

398 683 616 744 vitatem,
644 687 693 732 et
716 678 844 735 dixit
871 676 1150 732 hominibus
1179 691 1199 731 :
1215 675 1306 730 29.
1338 674 1532 744 Venite,
1559 676 1717 730 videte
1738 674 1899 728 homi-

396 784 528 835 nem,
561 769 648 838 qui
674 768 804 821 dixit
840 767 968 821 mihi
1003 781 1327 836 quantisque
1344 766 1443 838 feci
1470 780 1490 820 :
1514 764 1759 835 numquid
1785 764 1898 833 ipse

396 867 469 914 est
495 857 724 911 Christus
740 857 767 910 .’
1804 876 1809 881 ·

397 951 450 1004 i.
474 947 746 1003 Feroorem
771 946 1081 1000 audientium
1119 946 1304 1000 excitat
1358 943 1743 1016 Chrysostomus
1784 958 1897 996 cum

338 1040 495 1094 rerbis
518 1037 738 1102 Christi,
763 1046 867 1089 tum
893 1035 1121 1107 mntplo
1143 1037 1366 1090 mulieris
1395 1034 1734 1089 Samaritana
1753 1033 1901 1101 cujus

341 1128 490 1181 etiam
514 1127 842 1180 humilitatem
862 1124 1055 1178 laudat.
1078 1124 1308 1179 Christus
1331 1138 1480 1194 quam
1506 1122 1572 1177 de
1601 1122 1765 1176 salute
1798 1121 1896 1175 ho-

331 1217 517 1269 minum
533 1215 800 1280 sollicitus,
817 1229 968 1284 quam
991 1214 1047 1266 in
1069 1212 1369 1267 inculcanda
1393 1212 1621 1265 doctrina
1643 1209 1899 1279 prudens!

330 1305 573 1359 --Multo
609 1318 708 1358 nos
736 1302 946 1357 fervore
971 1310 1202 1371 oportet,
1233 1301 1405 1355 multo
1446 1300 1663 1355 excitari
1689 1297 1900 1362 studio;

330 1395 561 1465 alioquin
580 1393 838 1462 promissa
855 1392 992 1447 bona
1013 1391 1263 1461 consequi
1290 1405 1395 1445 non
1416 1389 1727 1459 poterimus.
1745 1386 1896 1454 Quod

335 1484 638 1554 significans
684 1482 925 1539 Christus
969 1481 1129 1536 modo
1171 1481 1383 1551 quidem
1427 1481 1501 1534 ait
1528 1500 1543 1536 :
1570 1479 1631 1534 Si
1658 1480 1769 1547 quis
1793 1492 1897 1531 non

334 1574 510 1641 accipit
539 1588 736 1626 crucem
757 1588 924 1638 suam,
950 1579 1000 1624 et
1035 1569 1257 1639 sequitur
1279 1586 1377 1633 me,
1403 1585 1507 1624 non
1522 1578 1595 1623 est
1615 1584 1694 1622 me
1714 1568 1899 1636 dignus

338 1662 559 1734 (Hatth.
596 1662 675 1717 l0.
706 1660 808 1734 58)
830 1677 848 1727 ;
868 1660 1027 1716 modo
1054 1669 1262 1726 autem,
1287 1658 1469 1730 Ignem
1494 1657 1605 1712 veni
1625 1657 1816 1710 mittere
1841 1656 1896 1710 in

334 1761 507 1804 terram
526 1792 541 1818 ,
574 1760 621 1805 et
642 1750 764 1820 quid
786 1750 899 1805 volo
916 1752 1017 1804 nisi
1031 1760 1085 1803 ut
1103 1749 1406 1803 accendatur
1438 1746 1605 1819 (Luc.
1636 1745 1724 1800 i2.
1750 1745 1820 1801 49
1837 1746 1895 1817 )i

335 1839 565 1910 Utroque
607 1840 773 1907 dicto,
815 1839 1111 1895 ferventem
1160 1839 1538 1908 incensumque
1576 1836 1892 1905 discipulum

335 1933 505 1997 nobis,
526 1943 579 1987 et
600 1932 668 1986 ad
693 1931 870 1986 omnia
896 1930 1168 1986 subeunda
1198 1929 1428 2000 pericula
1468 1935 1707 1997 paratum
1732 1927 1899 1996 signi-

336 2024 473 2078 ﬁcat.
531 2022 676 2076 Talis
727 2027 845 2076 erat
892 2029 947 2075 et
993 2020 1109 2074 haec
1154 2019 1386 2073 mulier:
1416 2018 1487 2072 ita
1529 2016 1672 2072 eiiim
1716 2014 1895 2069 verbis

334 2111 526 2168 Christi
557 2111 769 2165 incensa
797 2118 908 2176 est,
936 2118 995 2163 ut
1019 2109 1204 2164 relicta
1259 2107 1448 2179 hydria
1473 2114 1530 2161 et
1556 2117 1713 2175 aqua,
1743 2103 1895 2171 cujus

335 2202 495 2271 gratia
524 2214 592 2255 eo
607 2207 959 2262 concesserat,
989 2206 1045 2254 et
1072 2199 1126 2252 in
1151 2197 1334 2252 urbem
1356 2208 1658 2259 accurrens,
1683 2194 1895 2247 univer-

335 2306 451 2346 sum
483 2290 733 2360 populum
759 2289 825 2345 ad
860 2289 1041 2345 Jesum
1077 2288 1333 2344 traheret.
1384 2285 1577 2352 Venite,
1633 2285 1817 2354 inquit,
1849 2292 1896 2337 et

335 2382 494 2436 ridete
514 2383 785 2448 hominem,
810 2382 898 2451 qui
925 2381 1053 2435 dixit
1089 2380 1212 2433 mihi
1237 2380 1405 2433 omnia
1431 2392 1752 2448 qumumque
1772 2376 1892 2447 feci.

340 2470 467 2526 Vide
496 2470 749 2533 studium,
778 2472 898 2525 vide
930 2469 1285 2539 prudentiam.
1331 2467 1563 2523 Venerat
1608 2475 1667 2520 ut
1704 2480 1894 2534 aquam

337 2561 592 2624 hauriret,
623 2570 678 2615 et
703 2575 825 2615 cum
868 2574 1054 2614 verum
1083 2559 1280 2613 fontem
1333 2557 1643 2622 invenisset,
1698 2555 1896 2609 fontem

336 2651 434 2706 sub
458 2665 674 2705 sensum
701 2650 979 2704 cadentem
1026 2649 1290 2718 despexit,
1322 2656 1382 2701 ut
1407 2661 1504 2700 nos
1529 2645 1764 2709 doceret,
1795 2643 1897 2697 etsi

336 2742 525 2810 exiguo
548 2739 811 2809 exemplo,
849 2738 1109 2808 spirituali
1138 2738 1391 2792 doctrina:
1420 2736 1650 2790 intentos
1671 2733 1896 2788 saecula-

337 2833 415 2885 ria
434 2842 779 2887 contemnere
807 2840 1076 2900 oportere,
1108 2830 1408 2898 nullamque
1432 2837 1687 2897 quantum
1713 2826 1764 2878 in
1797 2839 1897 2877 uo-

338 2920 419 2975 bis
442 2931 544 2984 est,
575 2921 790 2975 illorum
816 2922 1071 2974 rationem
1117 2919 1332 2974 habere.
1365 2917 1516 2985 Quod
1572 2925 1627 2971 et
1670 2916 1896 2984 apostoli

341 3012 598 3077 fecerunt,
642 3013 753 3081 ipsa
779 3027 1009 3082 quoque,
1033 3013 1140 3065 imo
1173 3011 1463 3066 ferventius
1506 3008 1767 3079 prtestitit.
1820 3008 1899 3062 llli

342 3117 561 3170 namque
612 3104 803 3167 vocati,
848 3103 981 3156 retia
1028 3102 1377 3166 dimiserunt;
1421 3101 1534 3155 haec
1560 3114 1685 3154 vero
1711 3106 1901 3168 sponte

342 3207 455 3257 sua,
483 3193 628 3246 nullo
655 3193 1013 3261 praecipiente,
1042 3191 1291 3261 relinquit
1320 3190 1559 3262 hydriam
1594 3197 1650 3244 et
1673 3203 1901 3258 evange-

343 3282 580 3337 listarum
625 3282 799 3337 officio
844 3282 1093 3352 fungitur,
1138 3282 1330 3352 gaudio
1360 3280 1457 3349 ipsi
1484 3280 1595 3333 alas
1640 3278 1898 3344 addente;

344 3388 508 3439 neque
552 3387 714 3425 unum
756 3380 846 3425 aut
885 3373 1226 3437 alterum,.ut
1258 3370 1496 3424 Andreas
1516 3379 1571 3423 et
1596 3369 1901 3436 Philippus,

342 3461 431 3515 sed
452 3463 752 3516 universam
775 3470 1071 3516 commovet
1097 3461 1385 3525 civitatem,
1417 3469 1469 3514 et
1506 3467 1707 3512 tantum
1738 3473 1906 3527 popu-

343 3551 445 3604 lum
473 3550 540 3603 ad
563 3549 833 3603 Christum
857 3550 1087 3604 adducit.
1133 3549 1200 3603 Et
1238 3549 1357 3603 vide
1404 3563 1562 3617 quam
1615 3545 1904 3616 prudenter

344 3641 604 3709 loquatur.
634 3639 747 3693 Non
788 3639 936 3703 dixit,
990 3639 1197 3705 Venite,
1245 3638 1423 3693 videte
1462 3636 1759 3699 Christum;
1809 3633 1905 3689 sed

345 3744 458 3783 eum
507 3728 694 3784 eadem
735 3731 1179 3798 attemperatione
1223 3744 1326 3797 qua
1357 3728 1597 3782 Christus
1626 3727 1792 3794 ipsam
1818 3739 1909 3778 ce-

344 3829 509 3886 perat,
542 3818 660 3872 illos
675 3818 857 3873 allicit.
900 3817 1090 3885 Venite,
1121 3819 1312 3887 inquit,
1334 3818 1495 3870 videte
1523 3816 1793 3878 hominem,
1822 3813 1909 3883 qui

345 3908 464 3960 dixit
493 3907 616 3959 mihi
638 3908 807 3959 omnia
829 3923 1146 3976 quiecumque
1172 3907 1285 3976 feci.
1313 3905 1419 3960 Nec
1447 3905 1633 3974 puduit
1655 3905 1796 3958 illam
1827 3903 1907 3957 di-

347 4011 483 4062 cere,
516 3996 655 4050 Dixit
684 3997 806 4050 mihi
839 3999 1007 4051 omnia
1043 4012 1364 4067 quaecumque
1416 3999 1547 4065 feci;
1587 3996 1687 4050 etsi
1730 3994 1909 4049 dicere

349 4087 630 4154 potuisset,
682 4085 907 4153 Venite,
955 4087 1130 4141 videte
1176 4087 1483 4156 prephetam
1517 4100 1739 4139 :verum
1786 4100 1906 4139 cum

348 4179 517 4233 anima
540 4179 720 4232 divino
750 4179 872 4249 igne
915 4191 1171 4235 succensa
1200 4186 1302 4242 est,
1327 4178 1454 4231 nihil
1476 4178 1612 4231 ultra
1641 4186 1907 4232 terrenum

348 4269 579 4337 respicit,
618 4283 723 4322 non
766 4268 983 4332 famam,
1030 4283 1139 4323 non
1192 4267 1498 4333 infamiam;
1545 4266 1637 4321 sed
1683 4266 1911 4320 ﬂamma:

352 4367 546 4413 tantum
574 4358 764 4413 ardore
807 4368 1069 4412 movetur.
1103 4356 1365 4427 Numquid
1390 4356 1498 4424 ipse
1534 4365 1605 4410 est
1647 4354 1913 4409 Christus?

352 4448 719 4502 Animadverte
764 4449 954 4501 iterum
997 4462 1239 4517 magnam
1288 4446 1525 4498 mulieris
1575 4442 1907 4511 sapientiam.

352 4537 525 4608 Neque
554 4539 762 4607 penitus
781 4537 1031 4603 afllrmat,
1063 4551 1235 4605 neque
1282 4534 1489 4588 reticet.
1520 4531 1743 4587 Volebat
1771 4533 1911 4585 enim

352 4643 452 4682 nou
474 4643 542 4682 ex
567 4629 816 4697 opinione
840 4643 934 4681 sua
964 4627 1081 4681 illos
1111 4626 1399 4689 inducere;
1430 4623 1525 4678 sed
1562 4623 1653 4677 illo
1691 4621 1872 4676 audito
1894 4663 1909 4689 ,

353 4717 490 4784 ipsos
513 4730 624 4771 suae
651 4718 928 4770 sententiae
950 4726 1224 4771 consortes
1250 4715 1471 4776 habere,
1502 4710 1639 4766 unde
1668 4725 1754 4765 res
1797 4725 1912 4764 ma-

350 4806 426 4872 gis
453 4806 739 4875 probabilis
760 4820 982 4860 evasura
1008 4813 1148 4859 erat.
1202 4804 1364 4873 Atqui
1405 4818 1512 4856 non
1534 4804 1705 4855 ‘totam
1754 4800 1915 4853 vitam

351 4908 495 4947 suam
524 4894 623 4962 ipsi
651 4893 895 4948 Christus
922 4893 1318 4956 declaraverat;
1367 4890 1460 4945 sed
1487 4905 1553 4944 ex
1577 4889 1734 4943 dictis
1753 4896 1914 4941 caete-

353 4994 527 5034 rorum
549 4997 762 5052 quoque
803 4982 1046 5037 notitiam
1077 4981 1247 5049 ipsum
1297 4979 1493 5034 habere
1538 4978 1780 5034 credidit.
1808 4975 1916 5030 Nec

352 5071 498 5138 dixit,
524 5070 732 5136 Venite,
756 5072 988 5136 credite;
1015 5071 1131 5135 sed,
1171 5068 1364 5133 Venite,
1394 5068 1571 5132 videte,
1621 5067 1761 5136 quod
1788 5081 1917 5120 sane

353 5158 515 5213 levius
544 5170 680 5225 erat,
737 5168 795 5213 et
839 5160 1006 5229 magis
1036 5160 1182 5227 ipsos
1206 5158 1422 5212 allicere
1464 5165 1687 5226 poterat.
1732 5154 1916 5209 Vidisti

353 5251 584 5306 mulieris
607 5251 969 5321 sapientiam?
1010 5249 1226 5305 Sciebat
1252 5249 1393 5302 enim
1423 5260 1476 5302 et
1502 5248 1658 5315 plane
1697 5246 1916 5310 sciebat,

352 5339 438 5395 illo
474 5343 759 5412 degustato
801 5341 968 5407 fonte,
1012 5340 1242 5408 idipsum
1297 5339 1403 5392 illis
1447 5347 1757 5390 eventurum
1800 5350 1919 5390 esse

349 5434 481 5499 quod
534 5434 637 5487 sibi
691 5440 962 5486 evenerat.
1009 5431 1170 5500 Atqui
1214 5430 1350 5483 alius
1395 5427 1675 5482 crassioris
1702 5426 1918 5495 ingenii,

348 5524 775 5580 criminationem
823 5523 924 5577 sibi
978 5522 1170 5578 factam
1227 5519 1505 5575 obscurius
1554 5518 1805 5584 dixisset;
1835 5517 1919 5571 illa

346 5627 469 5671 vero
492 5619 659 5671 vitam
689 5628 842 5669 suam
869 5613 1102 5668 declarat
1127 5621 1184 5666 et
1217 5613 1267 5664 in
1300 5611 1529 5665 medium
1556 5609 1764 5663 adducit
1793 5649 1809 5673 ,
1866 5616 1924 5662 ut

343 5722 521 5765 onines
563 5705 869 5762 attraheret
924 5711 1258 5772 cuperetque.
1308 5702 1395 5756 '51.
1438 5699 1640 5754 Interea
1683 5700 1924 5771 rogabant

1998 599 2112 637 eum
2129 585 2370 654 discipuli
2422 589 2552 654 eius,
2602 589 2823 646 dicentes
2855 608 2874 645 :
2894 592 3077 662 Rabbi,
3105 598 3377 653 manduca.
3403 598 3579 664 Illud,

1998 672 2286 744 Rogabont,
2338 676 2590 733 idiomate
2627 696 2729 735 suo
2764 681 2850 737 hic
2876 681 3156 753 significat,
3189 687 3567 749 Ilortabantur.

2000 765 2254 823 Videntes
2293 768 2439 823 enim
2466 784 2587 823 eum
2616 786 2684 825 ex
2708 771 2899 827 itinere
2935 784 2991 829 et
3032 784 3162 829 testu
3186 776 3524 848 defatigatum
3551 823 3565 847 ,

1998 855 2344 911 hortabantur
2369 872 2513 914 eum.
2553 859 2668 914 Non
2722 863 2865 917 enim
2894 878 2959 918 ex
2986 865 3274 933 petulantia
3300 908 3316 929 ,
3364 870 3461 925 sed
3499 886 3565 926 ex

1998 958 2180 999 amore
2203 945 2439 1001 doctoris
2464 949 2531 1002 ad
2556 949 2732 1003 cibum
2758 953 3072 1008 sumendum
3109 956 3397 1023 pellebant.
3428 959 3563 1026 Quid

1998 1047 2125 1103 ergo
2147 1034 2389 1090 Christus
2405 1038 2430 1090 't
2458 1038 2546 1093 32.
2580 1038 2687 1110 Ego
2709 1040 2873 1095 cibum
2896 1044 3052 1099 habeo
3074 1049 3394 1115 manducare,
3418 1066 3566 1121 quem

1998 1139 2083 1177 vos
2100 1126 2296 1179 nescitis
2324 1140 2344 1179 :
2361 1127 2450 1182 35.
2493 1127 2738 1184 Dicebant
2764 1148 2884 1201 ergo
2921 1134 2991 1187 ad
3026 1134 3236 1189 invicem
3260 1152 3283 1191 :
3305 1136 3565 1208 Numquid

1998 1211 2179 1282 aliquis
2197 1215 2364 1267 attulit
2389 1216 2436 1269 ei
2454 1218 2755 1274 manducare
2775 1220 2801 1273 2
2819 1220 2953 1287 Quid
2978 1237 3105 1293 ergo
3134 1226 3344 1280 miraris
3371 1227 3419 1281 si
3445 1243 3564 1282 mu-

1999 1298 2100 1354 lier
2146 1314 2337 1369 aquam
2364 1304 2607 1372 audiens,
2643 1321 2766 1361 vere
2790 1324 2981 1379 aquam
3029 1325 3149 1367 esse
3173 1313 3561 1384 arbitrabatur,

1998 1392 2209 1461 quando
2246 1392 2489 1463 discipuli
2542 1398 2656 1463 pari
2695 1407 2821 1453 sunt
2883 1404 3049 1460 modo
3103 1401 3298 1468 affecti,
3327 1404 3566 1477 nihilque

1998 1481 2275 1551 spirituale
2298 1482 2633 1553 intelligunt;
2676 1487 2772 1542 sed
2800 1486 3060 1554 dubitant,
3084 1489 3208 1546 dum
3235 1492 3441 1549 doctori
3474 1512 3562 1551 re-

1999 1573 2290 1627 verentiam
2311 1584 2367 1630 et
2396 1574 2654 1631 honorem
2677 1592 2778 1648 pro
2803 1593 2954 1635 more
2984 1580 3262 1647 exhibent,
3293 1598 3357 1638 ac
3381 1593 3565 1640 mutue

2000 1660 2398 1730 colloquuntur,
2423 1680 2521 1721 nec
2540 1665 2736 1721 audent
2751 1667 2821 1722 ab
2840 1668 2932 1722 illo
2954 1669 3252 1725 sciscitari?
3273 1671 3383 1727 Hoc
3407 1673 3567 1728 etiam

1999 1748 2125 1803 alibi
2151 1749 2368 1816 faciunt,
2421 1752 2547 1807 dum
2588 1755 2916 1825 interrogare
2957 1758 3248 1826 cupientes,
3301 1760 3577 1817 abstinent

2000 1846 2197 1894 tamen.
2226 1840 2364 1909 Quid
2385 1857 2512 1913 ergo
2531 1843 2810 1900 Christus?
2840 1846 2929 1902 5‘.
2960 1846 3108 1902 lfeus
3125 1847 3266 1904 cibus
3281 1859 3375 1917 est,
3404 1861 3460 1905 ut
3488 1857 3571 1923 fa-

1999 1929 2129 1982 ciam
2168 1931 2470 1986 uoluntatem
2507 1935 2614 2003 ejus
2637 1936 2726 2003 qui
2749 1935 2884 1989 misit
2926 1952 3005 1990 me
3026 1977 3042 2003 ,
3074 1946 3121 1992 et
3145 1940 3403 2008 per/icium
3441 1958 3569 2013 opus

1999 2020 2126 2089 ejus.
2160 2019 2439 2076 llominum
2487 2024 2709 2078 salutem
2740 2024 2828 2079 hic
2850 2024 3027 2079 cibum
3058 2036 3231 2093 vocat,
3282 2031 3569 2086 ostendens

1999 2121 2118 2161 cum
2137 2120 2333 2178 quanta
2355 2125 2482 2166 cura
2507 2113 2659 2166 nobis
2684 2113 2972 2181 provideat.
2998 2114 3065 2171 Ut
3085 2115 3223 2170 enim
3245 2132 3343 2173 nos
3366 2119 3567 2186 cibum,

2000 2198 2071 2253 ita
2098 2200 2184 2254 ille
2208 2210 2446 2257 nostram
2467 2204 2692 2259 salutem
2719 2204 3004 2260 desiderat.
3035 2207 3171 2261 Audi
3191 2223 3318 2263 vero
3348 2225 3455 2279 quo
3472 2226 3570 2280 pa—

1999 2295 2085 2341 cto
2114 2303 2220 2342 non
2248 2290 2444 2360 ubique
2463 2292 2638 2346 omnia
2664 2293 2772 2347 cito
2801 2295 3019 2362 revelet,
3049 2296 3142 2351 sed
3170 2298 3343 2367 primo
3362 2300 3572 2354 audito-

2000 2390 2112 2429 rem
2141 2378 2192 2431 in
2226 2379 2605 2437 dubitationem
2633 2382 2904 2452 conjiciat,
2928 2396 2986 2439 ut
3019 2397 3300 2457 postquam
3325 2405 3569 2457 quan-ere

2001 2466 2195 2535 incepit
2238 2469 2361 2538 quid
2392 2471 2458 2524 sit
2487 2468 2617 2527 illud
2663 2473 2805 2541 quod
2854 2474 3068 2541 dicitur,
3116 2491 3240 2531 cum
3278 2477 3567 2532 dubitando

2000 2554 2224 2619 laborat,
2256 2558 2507 2613 libentius
2535 2560 2588 2615 id
2614 2561 2755 2631 quod
2796 2564 3069 2632 quaerebat
3096 2565 3396 2632 expositum
3424 2568 3568 2622 acci-

2000 2647 2131 2713 piat,
2158 2652 2214 2699 et
2239 2646 2306 2700 ad
2332 2647 2652 2705 audiendum
2676 2651 2841 2720 magis
2860 2652 3142 2707 excitetur.
3171 2654 3275 2709 Cur
3302 2670 3428 2724 ergo
3457 2670 3563 2711 non

2001 2734 2177 2787 statim
2206 2734 2359 2802 dixit,
2378 2736 2525 2793 Meus
2540 2739 2677 2793 cibus
2699 2751 2843 2794 estut
2864 2744 3049 2814 faciam
3075 2744 3372 2800 voluntatem
3395 2745 3569 2802 Patris

2001 2827 2144 2882 mei:
2171 2829 2311 2897 quod
2356 2829 2458 2884 etsi
2488 2844 2595 2885 non
2638 2831 2855 2886 omnino
2894 2834 3117 2897 clarum,
3156 2845 3332 2890 tamen
3377 2837 3571 2893 clarius

2002 2916 2096 2971 illo
2125 2928 2258 2984 erat,
2284 2920 2424 2989 quod
2441 2921 2551 2990 jam
2578 2920 2817 2988 dixerat;
2844 2924 2937 2979 sed
2966 2925 3133 2994 quid?
3154 2924 3264 2996 Ego
3287 2928 3451 2981 cibum
3472 2928 3570 2981 hn—

2002 3005 2092 3061 beo
2119 3009 2440 3075 manducare,
2483 3026 2627 3080 quem
2658 3027 2744 3066 vos
2788 3013 3006 3068 nescitis.
3053 3013 3235 3069 Primo
3282 3017 3457 3086 igitur,
3515 3027 3573 3072 ut

2004 3096 2133 3163 dixi,
2163 3115 2229 3153 ex
2268 3099 2596 3156 dubitatione
2638 3103 2958 3159 attentiores
3002 3103 3128 3160 illos
3175 3105 3371 3170 reddit,
3413 3116 3572 3177 atque

2003 3187 2307 3255 assuefacit,
2336 3200 2395 3244 ut
2417 3191 2578 3245 etiam
2624 3205 2720 3259 per
2738 3193 3037 3261 aanigmata,
3066 3192 3207 3247 dicta
3251 3195 3571 3265 intelligant.

2003 3278 2139 3345 Quid
2190 3288 2366 3333 autem
2423 3280 2493 3333 sit
2536 3281 2779 3334 voluntas
2814 3281 3003 3347 Patris,
3032 3282 3281 3352 deinceps
3323 3286 3570 3353 explicat.

2005 3367 2093 3422 55.
2151 3365 2338 3422 Nonne
2373 3384 2459 3423 eos
2504 3368 2669 3423 dicitis
2692 3408 2706 3433 ,
2752 3369 2886 3432 quod
2930 3370 3098 3424 adhuc
3142 3382 3358 3440 quatuor
3382 3389 3572 3427 menses

2007 3466 2153 3522 sunt,
2203 3467 2249 3510 et
2282 3457 2454 3510 messis
2489 3458 2663 3511 venit?
2709 3455 2840 3512 Ecce
2886 3458 2998 3511 dico
3035 3460 3199 3525 vobis,
3250 3458 3431 3514 Levate
3455 3477 3574 3514 ocu-

2008 3548 2084 3601 los
2106 3558 2292 3601 vcstros
2311 3588 2328 3613 ,
2360 3557 2407 3601 et
2451 3547 2612 3602 videte
2646 3548 2892 3620 regiones,
2926 3548 3043 3619 quia
3071 3548 3199 3603 alba:
3230 3559 3347 3603 sunt
3370 3552 3477 3620 jam
3504 3552 3573 3603 ad

2009 3652 2237 3690 messem.
2742 3616 2769 3631 ἰ

2079 3725 2134 3779 2.
2154 3726 2231 3779 Eu
2257 3739 2465 3779 rursum
2487 3725 2826 3781 familiaribus
2842 3726 3019 3781 verbis
3040 3727 3158 3782 illos
3178 3726 3244 3782 ad
3265 3727 3564 3783 sublimium

2012 3830 2188 3868 rerum
2215 3817 2708 3885 contemplationem
2729 3816 2900 3887 erigit.
2928 3816 3059 3872 Nam
3081 3834 3200 3873 cum
3229 3817 3400 3873 Cibum
3418 3819 3575 3884 dixit,

2014 3905 2142 3959 nihil
2162 3906 2300 3960 aliud
2327 3922 2484 3976 quam
2514 3909 2736 3961 futuram
2766 3907 3035 3961 hominum
3074 3908 3300 3963 salutem
3340 3908 3575 3966 declara-

2013 3996 2123 4059 vit;
2168 4010 2293 4064 ager
2332 4011 2542 4050 rursum
2579 4005 2635 4050 et
2670 3997 2860 4050 messis
2899 3997 2999 4051 hoc
3040 3999 3213 4065 ipsum
3256 3998 3572 4065 significant,

2013 4089 2306 4141 animarum
2335 4103 2523 4156 nempe
2548 4087 2939 4141 multitudinem
2964 4087 3028 4140 ad
3054 4085 3404 4156 praedicantes
3423 4089 3576 4143 exci-

2015 4175 2236 4244 piendos
2260 4185 2516 4243 paratam.
2542 4174 2734 4228 Oculos
2756 4182 2930 4227 autem
2967 4174 3051 4227 hic
3071 4174 3197 4228 dicit
3218 4185 3271 4228 et
3293 4175 3484 4229 mentis
3523 4186 3577 4230 et

2015 4265 2254 4334 corporis
2285 4282 2298 4318 :
2328 4277 2450 4317 nam
2476 4263 2722 4316 videbant
2754 4260 3206 4316 Samaritanorum
3249 4264 3456 4318 turbam
3484 4280 3576 4319 ve-

2017 4356 2249 4410 nientem
2280 4371 2295 4409 :
2320 4354 2529 4408 illorum
2569 4366 2696 4407 vero
2733 4361 3027 4421 promptam
3055 4350 3373 4406 vcluntatem
3400 4354 3576 4423 regio-

2019 4461 2114 4501 nes
2138 4446 2285 4500 albas
2314 4445 2562 4515 appellat.
2594 4442 3047 4511 Quemadmodum
3077 4443 3217 4497 enim
3246 4443 3428 4512 spica},
3454 4457 3576 4499 cum

2018 4536 2152 4589 alba:
2180 4545 2331 4601 sunt,
2358 4535 2465 4603 jam
2503 4534 2569 4589 ad
2619 4547 2845 4588 messem
2883 4541 3006 4587 sunt
3038 4541 3236 4601 paratae
3265 4550 3278 4587 :
3308 4534 3386 4588 sic
3414 4541 3466 4588 et
3495 4536 3578 4589 isti

2018 4625 2083 4679 ad
2110 4626 2329 4680 salutem
2364 4625 2473 4695 jam
2518 4635 2641 4679 sunt
2682 4624 2844 4692 parati
2886 4631 2939 4676 et
2987 4621 3183 4675 idonei.
3227 4621 3295 4676 Et
3332 4638 3430 4677 cur
3473 4640 3578 4678 non

2017 4715 2160 4770 clare
2185 4714 2338 4782 dixit,
2386 4715 2505 4768 illos
2540 4714 2604 4768 ad
2636 4712 2955 4768 credendum
2991 4711 3265 4775 accedere,
3292 4722 3344 4767 et
3372 4723 3580 4781 paratos

2019 4806 2084 4858 ad
2114 4806 2332 4860 verbum
2360 4804 2752 4874 suscipiendum
2775 4818 2914 4866 esse,
2942 4818 2970 4855 a
2996 4803 3265 4873 prophetis
3288 4803 3395 4871 jam
3429 4805 3581 4858 insti-

2023 4906 2182 4961 tutos,
2204 4905 2258 4951 et
2283 4895 2507 4950 fructum
2556 4895 2891 4959 reddituros;
2941 4893 3034 4948 sed
3073 4894 3339 4962 regionem
3363 4904 3416 4948 et
3443 4909 3582 4948 mes-

2022 5001 2134 5040 sem
2178 4987 2323 5054 ipsos
2362 4986 2681 5054 appellavit?
2729 4985 2851 5054 quid
2894 4985 2995 5039 sibi
3034 4986 3217 5039 volunt
3253 4982 3336 5038 ha:
3363 4984 3585 5051 figurae!

2021 5073 2203 5143 Neque
2228 5075 2369 5129 enim
2406 5075 2491 5128 hic
2533 5082 2757 5141 tantum,
2801 5072 2892 5128 sed
2920 5074 3076 5127 etiam
3103 5087 3200 5141 per
3221 5080 3385 5126 totum
3421 5085 3588 5124 evan-

2023 5165 2214 5234 gelium
2242 5162 2294 5217 id
2323 5165 2429 5232 agit
2455 5180 2468 5216 :
2498 5170 2552 5216 et
2584 5162 2853 5231 prephetae
2878 5176 3089 5230 quoque
3116 5175 3183 5215 eo
3214 5158 3330 5225 ipso
3370 5167 3585 5211 utuntur

2023 5268 2208 5319 more,
2248 5262 2302 5307 et
2343 5252 2701 5320 metaphorice
2741 5252 2904 5305 multa
2951 5251 3150 5304 dicunt.
3182 5247 3421 5313 Quanaut
3459 5263 3585 5318 ergo

2023 5342 2092 5395 de
2119 5340 2321 5395 causa?
2348 5340 2527 5410 Neque
2552 5342 2691 5394 enim
2725 5351 2924 5394 temere
2953 5339 3182 5406 Spiritus
3215 5337 3381 5404 gratia
3407 5338 3485 5391 sic
3509 5341 3587 5391 iu-

2025 5430 2214 5483 stituit.
2254 5428 2356 5482 Sed
2387 5443 2482 5480 cur
2511 5427 2762 5481 tandem?
2810 5426 3019 5477 Duabus
3057 5425 3124 5478 de
3151 5425 3326 5478 causis
3353 5442 3365 5477 :
3395 5425 3585 5492 primo,

2028 5528 2082 5572 ut
2112 5520 2280 5587 major
2305 5517 2567 5570 dictorum
2609 5515 2875 5583 emphasis
2900 5522 3060 5576 esset,
3082 5522 3136 5568 et
3152 5530 3215 5571 ea
3233 5516 3285 5568 in
3302 5525 3586 5583 conspectu

2027 5616 2367 5677 ponerentur.
2410 5606 2557 5659 Mens
2599 5607 2739 5658 enim
2786 5602 3062 5671 imaginem
3102 5605 3260 5656 rebus
3297 5616 3584 5655 consonant

2029 5707 2331 5766 asscquuta,
2363 5697 2530 5767 magis
2556 5693 2835 5760 excitatur,
2865 5707 2927 5747 ac
2955 5708 3041 5749 res
3065 5694 3215 5763 quasi
3248 5693 3486 5763 depictas
3511 5690 3585 5744 vi-
