4104 6156
390 215 498 270 I95

389 327 532 392 τίνος
561 326 768 390 ῐνικεν,
805 328 898 382 καὶ
933 329 1076 384 διατί
1093 347 1107 395 ;
1141 333 1292 384 Δυοῖν
1331 333 1516 386 Ξνεκεν
1541 335 1868 405 προφάσεων
1889 347 1914 376 ι
1941 353 1956 366 ·

392 416 521 488 μιᾶς
558 413 679 484 μὲν,
713 413 854 467 ὥστε
881 417 1355 489 ἐμφαντικώτερον
1381 420 1634 488 γενέσθαι
1665 421 1757 474 τὸν
1782 422 1956 490 λόγον,

389 494 716 566 καὶμᾶλλον
765 497 856 548 ὑπ’
901 497 1020 566 δψιν
1069 499 1221 566 ἄγειν
1276 503 1343 554 τά
1391 501 1677 573 λεγόμενα.
1736 503 1800 556 'II
1851 503 1960 574 γὰρ

386 583 618 647 διάνοια,
649 581 752 650 τῆς
768 584 1064 654 συντρόφου
1085 584 1196 637 τῶν
1222 589 1568 658 πραγμάτων
1601 589 1811 652 εἰκόνος
1842 591 1962 642 ἐπι-

387 667 684 738 λαϐομένη,
723 667 1056 723 διανίσταται
1087 673 1305 741 μᾶλλον,
1350 673 1445 727 καὶ
1466 674 1655 746 ῶσπερ
1683 677 1742 728 ἐν
1775 678 1960 747 γραφῇ

388 751 456 806 τά
514 752 816 822 πράγματα
862 753 1079 824 ὁρῶσα,
1130 757 1418 828 κατέχεται
1470 759 1753 829 μειζόνως.
1812 759 1962 824 Ἐνὸς

392 834 490 905 μὲν
521 831 616 888 οῦν
656 835 820 889 ἓνεκα
862 836 1076 890 τούτου·
1121 839 1375 911 δευτέρου
1419 841 1510 905 δὲ,
1544 841 1686 896 ὥστε
1714 843 1806 895 καὶ
1834 843 1964 908 γλυ-

388 917 670 970 καίνεσθαι
693 918 795 988 τὴν
821 917 1090 990 διήγησιν,
1141 922 1234 974 καὶ
1265 924 1642 996 μονιμωτέραν
1685 924 1822 979 εἰναι
1853 925 1962 978 τῶν

389 998 692 1068 λεγομένων
734 999 832 1069 τὴν
886 1005 1124 1072 μνήμην.
1183 1004 1258 1057 Οὐ
1319 1005 1427 1076 γὰρ
1467 1005 1640 1068 οὕτως
1687 1007 1962 1074 ἀπόφασις

389 1083 664 1154 χειροῦται
679 1085 774 1138 καὶ
792 1085 974 1152 ἐνάγει
989 1087 1081 1138 τὸν
1107 1087 1384 1158 ἀκροατὴν
1400 1090 1492 1144 τὸν
1518 1092 1706 1155 πολὺν,
1724 1091 1800 1156 ὡς
1820 1095 1853 1163 ή
1873 1093 1962 1146 διά

389 1164 498 1218 τῶν
529 1165 866 1236 πραγμάτων
894 1167 1170 1238 διήγησις,
1189 1171 1284 1224 καὶ
1313 1173 1347 1242 ή
1379 1173 1668 1246 ὑπογραφὴ
1691 1175 1886 1246 πείρας
1908 1176 1956 1229 ι’.

395 1248 460 1300 ’0
485 1246 574 1300 διά
603 1247 704 1316 τῆς
733 1248 1050 1318 παραϐολῆς
1095 1249 1211 1303 ἔστι
1271 1253 1408 1320 μετά
1451 1253 1650 1324 πολλῆς
1679 1257 1960 1326 γινόμενον

393 1326 519 1411 ἰδεῖν
549 1329 890 1411 τῆς-σοφίας.
915 1333 1022 1411 Καὶ
1059 1334 1092 1386 d
1118 1334 1374 1411 θερίζὶον,
1399 1337 1622 1404 μισθὸν
1645 1339 1956 1406 λαμϐάνει,

390 1405 483 1487 καί
507 1405 756 1475 συνάγει
783 1405 1014 1474 καρπὸὶν·
1037 1411 1124 1474 εἰς
1151 1409 1306 1478 ζωὴν
1332 1411 1589 1467 αἰώνιον.
1633 1415 1690 1468 ’0
1723 1405 1824 1485 μὲν
1852 1418 1960 1487 γὰρ

390 1485 482 1567 τοῦ
515 1487 724 1557 ἀμήτου
757 1489 946 1540 τούτου
977 1491 1222 1559 καρπὸς,
1266 1493 1366 1546 οὐκ
1404 1495 1482 1558 εἰς
1513 1495 1733 1548 αἰώνιον
1783 1485 1957 1567 ζωὴν,

391 1566 503 1621 ἀλλ’
531 1571 609 1631 εἰς
637 1569 736 1639 τὴν
763 1569 1095 1642 πρόσκαιρον
1119 1572 1322 1644 ταύτην
1353 1579 1643 1647 προχωρεῖ·
1666 1579 1694 1630 6
1714 1577 1770 1630 δὲ
1797 1566 1960 1630 πνευ-
1993 1566 2438 1656 μηξτεμπόίιξνοιχ
2472 1566 2545 1612 Τδ
2591 1566 2700 1631 γάρ
2726 1566 3115 1656 εὲπξτξονώτερῖ

2000 1667 2008 1678 -
2036 1632 2146 1708 ⁴ἦν,
2173 1641 2327 1710 φησὶ,
2356 1643 2447 1694 καὶ
2478 1645 2750 1712 μαρτυρεῖ
2773 1643 2833 1696 τὺ
2861 1643 3021 1715 ἔργον
3049 1645 3126 1716 τῷ
3159 1645 3300 1714 λόγῳ
3319 1688 3332 1710 ,
3364 1632 3446 1698 ὅτι
3465 1632 3633 1717 ὑμεῖς

393 1651 648 1722 ματικὸς,
698 1654 778 1716 εἰς
815 1653 914 1724 τὴν
951 1654 1142 1726 ἀγήρω
1174 1657 1269 1708 καὶ
1309 1656 1593 1712 ἀθάνατον.
1640 1661 1801 1731 Ὁρᾷς
1844 1662 1957 1725 πῶς

390 1737 621 1808 αίσθητά
657 1738 755 1807 μὲν
781 1739 849 1791 τά
883 1741 1124 1810 ῥήματα,
1158 1742 1499 1812 πνευματικά
1525 1743 1582 1796 δὲ
1602 1743 1670 1796 τά
1692 1746 1956 1815 νοήματα,

389 1819 482 1873 καὶ
505 1819 572 1872 δι’
611 1819 788 1873 αὐτῶν
817 1819 925 1872 τῶν
953 1821 1148 1888 λέξεων
1185 1823 1384 1894 διαιρεῖ
1417 1824 1487 1878 τά
1517 1827 1680 1896 γήϊνα
1721 1828 1828 1880 ἀπὸ
1851 1828 1959 1880 τῶν

387 1901 684 1970 ούρανίωνς
715 1901 893 1972 Ὅπερ
927 1902 1034 1973 γάρ
1079 1905 1172 1956 ἐπὶ
1209 1904 1302 1958 τοῦ
1346 1905 1535 1969 ὕδατος
1577 1907 1959 1976 διαλεγόμενος

386 1983 634 2054 ἐποίησε,
685 1983 746 2036 τὸ
781 1983 980 2047 ἰδιάζον
1027 1985 1190 2038 αὑτοῦ
1241 1986 1374 2051 θεὶς,
1423 1989 1506 2040 ὅτι
1563 1989 1618 2042 Ὁ
1656 1992 1850 2044 πίνων
1889 1991 1957 2045 τὸ

385 2060 540 2134 ὕδωρ
559 2063 736 2118 τοῦτο
755 2067 828 2118 οὐ
855 2065 941 2134 μὴ
969 2064 1238 2134 διψήσει,
1255 2069 1413 2122 τοῦτο
1436 2071 1528 2124 καὶ
1547 2072 1776 2126 ἐνταῦθα
1796 2077 1955 2136 ποιεί,

383 2148 443 2200 τὸ
467 2149 547 2207 εἰς
567 2147 710 2218 ζωὴν
726 2147 941 2202 αἰώνιον
961 2149 1131 2218 λέγων
1151 2151 1241 2204 τὸν
1265 2153 1474 2224 καρπὸν
1498 2156 1822 2222 συνάγεσθαι
1837 2156 1959 2209 τοῦ·

381 2244 493 2281 τον·
522 2229 655 2283 Ἵνα
672 2230 770 2283 καί
791 2232 824 2284 ό
849 2233 1112 2300 σπείρων
1127 2234 1278 2303 ὁμοῦ
1301 2238 1501 2304 χαίρῃ,
1523 2239 1621 2292 καί
1645 2242 1678 2292 ὀ
1697 2238 1953 2308 θερίζων.

382 2315 480 2380 Τίς
525 2318 675 2370 ἐστιν
711 2319 740 2370 6
773 2319 1035 2390 σπείρων,
1079 2321 1176 2374 καὶ
1212 2323 1298 2386 τίς
1346 2327 1376 2377 6
1417 2325 1677 2397 θερίζων;
1713 2328 1774 2380 Οί
1819 2344 1955 2396 προ-

382 2403 549 2472 φῆταί
590 2405 726 2457 εἰσιν
767 2405 816 2457 οἰ
853 2406 1193 2478 σπείραντες·
1223 2409 1338 2462 ἀλλ’
1362 2411 1463 2464 οὐκ
1490 2413 1645 2466 αὐτοὶ
1682 2412 1954 2483 ἐθέρισαν,

380 2488 571 2542 ἀλλόἰ
617 2490 925 2545 ἀπόστολοι.
972 2493 1048 2546 Ού
1083 2495 1188 2564 μὴν
1219 2495 1306 2549 διὰ
1356 2496 1516 2550 τοῦτο
1559 2499 1956 2568 ἀπεστέρηνται

380 2575 483 2644 τῆς
507 2576 698 2648 ἡδονῆς
715 2579 809 2631 καί
835 2579 934 2649 τῆς
949 2579 1182 2652 ἀμοιϐῆς
1202 2581 1309 2635 τῶν
1327 2584 1526 2649 πόνων,
1545 2584 1680 2638 ἀλλά
1703 2586 1954 2656 συνήδον-

379 2677 472 2716 ται
498 2663 592 2715 καί
618 2663 867 2733 χαίρουσι
897 2667 994 2718 σὺν
1021 2670 1174 2738 ήμῖν,
1215 2671 1264 2724 ει
1297 2671 1392 2724 καί
1431 2672 1504 2740 μὴ
1530 2673 1626 2725 σὺν
1654 2674 1784 2743 ἡμῖν
1811 2672 1957 2742 θερί·

384 2747 588 2834 ζρυσιν.
629 2750 764 2803 Οὑδέ
787 2751 894 2822 γὰρ
921 2754 949 2804 6
981 2753 1190 2823 ἅμητὸς
1213 2755 1371 2828 ἔργον
1399 2757 1494 2810 τοῦ
1529 2758 1752 2828 σπόρου,
1788 2759 1958 2834 Ἔνθα

381 2830 476 2890 οῦν
502 2837 741 2891 ἐλάττων
770 2839 887 2892 ἐστὶ
935 2840 1036 2910 μὲν
1074 2844 1102 2894 ι
1139 2844 1335 2907 πόνος,
1375 2847 1576 2914 μείζων
1608 2847 1665 2899 δέ
1697 2849 1730 2918 ἠ
1771 2831 1953 2918 ἡδονή,

382 2921 616 2976 ινταῦθα
642 2925 786 2993 ὑμᾶς
814 2925 1076 2998 ἐτήρησα,
1105 2927 1203 2980 οὐκ
1230 2931 1288 2982 ἐν
1313 2931 1390 3001 τῷ
1422 2933 1624 3004 σπόρῳ,
1654 2933 1826 3004 Πολλὴ
1847 2933 1956 3004 γὰρ

382 3011 554 3080 ἐκεῖὴ
585 3011 929 3082 ταλαιπωρία
960 3015 1052 3066 καὶ
1081 3017 1109 3068 ό
1137 3016 1318 3081 πόνος.
1373 3019 1460 3071 Ἑν
1503 3021 1612 3090 γὰρ
1655 3019 1732 3090 τῷ
1761 3020 1956 3092 ἀμητῷ

383 3098 420 3166 ή
460 3095 559 3166 μὲν
590 3097 850 3168 πρόσοδος
896 3099 1083 3170 πολλὴ,
1121 3103 1280 3166 πόνος
1309 3104 1364 3156 δὲ
1394 3105 1456 3156 ού
1484 3106 1736 3170 τοσοῦτος
1755 3147 1769 3171 ,
1821 3107 1958 3160 ἀλλά

385 3184 481 3239 καὶ
513 3185 685 3256 πολλὴ
727 3187 759 3255 ἡ
793 3187 1031 3244 εὐκολία.
1083 3191 1346 3245 Ἐνταῦθα
1387 3194 1443 3247 δὲ
1494 3194 1742 3264 βούλεται
1786 3213 1956 3250 κατα-

385 3269 644 3322 σκευάσαι
701 3269 788 3323 διὰ
827 3270 1068 3336 τούτων,
1111 3273 1193 3326 ὄτι
1243 3277 1353 3330 Καὶ
1400 3278 1696 3348 προφητῶν
1744 3278 1958 3349 θέλημα

381 3355 542 3410 τοῦτό
586 3358 740 3420 ἐστι,
787 3357 849 3410 τὺ
900 3360 1024 3428 ἐμοὶ
1060 3361 1186 3424 τοὺς
1239 3363 1558 3434 ἀνθρώπους
1618 3366 1953 3436 προσελθεῖν.

383 3441 552 3496 Τοῦτο
597 3444 690 3496 καὶ⁵
735 3445 763 3496 ό
811 3443 973 3515 νόμος
1030 3449 1450 3513 κατεσκεύαζεν.
1510 3453 1608 3504 Διά
1656 3451 1814 3506 τοῦτο
1861 3456 1956 3506 καὶ

382 3529 663 3601 ἔσπειραν,
709 3529 795 3584 ἵνα
821 3530 1006 3586 τοῦτον
1031 3543 1056 3572 θ
1083 3534 1285 3588 τέκωσι
1320 3537 1409 3588 τὸν
1441 3539 1670 3608 καρπόν.
1709 3539 1954 3593 Δείκνυσι

385 3610 542 3666 δέὄτι
576 3613 861 3676 κάκείνους
891 3613 1050 3677 αὐτὸς
1099 3617 1416 3682 ἀπέστειλε,
1469 3621 1564 3672 καὶ
1611 3621 1694 3674 ὅτι
1727 3621 1894 3692 πολλὴ
1922 3625 1953 3692 ἡ

388 3696 674 3762 συγγένεια
708 3697 773 3766 τῇ
806 3697 978 3767 Καινῇ
1029 3698 1164 3768 πρὸς
1197 3699 1294 3770 τὴν
1335 3701 1596 3764 Παλαιὰν,
1634 3705 1729 3755 καὶ
1778 3704 1956 3756 πάντα

385 3777 520 3848 ὁμοῦ
557 3777 646 3831 διὰ
669 3777 768 3847 τῆς
803 3779 1116 3850 παραϐολῆς
1144 3781 1349 3850 ταύτης
1389 3785 1807 3850 κατασκευάζει.
1840 3787 1954 3839 Μέ-

391 3877 588 3930 μνηται
631 3861 690 3914 δὲ
733 3862 826 3914 καὶ
877 3862 1032 3931 λόγου
1079 3866 1479 3936 παροιμιώδους
1527 3869 1954 3940 περιφερομένου

385 3943 537 4015 [I98]
569 3943 719 4014 παρά
744 3943 972 3998 πολλῶν.
1013 3947 1109 3999 Ἐν
1137 3947 1246 4016 γὰρ
1273 3951 1478 4014 τούτῳ,
1509 3951 1692 4020 φησὶν,
1724 3957 1754 4006 ό
1777 3956 1956 4022 λόγος

383 4024 554 4080 ὀστίν
583 4029 614 4079 ὀ
649 4025 900 4093 ἀληθὴς,
935 4027 1025 4080 ὅτι
1055 4029 1244 4092 ἀλλος
1266 4030 1438 4082 ἐστίν
1479 4035 1511 4084 ό
1549 4035 1828 4101 σπειρῶν,
1860 4037 1958 4088 καὶ

385 4104 574 4174 ἄλλος
604 4111 636 4161 ὀ
671 4107 926 4176 θερίζων,
950 4108 1134 4162 Ταῦτα
1161 4110 1216 4163 δὲ
1245 4113 1426 4180 ἔλεγον
1452 4116 1498 4166 οξ
1532 4116 1732 4177 πολλοὶ,
1775 4117 1956 4169 εἴποτε

387 4189 537 4244 ἄλλοι
573 4191 669 4260 μὲν
701 4191 825 4254 τοὺς
849 4191 1040 4254 πόνους
1069 4194 1398 4264 ὑπέστησαν,
1426 4197 1573 4248 ἄλλοι
1595 4199 1651 4250 δὲ
1673 4201 1796 4262 τοὺς
1826 4217 1958 4270 καρ-

388 4274 520 4336 ποὺς
542 4273 852 4342 ἐδρέποντο·
885 4275 978 4327 καὶ
998 4273 1170 4342 λέγει,
1197 4277 1278 4328 ὅτι
1308 4271 1462 4340 οὗτος
1489 4281 1517 4332 6
1545 4279 1701 4346 λόγος
1727 4282 1958 4334 ἐνταῦθα

391 4355 623 4426 μάλιστα
657 4358 756 4426 τὴν
803 4356 1060 4427 ἀλήθειαν
1095 4359 1226 4428 ἔχει.
1278 4361 1578 4430 Ἐπόνησαν
1620 4363 1719 4432 μὲν
1763 4364 1870 4434 γὰρ
1909 4367 1957 4418 οἱ

389 4440 686 4510 προφῆταιν
723 4441 877 4510 ὑμεῖς
903 4442 959 4494 δὲ
989 4443 1114 4505 τοὺς
1151 4445 1395 4512 καρποὺς
1426 4446 1550 4507 τοὺς
1583 4446 1647 4498 ἐκ
1677 4445 1783 4499 τῶν
1814 4449 1956 4500 ἐκεί-

389 4539 494 4576 νων
518 4524 692 4576 πόνων
721 4523 954 4593 ἀμᾶσθε.
984 4525 1094 4578 Καὶ
1121 4527 1218 4578 οὐκ
1249 4521 1390 4590 εἷπε,
1423 4529 1548 4590 τοὺς
1576 4528 1816 4596 μισθούς·
1839 4531 1959 4583 ούδέ

388 4604 495 4675 γὰρ
526 4605 754 4668 ἐκείνοις
786 4607 1014 4674 ἄμισθος
1061 4607 1090 4659 6
1129 4607 1298 4672 πολὺς
1335 4609 1540 4672 ἐκεῖνος
1573 4613 1734 4674 πόνος
1756 4629 1767 4640 ·
1800 4613 1956 4678 ἀλλὰ,

387 4687 511 4750 τοὺς
537 4687 803 4758 καρπούς.
835 4688 1004 4742 Τοῦτο
1046 4691 1139 4743 καὶ
1185 4691 1382 4760 Δανιὴλ
1426 4693 1670 4763 ἐποίησε.
1717 4696 1822 4748 Καὶ
1851 4696 1958 4768 γὰρ

390 4771 482 4824 καὶ
507 4771 667 4834 αὐτὸς
698 4773 999 4842 παροιμίας
1033 4773 1302 4845 μέμνηται
1340 4775 1622 4848 λεγούσης·
1669 4778 1961 4848 Ἐξῆλθεν

389 4851 458 4917 ἐξ
485 4855 724 4922 ἀνόμων
753 4853 1145 4923 πλημμέλεια.
1173 4859 1280 4910 Καὶ
1315 4861 1344 4911 6
1369 4859 1530 4912 Δαυῒδ
1552 4862 1610 4912 ἐν
1638 4861 1716 4930 τῷ
1743 4861 1960 4934 θρηνεῖν

395 4935 662 5012 μέμνηται
689 4937 948 5006 τοιαύτης
977 4939 1294 5008 παροιμίας.
1345 4941 1440 4994 Διά
1472 4940 1630 4994 τοῦτο
1675 4944 1962 5012 προλαϐὼν

393 5011 529 5082 εἷπε,
559 5019 694 5074 Ἵνα
723 5018 822 5071 καὶ
850 5021 882 5072 ὁ
907 5020 1172 5086 σπείρων
1209 5021 1357 5088 ὁμοῦ
1391 5023 1566 5090 χαίρῃ
1604 5025 1700 5076 καὶ
1721 5011 1768 5077 id
1803 5028 1958 5093 θερί-

393 5098 516 5159 ζων.
559 5101 776 5172 Ἐπειδὴ
805 5101 912 5173 γὰρ
949 5101 1140 5172 ἔμελλε
1171 5103 1346 5170 λέγειν
1386 5107 1464 5158 ὅτι
1510 5106 1663 5169 ἄλλος
1717 5109 1959 5179 ἔσπειρε,

395 5185 484 5236 καὶ
507 5183 660 5248 ἄλλος
693 5185 916 5254 θερίζει,
955 5186 1040 5238 ἵνα
1069 5188 1142 5258 μή
1183 5205 1266 5250 τις
1289 5229 1301 5248 ,
1341 5189 1481 5258 ὅπερ
1513 5189 1648 5258 ἔφην
1669 5232 1682 5254 ,
1727 5192 1961 5246 ἀπεστε-

396 5268 586 5338 ρῆσθαι
617 5272 745 5333 τοὺς
775 5271 1058 5340 προφήτας
1095 5272 1288 5342 νομίσῃ
1314 5271 1406 5323 τοῦ
1461 5273 1652 5340 μισθοῦ
1675 5315 1688 5336 ,
1733 5276 1880 5338 ξένον
1910 5295 1962 5330 τι

393 5349 537 5417 λέγει
560 5353 657 5404 καὶ
676 5351 998 5423 παράδοξον,
1019 5353 1243 5416 καὶτοῖς
1269 5353 1542 5424 αἰσθητοῖς
1565 5356 1624 5408 ού
1647 5358 1960 5426 συμϐαῖνον,

393 5434 526 5487 ἀλλά
568 5435 678 5490 τῶν
718 5436 1106 5506 πνευματικῶν
1145 5437 1418 5506 ἐξαίρετον
1463 5438 1542 5492 δν.
1583 5441 1672 5492 Ἐν
1719 5443 1816 5512 μὲν
1855 5444 1964 5514 γὰρ

393 5519 502 5580 τοῖς
535 5519 826 5589 πράγμασι
852 5521 965 5581 τοῖς
987 5518 1261 5589 αἰσθητοῖς
1283 5519 1376 5572 ἐὰν
1405 5538 1467 5574 συ
1475 5523 1583 5592 μϐῇ
1604 5523 1688 5576 Et:
1699 5542 1788 5594 ρον
1812 5531 1962 5580 σπεῖ-

397 5615 485 5670 ραι
515 5602 609 5655 καὶ
641 5601 830 5672 ἕτερον
879 5601 1112 5672 θερίσαι,
1163 5603 1259 5674 οὐχ
1295 5605 1428 5673 ὁμοῦ
1467 5607 1748 5677 χαίρουσιν
1773 5649 1787 5673 ,
1829 5611 1963 5664 ἀλλὰ

457 5727 492 5797 1
507 5727 680 5797 IIqrel.
711 5727 1058 5797 δυοῖν-,θάτερον
1080 5743 1218 5788 προς).
1286 5727 1312 5767 ι)
1341 5729 1510 5780 Morel.
1536 5734 1780 5797 ὓπογρκφὴ
1809 5738 1958 5796 πεῖραι.

399 5786 424 5814 ⁸
459 5786 662 5844 Quidam
690 5799 806 5838 mss.
844 5788 921 5835 ἵνα
960 5786 1128 5850 τούτῳ.

1356 217 1419 271 IN
1459 219 1777 275 JOANNEM
1799 221 2030 279 IIOMIL.
2073 225 2312 284 XXXIV.
2353 230 2423 285 aI.
2466 229 2698 286 XXXIII.

3542 241 3645 295 I96

2065 339 2319 423 ἀλγοῦσιν
2347 343 2393 392 οί
2425 343 2766 423 σπείραντες,
2813 345 2906 399 ac:
2953 347 3157 418 ἑτέροις
3191 349 3456 419 καμόντες
3477 391 3491 416 ,
3522 353 3642 423 χαί-

2068 435 2222 502 ρουσι
2251 421 2308 474 δέ
2341 423 2389 474 οἰ
2415 422 2720 492 θερίζοντες
2749 427 2918 496 μόνοι.
2955 428 3218 484 Ἐνταῦθα
3236 430 3293 484 δὲ
3325 433 3423 502 οὐχ
3451 421 3642 500 οὕτως,

2066 501 2200 555 ἀλλά
2235 503 2329 556 καί
2375 505 2425 556 οἰ
2582 507 2887 577 θερίζοντες
2930 511 3074 582 άπερ
3106 501 3420 583 έσπειραν,
3441 517 3644 586 ὁμοίως

2063 588 2177 648 τοῖς
2225 587 2410 656 ἀμῶσι
2462 589 2774 660 χαίρουσιν·
2826 592 2947 646 ὅθεν
2978 593 3156 664 δῆλον,
3210 597 3292 649 ὅτι
3345 599 3441 652 καὶ
3487 600 3644 652 αὐτοὶ

2063 668 2379 748 κοινωνοῦσι
2404 669 2512 722 τῶν
2545 672 2768 740 μισθῶν.
2802 673 2949 743 Ἐγὼ
2967 676 3298 731 ἀπέστειλα
3321 678 3476 746 ὑμᾶς
3491 683 3646 748 θερί-

2063 747 2180 807 ζειν
2201 749 2232 802 ὃ
2256 752 2368 818 οὐχ
2397 751 2564 820 ὑμεῖς
2586 754 2997 808 κεκοπιάκατε·
3021 756 3200 812 ἄλλοι
3218 747 3638 825 κεκοπιάκασι,

2063 831 2162 884 καί
2207 832 2376 900 ὑμεῖς
2418 837 2504 900 εἰς
2553 836 2660 888 τὸν
2709 837 2901 889 κόπον
2950 837 3148 891 αὐτῶν
3190 843 3639 908 εἰσεληλύθατε.

2061 912 2246 985 Ταύτῃ
2279 917 2571 994 προτρέπει
2603 918 2803 987 μᾶλλον
2833 920 3048 984 αὐτούς.
3086 922 3306 992 Ἐπειδὴ
3335 924 3441 994 γὰρ
3465 926 3640 979 ἐδόκει

2062 997 2315 1050 ἐπίπονον
2331 993 2466 1052 εἰναι
2484 999 2544 1052 τὺ
2560 1002 2789 1070 πρᾶγμα
2803 1003 2864 1054 τὸ
2879 1003 2976 1072 τὴν
2995 1004 3316 1073 οἰκουμένην
3335 1005 3638 1076 περιελθεῖν

2061 1081 2156 1133 καὶ
2185 1079 2440 1151 κηρῦξαι,
2469 1081 2738 1138 δείκνυσιν
2771 1085 2852 1138 ὃτι
2879 1087 2974 1139 καὶ
3000 1087 3194 1156 ῥᾷστόν
3223 1083 3401 1140 ὲστιά.
3435 1088 3508 1139 Τὸ
3528 1092 3638 1159 γὰρ

2063 1163 2265 1234 σφόδρα
2292 1165 2548 1219 ἐπίπονον
2573 1169 2747 1221 ἐκεῖνο
2777 1164 2865 1238 ἦν,
2890 1167 2921 1222 δ
2946 1169 3141 1222 πολλοῦ
3174 1168 3421 1238 καμάτου
3445 1171 3636 1233 ἐδεῖτο,

2060 1245 2120 1297 τὸ
2143 1246 2470 1300 καταϐαλεῖν
2515 1248 2586 1301 τά
2634 1249 2958 1320 σπέρματα,
3015 1250 3110 1303 καὶ
3160 1251 3339 1320 ψυχὴν
3392 1251 3639 1321 ἀμύητον

2061 1327 2344 1396 ἐναγαγεῖν
2399 1329 2480 1388 είς
2531 1329 2879 1396 θεογνωσίαν.
2926 1331 3104 1393 Τίνος·
3137 1331 3192 1384 δὲ
3236 1332 3420 1384 ἕνεκεν
3466 1333 3638 1387 ταῦτα

2062 1395 2390 1463 φθέγγεται;
2430 1399 2544 1450 ἰνα
2571 1395 2698 1453 ὅταν
2727 1400 2924 1463 αὐτοὺς
2955 1400 3252 1470 ἀποστείλῃ
3284 1403 3365 1464 εἰς
3393 1402 3453 1454 τὸ
3475 1403 3638 1473 κηρῦ-

2061 1475 2171 1542 ξαι,
2228 1478 2303 1548 μὴ
2366 1479 2774 1548 θορυϐηθῶσιν,
2837 1481 2914 1544 ὡς
2963 1484 3044 1544 εἰς
3093 1484 3326 1553 πρᾶγμα
3381 1484 3638 1536 ἐπίπονον

2061 1557 2420 1636 πεμπόμενοι.
2472 1560 2545 1612 Τὸ
2591 1560 2700 1631 γὰρ
2741 1562 3142 1632 ἐπιπονώτερον
3178 1564 3287 1616 τῶν
3339 1565 3642 1636 προφητῶν

2059 1721 2152 1774 ἐπὶ
2187 1723 2254 1776 τά
2305 1721 2500 1776 εὔκολα
2550 1723 2759 1791 ἤλθετε.
2811 1725 3023 1796 Ὥσπερ
3067 1727 3177 1798 γὰρ
3232 1728 3324 1780 ἐπὶ⁸
3373 1727 3632 1798 θερισμοῦ

2063 1803 2180 1872 μετ’
2203 1803 2450 1869 εὐκολίας
2481 1805 2578 1875 μὲν
2613 1807 2642 1858 6
2676 1807 2886 1875 καρπὸς
2933 1808 3244 1876 συνάγεται,
3297 1811 3392 1862 κιιι)⁸
3437 1811 3496 1861 ἐν
3532 1811 3634 1880 μιᾷ.

2061 1887 2262 1956 ροπῇή
2303 1885 2448 1950 ἅλως
2493 1887 2794 1958 πληροῦται
2831 1887 2940 1941 τῶν
2973 1887 3323 1960 δραγμάτων,
3361 1891 3462 1944 οὐκ
3501 1893 3636 1945 ἀνα-

2061 1969 2327 2036 μενόντων
2353 1980 2378 2009 θ
2401 1970 2498 2034 τὰς
2522 1971 2628 2024 τῶν
2662 1971 2871 2040 καιρῶν
2894 1973 3122 2042 τροπὰς,
3147 1974 3242 2026 καὶ
3270 1974 3516 2044 χειμῶνα
3539 1977 3635 2026 καὶ

2058 2049 2156 2120 ἐαρ
2181 2052 2275 2104 καὶ
2308 2052 2530 2122 ὄμϐρον·
2564 2051 2706 2105 οὕτω
2739 2055 2833 2106 καίΙ
2873 2053 2965 2106 νῦν
3004 2055 3234 2122 γίνεται·
3277 2057 3370 2109 καὶ
3400 2056 3466 2110 τά
3499 2055 3635 2126 ἔργα

2060 2133 2176 2203 βοᾷ.
2200 2134 2418 2200 Μεταξὺ
2462 2130 2556 2187 οὖν
2609 2134 2859 2202 λέγοντος
2909 2136 3072 2189 αὑτοῦ
3099 2137 3296 2203 ταῦτα,
3328 2137 3554 2209 ἐξῄεσαν
3583 2141 3634 2191 οἱ

2058 2216 2415 2284 Σαμαρεῖται,
2439 2216 2532 2269 καὶ
2559 2218 2822 2286 συνήγετο
2838 2216 3031 2286 ἀθρόον
3059 2219 3087 2270 6
3116 2220 3346 2290 καρπός.
3367 2221 3463 2272 Διά
3477 2220 3635 2273 τοῦτο

2058 2293 2228 2350 εἷπεν·
2260 2299 2463 2366 Ἄρατε
2483 2299 2626 2365 τοὺς
2659 2300 3004 2369 ὀφθαλμοὺς
3035 2299 3220 2370 ὑμῶν,
3253 2301 3350 2355 καὶ
3369 2301 3637 2367 ,ϐλέπετε

2056 2381 2164 2446 τὰς
2195 2383 2409 2450 χώρας,
2447 2381 2537 2436 ὅτι
2569 2385 2784 2436 λευκαί
2822 2385 3002 2437 εἰσιν.
3043 2380 3176 2437 Εῐπε
3210 2383 3404 2450 ταῦτα,
3449 2383 3542 2438 καὶ
3571 2383 3635 2437 τὸ

2057 2462 2217 2533 ἔργον
2263 2463 2460 2532 ἐφάνη,
2518 2465 2612 2518 καὶ
2667 2464 2735 2518 τὰ
2784 2466 3004 2535 ῥήματα
3049 2467 3114 2518 ἐκ
3155 2466 3266 2519 τῶν
3297 2466 3634 2536 πραγμάτων

2057 2547 2285 2615 ἐωρᾶτο.
2312 2545 2458 2617 [I99]
2497 2547 2596 2600 Ἐκ
2617 2546 2726 2617 γὰρ
2748 2546 2858 2614 τῆς
2879 2549 3112 2613 πόλεως
3132 2548 3369 2613 ἐκείνης
3391 2548 3630 2609 πολλοὶ,

2058 2631 2242 2697 φησὶν,
2269 2629 2641 2683 ἐπίστευσαν
2668 2633 2755 2695 εις
2775 2629 2961 2683 αὐτὸν
2989 2629 3104 2682 τῶν
3137 2628 3512 2698 Σαμαρειτῶν
3535 2628 3635 2681 διὰ

2055 2713 2164 2764 τὸν
2191 2713 2378 2780 λόγον
2403 2711 2516 2780 τῆς
2544 2711 2846 2782 γυναικὸς,
2879 2713 3325 2781 μαρτυρούσης,
3365 2711 3453 2765 ὅτι
3483 2708 3636 2767 Εἷπέ

2050 2810 2152 2860 μοι
2192 2794 2389 2846 πάντα
2432 2793 2550 2848 ὅσα
2586 2795 2867 2861 ἐποίησα.
2913 2793 3206 2862 Συνεῶρων
3249 2795 3358 2866 γὰρ
3389 2795 3471 2848 ὅτι
3528 2796 3632 2849 οὐκ

2057 2874 2124 2928 ἂν
2177 2873 2453 2945 ἐθαύμασε
2486 2876 2504 2914 ι
2548 2877 2684 2945 πρὸς
2717 2876 2876 2946 χάριν
2913 2877 2945 2946 ή
2993 2876 3128 2946 γυνὴ
3159 2875 3249 2928 τὸν
3289 2875 3633 2944 διελέγξαντα

2056 2955 2226 3025 αὐτῆς
2243 2957 2312 3010 τά
2335 2957 2800 3028 πλημμελήματα,
2821 2957 2928 3010 οὐδ’
2944 2957 3010 3010 ἂν
3032 2959 3171 3030 ὑπὲρ
3191 2958 3284 3010 τοῦ
3303 2957 3632 3028 χαρίσασθαι

2057 3037 2227 3108 ἐτέρῳ
2256 3037 2345 3091 τὸν
2373 3039 2572 3109 ἐαυτῆς
2600 3038 2976 3109 ἐξεπόμπευσε
3008 3038 3142 3108 βίον.

2125 3127 2194 3189 γ’.
2229 3120 2612 3192 Μιμησώμεθα
2634 3121 2698 3192 δὴ
2721 3122 2818 3192 τὴν
2843 3123 3077 3189 γυναῖκα
3106 3121 3198 3174 καὶ
3220 3123 3400 3192 ἡμεῖς,
3428 3123 3519 3175 καὶ
3539 3123 3632 3174 ἐπὶ

2055 3205 2166 3266 τοῖς
2199 3203 2416 3268 οἰκείοις
2453 3205 2812 3275 ἁμαρτήμασι
2865 3204 2940 3274 μὴ
2987 3203 3374 3274 αἰσχυνώμεθα
3421 3201 3633 3274 ἀνθρώ-

2057 3305 2210 3351 πους,
2235 3287 2370 3340 ἀλλά
2395 3285 2687 3358 φοϐώμεθα
2716 3288 2791 3350 ὡς
2819 3289 2924 3359 χρὴ
2951 3287 3083 3340 Θεὸν
3113 3287 3204 3340 τὸν
3229 3287 3324 3340 καὶ
3351 3285 3448 3340 νῦν
3469 3284 3634 3356 ὀρῶνο

2057 3385 2122 3421 τα
2147 3369 2209 3420 τὸ
2232 3369 2535 3438 γινόμενον,
2571 3371 2665 3423 καὶ
2693 3369 2818 3422 τότε
2849 3368 3146 3432 κολάζοντα
3185 3369 3312 3430 τοὺς
3351 3368 3425 3439 μὴ
3467 3383 3630 3436 μεττ-

2057 3453 2351 3520 νοήσαντας
2371 3451 2486 3506 νῦν·
2511 3453 2587 3514 ὡς
2617 3450 2713 3504 νῦν
2759 3467 2824 3518 γε
2867 3451 3172 3504 τούναντίον
3221 3449 3500 3518 ποιοῦμεν.
3529 3450 3633 3502 Τὸν

2061 3535 2158 3604 μὲν
2181 3535 2290 3604 γὰρ
2325 3535 2584 3604 μέλλοντα
2611 3535 2838 3605 κρίνειν,
2859 3533 2920 3591 οὐ
2953 3533 3290 3602 δεδοίκαμεν·
3318 3532 3444 3592 τοὺς
3462 3532 3517 3583 δὲ
3539 3532 3630 3584 οὑ-

2056 3617 2142 3670 δέν
2173 3619 2320 3687 ἡμᾶς
2356 3616 2860 3687 παραϐλάπτοντας,
2895 3614 3116 3697 τούτους
3167 3615 3508 3697 φρίττομεν,
3539 3615 3632 3697 καὶ

2057 3699 2155 3768 τὴν
2183 3699 2314 3771 παρ’
2355 3698 2532 3752 αὐτῶν
2569 3697 2830 3769 αἰσχύνην
2853 3696 3148 3768 τρέμομεν.
3192 3695 3290 3749 Διά
3313 3695 3469 3748 τοῦτο
3497 3696 3554 3747 ἐν
3589 3695 3632 3761 ᾧ

2057 3779 2394 3850 δεδοίκαμεν,
2427 3782 2485 3832 ἐν
2524 3779 2697 3850 τούτῳ
2733 3777 2830 3850 τὴν
2855 3777 3125 3848 τιμωρίαν
3162 3777 3393 3847 δίδομεν.
3435 3778 3496 3828 '0
3525 3777 3634 3846 γὰρ

2057 3864 2318 3934 αἰσχύνην
2346 3863 2644 3932 ἀνθρώπων
2673 3863 3022 3933 ὑφορώμενος
3051 3860 3146 3913 νῦν
3183 3863 3363 3931 μόνον,
3411 3859 3546 3912 Θεοῦ
3575 3860 3632 3912 δέ

2057 3947 2290 4018 ὁρῶντος
2322 3947 2396 4018 μὴ
2429 3947 2812 4018 αἰσχυνόμενος
2855 3943 3059 4016 πρᾶξαί
3095 3961 3148 3995 τι
3191 3942 3412 4004 άτοπον,
3449 3941 3635 4011 μὴγθέ-

2057 4030 2163 4082 λων
2191 4031 2520 4100 μετανοῆσαι
2568 4028 2662 4080 καὶ
2732 4025 3155 4096 μεταϐαλέσθαι,
3213 4027 3278 4076 ἐν.
3329 4023 3516 4094 ἐκείνῃ
3565 4025 3631 4092 τῇ

2059 4111 2238 4181 ἡμέρᾳ
2260 4113 2359 4163 οὐκ
2405 4110 2632 4162 ἐνώπιον
2671 4110 2787 4171 ἐνὸς
2826 4110 2920 4162 καὶ
2948 4108 3222 4178 δευτέρου,
3256 4106 3390 4158 ἀλλά
3430 4105 3529 4174 τῆς
3559 4106 3636 4156 οἰ-

2059 4194 2328 4263 κουμένης
2373 4193 2589 4261 ἀπάσης
2637 4190 2848 4261 ὁρώσης
2884 4187 3462 4258 παραδειγματίζεται.
3511 4188 3635 4240 ’Ότι

2060 4277 2166 4346 γὰρ
2191 4274 2414 4328 καὶτῶν
2446 4273 2665 4341 ἀγαθῶν
2711 4272 2982 4344 πράξεων,
3022 4273 3116 4324 καὶ
3148 4271 3256 4322 τῶν
3289 4271 3351 4323 ού
3378 4271 3634 4322 τοιούτων

2063 4361 2206 4430 μέγα
2232 4359 2454 4428 θέατρον
2484 4360 2600 4410 ἐκεῖ
2627 4352 2886 4425 κάθηται,
2913 4357 2948 4423 ἡ
2976 4353 3083 4406 τῶν
3106 4353 3391 4424 προϐάτων
3409 4353 3503 4406 καὶ
3523 4353 3634 4404 τῶν

2060 4441 2264 4513 ἐρίφων
2289 4441 2568 4511 παραϐολὴ
2591 4439 2893 4492 παιδευέτω
2912 4453 2990 4502 σε,
3025 4439 3118 4490 καὶ
3141 4438 3170 4488 6
3197 4435 3465 4506 μακάριος
3488 4435 3634 4488 Παῦο

2059 4524 2168 4588 λος,
2185 4525 2378 4593 λέγων·
2394 4527 2490 4579 Δεῖ
2502 4523 2609 4592 γὰρ
2620 4521 2796 4593 ἡμᾶς,
2817 4538 2892 4592 φη
2900 4521 2970 4584 σῖ,
2988 4520 3366 4590 παραστῆναι
3379 4521 3636 4589 ἐμπροσ-

2061 4610 2166 4662 θεν
2215 4610 2321 4663 τοῦ
2349 4608 2622 4678 ,ϐήματος
2678 4607 2782 4662 τοῦ
2829 4605 3123 4675 Χριστοῦ,
3172 4605 3272 4659 ἵνα
3321 4605 3636 4674 κομίσηται

2060 4693 2317 4758 ἕκαστος
2349 4693 2421 4746 τὰ
2459 4693 2556 4746 διὰ
2591 4691 2697 4746 τοῦ
2729 4691 3002 4760 σώματος
3036 4690 3153 4742 ὅσα
3183 4689 3474 4755 ἔπραξεν,
3517 4689 3637 4742 εἴτε

2059 4775 2306 4844 ἀγαθὸν,
2341 4775 2462 4830 εῑτε
2483 4776 2691 4828 κακόν·
2725 4775 2820 4827 καὶ
2855 4773 3036 4838 πάλιν,
3066 4775 3170 4837 Ὃς
3198 4769 3532 4840 φανερώσει
3565 4773 3638 4822 τὰ

2061 4857 2293 4926 κρυπτὰ
2318 4857 2424 4912 τοῦ
2455 4859 2734 4922 σκότους.
2765 4856 3044 4926 Ἔπραξάς
3079 4873 3130 4908 τι
3161 4853 3420 4924 πονηρὸν,
3464 4851 3498 4918 ἦ
3551 4854 3636 4902 ἐν-

2061 4941 2308 5011 ενόησας,
2335 4941 2426 4994 καὶ
2465 4940 2724 5009 κρύπτεις
2759 4940 3070 5009 ἄνθρωπον;
3114 4935 3274 4988 Ἀλλὰ
3305 4935 3395 4986 τὸν
3423 4934 3556 4985 Θεὸν
3576 4935 3638 4984 οὐ

2062 5025 2340 5094 κρύπτεις.
2386 5023 2524 5075 Ἀλλ’
2555 5023 2707 5076 οὐδὲν
2740 5023 2944 5074 τούτων
2975 5037 3056 5072 σοι
3084 5019 3256 5088 μέλει·
3285 5018 3332 5068 οἱ
3361 5015 3414 5066 δὲ
3439 5013 3640 5094 όφθαλ-

2065 5093 2156 5176 μοὶ
2188 5107 2296 5158 τῶν
2348 5104 2684 5174 ἀνθρώπων,
2735 5102 2892 5156 τοῦτό
2930 5119 3012 5154 σοι
3065 5099 3246 5166 φόϐος.
3298 5093 3504 5146 Οὐκοῦν
3552 5096 3639 5145 ὲν-

2063 5190 2252 5258 νόησον
2279 5189 2361 5240 ὅτι
2394 5187 2514 5240 οὐδὲ
2544 5187 2862 5256 ἀνθρώπους
2902 5184 3082 5235 λαθεῖν
3126 5180 3326 5249 δυνήσῃ
3371 5177 3510 5230 κατὰ
3539 5176 3637 5247 τὴν

2064 5273 2276 5342 ἡμέραν
2301 5271 2536 5339 ἐκείνην.
2563 5269 2745 5322 Πάντα
2779 5267 2886 5334 γὰρ
2910 5265 2984 5326 ώς
3011 5265 3069 5314 ἐν
3093 5261 3259 5314 εἰκόνι
3293 5260 3412 5312 τότε
3440 5261 3634 5332 στήσε-

2064 5371 2151 5407 ται
2173 5353 2292 5406 κατ’
2311 5351 2618 5420 ὀφθαλμοὺς
2641 5350 2815 5418 ἡμῶν,
2834 5348 2908 5409 ὡς
2935 5343 3394 5412 αύτοκατάκριτον
3409 5343 3638 5396 ἕκαστον

2063 5435 2334 5503 γενέσθαι.
2367 5434 2477 5487 Καὶ
2505 5433 2660 5484 τοῦτο
2691 5429 2846 5498 δῆλον
2869 5428 2960 5479 καὶ
2983 5425 3090 5477 ἀπὸ
3109 5423 3201 5476 τοῦ
3229 5425 3504 5479 πλουσίου.
3531 5427 3638 5478 Καὶ

2065 5519 2172 5588 γὰρ
2206 5519 2299 5572 καὶ
2323 5517 2413 5570 τὸν
2438 5513 2814 5584 ὑπεροφθέντα
2849 5510 3073 5578 πένητα,
3091 5507 3180 5560 τὸν
3205 5508 3450 5577 Λάζαρον
3471 5509 3634 5576 λέγω,

2127 5677 2151 5714 d
2181 5673 2272 5724 Alii
2301 5676 2410 5737 ῥᾷον
2435 5676 2552 5722 ἐστι.
2625 5685 2647 5711 ε
2667 5670 3465 5741 Οιιίιίζῐη-οὐκᾶναμενὸντων,εῑζξὶρ
3485 5669 3634 5741 Sm'il:

2069 5739 2128 5785 At.
2149 5731 2318 5786 λιι-τρῖ.
2340 5731 2432 5782 ὀὐκ
2456 5735 2712 5793 ἀνειμένον).
2775 5792 2780 5793 γ
2802 5732 2820 5769 ί
2851 5733 2993 5793 8η·ρο
3019 5731 3222 5793 Vidimus
3241 5733 3488 5793 θαυμάζειν
3508 5731 3636 5790 apud

2071 5801 2238 5846 I‘alros
2267 5811 2375 5845 οδες
2406 5789 2622 5852 quddrc,
2649 5792 2869 5845 Imuiibus
2899 5789 3007 5842 (itm
3032 5789 3348 5842 admiratione
3373 5789 3636 5839 celem-dre.
