4104 6156
463 217 566 273 197

456 339 634 384 tamen
663 326 795 382 nihil
832 339 1019 389 curas;
1046 322 1228 380 oculos
1257 330 1432 376 autem
1463 318 1738 372 hominum
1766 312 2040 371 formidas.

457 417 638 487 Cogita
686 430 817 484 ergo
864 423 918 469 te
948 430 1055 468 non
1088 411 1330 467 homines
1363 411 1528 465 latere
1554 421 1710 478 posse
1736 406 1791 462 in
1815 404 2037 460 dieillo.

459 507 648 563 Omnia
670 506 816 561 enim
844 504 996 576 quasi
1024 505 1076 558 iu
1121 503 1347 573 imagine
1379 512 1503 554 tunc
1527 498 1744 554 stabunt
1765 506 1890 550 ante
1915 508 2043 549 ocu-

463 601 541 655 los
570 609 804 663 nostros,
850 607 909 650 ut
943 596 1302 666 unusquisque
1338 601 1522 648 contra
1567 605 1628 645 se
1656 588 1809 649 ferat,
1825 594 2043 640 senten-

462 691 586 744 tiam
612 707 626 754 ;
656 688 798 758 quod
833 703 899 742 ex
926 687 1088 742 divite
1130 686 1305 756 palam
1350 693 1451 740 est.
1495 681 1704 737 Etenim
1751 690 2040 749 pauperem

461 781 608 834 illum
659 794 818 850 quem
869 779 1207 847 despexerat,
1258 776 1515 831 Lazarum
1559 773 1701 837 dico,
1746 770 1816 825 ob
1861 768 2042 823 oculos

459 880 687 925 stantem
714 870 864 924 dives
889 869 1041 932 vidit,
1072 877 1126 923 et
1171 882 1328 933 quem
1359 881 1478 920 cum
1508 864 1731 918 horrore
1765 858 2039 927 depulerat

461 962 684 1031 digitum
707 961 817 1031 jam
849 971 997 1029 rogat
1024 959 1123 1012 sibi
1159 958 1351 1012 solatio
1387 970 1527 1010 esse.
1556 953 1706 1022 Rogo
1736 951 1913 1020 igitur,
1940 946 2038 1001 etsi

465 1068 619 1107 nemo
663 1065 846 1106 nostra
896 1050 1092 1113 videat,
1135 1048 1328 1118 singuli
1378 1047 1431 1101 in
1472 1060 1622 1100 suam
1661 1040 2038 1097 conscientiam

463 1142 847 1213 ingrediantur,
889 1149 945 1194 et
980 1140 1215 1209 judicem
1254 1138 1355 1192 sibi
1395 1136 1653 1190 rationem
1692 1130 2038 1191 constituant,

465 1242 675 1304 peccata
706 1231 761 1285 in
788 1230 1016 1285 medium
1042 1239 1220 1300 agant.
1253 1229 1314 1282 Et
1343 1227 1442 1284 nisi
1479 1226 1644 1279 velint
1675 1238 1737 1278 ea
1767 1222 1818 1276 iu
1840 1221 1927 1275 die
1951 1220 2040 1273 illa

463 1321 682 1376 terribili
728 1319 1070 1389 promulgari,
1116 1317 1443 1388 paenitentiae
1486 1313 1719 1370 remedia
1749 1319 2037 1381 apponant,

462 1427 524 1467 ac
549 1413 776 1467 vulnera
819 1421 1028 1467 sanent.
1057 1412 1240 1466 Potest
1271 1410 1437 1475 enim,
1468 1416 1645 1479 potest
1669 1406 1913 1475 quisque,
1938 1403 2041 1457 etsi

462 1503 608 1557 mille
645 1503 811 1571 plagis
830 1509 1076 1567 onustus,
1101 1516 1262 1556 sanus
1291 1500 1459 1554 abire.
1482 1498 1614 1553 Nam
1641 1497 1700 1552 Si
1729 1495 2038 1560 dimiseritis,

464 1592 648 1661 inquit,
672 1601 876 1663 peccata
896 1593 1210 1645 dimittantur
1228 1590 1364 1644 vobis
1376 1607 1396 1654 ;
1420 1589 1464 1643 si
1487 1604 1587 1642 non
1607 1586 1915 1647 dimiseritis,
1939 1599 2041 1637 non

462 1682 773 1735 dimittantur
798 1680 1009 1751 (Matth.
1037 1681 1091 1735 6.
1118 1681 1206 1735 l4.
1232 1679 1350 1750 l5).

533 1770 838 1825 Ptenitcntia
865 1788 982 1826 vera
1007 1788 1138 1840 quis.
1166 1768 1623 1838 Quemadmodum
1649 1769 1701 1822 in
1725 1766 2041 1835 baptismate

460 1862 634 1916 abluta
660 1871 875 1930 peccata
898 1877 1004 1915 non
1028 1861 1258 1929 amplius
1284 1867 1543 1930 apparent
1570 1876 1584 1912 :
1623 1858 1693 1911 ita
1720 1868 1771 1911 et
1801 1855 1914 1909 haec
1939 1854 2037 1909 de-

462 1953 726 2017 lebuntur,
756 1955 800 2007 si
828 1953 1191 2023 paenitentiam
1228 1966 1467 2021 agamus.
1512 1950 1567 2004 ln
1598 1948 1699 2002 hoc
1731 1956 1906 2001 autem
1929 1959 2041 2014 pm-

463 2045 682 2099 uitcntia
722 2044 821 2098 sita
847 2053 950 2108 est,
982 2059 1050 2098 ne
1076 2043 1264 2098 eadem
1302 2043 1415 2113 ipsa
1446 2049 1758 2110 patreutur:
1790 2037 1926 2091 Nam
1953 2037 2039 2107 qui

462 2134 530 2187 ad
550 2144 752 2203 peccata
777 2134 1058 2197 revertitur,
1085 2134 1267 2187 similis
1292 2142 1362 2187 est
1388 2132 1503 2186 cani
1530 2132 1598 2183 ad
1632 2129 1870 2183 vomitum
1894 2144 2041 2182 suum

462 2224 689 2277 redeunti
714 2223 792 2294 (2.
815 2222 929 2280 Pet.
950 2224 1085 2278 2.2]
1103 2263 1115 2276 .
1136 2223 1228 2293 22)
1251 2241 1265 2288 ;
1294 2222 1371 2295 (a)
1399 2222 1629 2296 [necnon
1655 2222 1703 2275 ei
1731 2220 1820 2290 qui
1846 2235 2039 2274 secun-

464 2314 585 2367 dum
617 2314 954 2383 proverbium
985 2315 1158 2383 ignem
1192 2316 1457 2380 verberat,
1490 2322 1544 2368 et
1572 2313 1625 2366 in
1652 2321 1872 2381 pertuso
1897 2312 2041 2367 dolio

466 2403 685 2477 haurit.]
713 2404 933 2475 Oportet
961 2420 1088 2475 ergo
1114 2414 1168 2460 et
1194 2420 1252 2459 re
1281 2420 1333 2460 οι
1357 2405 1580 2459 animoa
1604 2401 1893 2457 sceleribus
1914 2402 2041 2457 abs-

465 2497 653 2561 tinere,
686 2506 847 2566 atque
874 2496 1137 2551 contraria
1171 2497 1401 2565 peccatis
1434 2495 1656 2564 singulis
1683 2493 1915 2549 remedia
1943 2507 2042 2562 ap-

465 2600 683 2656 ponere.
718 2586 956 2656 Exempli
1002 2601 1183 2652 causa,
1216 2586 1458 2655 rapuisti,
1487 2595 1539 2639 et
1570 2600 1762 2639 avarus
1786 2582 1967 2637 fuisti?
1997 2584 2041 2637 A

465 2675 646 2744 rapina
673 2676 900 2738 abstine,
929 2683 982 2731 et
1009 2676 1363 2745 eleemosynae
1394 2673 1684 2729 remedium
1716 2673 1924 2727 vulneri
1946 2672 2044 2726 ad-

467 2780 642 2820 move.
672 2763 985 2819 Fornicatus
1018 2766 1110 2819 es?
1140 2766 1179 2819 A
1214 2764 1567 2818 fornicatione
1594 2764 1809 2827 absiste,
1841 2773 1895 2817 et
1929 2763 2044 2816 vul-

468 2857 577 2909 neri
608 2857 905 2911 castitatem
934 2872 1159 2926 appone.
1192 2856 1392 2911 Fratris
1433 2857 1505 2910 tui
1536 2856 1726 2910 famam
1752 2856 1915 2911 verbo
1946 2855 2042 2909 lu:-

467 2945 602 3009 sisti,
633 2946 844 3016 ipsique
871 2948 1138 3001 nocuisti?
1164 2948 1205 3001 A
1236 2947 1530 3002 maledictis
1560 2948 1787 3012 abSIiue,
1820 2956 1871 3003 et
1902 2948 2043 3001 cari-

468 3037 589 3091 tatis
631 3038 923 3092 remedium
974 3052 1202 3109 appone.
1261 3037 1332 3090 Ita
1381 3052 1474 3107 per
1517 3038 1721 3107 singula
1765 3037 2044 3109 faciamus,

468 3144 636 3198 neque
686 3140 899 3198 peccata
943 3140 1384 3186 transcurramus.
1429 3126 1555 3184 Nam
1604 3131 1765 3185 inStat
1806 3132 2039 3199 demum,

466 3223 624 3276 instat
648 3234 793 3278 certe
835 3223 1054 3277 rationis
1101 3222 1383 3277 reddendm
1427 3232 1657 3289 tempus.
1694 3223 1818 3278 Ideo
1849 3224 2043 3278 Paulus

464 3313 673 3367 diccbat
719 3330 731 3366 :
789 3311 1038 3366 Dominus
1086 3329 1246 3383 prape
1290 3323 1361 3365 est
1402 3328 1420 3376 ;
1483 3312 1611 3366 nihil
1672 3312 1874 3366 solliciti
1932 3314 2043 3367 sitis

466 3403 716 3472 (Philipp.
749 3404 802 3458 4.
833 3403 886 3458 5.
913 3403 991 3474 6).
1022 3403 1127 3458 Sed
1172 3404 1325 3457 nobis
1370 3403 1506 3458 forte
1545 3412 1727 3457 contra
1758 3404 2042 3459 dicendum

464 3502 565 3559 est,
598 3493 852 3547 Dominus
881 3508 1048 3563 prope
1076 3503 1179 3557 est,
1212 3493 1422 3547 solliciti
1458 3503 1648 3549 estote.
1696 3494 1775 3549 Illi
1814 3511 2042 3565 namque

464 3598 588 3642 tunc
630 3588 851 3658 pulchre
872 3589 1180 3658 audiebant,
1231 3589 1381 3644 Nihil
1417 3591 1618 3645 solliciti
1669 3592 1802 3658 sitis,
1853 3594 1941 3662 qui
1989 3595 2040 3647 iu

464 3680 739 3746 atrtutinis,
771 3680 1064 3749 laboribus,
1091 3683 1473 3737 certaminibus
1502 3682 1784 3752 degebant.
1826 3684 1925 3749 Qui
1946 3700 2042 3739 au-

463 3779 566 3826 tem
600 3773 655 3826 in
698 3773 897 3843 rapinis
939 3782 1239 3839 versantur,
1288 3774 1340 3828 iu
1383 3775 1675 3842 voluptate,
1723 3777 1811 3841 qui
1854 3790 2042 3844 graves

463 3862 717 3916 reddituri
760 3873 880 3917 sunt
936 3866 1190 3929 rationes,
1237 3879 1340 3916 non
1386 3862 1508 3927 hoc,
1559 3863 1650 3917 sed
1695 3863 1821 3917 illud
1850 3866 2041 3919 merito

461 3952 744 4019 audierint,
778 3953 1030 4008 Dominus
1068 3960 1234 4022 prepe
1264 3962 1382 4007 est:
1424 3952 1641 4008 solliciti
1679 3964 1872 4009 estote.
1922 3954 2038 4009 Non

460 4230 497 4272 υ
521 4165 594 4226 (a)
610 4173 723 4272 (fere
739 4165 929 4216 uncinis
943 4164 1247 4229 clauduntur,
1259 4167 1438 4218 desunt
1461 4170 1509 4217 in
1529 4170 1671 4219 savii.
1685 4177 1738 4220 et
1753 4172 2039 4233 quibusdam

500 4240 565 4272 SS.
592 4239 619 4272 a
643 4240 715 4272 IIS.

500 4240 565 4274 SS.
592 4239 715 4275 alus.

1415 205 1477 261 lli
1516 202 1829 260 JOANNEM
1867 199 2099 258 llOMlL.
2140 198 2361 256 XXXV.
2400 199 2472 255 al.
2514 195 2755 255 XXXIV.

2298 74 2311 105 ἐ

3630 202 3730 257 l98

2151 312 2294 365 enim
2319 313 2476 380 longe
2504 322 2532 361 a
2562 302 3023 363 consummatione
3060 307 3314 364 absumus
3343 309 3441 380 (a),
3468 312 3560 368 sed
3583 316 3649 371 ad
3679 318 3739 370 li-

2149 416 2270 455 nem
2302 399 2412 468 jam
2458 398 2693 454 mundus
2741 398 2931 468 vergit.
2990 398 3102 454 Hoc
3149 403 3500 469 praenuntiant
3551 404 3732 472 bella,

2148 504 2422 553 utrumme,
2471 498 2626 543 terrm
2653 501 2848 551 motus,
2889 489 2988 544 hoc
3026 491 3287 547 exstincta
3329 494 3543 548 caritas.
3586 493 3735 550 Sicut

2148 581 2292 634 enim
2319 593 2515 648 corpus
2553 580 2831 649 exspirans
2861 589 2915 634 et
2941 581 3099 634 morti
3131 582 3429 650 proximum
3462 584 3605 639 mille
3634 585 3735 640 do-

2146 671 2351 726 loribus
2393 670 2642 736 afﬁcitur,
2692 679 2745 725 et
2787 672 2989 725 ruitura
3030 672 3221 727 domus
3254 679 3417 730 multa
3459 679 3734 746 pra-mittit

2146 777 2266 832 qum
2295 778 2360 816 ex
2385 771 2524 815 tecto
2547 768 2603 816 et
2630 777 2695 816 ex
2736 762 3030 830 parietibus
3055 764 3307 820 decidunt
3333 789 3345 820 :
3374 769 3451 822 sic
3478 784 3730 824 consum-

2145 854 2314 909 matio
2339 854 2485 909 orbis
2504 854 2613 923 jam
2644 869 2806 925 prope
2832 866 2882 909 et
2917 870 3012 923 pro
3049 856 3252 911 foribus
3281 868 3363 913 est
3391 877 3404 913 :
3445 862 3564 916 ideo
3595 864 3731 917 mala

2146 946 2381 1013 undique
2405 945 2576 1014 ipsum
2602 946 2875 1000 invadunt.
2908 946 3039 1000 Nam
3063 949 3104 1001 si
3139 959 3262 1002 tunc
3287 950 3541 1006 Dominus
3568 969 3733 1023 prope

2145 1046 2281 1098 erat.
2315 1038 2482 1091 multo
2508 1040 2675 1108 magis
2721 1053 2862 1092 nunc
2889 1054 3053 1108 prope
3085 1049 3186 1094 est.
3225 1040 3278 1095 Si
3326 1052 3450 1098 ante
3479 1046 3735 1113 quadrin-

2144 1138 2334 1199 gentos
2364 1131 2380 1161 ¹
2421 1144 2593 1184 annos
2644 1146 2763 1185 cum
2806 1130 2921 1185 luec
2967 1130 3307 1196 dicerentur,
3355 1144 3562 1203 tempus
3603 1136 3732 1191 illud

2144 1221 2527 1291 plenitudinem
2573 1232 2871 1290 temporum
2907 1223 3102 1277 Paulus
3142 1226 3388 1289 vocabat,
3424 1226 3591 1280 tnulto
3619 1244 3735 1281 ma-

2145 1311 2227 1380 gis
2252 1326 2490 1379 praesens
2522 1319 2729 1380 tempus
2772 1312 2843 1366 ita
2877 1314 3196 1367 vocandum.
3235 1316 3304 1369 At
3334 1315 3574 1371 fortassis
3616 1318 3735 1373 ideo

2146 1404 2358 1471 quidam
2387 1419 2491 1457 non
2533 1388 2778 1457 credunt.
2818 1405 2977 1474 Atqui
3024 1404 3142 1459 ideo
3181 1405 3349 1477 magis
3374 1407 3727 1463 credendum.

2146 1492 2298 1549 Unde
2325 1494 2483 1556 nosti,
2512 1495 2583 1547 mi
2609 1496 2789 1557 homo,
2817 1492 2975 1548 finem
3004 1503 3058 1549 et
3086 1510 3244 1565 supra
3270 1496 3410 1551 dicta
3438 1512 3543 1552 non
3566 1512 3733 1568 prope

2145 1586 2305 1639 esse?
2332 1586 2489 1640 Certe
2521 1594 2579 1639 ut
2604 1587 2727 1639 anni
2760 1587 2917 1640 finem
2948 1602 3053 1640 non
3076 1587 3214 1642 diem
3240 1589 3481 1643 ultimum
3508 1591 3734 1645 dicimus

2145 1690 2285 1740 esse,
2314 1676 2408 1731 sed
2439 1676 2598 1730 etiam
2628 1676 2872 1730 ultimum
2919 1691 3178 1739 mensem,
3220 1689 3275 1733 et
3303 1678 3347 1733 si
3380 1679 3589 1747 triginta
3620 1680 3735 1735 die-

2145 1781 2262 1820 rum
2295 1766 2365 1820 sit
2394 1785 2407 1821 :
2440 1766 2510 1820 ita
2540 1766 2584 1820 si
2617 1775 2692 1820 tot
2715 1781 2977 1821 annorum
3008 1767 3586 1836 quadringentesimum
3612 1786 3733 1827 esse

2144 1854 2304 1910 finem
2334 1855 2647 1923 dixerimus,
2679 1872 2785 1911 non
2815 1856 3205 1912 aberrabimus.
3250 1856 3431 1927 Itaque
3463 1859 3574 1929 jam
3607 1868 3733 1915 tunc

2143 1946 2235 2003 ille
2257 1947 2413 2003 finem
2440 1947 2837 2018 praenuntiavit.
2863 1948 3222 2004 Coerceamus
3246 1950 3403 2019 igitur
3425 1966 3521 2005 nos
3547 1952 3690 2021 ipsos
3714 1970 3728 2005 :

2145 2037 2387 2091 ltetemur
2414 2038 2465 2092 in
2508 2038 2697 2092 timore
2743 2037 2856 2092 Dei.
2910 2038 3117 2091 Etenim
3163 2038 3318 2093 nobis
3356 2054 3475 2093 cum
3519 2040 3732 2095 licentia

2145 2128 2502 2195 versantibus,
2532 2144 2636 2182 nou
2666 2127 2822 2182 valde
2859 2127 3189 2193 curantibus,
3224 2144 3328 2182 non
3369 2134 3728 2199 exspectanti-

2145 2218 2265 2282 bus,
2300 2228 2520 2287 repente
2560 2218 2733 2274 aderit
2772 2219 2864 2272 Dei
2909 2220 3211 2274 adventus:
3243 2221 3383 2290 quod
3426 2222 3731 2290 significans

2146 2309 2392 2365 Christus
2434 2310 2645 2365 dicebat
2681 2328 2695 2364 :
2742 2312 2889 2366 Sicut
2927 2313 3059 2365 enim
3104 2316 3294 2383 factum
3349 2324 3420 2367 est
3460 2315 3511 2367 in
3558 2316 3731 2369 diebus

2124 2398 2283 2464 \Noe,
2312 2410 2357 2452 et
2382 2400 2433 2453 in
2462 2401 2635 2454 diebus
2660 2400 2776 2464 Lot,
2795 2402 2867 2454 sic
2893 2403 2984 2455 erit
3024 2403 3076 2455 in
3105 2406 3531 2458 consummatione
3560 2407 3732 2460 δωρειιὶ

2148 2490 2299 2559 hujus
2326 2491 2531 2559 (Matth.
2558 2492 2655 2547 24.
2688 2493 2801 2564 57).
2853 2494 2967 2549 Hoc
3014 2505 3068 2549 ct
3110 2495 3305 2549 Paulus
3349 2497 3424 2549 sic
3451 2497 3729 2554 declarat:

2147 2579 2274 2634 Cum
2302 2582 2538 2647 dixerint,
2572 2582 2687 2636 Pax
2711 2594 2757 2637 et
2778 2586 3041 2647 securitas,
3074 2595 3190 2638 tunc
3219 2589 3509 2658 repentinus
3545 2591 3613 2641 eis
3639 2604 3729 2641 suo

2147 2671 2397 2738 perveniet
2444 2672 2708 2735 interitus,
2755 2673 2883 2726 sicut
2917 2674 3064 2727 dolor
3110 2676 3162 2729 in
3210 2687 3350 2730 utero
3381 2678 3605 2732 habentis
3651 2680 3726 2749 (l.

2151 2759 2325 2816 Thess.
2356 2764 2408 2818 5.
2444 2762 2520 2837 5).
2552 2764 2688 2832 Quid
2728 2776 2810 2820 est
2837 2766 3001 2821 Dolor
3027 2768 3078 2821 in
3108 2779 3249 2822 utero
3276 2771 3502 2824 habentis
3526 2772 3551 2824 ?
3574 2771 3729 2840 Sa'pe

2148 2864 2486 2923 praegnantes
2523 2855 2795 2920 mulieres,
2824 2857 2948 2911 dum
2979 2858 3187 2925 ludunt,
3229 2861 3512 2929 prandent,
3538 2864 3589 2916 in
3619 2863 3731 2917 bal-

2147 2960 2271 3012 neo,
2306 2946 2357 2999 in
2386 2945 2502 3001 foro
2523 2957 2665 3012 sunt,
2701 2950 2767 3003 de
2807 2950 2984 3005 futuro
3025 2953 3156 3008 nihil
3185 2957 3499 3024 cogitantes,
3532 2973 3729 3026 repen-

2148 3035 2273 3089 tinis
2299 3035 2618 3090 invaduntur
2647 3038 2942 3094 doloribus.
2975 3039 3108 3095 Cum
3136 3058 3263 3112 ergo
3285 3045 3521 3112 ejusdem
3552 3047 3732 3101 condi-

2147 3127 2307 3180 tionis
2333 3142 2419 3181 res
2444 3138 2638 3183 nostra:
2666 3130 2793 3196 sint,
2817 3131 2982 3185 simus
3000 3148 3213 3202 semper
3241 3137 3427 3203 parati.
3450 3136 3565 3190 Non
3587 3138 3727 3194 enim

2146 3232 2361 3285 semper
2387 3217 2500 3272 haec
2527 3218 2827 3283 audiemus,
2860 3236 2967 3275 non
2997 3238 3209 3293 semper
3245 3223 3384 3279 hanc
3410 3236 3729 3292 potestatem

2149 3308 2478 3363 habebimus.
2527 3308 2595 3363 In
2638 3312 2866 3382 inferno,
2915 3313 3105 3382 inquit,
3146 3317 3258 3384 quis
3299 3317 3616 3379 conﬁtebitur
3642 3320 3731 3373 tibi

2148 3398 2317 3471 (Psal.
2350 3398 2403 3454 6.
2451 3400 2552 3472 8)?
2602 3401 2697 3455 llic
2739 3403 2916 3471 itaque
2966 3404 3333 3472 paenitentiam
3384 3422 3624 3476 agamus.
3674 3420 3732 3465 ut

2146 3490 2225 3544 sic
2276 3491 2441 3545 Deum
2486 3492 2770 3561 propitium
2817 3493 3129 3560 habeamus,
3162 3510 3224 3550 ac
3268 3497 3476 3564 plenam
3505 3499 3731 3554 delicto-

2148 3595 2264 3633 rum
2316 3582 2523 3635 veniam
2576 3597 2966 3652 consequamur
3018 3601 3033 3635 2
3085 3601 3241 3654 quam
3296 3589 3495 3641 utinam
3544 3603 3729 3648 OlllleS

2147 3672 2510 3740 impetremus,
2539 3675 2707 3743 gratia
2741 3684 2794 3728 et
2822 3674 3147 3745 benignitate
3177 3677 3384 3732 Domini
3409 3681 3575 3734 nostri
3603 3681 3732 3735 Jesu

2146 3761 2367 3829 Christi,
2407 3763 2492 3818 cui
2516 3764 2683 3836 gloria
2714 3775 2768 3821 et
2794 3766 3072 3836 imperium
3103 3769 3153 3823 in
3171 3771 3363 3825 saecula
3387 3774 3726 3829 szeculorum.

2147 3855 2344 3911 Amen.

2209 4078 2224 4108 ι
2248 4074 2400 4146 Ῠςωλίι.
2425 4078 2616 4146 habet.
2651 4084 2908 4134 trecentos.
2936 4086 2987 4130 et
3019 4083 3087 4131 sic
3108 4082 3206 4131 duo
3224 4089 3331 4132 Mss.
3359 4088 3413 4132 Al.
3446 4084 3614 4146 plures
3639 4084 3723 4134 ha-

2142 4137 2281 4192 bent,
2305 4138 2694 4199 mtadringentos.

2206 4199 2278 4259 (α)
2314 4200 2511 4247 Putabat
2531 4200 2895 4262 Cttrysostomus
2925 4214 3021 4250 non
3045 4201 3194 4264 longe
3219 4217 3332 4253 esse
3355 4206 3502 4255 tinem
3538 4209 3723 4255 mundi.

460 4380 3718 4429 .___....._...____.____________.____________

1728 4476 2070 4541 HOMILIA
2123 4482 2393 4543 XXXV.

460 4611 546 4667 40.
579 4611 703 4666 Cum
740 4616 990 4670 uenissent
1028 4634 1145 4687 ergo
1171 4618 1237 4671 arl
1267 4619 1410 4673 illum
1450 4619 1764 4674 Samaritani
1787 4662 1800 4685 ,
1832 4640 2038 4694 rogave-

528 4716 645 4758 runt
669 4723 782 4759 eum
805 4718 858 4760 ut
883 4709 952 4761 ibi
972 4720 1214 4763 maneret.
1240 4711 1306 4764 Et
1333 4713 1512 4765 mansit
1539 4712 1608 4765 ibi
1633 4714 1759 4767 duos
1785 4714 1910 4769 dies.
1943 4718 2033 4773 41.

530 4795 596 4849 Et
625 4801 783 4852 multo
813 4800 982 4868 plures
1009 4802 1326 4855 crediderunt
1352 4802 1403 4856 in
1443 4821 1556 4856 eum
1601 4818 1802 4875 propter
1847 4824 2038 4861 sermo-

527 4905 638 4942 nem
666 4891 817 4959 ejus;
846 4892 937 4947 42.
969 4904 1016 4946 et
1056 4894 1256 4947 mulieri
1290 4895 1516 4948 dicebant
1564 4913 1584 4950 :
1615 4898 1754 4964 ,Quia
1784 4899 1899 4967 jam
1940 4917 2040 4954 non

527 4992 730 5051 prapter
746 4992 883 5035 tuam
914 4984 1162 5051 loquelam
1182 4986 1430 5040 credimus
1456 5003 1474 5040 :
1491 4988 1591 5055 ipsi
1605 4990 1735 5041 enim
1758 4990 2039 5044 audivimus

526 5079 573 5122 et
596 5072 803 5137 scimus,
826 5075 945 5139 quia
971 5075 1052 5126 hic
1082 5086 1153 5128 est
1181 5091 1299 5129 vere
1326 5076 1563 5130 Salvator
1591 5080 1762 5131 mundi
1786 5080 2035 5136 Christus.

522 5161 612 5216 45.
643 5161 714 5215 Et
735 5174 847 5233 post
868 5165 975 5219 dies
997 5166 1124 5220 duos
1146 5168 1352 5220 excessit
1384 5167 1499 5221 inde
1522 5210 1537 5234 ,
1567 5179 1613 5223 et
1641 5170 1760 5223 abiit
1803 5172 1854 5224 in
1895 5171 2036 5225 Gali-

520 5254 687 5308 latam.
752 5266 755 5269 '

526 5347 574 5399 l.
598 5345 1039 5401 Samaritanorum
1058 5349 1090 5402 .1
1099 5349 1455 5418 udteoruntque
1474 5367 1592 5422 erga
1608 5351 1862 5407 Christum
1882 5372 2037 5424 agm-

453 5434 507 5488 di
526 5437 746 5491 rationes
770 5451 1132 5506 comparantur
1161 5457 1179 5494 :
1202 5441 1473 5496 laudantur
1497 5447 1711 5512 priores,
1731 5445 2037 5515 redarguun-

453 5534 537 5574 ιω·
562 5522 760 5580 Judari.
789 5527 933 5582 Nihil
963 5530 1157 5583 invidia
1185 5538 1238 5584 et
1270 5531 1435 5586 livore
1480 5533 1626 5602 pejus
1647 5575 1661 5599 ,
1712 5533 1842 5587 nihil
1892 5535 2033 5589 inani

453 5613 614 5686 gloria
645 5615 884 5675 deterius
914 5637 924 5672 :
956 5619 1069 5676 lucc
1098 5620 1376 5676 innumera
1404 5637 1746 5697 corrumpere
1773 5625 1907 5681 solet
1937 5626 2029 5682 bo-

2150 4643 2238 4679 na.
2266 4626 2435 4682 Judaei
2467 4645 2595 4698 ergo
2622 4646 2741 4685 cum
2775 4633 3033 4701 majorem
3064 4651 3221 4706 quam
3268 4640 3586 4697 Samaritani
3632 4658 3726 4698 co-

2145 4720 2434 4789 gnitionem
2482 4723 2770 4789 haberent,
2821 4737 2872 4780 et
2919 4744 3039 4782 cum
3087 4732 3363 4801 prophetis
3404 4738 3614 4791 educati
3645 4754 3728 4792 es-

2145 4821 2264 4864 sent
2287 4853 2300 4875 ,
2335 4812 2440 4866 illis
2473 4822 2648 4867 tamen
2682 4816 2805 4869 hinc
2833 4817 3111 4873 inferiores
3135 4820 3369 4877 luerunt.
3402 4826 3724 4882 Samaritani

2147 4903 2452 4958 testimonio
2493 4905 2730 4960 mulieris
2785 4906 2942 4961 fidem
2994 4910 3264 4979 habuere,
3316 4915 3568 4984 nulloque
3612 4919 3728 4969 viso

2145 4991 2297 5060 signo
2326 5003 2526 5048 exeunt
2549 4997 2779 5063 rogaturi
2820 4998 3088 5054 Christum
3121 5011 3179 5055 ut
3225 5018 3403 5057 secum
3448 5019 3682 5060 maneret
3712 5024 3726 5070 ;

2144 5078 2313 5135 Judmi
2342 5097 2509 5150 vero,
2548 5086 2708 5138 etiam
2738 5088 2866 5141 visis
2915 5090 3186 5143 miraculis
3211 5131 3225 5155 ,
3273 5107 3378 5145 non
3421 5093 3580 5149 modo
3621 5111 3727 5150 non

2143 5170 2291 5225 illum
2315 5172 2452 5239 apud
2481 5188 2539 5227 se
2562 5175 2894 5231 retinuerunt
2917 5219 2932 5244 ,
2961 5179 3054 5232 sed
3081 5181 3240 5233 etiam
3288 5181 3457 5248 ipsum
3503 5198 3563 5237 ex
3576 5186 3723 5254 pule-

2144 5274 2300 5326 runt,
2331 5262 2565 5337 nihilque
2598 5282 2701 5320 non
2734 5278 2956 5335 egerunt
2987 5280 3043 5322 ut
3086 5270 3262 5335 ipsum
3294 5286 3325 5324 e
3370 5274 3587 5342 regione
3629 5291 3722 5329 sua

2151 5355 2505 5411 climiuarent.
2538 5358 2754 5413 Etiamsi
2787 5360 2996 5413 illorum
3047 5362 3215 5429 gratia
3261 5367 3527 5433 venisset,
3577 5370 3721 5423 illiilli

2144 5446 2490 5502 nihilominus
2521 5449 2834 5518 eiecerunt;
2865 5451 2916 5503 hi
2947 5462 3130 5505 contra
3163 5464 3217 5507 ut
3245 5457 3382 5524 apud
3403 5474 3460 5514 se
3487 5472 3720 5517 n'tanerc’

2141 5546 2415 5604 rogarunt.
2448 5537 2582 5591 Num
2615 5555 2742 5608 ergo
2771 5541 2837 5593 ad
2885 5540 2981 5594 hos
3027 5553 3274 5613 rogantes
3316 5565 3420 5603 non
3460 5553 3726 5605 acceden-

2143 5624 2265 5680 dum
2296 5626 2425 5695 fuit,
2457 5628 2548 5683 sed
2581 5629 2686 5684 illis
2707 5672 2720 5696 ,
2750 5631 2839 5700 qui
2866 5632 2965 5688 sibi
2995 5633 3129 5690 bene
3175 5636 3356 5694 affecti
3399 5651 3583 5710 erant,
3631 5661 3716 5699 re-
