  <div class='ocr_page' id='page_1' title='image "/cluster/home/n/w/nwhite01/storage/ocr_20150623/59/mdp.39015009383640/197.png"; bbox 0 0 4104 6156; ppageno 0'>
   <div class='ocr_carea' id='block_1_1' title="bbox 427 226 2891 300">
    <p class='ocr_par' dir='ltr' id='par_1_1' title="bbox 427 226 2891 300">
     <span class='ocr_line' id='line_1_1' title="bbox 427 226 2891 300; baseline -0.005 -2"><span class='ocrx_word' id='word_1_1' title='bbox 427 245 524 300; x_wconf 74' lang='grc'><strong>199</strong></span> <span class='ocrx_word' id='word_1_2' title='bbox 1097 236 1152 290; x_wconf 87' lang='lat' dir='ltr'><strong>S.</strong></span> <span class='ocrx_word' id='word_1_3' title='bbox 1191 234 1467 290; x_wconf 72' lang='lat' dir='ltr'><strong>JOANNIS</strong></span> <span class='ocrx_word' id='word_1_4' title='bbox 1495 228 1962 287; x_wconf 77' lang='lat' dir='ltr'><strong>CllRYSOSTOMI</strong></span> <span class='ocrx_word' id='word_1_5' title='bbox 2003 226 2318 286; x_wconf 78' lang='lat' dir='ltr'><strong>ABCUIEP.</strong></span> <span class='ocrx_word' id='word_1_6' title='bbox 2359 229 2891 289; x_wconf 82' lang='lat' dir='ltr'><strong>CONSTANTINOP.</strong></span> 
     </span>
    </p>
   </div>
   <div class='ocr_carea' id='block_1_2' title="bbox 422 348 1998 430">
    <p class='ocr_par' dir='ltr' id='par_1_2' title="bbox 422 348 1998 430">
     <span class='ocr_line' id='line_1_2' title="bbox 422 348 1998 430; baseline -0.011 -15"><span class='ocrx_word' id='word_1_7' title='bbox 422 361 560 415; x_wconf 87' lang='lat' dir='ltr'><strong>lictis</strong></span> <span class='ocrx_word' id='word_1_8' title='bbox 579 401 594 424; x_wconf 88' lang='lat'><strong>,</strong></span> <span class='ocrx_word' id='word_1_9' title='bbox 624 356 763 430; x_wconf 87' lang='lat' dir='ltr'><strong>apud</strong></span> <span class='ocrx_word' id='word_1_10' title='bbox 793 353 1132 410; x_wconf 74' lang='lat' dir='ltr'><strong>insidiatores</strong></span> <span class='ocrx_word' id='word_1_11' title='bbox 1160 359 1213 406; x_wconf 91' lang='lat' dir='ltr'><strong>et</strong></span> <span class='ocrx_word' id='word_1_12' title='bbox 1240 348 1580 405; x_wconf 82' lang='lat' dir='ltr'><strong>adversarios</strong></span> <span class='ocrx_word' id='word_1_13' title='bbox 1603 360 1823 400; x_wconf 90' lang='lat' dir='ltr'><strong>manere</strong></span> <span class='ocrx_word' id='word_1_14' title='bbox 1847 358 1998 414; x_wconf 86' lang='lat' dir='ltr'><strong>opor-</strong></span> 
     </span>
    </p>
   </div>
   <div class='ocr_carea' id='block_1_3' title="bbox 421 434 1993 508">
    <p class='ocr_par' dir='ltr' id='par_1_3' title="bbox 421 434 1993 508">
     <span class='ocr_line' id='line_1_3' title="bbox 421 434 1993 508; baseline -0.011 -4"><span class='ocrx_word' id='word_1_15' title='bbox 421 450 557 504; x_wconf 76' lang='lat' dir='ltr'><strong>tuit?</strong></span> <span class='ocrx_word' id='word_1_16' title='bbox 589 452 652 504; x_wconf 72' lang='lat' dir='ltr'><strong>At</strong></span> <span class='ocrx_word' id='word_1_17' title='bbox 685 462 788 502; x_wconf 91' lang='lat' dir='ltr'><strong>non</strong></span> <span class='ocrx_word' id='word_1_18' title='bbox 816 445 1007 500; x_wconf 78' lang='lat' dir='ltr'><strong>fuisset</strong></span> <span class='ocrx_word' id='word_1_19' title='bbox 1036 439 1167 496; x_wconf 91' lang='lat' dir='ltr'><strong>illud</strong></span> <span class='ocrx_word' id='word_1_20' title='bbox 1213 439 1330 508; x_wconf 82' lang='lat' dir='ltr'><strong>ejus</strong></span> <span class='ocrx_word' id='word_1_21' title='bbox 1375 436 1710 507; x_wconf 78' lang='lat' dir='ltr'><strong>providentia</strong></span> <span class='ocrx_word' id='word_1_22' title='bbox 1755 434 1993 504; x_wconf 83' lang='lat' dir='ltr'><strong>dignum.</strong></span> 
     </span>
    </p>
   </div>
   <div class='ocr_carea' id='block_1_4' title="bbox 423 526 1998 620">
    <p class='ocr_par' dir='ltr' id='par_1_4' title="bbox 423 526 1998 620">
     <span class='ocr_line' id='line_1_4' title="bbox 423 526 1998 620; baseline -0.008 -26"><span class='ocrx_word' id='word_1_23' title='bbox 423 543 544 594; x_wconf 77' lang='lat' dir='ltr'><strong>Ideo</strong></span> <span class='ocrx_word' id='word_1_24' title='bbox 570 554 769 620; x_wconf 72' lang='lat' dir='ltr'><strong>morem</strong></span> <span class='ocrx_word' id='word_1_25' title='bbox 791 535 957 607; x_wconf 89' lang='lat' dir='ltr'><strong>gessit</strong></span> <span class='ocrx_word' id='word_1_26' title='bbox 981 543 1035 589; x_wconf 88' lang='lat' dir='ltr'><strong>et</strong></span> <span class='ocrx_word' id='word_1_27' title='bbox 1061 531 1254 588; x_wconf 89' lang='lat' dir='ltr'><strong>mansit</strong></span> <span class='ocrx_word' id='word_1_28' title='bbox 1283 529 1420 600; x_wconf 90' lang='lat' dir='ltr'><strong>apud</strong></span> <span class='ocrx_word' id='word_1_29' title='bbox 1438 544 1531 584; x_wconf 90' lang='lat' dir='ltr'><strong>eos</strong></span> <span class='ocrx_word' id='word_1_30' title='bbox 1557 527 1764 582; x_wconf 90' lang='lat' dir='ltr'><strong>duobus</strong></span> <span class='ocrx_word' id='word_1_31' title='bbox 1788 526 1998 582; x_wconf 89' lang='lat' dir='ltr'><strong>diebus.</strong></span> 
     </span>
    </p>
   </div>
   <div class='ocr_carea' id='block_1_5' title="bbox 419 617 2000 704">
    <p class='ocr_par' dir='ltr' id='par_1_5' title="bbox 419 617 2000 704">
     <span class='ocr_line' id='line_1_5' title="bbox 419 617 2000 704; baseline -0.01 -18"><span class='ocrx_word' id='word_1_32' title='bbox 419 631 520 701; x_wconf 81' lang='lat' dir='ltr'><strong>Ipsi</strong></span> <span class='ocrx_word' id='word_1_33' title='bbox 553 617 764 704; x_wconf 70' lang='lat' dir='ltr'><strong>quidam</strong></span> <span class='ocrx_word' id='word_1_34' title='bbox 794 627 1091 681; x_wconf 87' lang='lat' dir='ltr'><strong>voluissent</strong></span> <span class='ocrx_word' id='word_1_35' title='bbox 1116 624 1265 679; x_wconf 88' lang='lat' dir='ltr'><strong>illum</strong></span> <span class='ocrx_word' id='word_1_36' title='bbox 1293 629 1552 692; x_wconf 87' lang='lat' dir='ltr'><strong>perpetuo</strong></span> <span class='ocrx_word' id='word_1_37' title='bbox 1580 620 1842 674; x_wconf 89' lang='lat' dir='ltr'><strong>retinere:</strong></span> <span class='ocrx_word' id='word_1_38' title='bbox 1870 617 2000 672; x_wconf 92' lang='lat' dir='ltr'><strong>illud</strong></span> 
     </span>
    </p>
   </div>
   <div class='ocr_carea' id='block_1_6' title="bbox 420 709 1999 786">
    <p class='ocr_par' dir='ltr' id='par_1_6' title="bbox 420 709 1999 786">
     <span class='ocr_line' id='line_1_6' title="bbox 420 709 1999 786; baseline -0.011 -9"><span class='ocrx_word' id='word_1_39' title='bbox 420 723 561 777; x_wconf 89' lang='lat' dir='ltr'><strong>enim</strong></span> <span class='ocrx_word' id='word_1_40' title='bbox 589 720 786 774; x_wconf 81' lang='lat' dir='ltr'><strong>indit-at</strong></span> <span class='ocrx_word' id='word_1_41' title='bbox 814 717 1139 786; x_wconf 79' lang='lat' dir='ltr'><strong>evangelista</strong></span> <span class='ocrx_word' id='word_1_42' title='bbox 1167 714 1251 768; x_wconf 87' lang='lat' dir='ltr'><strong>his</strong></span> <span class='ocrx_word' id='word_1_43' title='bbox 1279 713 1454 768; x_wconf 82' lang='lat' dir='ltr'><strong>verbis</strong></span> <span class='ocrx_word' id='word_1_44' title='bbox 1483 725 1499 765; x_wconf 85' lang='lat'><strong>:</strong></span> <span class='ocrx_word' id='word_1_45' title='bbox 1533 709 1855 781; x_wconf 82' lang='lat' dir='ltr'><strong>Rogaverunt</strong></span> <span class='ocrx_word' id='word_1_46' title='bbox 1886 725 1999 762; x_wconf 87' lang='lat' dir='ltr'><strong>eum</strong></span> 
     </span>
    </p>
   </div>
   <div class='ocr_carea' id='block_1_7' title="bbox 417 799 2001 879">
    <p class='ocr_par' dir='ltr' id='par_1_7' title="bbox 417 799 2001 879">
     <span class='ocr_line' id='line_1_7' title="bbox 417 799 2001 879; baseline -0.009 -10"><span class='ocrx_word' id='word_1_47' title='bbox 417 825 473 869; x_wconf 90' lang='lat' dir='ltr'><strong>ut</strong></span> <span class='ocrx_word' id='word_1_48' title='bbox 503 812 572 867; x_wconf 81' lang='lat' dir='ltr'><strong>ibi</strong></span> <span class='ocrx_word' id='word_1_49' title='bbox 598 820 820 866; x_wconf 85' lang='lat' dir='ltr'><strong>maneret</strong></span> <span class='ocrx_word' id='word_1_50' title='bbox 835 826 854 875; x_wconf 90' lang='lat'><strong>;</strong></span> <span class='ocrx_word' id='word_1_51' title='bbox 883 811 995 879; x_wconf 89' lang='lat' dir='ltr'><strong>ipse</strong></span> <span class='ocrx_word' id='word_1_52' title='bbox 1019 823 1145 862; x_wconf 89' lang='lat' dir='ltr'><strong>vero</strong></span> <span class='ocrx_word' id='word_1_53' title='bbox 1171 805 1360 870; x_wconf 87' lang='lat' dir='ltr'><strong>noluit,</strong></span> <span class='ocrx_word' id='word_1_54' title='bbox 1384 803 1476 858; x_wconf 91' lang='lat' dir='ltr'><strong>sed</strong></span> <span class='ocrx_word' id='word_1_55' title='bbox 1499 803 1633 857; x_wconf 89' lang='lat' dir='ltr'><strong>duos</strong></span> <span class='ocrx_word' id='word_1_56' title='bbox 1660 811 1862 855; x_wconf 89' lang='lat' dir='ltr'><strong>tantum</strong></span> <span class='ocrx_word' id='word_1_57' title='bbox 1886 799 2001 854; x_wconf 88' lang='lat' dir='ltr'><strong>dies</strong></span> 
     </span>
    </p>
   </div>
   <div class='ocr_carea' id='block_1_8' title="bbox 413 891 1999 966">
    <p class='ocr_par' dir='ltr' id='par_1_8' title="bbox 413 891 1999 966">
     <span class='ocr_line' id='line_1_8' title="bbox 413 891 1999 966; baseline -0.009 -7"><span class='ocrx_word' id='word_1_58' title='bbox 413 920 534 959; x_wconf 87' lang='lat' dir='ltr'><strong>cum</strong></span> <span class='ocrx_word' id='word_1_59' title='bbox 561 904 667 958; x_wconf 89' lang='lat' dir='ltr'><strong>illis</strong></span> <span class='ocrx_word' id='word_1_60' title='bbox 693 902 908 963; x_wconf 86' lang='lat' dir='ltr'><strong>mansit,</strong></span> <span class='ocrx_word' id='word_1_61' title='bbox 941 909 994 954; x_wconf 88' lang='lat' dir='ltr'><strong>et</strong></span> <span class='ocrx_word' id='word_1_62' title='bbox 1025 898 1116 952; x_wconf 93' lang='lat' dir='ltr'><strong>illo</strong></span> <span class='ocrx_word' id='word_1_63' title='bbox 1151 895 1408 966; x_wconf 90' lang='lat' dir='ltr'><strong>temporis</strong></span> <span class='ocrx_word' id='word_1_64' title='bbox 1436 893 1610 962; x_wconf 91' lang='lat' dir='ltr'><strong>spatio</strong></span> <span class='ocrx_word' id='word_1_65' title='bbox 1638 893 1792 962; x_wconf 91' lang='lat' dir='ltr'><strong>longe</strong></span> <span class='ocrx_word' id='word_1_66' title='bbox 1815 891 1999 961; x_wconf 88' lang='lat' dir='ltr'><strong>plures</strong></span> 
     </span>
    </p>
   </div>
   <div class='ocr_carea' id='block_1_9' title="bbox 414 981 2000 1059">
    <p class='ocr_par' dir='ltr' id='par_1_9' title="bbox 414 981 2000 1059">
     <span class='ocr_line' id='line_1_9' title="bbox 414 981 2000 1059; baseline -0.007 -12"><span class='ocrx_word' id='word_1_67' title='bbox 414 993 762 1050; x_wconf 80' lang='lat' dir='ltr'><strong>crediderunt</strong></span> <span class='ocrx_word' id='word_1_68' title='bbox 786 992 839 1044; x_wconf 93' lang='lat' dir='ltr'><strong>in</strong></span> <span class='ocrx_word' id='word_1_69' title='bbox 866 1006 1011 1046; x_wconf 89' lang='lat' dir='ltr'><strong>emn.</strong></span> <span class='ocrx_word' id='word_1_70' title='bbox 1045 988 1204 1059; x_wconf 84' lang='lat' dir='ltr'><strong>Atqui</strong></span> <span class='ocrx_word' id='word_1_71' title='bbox 1235 1002 1339 1041; x_wconf 92' lang='lat' dir='ltr'><strong>non</strong></span> <span class='ocrx_word' id='word_1_72' title='bbox 1368 984 1660 1041; x_wconf 81' lang='lat' dir='ltr'><strong>verisimile</strong></span> <span class='ocrx_word' id='word_1_73' title='bbox 1686 991 1800 1039; x_wconf 90' lang='lat' dir='ltr'><strong>erat</strong></span> <span class='ocrx_word' id='word_1_74' title='bbox 1820 1023 1834 1047; x_wconf 89' lang='lat'><strong>,</strong></span> <span class='ocrx_word' id='word_1_75' title='bbox 1877 981 2000 1036; x_wconf 91' lang='lat' dir='ltr'><strong>illos</strong></span> 
     </span>
    </p>
   </div>
   <div class='ocr_carea' id='block_1_10' title="bbox 415 1074 1995 1150">
    <p class='ocr_par' dir='ltr' id='par_1_10' title="bbox 415 1074 1995 1150">
     <span class='ocr_line' id='line_1_10' title="bbox 415 1074 1995 1150; baseline -0.011 -9"><span class='ocrx_word' id='word_1_76' title='bbox 415 1101 537 1141; x_wconf 86' lang='lat' dir='ltr'><strong>esse</strong></span> <span class='ocrx_word' id='word_1_77' title='bbox 557 1085 856 1139; x_wconf 82' lang='lat' dir='ltr'><strong>credituros</strong></span> <span class='ocrx_word' id='word_1_78' title='bbox 877 1124 890 1145; x_wconf 87' lang='lat'><strong>,</strong></span> <span class='ocrx_word' id='word_1_79' title='bbox 923 1089 1032 1134; x_wconf 89' lang='lat' dir='ltr'><strong>tum</strong></span> <span class='ocrx_word' id='word_1_80' title='bbox 1061 1077 1203 1150; x_wconf 90' lang='lat' dir='ltr'><strong>quod</strong></span> <span class='ocrx_word' id='word_1_81' title='bbox 1244 1077 1445 1132; x_wconf 90' lang='lat' dir='ltr'><strong>nullum</strong></span> <span class='ocrx_word' id='word_1_82' title='bbox 1477 1076 1685 1146; x_wconf 78' lang='lat' dir='ltr'><strong>signum</strong></span> <span class='ocrx_word' id='word_1_83' title='bbox 1717 1074 1995 1140; x_wconf 88' lang='lat' dir='ltr'><strong>vidissent,</strong></span> 
     </span>
    </p>
   </div>
   <div class='ocr_carea' id='block_1_11' title="bbox 417 1163 2001 1246">
    <p class='ocr_par' dir='ltr' id='par_1_11' title="bbox 417 1163 2001 1246">
     <span class='ocr_line' id='line_1_11' title="bbox 417 1163 2001 1246; baseline -0.009 -15"><span class='ocrx_word' id='word_1_84' title='bbox 417 1187 530 1232; x_wconf 89' lang='lat' dir='ltr'><strong>tum</strong></span> <span class='ocrx_word' id='word_1_85' title='bbox 561 1175 700 1246; x_wconf 90' lang='lat' dir='ltr'><strong>quod</strong></span> <span class='ocrx_word' id='word_1_86' title='bbox 732 1174 946 1228; x_wconf 79' lang='lat' dir='ltr'><strong>.ludaeos</strong></span> <span class='ocrx_word' id='word_1_87' title='bbox 970 1171 1094 1226; x_wconf 91' lang='lat' dir='ltr'><strong>odio</strong></span> <span class='ocrx_word' id='word_1_88' title='bbox 1137 1169 1416 1223; x_wconf 88' lang='lat' dir='ltr'><strong>baberent.</strong></span> <span class='ocrx_word' id='word_1_89' title='bbox 1462 1169 1713 1221; x_wconf 85' lang='lat' dir='ltr'><strong>Attamen</strong></span> <span class='ocrx_word' id='word_1_90' title='bbox 1757 1164 1878 1232; x_wconf 86' lang='lat' dir='ltr'><strong>quia</strong></span> <span class='ocrx_word' id='word_1_91' title='bbox 1921 1163 2001 1217; x_wconf 82' lang='lat' dir='ltr'><strong>di-</strong></span> 
     </span>
    </p>
   </div>
   <div class='ocr_carea' id='block_1_12' title="bbox 420 1253 2000 1330">
    <p class='ocr_par' dir='ltr' id='par_1_12' title="bbox 420 1253 2000 1330">
     <span class='ocr_line' id='line_1_12' title="bbox 420 1253 2000 1330; baseline -0.009 -7"><span class='ocrx_word' id='word_1_92' title='bbox 420 1280 627 1323; x_wconf 86' lang='lat' dir='ltr'><strong>Clortlm</strong></span> <span class='ocrx_word' id='word_1_93' title='bbox 672 1265 811 1319; x_wconf 91' lang='lat' dir='ltr'><strong>illius</strong></span> <span class='ocrx_word' id='word_1_94' title='bbox 841 1264 1120 1317; x_wconf 86' lang='lat' dir='ltr'><strong>veritatem</strong></span> <span class='ocrx_word' id='word_1_95' title='bbox 1157 1261 1300 1330; x_wconf 89' lang='lat' dir='ltr'><strong>juste</strong></span> <span class='ocrx_word' id='word_1_96' title='bbox 1339 1258 1701 1321; x_wconf 67' lang='lat' dir='ltr'><strong>aestimarunt,</strong></span> <span class='ocrx_word' id='word_1_97' title='bbox 1747 1253 2000 1308; x_wconf 89' lang='lat' dir='ltr'><strong>his&#39;nibil</strong></span> 
     </span>
    </p>
   </div>
   <div class='ocr_carea' id='block_1_13' title="bbox 418 1348 1999 1420">
    <p class='ocr_par' dir='ltr' id='par_1_13' title="bbox 418 1348 1999 1420">
     <span class='ocr_line' id='line_1_13' title="bbox 418 1348 1999 1420; baseline -0.012 -5"><span class='ocrx_word' id='word_1_98' title='bbox 418 1357 812 1420; x_wconf 80' lang='lat' dir='ltr'><strong>oliicicntibus,</strong></span> <span class='ocrx_word' id='word_1_99' title='bbox 843 1353 1152 1408; x_wconf 86' lang='lat' dir='ltr'><strong>sublimiora</strong></span> <span class='ocrx_word' id='word_1_100' title='bbox 1201 1351 1269 1404; x_wconf 90' lang='lat' dir='ltr'><strong>de</strong></span> <span class='ocrx_word' id='word_1_101' title='bbox 1315 1351 1408 1405; x_wconf 90' lang='lat' dir='ltr'><strong>illo</strong></span> <span class='ocrx_word' id='word_1_102' title='bbox 1455 1348 1792 1418; x_wconf 81' lang='lat' dir='ltr'><strong>cogitarunt,</strong></span> <span class='ocrx_word' id='word_1_103' title='bbox 1839 1359 1999 1414; x_wconf 90' lang='lat' dir='ltr'><strong>quam</strong></span> 
     </span>
    </p>
   </div>
   <div class='ocr_carea' id='block_1_14' title="bbox 418 1437 1991 1519">
    <p class='ocr_par' dir='ltr' id='par_1_14' title="bbox 418 1437 1991 1519">
     <span class='ocr_line' id='line_1_14' title="bbox 418 1437 1991 1519; baseline -0.007 -18"><span class='ocrx_word' id='word_1_104' title='bbox 418 1465 536 1519; x_wconf 79' lang='lat' dir='ltr'><strong>qum</strong></span> <span class='ocrx_word' id='word_1_105' title='bbox 566 1455 784 1518; x_wconf 86' lang='lat' dir='ltr'><strong>possent</strong></span> <span class='ocrx_word' id='word_1_106' title='bbox 811 1441 1114 1512; x_wconf 91' lang='lat' dir='ltr'><strong>hujusmodi</strong></span> <span class='ocrx_word' id='word_1_107' title='bbox 1139 1440 1382 1497; x_wconf 89' lang='lat' dir='ltr'><strong>obicibus</strong></span> <span class='ocrx_word' id='word_1_108' title='bbox 1414 1437 1696 1508; x_wconf 89' lang='lat' dir='ltr'><strong>impediri,</strong></span> <span class='ocrx_word' id='word_1_109' title='bbox 1729 1451 1791 1490; x_wconf 89' lang='lat' dir='ltr'><strong>ac</strong></span> <span class='ocrx_word' id='word_1_110' title='bbox 1812 1444 1991 1491; x_wconf 85' lang='lat' dir='ltr'><strong>certa-</strong></span> 
     </span>
    </p>
   </div>
   <div class='ocr_carea' id='block_1_15' title="bbox 419 1528 2001 1607">
    <p class='ocr_par' dir='ltr' id='par_1_15' title="bbox 419 1528 2001 1607">
     <span class='ocr_line' id='line_1_15' title="bbox 419 1528 2001 1607; baseline -0.009 -11"><span class='ocrx_word' id='word_1_111' title='bbox 419 1542 513 1596; x_wconf 92' lang='lat' dir='ltr'><strong>tim</strong></span> <span class='ocrx_word' id='word_1_112' title='bbox 541 1540 685 1594; x_wconf 93' lang='lat' dir='ltr'><strong>illum</strong></span> <span class='ocrx_word' id='word_1_113' title='bbox 708 1537 876 1607; x_wconf 79' lang='lat' dir='ltr'><strong>magis</strong></span> <span class='ocrx_word' id='word_1_114' title='bbox 903 1550 965 1589; x_wconf 91' lang='lat' dir='ltr'><strong>ac</strong></span> <span class='ocrx_word' id='word_1_115' title='bbox 994 1533 1165 1603; x_wconf 84' lang='lat' dir='ltr'><strong>magis</strong></span> <span class='ocrx_word' id='word_1_116' title='bbox 1192 1530 1616 1586; x_wconf 85' lang='lat' dir='ltr'><strong>admirabantur.</strong></span> <span class='ocrx_word' id='word_1_117' title='bbox 1637 1529 1769 1584; x_wconf 87' lang='lat' dir='ltr'><strong>Nam</strong></span> <span class='ocrx_word' id='word_1_118' title='bbox 1793 1528 2001 1582; x_wconf 78' lang='lat' dir='ltr'><strong>Mulieri</strong></span> 
     </span>
    </p>
   </div>
   <div class='ocr_carea' id='block_1_16' title="bbox 418 1620 2000 1697">
    <p class='ocr_par' dir='ltr' id='par_1_16' title="bbox 418 1620 2000 1697">
     <span class='ocr_line' id='line_1_16' title="bbox 418 1620 2000 1697; baseline -0.007 -12"><span class='ocrx_word' id='word_1_119' title='bbox 418 1633 645 1686; x_wconf 81' lang='lat' dir='ltr'><strong>dicebant</strong></span> <span class='ocrx_word' id='word_1_120' title='bbox 667 1645 686 1682; x_wconf 90' lang='lat'><strong><em>:</em></strong></span> <span class='ocrx_word' id='word_1_121' title='bbox 711 1627 829 1682; x_wconf 87' lang='lat' dir='ltr'><strong>Non</strong></span> <span class='ocrx_word' id='word_1_122' title='bbox 838 1629 950 1697; x_wconf 90' lang='lat' dir='ltr'><strong>jam</strong></span> <span class='ocrx_word' id='word_1_123' title='bbox 977 1633 1182 1697; x_wconf 78' lang='lat' dir='ltr'><strong>propter</strong></span> <span class='ocrx_word' id='word_1_124' title='bbox 1209 1633 1348 1677; x_wconf 88' lang='lat' dir='ltr'><strong>tuam</strong></span> <span class='ocrx_word' id='word_1_125' title='bbox 1379 1622 1627 1692; x_wconf 79' lang='lat' dir='ltr'><strong>loquelam</strong></span> <span class='ocrx_word' id='word_1_126' title='bbox 1653 1622 1700 1675; x_wconf 90' lang='lat' dir='ltr'><strong>ei</strong></span> <span class='ocrx_word' id='word_1_127' title='bbox 1720 1620 2000 1674; x_wconf 77' lang='lat' dir='ltr'><strong>credimus:</strong></span> 
     </span>
    </p>
   </div>
   <div class='ocr_carea' id='block_1_17' title="bbox 417 1710 1998 1792">
    <p class='ocr_par' dir='ltr' id='par_1_17' title="bbox 417 1710 1998 1792">
     <span class='ocr_line' id='line_1_17' title="bbox 417 1710 1998 1792; baseline -0.01 -15"><span class='ocrx_word' id='word_1_128' title='bbox 417 1723 514 1792; x_wconf 88' lang='lat' dir='ltr'><strong>ipsi</strong></span> <span class='ocrx_word' id='word_1_129' title='bbox 558 1721 690 1775; x_wconf 88' lang='lat' dir='ltr'><strong>enim</strong></span> <span class='ocrx_word' id='word_1_130' title='bbox 725 1718 1006 1771; x_wconf 77' lang='lat' dir='ltr'><strong>audivimus</strong></span> <span class='ocrx_word' id='word_1_131' title='bbox 1046 1725 1092 1768; x_wconf 90' lang='lat' dir='ltr'><strong>et</strong></span> <span class='ocrx_word' id='word_1_132' title='bbox 1134 1715 1319 1768; x_wconf 88' lang='lat' dir='ltr'><strong>scimus</strong></span> <span class='ocrx_word' id='word_1_133' title='bbox 1339 1755 1353 1778; x_wconf 90' lang='lat'><strong>,</strong></span> <span class='ocrx_word' id='word_1_134' title='bbox 1382 1713 1501 1782; x_wconf 87' lang='lat' dir='ltr'><strong>quia</strong></span> <span class='ocrx_word' id='word_1_135' title='bbox 1525 1712 1606 1766; x_wconf 86' lang='lat' dir='ltr'><strong>hic</strong></span> <span class='ocrx_word' id='word_1_136' title='bbox 1633 1720 1706 1780; x_wconf 83' lang='lat' dir='ltr'><strong>est</strong></span> <span class='ocrx_word' id='word_1_137' title='bbox 1735 1728 1844 1765; x_wconf 81' lang='lat' dir='ltr'><strong>uere</strong></span> <span class='ocrx_word' id='word_1_138' title='bbox 1875 1710 1998 1764; x_wconf 77' lang='lat' dir='ltr'><strong>Sat-</strong></span> 
     </span>
    </p>
   </div>
   <div class='ocr_carea' id='block_1_18' title="bbox 419 1802 1997 1875">
    <p class='ocr_par' dir='ltr' id='par_1_18' title="bbox 419 1802 1997 1875">
     <span class='ocr_line' id='line_1_18' title="bbox 419 1802 1997 1875; baseline -0.008 -9"><span class='ocrx_word' id='word_1_139' title='bbox 419 1824 562 1866; x_wconf 83' lang='lat' dir='ltr'><strong>vator</strong></span> <span class='ocrx_word' id='word_1_140' title='bbox 586 1810 757 1864; x_wconf 87' lang='lat' dir='ltr'><strong>mundi</strong></span> <span class='ocrx_word' id='word_1_141' title='bbox 786 1809 1032 1863; x_wconf 76' lang='lat' dir='ltr'><strong>Christus.</strong></span> <span class='ocrx_word' id='word_1_142' title='bbox 1071 1805 1322 1875; x_wconf 89' lang='lat' dir='ltr'><strong>Discipuli</strong></span> <span class='ocrx_word' id='word_1_143' title='bbox 1374 1803 1451 1874; x_wconf 88' lang='lat' dir='ltr'><strong>(a)</strong></span> <span class='ocrx_word' id='word_1_144' title='bbox 1503 1803 1808 1873; x_wconf 84' lang='lat' dir='ltr'><strong>magistram</strong></span> <span class='ocrx_word' id='word_1_145' title='bbox 1854 1802 1997 1855; x_wconf 89' lang='lat' dir='ltr'><strong>illam</strong></span> 
     </span>
    </p>
   </div>
   <div class='ocr_carea' id='block_1_19' title="bbox 419 1895 1997 1972">
    <p class='ocr_par' dir='ltr' id='par_1_19' title="bbox 419 1895 1997 1972">
     <span class='ocr_line' id='line_1_19' title="bbox 419 1895 1997 1972; baseline -0.008 -13"><span class='ocrx_word' id='word_1_146' title='bbox 419 1913 761 1972; x_wconf 79' lang='lat' dir='ltr'><strong>superarunt.</strong></span> <span class='ocrx_word' id='word_1_147' title='bbox 798 1899 858 1953; x_wconf 92' lang='lat' dir='ltr'><strong>lli</strong></span> <span class='ocrx_word' id='word_1_148' title='bbox 898 1912 1128 1967; x_wconf 87' lang='lat' dir='ltr'><strong>namque</strong></span> <span class='ocrx_word' id='word_1_149' title='bbox 1154 1896 1369 1951; x_wconf 72' lang='lat' dir='ltr'><strong>Judzeos</strong></span> <span class='ocrx_word' id='word_1_150' title='bbox 1412 1895 1534 1965; x_wconf 86' lang='lat' dir='ltr'><strong>jure</strong></span> <span class='ocrx_word' id='word_1_151' title='bbox 1575 1907 1826 1949; x_wconf 84' lang='lat' dir='ltr'><strong>accusare</strong></span> <span class='ocrx_word' id='word_1_152' title='bbox 1873 1906 1997 1962; x_wconf 89' lang='lat' dir='ltr'><strong>pos-</strong></span> 
     </span>
    </p>
   </div>
   <div class='ocr_carea' id='block_1_20' title="bbox 419 1986 1995 2062">
    <p class='ocr_par' dir='ltr' id='par_1_20' title="bbox 419 1986 1995 2062">
     <span class='ocr_line' id='line_1_20' title="bbox 419 1986 1995 2062; baseline -0.007 -14"><span class='ocrx_word' id='word_1_153' title='bbox 419 2003 574 2058; x_wconf 85' lang='lat' dir='ltr'><strong>sunt,</strong></span> <span class='ocrx_word' id='word_1_154' title='bbox 609 1991 823 2062; x_wconf 84' lang='lat' dir='ltr'><strong>etquod</strong></span> <span class='ocrx_word' id='word_1_155' title='bbox 854 1990 1181 2045; x_wconf 88' lang='lat' dir='ltr'><strong>crediderint</strong></span> <span class='ocrx_word' id='word_1_156' title='bbox 1208 1997 1263 2042; x_wconf 92' lang='lat' dir='ltr'><strong>et</strong></span> <span class='ocrx_word' id='word_1_157' title='bbox 1307 1986 1451 2058; x_wconf 92' lang='lat' dir='ltr'><strong>quod</strong></span> <span class='ocrx_word' id='word_1_158' title='bbox 1502 2002 1625 2042; x_wconf 89' lang='lat' dir='ltr'><strong>eum</strong></span> <span class='ocrx_word' id='word_1_159' title='bbox 1670 1986 1995 2055; x_wconf 89' lang='lat' dir='ltr'><strong>acceperint.</strong></span> 
     </span>
    </p>
   </div>
   <div class='ocr_carea' id='block_1_21' title="bbox 421 2077 1998 2153">
    <p class='ocr_par' dir='ltr' id='par_1_21' title="bbox 421 2077 1998 2153">
     <span class='ocr_line' id='line_1_21' title="bbox 421 2077 1998 2153; baseline -0.006 -15"><span class='ocrx_word' id='word_1_160' title='bbox 421 2085 494 2140; x_wconf 87' lang='lat' dir='ltr'><strong>Illi</strong></span> <span class='ocrx_word' id='word_1_161' title='bbox 519 2098 742 2153; x_wconf 90' lang='lat' dir='ltr'><strong>quorum</strong></span> <span class='ocrx_word' id='word_1_162' title='bbox 767 2081 936 2151; x_wconf 86' lang='lat' dir='ltr'><strong>gratia</strong></span> <span class='ocrx_word' id='word_1_163' title='bbox 961 2087 1132 2134; x_wconf 89' lang='lat' dir='ltr'><strong>totum</strong></span> <span class='ocrx_word' id='word_1_164' title='bbox 1155 2077 1255 2131; x_wconf 91' lang='lat' dir='ltr'><strong>hoc</strong></span> <span class='ocrx_word' id='word_1_165' title='bbox 1276 2091 1411 2146; x_wconf 94' lang='lat' dir='ltr'><strong>opus</strong></span> <span class='ocrx_word' id='word_1_166' title='bbox 1455 2084 1806 2144; x_wconf 90' lang='lat' dir='ltr'><strong>susceperat,</strong></span> <span class='ocrx_word' id='word_1_167' title='bbox 1853 2090 1998 2144; x_wconf 73' lang='lat' dir='ltr'><strong>saepe</strong></span> 
     </span>
    </p>
   </div>
   <div class='ocr_carea' id='block_1_22' title="bbox 418 2167 1998 2245">
    <p class='ocr_par' dir='ltr' id='par_1_22' title="bbox 418 2167 1998 2245">
     <span class='ocr_line' id='line_1_22' title="bbox 418 2167 1998 2245; baseline -0.006 -15"><span class='ocrx_word' id='word_1_168' title='bbox 418 2178 588 2245; x_wconf 79' lang='lat' dir='ltr'><strong>ipsum</strong></span> <span class='ocrx_word' id='word_1_169' title='bbox 623 2174 1030 2243; x_wconf 84' lang='lat' dir='ltr'><strong>lapidaverunt;</strong></span> <span class='ocrx_word' id='word_1_170' title='bbox 1060 2170 1114 2224; x_wconf 91' lang='lat' dir='ltr'><strong>hi</strong></span> <span class='ocrx_word' id='word_1_171' title='bbox 1142 2185 1271 2224; x_wconf 91' lang='lat' dir='ltr'><strong>vero</strong></span> <span class='ocrx_word' id='word_1_172' title='bbox 1305 2184 1410 2222; x_wconf 91' lang='lat' dir='ltr'><strong>non</strong></span> <span class='ocrx_word' id='word_1_173' title='bbox 1437 2167 1776 2222; x_wconf 89' lang='lat' dir='ltr'><strong>accedentem</strong></span> <span class='ocrx_word' id='word_1_174' title='bbox 1825 2168 1892 2220; x_wconf 87' lang='lat' dir='ltr'><strong>ad</strong></span> <span class='ocrx_word' id='word_1_175' title='bbox 1940 2181 1998 2221; x_wconf 91' lang='lat' dir='ltr'><strong>se</strong></span> 
     </span>
    </p>
   </div>
   <div class='ocr_carea' id='block_1_23' title="bbox 418 2258 1998 2333">
    <p class='ocr_par' dir='ltr' id='par_1_23' title="bbox 418 2258 1998 2333">
     <span class='ocr_line' id='line_1_23' title="bbox 418 2258 1998 2333; baseline -0.007 -10"><span class='ocrx_word' id='word_1_176' title='bbox 418 2276 694 2324; x_wconf 84' lang='lat' dir='ltr'><strong>traxerunt</strong></span> <span class='ocrx_word' id='word_1_177' title='bbox 723 2284 736 2318; x_wconf 90' lang='lat'><strong>:</strong></span> <span class='ocrx_word' id='word_1_178' title='bbox 768 2266 843 2320; x_wconf 91' lang='lat' dir='ltr'><strong>illi</strong></span> <span class='ocrx_word' id='word_1_179' title='bbox 869 2265 997 2318; x_wconf 91' lang='lat' dir='ltr'><strong>visis</strong></span> <span class='ocrx_word' id='word_1_180' title='bbox 1025 2263 1188 2333; x_wconf 79' lang='lat' dir='ltr'><strong>signis</strong></span> <span class='ocrx_word' id='word_1_181' title='bbox 1215 2262 1517 2332; x_wconf 88' lang='lat' dir='ltr'><strong>pertinaces</strong></span> <span class='ocrx_word' id='word_1_182' title='bbox 1545 2268 1781 2325; x_wconf 88' lang='lat' dir='ltr'><strong>manent,</strong></span> <span class='ocrx_word' id='word_1_183' title='bbox 1801 2258 1856 2312; x_wconf 89' lang='lat' dir='ltr'><strong>hi</strong></span> <span class='ocrx_word' id='word_1_184' title='bbox 1882 2258 1998 2312; x_wconf 85' lang='lat' dir='ltr'><strong>sine</strong></span> 
     </span>
    </p>
   </div>
   <div class='ocr_carea' id='block_1_24' title="bbox 415 2350 1998 2430">
    <p class='ocr_par' dir='ltr' id='par_1_24' title="bbox 415 2350 1998 2430">
     <span class='ocr_line' id='line_1_24' title="bbox 415 2350 1998 2430; baseline -0.008 -14"><span class='ocrx_word' id='word_1_185' title='bbox 415 2363 580 2430; x_wconf 78' lang='lat' dir='ltr'><strong>signis</strong></span> <span class='ocrx_word' id='word_1_186' title='bbox 606 2375 848 2430; x_wconf 89' lang='lat' dir='ltr'><strong>magnam</strong></span> <span class='ocrx_word' id='word_1_187' title='bbox 872 2373 996 2426; x_wconf 83' lang='lat' dir='ltr'><strong>erga</strong></span> <span class='ocrx_word' id='word_1_188' title='bbox 1020 2357 1166 2411; x_wconf 91' lang='lat' dir='ltr'><strong>illum</strong></span> <span class='ocrx_word' id='word_1_189' title='bbox 1199 2355 1354 2410; x_wconf 80' lang='lat' dir='ltr'><strong>iidem</strong></span> <span class='ocrx_word' id='word_1_190' title='bbox 1379 2353 1674 2417; x_wconf 77' lang='lat' dir='ltr'><strong>exhibent,</strong></span> <span class='ocrx_word' id='word_1_191' title='bbox 1723 2361 1779 2406; x_wconf 90' lang='lat' dir='ltr'><strong>et</strong></span> <span class='ocrx_word' id='word_1_192' title='bbox 1825 2365 1885 2405; x_wconf 92' lang='lat' dir='ltr'><strong>ea</strong></span> <span class='ocrx_word' id='word_1_193' title='bbox 1931 2350 1998 2404; x_wconf 89' lang='lat' dir='ltr'><strong>de</strong></span> 
     </span>
    </p>
   </div>
   <div class='ocr_carea' id='block_1_25' title="bbox 414 2445 1995 2524">
    <p class='ocr_par' dir='ltr' id='par_1_25' title="bbox 414 2445 1995 2524">
     <span class='ocr_line' id='line_1_25' title="bbox 414 2445 1995 2524; baseline -0.005 -17"><span class='ocrx_word' id='word_1_194' title='bbox 414 2468 574 2508; x_wconf 85' lang='lat' dir='ltr'><strong>causa</strong></span> <span class='ocrx_word' id='word_1_195' title='bbox 614 2453 932 2524; x_wconf 81' lang='lat' dir='ltr'><strong>gloriantur,</strong></span> <span class='ocrx_word' id='word_1_196' title='bbox 965 2451 1105 2520; x_wconf 85' lang='lat' dir='ltr'><strong>quod</strong></span> <span class='ocrx_word' id='word_1_197' title='bbox 1134 2449 1252 2504; x_wconf 87' lang='lat' dir='ltr'><strong>sine</strong></span> <span class='ocrx_word' id='word_1_198' title='bbox 1295 2449 1461 2516; x_wconf 87' lang='lat' dir='ltr'><strong>signis</strong></span> <span class='ocrx_word' id='word_1_199' title='bbox 1510 2446 1868 2510; x_wconf 90' lang='lat' dir='ltr'><strong>crediderint;</strong></span> <span class='ocrx_word' id='word_1_200' title='bbox 1920 2445 1995 2499; x_wconf 90' lang='lat' dir='ltr'><strong>illi</strong></span> 
     </span>
    </p>
   </div>
   <div class='ocr_carea' id='block_1_26' title="bbox 413 2534 1994 2607">
    <p class='ocr_par' dir='ltr' id='par_1_26' title="bbox 413 2534 1994 2607">
     <span class='ocr_line' id='line_1_26' title="bbox 413 2534 1994 2607; baseline -0.006 -11"><span class='ocrx_word' id='word_1_201' title='bbox 413 2561 542 2600; x_wconf 77' lang='lat' dir='ltr'><strong>vero</strong></span> <span class='ocrx_word' id='word_1_202' title='bbox 571 2545 727 2600; x_wconf 91' lang='lat' dir='ltr'><strong>linem</strong></span> <span class='ocrx_word' id='word_1_203' title='bbox 757 2558 862 2598; x_wconf 91' lang='lat' dir='ltr'><strong>non</strong></span> <span class='ocrx_word' id='word_1_204' title='bbox 894 2542 1095 2596; x_wconf 85' lang='lat' dir='ltr'><strong>faciunt</strong></span> <span class='ocrx_word' id='word_1_205' title='bbox 1120 2539 1360 2595; x_wconf 87' lang='lat' dir='ltr'><strong>tentandi</strong></span> <span class='ocrx_word' id='word_1_206' title='bbox 1401 2547 1457 2592; x_wconf 87' lang='lat' dir='ltr'><strong>et</strong></span> <span class='ocrx_word' id='word_1_207' title='bbox 1495 2538 1645 2607; x_wconf 85' lang='lat' dir='ltr'><strong>signa</strong></span> <span class='ocrx_word' id='word_1_208' title='bbox 1695 2534 1994 2606; x_wconf 72' lang='lat' dir='ltr'><strong>qumrendi.</strong></span> 
     </span>
    </p>
   </div>
   <div class='ocr_carea' id='block_1_27' title="bbox 415 2626 1993 2708">
    <p class='ocr_par' dir='ltr' id='par_1_27' title="bbox 415 2626 1993 2708">
     <span class='ocr_line' id='line_1_27' title="bbox 415 2626 1993 2708; baseline -0.009 -15"><span class='ocrx_word' id='word_1_209' title='bbox 415 2639 487 2694; x_wconf 89' lang='lat' dir='ltr'><strong>Ita</strong></span> <span class='ocrx_word' id='word_1_210' title='bbox 519 2653 732 2708; x_wconf 88' lang='lat' dir='ltr'><strong>semper</strong></span> <span class='ocrx_word' id='word_1_211' title='bbox 761 2635 926 2707; x_wconf 85' lang='lat' dir='ltr'><strong>probe</strong></span> <span class='ocrx_word' id='word_1_212' title='bbox 951 2633 1144 2689; x_wconf 85' lang='lat' dir='ltr'><strong>affecta</strong></span> <span class='ocrx_word' id='word_1_213' title='bbox 1176 2633 1352 2687; x_wconf 90' lang='lat' dir='ltr'><strong>anima</strong></span> <span class='ocrx_word' id='word_1_214' title='bbox 1403 2645 1540 2701; x_wconf 86' lang='lat' dir='ltr'><strong>Opus</strong></span> <span class='ocrx_word' id='word_1_215' title='bbox 1583 2639 1666 2684; x_wconf 86' lang='lat' dir='ltr'><strong>est</strong></span> <span class='ocrx_word' id='word_1_216' title='bbox 1701 2645 1714 2682; x_wconf 89' lang='lat'><strong>:</strong></span> <span class='ocrx_word' id='word_1_217' title='bbox 1747 2643 1904 2693; x_wconf 90' lang='lat' dir='ltr'><strong>quam</strong></span> <span class='ocrx_word' id='word_1_218' title='bbox 1949 2626 1993 2679; x_wconf 91' lang='lat' dir='ltr'><strong>si</strong></span> 
     </span>
    </p>
   </div>
   <div class='ocr_carea' id='block_1_28' title="bbox 414 2715 1993 2793">
    <p class='ocr_par' dir='ltr' id='par_1_28' title="bbox 414 2715 1993 2793">
     <span class='ocr_line' id='line_1_28' title="bbox 414 2715 1993 2793; baseline -0.008 -11"><span class='ocrx_word' id='word_1_219' title='bbox 414 2733 609 2784; x_wconf 73' lang='lat' dir='ltr'><strong>veritas</strong></span> <span class='ocrx_word' id='word_1_220' title='bbox 635 2728 823 2790; x_wconf 88' lang='lat' dir='ltr'><strong>adeat,</strong></span> <span class='ocrx_word' id='word_1_221' title='bbox 855 2726 1009 2780; x_wconf 80' lang='lat' dir='ltr'><strong>facile</strong></span> <span class='ocrx_word' id='word_1_222' title='bbox 1030 2723 1346 2793; x_wconf 89' lang='lat' dir='ltr'><strong>occupabit;</strong></span> <span class='ocrx_word' id='word_1_223' title='bbox 1380 2722 1423 2776; x_wconf 92' lang='lat' dir='ltr'><strong>si</strong></span> <span class='ocrx_word' id='word_1_224' title='bbox 1469 2736 1573 2775; x_wconf 93' lang='lat' dir='ltr'><strong>non</strong></span> <span class='ocrx_word' id='word_1_225' title='bbox 1622 2727 1889 2788; x_wconf 88' lang='lat' dir='ltr'><strong>occupet,</strong></span> <span class='ocrx_word' id='word_1_226' title='bbox 1941 2715 1993 2770; x_wconf 92' lang='lat' dir='ltr'><strong>id</strong></span> 
     </span>
    </p>
   </div>
   <div class='ocr_carea' id='block_1_29' title="bbox 416 2809 1994 2881">
    <p class='ocr_par' dir='ltr' id='par_1_29' title="bbox 416 2809 1994 2881">
     <span class='ocr_line' id='line_1_29' title="bbox 416 2809 1994 2881; baseline -0.008 -7"><span class='ocrx_word' id='word_1_227' title='bbox 416 2837 521 2874; x_wconf 90' lang='lat' dir='ltr'><strong>non</strong></span> <span class='ocrx_word' id='word_1_228' title='bbox 547 2836 613 2875; x_wconf 85' lang='lat' dir='ltr'><strong>ex</strong></span> <span class='ocrx_word' id='word_1_229' title='bbox 642 2819 882 2872; x_wconf 89' lang='lat' dir='ltr'><strong>veritatis</strong></span> <span class='ocrx_word' id='word_1_230' title='bbox 927 2817 1236 2871; x_wconf 80' lang='lat' dir='ltr'><strong>inﬁrmitate</strong></span> <span class='ocrx_word' id='word_1_231' title='bbox 1258 2855 1272 2880; x_wconf 95' lang='lat'><strong>,</strong></span> <span class='ocrx_word' id='word_1_232' title='bbox 1310 2812 1403 2868; x_wconf 90' lang='lat' dir='ltr'><strong>sed</strong></span> <span class='ocrx_word' id='word_1_233' title='bbox 1443 2829 1509 2866; x_wconf 86' lang='lat' dir='ltr'><strong>ex</strong></span> <span class='ocrx_word' id='word_1_234' title='bbox 1543 2811 1659 2880; x_wconf 90' lang='lat' dir='ltr'><strong>ejus</strong></span> <span class='ocrx_word' id='word_1_235' title='bbox 1698 2809 1994 2881; x_wconf 87' lang='lat' dir='ltr'><strong>pervicacia</strong></span> 
     </span>
    </p>
   </div>
   <div class='ocr_carea' id='block_1_30' title="bbox 412 2901 1992 2978">
    <p class='ocr_par' dir='ltr' id='par_1_30' title="bbox 412 2901 1992 2978">
     <span class='ocr_line' id='line_1_30' title="bbox 412 2901 1992 2978; baseline -0.01 -8"><span class='ocrx_word' id='word_1_236' title='bbox 412 2915 609 2978; x_wconf 73' lang='lat' dir='ltr'><strong>oritur.</strong></span> <span class='ocrx_word' id='word_1_237' title='bbox 633 2911 764 2967; x_wconf 89' lang='lat' dir='ltr'><strong>Nam</strong></span> <span class='ocrx_word' id='word_1_238' title='bbox 793 2921 846 2966; x_wconf 90' lang='lat' dir='ltr'><strong>et</strong></span> <span class='ocrx_word' id='word_1_239' title='bbox 871 2910 948 2964; x_wconf 87' lang='lat' dir='ltr'><strong>sol</strong></span> <span class='ocrx_word' id='word_1_240' title='bbox 982 2923 1142 2978; x_wconf 88' lang='lat' dir='ltr'><strong>puros</strong></span> <span class='ocrx_word' id='word_1_241' title='bbox 1172 2906 1359 2962; x_wconf 90' lang='lat' dir='ltr'><strong>oculos</strong></span> <span class='ocrx_word' id='word_1_242' title='bbox 1388 2904 1545 2959; x_wconf 79' lang='lat' dir='ltr'><strong>facile</strong></span> <span class='ocrx_word' id='word_1_243' title='bbox 1574 2903 1868 2965; x_wconf 89' lang='lat' dir='ltr'><strong>illuminat;</strong></span> <span class='ocrx_word' id='word_1_244' title='bbox 1910 2901 1992 2954; x_wconf 89' lang='lat' dir='ltr'><strong>sin</strong></span> 
     </span>
    </p>
   </div>
   <div class='ocr_carea' id='block_1_31' title="bbox 415 2977 1990 3070">
    <p class='ocr_par' dir='ltr' id='par_1_31' title="bbox 415 2977 1990 3070">
     <span class='ocr_line' id='line_1_31' title="bbox 415 2977 1990 3070; baseline -0.011 -9"><span class='ocrx_word' id='word_1_245' title='bbox 415 2977 629 3070; x_wconf 48' lang='lat' dir='ltr'><strong>minus:</strong></span> <span class='ocrx_word' id='word_1_246' title='bbox 658 3005 935 3060; x_wconf 89' lang='lat' dir='ltr'><strong>oculorum</strong></span> <span class='ocrx_word' id='word_1_247' title='bbox 959 3002 1142 3068; x_wconf 90' lang='lat' dir='ltr'><strong>culpa,</strong></span> <span class='ocrx_word' id='word_1_248' title='bbox 1195 3013 1298 3051; x_wconf 93' lang='lat' dir='ltr'><strong>non</strong></span> <span class='ocrx_word' id='word_1_249' title='bbox 1335 2997 1464 3049; x_wconf 87' lang='lat' dir='ltr'><strong>solis</strong></span> <span class='ocrx_word' id='word_1_250' title='bbox 1514 2993 1843 3047; x_wconf 82' lang='lat' dir='ltr'><strong>imbecillitas</strong></span> <span class='ocrx_word' id='word_1_251' title='bbox 1887 3001 1990 3046; x_wconf 91' lang='lat' dir='ltr'><strong>est.</strong></span> 
     </span>
    </p>
   </div>
   <div class='ocr_carea' id='block_1_32' title="bbox 416 3085 1995 3167">
    <p class='ocr_par' dir='ltr' id='par_1_32' title="bbox 416 3085 1995 3167">
     <span class='ocr_line' id='line_1_32' title="bbox 416 3085 1995 3167; baseline -0.011 -15"><span class='ocrx_word' id='word_1_252' title='bbox 416 3099 548 3152; x_wconf 80' lang='lat' dir='ltr'><strong>Audi</strong></span> <span class='ocrx_word' id='word_1_253' title='bbox 577 3099 734 3167; x_wconf 78' lang='lat' dir='ltr'><strong>igitur</strong></span> <span class='ocrx_word' id='word_1_254' title='bbox 760 3095 884 3164; x_wconf 89' lang='lat' dir='ltr'><strong>quid</strong></span> <span class='ocrx_word' id='word_1_255' title='bbox 914 3094 966 3145; x_wconf 87' lang='lat' dir='ltr'><strong>hi</strong></span> <span class='ocrx_word' id='word_1_256' title='bbox 998 3091 1218 3154; x_wconf 78' lang='lat' dir='ltr'><strong>dicunt,</strong></span> <span class='ocrx_word' id='word_1_257' title='bbox 1251 3088 1452 3142; x_wconf 87' lang='lat' dir='ltr'><strong>Scimus</strong></span> <span class='ocrx_word' id='word_1_258' title='bbox 1475 3086 1591 3153; x_wconf 83' lang='lat' dir='ltr'><strong>quia</strong></span> <span class='ocrx_word' id='word_1_259' title='bbox 1637 3085 1717 3137; x_wconf 90' lang='lat' dir='ltr'><strong>hic</strong></span> <span class='ocrx_word' id='word_1_260' title='bbox 1763 3090 1834 3135; x_wconf 89' lang='lat' dir='ltr'><strong>est</strong></span> <span class='ocrx_word' id='word_1_261' title='bbox 1882 3097 1995 3135; x_wconf 81' lang='lat' dir='ltr'><strong>vere</strong></span> 
     </span>
    </p>
   </div>
   <div class='ocr_carea' id='block_1_33' title="bbox 415 3175 1989 3245">
    <p class='ocr_par' dir='ltr' id='par_1_33' title="bbox 415 3175 1989 3245">
     <span class='ocr_line' id='line_1_33' title="bbox 415 3175 1989 3245; baseline -0.01 -3"><span class='ocrx_word' id='word_1_262' title='bbox 415 3189 655 3243; x_wconf 82' lang='lat' dir='ltr'><strong>Salvator</strong></span> <span class='ocrx_word' id='word_1_263' title='bbox 685 3185 860 3238; x_wconf 87' lang='lat' dir='ltr'><strong>nmmli</strong></span> <span class='ocrx_word' id='word_1_264' title='bbox 890 3182 1140 3236; x_wconf 83' lang='lat' dir='ltr'><strong>Christus.</strong></span> <span class='ocrx_word' id='word_1_265' title='bbox 1165 3178 1354 3232; x_wconf 81' lang='lat' dir='ltr'><strong>Viden‘</strong></span> <span class='ocrx_word' id='word_1_266' title='bbox 1380 3191 1536 3245; x_wconf 82' lang='lat' dir='ltr'><strong>quant</strong></span> <span class='ocrx_word' id='word_1_267' title='bbox 1566 3175 1674 3230; x_wconf 92' lang='lat' dir='ltr'><strong>cito</strong></span> <span class='ocrx_word' id='word_1_268' title='bbox 1705 3181 1989 3238; x_wconf 88' lang='lat' dir='ltr'><strong>noverunt,</strong></span> 
     </span>
    </p>
   </div>
   <div class='ocr_carea' id='block_1_34' title="bbox 417 3266 1993 3348">
    <p class='ocr_par' dir='ltr' id='par_1_34' title="bbox 417 3266 1993 3348">
     <span class='ocr_line' id='line_1_34' title="bbox 417 3266 1993 3348; baseline -0.008 -16"><span class='ocrx_word' id='word_1_269' title='bbox 417 3280 586 3348; x_wconf 89' lang='lat' dir='ltr'><strong>ipstnn</strong></span> <span class='ocrx_word' id='word_1_270' title='bbox 614 3277 797 3331; x_wconf 89' lang='lat' dir='ltr'><strong>orbem</strong></span> <span class='ocrx_word' id='word_1_271' title='bbox 831 3283 1092 3328; x_wconf 89' lang='lat' dir='ltr'><strong>terrarum</strong></span> <span class='ocrx_word' id='word_1_272' title='bbox 1124 3277 1472 3323; x_wconf 90' lang='lat' dir='ltr'><strong>attraclurttm</strong></span> <span class='ocrx_word' id='word_1_273' title='bbox 1502 3281 1620 3322; x_wconf 88' lang='lat' dir='ltr'><strong>esse</strong></span> <span class='ocrx_word' id='word_1_274' title='bbox 1644 3275 1698 3321; x_wconf 91' lang='lat' dir='ltr'><strong>et</strong></span> <span class='ocrx_word' id='word_1_275' title='bbox 1735 3266 1800 3320; x_wconf 89' lang='lat' dir='ltr'><strong>ad</strong></span> <span class='ocrx_word' id='word_1_276' title='bbox 1841 3279 1993 3320; x_wconf 89' lang='lat' dir='ltr'><strong>com-</strong></span> 
     </span>
    </p>
   </div>
   <div class='ocr_carea' id='block_1_35' title="bbox 417 3359 1991 3439">
    <p class='ocr_par' dir='ltr' id='par_1_35' title="bbox 417 3359 1991 3439">
     <span class='ocr_line' id='line_1_35' title="bbox 417 3359 1991 3439; baseline -0.008 -15"><span class='ocrx_word' id='word_1_277' title='bbox 417 3386 630 3426; x_wconf 89' lang='lat' dir='ltr'><strong>munem</strong></span> <span class='ocrx_word' id='word_1_278' title='bbox 659 3367 982 3439; x_wconf 90' lang='lat' dir='ltr'><strong>operandam</strong></span> <span class='ocrx_word' id='word_1_279' title='bbox 1020 3365 1245 3420; x_wconf 85' lang='lat' dir='ltr'><strong>salutem</strong></span> <span class='ocrx_word' id='word_1_280' title='bbox 1296 3363 1541 3426; x_wconf 80' lang='lat' dir='ltr'><strong>venissc;</strong></span> <span class='ocrx_word' id='word_1_281' title='bbox 1586 3359 1834 3430; x_wconf 85' lang='lat' dir='ltr'><strong>quodque</strong></span> <span class='ocrx_word' id='word_1_282' title='bbox 1884 3373 1991 3412; x_wconf 91' lang='lat' dir='ltr'><strong>non</strong></span> 
     </span>
    </p>
   </div>
   <div class='ocr_carea' id='block_1_36' title="bbox 417 3447 1994 3528">
    <p class='ocr_par' dir='ltr' id='par_1_36' title="bbox 417 3447 1994 3528">
     <span class='ocr_line' id='line_1_36' title="bbox 417 3447 1994 3528; baseline -0.01 -11"><span class='ocrx_word' id='word_1_283' title='bbox 417 3466 467 3517; x_wconf 90' lang='lat' dir='ltr'><strong>in</strong></span> <span class='ocrx_word' id='word_1_284' title='bbox 497 3462 628 3516; x_wconf 93' lang='lat' dir='ltr'><strong>solis</strong></span> <span class='ocrx_word' id='word_1_285' title='bbox 648 3459 847 3515; x_wconf 56' lang='lat' dir='ltr'><strong>Juda&#39;is</strong></span> <span class='ocrx_word' id='word_1_286' title='bbox 873 3458 992 3528; x_wconf 88' lang='lat' dir='ltr'><strong>ejus</strong></span> <span class='ocrx_word' id='word_1_287' title='bbox 1019 3453 1349 3525; x_wconf 86' lang='lat' dir='ltr'><strong>providentia</strong></span> <span class='ocrx_word' id='word_1_288' title='bbox 1378 3450 1839 3507; x_wconf 89' lang='lat' dir='ltr'><strong>circnmcludeuda</strong></span> <span class='ocrx_word' id='word_1_289' title='bbox 1857 3489 1872 3513; x_wconf 91' lang='lat'><strong>,</strong></span> <span class='ocrx_word' id='word_1_290' title='bbox 1899 3447 1994 3503; x_wconf 88' lang='lat' dir='ltr'><strong>sed</strong></span> 
     </span>
    </p>
   </div>
   <div class='ocr_carea' id='block_1_37' title="bbox 417 3538 1990 3620">
    <p class='ocr_par' dir='ltr' id='par_1_37' title="bbox 417 3538 1990 3620">
     <span class='ocr_line' id='line_1_37' title="bbox 417 3538 1990 3620; baseline -0.008 -16"><span class='ocrx_word' id='word_1_291' title='bbox 417 3553 633 3607; x_wconf 81' lang='lat' dir='ltr'><strong>verbum</strong></span> <span class='ocrx_word' id='word_1_292' title='bbox 655 3549 771 3620; x_wconf 88' lang='lat' dir='ltr'><strong>ejus</strong></span> <span class='ocrx_word' id='word_1_293' title='bbox 793 3549 985 3618; x_wconf 90' lang='lat' dir='ltr'><strong>ubique</strong></span> <span class='ocrx_word' id='word_1_294' title='bbox 1011 3543 1464 3600; x_wconf 73' lang='lat' dir='ltr'><strong>disseminandum</strong></span> <span class='ocrx_word' id='word_1_295' title='bbox 1493 3541 1668 3620; x_wconf 78' lang='lat' dir='ltr'><strong>foret?</strong></span> <span class='ocrx_word' id='word_1_296' title='bbox 1710 3542 1779 3594; x_wconf 86' lang='lat' dir='ltr'><strong>At</strong></span> <span class='ocrx_word' id='word_1_297' title='bbox 1819 3538 1990 3594; x_wconf 67' lang='lat' dir='ltr'><strong>Judtei</strong></span> 
     </span>
    </p>
   </div>
   <div class='ocr_carea' id='block_1_38' title="bbox 416 3617 1992 3706">
    <p class='ocr_par' dir='ltr' id='par_1_38' title="bbox 416 3617 1992 3706">
     <span class='ocr_line' id='line_1_38' title="bbox 416 3617 1992 3706; baseline -0.008 -8"><span class='ocrx_word' id='word_1_298' title='bbox 416 3661 520 3699; x_wconf 91' lang='lat' dir='ltr'><strong>non</strong></span> <span class='ocrx_word' id='word_1_299' title='bbox 548 3644 706 3706; x_wconf 89' lang='lat' dir='ltr'><strong>item;</strong></span> <span class='ocrx_word' id='word_1_300' title='bbox 734 3643 839 3695; x_wconf 93' lang='lat' dir='ltr'><strong>imo</strong></span> <span class='ocrx_word' id='word_1_301' title='bbox 867 3641 992 3693; x_wconf 87' lang='lat' dir='ltr'><strong>dum</strong></span> <span class='ocrx_word' id='word_1_302' title='bbox 1034 3644 1338 3706; x_wconf 70' lang='lat' dir='ltr'><strong>quaererent</strong></span> <span class='ocrx_word' id='word_1_303' title='bbox 1382 3617 1638 3702; x_wconf 80' lang='lat' dir='ltr'><strong>justitiam</strong></span> <span class='ocrx_word' id='word_1_304' title='bbox 1681 3647 1830 3687; x_wconf 93' lang='lat' dir='ltr'><strong>suam</strong></span> <span class='ocrx_word' id='word_1_305' title='bbox 1881 3640 1992 3685; x_wconf 87' lang='lat' dir='ltr'><strong>sta-</strong></span> 
     </span>
    </p>
   </div>
   <div class='ocr_carea' id='block_1_39' title="bbox 419 3721 1997 3803">
    <p class='ocr_par' dir='ltr' id='par_1_39' title="bbox 419 3721 1997 3803">
     <span class='ocr_line' id='line_1_39' title="bbox 419 3721 1997 3803; baseline -0.011 -12"><span class='ocrx_word' id='word_1_306' title='bbox 419 3749 568 3791; x_wconf 90' lang='lat' dir='ltr'><strong>tuere</strong></span> <span class='ocrx_word' id='word_1_307' title='bbox 591 3775 604 3797; x_wconf 94' lang='lat'><strong>,</strong></span> <span class='ocrx_word' id='word_1_308' title='bbox 633 3733 848 3803; x_wconf 75' lang='lat' dir='ltr'><strong>iustitiae</strong></span> <span class='ocrx_word' id='word_1_309' title='bbox 878 3730 970 3783; x_wconf 86' lang='lat' dir='ltr'><strong>Dei</strong></span> <span class='ocrx_word' id='word_1_310' title='bbox 1000 3743 1104 3783; x_wconf 90' lang='lat' dir='ltr'><strong>non</strong></span> <span class='ocrx_word' id='word_1_311' title='bbox 1135 3726 1359 3795; x_wconf 86' lang='lat' dir='ltr'><strong>subjecti</strong></span> <span class='ocrx_word' id='word_1_312' title='bbox 1391 3724 1621 3779; x_wconf 85' lang='lat' dir='ltr'><strong>fuerunt.</strong></span> <span class='ocrx_word' id='word_1_313' title='bbox 1654 3723 1717 3777; x_wconf 81' lang='lat' dir='ltr'><strong>lli</strong></span> <span class='ocrx_word' id='word_1_314' title='bbox 1749 3738 1878 3777; x_wconf 91' lang='lat' dir='ltr'><strong>vero</strong></span> <span class='ocrx_word' id='word_1_315' title='bbox 1921 3721 1997 3775; x_wconf 84' lang='lat' dir='ltr'><strong>fa-</strong></span> 
     </span>
    </p>
   </div>
   <div class='ocr_carea' id='block_1_40' title="bbox 418 3815 1996 3888">
    <p class='ocr_par' dir='ltr' id='par_1_40' title="bbox 418 3815 1996 3888">
     <span class='ocr_line' id='line_1_40' title="bbox 418 3815 1996 3888; baseline -0.008 -8"><span class='ocrx_word' id='word_1_316' title='bbox 418 3837 595 3881; x_wconf 83' lang='lat' dir='ltr'><strong>tentur</strong></span> <span class='ocrx_word' id='word_1_317' title='bbox 617 3839 803 3878; x_wconf 88' lang='lat' dir='ltr'><strong>omnes</strong></span> <span class='ocrx_word' id='word_1_318' title='bbox 826 3823 876 3874; x_wconf 89' lang='lat' dir='ltr'><strong>itt</strong></span> <span class='ocrx_word' id='word_1_319' title='bbox 904 3821 1057 3888; x_wconf 82' lang='lat' dir='ltr'><strong>culpa</strong></span> <span class='ocrx_word' id='word_1_320' title='bbox 1088 3834 1207 3872; x_wconf 90' lang='lat' dir='ltr'><strong>esse</strong></span> <span class='ocrx_word' id='word_1_321' title='bbox 1230 3859 1242 3880; x_wconf 93' lang='lat'><strong>,</strong></span> <span class='ocrx_word' id='word_1_322' title='bbox 1276 3815 1401 3870; x_wconf 89' lang='lat' dir='ltr'><strong>illud</strong></span> <span class='ocrx_word' id='word_1_323' title='bbox 1429 3815 1775 3885; x_wconf 82' lang='lat' dir='ltr'><strong>apostolicum</strong></span> <span class='ocrx_word' id='word_1_324' title='bbox 1805 3829 1916 3884; x_wconf 59' lang='lat' dir='ltr'><strong>prie</strong></span> <span class='ocrx_word' id='word_1_325' title='bbox 1935 3827 1996 3867; x_wconf 87' lang='lat' dir='ltr'><strong>se</strong></span> 
     </span>
    </p>
   </div>
   <div class='ocr_carea' id='block_1_41' title="bbox 417 3903 1992 3980">
    <p class='ocr_par' dir='ltr' id='par_1_41' title="bbox 417 3903 1992 3980">
     <span class='ocr_line' id='line_1_41' title="bbox 417 3903 1992 3980; baseline -0.01 -10"><span class='ocrx_word' id='word_1_326' title='bbox 417 3919 652 3972; x_wconf 82' lang='lat' dir='ltr'><strong>terentes</strong></span> <span class='ocrx_word' id='word_1_327' title='bbox 681 3933 693 3967; x_wconf 88' lang='lat'>:</span> <span class='ocrx_word' id='word_1_328' title='bbox 725 3912 912 3966; x_wconf 84' lang='lat' dir='ltr'><strong>Omnes</strong></span> <span class='ocrx_word' id='word_1_329' title='bbox 968 3917 1330 3980; x_wconf 84' lang='lat' dir='ltr'><strong>peccaverunt,</strong></span> <span class='ocrx_word' id='word_1_330' title='bbox 1381 3915 1426 3960; x_wconf 87' lang='lat' dir='ltr'><strong>et</strong></span> <span class='ocrx_word' id='word_1_331' title='bbox 1473 3914 1614 3976; x_wconf 82' lang='lat' dir='ltr'><strong>egent</strong></span> <span class='ocrx_word' id='word_1_332' title='bbox 1659 3906 1820 3974; x_wconf 87' lang='lat' dir='ltr'><strong>gloria</strong></span> <span class='ocrx_word' id='word_1_333' title='bbox 1863 3903 1992 3965; x_wconf 86' lang='lat' dir='ltr'><strong>Dei,</strong></span> 
     </span>
    </p>
   </div>
   <div class='ocr_carea' id='block_1_42' title="bbox 407 3993 1993 4078">
    <p class='ocr_par' dir='ltr' id='par_1_42' title="bbox 407 3993 1993 4078">
     <span class='ocr_line' id='line_1_42' title="bbox 407 3993 1993 4078; baseline -0.008 -19"><span class='ocrx_word' id='word_1_334' title='bbox 407 4006 676 4078; x_wconf 79' lang='lat' dir='ltr'><strong>justiﬁeati</strong></span> <span class='ocrx_word' id='word_1_335' title='bbox 697 4003 853 4076; x_wconf 81' lang='lat' dir='ltr'><strong>gratis</strong></span> <span class='ocrx_word' id='word_1_336' title='bbox 871 4019 958 4070; x_wconf 85' lang='lat' dir='ltr'><strong>per</strong></span> <span class='ocrx_word' id='word_1_337' title='bbox 982 4000 1196 4072; x_wconf 85' lang='lat' dir='ltr'><strong>gratiam</strong></span> <span class='ocrx_word' id='word_1_338' title='bbox 1223 3999 1381 4066; x_wconf 84' lang='lat' dir='ltr'><strong>ipsius</strong></span> <span class='ocrx_word' id='word_1_339' title='bbox 1411 3998 1429 4067; x_wconf 93' lang='lat'>(</span> <span class='ocrx_word' id='word_1_340' title='bbox 1445 3995 1594 4048; x_wconf 78' lang='lat' dir='ltr'><strong>llom.</strong></span> <span class='ocrx_word' id='word_1_341' title='bbox 1627 3996 1712 4049; x_wconf 87' lang='grc'><strong>10.</strong></span> <span class='ocrx_word' id='word_1_342' title='bbox 1740 3995 1792 4050; x_wconf 79' lang='grc'><strong>5.</strong></span> <span class='ocrx_word' id='word_1_343' title='bbox 1815 3993 1993 4063; x_wconf 88' lang='lat' dir='ltr'><strong>).Cunt</strong></span> 
     </span>
    </p>
   </div>
   <div class='ocr_carea' id='block_1_43' title="bbox 415 4088 1992 4164">
    <p class='ocr_par' dir='ltr' id='par_1_43' title="bbox 415 4088 1992 4164">
     <span class='ocr_line' id='line_1_43' title="bbox 415 4088 1992 4164; baseline -0.01 -10"><span class='ocrx_word' id='word_1_344' title='bbox 415 4102 596 4156; x_wconf 81' lang='lat' dir='ltr'><strong>dicunt</strong></span> <span class='ocrx_word' id='word_1_345' title='bbox 620 4100 761 4154; x_wconf 90' lang='lat' dir='ltr'><strong>enim</strong></span> <span class='ocrx_word' id='word_1_346' title='bbox 794 4097 964 4164; x_wconf 86' lang='lat' dir='ltr'><strong>ipsum</strong></span> <span class='ocrx_word' id='word_1_347' title='bbox 1012 4109 1129 4148; x_wconf 87' lang='lat' dir='ltr'><strong>esse</strong></span> <span class='ocrx_word' id='word_1_348' title='bbox 1163 4092 1490 4146; x_wconf 89' lang='lat' dir='ltr'><strong>Salvatorem</strong></span> <span class='ocrx_word' id='word_1_349' title='bbox 1540 4088 1759 4154; x_wconf 87' lang='lat' dir='ltr'><strong>mundi,</strong></span> <span class='ocrx_word' id='word_1_350' title='bbox 1809 4095 1992 4142; x_wconf 89' lang='lat' dir='ltr'><strong>osten-</strong></span> 
     </span>
    </p>
   </div>
   <div class='ocr_carea' id='block_1_44' title="bbox 415 4179 1994 4258">
    <p class='ocr_par' dir='ltr' id='par_1_44' title="bbox 415 4179 1994 4258">
     <span class='ocr_line' id='line_1_44' title="bbox 415 4179 1994 4258; baseline -0.009 -12"><span class='ocrx_word' id='word_1_351' title='bbox 415 4196 548 4246; x_wconf 88' lang='lat' dir='ltr'><strong>dunt</strong></span> <span class='ocrx_word' id='word_1_352' title='bbox 597 4190 850 4244; x_wconf 84' lang='lat' dir='ltr'><strong>mundum</strong></span> <span class='ocrx_word' id='word_1_353' title='bbox 901 4186 1164 4258; x_wconf 87' lang='lat' dir='ltr'><strong>periisse;</strong></span> <span class='ocrx_word' id='word_1_354' title='bbox 1221 4191 1275 4236; x_wconf 90' lang='lat' dir='ltr'><strong>et</strong></span> <span class='ocrx_word' id='word_1_355' title='bbox 1327 4199 1430 4237; x_wconf 90' lang='lat' dir='ltr'><strong>non</strong></span> <span class='ocrx_word' id='word_1_356' title='bbox 1477 4181 1637 4235; x_wconf 89' lang='lat' dir='ltr'><strong>modo</strong></span> <span class='ocrx_word' id='word_1_357' title='bbox 1666 4179 1994 4234; x_wconf 88' lang='lat' dir='ltr'><strong>Salvatorem</strong></span> 
     </span>
    </p>
   </div>
   <div class='ocr_carea' id='block_1_45' title="bbox 415 4269 1996 4350">
    <p class='ocr_par' dir='ltr' id='par_1_45' title="bbox 415 4269 1996 4350">
     <span class='ocr_line' id='line_1_45' title="bbox 415 4269 1996 4350; baseline -0.011 -10"><span class='ocrx_word' id='word_1_358' title='bbox 415 4300 556 4350; x_wconf 85' lang='lat' dir='ltr'><strong>esse,</strong></span> <span class='ocrx_word' id='word_1_359' title='bbox 585 4282 678 4337; x_wconf 89' lang='lat' dir='ltr'><strong>sed</strong></span> <span class='ocrx_word' id='word_1_360' title='bbox 703 4294 757 4336; x_wconf 92' lang='lat' dir='ltr'><strong>et</strong></span> <span class='ocrx_word' id='word_1_361' title='bbox 783 4281 834 4334; x_wconf 91' lang='lat' dir='ltr'><strong>in</strong></span> <span class='ocrx_word' id='word_1_362' title='bbox 857 4281 1016 4334; x_wconf 81' lang='lat' dir='ltr'><strong>rebus</strong></span> <span class='ocrx_word' id='word_1_363' title='bbox 1047 4275 1316 4332; x_wconf 77' lang='lat' dir='ltr'><strong>maximis.</strong></span> <span class='ocrx_word' id='word_1_364' title='bbox 1351 4274 1622 4329; x_wconf 83' lang='lat' dir='ltr'><strong>Venerunt</strong></span> <span class='ocrx_word' id='word_1_365' title='bbox 1661 4273 1801 4326; x_wconf 87' lang='lat' dir='ltr'><strong>enim</strong></span> <span class='ocrx_word' id='word_1_366' title='bbox 1846 4269 1996 4323; x_wconf 82' lang='lat' dir='ltr'><strong>nntlti</strong></span> 
     </span>
    </p>
   </div>
   <div class='ocr_carea' id='block_1_46' title="bbox 416 4359 1996 4434">
    <p class='ocr_par' dir='ltr' id='par_1_46' title="bbox 416 4359 1996 4434">
     <span class='ocr_line' id='line_1_46' title="bbox 416 4359 1996 4434; baseline -0.011 -4"><span class='ocrx_word' id='word_1_367' title='bbox 416 4385 476 4430; x_wconf 89' lang='lat' dir='ltr'><strong>ut</strong></span> <span class='ocrx_word' id='word_1_368' title='bbox 502 4373 746 4429; x_wconf 86' lang='lat' dir='ltr'><strong>homines</strong></span> <span class='ocrx_word' id='word_1_369' title='bbox 774 4369 952 4425; x_wconf 90' lang='lat' dir='ltr'><strong>salvos</strong></span> <span class='ocrx_word' id='word_1_370' title='bbox 977 4369 1245 4429; x_wconf 83' lang='lat' dir='ltr'><strong>lacerent,</strong></span> <span class='ocrx_word' id='word_1_371' title='bbox 1289 4364 1599 4434; x_wconf 75' lang='lat' dir='ltr'><strong>prephetm,</strong></span> <span class='ocrx_word' id='word_1_372' title='bbox 1643 4363 1846 4432; x_wconf 83' lang='lat' dir='ltr'><strong>angeli;</strong></span> <span class='ocrx_word' id='word_1_373' title='bbox 1900 4359 1996 4414; x_wconf 89' lang='lat' dir='ltr'><strong>sed</strong></span> 
     </span>
    </p>
   </div>
   <div class='ocr_carea' id='block_1_47' title="bbox 416 4453 1998 4527">
    <p class='ocr_par' dir='ltr' id='par_1_47' title="bbox 416 4453 1998 4527">
     <span class='ocr_line' id='line_1_47' title="bbox 416 4453 1998 4527; baseline -0.015 -2"><span class='ocrx_word' id='word_1_374' title='bbox 416 4483 576 4524; x_wconf 86' lang='lat' dir='ltr'><strong>verus</strong></span> <span class='ocrx_word' id='word_1_375' title='bbox 599 4465 844 4521; x_wconf 87' lang='lat' dir='ltr'><strong>Salvator</strong></span> <span class='ocrx_word' id='word_1_376' title='bbox 867 4462 954 4514; x_wconf 93' lang='lat' dir='ltr'><strong>hic</strong></span> <span class='ocrx_word' id='word_1_377' title='bbox 981 4469 1097 4522; x_wconf 89' lang='lat' dir='ltr'><strong>est,</strong></span> <span class='ocrx_word' id='word_1_378' title='bbox 1131 4459 1335 4527; x_wconf 88' lang='lat' dir='ltr'><strong>inquit,</strong></span> <span class='ocrx_word' id='word_1_379' title='bbox 1368 4457 1454 4524; x_wconf 87' lang='lat' dir='ltr'><strong>qui</strong></span> <span class='ocrx_word' id='word_1_380' title='bbox 1485 4470 1660 4508; x_wconf 88' lang='lat' dir='ltr'><strong>veram</strong></span> <span class='ocrx_word' id='word_1_381' title='bbox 1689 4453 1889 4522; x_wconf 86' lang='lat' dir='ltr'><strong>praebet</strong></span> <span class='ocrx_word' id='word_1_382' title='bbox 1913 4466 1998 4505; x_wconf 88' lang='lat' dir='ltr'><strong>sa-</strong></span> 
     </span>
    </p>
   </div>
   <div class='ocr_carea' id='block_1_48' title="bbox 417 4545 1998 4625">
    <p class='ocr_par' dir='ltr' id='par_1_48' title="bbox 417 4545 1998 4625">
     <span class='ocr_line' id='line_1_48' title="bbox 417 4545 1998 4625; baseline -0.016 -7"><span class='ocrx_word' id='word_1_383' title='bbox 417 4563 580 4618; x_wconf 90' lang='lat' dir='ltr'><strong>lutem</strong></span> <span class='ocrx_word' id='word_1_384' title='bbox 606 4601 621 4625; x_wconf 93' lang='lat'><strong>,</strong></span> <span class='ocrx_word' id='word_1_385' title='bbox 653 4573 758 4613; x_wconf 90' lang='lat' dir='ltr'><strong>non</strong></span> <span class='ocrx_word' id='word_1_386' title='bbox 791 4555 964 4610; x_wconf 90' lang='lat' dir='ltr'><strong>solum</strong></span> <span class='ocrx_word' id='word_1_387' title='bbox 992 4561 1166 4604; x_wconf 88' lang='lat' dir='ltr'><strong>autem</strong></span> <span class='ocrx_word' id='word_1_388' title='bbox 1198 4559 1614 4618; x_wconf 89' lang='lat' dir='ltr'><strong>temporancam.</strong></span> <span class='ocrx_word' id='word_1_389' title='bbox 1638 4545 1750 4598; x_wconf 87' lang='lat' dir='ltr'><strong>lloc</strong></span> <span class='ocrx_word' id='word_1_390' title='bbox 1776 4545 1998 4598; x_wconf 79' lang='lat' dir='ltr'><strong>sincera.-</strong></span> 
     </span>
    </p>
   </div>
   <div class='ocr_carea' id='block_1_49' title="bbox 417 4635 1994 4717">
    <p class='ocr_par' dir='ltr' id='par_1_49' title="bbox 417 4635 1994 4717">
     <span class='ocr_line' id='line_1_49' title="bbox 417 4635 1994 4717; baseline -0.011 -12"><span class='ocrx_word' id='word_1_391' title='bbox 417 4651 541 4706; x_wconf 79' lang='lat' dir='ltr'><strong>ﬁdei</strong></span> <span class='ocrx_word' id='word_1_392' title='bbox 571 4653 941 4717; x_wconf 74' lang='lat' dir='ltr'><strong>argumentum</strong></span> <span class='ocrx_word' id='word_1_393' title='bbox 969 4649 1072 4697; x_wconf 91' lang='lat' dir='ltr'><strong>est.</strong></span> <span class='ocrx_word' id='word_1_394' title='bbox 1107 4639 1362 4707; x_wconf 88' lang='lat' dir='ltr'><strong>Utrinque</strong></span> <span class='ocrx_word' id='word_1_395' title='bbox 1385 4637 1526 4691; x_wconf 90' lang='lat' dir='ltr'><strong>enim</strong></span> <span class='ocrx_word' id='word_1_396' title='bbox 1556 4635 1826 4689; x_wconf 86' lang='lat' dir='ltr'><strong>mirabiles</strong></span> <span class='ocrx_word' id='word_1_397' title='bbox 1851 4642 1994 4699; x_wconf 88' lang='lat' dir='ltr'><strong>sunt,</strong></span> 
     </span>
    </p>
   </div>
   <div class='ocr_carea' id='block_1_50' title="bbox 415 4726 1993 4808">
    <p class='ocr_par' dir='ltr' id='par_1_50' title="bbox 415 4726 1993 4808">
     <span class='ocr_line' id='line_1_50' title="bbox 415 4726 1993 4808; baseline -0.011 -12"><span class='ocrx_word' id='word_1_398' title='bbox 415 4751 472 4796; x_wconf 90' lang='lat' dir='ltr'><strong>et</strong></span> <span class='ocrx_word' id='word_1_399' title='bbox 495 4736 640 4808; x_wconf 86' lang='lat' dir='ltr'><strong>quod</strong></span> <span class='ocrx_word' id='word_1_400' title='bbox 662 4733 986 4792; x_wconf 87' lang='lat' dir='ltr'><strong>crediderint</strong></span> <span class='ocrx_word' id='word_1_401' title='bbox 1005 4774 1019 4794; x_wconf 89' lang='lat'><strong>,</strong></span> <span class='ocrx_word' id='word_1_402' title='bbox 1048 4741 1102 4786; x_wconf 90' lang='lat' dir='ltr'><strong>et</strong></span> <span class='ocrx_word' id='word_1_403' title='bbox 1123 4729 1260 4800; x_wconf 89' lang='lat' dir='ltr'><strong>quod</strong></span> <span class='ocrx_word' id='word_1_404' title='bbox 1290 4729 1405 4783; x_wconf 90' lang='lat' dir='ltr'><strong>sine</strong></span> <span class='ocrx_word' id='word_1_405' title='bbox 1433 4727 1596 4797; x_wconf 79' lang='lat' dir='ltr'><strong>signis</strong></span> <span class='ocrx_word' id='word_1_406' title='bbox 1638 4726 1993 4790; x_wconf 89' lang='lat' dir='ltr'><strong>crediderint;</strong></span> 
     </span>
    </p>
   </div>
   <div class='ocr_carea' id='block_1_51' title="bbox 416 4815 1999 4900">
    <p class='ocr_par' dir='ltr' id='par_1_51' title="bbox 416 4815 1999 4900">
     <span class='ocr_line' id='line_1_51' title="bbox 416 4815 1999 4900; baseline -0.009 -17"><span class='ocrx_word' id='word_1_407' title='bbox 416 4843 552 4900; x_wconf 86' lang='lat' dir='ltr'><strong>quos</strong></span> <span class='ocrx_word' id='word_1_408' title='bbox 593 4836 648 4882; x_wconf 82' lang='lat' dir='ltr'><strong>et</strong></span> <span class='ocrx_word' id='word_1_409' title='bbox 684 4824 929 4880; x_wconf 87' lang='lat' dir='ltr'><strong>Christus</strong></span> <span class='ocrx_word' id='word_1_410' title='bbox 973 4822 1159 4877; x_wconf 91' lang='lat' dir='ltr'><strong>beatos</strong></span> <span class='ocrx_word' id='word_1_411' title='bbox 1195 4818 1450 4890; x_wconf 64' lang='lat' dir='ltr'><strong>praedicat</strong></span> <span class='ocrx_word' id='word_1_412' title='bbox 1493 4817 1576 4872; x_wconf 91' lang='lat' dir='ltr'><strong>his</strong></span> <span class='ocrx_word' id='word_1_413' title='bbox 1605 4817 1821 4870; x_wconf 88' lang='lat' dir='ltr'><strong>verbis:</strong></span> <span class='ocrx_word' id='word_1_414' title='bbox 1853 4815 1999 4868; x_wconf 80' lang='lat' dir='ltr'><strong>Beati</strong></span> 
     </span>
    </p>
   </div>
   <div class='ocr_carea' id='block_1_52' title="bbox 417 4906 1993 4991">
    <p class='ocr_par' dir='ltr' id='par_1_52' title="bbox 417 4906 1993 4991">
     <span class='ocr_line' id='line_1_52' title="bbox 417 4906 1993 4991; baseline -0.013 -13"><span class='ocrx_word' id='word_1_415' title='bbox 417 4923 505 4991; x_wconf 87' lang='lat' dir='ltr'><strong>qui</strong></span> <span class='ocrx_word' id='word_1_416' title='bbox 546 4937 647 4975; x_wconf 84' lang='lat' dir='ltr'><strong>non</strong></span> <span class='ocrx_word' id='word_1_417' title='bbox 687 4916 949 4980; x_wconf 79' lang='lat' dir='ltr'><strong>uiderunt,</strong></span> <span class='ocrx_word' id='word_1_418' title='bbox 991 4921 1035 4967; x_wconf 90' lang='lat' dir='ltr'><strong>et</strong></span> <span class='ocrx_word' id='word_1_419' title='bbox 1061 4912 1379 4966; x_wconf 83' lang='lat' dir='ltr'><strong>crediderunt</strong></span> <span class='ocrx_word' id='word_1_420' title='bbox 1403 4912 1420 4982; x_wconf 96' lang='lat'>(</span> <span class='ocrx_word' id='word_1_421' title='bbox 1444 4909 1590 4964; x_wconf 75' lang='lat' dir='ltr'><strong>Rom.</strong></span> <span class='ocrx_word' id='word_1_422' title='bbox 1625 4909 1677 4963; x_wconf 81' lang='grc'><strong>5.</strong></span> <span class='ocrx_word' id='word_1_423' title='bbox 1716 4907 1804 4962; x_wconf 71' lang='lat'><strong>25.</strong></span> <span class='ocrx_word' id='word_1_424' title='bbox 1850 4906 1993 4977; x_wconf 79' lang='lat' dir='ltr'><strong>M);</strong></span> 
     </span>
    </p>
   </div>
   <div class='ocr_carea' id='block_1_53' title="bbox 419 5000 1996 5084">
    <p class='ocr_par' dir='ltr' id='par_1_53' title="bbox 419 5000 1996 5084">
     <span class='ocr_line' id='line_1_53' title="bbox 419 5000 1996 5084; baseline -0.011 -14"><span class='ocrx_word' id='word_1_425' title='bbox 419 5025 472 5070; x_wconf 84' lang='lat' dir='ltr'><strong>et</strong></span> <span class='ocrx_word' id='word_1_426' title='bbox 496 5013 635 5084; x_wconf 89' lang='lat' dir='ltr'><strong>quod</strong></span> <span class='ocrx_word' id='word_1_427' title='bbox 667 5011 828 5067; x_wconf 85' lang='lat' dir='ltr'><strong>etiam</strong></span> <span class='ocrx_word' id='word_1_428' title='bbox 855 5007 1063 5062; x_wconf 88' lang='lat' dir='ltr'><strong>sincere</strong></span> <span class='ocrx_word' id='word_1_429' title='bbox 1091 5003 1437 5060; x_wconf 88' lang='lat' dir='ltr'><strong>crediderint.</strong></span> <span class='ocrx_word' id='word_1_430' title='bbox 1470 5001 1604 5056; x_wconf 90' lang='lat' dir='ltr'><strong>Cum</strong></span> <span class='ocrx_word' id='word_1_431' title='bbox 1649 5001 1789 5054; x_wconf 90' lang='lat' dir='ltr'><strong>enim</strong></span> <span class='ocrx_word' id='word_1_432' title='bbox 1842 5000 1996 5053; x_wconf 89' lang='lat' dir='ltr'><strong>audi-</strong></span> 
     </span>
    </p>
   </div>
   <div class='ocr_carea' id='block_1_54' title="bbox 423 5092 1997 5165">
    <p class='ocr_par' dir='ltr' id='par_1_54' title="bbox 423 5092 1997 5165">
     <span class='ocr_line' id='line_1_54' title="bbox 423 5092 1997 5165; baseline -0.009 -5"><span class='ocrx_word' id='word_1_433' title='bbox 423 5115 542 5160; x_wconf 85' lang='lat' dir='ltr'><strong>rent</strong></span> <span class='ocrx_word' id='word_1_434' title='bbox 568 5103 846 5158; x_wconf 87' lang='lat' dir='ltr'><strong>mulierem</strong></span> <span class='ocrx_word' id='word_1_435' title='bbox 879 5098 1039 5152; x_wconf 89' lang='lat' dir='ltr'><strong>dnbie</strong></span> <span class='ocrx_word' id='word_1_436' title='bbox 1074 5097 1413 5165; x_wconf 88' lang='lat' dir='ltr'><strong>loquentem,</strong></span> <span class='ocrx_word' id='word_1_437' title='bbox 1465 5092 1727 5157; x_wconf 81' lang='lat' dir='ltr'><strong>Numquid</strong></span> <span class='ocrx_word' id='word_1_438' title='bbox 1777 5094 1883 5162; x_wconf 88' lang='lat' dir='ltr'><strong>ipse</strong></span> <span class='ocrx_word' id='word_1_439' title='bbox 1924 5102 1997 5146; x_wconf 90' lang='lat' dir='ltr'><strong>est</strong></span> 
     </span>
    </p>
   </div>
   <div class='ocr_carea' id='block_1_55' title="bbox 419 5184 1999 5254">
    <p class='ocr_par' dir='ltr' id='par_1_55' title="bbox 419 5184 1999 5254">
     <span class='ocr_line' id='line_1_55' title="bbox 419 5184 1999 5254; baseline -0.009 -5"><span class='ocrx_word' id='word_1_440' title='bbox 419 5193 688 5249; x_wconf 79' lang='lat' dir='ltr'><strong>Christus?</strong></span> <span class='ocrx_word' id='word_1_441' title='bbox 719 5207 824 5246; x_wconf 90' lang='lat' dir='ltr'><strong>non</strong></span> <span class='ocrx_word' id='word_1_442' title='bbox 847 5190 1096 5244; x_wconf 82' lang='lat' dir='ltr'><strong>dixerunt</strong></span> <span class='ocrx_word' id='word_1_443' title='bbox 1119 5228 1134 5251; x_wconf 92' lang='lat'><strong>,</strong></span> <span class='ocrx_word' id='word_1_444' title='bbox 1161 5185 1268 5242; x_wconf 85' lang='lat' dir='ltr'><strong>Nos</strong></span> <span class='ocrx_word' id='word_1_445' title='bbox 1292 5199 1503 5254; x_wconf 87' lang='lat' dir='ltr'><strong>quoque</strong></span> <span class='ocrx_word' id='word_1_446' title='bbox 1533 5184 1834 5237; x_wconf 87' lang='lat' dir='ltr'><strong>dubitamus</strong></span> <span class='ocrx_word' id='word_1_447' title='bbox 1858 5224 1872 5248; x_wconf 89' lang='lat'><strong>,</strong></span> <span class='ocrx_word' id='word_1_448' title='bbox 1904 5198 1999 5236; x_wconf 78' lang='lat' dir='ltr'><strong>ne-</strong></span> 
     </span>
    </p>
   </div>
   <div class='ocr_carea' id='block_1_56' title="bbox 419 5275 1995 5352">
    <p class='ocr_par' dir='ltr' id='par_1_56' title="bbox 419 5275 1995 5352">
     <span class='ocr_line' id='line_1_56' title="bbox 419 5275 1995 5352; baseline -0.006 -15"><span class='ocrx_word' id='word_1_449' title='bbox 419 5300 524 5352; x_wconf 84' lang='lat' dir='ltr'><strong>que</strong></span> <span class='ocrx_word' id='word_1_450' title='bbox 550 5285 617 5336; x_wconf 90' lang='lat' dir='ltr'><strong>ita</strong></span> <span class='ocrx_word' id='word_1_451' title='bbox 650 5283 1048 5346; x_wconf 79' lang='lat' dir='ltr'><strong>existimamus,</strong></span> <span class='ocrx_word' id='word_1_452' title='bbox 1083 5278 1212 5341; x_wconf 88' lang='lat' dir='ltr'><strong>sed,</strong></span> <span class='ocrx_word' id='word_1_453' title='bbox 1247 5277 1484 5341; x_wconf 83' lang='lat' dir='ltr'><strong>Scimus;</strong></span> <span class='ocrx_word' id='word_1_454' title='bbox 1515 5290 1687 5344; x_wconf 89' lang='lat' dir='ltr'><strong>neque</strong></span> <span class='ocrx_word' id='word_1_455' title='bbox 1733 5275 1834 5329; x_wconf 88' lang='lat' dir='ltr'><strong>hoc</strong></span> <span class='ocrx_word' id='word_1_456' title='bbox 1878 5285 1995 5328; x_wconf 81' lang='lat' dir='ltr'><strong>tan-</strong></span> 
     </span>
    </p>
   </div>
   <div class='ocr_carea' id='block_1_57' title="bbox 421 5364 2000 5436">
    <p class='ocr_par' dir='ltr' id='par_1_57' title="bbox 421 5364 2000 5436">
     <span class='ocr_line' id='line_1_57' title="bbox 421 5364 2000 5436; baseline -0.006 -9"><span class='ocrx_word' id='word_1_457' title='bbox 421 5383 532 5428; x_wconf 89' lang='lat' dir='ltr'><strong>tum</strong></span> <span class='ocrx_word' id='word_1_458' title='bbox 557 5413 571 5435; x_wconf 95' lang='lat'><strong>,</strong></span> <span class='ocrx_word' id='word_1_459' title='bbox 600 5373 692 5426; x_wconf 89' lang='lat' dir='ltr'><strong>sed</strong></span> <span class='ocrx_word' id='word_1_460' title='bbox 724 5374 882 5426; x_wconf 89' lang='lat' dir='ltr'><strong>etiam</strong></span> <span class='ocrx_word' id='word_1_461' title='bbox 904 5413 918 5436; x_wconf 95' lang='lat'><strong>,</strong></span> <span class='ocrx_word' id='word_1_462' title='bbox 949 5371 1046 5424; x_wconf 84' lang='lat' dir='ltr'><strong>llic</strong></span> <span class='ocrx_word' id='word_1_463' title='bbox 1075 5379 1146 5423; x_wconf 77' lang='lat' dir='ltr'><strong>est</strong></span> <span class='ocrx_word' id='word_1_464' title='bbox 1171 5384 1284 5422; x_wconf 77' lang='lat' dir='ltr'><strong>uere</strong></span> <span class='ocrx_word' id='word_1_465' title='bbox 1305 5366 1544 5421; x_wconf 78' lang='lat' dir='ltr'><strong>Salvator</strong></span> <span class='ocrx_word' id='word_1_466' title='bbox 1570 5365 1765 5418; x_wconf 85' lang='lat' dir='ltr'><strong>mandi.</strong></span> <span class='ocrx_word' id='word_1_467' title='bbox 1813 5364 2000 5434; x_wconf 87' lang='lat' dir='ltr'><strong>Neque</strong></span> 
     </span>
    </p>
   </div>
   <div class='ocr_carea' id='block_1_58' title="bbox 420 5454 1998 5530">
    <p class='ocr_par' dir='ltr' id='par_1_58' title="bbox 420 5454 1998 5530">
     <span class='ocr_line' id='line_1_58' title="bbox 420 5454 1998 5530; baseline -0.006 -10"><span class='ocrx_word' id='word_1_468' title='bbox 420 5464 562 5521; x_wconf 80' lang='lat' dir='ltr'><strong>enim</strong></span> <span class='ocrx_word' id='word_1_469' title='bbox 588 5462 858 5518; x_wconf 88' lang='lat' dir='ltr'><strong>Christum</strong></span> <span class='ocrx_word' id='word_1_470' title='bbox 889 5473 946 5517; x_wconf 90' lang='lat' dir='ltr'><strong>ut</strong></span> <span class='ocrx_word' id='word_1_471' title='bbox 973 5477 1134 5516; x_wconf 91' lang='lat' dir='ltr'><strong>unum</strong></span> <span class='ocrx_word' id='word_1_472' title='bbox 1164 5477 1194 5515; x_wconf 87' lang='lat' dir='ltr'><strong>e</strong></span> <span class='ocrx_word' id='word_1_473' title='bbox 1237 5459 1394 5530; x_wconf 88' lang='lat' dir='ltr'><strong>vulgo</strong></span> <span class='ocrx_word' id='word_1_474' title='bbox 1437 5457 1826 5514; x_wconf 81' lang='lat' dir='ltr'><strong>conﬁtebantur</strong></span> <span class='ocrx_word' id='word_1_475' title='bbox 1851 5497 1865 5524; x_wconf 91' lang='lat'><strong>,</strong></span> <span class='ocrx_word' id='word_1_476' title='bbox 1905 5454 1998 5512; x_wconf 91' lang='lat' dir='ltr'><strong>sed</strong></span> 
     </span>
    </p>
   </div>
   <div class='ocr_carea' id='block_1_59' title="bbox 483 5637 1600 5704">
    <p class='ocr_par' dir='ltr' id='par_1_59' title="bbox 483 5637 1600 5704">
     <span class='ocr_line' id='line_1_59' title="bbox 483 5637 1600 5704; baseline -0.004 -12"><span class='ocrx_word' id='word_1_477' title='bbox 483 5644 558 5704; x_wconf 85' lang='lat' dir='ltr'><strong>(a)</strong></span> <span class='ocrx_word' id='word_1_478' title='bbox 590 5639 728 5692; x_wconf 79' lang='lat' dir='ltr'><strong>lianc</strong></span> <span class='ocrx_word' id='word_1_479' title='bbox 750 5650 917 5692; x_wconf 73' lang='lat' dir='ltr'><strong>vocem</strong></span> <span class='ocrx_word' id='word_1_480' title='bbox 939 5637 1002 5690; x_wconf 90' lang='lat' dir='ltr'><strong>de</strong></span> <span class='ocrx_word' id='word_1_481' title='bbox 1024 5639 1327 5692; x_wconf 73' lang='lat' dir='ltr'><strong>Samaritanus</strong></span> <span class='ocrx_word' id='word_1_482' title='bbox 1359 5639 1600 5701; x_wconf 81' lang='lat' dir='ltr'><strong>intellige.</strong></span> 
     </span>
    </p>
   </div>
   <div class='ocr_carea' id='block_1_60' title="bbox 3583 244 3700 303">
    <p class='ocr_par' dir='ltr' id='par_1_60' title="bbox 3583 244 3700 303">
     <span class='ocr_line' id='line_1_60' title="bbox 3583 244 3700 303; baseline -0.06 0"><span class='ocrx_word' id='word_1_483' title='bbox 3583 244 3700 303; x_wconf 64' lang='lat'><strong>30&#39;?</strong></span> 
     </span>
    </p>
   </div>
   <div class='ocr_carea' id='block_1_61' title="bbox 2111 340 3690 420">
    <p class='ocr_par' dir='ltr' id='par_1_61' title="bbox 2111 340 3690 420">
     <span class='ocr_line' id='line_1_61' title="bbox 2111 340 3690 420; baseline 0.009 -23"><span class='ocrx_word' id='word_1_484' title='bbox 2111 356 2238 398; x_wconf 84' lang='lat' dir='ltr'><strong>vere</strong></span> <span class='ocrx_word' id='word_1_485' title='bbox 2263 340 2596 400; x_wconf 88' lang='lat' dir='ltr'><strong>Salvatorem</strong></span> <span class='ocrx_word' id='word_1_486' title='bbox 2627 345 2896 402; x_wconf 90' lang='lat' dir='ltr'><strong>dicebant.</strong></span> <span class='ocrx_word' id='word_1_487' title='bbox 2926 347 3084 418; x_wconf 83' lang='lat' dir='ltr'><strong>Atqui</strong></span> <span class='ocrx_word' id='word_1_488' title='bbox 3114 363 3272 420; x_wconf 89' lang='lat' dir='ltr'><strong>quem</strong></span> <span class='ocrx_word' id='word_1_489' title='bbox 3298 350 3366 406; x_wconf 87' lang='lat' dir='ltr'><strong>ab</strong></span> <span class='ocrx_word' id='word_1_490' title='bbox 3394 351 3486 408; x_wconf 89' lang='lat' dir='ltr'><strong>illo</strong></span> <span class='ocrx_word' id='word_1_491' title='bbox 3509 369 3690 411; x_wconf 82' lang='lat' dir='ltr'><strong>serva-</strong></span> 
     </span>
    </p>
   </div>
   <div class='ocr_carea' id='block_1_62' title="bbox 2108 434 3686 510">
    <p class='ocr_par' dir='ltr' id='par_1_62' title="bbox 2108 434 3686 510">
     <span class='ocr_line' id='line_1_62' title="bbox 2108 434 3686 510; baseline 0.01 -24"><span class='ocrx_word' id='word_1_492' title='bbox 2108 440 2218 487; x_wconf 91' lang='lat' dir='ltr'><strong>tum</strong></span> <span class='ocrx_word' id='word_1_493' title='bbox 2249 434 2535 490; x_wconf 86' lang='lat' dir='ltr'><strong>viderant?</strong></span> <span class='ocrx_word' id='word_1_494' title='bbox 2574 435 2746 492; x_wconf 80' lang='lat' dir='ltr'><strong>Verba</strong></span> <span class='ocrx_word' id='word_1_495' title='bbox 2797 448 3002 493; x_wconf 87' lang='lat' dir='ltr'><strong>tantum</strong></span> <span class='ocrx_word' id='word_1_496' title='bbox 3050 440 3366 510; x_wconf 87' lang='lat' dir='ltr'><strong>audierant,</strong></span> <span class='ocrx_word' id='word_1_497' title='bbox 3408 454 3464 500; x_wconf 88' lang='lat' dir='ltr'><strong>et</strong></span> <span class='ocrx_word' id='word_1_498' title='bbox 3510 455 3686 502; x_wconf 85' lang='lat' dir='ltr'><strong>tamen</strong></span> 
     </span>
    </p>
   </div>
   <div class='ocr_carea' id='block_1_63' title="bbox 2106 517 3687 590">
    <p class='ocr_par' dir='ltr' id='par_1_63' title="bbox 2106 517 3687 590">
     <span class='ocr_line' id='line_1_63' title="bbox 2106 517 3687 590; baseline 0.009 -19"><span class='ocrx_word' id='word_1_499' title='bbox 2106 530 2170 571; x_wconf 89' lang='lat' dir='ltr'><strong>ea</strong></span> <span class='ocrx_word' id='word_1_500' title='bbox 2199 517 2311 588; x_wconf 91' lang='lat' dir='ltr'><strong>ipsa</strong></span> <span class='ocrx_word' id='word_1_501' title='bbox 2344 518 2624 587; x_wconf 86' lang='lat' dir='ltr'><strong>proferunt</strong></span> <span class='ocrx_word' id='word_1_502' title='bbox 2645 537 2763 590; x_wconf 76' lang='lat' dir='ltr'><strong>qtae</strong></span> <span class='ocrx_word' id='word_1_503' title='bbox 2787 521 3083 589; x_wconf 85' lang='lat' dir='ltr'><strong>dixissent,</strong></span> <span class='ocrx_word' id='word_1_504' title='bbox 3133 526 3176 579; x_wconf 90' lang='lat' dir='ltr'><strong>si</strong></span> <span class='ocrx_word' id='word_1_505' title='bbox 3215 525 3476 584; x_wconf 81' lang='lat' dir='ltr'><strong>vidissent</strong></span> <span class='ocrx_word' id='word_1_506' title='bbox 3523 533 3687 587; x_wconf 88' lang='lat' dir='ltr'><strong>multa</strong></span> 
     </span>
    </p>
   </div>
   <div class='ocr_carea' id='block_1_64' title="bbox 2107 611 3690 686">
    <p class='ocr_par' dir='ltr' id='par_1_64' title="bbox 2107 611 3690 686">
     <span class='ocr_line' id='line_1_64' title="bbox 2107 611 3690 686; baseline 0.01 -26"><span class='ocrx_word' id='word_1_507' title='bbox 2107 622 2402 677; x_wconf 84' lang='lat' dir='ltr'><strong>magnaque</strong></span> <span class='ocrx_word' id='word_1_508' title='bbox 2443 611 2715 666; x_wconf 89' lang='lat' dir='ltr'><strong>miracula.</strong></span> <span class='ocrx_word' id='word_1_509' title='bbox 2737 612 2806 667; x_wconf 90' lang='lat' dir='ltr'><strong>Et</strong></span> <span class='ocrx_word' id='word_1_510' title='bbox 2832 628 2930 668; x_wconf 87' lang='lat' dir='ltr'><strong>cur</strong></span> <span class='ocrx_word' id='word_1_511' title='bbox 2953 616 3290 686; x_wconf 70' lang='lat' dir='ltr'><strong>evangelistre</strong></span> <span class='ocrx_word' id='word_1_512' title='bbox 3317 633 3422 673; x_wconf 93' lang='lat' dir='ltr'><strong>non</strong></span> <span class='ocrx_word' id='word_1_513' title='bbox 3451 619 3690 676; x_wconf 88' lang='lat' dir='ltr'><strong>referunt</strong></span> 
     </span>
    </p>
   </div>
   <div class='ocr_carea' id='block_1_65' title="bbox 2106 700 3695 772">
    <p class='ocr_par' dir='ltr' id='par_1_65' title="bbox 2106 700 3695 772">
     <span class='ocr_line' id='line_1_65' title="bbox 2106 700 3695 772; baseline 0.009 -19"><span class='ocrx_word' id='word_1_514' title='bbox 2106 713 2168 753; x_wconf 89' lang='lat' dir='ltr'><strong>ea</strong></span> <span class='ocrx_word' id='word_1_515' title='bbox 2209 714 2328 769; x_wconf 65' lang='lat' dir='ltr'><strong>quae</strong></span> <span class='ocrx_word' id='word_1_516' title='bbox 2369 700 2540 769; x_wconf 87' lang='lat' dir='ltr'><strong>dixit,</strong></span> <span class='ocrx_word' id='word_1_517' title='bbox 2573 717 2795 772; x_wconf 68' lang='lat' dir='ltr'><strong>qumque</strong></span> <span class='ocrx_word' id='word_1_518' title='bbox 2841 705 3103 760; x_wconf 86' lang='lat' dir='ltr'><strong>mirabilia</strong></span> <span class='ocrx_word' id='word_1_519' title='bbox 3146 708 3340 761; x_wconf 84' lang='lat' dir='ltr'><strong>erant?</strong></span> <span class='ocrx_word' id='word_1_520' title='bbox 3393 708 3466 764; x_wconf 89' lang='lat' dir='ltr'><strong>Ut</strong></span> <span class='ocrx_word' id='word_1_521' title='bbox 3509 709 3695 767; x_wconf 82' lang='lat' dir='ltr'><strong>discas</strong></span> 
     </span>
    </p>
   </div>
   <div class='ocr_carea' id='block_1_66' title="bbox 2106 789 3690 866">
    <p class='ocr_par' dir='ltr' id='par_1_66' title="bbox 2106 789 3690 866">
     <span class='ocr_line' id='line_1_66' title="bbox 2106 789 3690 866; baseline 0.009 -24"><span class='ocrx_word' id='word_1_522' title='bbox 2106 789 2250 858; x_wconf 92' lang='lat' dir='ltr'><strong>ipsos</strong></span> <span class='ocrx_word' id='word_1_523' title='bbox 2276 791 2441 846; x_wconf 88' lang='lat' dir='ltr'><strong>multa</strong></span> <span class='ocrx_word' id='word_1_524' title='bbox 2475 807 2540 846; x_wconf 81' lang='lat' dir='ltr'><strong>ex</strong></span> <span class='ocrx_word' id='word_1_525' title='bbox 2570 795 2778 864; x_wconf 78' lang='lat' dir='ltr'><strong>magnis</strong></span> <span class='ocrx_word' id='word_1_526' title='bbox 2806 796 2965 850; x_wconf 87' lang='lat' dir='ltr'><strong>rebus</strong></span> <span class='ocrx_word' id='word_1_527' title='bbox 2994 798 3438 866; x_wconf 72' lang='lat' dir='ltr'><strong>praetermittere;</strong></span> <span class='ocrx_word' id='word_1_528' title='bbox 3485 800 3579 856; x_wconf 87' lang='lat' dir='ltr'><strong>sed</strong></span> <span class='ocrx_word' id='word_1_529' title='bbox 3621 818 3690 857; x_wconf 82' lang='lat' dir='ltr'><strong>ex</strong></span> 
     </span>
    </p>
   </div>
   <div class='ocr_carea' id='block_1_67' title="bbox 2106 882 3688 948">
    <p class='ocr_par' dir='ltr' id='par_1_67' title="bbox 2106 882 3688 948">
     <span class='ocr_line' id='line_1_67' title="bbox 2106 882 3688 948; baseline 0.008 -13"><span class='ocrx_word' id='word_1_530' title='bbox 2106 890 2302 935; x_wconf 84' lang='lat' dir='ltr'><strong>eventu</strong></span> <span class='ocrx_word' id='word_1_531' title='bbox 2351 889 2521 936; x_wconf 91' lang='lat' dir='ltr'><strong>totum</strong></span> <span class='ocrx_word' id='word_1_532' title='bbox 2569 882 3096 940; x_wconf 88' lang='lat' dir='ltr'><strong>demonstraverunt.</strong></span> <span class='ocrx_word' id='word_1_533' title='bbox 3157 885 3346 943; x_wconf 83' lang='lat' dir='ltr'><strong>Verbis</strong></span> <span class='ocrx_word' id='word_1_534' title='bbox 3388 891 3531 944; x_wconf 89' lang='lat' dir='ltr'><strong>enim</strong></span> <span class='ocrx_word' id='word_1_535' title='bbox 3575 893 3688 948; x_wconf 84' lang='lat' dir='ltr'><strong>suis</strong></span> 
     </span>
    </p>
   </div>
   <div class='ocr_carea' id='block_1_68' title="bbox 2107 973 3684 1045">
    <p class='ocr_par' dir='ltr' id='par_1_68' title="bbox 2107 973 3684 1045">
     <span class='ocr_line' id='line_1_68' title="bbox 2107 973 3684 1045; baseline 0.008 -22"><span class='ocrx_word' id='word_1_536' title='bbox 2107 977 2275 1024; x_wconf 91' lang='lat' dir='ltr'><strong>totum</strong></span> <span class='ocrx_word' id='word_1_537' title='bbox 2309 973 2562 1040; x_wconf 81' lang='lat' dir='ltr'><strong>populum</strong></span> <span class='ocrx_word' id='word_1_538' title='bbox 2583 1015 2600 1040; x_wconf 92' lang='lat'><strong>,</strong></span> <span class='ocrx_word' id='word_1_539' title='bbox 2634 975 3043 1045; x_wconf 87' lang='lat' dir='ltr'><strong>universamque</strong></span> <span class='ocrx_word' id='word_1_540' title='bbox 3088 976 3356 1032; x_wconf 88' lang='lat' dir='ltr'><strong>civitatem</strong></span> <span class='ocrx_word' id='word_1_541' title='bbox 3401 983 3684 1037; x_wconf 89' lang='lat' dir='ltr'><strong>convertit.</strong></span> 
     </span>
    </p>
   </div>
   <div class='ocr_carea' id='block_1_69' title="bbox 2106 1059 3685 1140">
    <p class='ocr_par' dir='ltr' id='par_1_69' title="bbox 2106 1059 3685 1140">
     <span class='ocr_line' id='line_1_69' title="bbox 2106 1059 3685 1140; baseline 0.008 -26"><span class='ocrx_word' id='word_1_542' title='bbox 2106 1059 2204 1115; x_wconf 91' lang='lat' dir='ltr'><strong>Ubi</strong></span> <span class='ocrx_word' id='word_1_543' title='bbox 2230 1070 2406 1115; x_wconf 89' lang='lat' dir='ltr'><strong>autem</strong></span> <span class='ocrx_word' id='word_1_544' title='bbox 2452 1063 2722 1120; x_wconf 90' lang='lat' dir='ltr'><strong>auditores</strong></span> <span class='ocrx_word' id='word_1_545' title='bbox 2767 1080 2873 1120; x_wconf 90' lang='lat' dir='ltr'><strong>non</strong></span> <span class='ocrx_word' id='word_1_546' title='bbox 2928 1066 3341 1136; x_wconf 86' lang='lat' dir='ltr'><strong>obtemperant,</strong></span> <span class='ocrx_word' id='word_1_547' title='bbox 3395 1077 3522 1125; x_wconf 91' lang='lat' dir='ltr'><strong>tunc</strong></span> <span class='ocrx_word' id='word_1_548' title='bbox 3565 1087 3685 1140; x_wconf 62' lang='lat' dir='ltr'><strong>quae</strong></span> 
     </span>
    </p>
   </div>
   <div class='ocr_carea' id='block_1_70' title="bbox 2105 1152 3681 1228">
    <p class='ocr_par' dir='ltr' id='par_1_70' title="bbox 2105 1152 3681 1228">
     <span class='ocr_line' id='line_1_70' title="bbox 2105 1152 3681 1228; baseline 0.005 -20"><span class='ocrx_word' id='word_1_549' title='bbox 2105 1152 2350 1208; x_wconf 86' lang='lat' dir='ltr'><strong>Christus</strong></span> <span class='ocrx_word' id='word_1_550' title='bbox 2402 1153 2600 1210; x_wconf 91' lang='lat' dir='ltr'><strong>dixerit</strong></span> <span class='ocrx_word' id='word_1_551' title='bbox 2647 1155 2850 1213; x_wconf 88' lang='lat' dir='ltr'><strong>referre</strong></span> <span class='ocrx_word' id='word_1_552' title='bbox 2890 1168 3187 1228; x_wconf 81' lang='lat' dir='ltr'><strong>coguntur,</strong></span> <span class='ocrx_word' id='word_1_553' title='bbox 3258 1175 3327 1215; x_wconf 89' lang='lat' dir='ltr'><strong>ne</strong></span> <span class='ocrx_word' id='word_1_554' title='bbox 3377 1160 3681 1217; x_wconf 90' lang='lat' dir='ltr'><strong>auditorum</strong></span> 
     </span>
    </p>
   </div>
   <div class='ocr_carea' id='block_1_71' title="bbox 2105 1243 3696 1319">
    <p class='ocr_par' dir='ltr' id='par_1_71' title="bbox 2105 1243 3696 1319">
     <span class='ocr_line' id='line_1_71' title="bbox 2105 1243 3696 1319; baseline 0.007 -23"><span class='ocrx_word' id='word_1_555' title='bbox 2105 1243 2368 1313; x_wconf 86' lang='lat' dir='ltr'><strong>ignaviam</strong></span> <span class='ocrx_word' id='word_1_556' title='bbox 2397 1245 2449 1300; x_wconf 87' lang='lat' dir='ltr'><strong>in</strong></span> <span class='ocrx_word' id='word_1_557' title='bbox 2471 1247 2879 1303; x_wconf 88' lang='lat' dir='ltr'><strong>concionantem</strong></span> <span class='ocrx_word' id='word_1_558' title='bbox 2934 1250 3052 1319; x_wconf 90' lang='lat' dir='ltr'><strong>quis</strong></span> <span class='ocrx_word' id='word_1_559' title='bbox 3105 1249 3322 1305; x_wconf 89' lang='lat' dir='ltr'><strong>referat.</strong></span> <span class='ocrx_word' id='word_1_560' title='bbox 3379 1250 3509 1306; x_wconf 86' lang='lat' dir='ltr'><strong>Post</strong></span> <span class='ocrx_word' id='word_1_561' title='bbox 3558 1252 3696 1307; x_wconf 78' lang='lat' dir='ltr'><strong>duos</strong></span> 
     </span>
    </p>
   </div>
   <div class='ocr_carea' id='block_1_72' title="bbox 2104 1335 3687 1414">
    <p class='ocr_par' dir='ltr' id='par_1_72' title="bbox 2104 1335 3687 1414">
     <span class='ocr_line' id='line_1_72' title="bbox 2104 1335 3687 1414; baseline 0.008 -27"><span class='ocrx_word' id='word_1_562' title='bbox 2104 1345 2269 1389; x_wconf 89' lang='lat' dir='ltr'><strong>autem</strong></span> <span class='ocrx_word' id='word_1_563' title='bbox 2289 1335 2395 1390; x_wconf 84' lang='lat' dir='ltr'><strong>dies</strong></span> <span class='ocrx_word' id='word_1_564' title='bbox 2416 1338 2537 1391; x_wconf 77' lang='lat' dir='ltr'><strong>exiit</strong></span> <span class='ocrx_word' id='word_1_565' title='bbox 2562 1339 2714 1406; x_wconf 85' lang='lat' dir='ltr'><strong>inde,</strong></span> <span class='ocrx_word' id='word_1_566' title='bbox 2744 1348 2791 1392; x_wconf 91' lang='lat' dir='ltr'><strong>et</strong></span> <span class='ocrx_word' id='word_1_567' title='bbox 2825 1340 2948 1394; x_wconf 85' lang='lat' dir='ltr'><strong>abiit</strong></span> <span class='ocrx_word' id='word_1_568' title='bbox 2986 1342 3040 1394; x_wconf 89' lang='lat' dir='ltr'><strong>in</strong></span> <span class='ocrx_word' id='word_1_569' title='bbox 3085 1340 3374 1396; x_wconf 72' lang='lat' dir='ltr'><strong>Galilaeam.</strong></span> <span class='ocrx_word' id='word_1_570' title='bbox 3419 1343 3509 1397; x_wconf 71' lang='lat' dir='ltr'><strong>M.</strong></span> <span class='ocrx_word' id='word_1_571' title='bbox 3564 1342 3687 1414; x_wconf 83' lang='lat' dir='ltr'><strong>Ipse</strong></span> 
     </span>
    </p>
   </div>
   <div class='ocr_carea' id='block_1_73' title="bbox 2104 1427 3682 1503">
    <p class='ocr_par' dir='ltr' id='par_1_73' title="bbox 2104 1427 3682 1503">
     <span class='ocr_line' id='line_1_73' title="bbox 2104 1427 3682 1503; baseline 0.005 -23"><span class='ocrx_word' id='word_1_572' title='bbox 2104 1427 2236 1481; x_wconf 86' lang='lat' dir='ltr'><strong>enim</strong></span> <span class='ocrx_word' id='word_1_573' title='bbox 2260 1427 2494 1483; x_wconf 87' lang='lat' dir='ltr'><strong>Christus</strong></span> <span class='ocrx_word' id='word_1_574' title='bbox 2522 1431 2858 1484; x_wconf 87' lang='lat' dir='ltr'><strong>testimonium</strong></span> <span class='ocrx_word' id='word_1_575' title='bbox 2880 1433 3164 1500; x_wconf 83' lang='lat' dir='ltr'><strong>perhibuit,</strong></span> <span class='ocrx_word' id='word_1_576' title='bbox 3193 1433 3313 1503; x_wconf 85' lang='lat' dir='ltr'><strong>quia</strong></span> <span class='ocrx_word' id='word_1_577' title='bbox 3341 1435 3588 1502; x_wconf 86' lang='lat' dir='ltr'><strong>prapheta</strong></span> <span class='ocrx_word' id='word_1_578' title='bbox 3629 1437 3682 1489; x_wconf 87' lang='lat' dir='ltr'><strong>in</strong></span> 
     </span>
    </p>
   </div>
   <div class='ocr_carea' id='block_1_74' title="bbox 2106 1520 3684 1595">
    <p class='ocr_par' dir='ltr' id='par_1_74' title="bbox 2106 1520 3684 1595">
     <span class='ocr_line' id='line_1_74' title="bbox 2106 1520 3684 1595; baseline 0.006 -22"><span class='ocrx_word' id='word_1_579' title='bbox 2106 1520 2270 1589; x_wconf 90' lang='lat' dir='ltr'><strong>patria</strong></span> <span class='ocrx_word' id='word_1_580' title='bbox 2297 1537 2390 1574; x_wconf 90' lang='lat' dir='ltr'><strong>sua</strong></span> <span class='ocrx_word' id='word_1_581' title='bbox 2433 1522 2674 1576; x_wconf 86' lang='lat' dir='ltr'><strong>honorem</strong></span> <span class='ocrx_word' id='word_1_582' title='bbox 2722 1541 2824 1577; x_wconf 84' lang='lat' dir='ltr'><strong>non</strong></span> <span class='ocrx_word' id='word_1_583' title='bbox 2865 1525 3032 1578; x_wconf 86' lang='lat' dir='ltr'><strong>habet.</strong></span> <span class='ocrx_word' id='word_1_584' title='bbox 3088 1525 3199 1579; x_wconf 90' lang='lat' dir='ltr'><strong>Cur</strong></span> <span class='ocrx_word' id='word_1_585' title='bbox 3245 1526 3345 1580; x_wconf 89' lang='lat' dir='ltr'><strong>hoc</strong></span> <span class='ocrx_word' id='word_1_586' title='bbox 3395 1527 3684 1595; x_wconf 73' lang='lat' dir='ltr'><strong>adjicitur!</strong></span> 
     </span>
    </p>
   </div>
   <div class='ocr_carea' id='block_1_75' title="bbox 2105 1610 3684 1682">
    <p class='ocr_par' dir='ltr' id='par_1_75' title="bbox 2105 1610 3684 1682">
     <span class='ocr_line' id='line_1_75' title="bbox 2105 1610 3684 1682; baseline 0.006 -18"><span class='ocrx_word' id='word_1_587' title='bbox 2105 1610 2236 1676; x_wconf 86' lang='lat' dir='ltr'><strong>Quia</strong></span> <span class='ocrx_word' id='word_1_588' title='bbox 2267 1611 2319 1665; x_wconf 95' lang='lat' dir='ltr'><strong>in</strong></span> <span class='ocrx_word' id='word_1_589' title='bbox 2346 1611 2680 1682; x_wconf 87' lang='lat' dir='ltr'><strong>Capernaum</strong></span> <span class='ocrx_word' id='word_1_590' title='bbox 2707 1629 2811 1668; x_wconf 92' lang='lat' dir='ltr'><strong>non</strong></span> <span class='ocrx_word' id='word_1_591' title='bbox 2841 1615 3006 1680; x_wconf 85' lang='lat' dir='ltr'><strong>abiit,</strong></span> <span class='ocrx_word' id='word_1_592' title='bbox 3037 1614 3129 1670; x_wconf 90' lang='lat' dir='ltr'><strong>sed</strong></span> <span class='ocrx_word' id='word_1_593' title='bbox 3170 1615 3222 1669; x_wconf 92' lang='lat' dir='ltr'><strong>in</strong></span> <span class='ocrx_word' id='word_1_594' title='bbox 3272 1615 3576 1682; x_wconf 70' lang='lat' dir='ltr'><strong>Galilaeam,</strong></span> <span class='ocrx_word' id='word_1_595' title='bbox 3628 1627 3684 1673; x_wconf 86' lang='lat' dir='ltr'><strong>et</strong></span> 
     </span>
    </p>
   </div>
   <div class='ocr_carea' id='block_1_76' title="bbox 2105 1702 3687 1777">
    <p class='ocr_par' dir='ltr' id='par_1_76' title="bbox 2105 1702 3687 1777">
     <span class='ocr_line' id='line_1_76' title="bbox 2105 1702 3687 1777; baseline 0.003 -20"><span class='ocrx_word' id='word_1_596' title='bbox 2105 1702 2227 1757; x_wconf 89' lang='lat' dir='ltr'><strong>inde</strong></span> <span class='ocrx_word' id='word_1_597' title='bbox 2255 1703 2307 1757; x_wconf 92' lang='lat' dir='ltr'><strong>in</strong></span> <span class='ocrx_word' id='word_1_598' title='bbox 2338 1702 2505 1758; x_wconf 90' lang='lat' dir='ltr'><strong>Cana.</strong></span> <span class='ocrx_word' id='word_1_599' title='bbox 2534 1704 2611 1760; x_wconf 86' lang='lat' dir='ltr'><strong>Ne</strong></span> <span class='ocrx_word' id='word_1_600' title='bbox 2638 1720 2848 1775; x_wconf 68' lang='lat' dir='ltr'><strong>quaeras</strong></span> <span class='ocrx_word' id='word_1_601' title='bbox 2873 1707 3017 1760; x_wconf 92' lang='lat' dir='ltr'><strong>enim</strong></span> <span class='ocrx_word' id='word_1_602' title='bbox 3042 1747 3058 1773; x_wconf 97' lang='lat'><strong>,</strong></span> <span class='ocrx_word' id='word_1_603' title='bbox 3090 1721 3186 1760; x_wconf 90' lang='lat' dir='ltr'><strong>cur</strong></span> <span class='ocrx_word' id='word_1_604' title='bbox 3218 1723 3321 1760; x_wconf 91' lang='lat' dir='ltr'><strong>non</strong></span> <span class='ocrx_word' id='word_1_605' title='bbox 3354 1707 3491 1777; x_wconf 91' lang='lat' dir='ltr'><strong>apud</strong></span> <span class='ocrx_word' id='word_1_606' title='bbox 3517 1722 3642 1764; x_wconf 91' lang='lat' dir='ltr'><strong>suos</strong></span> <span class='ocrx_word' id='word_1_607' title='bbox 3664 1750 3687 1774; x_wconf 83' lang='lat'><strong>,</strong></span> 
     </span>
    </p>
   </div>
   <div class='ocr_carea' id='block_1_77' title="bbox 2103 1795 3683 1870">
    <p class='ocr_par' dir='ltr' id='par_1_77' title="bbox 2103 1795 3683 1870">
     <span class='ocr_line' id='line_1_77' title="bbox 2103 1795 3683 1870; baseline 0.004 -20"><span class='ocrx_word' id='word_1_608' title='bbox 2103 1795 2197 1850; x_wconf 89' lang='lat' dir='ltr'><strong>sed</strong></span> <span class='ocrx_word' id='word_1_609' title='bbox 2225 1795 2362 1866; x_wconf 90' lang='lat' dir='ltr'><strong>apud</strong></span> <span class='ocrx_word' id='word_1_610' title='bbox 2389 1795 2751 1853; x_wconf 90' lang='lat' dir='ltr'><strong>Samaritanos</strong></span> <span class='ocrx_word' id='word_1_611' title='bbox 2777 1808 3026 1863; x_wconf 90' lang='lat' dir='ltr'><strong>maneat,</strong></span> <span class='ocrx_word' id='word_1_612' title='bbox 3061 1814 3275 1853; x_wconf 87' lang='lat' dir='ltr'><strong>causam</strong></span> <span class='ocrx_word' id='word_1_613' title='bbox 3320 1799 3502 1864; x_wconf 76' lang='lat' dir='ltr'><strong>aliert,</strong></span> <span class='ocrx_word' id='word_1_614' title='bbox 3540 1803 3683 1870; x_wconf 85' lang='lat' dir='ltr'><strong>quod</strong></span> 
     </span>
    </p>
   </div>
   <div class='ocr_carea' id='block_1_78' title="bbox 2104 1886 3686 1957">
    <p class='ocr_par' dir='ltr' id='par_1_78' title="bbox 2104 1886 3686 1957">
     <span class='ocr_line' id='line_1_78' title="bbox 2104 1886 3686 1957; baseline 0.004 -18"><span class='ocrx_word' id='word_1_615' title='bbox 2104 1900 2296 1954; x_wconf 86' lang='lat' dir='ltr'><strong>nempe</strong></span> <span class='ocrx_word' id='word_1_616' title='bbox 2327 1886 2499 1954; x_wconf 88' lang='lat' dir='ltr'><strong>ipsum</strong></span> <span class='ocrx_word' id='word_1_617' title='bbox 2547 1902 2652 1939; x_wconf 89' lang='lat' dir='ltr'><strong>non</strong></span> <span class='ocrx_word' id='word_1_618' title='bbox 2698 1887 2964 1941; x_wconf 89' lang='lat' dir='ltr'><strong>audirent.</strong></span> <span class='ocrx_word' id='word_1_619' title='bbox 3004 1888 3130 1942; x_wconf 90' lang='lat' dir='ltr'><strong>ldeo</strong></span> <span class='ocrx_word' id='word_1_620' title='bbox 3163 1889 3318 1957; x_wconf 87' lang='lat' dir='ltr'><strong>igitur</strong></span> <span class='ocrx_word' id='word_1_621' title='bbox 3364 1905 3469 1944; x_wconf 91' lang='lat' dir='ltr'><strong>non</strong></span> <span class='ocrx_word' id='word_1_622' title='bbox 3508 1907 3574 1945; x_wconf 91' lang='lat' dir='ltr'><strong>eo</strong></span> <span class='ocrx_word' id='word_1_623' title='bbox 3627 1906 3686 1946; x_wconf 89' lang='lat' dir='ltr'><strong>se</strong></span> 
     </span>
    </p>
   </div>
   <div class='ocr_carea' id='block_1_79' title="bbox 2103 1975 3258 2046">
    <p class='ocr_par' dir='ltr' id='par_1_79' title="bbox 2103 1975 3258 2046">
     <span class='ocr_line' id='line_1_79' title="bbox 2103 1975 3258 2046; baseline 0.002 -16"><span class='ocrx_word' id='word_1_624' title='bbox 2103 1975 2346 2040; x_wconf 89' lang='lat' dir='ltr'><strong>contulit,</strong></span> <span class='ocrx_word' id='word_1_625' title='bbox 2376 1991 2444 2030; x_wconf 90' lang='lat' dir='ltr'><strong>ne</strong></span> <span class='ocrx_word' id='word_1_626' title='bbox 2471 1976 2686 2046; x_wconf 80' lang='lat' dir='ltr'><strong>gravius</strong></span> <span class='ocrx_word' id='word_1_627' title='bbox 2706 1977 2967 2045; x_wconf 90' lang='lat' dir='ltr'><strong>judicium</strong></span> <span class='ocrx_word' id='word_1_628' title='bbox 2992 1978 3258 2033; x_wconf 89' lang='lat' dir='ltr'><strong>subirent.</strong></span> 
     </span>
    </p>
   </div>
   <div class='ocr_carea' id='block_1_80' title="bbox 2171 2067 3684 2139">
    <p class='ocr_par' dir='ltr' id='par_1_80' title="bbox 2171 2067 3684 2139">
     <span class='ocr_line' id='line_1_80' title="bbox 2171 2067 3684 2139; baseline 0.003 -20"><span class='ocrx_word' id='word_1_629' title='bbox 2171 2067 2226 2119; x_wconf 77' lang='grc'><strong>2.</strong></span> <span class='ocrx_word' id='word_1_630' title='bbox 2259 2067 2392 2121; x_wconf 89' lang='lat' dir='ltr'><strong>Puto</strong></span> <span class='ocrx_word' id='word_1_631' title='bbox 2413 2067 2554 2120; x_wconf 93' lang='lat' dir='ltr'><strong>enim</strong></span> <span class='ocrx_word' id='word_1_632' title='bbox 2605 2067 2690 2122; x_wconf 91' lang='lat' dir='ltr'><strong>hic</strong></span> <span class='ocrx_word' id='word_1_633' title='bbox 2735 2069 2960 2138; x_wconf 91' lang='lat' dir='ltr'><strong>patriam</strong></span> <span class='ocrx_word' id='word_1_634' title='bbox 3005 2083 3153 2122; x_wconf 89' lang='lat' dir='ltr'><strong>suam</strong></span> <span class='ocrx_word' id='word_1_635' title='bbox 3204 2069 3430 2139; x_wconf 77' lang='lat' dir='ltr'><strong>intelligi</strong></span> <span class='ocrx_word' id='word_1_636' title='bbox 3481 2070 3684 2139; x_wconf 84' lang='lat' dir='ltr'><strong>Caper-</strong></span> 
     </span>
    </p>
   </div>
   <div class='ocr_carea' id='block_1_81' title="bbox 2103 2157 3685 2230">
    <p class='ocr_par' dir='ltr' id='par_1_81' title="bbox 2103 2157 3685 2230">
     <span class='ocr_line' id='line_1_81' title="bbox 2103 2157 3685 2230; baseline 0.003 -20"><span class='ocrx_word' id='word_1_637' title='bbox 2103 2171 2260 2210; x_wconf 88' lang='lat' dir='ltr'><strong>naum</strong></span> <span class='ocrx_word' id='word_1_638' title='bbox 2291 2171 2304 2208; x_wconf 92' lang='lat'>:</span> <span class='ocrx_word' id='word_1_639' title='bbox 2335 2157 2478 2225; x_wconf 88' lang='lat' dir='ltr'><strong>quod</strong></span> <span class='ocrx_word' id='word_1_640' title='bbox 2505 2166 2682 2211; x_wconf 90' lang='lat' dir='ltr'><strong>autem</strong></span> <span class='ocrx_word' id='word_1_641' title='bbox 2716 2157 2788 2211; x_wconf 91' lang='lat' dir='ltr'><strong>ibi</strong></span> <span class='ocrx_word' id='word_1_642' title='bbox 2832 2158 2978 2212; x_wconf 93' lang='lat' dir='ltr'><strong>nullo</strong></span> <span class='ocrx_word' id='word_1_643' title='bbox 3005 2173 3128 2212; x_wconf 90' lang='lat' dir='ltr'><strong>cum</strong></span> <span class='ocrx_word' id='word_1_644' title='bbox 3176 2159 3378 2213; x_wconf 89' lang='lat' dir='ltr'><strong>honore</strong></span> <span class='ocrx_word' id='word_1_645' title='bbox 3426 2170 3685 2230; x_wconf 86' lang='lat' dir='ltr'><strong>exceptus</strong></span> 
     </span>
    </p>
   </div>
   <div class='ocr_carea' id='block_1_82' title="bbox 2102 2246 3685 2320">
    <p class='ocr_par' dir='ltr' id='par_1_82' title="bbox 2102 2246 3685 2320">
     <span class='ocr_line' id='line_1_82' title="bbox 2102 2246 3685 2320; baseline 0.002 -20"><span class='ocrx_word' id='word_1_646' title='bbox 2102 2248 2207 2310; x_wconf 89' lang='lat' dir='ltr'><strong>sit,</strong></span> <span class='ocrx_word' id='word_1_647' title='bbox 2241 2246 2362 2301; x_wconf 88' lang='lat' dir='ltr'><strong>audi</strong></span> <span class='ocrx_word' id='word_1_648' title='bbox 2387 2249 2556 2317; x_wconf 91' lang='lat' dir='ltr'><strong>ipsum</strong></span> <span class='ocrx_word' id='word_1_649' title='bbox 2587 2247 2851 2303; x_wconf 85' lang='lat' dir='ltr'><strong>dicentem</strong></span> <span class='ocrx_word' id='word_1_650' title='bbox 2885 2267 2896 2302; x_wconf 93' lang='lat'>:</span> <span class='ocrx_word' id='word_1_651' title='bbox 2933 2249 2998 2302; x_wconf 85' lang='lat' dir='ltr'><strong>Et</strong></span> <span class='ocrx_word' id='word_1_652' title='bbox 3027 2259 3078 2301; x_wconf 84' lang='lat' dir='ltr'><strong>tu</strong></span> <span class='ocrx_word' id='word_1_653' title='bbox 3101 2291 3114 2314; x_wconf 91' lang='lat'><strong>,</strong></span> <span class='ocrx_word' id='word_1_654' title='bbox 3163 2248 3481 2318; x_wconf 84' lang='lat' dir='ltr'><strong>Capernaum</strong></span> <span class='ocrx_word' id='word_1_655' title='bbox 3504 2291 3519 2315; x_wconf 93' lang='lat'><strong>,</strong></span> <span class='ocrx_word' id='word_1_656' title='bbox 3572 2267 3685 2320; x_wconf 79' lang='lat' dir='ltr'><strong>qua:</strong></span> 
     </span>
    </p>
   </div>
   <div class='ocr_carea' id='block_1_83' title="bbox 2102 2337 3686 2410">
    <p class='ocr_par' dir='ltr' id='par_1_83' title="bbox 2102 2337 3686 2410">
     <span class='ocr_line' id='line_1_83' title="bbox 2102 2337 3686 2410; baseline 0.001 -19"><span class='ocrx_word' id='word_1_657' title='bbox 2102 2354 2257 2407; x_wconf 87' lang='lat' dir='ltr'><strong>usque</strong></span> <span class='ocrx_word' id='word_1_658' title='bbox 2283 2338 2350 2390; x_wconf 85' lang='lat' dir='ltr'><strong>ad</strong></span> <span class='ocrx_word' id='word_1_659' title='bbox 2378 2338 2558 2392; x_wconf 80' lang='lat' dir='ltr'><strong>ccclum</strong></span> <span class='ocrx_word' id='word_1_660' title='bbox 2586 2337 2807 2393; x_wconf 71' lang='lat' dir='ltr'><strong>exaltata</strong></span> <span class='ocrx_word' id='word_1_661' title='bbox 2851 2356 2939 2405; x_wconf 88' lang='lat' dir='ltr'><strong>es,</strong></span> <span class='ocrx_word' id='word_1_662' title='bbox 2988 2355 3144 2408; x_wconf 82' lang='lat' dir='ltr'><strong>usque</strong></span> <span class='ocrx_word' id='word_1_663' title='bbox 3183 2339 3251 2391; x_wconf 83' lang='lat' dir='ltr'><strong>ad</strong></span> <span class='ocrx_word' id='word_1_664' title='bbox 3294 2341 3547 2410; x_wconf 81' lang='lat' dir='ltr'><strong>infernum</strong></span> <span class='ocrx_word' id='word_1_665' title='bbox 3591 2341 3686 2394; x_wconf 83' lang='lat' dir='ltr'><strong>de-</strong></span> 
     </span>
    </p>
   </div>
   <div class='ocr_carea' id='block_1_84' title="bbox 2101 2427 3682 2502">
    <p class='ocr_par' dir='ltr' id='par_1_84' title="bbox 2101 2427 3682 2502">
     <span class='ocr_line' id='line_1_84' title="bbox 2101 2427 3682 2502; baseline 0.004 -20"><span class='ocrx_word' id='word_1_666' title='bbox 2101 2428 2305 2482; x_wconf 80' lang='lat' dir='ltr'><strong>scendes</strong></span> <span class='ocrx_word' id='word_1_667' title='bbox 2335 2427 2502 2498; x_wconf 89' lang='lat' dir='ltr'><strong>(Luc.</strong></span> <span class='ocrx_word' id='word_1_668' title='bbox 2538 2430 2625 2484; x_wconf 87' lang='grc'><strong>10.</strong></span> <span class='ocrx_word' id='word_1_669' title='bbox 2655 2428 2783 2502; x_wconf 83' lang='grc'><strong>15).</strong></span> <span class='ocrx_word' id='word_1_670' title='bbox 2816 2429 3048 2484; x_wconf 85' lang='lat' dir='ltr'><strong>Patriam</strong></span> <span class='ocrx_word' id='word_1_671' title='bbox 3079 2445 3208 2485; x_wconf 85' lang='lat' dir='ltr'><strong>vero</strong></span> <span class='ocrx_word' id='word_1_672' title='bbox 3234 2445 3384 2484; x_wconf 78' lang='lat' dir='ltr'><strong>suam</strong></span> <span class='ocrx_word' id='word_1_673' title='bbox 3409 2440 3563 2485; x_wconf 88' lang='lat' dir='ltr'><strong>vocat</strong></span> <span class='ocrx_word' id='word_1_674' title='bbox 3592 2447 3682 2488; x_wconf 80' lang='lat' dir='ltr'><strong>se-</strong></span> 
     </span>
    </p>
   </div>
   <div class='ocr_carea' id='block_1_85' title="bbox 2103 2520 3682 2592">
    <p class='ocr_par' dir='ltr' id='par_1_85' title="bbox 2103 2520 3682 2592">
     <span class='ocr_line' id='line_1_85' title="bbox 2103 2520 3682 2592; baseline 0.003 -18"><span class='ocrx_word' id='word_1_675' title='bbox 2103 2520 2334 2576; x_wconf 90' lang='lat' dir='ltr'><strong>cundum</strong></span> <span class='ocrx_word' id='word_1_676' title='bbox 2380 2523 2695 2576; x_wconf 68' lang='lat' dir='ltr'><strong>oeconomiae</strong></span> <span class='ocrx_word' id='word_1_677' title='bbox 2719 2522 3000 2588; x_wconf 90' lang='lat' dir='ltr'><strong>rationem,</strong></span> <span class='ocrx_word' id='word_1_678' title='bbox 3029 2523 3148 2592; x_wconf 90' lang='lat' dir='ltr'><strong>quia</strong></span> <span class='ocrx_word' id='word_1_679' title='bbox 3179 2523 3373 2576; x_wconf 91' lang='lat' dir='ltr'><strong>diutius</strong></span> <span class='ocrx_word' id='word_1_680' title='bbox 3405 2523 3473 2578; x_wconf 92' lang='lat' dir='ltr'><strong>ibi</strong></span> <span class='ocrx_word' id='word_1_681' title='bbox 3499 2538 3682 2578; x_wconf 77' lang='lat' dir='ltr'><strong>versa-</strong></span> 
     </span>
    </p>
   </div>
   <div class='ocr_carea' id='block_1_86' title="bbox 2100 2611 3684 2681">
    <p class='ocr_par' dir='ltr' id='par_1_86' title="bbox 2100 2611 3684 2681">
     <span class='ocr_line' id='line_1_86' title="bbox 2100 2611 3684 2681; baseline 0.002 -16"><span class='ocrx_word' id='word_1_682' title='bbox 2100 2617 2188 2665; x_wconf 84' lang='lat' dir='ltr'><strong>tus</strong></span> <span class='ocrx_word' id='word_1_683' title='bbox 2219 2611 2408 2665; x_wconf 89' lang='lat' dir='ltr'><strong>fuerat.</strong></span> <span class='ocrx_word' id='word_1_684' title='bbox 2433 2611 2571 2678; x_wconf 87' lang='lat' dir='ltr'><strong>Quid</strong></span> <span class='ocrx_word' id='word_1_685' title='bbox 2597 2612 2762 2680; x_wconf 86' lang='lat' dir='ltr'><strong>ergo?</strong></span> <span class='ocrx_word' id='word_1_686' title='bbox 2788 2611 3026 2681; x_wconf 90' lang='lat' dir='ltr'><strong>inquies,</strong></span> <span class='ocrx_word' id='word_1_687' title='bbox 3067 2626 3245 2666; x_wconf 90' lang='lat' dir='ltr'><strong>annon</strong></span> <span class='ocrx_word' id='word_1_688' title='bbox 3293 2612 3490 2667; x_wconf 90' lang='lat' dir='ltr'><strong>multos</strong></span> <span class='ocrx_word' id='word_1_689' title='bbox 3533 2613 3684 2668; x_wconf 80' lang='lat' dir='ltr'><strong>vide-</strong></span> 
     </span>
    </p>
   </div>
   <div class='ocr_carea' id='block_1_87' title="bbox 2101 2701 3682 2771">
    <p class='ocr_par' dir='ltr' id='par_1_87' title="bbox 2101 2701 3682 2771">
     <span class='ocr_line' id='line_1_87' title="bbox 2101 2701 3682 2771; baseline 0.003 -18"><span class='ocrx_word' id='word_1_690' title='bbox 2101 2715 2234 2766; x_wconf 88' lang='lat' dir='ltr'><strong>mus,</strong></span> <span class='ocrx_word' id='word_1_691' title='bbox 2256 2701 2343 2770; x_wconf 91' lang='lat' dir='ltr'><strong>qui</strong></span> <span class='ocrx_word' id='word_1_692' title='bbox 2372 2701 2508 2769; x_wconf 91' lang='lat' dir='ltr'><strong>apud</strong></span> <span class='ocrx_word' id='word_1_693' title='bbox 2534 2702 2816 2771; x_wconf 88' lang='lat' dir='ltr'><strong>populares</strong></span> <span class='ocrx_word' id='word_1_694' title='bbox 2843 2717 2969 2757; x_wconf 93' lang='lat' dir='ltr'><strong>suos</strong></span> <span class='ocrx_word' id='word_1_695' title='bbox 2999 2703 3344 2757; x_wconf 83' lang='lat' dir='ltr'><strong>admirationi</strong></span> <span class='ocrx_word' id='word_1_696' title='bbox 3384 2703 3682 2758; x_wconf 77' lang='lat' dir='ltr'><strong>habentur?</strong></span> 
     </span>
    </p>
   </div>
   <div class='ocr_carea' id='block_1_88' title="bbox 2101 2791 3682 2863">
    <p class='ocr_par' dir='ltr' id='par_1_88' title="bbox 2101 2791 3682 2863">
     <span class='ocr_line' id='line_1_88' title="bbox 2101 2791 3682 2863; baseline 0.002 -18"><span class='ocrx_word' id='word_1_697' title='bbox 2101 2791 2354 2847; x_wconf 87' lang='lat' dir='ltr'><strong>Videmus</strong></span> <span class='ocrx_word' id='word_1_698' title='bbox 2379 2793 2600 2862; x_wconf 89' lang='lat' dir='ltr'><strong>utique;</strong></span> <span class='ocrx_word' id='word_1_699' title='bbox 2631 2792 2724 2847; x_wconf 86' lang='lat' dir='ltr'><strong>sed</strong></span> <span class='ocrx_word' id='word_1_700' title='bbox 2769 2808 2865 2862; x_wconf 87' lang='lat' dir='ltr'><strong>per</strong></span> <span class='ocrx_word' id='word_1_701' title='bbox 2917 2808 2980 2848; x_wconf 91' lang='lat' dir='ltr'><strong>ea</strong></span> <span class='ocrx_word' id='word_1_702' title='bbox 3032 2809 3152 2863; x_wconf 78' lang='lat' dir='ltr'><strong>quae</strong></span> <span class='ocrx_word' id='word_1_703' title='bbox 3197 2809 3320 2847; x_wconf 89' lang='lat' dir='ltr'><strong>raro</strong></span> <span class='ocrx_word' id='word_1_704' title='bbox 3367 2795 3682 2863; x_wconf 85' lang='lat' dir='ltr'><strong>contingunt</strong></span> 
     </span>
    </p>
   </div>
   <div class='ocr_carea' id='block_1_89' title="bbox 2101 2884 3685 2954">
    <p class='ocr_par' dir='ltr' id='par_1_89' title="bbox 2101 2884 3685 2954">
     <span class='ocr_line' id='line_1_89' title="bbox 2101 2884 3685 2954; baseline 0.001 -16"><span class='ocrx_word' id='word_1_705' title='bbox 2101 2900 2204 2939; x_wconf 89' lang='lat' dir='ltr'><strong>non</strong></span> <span class='ocrx_word' id='word_1_706' title='bbox 2236 2893 2319 2938; x_wconf 91' lang='lat' dir='ltr'><strong>est</strong></span> <span class='ocrx_word' id='word_1_707' title='bbox 2344 2885 2605 2938; x_wconf 84' lang='lat' dir='ltr'><strong>sententia</strong></span> <span class='ocrx_word' id='word_1_708' title='bbox 2635 2884 2877 2939; x_wconf 89' lang='lat' dir='ltr'><strong>ferenda.</strong></span> <span class='ocrx_word' id='word_1_709' title='bbox 2908 2884 3060 2951; x_wconf 88' lang='lat' dir='ltr'><strong>Quod</strong></span> <span class='ocrx_word' id='word_1_710' title='bbox 3087 2886 3130 2938; x_wconf 87' lang='lat' dir='ltr'><strong>si</strong></span> <span class='ocrx_word' id='word_1_711' title='bbox 3155 2885 3369 2954; x_wconf 86' lang='lat' dir='ltr'><strong>quidam</strong></span> <span class='ocrx_word' id='word_1_712' title='bbox 3419 2885 3469 2938; x_wconf 92' lang='lat' dir='ltr'><strong>in</strong></span> <span class='ocrx_word' id='word_1_713' title='bbox 3511 2886 3685 2954; x_wconf 79' lang='lat' dir='ltr'><strong>patria</strong></span> 
     </span>
    </p>
   </div>
   <div class='ocr_carea' id='block_1_90' title="bbox 2099 2975 3676 3045">
    <p class='ocr_par' dir='ltr' id='par_1_90' title="bbox 2099 2975 3676 3045">
     <span class='ocr_line' id='line_1_90' title="bbox 2099 2975 3676 3045; baseline -0.001 -15"><span class='ocrx_word' id='word_1_714' title='bbox 2099 2990 2194 3030; x_wconf 89' lang='lat' dir='ltr'><strong>sua</strong></span> <span class='ocrx_word' id='word_1_715' title='bbox 2223 2975 2480 3029; x_wconf 91' lang='lat' dir='ltr'><strong>honorem</strong></span> <span class='ocrx_word' id='word_1_716' title='bbox 2505 2983 2629 3029; x_wconf 89' lang='lat' dir='ltr'><strong>sunt</strong></span> <span class='ocrx_word' id='word_1_717' title='bbox 2650 2976 2984 3044; x_wconf 89' lang='lat' dir='ltr'><strong>consequuti,</strong></span> <span class='ocrx_word' id='word_1_718' title='bbox 3005 2976 3172 3029; x_wconf 89' lang='lat' dir='ltr'><strong>multo</strong></span> <span class='ocrx_word' id='word_1_719' title='bbox 3194 2975 3360 3045; x_wconf 84' lang='lat' dir='ltr'><strong>magis</strong></span> <span class='ocrx_word' id='word_1_720' title='bbox 3389 2975 3440 3029; x_wconf 94' lang='lat' dir='ltr'><strong>in</strong></span> <span class='ocrx_word' id='word_1_721' title='bbox 3471 2976 3676 3030; x_wconf 88' lang='lat' dir='ltr'><strong>aliena:</strong></span> 
     </span>
    </p>
   </div>
   <div class='ocr_carea' id='block_1_91' title="bbox 2098 3067 3676 3136">
    <p class='ocr_par' dir='ltr' id='par_1_91' title="bbox 2098 3067 3676 3136">
     <span class='ocr_line' id='line_1_91' title="bbox 2098 3067 3676 3136; baseline -0.001 -15"><span class='ocrx_word' id='word_1_722' title='bbox 2098 3067 2427 3121; x_wconf 88' lang='lat' dir='ltr'><strong>consuetudo</strong></span> <span class='ocrx_word' id='word_1_723' title='bbox 2472 3081 2704 3135; x_wconf 90' lang='lat' dir='ltr'><strong>namque</strong></span> <span class='ocrx_word' id='word_1_724' title='bbox 2741 3075 3103 3136; x_wconf 88' lang='lat' dir='ltr'><strong>contemptum</strong></span> <span class='ocrx_word' id='word_1_725' title='bbox 3155 3082 3340 3135; x_wconf 85' lang='lat' dir='ltr'><strong>parere</strong></span> <span class='ocrx_word' id='word_1_726' title='bbox 3383 3068 3539 3122; x_wconf 89' lang='lat' dir='ltr'><strong>solet.</strong></span> <span class='ocrx_word' id='word_1_727' title='bbox 3584 3067 3676 3122; x_wconf 70' lang='grc'><strong>45.</strong></span> 
     </span>
    </p>
   </div>
   <div class='ocr_carea' id='block_1_92' title="bbox 2099 3155 3682 3227">
    <p class='ocr_par' dir='ltr' id='par_1_92' title="bbox 2099 3155 3682 3227">
     <span class='ocr_line' id='line_1_92' title="bbox 2099 3155 3682 3227; baseline -0.002 -15"><span class='ocrx_word' id='word_1_728' title='bbox 2099 3156 2225 3212; x_wconf 88' lang='lat' dir='ltr'><strong>Cum</strong></span> <span class='ocrx_word' id='word_1_729' title='bbox 2248 3173 2365 3227; x_wconf 89' lang='lat' dir='ltr'><strong>ergo</strong></span> <span class='ocrx_word' id='word_1_730' title='bbox 2389 3156 2598 3210; x_wconf 87' lang='lat' dir='ltr'><strong>venisset</strong></span> <span class='ocrx_word' id='word_1_731' title='bbox 2619 3157 2672 3209; x_wconf 86' lang='lat' dir='ltr'><strong>in</strong></span> <span class='ocrx_word' id='word_1_732' title='bbox 2695 3155 2964 3209; x_wconf 74' lang='lat' dir='ltr'><strong>Calilazam</strong></span> <span class='ocrx_word' id='word_1_733' title='bbox 2985 3198 3000 3221; x_wconf 94' lang='lat'><strong>,</strong></span> <span class='ocrx_word' id='word_1_734' title='bbox 3027 3165 3330 3224; x_wconf 73' lang='lat' dir='ltr'><strong>exceperunt</strong></span> <span class='ocrx_word' id='word_1_735' title='bbox 3373 3173 3486 3209; x_wconf 87' lang='lat' dir='ltr'><strong>eum</strong></span> <span class='ocrx_word' id='word_1_736' title='bbox 3536 3157 3682 3211; x_wconf 76' lang='lat' dir='ltr'><strong>Cali—</strong></span> 
     </span>
    </p>
   </div>
   <div class='ocr_carea' id='block_1_93' title="bbox 2099 3245 3676 3316">
    <p class='ocr_par' dir='ltr' id='par_1_93' title="bbox 2099 3245 3676 3316">
     <span class='ocr_line' id='line_1_93' title="bbox 2099 3245 3676 3316; baseline -0.001 -14"><span class='ocrx_word' id='word_1_737' title='bbox 2099 3248 2214 3314; x_wconf 71' lang='lat' dir='ltr'><strong>iaai,</strong></span> <span class='ocrx_word' id='word_1_738' title='bbox 2260 3263 2372 3301; x_wconf 90' lang='lat' dir='ltr'><strong>cum</strong></span> <span class='ocrx_word' id='word_1_739' title='bbox 2413 3246 2653 3300; x_wconf 77' lang='lat' dir='ltr'><strong>vidissent</strong></span> <span class='ocrx_word' id='word_1_740' title='bbox 2695 3247 2864 3299; x_wconf 85' lang='lat' dir='ltr'><strong>omnia</strong></span> <span class='ocrx_word' id='word_1_741' title='bbox 2908 3262 3022 3316; x_wconf 71' lang='lat' dir='ltr'><strong>qua:</strong></span> <span class='ocrx_word' id='word_1_742' title='bbox 3058 3250 3244 3316; x_wconf 83' lang='lat' dir='ltr'><strong>fecerat</strong></span> <span class='ocrx_word' id='word_1_743' title='bbox 3265 3245 3598 3315; x_wconf 79' lang='lat' dir='ltr'><strong>Jerosolymis</strong></span> <span class='ocrx_word' id='word_1_744' title='bbox 3625 3249 3676 3300; x_wconf 89' lang='lat' dir='ltr'><strong>in</strong></span> 
     </span>
    </p>
   </div>
   <div class='ocr_carea' id='block_1_94' title="bbox 2101 3336 3680 3407">
    <p class='ocr_par' dir='ltr' id='par_1_94' title="bbox 2101 3336 3680 3407">
     <span class='ocr_line' id='line_1_94' title="bbox 2101 3336 3680 3407; baseline -0.001 -17"><span class='ocrx_word' id='word_1_745' title='bbox 2101 3338 2184 3392; x_wconf 84' lang='lat' dir='ltr'><strong>die</strong></span> <span class='ocrx_word' id='word_1_746' title='bbox 2207 3337 2332 3406; x_wconf 75' lang='lat' dir='ltr'><strong>festo</strong></span> <span class='ocrx_word' id='word_1_747' title='bbox 2361 3355 2380 3390; x_wconf 87' lang='lat'><strong><em>:</em></strong></span> <span class='ocrx_word' id='word_1_748' title='bbox 2405 3338 2504 3406; x_wconf 86' lang='lat' dir='ltr'><strong>ipsi</strong></span> <span class='ocrx_word' id='word_1_749' title='bbox 2532 3337 2664 3390; x_wconf 89' lang='lat' dir='ltr'><strong>enim</strong></span> <span class='ocrx_word' id='word_1_750' title='bbox 2692 3346 2929 3390; x_wconf 81' lang='lat' dir='ltr'><strong>venerant</strong></span> <span class='ocrx_word' id='word_1_751' title='bbox 2956 3336 3023 3388; x_wconf 81' lang='lat' dir='ltr'><strong>ad</strong></span> <span class='ocrx_word' id='word_1_752' title='bbox 3062 3336 3193 3388; x_wconf 84' lang='lat' dir='ltr'><strong>diem</strong></span> <span class='ocrx_word' id='word_1_753' title='bbox 3233 3339 3438 3407; x_wconf 77' lang='lat' dir='ltr'><strong>festam.</strong></span> <span class='ocrx_word' id='word_1_754' title='bbox 3492 3336 3680 3389; x_wconf 84' lang='lat' dir='ltr'><strong>Viden&#39;</strong></span> 
     </span>
    </p>
   </div>
   <div class='ocr_carea' id='block_1_95' title="bbox 2101 3424 3676 3497">
    <p class='ocr_par' dir='ltr' id='par_1_95' title="bbox 2101 3424 3676 3497">
     <span class='ocr_line' id='line_1_95' title="bbox 2101 3424 3676 3497; baseline -0.003 -15"><span class='ocrx_word' id='word_1_755' title='bbox 2101 3427 2368 3497; x_wconf 88' lang='lat' dir='ltr'><strong>quomodo</strong></span> <span class='ocrx_word' id='word_1_756' title='bbox 2397 3429 2429 3480; x_wconf 90' lang='lat' dir='ltr'><strong>ii</strong></span> <span class='ocrx_word' id='word_1_757' title='bbox 2456 3428 2542 3495; x_wconf 87' lang='lat' dir='ltr'><strong>qui</strong></span> <span class='ocrx_word' id='word_1_758' title='bbox 2575 3429 2715 3480; x_wconf 89' lang='lat' dir='ltr'><strong>male</strong></span> <span class='ocrx_word' id='word_1_759' title='bbox 2744 3425 3070 3492; x_wconf 89' lang='lat' dir='ltr'><strong>audiebant,</strong></span> <span class='ocrx_word' id='word_1_760' title='bbox 3100 3426 3196 3495; x_wconf 87' lang='lat' dir='ltr'><strong>ipsi</strong></span> <span class='ocrx_word' id='word_1_761' title='bbox 3247 3424 3478 3480; x_wconf 89' lang='lat' dir='ltr'><strong>maxime</strong></span> <span class='ocrx_word' id='word_1_762' title='bbox 3520 3425 3676 3480; x_wconf 86' lang='lat' dir='ltr'><strong>Chri-</strong></span> 
     </span>
    </p>
   </div>
   <div class='ocr_carea' id='block_1_96' title="bbox 2100 3515 3677 3586">
    <p class='ocr_par' dir='ltr' id='par_1_96' title="bbox 2100 3515 3677 3586">
     <span class='ocr_line' id='line_1_96' title="bbox 2100 3515 3677 3586; baseline -0.002 -13"><span class='ocrx_word' id='word_1_763' title='bbox 2100 3530 2239 3573; x_wconf 78' lang='lat' dir='ltr'><strong>Stum</strong></span> <span class='ocrx_word' id='word_1_764' title='bbox 2271 3519 2500 3573; x_wconf 86' lang='lat' dir='ltr'><strong>adeant?</strong></span> <span class='ocrx_word' id='word_1_765' title='bbox 2529 3518 2658 3572; x_wconf 87' lang='lat' dir='ltr'><strong>Nam</strong></span> <span class='ocrx_word' id='word_1_766' title='bbox 2691 3517 2776 3571; x_wconf 89' lang='lat' dir='ltr'><strong>hic</strong></span> <span class='ocrx_word' id='word_1_767' title='bbox 2797 3516 3010 3586; x_wconf 90' lang='lat' dir='ltr'><strong>quidem</strong></span> <span class='ocrx_word' id='word_1_768' title='bbox 3039 3515 3363 3586; x_wconf 86' lang='lat' dir='ltr'><strong>evangelista</strong></span> <span class='ocrx_word' id='word_1_769' title='bbox 3393 3515 3521 3569; x_wconf 90' lang='lat' dir='ltr'><strong>dicit</strong></span> <span class='ocrx_word' id='word_1_770' title='bbox 3548 3535 3560 3568; x_wconf 91' lang='lat'>:</span> <span class='ocrx_word' id='word_1_771' title='bbox 3597 3515 3677 3570; x_wconf 73' lang='lat' dir='ltr'><strong>Ea:</strong></span> 
     </span>
    </p>
   </div>
   <div class='ocr_carea' id='block_1_97' title="bbox 2103 3605 3680 3680">
    <p class='ocr_par' dir='ltr' id='par_1_97' title="bbox 2103 3605 3680 3680">
     <span class='ocr_line' id='line_1_97' title="bbox 2103 3605 3680 3680; baseline -0.003 -15"><span class='ocrx_word' id='word_1_772' title='bbox 2103 3611 2326 3665; x_wconf 82' lang='lat' dir='ltr'><strong>Nazaret</strong></span> <span class='ocrx_word' id='word_1_773' title='bbox 2350 3620 2507 3680; x_wconf 87' lang='lat' dir='ltr'><strong>potest</strong></span> <span class='ocrx_word' id='word_1_774' title='bbox 2532 3609 2725 3680; x_wconf 86' lang='lat' dir='ltr'><strong>aliquid</strong></span> <span class='ocrx_word' id='word_1_775' title='bbox 2752 3609 2870 3662; x_wconf 86' lang='lat' dir='ltr'><strong>boni</strong></span> <span class='ocrx_word' id='word_1_776' title='bbox 2899 3624 3006 3661; x_wconf 88' lang='lat' dir='ltr'><strong>esse</strong></span> <span class='ocrx_word' id='word_1_777' title='bbox 3032 3609 3049 3676; x_wconf 95' lang='lat'><strong>(</strong></span> <span class='ocrx_word' id='word_1_778' title='bbox 3071 3605 3225 3660; x_wconf 83' lang='lat' dir='ltr'><strong>Joan.</strong></span> <span class='ocrx_word' id='word_1_779' title='bbox 3254 3608 3305 3661; x_wconf 88' lang='grc'><strong>1.</strong></span> <span class='ocrx_word' id='word_1_780' title='bbox 3343 3607 3410 3661; x_wconf 72' lang='grc'><strong>47</strong></span> <span class='ocrx_word' id='word_1_781' title='bbox 3438 3608 3501 3676; x_wconf 74' lang='grc'><strong>)⁸(</strong></span> <span class='ocrx_word' id='word_1_782' title='bbox 3544 3608 3680 3661; x_wconf 88' lang='lat' dir='ltr'><strong>alius</strong></span> 
     </span>
    </p>
   </div>
   <div class='ocr_carea' id='block_1_98' title="bbox 2100 3698 3676 3770">
    <p class='ocr_par' dir='ltr' id='par_1_98' title="bbox 2100 3698 3676 3770">
     <span class='ocr_line' id='line_1_98' title="bbox 2100 3698 3676 3770; baseline -0.004 -13"><span class='ocrx_word' id='word_1_783' title='bbox 2100 3712 2274 3757; x_wconf 90' lang='lat' dir='ltr'><strong>autem</strong></span> <span class='ocrx_word' id='word_1_784' title='bbox 2296 3744 2309 3765; x_wconf 94' lang='lat'><strong>,</strong></span> <span class='ocrx_word' id='word_1_785' title='bbox 2344 3703 2585 3755; x_wconf 88' lang='lat' dir='ltr'><strong>Scrutare</strong></span> <span class='ocrx_word' id='word_1_786' title='bbox 2610 3711 2654 3755; x_wconf 87' lang='lat' dir='ltr'><strong>et</strong></span> <span class='ocrx_word' id='word_1_787' title='bbox 2675 3701 2786 3754; x_wconf 82' lang='lat' dir='ltr'><strong>uide</strong></span> <span class='ocrx_word' id='word_1_788' title='bbox 2803 3741 2818 3765; x_wconf 89' lang='lat'><strong>,</strong></span> <span class='ocrx_word' id='word_1_789' title='bbox 2850 3701 2969 3770; x_wconf 87' lang='lat' dir='ltr'><strong>quia</strong></span> <span class='ocrx_word' id='word_1_790' title='bbox 2998 3698 3243 3769; x_wconf 86' lang='lat' dir='ltr'><strong>propheta</strong></span> <span class='ocrx_word' id='word_1_791' title='bbox 3264 3716 3295 3752; x_wconf 90' lang='lat' dir='ltr'><strong>a</strong></span> <span class='ocrx_word' id='word_1_792' title='bbox 3318 3699 3532 3752; x_wconf 66' lang='lat' dir='ltr'><strong>Catilina</strong></span> <span class='ocrx_word' id='word_1_793' title='bbox 3571 3715 3676 3751; x_wconf 84' lang='lat' dir='ltr'><strong>non</strong></span> 
     </span>
    </p>
   </div>
   <div class='ocr_carea' id='block_1_99' title="bbox 2099 3789 3681 3864">
    <p class='ocr_par' dir='ltr' id='par_1_99' title="bbox 2099 3789 3681 3864">
     <span class='ocr_line' id='line_1_99' title="bbox 2099 3789 3681 3864; baseline -0.003 -17"><span class='ocrx_word' id='word_1_794' title='bbox 2099 3795 2256 3864; x_wconf 85' lang='lat' dir='ltr'><strong>surgit</strong></span> <span class='ocrx_word' id='word_1_795' title='bbox 2304 3791 2499 3862; x_wconf 83' lang='lat' dir='ltr'><strong>(Joan.</strong></span> <span class='ocrx_word' id='word_1_796' title='bbox 2541 3793 2592 3846; x_wconf 92' lang='lat'><strong>7.</strong></span> <span class='ocrx_word' id='word_1_797' title='bbox 2623 3792 2731 3862; x_wconf 76' lang='lat'><strong>52)</strong></span> <span class='ocrx_word' id='word_1_798' title='bbox 2765 3789 2948 3860; x_wconf 89' lang='lat' dir='ltr'><strong>:qnod</strong></span> <span class='ocrx_word' id='word_1_799' title='bbox 2995 3790 3046 3842; x_wconf 90' lang='lat' dir='ltr'><strong>in</strong></span> <span class='ocrx_word' id='word_1_800' title='bbox 3093 3789 3472 3843; x_wconf 89' lang='lat' dir='ltr'><strong>contumeliam</strong></span> <span class='ocrx_word' id='word_1_801' title='bbox 3513 3789 3681 3858; x_wconf 62' lang='lat' dir='ltr'><strong>ipsius</strong></span> 
     </span>
    </p>
   </div>
   <div class='ocr_carea' id='block_1_100' title="bbox 2099 3877 3679 3951">
    <p class='ocr_par' dir='ltr' id='par_1_100' title="bbox 2099 3877 3679 3951">
     <span class='ocr_line' id='line_1_100' title="bbox 2099 3877 3679 3951; baseline -0.005 -11"><span class='ocrx_word' id='word_1_802' title='bbox 2099 3885 2365 3940; x_wconf 89' lang='lat' dir='ltr'><strong>dicebant.</strong></span> <span class='ocrx_word' id='word_1_803' title='bbox 2410 3885 2553 3937; x_wconf 89' lang='lat' dir='ltr'><strong>Multi</strong></span> <span class='ocrx_word' id='word_1_804' title='bbox 2588 3896 2815 3951; x_wconf 90' lang='lat' dir='ltr'><strong>namque</strong></span> <span class='ocrx_word' id='word_1_805' title='bbox 2847 3880 3098 3950; x_wconf 85' lang='lat' dir='ltr'><strong>putabant</strong></span> <span class='ocrx_word' id='word_1_806' title='bbox 3126 3880 3300 3949; x_wconf 78' lang='lat' dir='ltr'><strong>ipsum</strong></span> <span class='ocrx_word' id='word_1_807' title='bbox 3343 3895 3410 3934; x_wconf 85' lang='lat' dir='ltr'><strong>ex</strong></span> <span class='ocrx_word' id='word_1_808' title='bbox 3453 3877 3679 3932; x_wconf 79' lang='lat' dir='ltr'><strong>Nazarct</strong></span> 
     </span>
    </p>
   </div>
   <div class='ocr_carea' id='block_1_101' title="bbox 2101 3969 3677 4043">
    <p class='ocr_par' dir='ltr' id='par_1_101' title="bbox 2101 3969 3677 4043">
     <span class='ocr_line' id='line_1_101' title="bbox 2101 3969 3677 4043; baseline -0.006 -13"><span class='ocrx_word' id='word_1_809' title='bbox 2101 3991 2221 4030; x_wconf 87' lang='lat' dir='ltr'><strong>esse</strong></span> <span class='ocrx_word' id='word_1_810' title='bbox 2250 3992 2263 4027; x_wconf 91' lang='lat'><strong>:</strong></span> <span class='ocrx_word' id='word_1_811' title='bbox 2294 3983 2452 4043; x_wconf 90' lang='lat' dir='ltr'><strong>atque</strong></span> <span class='ocrx_word' id='word_1_812' title='bbox 2495 3975 2545 4028; x_wconf 88' lang='lat' dir='ltr'><strong>ei</strong></span> <span class='ocrx_word' id='word_1_813' title='bbox 2589 3982 2856 4041; x_wconf 91' lang='lat' dir='ltr'><strong>tamquam</strong></span> <span class='ocrx_word' id='word_1_814' title='bbox 2887 3971 3221 4025; x_wconf 89' lang='lat' dir='ltr'><strong>Samaritano</strong></span> <span class='ocrx_word' id='word_1_815' title='bbox 3262 3969 3677 4038; x_wconf 82' lang='lat' dir='ltr'><strong>exprobrabant.</strong></span> 
     </span>
    </p>
   </div>
   <div class='ocr_carea' id='block_1_102' title="bbox 2106 4056 3680 4130">
    <p class='ocr_par' dir='ltr' id='par_1_102' title="bbox 2106 4056 3680 4130">
     <span class='ocr_line' id='line_1_102' title="bbox 2106 4056 3680 4130; baseline -0.007 -9"><span class='ocrx_word' id='word_1_816' title='bbox 2106 4066 2462 4122; x_wconf 85' lang='lat' dir='ltr'><strong>Samaritanus</strong></span> <span class='ocrx_word' id='word_1_817' title='bbox 2515 4081 2598 4130; x_wconf 89' lang='lat' dir='ltr'><strong>es,</strong></span> <span class='ocrx_word' id='word_1_818' title='bbox 2649 4063 2895 4127; x_wconf 88' lang='lat' dir='ltr'><strong>aiebant,</strong></span> <span class='ocrx_word' id='word_1_819' title='bbox 2947 4072 2993 4115; x_wconf 87' lang='lat' dir='ltr'><strong>et</strong></span> <span class='ocrx_word' id='word_1_820' title='bbox 3045 4059 3346 4113; x_wconf 73' lang='lat' dir='ltr'><strong>dwmonium</strong></span> <span class='ocrx_word' id='word_1_821' title='bbox 3373 4059 3542 4112; x_wconf 80' lang='lat' dir='ltr'><strong>habes.</strong></span> <span class='ocrx_word' id='word_1_822' title='bbox 3575 4056 3680 4112; x_wconf 88' lang='lat' dir='ltr'><strong>Sed</strong></span> 
     </span>
    </p>
   </div>
   <div class='ocr_carea' id='block_1_103' title="bbox 2103 4147 3680 4224">
    <p class='ocr_par' dir='ltr' id='par_1_103' title="bbox 2103 4147 3680 4224">
     <span class='ocr_line' id='line_1_103' title="bbox 2103 4147 3680 4224; baseline -0.007 -13"><span class='ocrx_word' id='word_1_823' title='bbox 2103 4171 2274 4220; x_wconf 88' lang='lat' dir='ltr'><strong>ecce,</strong></span> <span class='ocrx_word' id='word_1_824' title='bbox 2326 4156 2528 4224; x_wconf 88' lang='lat' dir='ltr'><strong>inquit,</strong></span> <span class='ocrx_word' id='word_1_825' title='bbox 2591 4153 2908 4208; x_wconf 89' lang='lat' dir='ltr'><strong>Samaritani</strong></span> <span class='ocrx_word' id='word_1_826' title='bbox 2961 4160 3016 4205; x_wconf 93' lang='lat' dir='ltr'><strong>et</strong></span> <span class='ocrx_word' id='word_1_827' title='bbox 3063 4149 3264 4205; x_wconf 69' lang='lat' dir='ltr'><strong>Galilzei</strong></span> <span class='ocrx_word' id='word_1_828' title='bbox 3321 4147 3550 4202; x_wconf 86' lang='lat' dir='ltr'><strong>credunt</strong></span> <span class='ocrx_word' id='word_1_829' title='bbox 3613 4149 3680 4201; x_wconf 88' lang='lat' dir='ltr'><strong>ad</strong></span> 
     </span>
    </p>
   </div>
   <div class='ocr_carea' id='block_1_104' title="bbox 2104 4239 3684 4319">
    <p class='ocr_par' dir='ltr' id='par_1_104' title="bbox 2104 4239 3684 4319">
     <span class='ocr_line' id='line_1_104' title="bbox 2104 4239 3684 4319; baseline -0.006 -17"><span class='ocrx_word' id='word_1_830' title='bbox 2104 4248 2443 4319; x_wconf 82' lang='lat' dir='ltr'><strong>ignominiam</strong></span> <span class='ocrx_word' id='word_1_831' title='bbox 2487 4246 2832 4309; x_wconf 72' lang='lat' dir='ltr'><strong>Judzeorum;</strong></span> <span class='ocrx_word' id='word_1_832' title='bbox 2901 4245 3008 4299; x_wconf 91' lang='lat' dir='ltr'><strong>imo</strong></span> <span class='ocrx_word' id='word_1_833' title='bbox 3068 4241 3381 4297; x_wconf 90' lang='lat' dir='ltr'><strong>Samaritani</strong></span> <span class='ocrx_word' id='word_1_834' title='bbox 3447 4239 3684 4293; x_wconf 67' lang='lat' dir='ltr'><strong>Galilaeis</strong></span> 
     </span>
    </p>
   </div>
   <div class='ocr_carea' id='block_1_105' title="bbox 2105 4331 3684 4406">
    <p class='ocr_par' dir='ltr' id='par_1_105' title="bbox 2105 4331 3684 4406">
     <span class='ocr_line' id='line_1_105' title="bbox 2105 4331 3684 4406; baseline -0.007 -11"><span class='ocrx_word' id='word_1_835' title='bbox 2105 4341 2350 4397; x_wconf 75' lang='lat' dir='ltr'><strong>meliores</strong></span> <span class='ocrx_word' id='word_1_836' title='bbox 2394 4337 2864 4406; x_wconf 86' lang='lat' dir='ltr'><strong>deprehenduntur</strong></span> <span class='ocrx_word' id='word_1_837' title='bbox 2891 4351 2904 4386; x_wconf 91' lang='lat'><strong>:</strong></span> <span class='ocrx_word' id='word_1_838' title='bbox 2935 4335 3170 4388; x_wconf 87' lang='lat' dir='ltr'><strong>illienim</strong></span> <span class='ocrx_word' id='word_1_839' title='bbox 3199 4348 3264 4387; x_wconf 90' lang='lat' dir='ltr'><strong>ex</strong></span> <span class='ocrx_word' id='word_1_840' title='bbox 3311 4331 3548 4386; x_wconf 81' lang='lat' dir='ltr'><strong>mulieris</strong></span> <span class='ocrx_word' id='word_1_841' title='bbox 3595 4347 3684 4384; x_wconf 82' lang='lat' dir='ltr'><strong>so-</strong></span> 
     </span>
    </p>
   </div>
   <div class='ocr_carea' id='block_1_106' title="bbox 2103 4423 3679 4497">
    <p class='ocr_par' dir='ltr' id='par_1_106' title="bbox 2103 4423 3679 4497">
     <span class='ocr_line' id='line_1_106' title="bbox 2103 4423 3679 4497; baseline -0.008 -12"><span class='ocrx_word' id='word_1_842' title='bbox 2103 4433 2210 4485; x_wconf 90' lang='lat' dir='ltr'><strong>lum</strong></span> <span class='ocrx_word' id='word_1_843' title='bbox 2255 4429 2554 4484; x_wconf 84' lang='lat' dir='ltr'><strong>testimonio</strong></span> <span class='ocrx_word' id='word_1_844' title='bbox 2595 4429 2768 4497; x_wconf 91' lang='lat' dir='ltr'><strong>ipsum</strong></span> <span class='ocrx_word' id='word_1_845' title='bbox 2809 4433 3161 4493; x_wconf 85' lang='lat' dir='ltr'><strong>acceperunt;</strong></span> <span class='ocrx_word' id='word_1_846' title='bbox 3221 4423 3274 4476; x_wconf 91' lang='lat' dir='ltr'><strong>hi</strong></span> <span class='ocrx_word' id='word_1_847' title='bbox 3324 4436 3481 4488; x_wconf 87' lang='lat' dir='ltr'><strong>vero,</strong></span> <span class='ocrx_word' id='word_1_848' title='bbox 3536 4431 3679 4489; x_wconf 89' lang='lat' dir='ltr'><strong>post-</strong></span> 
     </span>
    </p>
   </div>
   <div class='ocr_carea' id='block_1_107' title="bbox 2102 4511 3684 4591">
    <p class='ocr_par' dir='ltr' id='par_1_107' title="bbox 2102 4511 3684 4591">
     <span class='ocr_line' id='line_1_107' title="bbox 2102 4511 3684 4591; baseline -0.007 -15"><span class='ocrx_word' id='word_1_849' title='bbox 2102 4537 2262 4591; x_wconf 88' lang='lat' dir='ltr'><strong>quam</strong></span> <span class='ocrx_word' id='word_1_850' title='bbox 2303 4522 2453 4590; x_wconf 88' lang='lat' dir='ltr'><strong>sigua</strong></span> <span class='ocrx_word' id='word_1_851' title='bbox 2499 4520 2566 4573; x_wconf 92' lang='lat' dir='ltr'><strong>ab</strong></span> <span class='ocrx_word' id='word_1_852' title='bbox 2602 4519 2692 4572; x_wconf 90' lang='lat' dir='ltr'><strong>illo</strong></span> <span class='ocrx_word' id='word_1_853' title='bbox 2738 4517 2872 4570; x_wconf 89' lang='lat' dir='ltr'><strong>facta</strong></span> <span class='ocrx_word' id='word_1_854' title='bbox 2914 4515 3171 4570; x_wconf 87' lang='lat' dir='ltr'><strong>viderant.</strong></span> <span class='ocrx_word' id='word_1_855' title='bbox 3229 4513 3317 4568; x_wconf 60' lang='lat'><strong>46.</strong></span> <span class='ocrx_word' id='word_1_856' title='bbox 3378 4511 3522 4566; x_wconf 80' lang='lat' dir='ltr'><strong>Venit</strong></span> <span class='ocrx_word' id='word_1_857' title='bbox 3564 4529 3684 4582; x_wconf 84' lang='lat' dir='ltr'><strong>ergo</strong></span> 
     </span>
    </p>
   </div>
   <div class='ocr_carea' id='block_1_108' title="bbox 2101 4607 3687 4678">
    <p class='ocr_par' dir='ltr' id='par_1_108' title="bbox 2101 4607 3687 4678">
     <span class='ocr_line' id='line_1_108' title="bbox 2101 4607 3687 4678; baseline -0.003 -12"><span class='ocrx_word' id='word_1_858' title='bbox 2101 4613 2252 4667; x_wconf 86' lang='lat' dir='ltr'><strong>Jesus</strong></span> <span class='ocrx_word' id='word_1_859' title='bbox 2274 4613 2453 4666; x_wconf 86' lang='lat' dir='ltr'><strong>iterum</strong></span> <span class='ocrx_word' id='word_1_860' title='bbox 2479 4613 2531 4664; x_wconf 89' lang='lat' dir='ltr'><strong>in</strong></span> <span class='ocrx_word' id='word_1_861' title='bbox 2556 4611 2697 4664; x_wconf 83' lang='lat' dir='ltr'><strong>Cana</strong></span> <span class='ocrx_word' id='word_1_862' title='bbox 2719 4609 2945 4664; x_wconf 77' lang='lat' dir='ltr'><strong>Caliltraz</strong></span> <span class='ocrx_word' id='word_1_863' title='bbox 2967 4649 2981 4673; x_wconf 91' lang='lat'><strong>,</strong></span> <span class='ocrx_word' id='word_1_864' title='bbox 3014 4609 3094 4660; x_wconf 87' lang='lat' dir='ltr'><strong>ubi</strong></span> <span class='ocrx_word' id='word_1_865' title='bbox 3119 4607 3234 4677; x_wconf 77' lang='lat' dir='ltr'><strong>fecit</strong></span> <span class='ocrx_word' id='word_1_866' title='bbox 3263 4623 3447 4678; x_wconf 86' lang='lat' dir='ltr'><strong>aquam</strong></span> <span class='ocrx_word' id='word_1_867' title='bbox 3490 4607 3687 4661; x_wconf 83' lang='lat' dir='ltr'><strong>vinum.</strong></span> 
     </span>
    </p>
   </div>
   <div class='ocr_carea' id='block_1_109' title="bbox 2105 4697 3685 4767">
    <p class='ocr_par' dir='ltr' id='par_1_109' title="bbox 2105 4697 3685 4767">
     <span class='ocr_line' id='line_1_109' title="bbox 2105 4697 3685 4767; baseline -0.008 -6"><span class='ocrx_word' id='word_1_868' title='bbox 2105 4707 2412 4761; x_wconf 85' lang='lat' dir='ltr'><strong>liliraculum</strong></span> <span class='ocrx_word' id='word_1_869' title='bbox 2451 4705 2503 4759; x_wconf 93' lang='lat' dir='ltr'><strong>in</strong></span> <span class='ocrx_word' id='word_1_870' title='bbox 2553 4703 2862 4758; x_wconf 90' lang='lat' dir='ltr'><strong>memoriam</strong></span> <span class='ocrx_word' id='word_1_871' title='bbox 2909 4709 3146 4764; x_wconf 88' lang='lat' dir='ltr'><strong>revocat,</strong></span> <span class='ocrx_word' id='word_1_872' title='bbox 3177 4697 3244 4753; x_wconf 92' lang='lat' dir='ltr'><strong>ad</strong></span> <span class='ocrx_word' id='word_1_873' title='bbox 3290 4699 3548 4767; x_wconf 89' lang='lat' dir='ltr'><strong>majorem</strong></span> <span class='ocrx_word' id='word_1_874' title='bbox 3589 4697 3685 4753; x_wconf 82' lang='lat' dir='ltr'><strong>Sa-</strong></span> 
     </span>
    </p>
   </div>
   <div class='ocr_carea' id='block_1_110' title="bbox 2105 4789 3686 4860">
    <p class='ocr_par' dir='ltr' id='par_1_110' title="bbox 2105 4789 3686 4860">
     <span class='ocr_line' id='line_1_110' title="bbox 2105 4789 3686 4860; baseline -0.004 -12"><span class='ocrx_word' id='word_1_875' title='bbox 2105 4796 2483 4851; x_wconf 88' lang='lat' dir='ltr'><strong>maritanorum</strong></span> <span class='ocrx_word' id='word_1_876' title='bbox 2542 4795 2775 4847; x_wconf 89' lang='lat' dir='ltr'><strong>laudem.</strong></span> <span class='ocrx_word' id='word_1_877' title='bbox 2829 4791 2890 4844; x_wconf 76' lang='lat' dir='ltr'><strong>l-li</strong></span> <span class='ocrx_word' id='word_1_878' title='bbox 2946 4804 3176 4860; x_wconf 88' lang='lat' dir='ltr'><strong>namque</strong></span> <span class='ocrx_word' id='word_1_879' title='bbox 3228 4797 3349 4859; x_wconf 88' lang='lat' dir='ltr'><strong>post</strong></span> <span class='ocrx_word' id='word_1_880' title='bbox 3417 4789 3564 4859; x_wconf 80' lang='lat' dir='ltr'><strong>signa</strong></span> <span class='ocrx_word' id='word_1_881' title='bbox 3631 4799 3686 4842; x_wconf 88' lang='lat' dir='ltr'><strong>et</strong></span> 
     </span>
    </p>
   </div>
   <div class='ocr_carea' id='block_1_111' title="bbox 2102 4881 3682 4956">
    <p class='ocr_par' dir='ltr' id='par_1_111' title="bbox 2102 4881 3682 4956">
     <span class='ocr_line' id='line_1_111' title="bbox 2102 4881 3682 4956; baseline -0.005 -16"><span class='ocrx_word' id='word_1_882' title='bbox 2102 4886 2445 4956; x_wconf 84' lang='lat' dir='ltr'><strong>Jerosolymis</strong></span> <span class='ocrx_word' id='word_1_883' title='bbox 2475 4893 2528 4938; x_wconf 90' lang='lat' dir='ltr'><strong>et</strong></span> <span class='ocrx_word' id='word_1_884' title='bbox 2566 4881 2704 4953; x_wconf 88' lang='lat' dir='ltr'><strong>apud</strong></span> <span class='ocrx_word' id='word_1_885' title='bbox 2747 4897 2806 4936; x_wconf 89' lang='lat' dir='ltr'><strong>se</strong></span> <span class='ocrx_word' id='word_1_886' title='bbox 2847 4881 3022 4947; x_wconf 89' lang='lat' dir='ltr'><strong>edita,</strong></span> <span class='ocrx_word' id='word_1_887' title='bbox 3073 4881 3244 4950; x_wconf 90' lang='lat' dir='ltr'><strong>ipsum</strong></span> <span class='ocrx_word' id='word_1_888' title='bbox 3290 4888 3682 4946; x_wconf 87' lang='lat' dir='ltr'><strong>susceperunt:</strong></span> 
     </span>
    </p>
   </div>
   <div class='ocr_carea' id='block_1_112' title="bbox 2104 4970 3686 5034">
    <p class='ocr_par' dir='ltr' id='par_1_112' title="bbox 2104 4970 3686 5034">
     <span class='ocr_line' id='line_1_112' title="bbox 2104 4970 3686 5034; baseline -0.006 0"><span class='ocrx_word' id='word_1_889' title='bbox 2104 4980 2422 5034; x_wconf 88' lang='lat' dir='ltr'><strong>Samaritani</strong></span> <span class='ocrx_word' id='word_1_890' title='bbox 2455 4993 2579 5032; x_wconf 84' lang='lat' dir='ltr'><strong>vero</strong></span> <span class='ocrx_word' id='word_1_891' title='bbox 2605 4991 2669 5030; x_wconf 85' lang='lat' dir='ltr'><strong>ex</strong></span> <span class='ocrx_word' id='word_1_892' title='bbox 2711 4974 2950 5029; x_wconf 88' lang='lat' dir='ltr'><strong>doctrina</strong></span> <span class='ocrx_word' id='word_1_893' title='bbox 2996 4981 3221 5026; x_wconf 90' lang='lat' dir='ltr'><strong>tantum.</strong></span> <span class='ocrx_word' id='word_1_894' title='bbox 3283 4970 3424 5024; x_wconf 81' lang='lat' dir='ltr'><strong>Istuc</strong></span> <span class='ocrx_word' id='word_1_895' title='bbox 3477 4972 3686 5026; x_wconf 87' lang='lat' dir='ltr'><strong>venisse</strong></span> 
     </span>
    </p>
   </div>
   <div class='ocr_carea' id='block_1_113' title="bbox 2105 5061 3684 5140">
    <p class='ocr_par' dir='ltr' id='par_1_113' title="bbox 2105 5061 3684 5140">
     <span class='ocr_line' id='line_1_113' title="bbox 2105 5061 3684 5140; baseline -0.007 -14"><span class='ocrx_word' id='word_1_896' title='bbox 2105 5080 2320 5135; x_wconf 88' lang='lat' dir='ltr'><strong>narrat;</strong></span> <span class='ocrx_word' id='word_1_897' title='bbox 2353 5086 2454 5140; x_wconf 89' lang='lat' dir='ltr'><strong>qua</strong></span> <span class='ocrx_word' id='word_1_898' title='bbox 2483 5070 2549 5124; x_wconf 89' lang='lat' dir='ltr'><strong>de</strong></span> <span class='ocrx_word' id='word_1_899' title='bbox 2594 5083 2753 5121; x_wconf 78' lang='lat' dir='ltr'><strong>causa</strong></span> <span class='ocrx_word' id='word_1_900' title='bbox 2802 5066 3010 5120; x_wconf 83' lang='lat' dir='ltr'><strong>venerit</strong></span> <span class='ocrx_word' id='word_1_901' title='bbox 3063 5080 3168 5119; x_wconf 88' lang='lat' dir='ltr'><strong>non</strong></span> <span class='ocrx_word' id='word_1_902' title='bbox 3218 5063 3416 5132; x_wconf 84' lang='lat' dir='ltr'><strong>adjicit.</strong></span> <span class='ocrx_word' id='word_1_903' title='bbox 3473 5063 3527 5116; x_wconf 93' lang='lat' dir='ltr'><strong>In</strong></span> <span class='ocrx_word' id='word_1_904' title='bbox 3577 5061 3684 5116; x_wconf 85' lang='lat' dir='ltr'><strong>Ga-</strong></span> 
     </span>
    </p>
   </div>
   <div class='ocr_carea' id='block_1_114' title="bbox 2105 5153 3683 5229">
    <p class='ocr_par' dir='ltr' id='par_1_114' title="bbox 2105 5153 3683 5229">
     <span class='ocr_line' id='line_1_114' title="bbox 2105 5153 3683 5229; baseline -0.01 -11"><span class='ocrx_word' id='word_1_905' title='bbox 2105 5165 2296 5218; x_wconf 77' lang='lat' dir='ltr'><strong>lila-am</strong></span> <span class='ocrx_word' id='word_1_906' title='bbox 2358 5161 2498 5216; x_wconf 93' lang='lat' dir='ltr'><strong>enim</strong></span> <span class='ocrx_word' id='word_1_907' title='bbox 2561 5169 2776 5229; x_wconf 90' lang='lat' dir='ltr'><strong>propter</strong></span> <span class='ocrx_word' id='word_1_908' title='bbox 2831 5156 3138 5212; x_wconf 70' lang='lat' dir='ltr'><strong>Judmorum</strong></span> <span class='ocrx_word' id='word_1_909' title='bbox 3191 5155 3439 5208; x_wconf 89' lang='lat' dir='ltr'><strong>invidiam</strong></span> <span class='ocrx_word' id='word_1_910' title='bbox 3503 5153 3683 5213; x_wconf 85' lang='lat' dir='ltr'><strong>venit;</strong></span> 
     </span>
    </p>
   </div>
   <div class='ocr_carea' id='block_1_115' title="bbox 2104 5242 3680 5312">
    <p class='ocr_par' dir='ltr' id='par_1_115' title="bbox 2104 5242 3680 5312">
     <span class='ocr_line' id='line_1_115' title="bbox 2104 5242 3680 5312; baseline -0.01 -1"><span class='ocrx_word' id='word_1_911' title='bbox 2104 5257 2196 5312; x_wconf 88' lang='lat' dir='ltr'><strong>sed</strong></span> <span class='ocrx_word' id='word_1_912' title='bbox 2226 5272 2322 5311; x_wconf 89' lang='lat' dir='ltr'><strong>cur</strong></span> <span class='ocrx_word' id='word_1_913' title='bbox 2362 5255 2413 5309; x_wconf 92' lang='lat' dir='ltr'><strong>in</strong></span> <span class='ocrx_word' id='word_1_914' title='bbox 2455 5252 2648 5306; x_wconf 87' lang='lat' dir='ltr'><strong>Cana?</strong></span> <span class='ocrx_word' id='word_1_915' title='bbox 2695 5251 2932 5306; x_wconf 86' lang='lat' dir='ltr'><strong>Primum</strong></span> <span class='ocrx_word' id='word_1_916' title='bbox 2981 5257 3202 5302; x_wconf 87' lang='lat' dir='ltr'><strong>vocatus</strong></span> <span class='ocrx_word' id='word_1_917' title='bbox 3241 5246 3303 5298; x_wconf 82' lang='lat' dir='ltr'><strong>ad</strong></span> <span class='ocrx_word' id='word_1_918' title='bbox 3345 5245 3558 5311; x_wconf 83' lang='lat' dir='ltr'><strong>nuptias</strong></span> <span class='ocrx_word' id='word_1_919' title='bbox 3587 5242 3680 5295; x_wconf 92' lang='lat' dir='ltr'><strong>illo</strong></span> 
     </span>
    </p>
   </div>
   <div class='ocr_carea' id='block_1_116' title="bbox 2104 5334 3686 5409">
    <p class='ocr_par' dir='ltr' id='par_1_116' title="bbox 2104 5334 3686 5409">
     <span class='ocr_line' id='line_1_116' title="bbox 2104 5334 3686 5409; baseline -0.008 -8"><span class='ocrx_word' id='word_1_920' title='bbox 2104 5353 2442 5401; x_wconf 81' lang='lat' dir='ltr'><strong>Concesserat</strong></span> <span class='ocrx_word' id='word_1_921' title='bbox 2479 5359 2493 5405; x_wconf 92' lang='lat'><strong>;</strong></span> <span class='ocrx_word' id='word_1_922' title='bbox 2541 5341 2634 5398; x_wconf 88' lang='lat' dir='ltr'><strong>sed</strong></span> <span class='ocrx_word' id='word_1_923' title='bbox 2664 5357 2804 5396; x_wconf 90' lang='lat' dir='ltr'><strong>nunc</strong></span> <span class='ocrx_word' id='word_1_924' title='bbox 2829 5357 2995 5409; x_wconf 87' lang='lat' dir='ltr'><strong>quare</strong></span> <span class='ocrx_word' id='word_1_925' title='bbox 3023 5341 3046 5393; x_wconf 87' lang='lat'><strong>?</strong></span> <span class='ocrx_word' id='word_1_926' title='bbox 3075 5339 3198 5392; x_wconf 83' lang='lat' dir='ltr'><strong>Mihi</strong></span> <span class='ocrx_word' id='word_1_927' title='bbox 3231 5337 3442 5404; x_wconf 88' lang='lat' dir='ltr'><strong>quidem</strong></span> <span class='ocrx_word' id='word_1_928' title='bbox 3475 5334 3686 5388; x_wconf 70' lang='lat' dir='ltr'><strong>venisse</strong></span> 
     </span>
    </p>
   </div>
   <div class='ocr_carea' id='block_1_117' title="bbox 2105 5428 3685 5504">
    <p class='ocr_par' dir='ltr' id='par_1_117' title="bbox 2105 5428 3685 5504">
     <span class='ocr_line' id='line_1_117' title="bbox 2105 5428 3685 5504; baseline -0.009 -12"><span class='ocrx_word' id='word_1_929' title='bbox 2105 5439 2313 5493; x_wconf 80' lang='lat' dir='ltr'><strong>videtur</strong></span> <span class='ocrx_word' id='word_1_930' title='bbox 2350 5447 2405 5491; x_wconf 91' lang='lat' dir='ltr'><strong>ut</strong></span> <span class='ocrx_word' id='word_1_931' title='bbox 2447 5436 2604 5489; x_wconf 80' lang='lat' dir='ltr'><strong>ﬁdem</strong></span> <span class='ocrx_word' id='word_1_932' title='bbox 2643 5436 2833 5504; x_wconf 88' lang='lat' dir='ltr'><strong>patrati</strong></span> <span class='ocrx_word' id='word_1_933' title='bbox 2877 5432 3118 5488; x_wconf 83' lang='lat' dir='ltr'><strong>miraculi</strong></span> <span class='ocrx_word' id='word_1_934' title='bbox 3159 5428 3438 5500; x_wconf 69' lang='lat' dir='ltr'><strong>prmseutia</strong></span> <span class='ocrx_word' id='word_1_935' title='bbox 3469 5443 3560 5482; x_wconf 86' lang='lat' dir='ltr'><strong>sua</strong></span> <span class='ocrx_word' id='word_1_936' title='bbox 3593 5429 3685 5480; x_wconf 84' lang='lat' dir='ltr'><strong>lir-</strong></span> 
     </span>
    </p>
   </div>
   <div class='ocr_carea' id='block_1_118' title="bbox 2107 5520 3686 5598">
    <p class='ocr_par' dir='ltr' id='par_1_118' title="bbox 2107 5520 3686 5598">
     <span class='ocr_line' id='line_1_118' title="bbox 2107 5520 3686 5598; baseline -0.01 -12"><span class='ocrx_word' id='word_1_937' title='bbox 2107 5541 2276 5586; x_wconf 89' lang='lat' dir='ltr'><strong>maret</strong></span> <span class='ocrx_word' id='word_1_938' title='bbox 2298 5571 2310 5591; x_wconf 92' lang='lat'><strong>,</strong></span> <span class='ocrx_word' id='word_1_939' title='bbox 2343 5539 2505 5598; x_wconf 86' lang='lat' dir='ltr'><strong>utque</strong></span> <span class='ocrx_word' id='word_1_940' title='bbox 2547 5545 2649 5580; x_wconf 89' lang='lat' dir='ltr'><strong>non</strong></span> <span class='ocrx_word' id='word_1_941' title='bbox 2683 5536 2902 5581; x_wconf 88' lang='lat' dir='ltr'><strong>vocatus</strong></span> <span class='ocrx_word' id='word_1_942' title='bbox 2932 5527 3214 5590; x_wconf 84' lang='lat' dir='ltr'><strong>accedens,</strong></span> <span class='ocrx_word' id='word_1_943' title='bbox 3263 5521 3429 5591; x_wconf 77' lang='lat' dir='ltr'><strong>magis</strong></span> <span class='ocrx_word' id='word_1_944' title='bbox 3461 5521 3578 5574; x_wconf 90' lang='lat' dir='ltr'><strong>illos</strong></span> <span class='ocrx_word' id='word_1_945' title='bbox 3604 5520 3686 5572; x_wconf 82' lang='lat' dir='ltr'><strong>al-</strong></span> 
     </span>
    </p>
   </div>
   <div class='ocr_carea' id='block_1_119' title="bbox 2111 5610 3687 5686">
    <p class='ocr_par' dir='ltr' id='par_1_119' title="bbox 2111 5610 3687 5686">
     <span class='ocr_line' id='line_1_119' title="bbox 2111 5610 3687 5686; baseline -0.009 -8"><span class='ocrx_word' id='word_1_946' title='bbox 2111 5624 2320 5686; x_wconf 84' lang='lat' dir='ltr'><strong>liceret,</strong></span> <span class='ocrx_word' id='word_1_947' title='bbox 2351 5634 2470 5674; x_wconf 83' lang='lat' dir='ltr'><strong>cum</strong></span> <span class='ocrx_word' id='word_1_948' title='bbox 2498 5618 2680 5672; x_wconf 87' lang='lat' dir='ltr'><strong>relicta</strong></span> <span class='ocrx_word' id='word_1_949' title='bbox 2713 5617 2878 5686; x_wconf 84' lang='lat' dir='ltr'><strong>patria</strong></span> <span class='ocrx_word' id='word_1_950' title='bbox 2902 5659 2915 5685; x_wconf 87' lang='lat'><strong>,</strong></span> <span class='ocrx_word' id='word_1_951' title='bbox 2947 5618 3064 5671; x_wconf 82' lang='lat' dir='ltr'><strong>illos</strong></span> <span class='ocrx_word' id='word_1_952' title='bbox 3091 5617 3199 5672; x_wconf 84' lang='lat' dir='ltr'><strong>suis</strong></span> <span class='ocrx_word' id='word_1_953' title='bbox 3229 5618 3532 5670; x_wconf 83' lang='lat' dir='ltr'><strong>antcl&#39;crrct.</strong></span> <span class='ocrx_word' id='word_1_954' title='bbox 3562 5610 3687 5666; x_wconf 73' lang='lat' dir='ltr'><strong>Erat</strong></span> 
     </span>
    </p>
   </div>
  </div>
