4104 6156
438 348 544 406 10!

445 469 613 515 autem
636 456 845 528 quidam
874 452 1097 525 regulus,
1121 450 1266 521 cujus
1289 449 1424 516 ﬁlius
1447 442 1801 516 in/irntabatur
1836 444 2028 514 Caper-

447 567 624 605 naunt.
663 546 756 603 47.
804 544 907 600 Hic
949 560 1064 597 cum
1101 542 1322 596 audisset
1366 541 1484 610 quia
1522 538 1674 593 Iesus
1716 536 1969 591 adveniret
1996 550 2029 587 a

447 639 635 693 Judtea
662 638 717 691 in
756 634 1024 691 Galileam
1047 674 1063 696 ,
1093 634 1224 687 venit
1262 632 1330 684 ad
1352 647 1498 693 eum,
1527 639 1577 683 et
1600 627 1809 699 rogabat
1832 643 1945 679 eum
1973 633 2026 676 ut

442 732 800 790 descenderet,
843 736 893 780 et
932 732 1136 778 sanaret
1177 723 1342 791 ﬁlium
1390 722 1503 791 ejus
1531 737 1548 783 ;
1575 720 1688 772 sive
1737 733 1801 772 ex
1831 730 2029 787 genere

440 823 595 892 regio
622 835 745 875 cum
793 827 980 881 esset,
1015 815 1096 871 vel
1144 830 1210 869 ex
1240 811 1469 882 quadam
1515 811 1769 879 dignitate
1816 808 2030 878 regulus

446 913 826 982 appellaretur.
859 907 1084 975 Quidam
1132 915 1321 973 putant
1367 903 1507 956 hunc
1556 901 1729 969 ipsum
1774 913 1893 954 esse
1939 898 2029 967 qui

441 1012 777 1058 memoratur
819 1014 846 1050 a
879 996 1128 1053 Mattiuco
1157 1012 1173 1060 ;
1204 993 1297 1048 sed
1342 993 1480 1047 alius
1504 1006 1623 1046 esse
1647 989 1900 1060 probatur
1922 1004 2029 1042 nun

444 1108 515 1147 ex
561 1092 816 1161 dignitate
854 1088 1016 1144 modo
1039 1127 1053 1149 ,
1086 1085 1179 1140 sed
1209 1085 1368 1139 etiam
1408 1098 1471 1138 ex
1502 1083 1624 1136 tide‘.
1666 1080 1761 1135 Ille
1801 1094 2031 1150 namque

444 1183 718 1237 Christum
761 1182 841 1236 ire
882 1179 1151 1233 volentem
1171 1219 1186 1241 ,
1217 1192 1283 1230 ne
1325 1183 1410 1228 eat
1439 1182 1627 1243 rogat;
1657 1172 1744 1226 hic
1785 1187 1885 1227 nec
1911 1185 2031 1226 sese

444 1274 784 1333 offerentem,
817 1272 1032 1325 domum
1057 1267 1237 1322 trahit.
1260 1266 1353 1321 Ille
1381 1264 1531 1328 dicit,
1565 1262 1685 1316 Non
1714 1280 1824 1316 sum
1847 1264 2031 1334 dignus

450 1374 505 1416 ut
534 1365 684 1416 intres
712 1362 801 1414 sub
828 1368 1008 1412 tectum
1035 1372 1236 1419 meum;
1260 1355 1346 1408 hic
1366 1362 1518 1423 urget
1538 1352 1745 1417 dicens,
1776 1350 2031 1405 Descende

450 1459 745 1526 priusquam
793 1453 1034 1505 moriatur
1080 1450 1217 1518 ﬁlius
1258 1463 1399 1502 meus
1440 1445 1669 1516 (Matth.
1701 1446 1754 1500 8.
1788 1444 1887 1514 8).
1941 1443 2034 1499 llle

450 1564 522 1604 ne
568 1555 754 1602 monte
798 1541 1134 1598 descendens
1171 1536 1503 1605 Capernaum
1549 1537 1731 1601 venit;
1778 1536 1863 1590 hic
1905 1548 2034 1589 vero

455 1659 481 1693 a
510 1637 770 1700 Samaria,
804 1651 908 1689 non
955 1633 1008 1686 in
1039 1632 1395 1700 Capernanm,
1428 1629 1524 1683 sed
1558 1628 1608 1681 in
1637 1627 1781 1682 Cana
1813 1627 2032 1680 venien-

450 1740 558 1783 tem
586 1727 714 1780 adit.
751 1725 897 1779 Illius
939 1738 1072 1792 pater
1113 1721 1340 1791 paralysi
1372 1719 1678 1784 laborabat,
1710 1716 1867 1787 hujus
1893 1716 2034 1770 ﬁlius

455 1818 605 1873 febri.
649 1817 718 1870 Et
748 1816 947 1869 veniens
975 1813 1184 1883 rogabat
1213 1827 1327 1864 eum
1369 1820 1424 1862 ut
1459 1817 1659 1863 sanaret
1684 1807 1846 1876 ﬁlium
1871 1808 1982 1875 ejus
2014 1823 2033 1860 :

455 1908 719 1975 incipiebat
766 1906 898 1960 enim
936 1905 1086 1957 mori.
1130 1903 1266 1969 Quid
1315 1917 1442 1970 ergo
1468 1900 1752 1955 Christus?
1781 1901 1867 1954 48.
1914 1898 2033 1952 Nisi

452 2002 595 2071 signa
640 2006 685 2052 et
727 1996 964 2066 prodigia
1009 1994 1229 2048 videritis
1255 2034 1269 2057 ,
1301 2009 1402 2046 non
1442 1992 1668 2046 creditis.
1702 1990 1861 2060 Atqui
1889 1990 2031 2060 quod

456 2089 659 2144 veniret
696 2096 752 2140 et
794 2094 1047 2155 rogaret,
1083 2084 1132 2138 id
1165 2083 1298 2138 ﬁdes
1334 2093 1442 2138 erat
1472 2100 1486 2148 ;
1521 2091 1576 2137 ct
1605 2093 1787 2150 postea
1818 2084 1918 2136 hoc
1950 2083 2031 2150 ip-

457 2197 570 2235 sum
606 2178 920 2235 testiﬁcatur
962 2178 1286 2247 evangelista
1330 2177 1514 2232 dicens
1549 2195 1562 2231 :
1605 2176 1738 2231 Cum
1765 2175 1922 2231 Jesus
1951 2175 2031 2228 di-

459 2274 644 2336 xisset,
678 2269 836 2335 Vade,
863 2270 1002 2339 ﬁlius
1047 2279 1161 2323 tuus
1198 2270 1349 2333 vivit,
1378 2269 1588 2322 credidit
1631 2271 1846 2323 sermoni
1886 2271 2028 2340 ejus,

457 2374 501 2417 et
542 2365 661 2417 ibat.
692 2363 830 2431 Quid
869 2378 996 2432 ergo
1031 2363 1129 2416 sibi
1172 2363 1283 2415 vult
1314 2362 1400 2415 hic
1425 2365 1450 2414 ζ’
1483 2362 1577 2416 Vel
1608 2362 1708 2416 hoc
1734 2361 2032 2417 Sumat-ita-

459 2470 575 2519 nos,
604 2454 694 2523 qui
733 2454 849 2508 sine
877 2453 1041 2522 signis
1067 2452 1428 2518 crediderunt,
1462 2452 1733 2506 admirans
1762 2452 1915 2515 dixit,
1950 2452 2032 2505 vel

458 2558 594 2605 eam,
623 2558 742 2613 qua:
766 2559 858 2596 sua
891 2542 1169 2596 videbatur
1194 2540 1335 2607 esse,
1366 2544 1662 2609 civitatem,
1692 2544 2031 2612 Caperuaum

457 2648 667 2702 nempe.
692 2635 1017 2704 perstringit.
1043 2635 1317 2703 Siquidem
1352 2650 1473 2689 cum
1515 2635 1649 2689 alius
1673 2636 1809 2704 apud
1834 2634 2032 2692 Lucam

460 2727 535 2798 (tt)
574 2727 810 2794 diceret,
861 2725 1048 2788 Credo.
1098 2725 1344 2791 Domine,
1386 2727 1574 2799 adjutus
1633 2726 2034 2781 incredulitatem

460 2836 617 2872 meam
647 2817 854 2889 (Marc.
884 2817 934 2872 9.
978 2818 1049 2873 25
1068 2818 1108 2888 ),
1142 2818 1330 2873 iisdem
1360 2834 1486 2873 usus
1512 2827 1593 2872 est
1622 2818 1820 2871 verbis.
1852 2816 2034 2888 Itaque

460 2911 580 2965 licet
619 2909 703 2963 hic
752 2909 1077 2976 crediderit,
1126 2924 1231 2963 non
1278 2916 1455 2963 tamen
1501 2909 1657 2978 plene
1685 2919 1738 2965 et
1781 2910 2031 2979 integre:

458 3002 595 3070 qttod
622 3002 858 3057 declarat
882 3017 1001 3056 cum
1031 3001 1352 3067 sciscitatur,
1382 3015 1485 3065 qua
1512 3001 1641 3055 hora
1678 3001 1889 3069 reliquit
1912 3016 2033 3055 eum

463 3092 641 3147 febris.
676 3091 899 3147 Volebat
928 3092 1070 3145 enim
1117 3092 1315 3156 dicere,
1359 3108 1484 3145 num
1529 3103 1719 3160 Sponte
1764 3107 1877 3156 sua,
1908 3106 2034 3145 num

461 3199 519 3235 ex
546 3181 739 3238 Christi
770 3194 1035 3251 przecepto
1061 3181 1223 3238 febris
1245 3183 1607 3237 abscessisset.
1634 3182 1701 3237 Ut
1726 3198 1839 3236 vero
1860 3197 2039 3252 cogno-

461 3273 525 3324 vit
552 3274 667 3343 quia
696 3275 803 3326 heri
849 3274 974 3325 hora
1013 3273 1247 3343 septima,
1275 3272 1487 3325 credidit
1516 3274 1624 3341 ipse
1649 3282 1694 3326 et
1721 3272 1899 3327 domus
1929 3273 2037 3341 ejus

464 3372 583 3417 tota.
627 3362 821 3417 'Vidcn’
870 3363 1018 3417 illum
1065 3363 1378 3427 credidisse,
1433 3365 1602 3418 servis
1647 3363 2034 3426 nuntiantibus,

463 3470 562 3507 non
592 3452 805 3508 Christo
846 3453 1138 3524 loquente?
1163 3453 1389 3508 Mentem
1420 3469 1550 3524 ergo
1579 3453 1713 3523 ejus,
1743 3470 1846 3523 qua
1875 3469 2037 3508 vene-

463 3555 558 3610 rat,
593 3547 810 3616 arguit:
854 3547 925 3600 ita
969 3545 1109 3600 enim
1142 3547 1308 3616 magis
1344 3546 1492 3600 illum
1523 3546 1589 3599 ad
1618 3546 1776 3601 ﬁdem
1820 3546 2037 3599 induce-

461 3637 546 3691 bat
588 3656 601 3691 :
646 3647 773 3692 ante
824 3638 1033 3706 signum
1090 3637 1231 3692 enim
1280 3652 1386 3693 non
1432 3636 1717 3691 admodum
1762 3638 2034 3692 credebat.

461 3730 606 3796 Quod
634 3730 679 3784 si
716 3739 771 3784 et
800 3731 1006 3784 venerit
1033 3740 1088 3784 et
1118 3731 1404 3800 rogaverit,
1441 3729 1573 3783 nihil
1604 3730 1821 3783 mirum.
1852 3729 2040 3785 Solent

402 3821 599 3872 “etaim
645 3828 823 3890 patres
861 3819 1068 3874 ardenti
1112 3834 1296 3874 amore
1340 3819 1524 3882 ducti,
1572 3834 1677 3872 non
1705 3820 1876 3872 solum
1906 3833 2036 3884 eos,

462 3909 650 3976 quibus
678 3909 865 3975 lidunt,
898 3909 1131 3964 medicos
1171 3909 1340 3972 adire,
1372 3924 1556 3963 verum
1598 3908 1759 3963 etiam
1804 3924 1897 3963 eos
1924 3908 2041 3979 qui-

465 4000 561 4054 bus
602 4014 708 4054 non
738 4000 813 4053 ita
850 3998 1053 4063 ﬁdunt,
1082 4014 1150 4053 ne
1173 3998 1443 4069 quidpiam
1472 4000 1796 4070 praeteriisse
1824 3998 2040 4052 videan-

465 4100 565 4142 tur.
588 4089 861 4158 Siquidem
886 4089 1064 4143 oblata
1083 4090 1253 4143 solum
1277 4092 1560 4145 occasione
1580 4091 1805 4146 accessit
1827 4089 2040 4159 quando

466 4182 609 4234 venit
640 4180 728 4235 ille
775 4180 827 4233 in
869 4179 1143 4234 Caliltnam
1181 4198 1193 4233 :
1227 4180 1317 4249 qui
1357 4181 1402 4233 si
1432 4180 1719 4235 admodum
1760 4180 1832 4233 illi
1866 4178 2041 4232 credi-

464 4269 629 4325 disset
651 4311 668 4334 ,
700 4270 809 4324 ﬁlio
850 4271 900 4323 in
942 4271 1198 4325 extremis
1227 4272 1504 4326 laborante
1528 4312 1542 4337 ,
1587 4286 1691 4325 non
1720 4270 2042 4339 neglexisset

464 4361 519 4415 in
543 4361 785 4417 Judmam
824 4362 1027 4416 venire.
1056 4361 1207 4428 Quod
1236 4363 1277 4414 si
1305 4362 1545 4426 timebat,
1578 4376 1751 4430 neque
1793 4360 1921 4414 illud
1945 4376 2045 4414 ex-

430 4438 759 4507 cusandum
809 4460 944 4505 erat.
993 4451 1315 4505 Consideres
1367 4450 1551 4516 velim,
1600 4451 1686 4505 vel
1724 4450 1835 4519 ipsa
1884 4450 2041 4505 verba

465 4555 714 4612 quantam
754 4543 1126 4598 demonstrent
1172 4543 1270 4596 viri
1303 4541 1686 4597 inﬁrmitatem.
1718 4541 1848 4596 Cum
1880 4556 2042 4610 opor-

465 4634 649 4688 tuisset
673 4632 814 4688 enim
835 4674 849 4696 ,
883 4634 927 4686 si
959 4648 1061 4685 non
1091 4633 1233 4701 prius
1254 4671 1274 4692 .
1299 4632 1487 4686 saltem
1517 4642 1635 4700 post
1663 4631 2042 4701 reprehensam

466 4725 623 4779 animi
665 4725 747 4778 sui
774 4725 1123 4788 sententiam,
1151 4740 1399 4794 magnum
1428 4724 1698 4793 quidpiam
1726 4724 1793 4778 de
1828 4724 2043 4777 Christo

466 4820 698 4889 etigitare
718 4858 734 4883 ,
760 4800 882 4871 addi
912 4816 1178 4885 quomodo
1207 4817 1380 4871 adhuc
1411 4818 1555 4870 humi
1586 4826 1787 4885 serpat.
1814 4815 1903 4870 i9.
1941 4814 2043 4867 De-

470 4911 662 4973 scende,
705 4910 899 4979 inquit,
926 4910 1219 4978 priusquam
1250 4910 1496 4962 moriatur
1532 4908 1669 4977 ﬁlius
1709 4926 1867 4973 meus,
1895 4908 2045 4977 quasi

470 5015 571 5054 non
619 5008 804 5070 posset
828 5009 1100 5055 mortuum
1133 5000 1393 5053 suscitare
1415 5041 1430 5063 ,
1462 5009 1514 5053 et
1542 5001 1692 5069 quasi
1727 5016 1831 5053 non
1864 5006 2046 5052 nosset

469 5105 569 5159 quo
613 5100 753 5145 statu
798 5105 936 5160 puer
973 5098 1133 5145 esset.
1184 5091 1307 5144 ltleo
1338 5091 1487 5145 illum
1514 5092 1785 5159 coarguit,
1818 5098 1873 5144 et
1915 5106 2046 5145 con-

469 5186 745 5239 scientiam
788 5186 1099 5255 perstringit
1123 5227 1137 5247 ,
1171 5185 1462 5239 ostendens
1491 5186 1637 5253 signa
1666 5187 1857 5240 animm
1884 5200 2048 5239 causa

472 5279 701 5333 maxime
727 5278 835 5333 edi.
872 5278 969 5333 llic
1007 5278 1148 5332 enim
1179 5293 1282 5331 non
1311 5278 1486 5331 minus
1518 5288 1720 5345 patrem
1763 5277 1941 5329 animo
1968 5276 2047 5329 la-

473 5368 746 5425 borantem
769 5379 945 5431 curat,
976 5384 1134 5437 quam
1169 5368 1333 5421 ﬁlium
1360 5385 1374 5432 ;
1405 5376 1462 5420 ut
1490 5366 1642 5419 nobis
1673 5365 1911 5431 suadeat,
1942 5381 2048 5418 non

473 5470 578 5515 tam
623 5462 791 5531 signis
813 5502 831 5528 ,
872 5476 1029 5531 quam
1062 5460 1316 5516 doctrinae
1345 5460 1460 5529 ejus
1487 5457 1865 5513 attendendum
1907 5472 2048 5512 esse.

544 5613 619 5674 (α)
653 5613 730 5662 sic
759 5614 922 5662 omnia
953 5611 1253 5674 exemplaria
1278 5612 1477 5661 habent.
1494 5611 1583 5661 Sed
1614 5611 1847 5660 memoria
1876 5608 2055 5660 labitur

472 5672 868 5785 (cmmostomus:
895 5686 1004 5723 nam
1038 5672 1141 5723 haec
1166 5688 1261 5724 non
1283 5674 1410 5737 apud
1445 5681 1641 5736 Lucam,
1673 5674 1761 5723 sed
1783 5676 1908 5736 apud
1931 5680 2050 5722 uar-

505 5747 530 5780 u
569 5752 580 5780 t
620 5749 750 5797 egon
772 5751 846 5791 ur,

1398 335 1465 391 IN
1500 333 1811 392 JOANNEM
1849 329 2078 388 llOMlL.
2120 327 2334 385 XXXV.
2376 333 2446 388 al.
2489 330 2729 389 XXXIV.

3616 333 3720 390 2οὲ

2142 440 2302 510 Signa
2329 442 2528 512 quippe
2577 460 2682 501 non
2714 444 2961 502 ﬁdelibus
2986 485 3002 509 ,
3029 444 3125 502 sed
3154 445 3459 503 inﬁdelibus
3485 455 3541 502 et
3574 460 3724 502 cras-

2136 533 2367 587 sioribus
2395 547 2578 604 parata
2597 548 2742 593 sunt.

2215 625 2268 678 5.
2310 625 2460 681 Tunc
2500 627 2589 682 ille
2616 636 2840 684 mmstns
2866 643 2971 683 non
3002 630 3226 684 multum
3269 628 3427 684 dictis
3466 627 3713 685 attende;

2137 719 2250 787 bat,
2276 720 2378 793 nisi
2410 718 2475 773 iis
2518 734 2638 787 qua:
2683 718 2750 773 ad
2782 719 2946 773 filium
2977 721 3311 788 spectabant.
3355 720 3545 775 Postea
3590 735 3719 775 vero

2135 812 2224 867 illa
2274 811 2330 864 in
2370 819 2604 863 mentem
2648 820 3000 865 revocaturus
3038 818 3187 876 erat,
3227 820 3387 881 atque
3435 811 3556 865 hinc
3605 826 3720 864 ma-

2119 904 2300 971 ‘gtmm
2345 911 2773 969 consequuturus
2822 900 3065 955 lucrum:
3098 902 3240 970 quod
3279 911 3333 955 et
3369 903 3568 961 evenit.
3616 900 3723 956 Cur

2137 1001 2315 1047 autem
2356 991 2603 1046 Christus
2631 991 2929 1046 centurioni
2973 1006 3031 1046 se
3060 991 3201 1046 ultro
3238 991 3432 1046 obtulit
3476 993 3671 1047 iturum
3704 1011 3720 1049 :

2137 1083 2225 1139 hic
2251 1094 2428 1138 autem
2458 1099 2526 1138 ne
2554 1093 2768 1153 rogatus
2798 1084 3013 1154 quidem
3045 1083 3069 1136 τ
3111 1084 3242 1150 Quia
3272 1084 3353 1143 ibi
3374 1085 3711 1154 ﬁdesperfe-

2138 1186 2223 1229 cla
2249 1184 2385 1229 erat.
2417 1175 2542 1229 ldeo
2571 1190 2630 1230 se
2661 1176 2855 1230 iturum
2879 1176 3109 1241 obtulit,
3155 1187 3212 1231 ut
3251 1179 3347 1231 viri
3398 1180 3718 1247 probitatem

2138 1266 2500 1320 edisceremus
2549 1284 2561 1320 :
2605 1275 2661 1319 at
2710 1266 2925 1336 regulus
2967 1266 3142 1321 adhuc
3191 1268 3534 1338 imperfectus
3581 1281 3720 1326 erat.

2137 1357 2269 1422 Quia
2297 1371 2424 1425 ergo
2450 1356 2735 1410 admodum
2779 1356 3012 1411 instabat
3039 1357 3250 1421 dicens,
3287 1357 3572 1427 Descende,
3596 1376 3724 1417 nec-

2137 1446 2265 1501 dum
2316 1447 2518 1501 sciebat
2565 1449 2737 1518 ipsum
2781 1448 2865 1501 vel
2897 1449 3172 1504 absentem
3205 1464 3361 1519 posse
3407 1466 3637 1517 sanare;
3669 1453 3718 1507 id

2137 1551 2197 1591 se
2228 1553 2386 1605 posse
2416 1539 2685 1605 ostendit;
2720 1548 2776 1593 ut
2813 1554 2971 1608 quam
3003 1555 3098 1607 per
3125 1554 3183 1593 se
3208 1542 3449 1595 centurio
3479 1544 3718 1598 notitiam

2138 1628 2387 1694 habebat,
2416 1644 2533 1682 eam
2560 1630 2773 1698 regulus
2799 1644 2903 1682 non
2931 1630 3220 1686 accedente
3243 1631 3372 1686 Jesu
3394 1633 3715 1702 acquirerct.

2135 1716 2269 1772 Cum
2298 1719 2474 1786 itaque
2500 1718 2648 1783 dicit,
2678 1717 2799 1772 Nisi
2822 1721 2968 1791 signa
2998 1729 3043 1772 et
3082 1721 3315 1791 prodigia
3340 1723 3585 1789 videritis,
3610 1741 3711 1778 non

2136 1812 2338 1865 creditis
2361 1852 2376 1878 ,
2410 1810 2513 1865 hoc
2554 1812 2849 1880 significat,
2881 1815 3193 1882 congruenti
3241 1814 3344 1869 ﬁde
3371 1815 3606 1870 nondum
3634 1818 3720 1871 in-

2144 1904 2334 1957 structi
2372 1904 2502 1957 estis
2534 1919 2548 1969 ;
2584 1904 2677 1958 sed
2708 1904 2883 1958 adhuc
2924 1920 3012 1958 me
3041 1914 3100 1959 ut
3132 1906 3442 1975 prophetam
3491 1907 3716 1963 habetis.

2141 1994 2273 2060 Quis
2301 2008 2430 2062 ergo
2457 1992 2571 2061 ipse
2594 1994 2662 2046 sit
2689 1994 2972 2060 revelans,
3000 2005 3056 2049 et
3094 1997 3383 2051 ostendens
3414 1976 3583 2051 etiam
3605 1999 3722 2054 sine

2138 2084 2413 2138 miraculis
2434 2084 2533 2137 sibi
2562 2083 2891 2139 credendum
2918 2098 3059 2152 esse,
3091 2085 3278 2140 eadem
3310 2087 3418 2154 ipsa
3450 2103 3568 2157 qua:
3594 2088 3719 2141 Phi-

2139 2176 2287 2245 lippo
2313 2175 2447 2230 dixit
2483 2197 2495 2229 :
2528 2174 2650 2230 Non
2696 2176 2860 2231 credis
2903 2177 3022 2247 quia
3064 2194 3154 2247 ego
3190 2181 3243 2231 in
3272 2177 3461 2244 Patre,
3490 2189 3537 2233 et
3567 2178 3721 2234 Pater

2137 2268 2189 2320 in
2220 2283 2299 2320 me
2328 2277 2400 2320 est
2430 2267 2455 2319 ?
2500 2266 2612 2321 Etsi
2640 2267 2763 2320 mihi
2790 2284 2893 2320 non
2920 2267 3068 2321 cultis
3098 2268 3317 2332 credere,
3348 2271 3581 2338 operibus
3609 2286 3721 2324 cre-

2137 2359 2240 2412 dite
2269 2357 2464 2430 (Joan.
2494 2359 2580 2413 14.
2616 2358 2740 2430 l0).
2774 2358 2897 2412 .Iam
2922 2369 3091 2414 autem
3116 2376 3175 2414 eo
3219 2360 3566 2423 descendente,
3594 2363 3721 2416 servi

2137 2459 2463 2504 occurrerunt
2509 2450 2555 2503 ei
2600 2451 2858 2516 dicentes,
2905 2451 3024 2520 quia
3063 2451 3205 2519 ﬁlius
3234 2452 3342 2519 ejus
3378 2454 3583 2507 viveret.
3628 2452 3718 2509 52.

2139 2542 2493 2613 Interrogabat
2519 2559 2639 2611 ergo
2669 2543 2846 2596 harant
2872 2542 2936 2596 ab
2956 2543 3045 2600 eis.
3070 2542 3120 2596 in
3145 2559 3243 2612 qua
3270 2543 3447 2596 melius
3467 2544 3719 2597 habuerit.

2139 2633 2210 2688 Et
2255 2634 2489 2688 dixerunt
2528 2634 2597 2698 ei,
2644 2634 2779 2702 Quia
2806 2634 2914 2687 heri
2957 2634 3083 2686 hora
3112 2637 3327 2700 septima
3364 2632 3564 2700 reliquit
3608 2649 3723 2687 eum

2140 2725 2314 2796 febris.
2350 2726 2436 2781 53.
2469 2724 2712 2796 Cognovit
2751 2741 2872 2795 ergo
2910 2734 3073 2796 pater,
3112 2725 3229 2794 quia
3250 2724 3341 2778 illa
3364 2724 3489 2777 hora
3515 2734 3640 2788 erat,
3667 2726 3723 2780 in

2138 2834 2239 2888 qua
2255 2817 2381 2871 dixit
2402 2818 2445 2870 ei
2464 2816 2501 2870 J
2504 2834 2638 2883 esus,
2658 2817 2792 2886 quod
2807 2817 2944 2885 ﬁlius
2959 2817 3067 2886 ejus
3079 2817 3276 2871 viveret.
3289 2814 3350 2867 Et
3365 2815 3573 2868 credidit
3594 2816 3722 2884 ipse,

2138 2918 2187 2961 et
2217 2908 2396 2961 domus
2420 2908 2531 2977 ejus
2558 2916 2679 2961 tota.
2711 2907 2900 2962 Viden’
2921 2923 3026 2976 quo
3055 2916 3208 2975 pacto
3232 2905 3544 2961 miraculum
3573 2906 3724 2959 evul-

2139 3010 2320 3072 gatum
2347 3001 2463 3054 sit?
2488 2999 2669 3070 Neque
2700 3000 2906 3069 vulgari
2944 2999 3103 3053 modo
3140 3014 3169 3053 a
3199 2998 3439 3068 periculo
3469 2997 3722 3052 liberatus

2140 3101 2255 3157 est,
2303 3092 2396 3146 sed
2436 3092 2755 3157 confestim,
2790 3093 2857 3144 ita
2890 3099 2948 3145 ut
2975 3091 3175 3160 liqueat
3202 3106 3316 3153 rem
3345 3105 3449 3145 noo
3479 3105 3547 3143 ex
3580 3101 3724 3143 natu-

2140 3183 2238 3236 rali
2285 3183 2445 3247 serie,
2492 3183 2586 3237 sed
2638 3199 2702 3236 ex
2747 3182 2941 3236 Christi
2973 3182 3284 3250 operatione
3333 3180 3528 3236 factam
3578 3196 3720 3237 esse.

2138 3274 2270 3329 Nam
2300 3290 2419 3329 cum
2450 3274 2515 3329 ad
2546 3276 2657 3343 ipsa
2703 3275 2890 3327 mortis
2926 3273 3107 3327 limina
3136 3273 3492 3342 pervenisset,
3536 3281 3593 3327 ttt
3631 3272 3725 3327 de-

2140 3366 2362 3421 claravit
2390 3374 2542 3435 pater
2567 3365 2650 3418 his
2675 3366 2874 3429 verbis,
2910 3363 3188 3428 Descende,
3216 3365 3509 3435 priusquam
3536 3365 3723 3417 moria-

2143 3466 2226 3509 tur
2267 3457 2405 3521 ﬁh’us
2451 3471 2621 3520 meus,
2654 3455 2832 3509 subito
2861 3470 2925 3508 ex
2972 3453 3162 3507 morbo
3189 3465 3405 3522 ereptus
3445 3462 3530 3507 est
3561 3470 3575 3508 :
3603 3468 3724 3523 quae

2141 3560 2231 3601 res
2271 3551 2431 3600 etiam
2476 3559 2660 3599 servos
2690 3546 2959 3600 excitavit.
2994 3545 3147 3599 Servi
3175 3545 3317 3597 enim
3364 3544 3589 3599 fortasse
3616 3561 3721 3600 non

2143 3646 2202 3690 ut
2232 3635 2522 3690 nuntiaturi
2570 3645 2798 3701 tantum,
2829 3636 2923 3690 sed
2964 3645 3021 3690 ut
3046 3635 3373 3705 superfluum
3400 3636 3595 3691 Christi
3626 3638 3724 3692 sd-

2143 3737 2358 3782 vcntum
2407 3738 2674 3796 putantes,
2706 3727 2916 3782 obviam
2959 3736 3240 3782 venerunt.
3287 3728 3536 3784 Sciebant
3580 3731 3723 3785 cnim

2145 3819 2316 3888 ipsum
2338 3818 2447 3888 jam
2474 3817 2602 3871 illuc
2621 3817 2913 3877 adventare
2938 3818 3113 3876 :unde
3141 3819 3328 3874 eodem
3359 3821 3547 3876 itinere
3573 3821 3722 3875 illum

2144 3916 2530 3963 convenerunt.
2576 3908 2819 3978 Regulus.
2840 3918 3017 3964 autem
3038 3949 3051 3973 ,
3086 3911 3259 3978 posito
3292 3912 3485 3966 timore
3510 3954 3525 3978 ,
3558 3911 3624 3965 ad
3656 3911 3725 3966 ﬁ—

2144 4000 2265 4053 dem
2295 3999 2541 4063 accedit,
2577 4008 2632 4051 ttt
2670 3998 2917 4053 ostendat
2947 4014 3013 4053 ex
3066 3998 3234 4065 ipsius
3260 3998 3590 4067 profectione
3615 4000 3721 4056 hoc

2144 4105 2279 4158 Opus
2318 4100 2597 4157 sequutum
2643 4104 2785 4155 esse,
2831 4103 2894 4142 ac
2942 4090 3159 4143 demum
3202 4089 3251 4142 id
3279 4089 3565 4159 diligenter
3593 4092 3719 4160 agit,

2144 4191 2204 4235 ut
2242 4196 2310 4235 ne
2339 4179 2580 4233 videatur
2606 4178 2777 4248 ipsum
2818 4178 3011 4233 frustra
3056 4178 3350 4248 profectum
3378 4196 3535 4248 esse;
3562 4198 3726 4252 quare

2146 4278 2394 4325 accurate
2433 4268 2609 4323 omnia
2641 4269 2957 4323 sciscitatur.
2993 4268 3063 4322 Et
3093 4270 3305 4323 credidit
3349 4272 3489 4339 ipse,
3537 4283 3583 4325 et
3630 4276 3727 4326 do-

2147 4379 2259 4416 mus
2303 4362 2414 4431 ejus
2458 4369 2579 4414 tota.
2633 4360 2768 4415 Nam
2813 4361 2940 4415 nulli
2992 4377 3214 4430 prorsus
3244 4362 3405 4417 dubio
3436 4363 3724 4419 obnoxium

2147 4462 2264 4507 erat
2307 4451 2689 4506 testimonium.
2719 4451 2819 4521 Qui
2849 4452 2990 4506 enim
3023 4467 3196 4521 neque
3225 4453 3526 4523 adfuerant,
3555 4470 3729 4525 neque

2148 4543 2417 4598 Christum
2446 4543 2744 4610 audierant,
2773 4559 2944 4615 neque
2976 4554 3182 4615 tempus
3213 4554 3493 4611 noverant,
3531 4547 3616 4601 ttbi
3661 4549 3730 4602 ab

2152 4637 2282 4689 hero
2311 4650 2410 4690 suo
2436 4635 2756 4696 didicerunt,
2785 4635 2923 4689 idem
2970 4637 3141 4706 ipsum
3182 4651 3304 4691 esse
3348 4647 3579 4707 tempus,
3611 4652 3728 4692 cer-

2153 4727 2408 4780 tissimam
2428 4726 2662 4781 habuere
2686 4726 2881 4780 Christi
2907 4727 3156 4796 potentia:
3177 4726 3689 4782 demonstrationem
3713 4743 3733 4794 ς

2152 4817 2273 4872 ideo
2297 4826 2353 4873 et
2385 4817 2483 4886 ipsi
2511 4816 2870 4872 crediderunt.

2224 4908 2363 4963 Deus
2382 4926 2495 4963 cum
2515 4910 2567 4962 in
2594 4912 2847 4980 prosperis
2871 4920 2977 4962 tum
2998 4913 3050 4964 in
3067 4911 3291 4964 aduersis
3311 4912 3597 4982 diligendus
3617 4921 3690 4965 est
3713 4926 3735 4965 .°

2154 5002 2282 5055 nihil
2316 5019 2408 5055 nos
2446 5002 2508 5055 ab
2537 5002 2635 5055 ista
2668 5003 2933 5057 dilectione
2957 5013 3177 5056 avertere
3199 5001 3569 5067 debet.——Qnid
3603 5016 3734 5071 ergo

2158 5109 2252 5163 per
2292 5095 2408 5148 hanc
2444 5094 2746 5148 docemur?
2772 5093 2846 5147 Ne
2878 5093 3128 5147 miracula
3148 5161 3152 5164 Q
3173 5102 3564 5159 exspectemus,
3596 5107 3739 5146 neve

2156 5185 2351 5239 divina:
2411 5186 2661 5253 potentiae
2710 5186 2928 5253 pignora
2985 5199 3311 5253 quaaramns.
3362 5180 3459 5234 llic
3505 5196 3736 5251 namque

2161 5277 2355 5330 multos
2383 5275 2538 5328 video
2557 5314 2571 5337 ,
2594 5275 2682 5344 qui
2710 5290 2830 5328 cum
2857 5274 2942 5327 vel
2975 5274 3086 5326 filio
3115 5273 3200 5326 vel
3233 5287 3397 5325 uxore
3422 5282 3735 5342 mgrotante.

2159 5366 2358 5436 aliquid
2403 5366 2576 5419 solatii
2604 5379 2859 5433 accepere
2880 5404 2894 5427 ,
2923 5364 3180 5431 majorem
3209 5377 3332 5432 erga
3365 5363 3528 5416 Deum
3562 5363 3736 5432 pieta-

2163 5465 2267 5509 tem
2296 5455 2678 5510 exhibuerunt.
2720 5452 2940 5506 Etiamsi
2973 5466 3098 5505 vero
3135 5464 3239 5505 non
3285 5453 3652 5515 exaudiamur,
3681 5453 3737 5505 in

2161 5545 2445 5614 gratiarum
2488 5543 2699 5596 actione
2724 5551 2773 5595 et
2800 5539 2954 5594 laude
2988 5555 3328 5609 perseverare
3357 5560 3452 5611 par
3478 5553 3581 5598 est.
3625 5542 3739 5597 Hoc

2162 5635 2357 5702 quippe
2406 5631 2638 5685 ﬁdelium
2685 5645 2963 5684 servorum
3012 5640 3132 5697 est,
3177 5632 3278 5687 hoc
3315 5634 3643 5702 diligentiam
3684 5642 3739 5687 et

2168 5726 2445 5779 Dominum
2476 5731 2532 5775 ut
2564 5736 2657 5790 par
2693 5730 2773 5777 cst
2796 5723 3103 5793 amantium,
3134 5737 3187 5780 ut
3217 5742 3318 5780 non
3343 5725 3497 5780 modo
3517 5725 3568 5777 in
3599 5732 3738 5776 tran-
