4104 6156
387 370 490 426 ⁸205

390 483 648 551 quillitate
667 519 681 544 ,
712 475 804 532 sed
832 473 994 529 etiam
1025 472 1077 525 in
1121 466 1374 522 mrun‘mis
1403 463 1467 516 ad
1497 461 1640 514 illum
1669 465 1970 510 accurrunt.

1089 358 1144 414 S.
1184 349 1460 412 JOANNlS
1485 344 1958 404 οιλιιιγευετολιι
1990 342 2311 399 ΑΒΕΠΙΕΡ.
2341 340 2873 399 CONSTANTINOP.

2070 454 2441 522 gravissimum
2467 452 2698 507 audieris
2728 469 2741 516 ;
2781 465 2953 521 neque
2987 453 3064 506 sic
3089 465 3117 504 a
3148 451 3258 506 Deo
3288 451 3534 508 laudibus
3561 470 3663 510 ce-

3557 343 3662 403 ΞΜ

391 543 514 629 (iure
555 571 751 642 quippe
777 575 901 621 sunt
930 564 1022 618 Dei
1054 557 1400 630 providentia:
1426 566 1586 622 opera
1613 569 1625 604 :
1661 549 1820 613 Quem
1846 547 1976 600 enim
2069 544 2326 600 lebrando
2348 545 2708 600 absistendum
2732 562 2744 607 ;
2769 543 2864 598 sed
2895 544 3070 597 omnia
3103 559 3200 611 pro
3227 544 3342 613 ejus
3371 545 3666 602 dilectione

390 665 554 735 diligit
575 635 876 724 heminas,
926 655 1181 723 castigat:
1213 646 1438 719 ﬂagellat
1478 652 1644 695 autem
1689 654 1884 691 onmem
1915 637 1979 704 [ξ-
2074 635 2315 691 ferenda.
2348 636 2458 689 lluc
2497 636 2668 688 ﬁdelis
2697 635 2867 698 servi,
2912 635 3014 689 hoc
3037 636 3334 689 constantis
3357 636 3520 690 animi
3548 646 3661 692 est.

393 728 550 816 lium,
591 766 736 820 quem
766 747 976 816 suscipit
1005 747 1022 814 (
1047 742 1200 796 Hebr.
1227 740 1314 793 1?...
1347 734 1438 805 6).
1479 733 1578 798 Qui
1619 741 1794 783 autem
1827 728 1975 820 illum

389 847 439 900 in
476 817 858 912 tranquillitate
901 837 1071 892 solum
1113 832 1270 892 colit,
1307 842 1410 881 non
1435 823 1568 877 tanti
1598 821 1795 873 amoris
1831 817 1978 884 signa

388 909 627 996 exhibet,
655 945 832 998 neque
863 942 993 997 pure
1021 924 1291 979 Christum
1323 925 1484 970 amat.
1521 911 1722 981 Ecquid
1770 909 1837 963 de
1882 924 1978 962 va-

391 1026 646 1088 letudine,
691 1022 760 1075 de
798 1021 987 1090 opibus
1029 1017 1236 1083 loquor,
1298 1010 1422 1080 quid
1470 1007 1536 1060 (10
1573 1009 1887 1073 patuerlate
1929 1006 1982 1052 et

392 1117 579 1172 morbo
603 1115 627 1167 ?
654 1113 802 1167 Licet
829 1111 975 1165 enim
1007 1107 1328 1176 gehennam,
1358 1101 1483 1155 licet
1525 1096 1669 1149 aliud
1707 1092 1979 1163 quidpiam

2071 729 2170 797 Qui
2203 729 2304 781 hoc
2338 728 2558 781 affectus
2592 727 2750 780 modo
2780 737 2883 788 est,
2926 735 2978 780 et
3007 728 3290 795 prtesentia
3319 726 3476 781 facile
3501 727 3662 782 susti-

2074 819 2254 882 nebit,
2304 826 2358 871 et
2406 819 2575 871 futura
2619 824 2976 885 consequetur
3021 817 3192 880 bona,
3224 827 3278 872 et
3322 819 3486 871 n'iulta
3527 817 3665 888 apud

2073 909 2234 962 Deum
2268 907 2455 961 ﬁducia
2495 909 2721 966 fruetur,
2756 922 2913 975 quam
2940 921 3036 960 nos
3068 922 3257 961 oniues
3291 907 3502 977 assequi
3532 923 3667 960 con-

2077 997 2264 1064 tingat,
2291 998 2456 1065 gratia
2483 1006 2538 1051 et
2559 997 2883 1065 benignitate
2917 996 3124 1050 Domini
3159 997 3324 1051 nostri
3350 997 3478 1053 Jesu
3505 997 3665 1052 Chri-

2077 1088 2167 1153 sti,
2197 1090 2282 1142 cui
2311 1089 2478 1159 gloria
2509 1089 2560 1141 in
2589 1088 2784 1143 smcula
2812 1088 3147 1142 saeculorum.
3183 1089 3374 1143 Amen.

401 1211 3658 1255 “MN—“ﬂ

1698 1271 2046 1334 HOMILIA
2087 1271 2388 1333 XXXVI.

393 1448 485 1504 54.
528 1444 638 1500 Hoc
661 1443 839 1496 iterum
863 1437 1142 1493 secundum
1167 1435 1373 1502 signant
1407 1426 1523 1498 fecit
1543 1423 1714 1485 Jesus,
1743 1435 1856 1472 cum
1886 1433 1971 1470 re-

469 1538 620 1590 nisset
651 1551 680 1586 a
717 1530 905 1585 Judwa
938 1531 992 1581 in
1019 1525 1306 1580 Galilwam.
1351 1517 1501 1592 (Cap.
1533 1516 1587 1584 5)
1618 1516 1672 1570 1.
1704 1511 1829 1565 Post
1869 1509 1975 1562 lucc

465 1635 572 1682 erat
601 1626 707 1678 dies
735 1625 889 1695 [estus
915 1618 1240 1680 ludworum,
1282 1622 1332 1666 et
1376 1608 1598 1664 ascendit
1633 1603 1784 1658 Jesus
1826 1599 1977 1655 lere-

582 1732 661 1768 ma
667 1731 712 1767 ιιι
721 1754 736 1768 .

582 1731 736 1768 mam.

465 1721 714 1862 :ﬁlyNihil
753 1804 805 1856 in
843 1799 1002 1854 sacris
1033 1794 1316 1864 Scripturis
1345 1791 1514 1846 leviter
1554 1783 1973 1858 praetereundum.

403 1900 610 1955 Piscina
639 1895 896 1965 probatica
937 1898 1262 1960 comparatur
1303 1900 1418 1938 cum
1445 1881 1706 1951 Baptismo
1736 1877 1879 1946 cujus
1916 1873 1981 1941 ﬁ-

395 2010 526 2065 gura
570 1999 692 2044 erat.
729 1987 924 2040 Monita
954 1983 1167 2036 moralia
1205 1975 1550 2032 dissertationi
1591 1973 1978 2025 iuterseruntur.

397 2059 940 2150 r—Quemadmodum
984 2075 1035 2127 in
1066 2071 1182 2125 auri
1225 2067 1451 2123 metallis
1490 2063 1664 2133 quivis
1695 2059 1874 2114 hacin
1919 2072 1979 2112 rc

402 2175 602 2243 peritus
648 2184 714 2223 nc
744 2168 1017 2220 minimam
1059 2159 1273 2232 quidem
1304 2170 1492 2211 venam
1537 2152 1853 2222 neglexerit,
1895 2157 1979 2201 ut-

401 2240 525 2334 pote
550 2276 670 2316 cum
691 2260 814 2312 hinc
841 2270 1044 2325 magna:
1079 2251 1282 2322 possint
1312 2247 1508 2302 hauriri
1539 2243 1734 2299 divitize
1773 2258 1785 2293 :
1822 2240 1902 2294 sic
1927 2247 1980 2293 et

402 2357 455 2410 in
493 2353 684 2408 divinis
709 2349 999 2418 Scripturis
1037 2360 1105 2399 ne
1131 2342 1344 2414 quidem
1377 2340 1484 2396 iota
1516 2351 1678 2392 unum
1708 2335 1788 2388 vel
1817 2347 1978 2386 unum

400 2448 605 2518 apicem
643 2445 759 2498 sine
799 2442 996 2495 damno
1040 2445 1460 2506 praetercurras;
1505 2429 1600 2484 sed
1641 2427 1816 2482 omnia
1860 2433 1981 2478 sunt

399 2537 746 2610 exploranda.
775 2535 905 2590 Nam
942 2549 970 2586 a
998 2532 1198 2601 Spiritu
1224 2537 1410 2583 sancto
1439 2528 1552 2580 inec
1577 2522 1752 2578 omnia
1779 2519 1980 2590 prolata

401 2608 525 2684 sunt
548 2670 563 2696 ,
597 2627 835 2694 nihilque
876 2624 947 2678 ibi
991 2632 1468 2692 supervacaneum.
1511 2614 1609 2668 Hic
1639 2625 1766 2665 vero
1803 2608 1981 2663 consi-

399 2723 530 2776 dera
579 2719 705 2790 quid
740 2717 884 2771 dicat
929 2713 1252 2783 evangelista
1285 2729 1298 2764 :
1336 2708 1450 2762 Hoc
1489 2708 1669 2760 iterum
1699 2701 1976 2757 secundant

399 2814 596 2881 signum
618 2809 736 2878 fecit
764 2806 934 2868 Iesus,
967 2820 1082 2858 cum
1106 2801 1315 2856 venisset
1344 2816 1376 2852 a
1400 2795 1586 2850 Judwa
1617 2795 1667 2847 iu
1693 2791 1978 2846 Galila’am.

403 2879 586 2968 Neque
615 2898 758 2952 enim
785 2894 1077 2950 Secundum
1101 2893 1215 2946 sine
1243 2903 1401 2944 causa
1430 2885 1631 2941 addidit
1655 2901 1669 2948 ;
1697 2881 1790 2936 sed
1811 2879 1984 2934 adhuc

403 2989 860 3044 Samaritanorum
885 2983 1195 3038 miraculum
1215 2978 1472 3043 celebrat,
1491 2973 1776 3029 ostendens
1801 2971 1899 3024 hos
1917 2985 1983 3026 ne

402 3090 521 3152 post
564 3080 788 3134 alterunt
818 3075 1028 3146 quidem
1078 3073 1287 3143 signum
1330 3069 1396 3124 ad
1443 3081 1560 3122 eam
1604 3062 1982 3119 sublimitatem

399 3173 699 3236 devenisse,
732 3169 798 3221 ad
823 3183 980 3236 quam
1013 3165 1342 3219 devenerant
1369 3160 1400 3214 ii
1440 3158 1532 3228 qui
1563 3155 1689 3210 nihil
1719 3153 1980 3208 viderant.

402 3263 529 3318 Post
569 3263 674 3314 lucc
704 3266 809 3313 erat
835 3259 1016 3329 festum
1043 3252 1364 3307 Judteorum.
1395 3248 1547 3318 Quod
1579 3243 1816 3300 festum?
1843 3243 1983 3297 Pen-

403 3363 652 3416 tecostes,
684 3358 742 3404 ut
769 3349 898 3403 mihi
928 3347 1152 3401 videtur.
1187 3344 1253 3397 Et
1277 3341 1502 3397 ascendit
1532 3338 1682 3392 Jesus
1718 3335 1983 3405 Jerosoly-

403 3465 559 3502 mam.
609 3445 936 3513 Frequenter
990 3441 1041 3494 in
1086 3434 1512 3492 solemnitatibus
1556 3429 1873 3486 versabatur
1927 3427 1980 3481 in

400 3541 652 3605 civitate,
697 3546 808 3590 tum
834 3542 891 3588 ut
935 3532 1207 3586 videretur
1235 3543 1354 3583 cum
1404 3526 1504 3580 illis
1547 3523 1738 3578 festum
1789 3536 1977 3591 agere,

403 3644 514 3686 tum
545 3639 603 3683 ut
645 3626 940 3695 simplicem
992 3619 1381 3675 multitudinem
1427 3614 1736 3670 attraheret.
1782 3612 1838 3666 ln
1880 3611 1982 3665 illis

402 3723 545 3776 enim
576 3720 804 3773 maxime
831 3715 1020 3770 diebus
1051 3715 1064 3743 ί
1093 3713 1128 3766 ii
1155 3711 1245 3781 qui
1275 3707 1597 3778 simpliciore
1627 3713 1779 3760 erant
1805 3703 1982 3756 animo

402 3810 811 3868 concurrebant.
852 3807 904 3860 9..
958 3803 1048 3858 Est
1106 3812 1271 3856 autem
1322 3797 1653 3867 Jerosofymis
1711 3794 1984 3848 Probatica

405 3903 618 3974 piscina,
663 3915 775 3970 qua:
813 3895 1196 3967 cognominatur
1238 3890 1484 3944 Hebraice
1510 3886 1807 3951 Betltsaida,
1839 3885 1986 3953 quin-

403 4012 501 4062 que
539 3993 758 4063 porticus
786 3989 992 4043 habens.
1025 3984 1090 4039 In
1132 3984 1209 4037 Itis
1241 3982 1447 4052 jacebat
1486 3977 1758 4032 multitudo
1800 3991 1985 4045 magna

403 4085 769 4158 languentium,
817 4095 1084 4143 raeorum,
1126 4074 1448 4136 dandorum,
1493 4071 1773 4133 aridorum,
1805 4081 1984 4136 exspe-

401 4177 643 4232 ctantium
685 4188 830 4245 aqute
866 4181 1076 4225 motum.
1122 4167 1253 4235 Quis
1295 4165 1380 4218 hic
1421 4161 1712 4218 curationis
1747 4158 1984 4213 modus?

403 4267 562 4339 quale
608 4264 918 4336 mysterium
961 4259 1329 4316 subindicatur
1368 4255 1392 4309 ?
1435 4252 1619 4323 Neque
1674 4251 1816 4305 enim
1870 4249 1985 4303 sine

403 4373 564 4414 causa
613 4356 727 4410 lucc
747 4355 941 4422 scripta
981 4360 1147 4415 sunt;
1186 4348 1281 4404 sed
1321 4346 1497 4400 futura
1539 4344 1692 4398 nobis
1735 4342 1885 4412 quasi
1931 4341 1984 4395 in

406 4454 573 4522 ﬁgura
598 4459 653 4504 et
681 4445 908 4515 imagine
927 4441 1217 4504 describit;
1243 4451 1309 4494 ne
1337 4438 1382 4492 si
1413 4453 1497 4491 res
1519 4434 1797 4504 stupenda,
1831 4435 1985 4488 inex-

403 4549 641 4612 spectata
685 4535 972 4598 accideret,
1000 4531 1302 4584 auditorum
1347 4526 1634 4580 multorum
1679 4523 1836 4578 ﬁdem
1885 4523 1985 4577 ali-

405 4638 672 4699 quatenus
718 4624 1082 4677 labefactaret.
1122 4618 1375 4685 Quzcnam
1422 4616 1581 4684 igitur
1625 4613 1739 4667 haec
1779 4612 1986 4666 descri-

409 4719 572 4790 ptio?
630 4715 889 4768 Futurum
947 4709 1209 4780 baptisma
1271 4706 1502 4762 dandum
1559 4715 1714 4770 erat,
1767 4704 1984 4773 plenum

409 4815 603 4868 virtute
627 4817 681 4862 et
699 4807 868 4876 gratia
900 4804 1148 4865 maxima,
1180 4801 1438 4870 baptisma
1459 4797 1601 4871 quod
1631 4806 1841 4868 peccata
1869 4811 1986 4850 om-

409 4905 495 4960 nia
541 4899 816 4960 ablueret,
847 4895 986 4965 quod
1022 4909 1089 4949 ex
1135 4891 1362 4947 mortuis
1393 4893 1538 4946 vivos
1569 4888 1834 4945 redderet.
1863 4887 1988 4942 Huic

404 5012 535 5067 ergo
566 5003 624 5048 ut
663 4991 715 5045 in
746 4987 976 5058 imagine
1005 4985 1361 5055 depinguntnr
1389 4984 1438 5038 in
1476 4981 1675 5052 piscina
1711 4991 1765 5035 et
1789 4981 1840 5033 in
1871 4977 1987 5033 aliis

406 5087 606 5142 multis.
639 5084 707 5138 Et
745 5081 915 5151 primo
953 5077 1167 5148 quidem
1207 5091 1397 5144 aquam
1424 5073 1602 5138 dedit,
1634 5087 1754 5142 quae
1793 5083 1988 5138 corpo-

405 5195 524 5236 rum
547 5175 781 5232 maculas
805 5171 1064 5234 ablueret,
1093 5167 1384 5234 sordesque
1412 5181 1514 5218 non
1537 5177 1710 5227 veras,
1736 5161 1828 5216 sed
1854 5159 1988 5214 tales

411 5269 746 5324 existimatas
773 5281 788 5329 ;
816 5281 882 5319 ex
911 5263 1098 5317 funere
1129 5273 1341 5328 nempe,
1371 5271 1436 5312 ex
1462 5258 1628 5325 lepra,
1655 5265 1707 5308 et
1736 5254 1939 5307 similes
1969 5269 1984 5307 ε

410 5359 682 5426 multaque
717 5357 897 5410 videre
937 5364 1021 5408 est
1052 5353 1240 5407 eadem
1282 5351 1349 5403 de
1389 5364 1548 5402 causa
1596 5350 1647 5400 in
1681 5346 1843 5400 veteri
1873 5346 1987 5413 lege

415 5463 512 5518 per
537 5460 726 5514 aquam
763 5445 1032 5499 mundata.
1060 5441 1168 5497 Sed
1207 5441 1272 5494 ad
1307 5439 1633 5509 propositum
1661 5437 1770 5505 jam
1801 5435 1988 5489 redea-

419 5549 564 5592 tuns.
599 5535 777 5589 Primo
811 5535 1009 5602 itaque,
1042 5541 1096 5587 ut
1135 5532 1388 5594 diximus,
1415 5543 1699 5598 corporum
1729 5527 1986 5590 maculas,
2045 5571 2055 5579 .

413 5625 608 5683 deinde
633 5617 1159 5676 variasinﬁrmitates
1197 5639 1290 5692 per
1315 5635 1506 5691 aquam
1546 5619 1678 5673 solvi
1711 5626 1882 5673 curat.
1920 5616 1988 5671 Ut

468 5758 497 5795 ιι
524 5755 693 5807 Morel.
717 5755 841 5818 legit
867 5791 880 5812 .
917 5751 1122 5804 maxime
1146 5751 1270 5803 enim
1291 5745 1339 5796 in
1359 5755 1703 5816 festiritatibus.

2081 1417 2223 1472 enim
2251 1434 2349 1473 nos
2378 1419 2516 1474 Deus
2543 1419 2609 1474 ad
2658 1418 2904 1489 baptismi
2933 1418 3154 1488 gratiam
3185 1419 3204 1452 ί
3234 1418 3452 1488 prapius
3502 1419 3662 1474 redu-

2081 1519 2250 1576 ceret,
2283 1525 2388 1563 non
2412 1510 2522 1578 jam
2553 1510 2786 1564 maculas
2821 1510 3016 1574 solum,
3046 1507 3140 1563 sed
3166 1517 3221 1563 et
3250 1509 3464 1564 morbos
3488 1519 3659 1565 sanat.

2083 1598 2343 1668 Imagines
2371 1599 2513 1652 enim
2551 1614 2669 1668 qum
2714 1599 2932 1668 prepius
2978 1597 3044 1651 ad
3081 1598 3353 1652 veritaten’i
3381 1599 3657 1663 accedunt,

2080 1697 2138 1743 ct
2167 1690 2217 1742 in
2245 1689 2563 1758 baptismate
2587 1698 2642 1744 et
2666 1689 2718 1742 in
2749 1689 2998 1758 passione
3027 1696 3082 1742 et
3104 1687 3156 1741 in
3186 1689 3304 1741 aliis
3336 1690 3502 1757 magis
3531 1703 3660 1742 cou«

2083 1778 2278 1847 spicua:
2305 1787 2447 1846 sunt,
2480 1793 2641 1848 quam
2669 1778 3008 1833 vetustiores.
3031 1777 3485 1846 Quemadmodum
3515 1779 3655 1834 enim

2085 1869 2175 1938 qui
2208 1884 2374 1937 prope
2420 1884 2599 1938 regem
2629 1877 2751 1923 sunt
2781 1869 3040 1922 satellites
3063 1907 3079 1933 ,
3129 1869 3503 1923 remotioribus
3540 1879 3662 1923 sunt

2087 1956 2457 2013 honoratiores
2489 1976 2501 2011 :
2528 1959 2596 2011 ita
2623 1968 2672 2013 et
2704 1959 2755 2012 in
2785 1957 2966 2026 ﬁguris
2991 1957 3185 2012 factum
3215 1967 3314 2011 est.
3349 1959 3414 2012 Et
3442 1960 3664 2030 angelus

2083 2049 2410 2103 descendens
2439 2048 2680 2102 turbabat
2707 2063 2896 2117 aquam
2918 2089 2932 2113 ,
2957 2055 3011 2101 et
3047 2048 3268 2102 sanandi
3301 2049 3410 2102 vim
3445 2049 3664 2104 indebat

2085 2137 2204 2206 ipsi,
2232 2149 2288 2192 ut
2316 2137 2580 2192 discerent
2625 2137 2814 2200 Judaei,
2857 2137 3162 2206 angelorum
3201 2137 3477 2191 Dominum
3497 2139 3665 2194 multo

2085 2231 2252 2300 magis
2279 2245 2434 2298 posse
2459 2231 2649 2284 anima:
2675 2231 2888 2284 morbos
2908 2245 3095 2285 onmes
3119 2244 3325 2284 curare.
3353 2230 3459 2285 Sed
3480 2247 3666 2300 quem-

2084 2319 2366 2374 admodum
2390 2321 2472 2376 hic
2488 2337 2746 2392 aquarum
2772 2331 2958 2376 natura
2981 2335 3084 2374 non
3102 2321 3663 2390 simplicitercurabat;

2081 2412 2314 2480 alioquin
2345 2412 2488 2466 enim
2533 2428 2746 2481 semper
2787 2411 2836 2466 id
2865 2410 3066 2466 faceret
3094 2426 3110 2475 ;
3138 2410 3230 2465 sed
3262 2412 3438 2481 angeli
3478 2428 3666 2481 opera-

2086 2503 2230 2557 tione
2259 2505 2278 2534 ³
2321 2503 2372 2557 id
2418 2503 2614 2558 ﬁebat:
2656 2503 2812 2558 sicin
2853 2502 3009 2557 nobis
3037 2517 3145 2557 non
3189 2517 3324 2572 aqua
3353 2503 3667 2573 simplicittr

2087 2603 2357 2662 operatur,
2398 2595 2492 2648 scd
2535 2603 2812 2663 postquam
2841 2593 3072 2662 Spiritus
3098 2595 3322 2663 gratiam
3355 2602 3620 2664 accept-rit
3644 2635 3660 2659 ,

2091 2692 2217 2739 tunc
2253 2685 2428 2739 on'mia
2475 2685 2634 2739 solvit
2661 2694 2896 2754 peccata.
2923 2684 3077 2738 Circa
3109 2684 3246 2738 hanc
3275 2687 3532 2754 piscinam
3568 2685 3665 2740 Ja-

2084 2774 2222 2828 cebat
2268 2776 2538 2830 multitudo
2586 2792 2771 2845 magna
2815 2775 3162 2843 inﬁrmorum,
3204 2791 3470 2842 arearum,
3518 2777 3662 2830 clau-

2086 2867 2301 2931 dor-um,
2349 2868 2644 2933 aridorum,
2694 2883 2842 2937 aqua:
2881 2876 3071 2920 malum
3099 2869 3513 2938 exspectantium.
3558 2867 3663 2924 Sed

2089 2969 2214 3014 tunc
2253 2961 2533 3015 inﬁrmitas
2579 2960 2960 3030 impedimento
2990 2968 3140 3027 erat,
3179 2960 3461 3030 quominus
3505 2962 3547 3016 is
3575 2963 3663 3032 qui

2086 3052 2247 3106 vellet
2266 3059 2579 3105 sanaretur:
2605 3067 2743 3106 nunc
2759 3059 2934 3106 autem
2961 3052 3323 3122 unusquisque
3345 3062 3661 3121 potestatem

2086 3143 2373 3199 accedendi
2424 3143 2600 3198 habet.
2639 3143 2754 3198 Non
2803 3146 2948 3197 enim
2978 3144 3196 3214 angelus
3227 3157 3308 3198 est
3338 3146 3427 3213 qui
3473 3160 3664 3215 aquam

2090 3244 2298 3297 movet,
2332 3233 2426 3288 scd
2455 3234 2765 3304 angelorum
2809 3234 3060 3288 Dominus
3105 3235 3283 3288 omnia
3326 3234 3508 3292 efﬁcit.
3554 3235 3664 3292 Nec

2087 3323 2264 3378 dicere
2293 3337 2596 3393 possumus,
2647 3324 2776 3377 Dum
2807 3339 2906 3394 ego
2947 3323 3146 3378 accedo
3171 3366 3186 3392 ,
3239 3326 3373 3378 alius
3411 3335 3534 3380 ante
3579 3342 3665 3381 me

2088 3413 2383 3468 descendit.
2434 3411 2539 3468 Sed
2584 3413 2628 3467 si
2675 3421 2816 3466 totus
2856 3413 3002 3467 orbis
3050 3415 3292 3481 venerit,
3334 3417 3502 3483 gratia
3558 3430 3663 3470 non

2088 3505 2437 3569 consumitur,
2472 3519 2644 3575 neque
2673 3507 2754 3560 vis
2781 3506 2863 3560 vel
2895 3506 3138 3574 Operatio
3165 3505 3361 3572 deﬁcit,
3402 3508 3496 3562 sed
3535 3523 3666 3562 sem-

2090 3612 2184 3665 per
2229 3596 2412 3651 eadem
2456 3606 2653 3650 manet.
2691 3598 2768 3651 Ac
2808 3595 3254 3666 quemadmodum
3298 3598 3501 3652 salares
3532 3599 3663 3653 radii

2089 3688 2326 3757 quotidie
2371 3688 2701 3751 illuminant,
2749 3702 2850 3740 nec
2881 3687 3266 3753 absumuntur,
3313 3704 3483 3758 neque
3522 3687 3663 3756 quod

2092 3780 2270 3834 multis
2295 3779 2783 3843 subministrentur,
2815 3778 2944 3832 lucis
2970 3778 3237 3848 quidpiam
3259 3779 3508 3833 amittunt
3531 3797 3542 3830 :
3565 3782 3664 3842 sic.

2091 3872 2198 3926 imo
2229 3873 2394 3925 multo
2422 3873 2595 3924 minus
2635 3869 2863 3939 Spiritus
2886 3870 3128 3938 operatio
3170 3871 3425 3924 minuitur
3459 3885 3488 3922 a
3527 3871 3668 3923 mul-

2093 3961 2318 4016 titudine
2344 3961 2736 4029 accipientium.
2770 3961 2881 4016 lloc
2911 3970 3088 4015 autem
3115 3961 3311 4015 factum
3334 3971 3435 4024 est,
3483 3971 3538 4015 ut
3577 3963 3668 4030 qui

2091 4053 2360 4108 discerent
2391 4053 2440 4106 in
2482 4068 2619 4123 aqua
2646 4052 2911 4107 curandos
2931 4067 3050 4107 esse
3083 4053 3324 4121 corporis
3354 4053 3588 4117 morbos,
3613 4063 3669 4107 et

2093 4145 2193 4200 hac
2242 4146 2294 4198 in
2336 4160 2393 4199 re
2431 4144 2523 4198 diu
2572 4145 2850 4198 exercitati
2890 4152 3096 4207 essent,
3145 4142 3348 4196 facilius
3385 4141 3670 4196 crederent

2093 4239 2252 4292 etiam
2299 4237 2518 4291 morbos
2549 4236 2711 4288 animi
2757 4249 2912 4305 posse
2939 4235 3134 4288 curari.
3171 4233 3276 4288 Cur
3303 4247 3462 4302 porro
3489 4232 3670 4288 missis

2092 4332 2299 4388 caneris
2327 4329 2574 4385 omnibus
2599 4328 2753 4383 Jesus
2794 4327 2860 4381 ad
2889 4342 3034 4392 eum,
3062 4325 3152 4395 qui
3186 4325 3398 4393 triginta
3431 4334 3552 4378 octo
3575 4340 3671 4378 au-

2094 4438 2189 4476 nos
2214 4421 2523 4492 a-grotabat,
2547 4418 2735 4476 venit?
2759 4433 2854 4472 cur
2884 4419 3190 4486 interrogat,
3237 4415 3319 4470 Vis
3337 4433 3492 4470 sanus
3517 4415 3672 4483 ﬁeri!

2092 4513 2206 4568 Non
2235 4524 2289 4568 ut
2331 4513 2382 4568 id
2415 4514 2645 4568 disceret
2676 4527 2691 4576 ;
2724 4509 2852 4563 illud
2877 4508 3019 4563 enim
3047 4521 3501 4577 supervacaneum
3538 4505 3672 4560 fuis-

2092 4613 2174 4659 set
2201 4621 2216 4668 ;
2257 4603 2352 4657 sed
2384 4611 2440 4656 ut
2480 4601 2637 4671 hujus
2666 4602 3113 4670 perseverantiam
3148 4597 3497 4664 ostenderet,
3530 4605 3584 4651 et
3619 4607 3675 4650 ut

2092 4693 2353 4747 sciremus
2392 4691 2513 4746 ideo
2539 4693 2734 4760 imum,
2762 4689 2972 4744 mitteris
2996 4687 3209 4742 omissis
3230 4730 3244 4754 ,
3273 4688 3412 4742 hunc
3449 4685 3670 4742 adiisse.

2093 4785 2228 4850 Quid
2275 4798 2405 4854 ergo
2447 4782 2688 4837 inﬁrmus
2714 4782 2737 4834 ?
2768 4780 3045 4849 Respondit
3087 4790 3129 4833 et
3177 4819 3190 4833 .
3238 4778 3472 4845 deine,
3505 4778 3673 4832 nanti-

2094 4894 2208 4932 nem
2243 4893 2342 4930 non
2370 4877 2528 4928 Italico
2559 4875 2612 4939 ³,
2655 4883 2707 4926 ut
2733 4889 2847 4928 cum
2877 4873 3079 4925 turbata
3125 4872 3275 4941 fuerit
3314 4887 3466 4943 aqua,
3508 4871 3673 4923 mittat

2094 4986 2174 5023 me
2196 4969 2247 5023 in
2287 4970 2531 5039 piscinam
2566 4982 2584 5022 :
2622 4967 2745 5020 dum
2772 4966 2914 5019 venio
2953 4964 3086 5016 enim
3111 4979 3200 5032 ego
3224 5004 3238 5025 ,
3281 4964 3412 5016 alius
3452 4973 3675 5015 anteme

2095 5063 2369 5116 descendit.
2419 5060 2541 5114 ldeo
2568 5057 2928 5127 interrogavit,
2971 5054 3056 5108 l’is
3096 5071 3250 5108 sanus
3285 5055 3442 5122 ﬁeri?
3480 5064 3534 5108 ut
3561 5053 3674 5107 lucc

2101 5156 2422 5209 ediscamus.
2449 5152 2631 5221 Neque
2659 5150 2826 5215 dixit,
2859 5147 2952 5202 Vis
2992 5157 3047 5200 ut
3094 5155 3144 5201 te
3172 5161 3353 5199 sanem
3383 5147 3406 5198 ἲ
3437 5145 3674 5198 nondmn

2095 5248 2238 5300 enim
2269 5253 2412 5298 tanta
2443 5243 2510 5297 de
2541 5243 2655 5311 ipso
2686 5239 2978 5295 habebatur
3006 5237 3185 5306 opinio
3214 5253 3230 5300 ;
3256 5235 3371 5299 sed,
3413 5233 3496 5286 γει
3513 5249 3669 5288 sanus

2096 5339 2207 5406 ﬁeri
2233 5338 2258 5392 7
2283 5333 2552 5405 Stupenda
2577 5347 2794 5402 prorsus
2825 5340 2906 5385 est
2931 5327 3202 5399 paralytici
3237 5324 3628 5395 perseverantia
3655 5343 3668 5380 :

2098 5443 2193 5497 per
2221 5429 2432 5497 triginta
2462 5436 2517 5480 et
2540 5433 2660 5479 octo
2685 5438 2878 5490 annos,
2905 5421 3030 5476 dum
3058 5425 3297 5487 speraret
3323 5415 3548 5485 singulis
3580 5431 3674 5470 an.

2162 5568 2176 5598 ¹
2213 5561 2354 5612 Savil.
2381 5562 2545 5617 habet,
2570 5557 2738 5619 ﬁdem,
2762 5569 2866 5619 pro,
2888 5554 3114 5619 gratiam.

2159 5629 2179 5658 ²
2219 5626 2266 5674 In
2293 5621 2455 5670 Morel.
2479 5615 2679 5680 legitur,
2703 5615 2788 5667 sed
2819 5615 3247 5680 altaeli_ttescettstt.
3314 5676 3323 5680 _
3432 5671 3440 5680 ,

2162 5689 2182 5719 ³
2216 5673 2356 5734 Sat-il.
2384 5686 2454 5731 sie
2478 5673 2624 5729 habet
2651 5673 2805 5738 {Quid
2832 5673 2946 5741 ergo
2968 5675 3088 5726 ille?
3118 5679 3287 5734 Etiam,
3311 5673 3482 5736 inquit,
3526 5673 3686 5722 Domi-

2101 5761 2186 5808 πα
2213 5748 2298 5798 sed
2323 5746 2556 5796 hominem
2580 5753 2673 5791 non
2696 5741 2862 5791 habeo.
