4104 6156
332 342 339 345 -
394 302 493 359 903

390 413 473 469 nis
524 414 595 468 ab
638 409 955 483 egritudine
1001 409 1238 479 liberari,
1283 410 1512 476 mansit,
1557 424 1658 465 nec
1698 408 1963 466 discessit.

395 504 613 559 Etiamsi
641 502 787 558 enim
814 516 921 557 non
967 501 1236 572 praeterita
1257 543 1275 570 ,
1302 516 1480 556 annon
1507 499 1682 555 futura
1723 509 1973 570 poterant

393 597 535 651 illum
565 608 594 648 a
638 594 758 649 loco
794 590 1058 649 abducere
1078 634 1091 655 ,
1119 591 1219 647 nisi
1247 592 1665 663 patientissimus
1691 591 1916 648 fuisset’
1946 592 1971 647 ?

392 686 571 756 Cogita
602 685 744 740 enim
773 698 896 740 cum
917 693 1109 755 quanta
1129 698 1255 738 cura
1291 683 1471 738 caeteri
1506 683 1635 754 aegri
1669 681 1970 753 vigilarent.

393 778 571 846 Neque
614 791 756 831 emm
789 783 999 844 tempus
1024 789 1129 844 quo
1165 774 1411 844 agitanda
1439 781 1558 830 erat
1581 789 1715 844 aqua
1740 814 1757 837 ,
1787 781 1970 829 notum

392 877 555 932 erat;
612 866 707 922 sed
758 866 974 932 claudi,
1026 876 1081 921 et
1127 866 1293 920 mutili
1337 866 1623 921 observare
1682 874 1968 936 poterant;

392 959 515 1012 ccci
547 972 675 1012 vero
703 957 972 1029 quomodo
1001 956 1282 1024 vidissent,
1308 957 1409 1012 nisi
1450 955 1678 1013 fortasse
1718 972 1786 1014 ex
1824 964 1971 1011 motu

392 1048 726 1103 didicissent.
1424 1036 1435 1043 ’

459 1139 513 1193 2.
560 1139 945 1193 Erubescamus
992 1152 1161 1208 ergo,
1207 1137 1617 1203 erubescamus,
1662 1138 1875 1206 dilecti,
1919 1148 1973 1194 et

396 1232 665 1300 lugeamus
697 1230 767 1284 de
805 1239 982 1283 nostra
1020 1239 1160 1283 tanta
1190 1230 1435 1299 segnitie.
1479 1230 1569 1285 Ille
1608 1231 1820 1301 triginta
1850 1239 1973 1285 octo

394 1323 546 1376 annis
569 1322 946 1393 perseveravit,
970 1335 1070 1376 nec
1088 1321 1231 1391 quod
1254 1321 1462 1377 volebat
1480 1333 1778 1393 acceperat,
1801 1338 1975 1394 neque

395 1422 568 1466 tamen
593 1413 837 1467 discessit
860 1430 873 1465 :
897 1426 1071 1481 neque
1094 1426 1164 1467 ex
1187 1412 1509 1483 negligentia
1535 1428 1628 1468 sua
1656 1428 1761 1469 non
1784 1428 1974 1470 conse-

395 1514 587 1574 quutus
623 1514 739 1567 est;
780 1504 873 1559 sed
912 1504 1029 1558 aliis
1058 1503 1467 1574 impedientibus
1494 1505 1706 1576 vimque
1747 1520 1971 1577 passus;

397 1609 567 1663 neque
596 1604 772 1648 tamen
804 1602 1083 1662 propterea
1110 1593 1344 1648 animum
1372 1593 1659 1665 despondit
1684 1613 1698 1649 :
1724 1610 1824 1652 nos
1846 1611 1975 1652 vero

396 1686 439 1739 si
469 1686 650 1740 decem
682 1684 866 1739 diebus
901 1700 1302 1755 perseveremus
1330 1700 1429 1757 pro
1453 1702 1511 1743 re
1539 1687 1712 1758 aliqua
1747 1702 1974 1758 precan-

396 1785 508 1842 tes,
542 1792 639 1830 nec
671 1776 1048 1846 impetremus,
1075 1776 1269 1832 deinde
1296 1784 1569 1848 torpemus
1592 1779 1643 1833 in
1667 1779 1854 1835 eodem
1883 1779 1978 1834 ad-

397 1871 626 1925 bibendo
652 1870 849 1925 studio.
890 1869 957 1925 Et
984 1870 1073 1941 qui
1103 1869 1407 1927 hominibus
1436 1880 1542 1926 tam
1573 1872 1820 1927 diuturno
1844 1882 1978 1927 tem-

397 1977 528 2030 pore
567 1962 864 2025 luet-emus,
909 1960 1197 2016 militantes
1221 2003 1237 2029 ,
1279 1962 1333 2017 in
1373 1962 1627 2018 aerumnis
1662 1973 1973 2028 versantes,

396 2052 607 2106 servilia
635 2052 923 2107 ministeria
953 2062 1295 2119 exercentes,
1326 2062 1380 2109 et
1405 2054 1456 2108 in
1486 2053 1592 2109 ﬁne
1617 2070 1760 2125 sirpe
1786 2055 1855 2110 ab
1890 2055 1975 2110 illa

396 2158 493 2212 spe
520 2143 880 2209 concidimus;
911 2145 1047 2213 apud
1077 2144 1359 2200 Dominum
1381 2155 1620 2200 nostrum
1641 2149 1686 2213 ',
1711 2148 1797 2203 ubi
1820 2148 1978 2218 lenge

398 2236 569 2305 tttajur
594 2250 801 2291 merces
830 2237 1099 2307 sequitur,
1128 2253 1285 2307 quam
1315 2237 1424 2294 sint
1448 2240 1546 2309 ipsi
1578 2239 1785 2295 labores
1813 2258 1825 2293 :
1854 2257 1975 2295 nam

397 2327 550 2397 Spes,
579 2329 740 2398 inquit
760 2369 774 2390 ,
803 2345 902 2382 non
927 2329 1194 2400 confundit
1216 2328 1391 2400 (Rom.
1414 2331 1463 2386 5.
1496 2331 1590 2401 5);
1619 2346 1739 2385 cum
1765 2345 1849 2395 eo,
1873 2347 1979 2401 quo

396 2435 494 2488 par
513 2428 655 2473 esset
676 2419 851 2473 studio
873 2434 1214 2490 perseverare
1238 2437 1340 2476 non
1364 2422 1707 2478 sustinemus.
1734 2422 1798 2477 Et
1819 2438 1979 2493 quan-

395 2521 452 2565 to
483 2526 584 2565 non
611 2511 871 2581 supplicio
897 2512 1009 2566 hare
1028 2512 1184 2584 d'gna
1214 2510 1448 2568 fuerint?
1468 2512 1598 2567 Nam
1619 2514 1826 2568 etiamsi
1850 2514 1981 2568 nihil

391 2603 667 2671 accepturi
700 2617 940 2658 essemus
963 2642 979 2667 ,
1010 2604 1094 2658 vel
1135 2603 1236 2658 hoc
1280 2604 1453 2674 ipsum
1496 2604 1637 2675 quod
1674 2604 1982 2675 frequenter

393 2693 791 2763 alloqueremur
824 2708 945 2747 eum
970 2735 984 2759 ,
1016 2708 1191 2748 annon
1232 2693 1383 2750 bonis
1421 2694 1714 2750 innumeris
1748 2697 1983 2766 aequipa-

395 2785 621 2839 randum
647 2783 955 2841 esset?Sed
985 2787 1221 2857 precatio
1248 2786 1513 2841 laboriosa
1541 2795 1595 2842 et
1619 2786 1832 2842 assidua
1861 2802 1982 2842 es.~e

392 2877 597 2931 debet?
643 2878 842 2947 Ecquid
887 2878 939 2932 in
969 2878 1164 2934 virtute
1205 2895 1309 2933 non
1355 2879 1678 2935 laboriosum
1723 2880 1843 2934 est?
1887 2879 1981 2935 Vel

393 2967 503 3022 hoc
531 2968 726 3038 ipsum,
750 2968 976 3039 inquies,
1001 2969 1153 3024 valde
1179 2970 1393 3025 anxium
1416 2970 1609 3037 reddit,
1629 2970 1771 3041 quod
1796 2970 1985 3041 nequi-

392 3061 526 3114 tiarn
551 3059 796 3128 voluptas
820 3100 835 3123 ,
866 3059 1108 3115 virtutem
1145 3061 1295 3115 labor
1329 3062 1613 3116 comitetur
1638 3078 1653 3120 :
1681 3062 1983 3131 multosque

387 3150 629 3204 arbitror
664 3150 890 3217 idipsum
921 3167 1181 3220 qumrere.
1214 3151 1468 3220 Qmenam
1511 3153 1671 3223 igitur
1710 3150 1870 3221 hujus
1905 3152 1982 3206 rei

386 3259 555 3297 causa
585 3252 668 3298 est
689 3242 745 3298 ³ἳ
773 3241 928 3297 Initio
956 3243 1102 3298 dedit
1130 3245 1283 3299 nobis
1312 3245 1451 3299 Deus
1480 3246 1639 3299 vitam
1669 3244 1983 3301 sollicitudi-

389 3349 459 3389 ne
501 3332 884 3403 laboribusque
925 3348 1141 3387 vacuam
1169 3351 1182 3387 :
1210 3332 1352 3387 dono
1379 3334 1529 3389 abusi
1570 3349 1788 3399 sumus;
1821 3344 1982 3404 atque

386 3441 456 3480 ex
503 3425 699 3479 inertia
741 3433 886 3480 tanto
924 3424 1095 3479 eversi
1136 3425 1275 3478 bono
1298 3467 1313 3490 ,
1342 3425 1646 3496 paradisum
1685 3428 1981 3482 amisimus.

388 3515 520 3570 Ideo
567 3515 887 3568 laboriosam
931 3513 1232 3567 hominibus
1263 3517 1420 3568 vitam
1452 3515 1718 3580 reddidit,
1748 3525 1803 3571 et
1841 3515 1981 3585 apud

385 3609 688 3660 bumauom
714 3621 882 3677 genus
907 3605 1007 3659 hoc
1034 3603 1147 3660 fere
1173 3605 1333 3660 modo
1358 3620 1479 3661 sese
1507 3614 1733 3676 purgat:
1759 3607 1985 3662 Delicias

382 3712 413 3749 a
446 3696 717 3765 principio
740 3695 863 3751 dedi
884 3696 1067 3761 vobis;
1093 3695 1188 3751 sed
1215 3712 1279 3750 ex
1306 3696 1523 3751 lenitate
1544 3712 1660 3751 mea
1687 3695 1985 3753 deteriores

381 3788 644 3842 evasistis
672 3805 687 3842 :
715 3787 834 3842 ideo
877 3788 1146 3842 laboribus
1185 3803 1279 3842 vos
1317 3786 1705 3857 sudoribusque
1732 3787 1908 3841 addixi
1937 3787 1981 3843 ⁸.

382 3877 524 3932 Cum
551 3887 734 3931 autem
763 3892 830 3930 ne
857 3878 942 3931 ille
963 3878 1175 3946 quidem
1203 3877 1353 3932 labor
1373 3891 1470 3931 vos
1490 3877 1786 3942 cohiberet,
1814 3878 1982 3948 legem

381 3983 583 4024 rursus
608 3967 753 4022 dedit
778 3978 1040 4037 prtecepta
1064 3969 1226 4024 multa
1251 3969 1732 4039 complectentem;
1755 3984 1851 4024 ceu
1873 3970 1986 4024 cui-

378 4059 511 4113 dam
545 4058 811 4113 indomito
833 4073 970 4129 equo
995 4060 1198 4113 frenum
1228 4070 1283 4115 et
1310 4058 1619 4129 compedes,
1651 4069 1708 4113 ut
1732 4059 1848 4130 ejus
1880 4060 1984 4114 im-

379 4165 575 4218 p.-mm
607 4159 886 4211 coerceat;
912 4149 988 4204 sic
1014 4149 1207 4202 iaciunt
1233 4165 1491 4218 equorum
1519 4150 1830 4204 domitores.
1863 4149 1985 4205 Ideo

379 4252 491 4293 νιιει
522 4240 793 4293 laboriosa
818 4240 1049 4292 instituta
1071 4249 1172 4301 est,
1191 4242 1312 4310 quia
1333 4242 1500 4296 otium
1521 4257 1620 4295 nos
1641 4257 1985 4311 eorrumpere

376 4337 549 4387 solet.
601 4332 798 4386 Natura
826 4332 1021 4401 quippe
1052 4341 1231 4386 nostra
1273 4332 1534 4387 desidiam
1579 4348 1683 4386 non
1723 4331 1859 4397 fert,
1891 4332 1985 4387 sed

380 4427 549 4481 facile
583 4424 654 4477 ad
689 4425 813 4477 vitia
848 4423 1103 4479 deﬂectit.
1148 4424 1410 4478 Pouamus
1438 4425 1580 4477 enim
1630 4423 1943 4492 temperanti
1968 4463 1983 4488 ,

378 4531 437 4573 ut
471 4537 584 4575 nec
610 4520 744 4572 alias
772 4518 995 4571 virtutes
1017 4518 1309 4578 exercenti.
1341 4518 1542 4570 milium
1569 4531 1691 4572 esse
1714 4518 1984 4581 laborem;

380 4612 479 4665 sed
526 4608 930 4667 dormientibus
971 4608 1147 4661 omnia
1179 4607 1379 4676 optime
1416 4609 1610 4663 cedere
1644 4625 1656 4661 :
1696 4622 1803 4677 quo
1832 4619 1987 4676 paeto

379 4702 485 4757 bac
535 4715 759 4756 utemur
801 4699 1165 4771 indulgentia?
1206 4715 1382 4755 nonne
1421 4700 1485 4754 ad
1531 4702 1885 4771 arrogantiam
1932 4711 1987 4754 et

378 4795 705 4865 Superbiam
727 4793 751 4844 ?

458 4887 651 4952 Quare
678 4884 948 4953 nequitiam
976 4883 1227 4950 voluptas,
1257 4882 1484 4935 virtutem
1514 4882 1655 4935 labor
1682 4883 1984 4946 comitetur;

379 4980 538 5032 Iubar
568 4987 645 5031 est
671 4975 964 5028 attributum
989 4974 1181 5027 virtutis
1207 4972 1599 5027 constitutivum.
1637 4971 1857 5026 Desidia:
1878 4989 1984 5024 ma-

377 5072 513 5124 lum.
556 5067 822 5136 Nequitia:
850 5068 1081 5135 voluptas
1111 5066 1297 5127 brevis;
1327 5063 1523 5117 uirtutis
1550 5061 1833 5116 immortale
1860 5078 1989 5131 gau-

448 5188 466 5216 ι
508 5180 759 5232 posthaec
781 5174 1055 5234 verba,m'si
1077 5173 1445 5235 patiemissimus
1459 5172 1639 5235 fuisset,
1654 5173 1704 5221 in
1725 5187 1811 5223 sua
1837 5174 1988 5224 inter-

378 5244 685 5311 pretatione
705 5238 871 5311 adjicit
996 5233 1227 5311 Aretinus
1250 5251 1261 5284 :
1282 5233 1542 5311 omnium!
1562 5233 1844 5311 incredibile
1881 5243 1985 5311 («ut

378 5295 614 5360 ῖιειῑσσιοδ
639 5295 842 5363 ωψόιυε
871 5298 1083 5363 priorem
1104 5297 1242 5363 illum
1275 5295 1465 5363 ingredi
1489 5295 1787 5346 dimissuros.
1820 5298 1910 5345 sed
1936 5304 1982 5345 tu

380 5359 547 5418 nullis
572 5359 769 5416 Grafcis
801 5359 1169 5418 exetnplaribus
1192 5361 1295 5408 haec
1318 5359 1675 5417 exprimuntur.

444 5433 469 5460 ³
506 5424 689 5476 Morel.
715 5424 882 5477 habet,
906 5420 1284 5475 misericordem,
1311 5434 1412 5481 pro,
1437 5424 1666 5481 uostrwu.

444 5494 469 5525 ³
508 5485 688 5538 Morel.
726 5485 855 5532 hunc
879 5482 1034 5533 locum
1056 5483 1127 5529 sic
1150 5478 1370 5529 ell'ertf...
1396 5486 1615 5528 virtutem
1634 5478 1767 5527 labor
1791 5478 1983 5527 comitc-

376 5562 481 5605 μιν.
522 5560 718 5599 rerum
739 5543 1020 5595 solutionem
1053 5543 1254 5604 accipe:
1283 5542 1419 5605 illum
1449 5541 1594 5596 enim,
1619 5539 1980 5605 vestrtefarita-

458 5598 666 5671 gratim
691 5620 818 5655 nunc
843 5605 1076 5656 dubious.
1103 5598 1327 5671 «ptumum:
1349 5601 1495 5664 igitur
1520 5615 1664 5671 causa
1685 5610 1754 5671 est
1780 5598 1801 5648 ξ’

445 5662 484 5709 i'
507 5671 693 5722 Mtvl'el.
722 5670 967 5717 liabet.....
995 5667 1222 5715 suasistis.
1262 5662 1423 5723 Itaque
1447 5666 1571 5725 quod
1604 5662 1811 5712 restabat
1844 5663 1935 5724 feci
1964 5673 1981 5711 .'

377 5732 716 5788 circuitidedi
743 5743 815 5779 ιὐο
842 5726 1080 5777 ίιιὸοΓί-νηςς
1103 5735 1145 5776 et
1165 5725 1436 5774 sudorith

734 5826 1004 5904 Puncta
1040 5824 1155 5885 Gn.
1207 5823 1362 5882 LIX.

1372 295 1439 352 IN
1475 294 1787 353 JOANNESI
1827 293 2056 351 IIOMIL.
2099 293 2338 350 XXXVI.
2379 295 2453 351 al.
2489 295 2704 352 XXXV.

3550 299 3656 355 9.οσ

2076 409 2239 464 dium.
2265 438 2338 451 —
2359 408 2463 466 Sed
2488 425 2605 479 cur,
2635 391 2865 482 inquies,
2891 416 3040 466 tanta
3066 409 3307 480 voluptas
3336 411 3622 481 nequitiam
3638 453 3657 475 ,

2078 510 2256 556 tantus
2299 500 2452 556 labor
2497 511 2552 557 et
2594 502 2758 558 sudor
2798 502 3048 559 virtutem
3100 501 3424 575 comitatur?
3478 501 3658 574 Ecqua

2078 590 2170 647 tibi
2196 591 2364 662 gratia
2393 591 2634 648 habenda
2663 600 2844 659 esset,
2873 601 2930 649 et
2954 592 3109 664 cujus
3136 592 3215 648 rei
3239 591 3539 648 mercedem
3566 607 3658 648 ae-

2077 682 2318 752 clperes,
2368 685 2467 739 nisi
2518 685 2780 741 laboriosa
2827 686 2999 742 virtus
3049 685 3232 741 esset?
3273 683 3467 739 Multos
3514 683 3659 740 enim

2079 774 2311 829 indicare
2353 776 2581 842 possim,
2621 776 2709 846 qui
2750 785 2936 832 natura
2975 789 3071 831 sua
3113 776 3397 846 mulierum
3438 773 3659 830 horrent

2077 866 2514 921 consuetudinem
2535 908 2547 930 ,
2582 868 2921 938 ipsarumque
2942 867 3203 939 colloquia
3231 882 3330 923 ceu
3358 882 3473 923 rem
3499 881 3657 922 exse-

2078 956 2329 1009 rrandam
2369 956 2642 1013 devitant:
2669 957 2869 1024 hosne,
2907 972 3121 1028 quaeso,
3158 968 3335 1014 castos
3371 956 3662 1027 appellabi-

2080 1059 2235 1111 mus,
2282 1054 2376 1101 aut
2413 1048 2789 1104 coronabimus
2838 1047 3370 1119 celebrabimusque?
3418 1047 3658 1103 Minime.

2077 1136 2305 1191 Castitas
2330 1137 2472 1192 enim
2502 1147 2585 1193 est
2613 1139 2960 1209 temperantia
2989 1149 3043 1195 et
3072 1153 3243 1210 pugna
3269 1138 3335 1193 ad
3359 1138 3661 1208 voluptates

2076 1229 2425 1297 superandas.
2466 1231 2523 1286 In
2568 1231 2720 1286 bellis
2757 1247 2917 1301 porro
2940 1272 2956 1299 ,
2988 1232 3076 1284 ubi
3109 1230 3506 1286 vehementiora
3536 1239 3663 1285 sunt

2078 1322 2371 1376 certamina
2398 1363 2413 1389 ,
2460 1324 2529 1376 ibi
2578 1332 2775 1393 tropma
2820 1324 3179 1393 splendidiora
3232 1343 3245 1376 :
3288 1338 3442 1379 secus
3487 1339 3655 1391 vero,

2079 1410 2293 1480 quando
2326 1427 2487 1467 nemo
2522 1414 2738 1469 resistit.
2771 1415 2909 1470 Sunt
2945 1415 3096 1469 nmlti
3136 1424 3322 1469 natura
3359 1415 3613 1471 socordes
3641 1434 3655 1470 :

2080 1499 2250 1556 hosne
2279 1512 2585 1558 mansuetos
2606 1502 2888 1559 dicemus?
2914 1503 3151 1561 Minime.
3182 1503 3384 1560 Idcirco
3411 1504 3659 1562 Christus

2084 1591 2250 1646 tribus
2279 1591 2565 1662 propositis
2601 1592 2964 1649 cunuchorum
3007 1594 3327 1665 generibus,
3354 1593 3491 1650 duos
3517 1596 3661 1649 ineo-

2080 1690 2299 1736 ronatos
2337 1681 2623 1753 relinquit,
2653 1699 2814 1738 unum
2855 1684 2907 1739 in
2949 1699 3172 1755 regnum
3216 1684 3419 1740 inducit
3441 1683 3659 1756 (Matth.

2081 1774 2169 1829 I9.
2200 1774 2311 1842 l2).
2342 1773 2477 1842 Sed,
2506 1774 2747 1845 inquies,
2775 1774 2902 1844 quid
2929 1788 3063 1845 opus
3089 1783 3169 1831 est
3198 1776 3436 1830 malitia?
3466 1775 3576 1831 IIoc
3604 1786 3662 1830 ct

2081 1880 2180 1936 ego
2217 1865 2358 1921 dico.
2400 1866 2593 1937 Ecquis
2631 1880 2761 1938 ergo
2800 1869 3050 1938 nequitiae
3088 1866 3305 1937 opifex?
3340 1867 3478 1937 Quid
3517 1867 3664 1923 aliud

2082 1972 2239 2026 quam
2269 1956 2475 2028 ignavia
2502 1972 2620 2027 qua:
2641 1973 2708 2012 ex
2736 1958 3008 2012 voluntate
3034 1956 3425 2027 proﬁciscitur?
3449 1959 3519 2013 At
3537 1998 3553 2023 ,
3581 1958 3665 2031 in-

2081 2050 2272 2119 quies,
2317 2048 2488 2105 bonos
2533 2058 2737 2104 tantum
2779 2064 2897 2106 esse
2941 2058 3232 2121 oporteret.
3277 2050 3482 2122 Ecquid
3523 2050 3667 2106 bono

2085 2141 2355 2212 proprium
2380 2182 2396 2208 ,
2426 2158 2492 2196 an
2522 2143 2883 2198 continentem
2914 2157 3035 2199 esse
3059 2155 3114 2199 et
3141 2143 3360 2215 vigilare
3381 2185 3396 2209 ,
3427 2158 3494 2198 an
3534 2143 3664 2198 dor-

2085 2233 2219 2287 mire
2248 2242 2301 2287 et
2339 2234 2604 2288 stertere?
2634 2234 2696 2288 Et
2725 2249 2823 2289 cur
2844 2276 2860 2303 ,
2895 2236 3102 2305 inquies
3125 2276 3141 2299 ,
3173 2249 3279 2289 non
3311 2235 3381 2290 ita
3411 2243 3667 2290 statutum

2084 2334 2166 2378 εει
2190 2366 2203 2385 .
2232 2334 2290 2378 ιιι
2329 2324 2446 2380 sine
2489 2324 2673 2380 labore
2712 2335 2857 2381 recte
2894 2325 3284 2395 operaremur?
3310 2325 3474 2395 Digna
3504 2327 3665 2380 verba

2087 2416 2366 2486 pecoribus
2409 2426 2568 2488 atque
2610 2418 2674 2473 iis
2714 2418 2802 2486 qui
2843 2429 3085 2474 ventrem
3127 2417 3287 2474 deum
3315 2416 3665 2473 arbitrantur.

2088 2508 2156 2564 Ut
2193 2510 2370 2564 discas
2410 2511 2551 2564 enim
2601 2510 2714 2564 haec
2742 2509 2901 2565 verba
2932 2510 3181 2565 inertium
3208 2524 3331 2565 esse
3352 2550 3369 2577 ,
3401 2510 3665 2579 respOnde

2088 2604 2238 2658 mihi.
2272 2604 2537 2660 Pouamus
2565 2618 2686 2659 esse
2715 2619 2890 2674 regem
2920 2612 2974 2658 et
2998 2602 3207 2667 ducem,
3236 2617 3362 2672 rege
3390 2617 3517 2657 vero
3543 2600 3667 2656 dor-

2089 2697 2285 2751 miente
2322 2706 2377 2752 et
2402 2696 2645 2752 ebrietati
2680 2710 2898 2767 operam
2927 2694 3120 2761 dante,
3152 2694 3341 2749 ducem
3367 2708 3560 2765 magno
3591 2695 3669 2748 la-

2089 2788 2219 2844 bore
2248 2798 2444 2858 tropma
2474 2788 2711 2844 erexisse
2743 2807 2758 2843 :
2785 2786 2870 2842 cui
2896 2786 3170 2841 victoriam
3198 2783 3524 2857 imputares?
3551 2797 3670 2840 uter

2090 2895 2189 2950 pro
2215 2896 2271 2934 re
2294 2890 2444 2950 gesta
2468 2879 2751 2949 voluptatis
2776 2877 3003 2934 fructum
3028 2875 3319 2948 decerpat?
3348 2874 3530 2931 Viden‘
3552 2876 3669 2929 aui-

2088 2988 2233 3026 mum
2263 2972 2403 3025 circa
2437 2970 2521 3024 illa
2553 2970 2718 3041 magis
2746 2969 2994 3025 allectum
3022 2982 3165 3035 esse,
3191 2982 3311 3038 quae
3338 2982 3460 3021 cum
3489 2966 3670 3020 labore

2089 3062 2332 3132 peperit?
2374 3061 2496 3117 Ideo
2533 3061 2622 3116 ille
2651 3060 2830 3115 virtuti
2870 3061 3081 3114 labores
3109 3056 3391 3113 admiscuit
3417 3099 3433 3120 ,
3464 3066 3519 3111 ut
3547 3056 3665 3110 ani-

2089 3171 2227 3209 mam
2259 3155 2437 3209 virtuti
2463 3153 2840 3209 assuefaceret.
2870 3153 3072 3208 Idcirco
3097 3152 3347 3205 virtutem
3375 3150 3632 3205 miramur
3650 3190 3665 3211 .

2089 3247 2213 3302 licet
2236 3247 2378 3300 illam
2401 3262 2506 3301 non
2530 3255 2822 3310 sectemur;
2854 3244 3139 3314 nequitiam
3164 3257 3311 3308 vero,
3335 3243 3433 3296 etsi
3461 3241 3660 3295 suavis-

2088 3337 2314 3404 simam,
2341 3337 2677 3391 damnamus.
2704 3334 2854 3402 Quod
2883 3335 2927 3388 si
2957 3332 3155 3389 dixeris
3183 3350 3196 3385 :
3224 3331 3332 3386 Cur
3359 3346 3465 3386 non
3499 3332 3672 3401 potius

2088 3445 2181 3485 eos
2211 3431 2467 3485 miramur
2492 3430 2579 3500 qui
2611 3438 2802 3483 natura
2832 3428 2954 3483 boni
2983 3435 3123 3491 sunt,
3152 3442 3311 3496 quam
3337 3440 3432 3481 eos
3459 3425 3546 3494 qui
3576 3440 3671 3476 vu-

2091 3520 2332 3575 luntate?
2357 3521 2481 3591 quia
2520 3520 2723 3590 justum
2760 3527 2843 3573 est
2888 3518 3215 3572 laborantem
3263 3531 3369 3571 non
3410 3514 3673 3573 laboranti

2088 3610 2376 3667 anteferre.
2419 3610 2487 3664 Et
2514 3624 2680 3680 quare
2702 3649 2720 3674 ,
2748 3608 2922 3678 inquis
2943 3649 2960 3674 ,
2993 3621 3136 3661 nunc
3166 3605 3502 3661 laboramus?
3537 3603 3670 3672 Quia

2090 3719 2196 3758 non
2237 3702 2539 3757 laborantes
2560 3742 2576 3768 ,
2612 3699 2889 3756 moderate
2927 3715 3030 3753 non
3068 3698 3291 3768 egimus.
3335 3694 3447 3749 Imo
3473 3710 3600 3750 vero
3627 3695 3670 3748 si

2088 3795 2209 3863 quis
2246 3808 2357 3848 rem
2385 3792 2686 3847 accuratius
2712 3790 2953 3861 exploret
2978 3831 2993 3855 ,
3024 3789 3132 3844 alio
3158 3787 3315 3843 modo
3343 3801 3440 3842 nos
3468 3786 3671 3841 desidia

2091 3886 2313 3957 perdere
2332 3886 2488 3950 solet,
2510 3885 2844 3954 multumque
2867 3883 3062 3938 laboris
3082 3880 3297 3937 inferre.
3321 3881 3387 3935 Et
3404 3879 3451 3935 si
3472 3880 3665 3950 placet,

2091 3977 2425 4033 iucludamus
2450 3975 2719 4032 hominem
2741 4017 2756 4043 ,
2782 3976 2952 4030 solmn
2979 3975 3183 4029 alamus
3202 4015 3216 4032 .
3244 3973 3553 4043 ventrisque
3575 3986 3667 4025 vo-

2092 4070 2292 4138 luptate
2329 4069 2616 4122 obruamus
2641 4107 2656 4133 ,
2684 4082 2782 4121 nec
2810 4066 3081 4120 ambulare
3103 4106 3118 4129 ,
3151 4078 3250 4119 nec
3285 4062 3499 4133 aliquod
3537 4077 3671 4131 opus

2090 4174 2342 4215 exercere
2366 4159 2638 4221 sinamus;
2671 4157 2764 4211 sed
2796 4170 2977 4209 mensa
3010 4153 3244 4217 fruatur,
3274 4153 3445 4217 lecto,
3478 4168 3670 4223 perpe-

2093 4252 2299 4319 tuisque
2337 4248 2542 4303 deliciis
2573 4267 2586 4303 :
2618 4247 2743 4317 quid
2783 4245 2883 4299 hac
2921 4245 3025 4299 vita
3069 4242 3426 4299 miserabilius
3469 4242 3673 4297 fuerit?

2093 4343 2162 4396 At
2189 4339 2331 4395 aliud
2359 4348 2440 4394 est
2464 4339 2674 4409 operari
2699 4379 2717 4404 ,
2748 4337 2952 4406 inquies
2974 4377 2989 4400 ,
3021 4333 3166 4389 aliud
3193 4333 3442 4389 laborare
3472 4351 3485 4387 :
3515 4343 3670 4402 pote-

2094 4444 2282 4504 ratque
2316 4432 2466 4486 initio
2497 4431 2656 4485 homo
2681 4431 2886 4498 operari
2915 4429 3031 4483 sine
3057 4428 3258 4482 labore.
3295 4427 3486 4481 Annon
3517 4434 3668 4495 pote-

2093 4526 2210 4579 rat?
2253 4524 2362 4577 lmo
2391 4532 2629 4592 poterat;
2672 4531 2723 4574 et
2769 4521 2838 4574 ita
2876 4519 3016 4573 Deus
3054 4517 3304 4582 volebat,
3335 4515 3431 4572 sed
3469 4524 3526 4571 tu
3563 4531 3669 4571 non

2093 4629 2281 4684 passus
2306 4629 2384 4669 es.
2412 4613 2609 4669 Statuit
2634 4613 2774 4667 enim
2805 4624 2855 4665 te
2882 4622 2930 4664 ut
2960 4609 3261 4680 paradisum
3286 4607 3512 4675 celeres,
3535 4622 3671 4676 opus

2094 4707 2183 4760 tibi
2216 4706 2460 4775 injunxit,
2483 4705 2576 4759 sed
2604 4704 2840 4759 laborem
2865 4718 2968 4756 non
2996 4700 3296 4756 admiscuit.
3324 4698 3505 4768 Neque
3524 4699 3666 4753 enim

2092 4800 2134 4853 si
2173 4798 2322 4852 initio
2356 4796 2646 4850 laborasset
2688 4794 2848 4849 homo
2872 4833 2886 4854 .
2917 4792 3019 4848 hoc
3055 4791 3128 4847 illi
3160 4792 3213 4846 in
3244 4806 3454 4861 poenam
3484 4801 3668 4860 postea

2092 4893 2383 4945 statuisset.
2428 4890 2612 4944 Potest
2648 4888 2789 4942 enim
2820 4886 2939 4956 quis
2966 4884 3121 4940 simul
3151 4893 3207 4941 et
3239 4883 3449 4953 operari
3479 4891 3533 4934 et
3562 4895 3669 4934 non

2095 4985 2357 5043 lalun-arc,
2389 4978 2836 5049 quemadmodum
2866 4976 3059 5046 angeli.
3086 4974 3239 5043 Quod
3265 4974 3406 5029 enim
3436 4986 3669 5041 operen-

2095 5087 2176 5128 tur
2193 5076 2311 5126 audi
2335 5091 2346 5124 :
2375 5073 2605 5125 Potentes
2627 5071 2823 5134 virtute,
2846 5070 3081 5139 facientes
3108 5064 3308 5117 verbum
3333 5063 3469 5115 illius
3491 5060 3508 5126 (
3524 5059 3666 5112 Paul.

2096 5168 2216 5223 Illi.
2243 5167 2313 5221 20
2336 5164 2377 5234 ).
2406 5164 2555 5218 Nunc
2581 5173 2726 5217 certe
2756 5161 2990 5214 minores
3022 5158 3158 5211 vires
3188 5167 3405 5224 gravem
3433 5151 3672 5206 efficiunt

2095 5262 2364 5319 laborent;
2397 5268 2521 5312 tunc
2560 5270 2685 5310 vero
2714 5268 2869 5309 secus
2909 5268 2995 5306 res
3032 5264 3093 5304 se
3131 5245 3379 5301 habebat.
3418 5241 3550 5298 Nam
3580 5243 3667 5312 qui

2094 5352 2364 5420 ingressus
2394 5360 2477 5401 est
2509 5349 2558 5400 iu
2593 5347 2828 5414 requiem
2860 5358 3032 5405 suam,
3064 5335 3340 5405 Requievil,
3372 5332 3540 5403 inquit
3560 5375 3573 5396 ,
3605 5335 3668 5386 ab

2092 5443 2322 5513 cperibus
2350 5442 2452 5495 suis
2483 5439 2501 5511 (
2530 5439 2684 5492 Hebr.
2715 5439 2766 5490 4.
2796 5437 2829 5488 4
2851 5432 2892 5505 ),
2923 5433 3059 5486 sicut
3082 5439 3137 5484 et
3163 5443 3191 5480 a
3221 5427 3330 5481 suis
3358 5426 3517 5479 Deus.
3551 5423 3666 5476 Non

2093 5535 2347 5588 desidiam
2379 5532 2464 5584 hic
2489 5529 2772 5597 significat,
2800 5524 2893 5577 sed
2921 5523 3155 5576 laborem
3186 5533 3290 5572 non
3322 5515 3504 5569 fuisse.
3535 5512 3665 5567 Nam

2096 5625 2233 5678 Deus
2259 5623 2417 5676 etiam
2458 5633 2597 5672 nunc
2624 5623 2871 5684 operatur
2892 5655 2905 5678 ,
2951 5622 3003 5665 ut
3040 5610 3284 5666 Christus
3311 5606 3438 5661 dicit
3466 5623 3479 5656 :
3513 5602 3666 5656 Pater

2098 5731 2231 5767 uicus
2261 5727 2411 5778 usque
2438 5708 2582 5761 modo
2610 5716 2863 5774 operatur.
2887 5715 2930 5756 et
2955 5720 3048 5776 ego
3070 5718 3244 5771 operor
3266 5699 3442 5763 (Imm.
3551 5694 3660 5759 Π).

3268 5796 3341 5854 13
