4104 6156
359 255 464 308 9.07
673 302 684 332 ἐ

360 371 693 438 Quapropter
721 371 870 428 rogo,
901 351 1117 421 depulsa
1145 346 1288 399 omni
1319 339 1546 401 desidia,
1574 338 1820 386 virtutem
1855 340 1939 379 se-

362 476 589 518 ctemur.
636 453 896 524 Nequitite
937 447 1079 502 enim
1127 442 1373 509 voluptas
1418 430 1596 488 brevis
1636 433 1757 488 est,
1789 420 1944 476 dolor

365 570 493 608 vero
525 554 811 620 perpetuus
843 559 856 592 :
884 535 1095 592 virtutis
1122 541 1306 587 contra
1332 519 1630 579 immortale
1659 511 1907 585 gaudium
1931 547 1944 569 ,

367 648 746 709 tenuioraneus
794 631 962 685 labor.
1015 625 1140 679 lltcc
1188 626 1311 674 ante
1353 624 1580 670 coronas
1629 611 1948 660 sectatorem

368 691 522 787 suum
553 726 704 795 erigit
725 764 742 790 ,
771 733 972 790 speque
1001 715 1130 778 alit;
1163 711 1249 765 illa
1275 712 1456 761 contra
1483 708 1606 753 ante
1633 691 1952 763 supplicium

371 822 596 885 cruciat,
626 811 1006 870 conscientiam
1031 809 1240 872 torquet
1265 813 1330 852 ex
1357 801 1626 865 gestorum
1655 781 1909 839 memoria
1937 819 1952 843 ,

372 873 660 979 omniaque
687 910 930 972 suspecta
959 895 1152 952 reddit.
1183 889 1339 959 Atqui
1369 887 1482 940 lure
1507 890 1636 952 quot
1661 873 1955 931 laboribus,

377 1014 508 1073 quot
551 961 834 1055 sudoribus
868 988 1134 1045 deteriora
1173 979 1334 1038 sunt?
1363 974 1513 1045 Quod
1544 972 1587 1027 si
1620 971 1701 1023 his
1727 961 1960 1034 depulsis

380 1056 626 1160 voluptas
657 1095 859 1140 tantum
900 1079 1149 1139 adesset,
1179 1071 1304 1142 quid
1333 1069 1421 1123 illa
1448 1061 1640 1118 vilius?
1667 1056 1856 1113 Statim
1886 1059 1964 1104 at-

386 1200 489 1253 que
518 1184 757 1250 apparet,
783 1171 979 1232 avolat,
1012 1162 1319 1226 marcescit,
1355 1157 1482 1226 fugit
1511 1162 1791 1218 antequam
1821 1156 1965 1198 com-

1053 219 1142 288 's.
1183 225 1458 287 JOANNIS
1494 205 1966 277 cnavsosront
2007 198 2319 262 AliCtllEP.
2347 187 2875 252 CONSTANTI‘NOP.

2052 289 2411 392 prehendatur
2439 329 2452 365 :
2480 310 2583 366 etsi
2611 304 2852 374 corporis
2869 340 2887 369 ,
2911 297 3012 354 etsi
3041 306 3270 354 menste.
3297 288 3397 344 etsi
3424 284 3636 340 divitia-

2053 427 2171 468 rum
2221 407 2548 476 voluptatem
2596 399 2836 460 dixeris.
2885 407 2991 447 non
3039 394 3215 443 cessat
3267 382 3353 437 illa
3400 378 3639 448 quotidie

1981 520 2001 526 ··
2055 512 2356 556 senescere.
2387 494 2520 549 Cum
2561 500 2737 544 autem
2770 485 2852 539 his
2881 483 3040 538 etiam
3071 475 3295 532 addatur
3320 468 3638 539 supplicium
3693 505 3695 508 ‹

2057 603 2111 647 et
2159 589 2458 648 cruciatus,
2486 580 2612 652 quid
2672 578 2777 632 illis
2834 569 3188 628 miserabilius
3228 562 3318 634 qui
3356 562 3523 631 ipsam
3553 575 3638 612 sc-

2059 680 2307 739 ctantur?
2339 678 2464 732 llaec
2493 689 2613 728 eum
2645 671 2896 732 sciamus,
2927 662 3103 716 omnia
3131 673 3231 728 pro
3258 656 3455 709 virtute
3485 639 3648 705 sustis

2065 785 2316 831 neamus;
2345 769 2423 822 sic
2452 764 2593 819 enim
2632 773 2757 814 vera
2789 756 3059 823 voluptate
3089 749 3327 803 fruemur
3351 786 3366 810 ,
3397 741 3563 812 gratia
3593 748 3649 793 et

2068 862 2390 933 benignitate
2417 855 2624 912 Domini
2656 848 2824 905 nostri
2851 847 2976 900 Jcsu
2999 841 3196 898 Christi
3219 881 3232 903 ,
3260 838 3473 908 quicum
3506 832 3648 885 Patri

2068 956 2256 1025 gloria,
2285 963 2496 1019 unaque
2525 951 2710 1000 sancto
2729 937 2977 1008 Spiritui,
3005 935 3059 989 in
3087 931 3279 988 stet-ala
3307 927 3648 982 seculorum.

2075 1053 2266 1103 Amen.

3527 172 3632 228 9⁸18

407 1251 2546 1313 ‘____________________——-——~—_____

1632 1348 1970 1417 HOMILIA
2011 1337 2350 1405 XXXVII.

394 1535 446 1586 ti.
494 1528 627 1583 Dicit
657 1527 698 1580 ei
723 1524 910 1578 Iesus:
943 1518 1028 1571 Vis
1050 1529 1206 1570 sanus
1235 1509 1344 1580 ﬁeri
1364 1507 1388 1560 ?
1409 1506 1460 1558 7.
1489 1496 1766 1568 Respondit
1791 1492 1834 1546 ei
1861 1491 1971 1544 lan-

466 1620 650 1691 guidus
675 1632 693 1670 .'
718 1615 920 1676 Etiam,
950 1607 1202 1669 Domine;
1233 1599 1320 1655 sed
1361 1594 1611 1650 hominem
1651 1602 1749 1641 non
1782 1582 1970 1647 habeo,

471 1724 520 1765 ut
549 1726 662 1763 cum
691 1705 887 1760 turbata
913 1700 1060 1770 fuerit
1087 1710 1240 1766 aqua,
1271 1690 1433 1744 mittat
1458 1699 1536 1738 me
1562 1683 1615 1735 in
1642 1678 1905 1749 piscinam.

478 1889 528 1942 1.
559 1884 826 1953 Scriptura
857 1893 1002 1934 sacra
1035 1871 1259 1928 omnium
1297 1863 1660 1920 medicinarum
1696 1854 1979 1908 thesaurus.

411 1943 691 2048 l’aralytici
718 1973 784 2026 ad
803 1969 1056 2042 piscinam
1081 1959 1290 2027 iacentis
1319 1953 1578 2026 patientia,
1607 1943 1865 2006 modestia,
1899 1955 1985 1995 sae

409 2033 546 2125 natio
569 2033 840 2120 inii-altilis.
877 2059 1020 2114 Alius
1050 2051 1356 2126 paralyticus
1390 2045 1470 2098 hic
1489 2082 1504 2108 ,
1530 2041 1663 2094 alias
1690 2035 1779 2090 ille
1800 2033 1863 2086 de
1889 2045 1988 2101 quo

411 2162 579 2232 agitur
606 2156 744 2227 apud
777 2121 1093 2206 Matt/neum.
1117 2141 1344 2198 Christus
1370 2141 1608 2206 quantum
1635 2133 1865 2182 accurate
1889 2121 1989 2175 mi-

413 2214 703 2306 riiculortim
727 2259 937 2301 suorum
969 2238 1119 2308 ﬁdem
1151 2234 1451 2288 adstrueret.
1477 2255 1547 2266 —
1577 2222 1818 2291 Magnum
1849 2214 1993 2271 Scri-

421 2355 692 2415 pturarum
721 2349 992 2393 sacrarum
1022 2331 1250 2389 lucrum,
1279 2323 1476 2377 utilitas
1505 2317 1784 2373 immensa,
1813 2317 1868 2363 ut
1898 2307 1994 2361 de-

419 2397 584 2488 ;larat
611 2429 804 2485 Paulus
831 2425 914 2479 his
935 2420 1114 2477 verbis
1140 2435 1153 2471 :
1185 2416 1518 2482 Quacumque
1548 2406 1736 2475 scripta
1764 2409 1899 2462 sunt,
1931 2397 1998 2450 ad

422 2534 644 2577 nostram
672 2515 952 2572 doctrinam
985 2510 1172 2578 scripta
1200 2513 1316 2559 sunt
1335 2542 1350 2568 ,
1378 2499 1445 2553 ad
1483 2512 1606 2567 quos
1635 2495 1759 2563 ﬁnes
1785 2487 1998 2546 sarculo-

423 2631 537 2668 rum
576 2613 876 2666 devenerunt
911 2621 929 2658 :
955 2613 1010 2656 ut
1055 2617 1143 2670 per
1186 2594 1478 2668 patientiam
1521 2599 1566 2644 et
1609 2583 2002 2641 consolationem

428 2705 812 2776 Scripturarum
847 2711 986 2766 spem
1025 2691 1294 2746 habeamus
1325 2683 1497 2757 (Rom.
1533 2681 1617 2736 15.
1647 2678 1725 2750 4).
1755 2672 2004 2732 Omnium

430 2797 571 2852 enim
599 2791 978 2847 medicinarum
1010 2785 1290 2839 thesaurus
1318 2777 1511 2833 divina:
1536 2771 1825 2840 Scriptura:
1851 2772 2004 2828 sunt;

434 2891 502 2942 ita
531 2895 587 2939 ut
610 2883 656 2939 si
681 2877 1034 2950 arrogantiam
1064 2874 1402 2940 exstinguere
1422 2879 1555 2935 opus
1570 2863 1658 2924 sit,
1687 2860 1731 2914 si
1758 2853 2011 2924 concupi-

434 2977 690 3035 scentiam
720 2972 909 3028 sedare
930 3010 945 3036 ,
978 2969 1020 3024 si
1049 2964 1392 3036 pecuniarum
1430 2968 1666 3011 amorem
1694 2949 1900 3006 calcare
1919 2987 1934 3012 ,
1967 2944 2011 2998 si

436 3068 677 3122 dolorem
709 3061 1006 3130 chpicurc,
1036 3056 1081 3110 si
1117 3054 1350 3107 animum
1381 3057 1657 3102 strenuum
1685 3050 1938 3101 statuere,
1968 3035 2013 3090 si

442 3159 744 3231 patientiam
783 3152 998 3206 ﬁrmare
1024 3165 1038 3203 :
1069 3147 1193 3200 hinc
1231 3156 1418 3196 ansam
1459 3150 1698 3206 magnam
1729 3131 1848 3202 quis
1881 3142 2014 3183 nan-

439 3253 692 3304 ciscatur.
723 3237 852 3311 Quis
872 3240 1017 3296 enim
1051 3237 1130 3292 vel
1160 3251 1224 3290 ex
1255 3233 1318 3287 iis
1338 3231 1424 3302 qtti
1452 3244 1571 3282 cum
1600 3231 1906 3296 paupertate
1927 3219 2017 3273 ditt

440 3343 836 3400 conccrtarunt,
865 3331 945 3386 vel
975 3326 1120 3400 gravi
1151 3323 1337 3380 morbo
1365 3319 1562 3376 detenti
1590 3324 1733 3378 sunt,
1765 3313 1862 3366 hac
1885 3310 2016 3367 lecta

441 3428 675 3486 clausula
703 3440 806 3481 non
832 3435 1017 3493 magna
1038 3418 1298 3474 afficiatur
1321 3408 1723 3468 consolatione?
1748 3405 1845 3460 llic
1868 3402 2022 3474 quip-

446 3537 512 3590 pe
541 3519 750 3589 triginta
779 3524 900 3571 octo
942 3513 1096 3567 annis
1130 3507 1456 3580 paralyticos
1475 3543 1489 3566 ,
1518 3498 1842 3570 singulisque
1870 3495 2023 3547 annis

446 3613 580 3665 alios
619 3607 805 3662 videns
843 3602 1199 3657 valetudinem
1242 3597 1495 3666 adeptos,
1528 3607 1586 3646 se
1624 3597 1799 3643 autem
1839 3581 2025 3638 morbo

448 3703 724 3755 detentum
749 3739 765 3764 ,
794 3711 898 3749 non
925 3693 1192 3753 concidit,
1224 3704 1394 3759 neque
1432 3685 1665 3739 animum
1693 3675 1975 3747 despondit
2010 3692 2022 3726 :

452 3793 550 3847 etsi
591 3787 978 3859 praeteritorum
1019 3796 1247 3846 mceror,
1279 3789 1334 3835 et
1365 3778 1662 3832 futurorum
1704 3765 2028 3837 exspectatio

452 3884 598 3938 onmi
621 3879 866 3946 adempta
890 3891 1004 3945 spe,
1033 3880 1251 3944 possent
1278 3869 1423 3922 illntn
1452 3876 1720 3933 torquere.
1747 3857 1884 3913 Audi
1904 3868 2030 3922 ergo

453 3980 580 4052 quid
610 3979 774 4042 dicat,
803 3983 854 4029 et
883 3987 993 4026 rem
1024 3967 1273 4036 tragicam
1309 3961 1504 4016 ediscc.
1537 3956 1669 4011 Cum
1698 3953 1837 4007 enim
1863 3948 2030 4003 dixis-

456 4035 539 4126 tiet
568 4068 813 4123 Christus
845 4081 857 4115 :
892 4060 929 4115 V
936 4062 978 4114 is
1006 4035 1159 4114 sanus
1186 4053 1333 4124 ﬁeri?
1359 4046 1629 4117 respondit
1659 4061 1670 4096 :
1705 4042 1893 4106 Etiam,
1923 4035 2034 4090 Do-

459 4161 626 4221 mine;
665 4155 753 4210 sed
784 4152 1035 4206 hominem
1078 4163 1175 4200 non
1207 4143 1362 4198 habeo
1382 4182 1395 4207 ,
1424 4149 1477 4191 ut
1503 4151 1616 4190 cum
1655 4131 1851 4186 turbata
1886 4125 2034 4197 fuerit

458 4267 609 4325 aqua,
639 4247 800 4302 mittat
829 4258 906 4296 me
931 4243 980 4294 in
1009 4239 1272 4309 piscinam.
1296 4230 1430 4298 Quid
1455 4229 1535 4282 his
1556 4223 1732 4280 verbis
1753 4214 2038 4274 miserius?

459 4341 584 4411 quid
626 4338 754 4408 ipsis
790 4336 947 4391 rebus
976 4323 1374 4386 calamitosius?
1405 4317 1589 4376 Viden’
1613 4314 1850 4369 animum
1878 4311 2038 4376 longo

463 4445 703 4502 tempore
743 4420 1082 4482 Confectum?
1113 4415 1286 4471 viden’
1313 4422 1674 4479 compressam
1713 4414 1767 4458 et
1801 4401 2036 4456 sedatam

465 4517 825 4578 iracutnliam?
867 4514 1045 4580 Neque
1082 4509 1220 4561 enim
1263 4502 1631 4570 hlasphetnum
1661 4492 1928 4564 quidpiam
1957 4491 2040 4544 lo-

464 4626 662 4684 quutus
690 4617 790 4667 est,
824 4603 995 4673 qualia
1029 4600 1079 4652 in
1106 4593 1357 4652 aerumnis
1377 4605 1406 4643 a
1435 4587 1616 4641 multis
1640 4584 1740 4638 dici
1764 4581 2038 4644 audimus;

467 4723 576 4762 non
606 4699 872 4758 maledixit
901 4695 1004 4750 dici
1034 4707 1142 4745 sua:
1169 4707 1181 4753 ;
1213 4701 1315 4739 non
1347 4681 1561 4751 indigne
1593 4678 1710 4732 tulit
1748 4677 2042 4742 interroga-

466 4799 704 4859 tionem,
744 4804 914 4861 neque
944 4787 1075 4843 dixit
1103 4801 1114 4832 :
1143 4783 1213 4840 Ut
1251 4793 1348 4834 nos
1374 4774 1678 4831 traduceres
1712 4776 1767 4823 et
1795 4764 2046 4820 irrideres

471 4888 696 4951 venisti,
728 4884 851 4940 dum
885 4881 1182 4944 interrogas
1201 4916 1215 4939 ,
1247 4887 1371 4925 num
1397 4867 1551 4922 velim
1578 4875 1740 4917 sanus
1769 4857 1879 4912 ﬁeri
1905 4869 1919 4920 ;
1952 4851 2045 4907 sed

472 4989 746 5039 mansuete
769 4988 819 5032 et
843 4973 1079 5029 tnodcstc
1101 4966 1385 5022 admodum
1410 4956 1700 5028 respondit,
1727 4951 1915 5012 Etiam,
1947 4945 2048 4998 Do-

469 5079 620 5130 mine.
665 5067 882 5126 Etiatnsi
931 5081 1034 5120 non
1073 5067 1255 5118 nosset
1292 5055 1411 5127 quis
1452 5053 1539 5106 ille
1577 5056 1718 5103 esset
1753 5043 1840 5113 qui
1878 5041 2047 5108 ipsum

473 5164 851 5234 interrogabat,
883 5160 1256 5228 ignoraretquc
1281 5162 1340 5204 se
1365 5146 1431 5201 ab
1460 5144 1550 5198 illo
1580 5137 1872 5195 sanandum
1903 5130 2048 5193 fore;

474 5269 707 5310 attamen
735 5254 924 5307 leniter
944 5245 1123 5302 omnia
1150 5247 1347 5300 narrat,
1377 5249 1476 5290 nec
1499 5229 1767 5302 quidpiam
1801 5219 2050 5294 postulat,

477 5356 534 5399 nt
557 5345 590 5398 ii
621 5342 710 5413 qui
740 5340 1004 5396 medicum
1035 5335 1393 5401 alloquuntur,
1425 5323 1517 5379 sed
1545 5317 1715 5375 morbi
1743 5315 1822 5370 sui
1852 5318 2054 5366 tantum

484 5395 1027 5498 ratiotiemexplicat.
1080 5395 1433 5490 Exspectabat
1475 5412 1700 5465 fortasse
1743 5404 1796 5458 id
1836 5395 2056 5456 subsidii

482 5525 762 5578 allaturum
792 5519 890 5587 ipsi
919 5515 1185 5570 Christum
1209 5524 1346 5571 esse,
1373 5517 1428 5561 ut
1457 5506 1507 5558 in
1538 5514 1726 5570 aquam
1748 5493 2052 5561 conjiceret,

487 5625 535 5669 rt
569 5613 712 5667 hisce
747 5609 921 5662 verbis
951 5605 1157 5658 volchat
1198 5604 1366 5673 ipsum
1407 5595 1470 5650 ad
1511 5608 1626 5648 eam
1668 5604 1778 5644 rem
1823 5583 2050 5638 allicere.

2081 1481 2215 1551 Quid
2264 1493 2390 1548 ergo
2433 1469 2720 1529 Christus?
2761 1467 2814 1541 [³
2850 1461 3149 1522 Ostendens
3185 1471 3244 1514 se
3282 1454 3442 1510 verbo
3479 1450 3659 1506 omnia

2085 1568 2285 1644 posse,]
2315 1570 2367 1625 8.
2401 1568 2584 1638 Surge,
2615 1563 2802 1632 inquit,
2832 1559 2951 1613 tolle
2977 1554 3269 1626 grabbatum
3299 1554 3460 1612 tuum,
3485 1555 3530 1599 et
3553 1561 3662 1598 am-

2085 1634 2225 1718 bula.
2247 1634 2483 1727 Quidam
2509 1634 2714 1726 vputant
2757 1651 2901 1706 hunc
2936 1645 3182 1702 eumdem
3222 1642 3392 1708 ipsum
3430 1650 3548 1692 esse
3576 1634 3667 1703 qui

2087 1753 2225 1826 apud
2252 1751 2558 1807 Matthteum
2584 1746 2749 1816 jacet.
2781 1743 2849 1796 At
2874 1755 2979 1794 non
3009 1745 3125 1802 est,
3158 1743 3214 1787 ut
3243 1729 3478 1802 pluribus
3507 1741 3664 1796 argu-

2092 1845 2284 1901 mentis
2312 1841 2728 1897 demonstratur.
2759 1832 2938 1887 Primo
2970 1826 3110 1898 quod
3150 1825 3236 1878 hic
3278 1820 3545 1876 neminem
3572 1819 3668 1869 ha-

2093 1937 2246 1991 beret
2270 1947 2330 1987 se
2357 1937 2632 1986 curantem
2659 1966 2673 1988 ,
2713 1922 2802 1978 ille
2837 1935 2964 1975 vero
3003 1917 3198 1972 multos
3226 1913 3312 1983 qui
3342 1927 3400 1966 se
3424 1915 3672 1963 curarent

2094 2035 2253 2095 atque
2287 2028 2557 2092 gestarent
2586 2034 2600 2069 :
2634 2015 2858 2083 ideoque
2891 2011 2974 2064 hic
3003 2006 3211 2062 dicebat
3233 2044 3246 2068 ,
3279 2000 3544 2054 Hominem
3575 2011 3674 2049 non

2096 2086 2507 2170 habeofDeinde
2533 2124 2598 2164 ex
2633 2102 2983 2174 r65ponsione
3009 2099 3189 2167 liquet.
3217 2093 3312 2148 ille
3343 2103 3571 2158 namque
3598 2086 3678 2139 ni-

2098 2207 2172 2262 hil
2222 2205 2484 2275 loquitur,
2523 2199 2610 2253 hic
2655 2194 2832 2252 omnia
2876 2192 2940 2246 ad
2985 2205 3044 2244 se
3082 2181 3373 2258 spectantia
3413 2185 3674 2234 recenset.

2101 2272 2370 2352 Tertio‘ex
2403 2302 2660 2361 tempore.
2693 2287 2790 2342 llic
2818 2284 2958 2340 enim
3003 2281 3054 2335 in
3095 2278 3229 2334 festo
3258 2283 3311 2330 et
3339 2272 3558 2329 sabbato
3592 2282 3681 2320 sa-

2105 2398 2259 2442 natus
2284 2393 2386 2448 est,
2411 2383 2500 2438 ille
2529 2383 2582 2436 in
2609 2380 2696 2434 die
2723 2377 2846 2430 alia.
2877 2374 3048 2428 Locus
3073 2380 3281 2438 quoque
3309 2363 3553 2418 diversos
3579 2367 3680 2412 est.

2105 2481 2236 2536 Nam
2264 2478 2354 2532 ille
2384 2473 2548 2537 domi,
2583 2472 2669 2525 hic
2695 2469 2762 2523 ad
2795 2465 3049 2537 piscinam
3077 2467 3312 2514 curatur.
3342 2451 3525 2507 Modus
3554 2464 3685 2518 quo-

2106 2586 2210 2642 que
2237 2565 2528 2623 curationis
2557 2562 2798 2617 diversus
2826 2566 2926 2612 est.
2964 2553 3075 2609 Illic
3103 2551 3244 2606 enim
3273 2546 3422 2609 dicit,
3455 2541 3581 2608 Fili,
3610 2557 3690 2593 re-

2109 2638 2374 2715 mittuntur
2403 2655 2491 2710 tibi
2529 2661 2734 2724 peccata
2762 2645 2974 2721 (Matth.
3004 2644 3056 2699 9.
3085 2641 3140 2711 2)
3165 2657 3180 2705 ;
3211 2638 3298 2692 hic
3334 2650 3462 2690 vero
3495 2645 3691 2700 corpus

2111 2753 2284 2824 primo
2313 2757 2486 2814 sanat,
2513 2752 2801 2816 posteaque
2827 2738 3056 2793 animam
3086 2740 3254 2788 curat.
3277 2727 3387 2782 Illic
3413 2723 3690 2784 remissio;

2114 2857 2236 2898 nam
2278 2840 2386 2905 ait,
2436 2837 2778 2891 Remittuntur
2824 2828 2911 2883 tibi
2955 2833 3199 2895 peccata;
3237 2820 3323 2873 hic
3358 2817 3614 2870 monitum
3641 2821 3692 2867 ct

2115 2931 2477 2994 comminatio,
2504 2936 2560 2981 ut
2589 2926 2688 2980 sibi
2715 2924 2765 2976 in
2795 2931 3066 2993 posterum
3092 2921 3297 2968 caveat.
3332 2908 3455 2963 Noli
3475 2905 3694 2975 amplius

2118 3039 2358 3095 peccare,
2390 3017 2594 3088 inquit,
2624 3031 2686 3068 ne
2714 3013 2800 3066 tibi
2825 3007 3018 3079 aliquid
3049 3004 3265 3059 deterius
3293 3000 3570 3067 contingat.
3599 2995 3695 3050 Ju—

2119 3114 2355 3169 dteorum
2391 3122 2602 3180 quoque
2641 3102 3004 3158 accusationes
3034 3096 3260 3151 diverste
3289 3099 3434 3146 sunt.
3464 3088 3561 3142 llic
3587 3101 3698 3138 rem

2123 3205 2174 3258 in
2202 3176 2424 3256 sabbato
2455 3199 2640 3250 lactant
2669 3199 2929 3261 arguunt,
2960 3187 3065 3242 illic
3091 3200 3211 3239 eum
3241 3176 3586 3248 hlaSphetnitc
3608 3189 3702 3228 ac-

2124 3302 2330 3350 cusant.
2355 3290 2433 3344 Tu
2456 3302 2583 3342 vero
2607 3284 2734 3338 tnilti
2755 3279 3060 3336 consideres
3084 3276 3350 3343 ingentem
3373 3268 3468 3323 Dei
3495 3266 3705 3335 sapien-

2127 3387 2276 3442 tiam.
2297 3382 2412 3437 Non
2445 3379 2585 3435 enim
2616 3375 2794 3430 statim
2825 3374 2995 3442 ipsum
3021 3364 3329 3427 suscitavit;
3355 3359 3447 3415 sed
3479 3359 3704 3429 primmn

2129 3471 2450 3531 sciscitando
2470 3469 2569 3524 sibi
2593 3465 2902 3520 familiarem
2923 3457 3114 3520 reddit,
3139 3463 3195 3510 ut
3216 3451 3336 3507 lidei
3363 3451 3499 3504 viam
3525 3455 3706 3516 paret:

2131 3579 2304 3635 neque
2329 3559 2489 3616 modo
2518 3557 2740 3613 suscitat
2763 3563 2816 3608 et
2843 3557 3028 3612 sonat;
3062 3545 3153 3600 sed
3183 3545 3342 3598 etiam
3370 3540 3520 3610 juhet
3543 3538 3707 3592 lectu-

2131 3657 2239 3711 lum
2281 3652 2499 3715 tollere,
2533 3659 2592 3703 ut
2624 3641 2883 3700 miraculo
2911 3639 3070 3693 ﬁdem
3105 3635 3360 3696 adderet,
3396 3646 3494 3686 nec
3535 3636 3710 3698 posset

2132 3744 2394 3816 quispiam
2434 3741 2547 3795 haec
2589 3736 2820 3808 speciem
2847 3741 2901 3787 et
2927 3729 3187 3784 fallaciam
3229 3734 3432 3780 tantum
3468 3735 3588 3776 esse
3616 3734 3711 3773 stt-

2136 3835 2352 3907 spicari.
2379 3831 2493 3888 Nisi
2536 3830 2679 3884 enim
2720 3823 2956 3880 membra
2993 3821 3142 3874 ﬁrma
3186 3815 3507 3880 robustaque
3534 3817 3712 3865 essent

2138 3928 2273 3982 facta
2299 3967 2314 3992 ,
2350 3938 2455 3979 non
2484 3928 2691 3992 poterat
2718 3917 2915 3972 lectum
2943 3912 3149 3966 tollere.
3182 3907 3294 3961 Hoc
3319 3920 3448 3958 vero
3475 3901 3715 3957 Christus

2138 4033 2280 4087 saepe
2302 4015 2444 4080 facit,
2473 4023 2530 4068 ut
2555 4009 2721 4081 magis
2747 4003 3129 4076 impudentium
3156 3996 3596 4054 calumniatorum
3623 4005 3715 4044 ora

2139 4110 2398 4164 obstruat.
2428 4103 2558 4158 Nam
2591 4101 2643 4155 in
2675 4112 2868 4169 panum
2899 4091 3168 4149 miraculis
3188 4130 3203 4156 ,
3231 4102 3300 4141 ne
3325 4096 3442 4155 quis
3477 4082 3716 4143 diceret,

2143 4200 2351 4256 turbam
2397 4203 2596 4257 tantam
2640 4191 2882 4247 satiatam
2924 4185 3127 4246 fuisse,
3159 4192 3378 4246 remque
3413 4174 3558 4229 illam
3599 4187 3720 4226 esse

2141 4289 2498 4363 phantasiam,
2528 4284 2731 4340 curavit
2759 4280 2848 4335 ille
2876 4285 2934 4332 ut
2963 4275 3141 4330 multa:
3181 4270 3598 4338 l‘ragmentortttn
3626 4277 3715 4317 re-

2144 4383 2320 4452 liquhe
2358 4383 2702 4448 superessent
2735 4390 2748 4425 :
2779 4371 2994 4440 leproso
3031 4373 3206 4419 autem
3251 4356 3507 4414 mundato
3541 4354 3672 4408 dicit
3705 4369 3718 4406 :

2155 4445 2314 4538 vade,
2338 4445 2543 4525 ostende
2571 4478 2621 4521 te
2642 4463 2890 4520 sacerdoti
2917 4458 3127 4531 (Matth.
3152 4454 3204 4510 8.
3235 4453 3291 4521 Δ)
3314 4469 3331 4518 ;
3367 4461 3423 4504 ut
3453 4445 3611 4503 simul
3631 4460 3724 4499 cu-

2149 4564 2370 4620 rationis
2413 4561 2615 4613 lirmam
2663 4554 2818 4608 tidem
2863 4550 3097 4612 faceret,
3136 4553 3190 4599 et
3228 4554 3414 4597 eorum
3452 4537 3540 4607 qui
3575 4534 3724 4588 dice-

2150 4656 2308 4716 bant.
2341 4651 2510 4720 ipsum
2553 4646 2644 4701 Dei
2687 4639 2967 4714 prteceptis
3004 4632 3314 4696 adversari,
3346 4625 3724 4698 impudentiam

2149 4745 2542 4814 comprimeret.
2577 4739 2805 4806 ldipsum
2848 4732 2969 4788 fecit
2997 4726 3209 4799 quando
3237 4725 3419 4779 vinum
3451 4722 3502 4774 in
3534 4732 3726 4788 aquam

2151 4834 2430 4892 convertit.
2462 4833 2576 4886 Non
2609 4828 2766 4883 modo
2795 4823 2935 4880 enim
2963 4821 3138 4874 vinum
3167 4814 3415 4876 ostendit,
3445 4809 3538 4866 sed
3564 4806 3731 4863 archi-

2155 4928 2362 4982 triclino
2389 4922 2523 4978 mitti
2545 4919 2768 4982 curavit,
2793 4926 2850 4969 ut
2870 4915 2914 4969 is
2934 4911 3020 4983 qni
3045 4907 3172 4963 nihil
3199 4913 3470 4976 gestorum
3493 4915 3552 4956 se
3573 4913 3732 4953 nosse

2154 5017 2530 5075 conﬁteretur,
2584 5009 2800 5064 minime
2847 5011 3150 5073 suspectum
3195 4996 3444 5053 redderet
3487 4991 3730 5047 testimo-

2159 5109 2324 5163 nium.
2358 5105 2482 5160 Ideo
2513 5102 2651 5156 dixit
2687 5097 3011 5168 evangelista
3046 5109 3058 5143 :
3093 5087 3372 5145 Nescrehat
3417 5081 3735 5138 architricli-

2159 5216 2258 5256 nus
2299 5198 2437 5253 unde
2466 5205 2646 5261 esset,
2679 5193 2864 5261 sicque
2893 5187 3111 5242 omnino
3139 5189 3340 5238 eertum
3373 5174 3733 5232 testimonium

2160 5289 2469 5346 declaravit.
2497 5285 2566 5340 Et
2595 5291 2872 5354 postquam
2902 5286 3171 5332 mortuum
3209 5269 3574 5325 sttscitaverat,
3607 5261 3735 5314 alibi

2161 5381 2288 5437 dicit
2318 5397 2332 5432 ε
2359 5381 2488 5433 Date
2526 5352 2609 5429 illi
2631 5371 2950 5428 manducare
2975 5365 3126 5436 (Luc.
3159 5363 3212 5416 8.
3241 5361 3353 5427 55),
3384 5365 3440 5410 ut
3468 5352 3736 5407 indubita-

2165 5483 2273 5528 ttnn
2321 5464 2725 5524 resurrectionis
2773 5467 3139 5530 argumentum
3195 5451 3489 5506 exhiberet.
3539 5441 3738 5510 Quibus

2233 5586 2248 5616 ι
2287 5581 2338 5630 In
2361 5576 2500 5628 savii.
2525 5577 2700 5625 desunt
2723 5586 2831 5637 quae
2855 5569 3043 5620 uncinis
3066 5563 3365 5615 clauduntur.
