  <div class='ocr_page' id='page_1' title='image "/cluster/home/n/w/nwhite01/storage/ocr_20150623/59/mdp.39015009383640/206.png"; bbox 0 0 4104 6156; ppageno 0'>
   <div class='ocr_carea' id='block_1_1' title="bbox 460 278 565 332">
    <p class='ocr_par' dir='ltr' id='par_1_1' title="bbox 460 278 565 332">
     <span class='ocr_line' id='line_1_1' title="bbox 460 278 565 332; baseline 0.048 -7"><span class='ocrx_word' id='word_1_1' title='bbox 460 278 565 332; x_wconf 68' lang='grc' dir='ltr'>ειη</span> 
     </span>
    </p>
   </div>
   <div class='ocr_carea' id='block_1_2' title="bbox 451 387 2009 461">
    <p class='ocr_par' dir='ltr' id='par_1_2' title="bbox 451 387 2009 461">
     <span class='ocr_line' id='line_1_2' title="bbox 451 387 2009 461; baseline 0.003 -20"><span class='ocrx_word' id='word_1_2' title='bbox 451 387 745 459; x_wconf 85' lang='grc' dir='ltr'>χρημάτων</span> <span class='ocrx_word' id='word_1_3' title='bbox 764 404 779 419; x_wconf 76' lang='grc' dir='ltr'><strong><em>ο</em></strong></span> <span class='ocrx_word' id='word_1_4' title='bbox 807 388 869 441; x_wconf 88' lang='grc' dir='ltr'>ού</span> <span class='ocrx_word' id='word_1_5' title='bbox 901 388 1160 443; x_wconf 79' lang='grc' dir='ltr'>παύονται</span> <span class='ocrx_word' id='word_1_6' title='bbox 1185 389 1293 461; x_wconf 76' lang='grc' dir='ltr'>γάρ</span> <span class='ocrx_word' id='word_1_7' title='bbox 1330 390 1453 444; x_wconf 82' lang='grc' dir='ltr'>καθ’</span> <span class='ocrx_word' id='word_1_8' title='bbox 1478 390 1693 461; x_wconf 80' lang='grc' dir='ltr'>ἡμέραν</span> <span class='ocrx_word' id='word_1_9' title='bbox 1742 390 2009 461; x_wconf 81' lang='grc' dir='ltr'>γηρῶσαι.</span> 
     </span>
    </p>
   </div>
   <div class='ocr_carea' id='block_1_3' title="bbox 451 468 2015 543">
    <p class='ocr_par' dir='ltr' id='par_1_3' title="bbox 451 468 2015 543">
     <span class='ocr_line' id='line_1_3' title="bbox 451 468 2015 543; baseline 0.001 -19"><span class='ocrx_word' id='word_1_10' title='bbox 451 473 615 524; x_wconf 83' lang='grc' dir='ltr'>Ὅταν</span> <span class='ocrx_word' id='word_1_11' title='bbox 659 469 718 522; x_wconf 76' lang='grc' dir='ltr'>δὲ</span> <span class='ocrx_word' id='word_1_12' title='bbox 765 471 858 523; x_wconf 83' lang='grc' dir='ltr'>καὶ</span> <span class='ocrx_word' id='word_1_13' title='bbox 904 471 1120 535; x_wconf 88' lang='grc' dir='ltr'>κόλασις</span> <span class='ocrx_word' id='word_1_14' title='bbox 1247 473 1341 525; x_wconf 82' lang='grc' dir='ltr'>καὶ</span> <span class='ocrx_word' id='word_1_15' title='bbox 1361 473 1619 543; x_wconf 84' lang='grc' dir='ltr'>τιμωρία,</span> <span class='ocrx_word' id='word_1_16' title='bbox 1647 471 1698 525; x_wconf 85' lang='grc' dir='ltr'>τί</span> <span class='ocrx_word' id='word_1_17' title='bbox 1728 472 1922 539; x_wconf 81' lang='grc' dir='ltr'>γένοιτ’</span> <span class='ocrx_word' id='word_1_18' title='bbox 1949 472 2015 528; x_wconf 82' lang='grc' dir='ltr'>ἀν</span> 
     </span>
    </p>
   </div>
   <div class='ocr_carea' id='block_1_4' title="bbox 404 548 2015 623">
    <p class='ocr_par' dir='ltr' id='par_1_4' title="bbox 404 548 2015 623">
     <span class='ocr_line' id='line_1_4' title="bbox 404 548 2015 623; baseline 0.001 -17"><span class='ocrx_word' id='word_1_19' title='bbox 404 598 416 613; x_wconf 85' lang='grc'>.</span> <span class='ocrx_word' id='word_1_20' title='bbox 448 549 770 620; x_wconf 76' lang='grc' dir='ltr'>ἀθλιώτερον</span> <span class='ocrx_word' id='word_1_21' title='bbox 786 551 895 605; x_wconf 83' lang='grc' dir='ltr'>τῶν</span> <span class='ocrx_word' id='word_1_22' title='bbox 913 553 1114 623; x_wconf 88' lang='grc' dir='ltr'>ταύτην</span> <span class='ocrx_word' id='word_1_23' title='bbox 1137 553 1455 623; x_wconf 86' lang='grc' dir='ltr'>μετιόντων;</span> <span class='ocrx_word' id='word_1_24' title='bbox 1480 553 1661 608; x_wconf 82' lang='grc' dir='ltr'>Ταῦτα</span> <span class='ocrx_word' id='word_1_25' title='bbox 1682 548 1774 606; x_wconf 77' lang='grc' dir='ltr'>οὖν</span> <span class='ocrx_word' id='word_1_26' title='bbox 1794 553 2015 618; x_wconf 80' lang='grc' dir='ltr'>είδότες,</span> 
     </span>
    </p>
   </div>
   <div class='ocr_carea' id='block_1_5' title="bbox 448 632 2019 708">
    <p class='ocr_par' dir='ltr' id='par_1_5' title="bbox 448 632 2019 708">
     <span class='ocr_line' id='line_1_5' title="bbox 448 632 2019 708; baseline 0.002 -20"><span class='ocrx_word' id='word_1_27' title='bbox 448 634 659 688; x_wconf 77' lang='grc' dir='ltr'>ἅπαντα</span> <span class='ocrx_word' id='word_1_28' title='bbox 685 632 823 704; x_wconf 77' lang='grc' dir='ltr'>ὑπὲρ</span> <span class='ocrx_word' id='word_1_29' title='bbox 848 635 948 706; x_wconf 83' lang='grc' dir='ltr'>τῆς</span> <span class='ocrx_word' id='word_1_30' title='bbox 973 636 1173 707; x_wconf 84' lang='grc' dir='ltr'>ἀρετῆς</span> <span class='ocrx_word' id='word_1_31' title='bbox 1193 634 1574 707; x_wconf 78' lang='grc' dir='ltr'>ὑπομένωμεν.</span> <span class='ocrx_word' id='word_1_32' title='bbox 1606 634 1762 689; x_wconf 79' lang='grc' dir='ltr'>Οὕτω</span> <span class='ocrx_word' id='word_1_33' title='bbox 1794 635 1901 708; x_wconf 90' lang='grc' dir='ltr'>γάρ</span> <span class='ocrx_word' id='word_1_34' title='bbox 1923 638 2019 691; x_wconf 75' lang='grc' dir='ltr'>καὶ</span> 
     </span>
    </p>
   </div>
   <div class='ocr_carea' id='block_1_6' title="bbox 1798 856 2103 870">
    <p class='ocr_par' dir='ltr' id='par_1_6' title="bbox 1798 856 2103 870">
     <span class='ocr_line' id='line_1_6' title="bbox 1798 856 2103 870; baseline -0.007 0"><span class='ocrx_word' id='word_1_35' title='bbox 1798 856 2103 870; x_wconf 54' lang='grc' dir='ltr'>ο*</span> 
     </span>
    </p>
   </div>
   <div class='ocr_carea' id='block_1_7' title="bbox 1363 274 2746 338">
    <p class='ocr_par' dir='ltr' id='par_1_7' title="bbox 1363 274 2746 338">
     <span class='ocr_line' id='line_1_7' title="bbox 1363 274 2746 338; baseline 0.004 -7"><span class='ocrx_word' id='word_1_36' title='bbox 1363 275 1430 332; x_wconf 76' lang='lat' dir='ltr'>IN</span> <span class='ocrx_word' id='word_1_37' title='bbox 1465 274 1780 334; x_wconf 71' lang='lat' dir='ltr'>HMNNEM</span> <span class='ocrx_word' id='word_1_38' title='bbox 1819 276 2049 335; x_wconf 71' lang='lat' dir='ltr'>HOMIL.</span> <span class='ocrx_word' id='word_1_39' title='bbox 2093 280 2354 338; x_wconf 68' lang='lat' dir='ltr'>XXXVII.</span> <span class='ocrx_word' id='word_1_40' title='bbox 2395 282 2467 338; x_wconf 78' lang='lat' dir='ltr'>al.</span> <span class='ocrx_word' id='word_1_41' title='bbox 2507 278 2746 337; x_wconf 74' lang='lat' dir='ltr'><strong>XXXVI.</strong></span> 
     </span>
    </p>
   </div>
   <div class='ocr_carea' id='block_1_8' title="bbox 3592 279 3697 334">
    <p class='ocr_par' dir='ltr' id='par_1_8' title="bbox 3592 279 3697 334">
     <span class='ocr_line' id='line_1_8' title="bbox 3592 279 3697 334; baseline 0.029 -8"><span class='ocrx_word' id='word_1_42' title='bbox 3592 279 3697 334; x_wconf 59' lang='grc' dir='ltr'>ουκ</span> 
     </span>
    </p>
   </div>
   <div class='ocr_carea' id='block_1_9' title="bbox 2119 393 3696 465">
    <p class='ocr_par' dir='ltr' id='par_1_9' title="bbox 2119 393 3696 465">
     <span class='ocr_line' id='line_1_9' title="bbox 2119 393 3696 465; baseline 0 -19"><span class='ocrx_word' id='word_1_43' title='bbox 2119 393 2219 463; x_wconf 82' lang='grc' dir='ltr'>τῆς</span> <span class='ocrx_word' id='word_1_44' title='bbox 2248 393 2479 463; x_wconf 81' lang='grc' dir='ltr'>ἀληθοῦς</span> <span class='ocrx_word' id='word_1_45' title='bbox 2511 395 2700 464; x_wconf 78' lang='grc' dir='ltr'>ἡδονῆς</span> <span class='ocrx_word' id='word_1_46' title='bbox 2727 394 3124 463; x_wconf 72' lang='grc' dir='ltr'>ἀπολαύσομεν,</span> <span class='ocrx_word' id='word_1_47' title='bbox 3161 396 3338 465; x_wconf 73' lang='grc' dir='ltr'>χάριτι</span> <span class='ocrx_word' id='word_1_48' title='bbox 3375 395 3467 448; x_wconf 74' lang='grc' dir='ltr'>καὶ</span> <span class='ocrx_word' id='word_1_49' title='bbox 3506 393 3696 462; x_wconf 77' lang='grc' dir='ltr'>φιλαν-</span> 
     </span>
    </p>
   </div>
   <div class='ocr_carea' id='block_1_10' title="bbox 2122 472 3700 547">
    <p class='ocr_par' dir='ltr' id='par_1_10' title="bbox 2122 472 3700 547">
     <span class='ocr_line' id='line_1_10' title="bbox 2122 472 3700 547; baseline -0.001 -19"><span class='ocrx_word' id='word_1_50' title='bbox 2122 475 2338 546; x_wconf 77' lang='grc' dir='ltr'>θρωπίᾳ</span> <span class='ocrx_word' id='word_1_51' title='bbox 2360 477 2453 529; x_wconf 88' lang='grc' dir='ltr'>τοῦ</span> <span class='ocrx_word' id='word_1_52' title='bbox 2480 478 2686 544; x_wconf 80' lang='grc' dir='ltr'>Κυρίου</span> <span class='ocrx_word' id='word_1_53' title='bbox 2709 476 2863 547; x_wconf 84' lang='grc' dir='ltr'>ἡμῶν</span> <span class='ocrx_word' id='word_1_54' title='bbox 2896 476 3070 545; x_wconf 80' lang='grc' dir='ltr'>Ἰησοῦ</span> <span class='ocrx_word' id='word_1_55' title='bbox 3102 476 3357 547; x_wconf 78' lang='grc' dir='ltr'>Χριστοῦ,</span> <span class='ocrx_word' id='word_1_56' title='bbox 3389 476 3507 547; x_wconf 77' lang='grc' dir='ltr'>μεθ’</span> <span class='ocrx_word' id='word_1_57' title='bbox 3531 472 3593 529; x_wconf 80' lang='grc' dir='ltr'>οὗ</span> <span class='ocrx_word' id='word_1_58' title='bbox 3622 476 3700 544; x_wconf 76' lang='grc' dir='ltr'>τῷ</span> 
     </span>
    </p>
   </div>
   <div class='ocr_carea' id='block_1_11' title="bbox 2123 556 3695 627">
    <p class='ocr_par' dir='ltr' id='par_1_11' title="bbox 2123 556 3695 627">
     <span class='ocr_line' id='line_1_11' title="bbox 2123 556 3695 627; baseline 0 -18"><span class='ocrx_word' id='word_1_59' title='bbox 2123 556 2298 627; x_wconf 74' lang='grc' dir='ltr'>Πατρὶ</span> <span class='ocrx_word' id='word_1_60' title='bbox 2325 559 2358 625; x_wconf 95' lang='grc' dir='ltr'>ἡ</span> <span class='ocrx_word' id='word_1_61' title='bbox 2390 557 2539 621; x_wconf 79' lang='grc' dir='ltr'>δόξα,</span> <span class='ocrx_word' id='word_1_62' title='bbox 2571 558 2688 626; x_wconf 81' lang='grc' dir='ltr'>ἀμα</span> <span class='ocrx_word' id='word_1_63' title='bbox 2716 558 2793 627; x_wconf 84' lang='grc' dir='ltr'>τῷ</span> <span class='ocrx_word' id='word_1_64' title='bbox 2826 557 2967 627; x_wconf 85' lang='grc' dir='ltr'>ἀγίῳ</span> <span class='ocrx_word' id='word_1_65' title='bbox 2993 556 3286 627; x_wconf 83' lang='grc' dir='ltr'>Πνεύματι,</span> <span class='ocrx_word' id='word_1_66' title='bbox 3310 560 3389 624; x_wconf 83' lang='grc' dir='ltr'>είς</span> <span class='ocrx_word' id='word_1_67' title='bbox 3414 559 3540 622; x_wconf 76' lang='grc' dir='ltr'>τοὺς</span> <span class='ocrx_word' id='word_1_68' title='bbox 3562 557 3695 611; x_wconf 85' lang='grc' dir='ltr'>αἰῶ-</span> 
     </span>
    </p>
   </div>
   <div class='ocr_carea' id='block_1_12' title="bbox 2127 637 2825 708">
    <p class='ocr_par' dir='ltr' id='par_1_12' title="bbox 2127 637 2825 708">
     <span class='ocr_line' id='line_1_12' title="bbox 2127 637 2825 708; baseline -0.001 -17"><span class='ocrx_word' id='word_1_69' title='bbox 2127 655 2220 704; x_wconf 80' lang='grc' dir='ltr'>νας</span> <span class='ocrx_word' id='word_1_70' title='bbox 2241 637 2352 692; x_wconf 78' lang='grc' dir='ltr'>τών</span> <span class='ocrx_word' id='word_1_71' title='bbox 2381 638 2610 693; x_wconf 78' lang='grc' dir='ltr'>αἰώνων.</span> <span class='ocrx_word' id='word_1_72' title='bbox 2630 641 2825 708; x_wconf 63' lang='grc' dir='ltr'>Ἀμήν.</span> 
     </span>
    </p>
   </div>
   <div class='ocr_carea' id='block_1_13' title="bbox 2122 855 3666 870">
    <p class='ocr_par' dir='ltr' id='par_1_13' title="bbox 2122 855 3666 870">
     <span class='ocr_line' id='line_1_13' title="bbox 2122 855 3666 870; baseline -0.003 -1"><span class='ocrx_word' id='word_1_73' title='bbox 2122 855 3666 870; x_wconf 52' lang='lat' dir='ltr'>mW—m</span> 
     </span>
    </p>
   </div>
   <div class='ocr_carea' id='block_1_14' title="bbox 1821 1016 2419 1090">
    <p class='ocr_par' dir='ltr' id='par_1_14' title="bbox 1821 1016 2419 1090">
     <span class='ocr_line' id='line_1_14' title="bbox 1821 1016 2419 1090; baseline 0 -19"><span class='ocrx_word' id='word_1_74' title='bbox 1821 1016 1977 1090; x_wconf 70' lang='grc' dir='ltr'>[ειη</span> <span class='ocrx_word' id='word_1_75' title='bbox 2017 1018 2255 1073; x_wconf 73' lang='lat' dir='ltr'>omum</span> <span class='ocrx_word' id='word_1_76' title='bbox 2299 1018 2419 1073; x_wconf 65' lang='lat' dir='ltr'><strong>sz.</strong></span> 
     </span>
    </p>
   </div>
   <div class='ocr_carea' id='block_1_15' title="bbox 451 1184 2017 1261">
    <p class='ocr_par' dir='ltr' id='par_1_15' title="bbox 451 1184 2017 1261">
     <span class='ocr_line' id='line_1_15' title="bbox 451 1184 2017 1261; baseline -0.004 -12"><span class='ocrx_word' id='word_1_77' title='bbox 451 1197 612 1261; x_wconf 69' lang='grc' dir='ltr'>Λέγει</span> <span class='ocrx_word' id='word_1_78' title='bbox 630 1190 789 1259; x_wconf 84' lang='grc' dir='ltr'>αὺτῷ</span> <span class='ocrx_word' id='word_1_79' title='bbox 811 1195 844 1247; x_wconf 83' lang='grc' dir='ltr'><em>ὁ</em></span> <span class='ocrx_word' id='word_1_80' title='bbox 881 1184 1146 1261; x_wconf 75' lang='grc' dir='ltr'>Ἰησοῦς·</span> <span class='ocrx_word' id='word_1_81' title='bbox 1174 1210 1193 1243; x_wconf 80' lang='grc' dir='ltr'>ι</span> <span class='ocrx_word' id='word_1_82' title='bbox 1219 1188 1421 1261; x_wconf 62' lang='grc' dir='ltr'>Θένζεις</span> <span class='ocrx_word' id='word_1_83' title='bbox 1451 1187 1623 1261; x_wconf 75' lang='grc' dir='ltr'>ὑγιὴς</span> <span class='ocrx_word' id='word_1_84' title='bbox 1652 1188 1967 1261; x_wconf 59' lang='grc' dir='ltr'>γενέσθαις</span> <span class='ocrx_word' id='word_1_85' title='bbox 1997 1206 2017 1242; x_wconf 71' lang='grc' dir='ltr'>ι</span> 
     </span>
    </p>
   </div>
   <div class='ocr_carea' id='block_1_16' title="bbox 532 1259 2024 1331">
    <p class='ocr_par' dir='ltr' id='par_1_16' title="bbox 532 1259 2024 1331">
     <span class='ocr_line' id='line_1_16' title="bbox 532 1259 2024 1331; baseline -0.003 -14"><span class='ocrx_word' id='word_1_86' title='bbox 532 1259 831 1331; x_wconf 69' lang='grc' dir='ltr'>Ἀπεκρίθη</span> <span class='ocrx_word' id='word_1_87' title='bbox 859 1260 1024 1331; x_wconf 13' lang='grc' dir='ltr'>αὐτῷ,</span> <span class='ocrx_word' id='word_1_88' title='bbox 1050 1264 1086 1316; x_wconf 80' lang='grc' dir='ltr'>ό</span> <span class='ocrx_word' id='word_1_89' title='bbox 1117 1259 1392 1331; x_wconf 76' lang='grc' dir='ltr'>ἁσθενῷν</span> <span class='ocrx_word' id='word_1_90' title='bbox 1413 1275 1426 1289; x_wconf 90' lang='grc'>·</span> <span class='ocrx_word' id='word_1_91' title='bbox 1455 1277 1474 1309; x_wconf 82' lang='grc' dir='ltr'>ι</span> <span class='ocrx_word' id='word_1_92' title='bbox 1509 1259 1641 1323; x_wconf 72' lang='grc' dir='ltr'>Ναὶ,</span> <span class='ocrx_word' id='word_1_93' title='bbox 1674 1259 2024 1331; x_wconf 32' lang='grc' dir='ltr'>Κιᾶριεῌχᾶν-</span> 
     </span>
    </p>
   </div>
   <div class='ocr_carea' id='block_1_17' title="bbox 518 1327 2019 1399">
    <p class='ocr_par' dir='ltr' id='par_1_17' title="bbox 518 1327 2019 1399">
     <span class='ocr_line' id='line_1_17' title="bbox 518 1327 2019 1399; baseline -0.004 -13"><span class='ocrx_word' id='word_1_94' title='bbox 518 1327 752 1399; x_wconf 75' lang='grc' dir='ltr'>θρωπὸν</span> <span class='ocrx_word' id='word_1_95' title='bbox 769 1330 837 1383; x_wconf 79' lang='grc' dir='ltr'>δὲ</span> <span class='ocrx_word' id='word_1_96' title='bbox 863 1333 974 1384; x_wconf 84' lang='grc' dir='ltr'>οὐκ</span> <span class='ocrx_word' id='word_1_97' title='bbox 994 1329 1134 1397; x_wconf 73' lang='grc' dir='ltr'>ἔχω,</span> <span class='ocrx_word' id='word_1_98' title='bbox 1157 1331 1278 1389; x_wconf 80' lang='grc' dir='ltr'>ἵνα.</span> <span class='ocrx_word' id='word_1_99' title='bbox 1307 1329 1452 1399; x_wconf 71' lang='grc' dir='ltr'>ὅταν</span> <span class='ocrx_word' id='word_1_100' title='bbox 1474 1327 1826 1397; x_wconf 55' lang='lat' dir='ltr'>rapula-1716</span> <span class='ocrx_word' id='word_1_101' title='bbox 1841 1327 2019 1396; x_wconf 81' lang='grc' dir='ltr'>ὕδωρ,</span> 
     </span>
    </p>
   </div>
   <div class='ocr_carea' id='block_1_18' title="bbox 514 1397 1561 1470">
    <p class='ocr_par' dir='ltr' id='par_1_18' title="bbox 514 1397 1561 1470">
     <span class='ocr_line' id='line_1_18' title="bbox 514 1397 1561 1470; baseline -0.006 -14"><span class='ocrx_word' id='word_1_102' title='bbox 514 1397 679 1470; x_wconf 68' lang='grc' dir='ltr'>βάλῃ</span> <span class='ocrx_word' id='word_1_103' title='bbox 706 1417 783 1470; x_wconf 77' lang='grc' dir='ltr'>με</span> <span class='ocrx_word' id='word_1_104' title='bbox 808 1404 896 1465; x_wconf 79' lang='grc' dir='ltr'>εις</span> <span class='ocrx_word' id='word_1_105' title='bbox 919 1400 1033 1469; x_wconf 76' lang='grc' dir='ltr'>τὴν</span> <span class='ocrx_word' id='word_1_106' title='bbox 1064 1397 1502 1468; x_wconf 69' lang='grc' dir='ltr'>κολυμϐήθραν.</span> <span class='ocrx_word' id='word_1_107' title='bbox 1542 1416 1561 1450; x_wconf 74' lang='grc' dir='ltr'>ι</span> 
     </span>
    </p>
   </div>
   <div class='ocr_carea' id='block_1_19' title="bbox 524 1544 2023 1618">
    <p class='ocr_par' dir='ltr' id='par_1_19' title="bbox 524 1544 2023 1618">
     <span class='ocr_line' id='line_1_19' title="bbox 524 1544 2023 1618; baseline -0.005 -15"><span class='ocrx_word' id='word_1_108' title='bbox 524 1556 590 1603; x_wconf 87' lang='grc' dir='ltr'>α’.</span> <span class='ocrx_word' id='word_1_109' title='bbox 610 1549 766 1618; x_wconf 82' lang='grc' dir='ltr'>Μέγα</span> <span class='ocrx_word' id='word_1_110' title='bbox 790 1546 900 1599; x_wconf 83' lang='grc' dir='ltr'>τῶν</span> <span class='ocrx_word' id='word_1_111' title='bbox 919 1546 1078 1601; x_wconf 84' lang='grc' dir='ltr'>θείων</span> <span class='ocrx_word' id='word_1_112' title='bbox 1100 1546 1334 1617; x_wconf 82' lang='grc' dir='ltr'>Γραφῶν</span> <span class='ocrx_word' id='word_1_113' title='bbox 1358 1546 1419 1600; x_wconf 83' lang='grc' dir='ltr'>τὺ</span> <span class='ocrx_word' id='word_1_114' title='bbox 1445 1545 1655 1617; x_wconf 88' lang='grc' dir='ltr'>κέρδος,</span> <span class='ocrx_word' id='word_1_115' title='bbox 1680 1544 1774 1599; x_wconf 74' lang='grc' dir='ltr'>καὶ</span> <span class='ocrx_word' id='word_1_116' title='bbox 1795 1545 2023 1615; x_wconf 77' lang='grc' dir='ltr'>διαρκὴς</span> 
     </span>
    </p>
   </div>
   <div class='ocr_carea' id='block_1_20' title="bbox 451 1634 2025 1709">
    <p class='ocr_par' dir='ltr' id='par_1_20' title="bbox 451 1634 2025 1709">
     <span class='ocr_line' id='line_1_20' title="bbox 451 1634 2025 1709; baseline -0.004 -17"><span class='ocrx_word' id='word_1_117' title='bbox 451 1641 484 1709; x_wconf 89' lang='grc' dir='ltr'>ἡ</span> <span class='ocrx_word' id='word_1_118' title='bbox 515 1640 574 1705; x_wconf 83' lang='grc' dir='ltr'>ἐξ</span> <span class='ocrx_word' id='word_1_119' title='bbox 601 1637 781 1692; x_wconf 83' lang='grc' dir='ltr'>αὐτῶν</span> <span class='ocrx_word' id='word_1_120' title='bbox 796 1637 1053 1705; x_wconf 83' lang='grc' dir='ltr'>ὠφέλεια.</span> <span class='ocrx_word' id='word_1_121' title='bbox 1082 1637 1192 1690; x_wconf 76' lang='grc' dir='ltr'>Καὶ</span> <span class='ocrx_word' id='word_1_122' title='bbox 1218 1635 1376 1689; x_wconf 87' lang='grc' dir='ltr'>τοῦτο</span> <span class='ocrx_word' id='word_1_123' title='bbox 1392 1636 1605 1699; x_wconf 81' lang='grc' dir='ltr'>δεικνὺς</span> <span class='ocrx_word' id='word_1_124' title='bbox 1622 1637 1650 1688; x_wconf 92' lang='lat'>6</span> <span class='ocrx_word' id='word_1_125' title='bbox 1682 1634 1892 1700; x_wconf 80' lang='grc' dir='ltr'>Παῦλος</span> <span class='ocrx_word' id='word_1_126' title='bbox 1913 1635 2025 1687; x_wconf 83' lang='grc' dir='ltr'>ἐλε-</span> 
     </span>
    </p>
   </div>
   <div class='ocr_carea' id='block_1_21' title="bbox 451 1724 2025 1801">
    <p class='ocr_par' dir='ltr' id='par_1_21' title="bbox 451 1724 2025 1801">
     <span class='ocr_line' id='line_1_21' title="bbox 451 1724 2025 1801; baseline -0.003 -17"><span class='ocrx_word' id='word_1_127' title='bbox 451 1750 545 1801; x_wconf 84' lang='grc' dir='ltr'>γεν</span> <span class='ocrx_word' id='word_1_128' title='bbox 566 1749 579 1762; x_wconf 73' lang='grc' dir='ltr'>ο</span> <span class='ocrx_word' id='word_1_129' title='bbox 611 1731 769 1784; x_wconf 82' lang='grc' dir='ltr'>Ὅσα</span> <span class='ocrx_word' id='word_1_130' title='bbox 796 1730 905 1800; x_wconf 83' lang='grc' dir='ltr'>γὰρ</span> <span class='ocrx_word' id='word_1_131' title='bbox 928 1728 1289 1798; x_wconf 56' lang='lat' dir='ltr'>aposrpdyn.</span> <span class='ocrx_word' id='word_1_132' title='bbox 1319 1730 1407 1794; x_wconf 78' lang='grc' dir='ltr'>εις</span> <span class='ocrx_word' id='word_1_133' title='bbox 1443 1728 1768 1781; x_wconf 67' lang='grc' dir='ltr'>νουθεσίαν</span> <span class='ocrx_word' id='word_1_134' title='bbox 1795 1740 1821 1768; x_wconf 75' lang='grc' dir='ltr'>ει</span> <span class='ocrx_word' id='word_1_135' title='bbox 1854 1724 2025 1795; x_wconf 76' lang='grc' dir='ltr'>ἡμῶν</span> 
     </span>
    </p>
   </div>
   <div class='ocr_carea' id='block_1_22' title="bbox 452 1810 2022 1887">
    <p class='ocr_par' dir='ltr' id='par_1_22' title="bbox 452 1810 2022 1887">
     <span class='ocr_line' id='line_1_22' title="bbox 452 1810 2022 1887; baseline -0.027 8"><span class='ocrx_word' id='word_1_136' title='bbox 452 1817 812 1887; x_wconf 66' lang='grc' dir='ltr'>προεγράφη»</span> <span class='ocrx_word' id='word_1_137' title='bbox 843 1819 930 1882; x_wconf 82' lang='grc' dir='ltr'>εὶς</span> <span class='ocrx_word' id='word_1_138' title='bbox 966 1815 1073 1881; x_wconf 78' lang='grc' dir='ltr'>οὓς</span> <span class='ocrx_word' id='word_1_139' title='bbox 1104 1815 1175 1869; x_wconf 75' lang='grc' dir='ltr'><em>τὰ</em></span> <span class='ocrx_word' id='word_1_140' title='bbox 1201 1815 1343 1880; x_wconf 78' lang='grc' dir='ltr'>τέλη</span> <span class='ocrx_word' id='word_1_141' title='bbox 1373 1812 1492 1866; x_wconf 69' lang='grc' dir='ltr'>τῶν</span> <span class='ocrx_word' id='word_1_142' title='bbox 1534 1811 1763 1866; x_wconf 75' lang='grc' dir='ltr'>αἰώνων</span> <span class='ocrx_word' id='word_1_143' title='bbox 1804 1810 2022 1875; x_wconf 75' lang='grc' dir='ltr'>κατήν-</span> 
     </span>
    </p>
   </div>
   <div class='ocr_carea' id='block_1_23' title="bbox 450 1898 2023 1976">
    <p class='ocr_par' dir='ltr' id='par_1_23' title="bbox 450 1898 2023 1976">
     <span class='ocr_line' id='line_1_23' title="bbox 450 1898 2023 1976; baseline -0.006 -14"><span class='ocrx_word' id='word_1_144' title='bbox 450 1923 665 1976; x_wconf 79' lang='grc' dir='ltr'>τησεν·</span> <span class='ocrx_word' id='word_1_145' title='bbox 697 1909 799 1961; x_wconf 78' lang='grc' dir='ltr'>ἵνα</span> <span class='ocrx_word' id='word_1_146' title='bbox 833 1906 931 1960; x_wconf 83' lang='grc' dir='ltr'>διὰ</span> <span class='ocrx_word' id='word_1_147' title='bbox 962 1906 1072 1974; x_wconf 79' lang='grc' dir='ltr'>τῆς</span> <span class='ocrx_word' id='word_1_148' title='bbox 1104 1898 1419 1973; x_wconf 67' lang='grc' dir='ltr'>ὑπομονῆς</span> <span class='ocrx_word' id='word_1_149' title='bbox 1445 1903 1541 1957; x_wconf 75' lang='grc' dir='ltr'>καί</span> <span class='ocrx_word' id='word_1_150' title='bbox 1576 1902 1686 1970; x_wconf 78' lang='grc' dir='ltr'>τῆς</span> <span class='ocrx_word' id='word_1_151' title='bbox 1715 1901 2023 1969; x_wconf 70' lang='grc' dir='ltr'>παρακλή-</span> 
     </span>
    </p>
   </div>
   <div class='ocr_carea' id='block_1_24' title="bbox 451 1995 2022 2067">
    <p class='ocr_par' dir='ltr' id='par_1_24' title="bbox 451 1995 2022 2067">
     <span class='ocr_line' id='line_1_24' title="bbox 451 1995 2022 2067; baseline -0.005 -12"><span class='ocrx_word' id='word_1_152' title='bbox 451 2017 605 2064; x_wconf 84' lang='grc' dir='ltr'>σεως</span> <span class='ocrx_word' id='word_1_153' title='bbox 631 1999 749 2053; x_wconf 76' lang='grc' dir='ltr'>τῶν</span> <span class='ocrx_word' id='word_1_154' title='bbox 779 1996 1032 2067; x_wconf 66' lang='grc' dir='ltr'>Γραφῶν</span> <span class='ocrx_word' id='word_1_155' title='bbox 1059 1997 1173 2063; x_wconf 77' lang='grc' dir='ltr'>τὴν</span> <span class='ocrx_word' id='word_1_156' title='bbox 1205 1996 1419 2050; x_wconf 66' lang='grc' dir='ltr'>ἐλπίδα</span> <span class='ocrx_word' id='word_1_157' title='bbox 1461 1997 1708 2064; x_wconf 77' lang='grc' dir='ltr'>ἔχωμεν.</span> <span class='ocrx_word' id='word_1_158' title='bbox 1754 1995 2022 2048; x_wconf 83' lang='grc' dir='ltr'>Παντοδα-</span> 
     </span>
    </p>
   </div>
   <div class='ocr_carea' id='block_1_25' title="bbox 451 2083 2021 2159">
    <p class='ocr_par' dir='ltr' id='par_1_25' title="bbox 451 2083 2021 2159">
     <span class='ocr_line' id='line_1_25' title="bbox 451 2083 2021 2159; baseline -0.006 -15"><span class='ocrx_word' id='word_1_159' title='bbox 451 2090 571 2144; x_wconf 85' lang='grc' dir='ltr'>πῶν</span> <span class='ocrx_word' id='word_1_160' title='bbox 596 2089 704 2158; x_wconf 89' lang='grc' dir='ltr'>γάρ</span> <span class='ocrx_word' id='word_1_161' title='bbox 737 2089 852 2141; x_wconf 85' lang='grc' dir='ltr'>ἐστι</span> <span class='ocrx_word' id='word_1_162' title='bbox 902 2087 1207 2159; x_wconf 80' lang='grc' dir='ltr'>φαρμάκων</span> <span class='ocrx_word' id='word_1_163' title='bbox 1256 2084 1529 2155; x_wconf 76' lang='grc' dir='ltr'>θησαυρὸς</span> <span class='ocrx_word' id='word_1_164' title='bbox 1581 2084 1649 2137; x_wconf 72' lang='grc' dir='ltr'>τὰ</span> <span class='ocrx_word' id='word_1_165' title='bbox 1676 2083 1794 2137; x_wconf 87' lang='grc' dir='ltr'>θεῖα</span> <span class='ocrx_word' id='word_1_166' title='bbox 1829 2085 1984 2152; x_wconf 81' lang='grc' dir='ltr'>λόγια</span> <span class='ocrx_word' id='word_1_167' title='bbox 2007 2099 2021 2115; x_wconf 87' lang='grc'><strong>·</strong></span> 
     </span>
    </p>
   </div>
   <div class='ocr_carea' id='block_1_26' title="bbox 450 2173 2025 2248">
    <p class='ocr_par' dir='ltr' id='par_1_26' title="bbox 450 2173 2025 2248">
     <span class='ocr_line' id='line_1_26' title="bbox 450 2173 2025 2248; baseline -0.006 -13"><span class='ocrx_word' id='word_1_168' title='bbox 450 2180 592 2236; x_wconf 84' lang='grc' dir='ltr'>ὥστε</span> <span class='ocrx_word' id='word_1_169' title='bbox 624 2179 728 2233; x_wconf 78' lang='grc' dir='ltr'>κᾶν</span> <span class='ocrx_word' id='word_1_170' title='bbox 760 2181 1016 2233; x_wconf 78' lang='grc' dir='ltr'>ἀπόνοιαν</span> <span class='ocrx_word' id='word_1_171' title='bbox 1048 2176 1235 2230; x_wconf 79' lang='grc' dir='ltr'>σὸέσαι</span> <span class='ocrx_word' id='word_1_172' title='bbox 1263 2176 1377 2248; x_wconf 78' lang='grc' dir='ltr'>δέῃ,</span> <span class='ocrx_word' id='word_1_173' title='bbox 1406 2173 1508 2229; x_wconf 83' lang='grc' dir='ltr'>κᾶν</span> <span class='ocrx_word' id='word_1_174' title='bbox 1536 2173 1830 2243; x_wconf 77' lang='grc' dir='ltr'>ἐπιθυμίαν</span> <span class='ocrx_word' id='word_1_175' title='bbox 1846 2175 2025 2243; x_wconf 84' lang='grc' dir='ltr'>κοιμί-</span> 
     </span>
    </p>
   </div>
   <div class='ocr_carea' id='block_1_27' title="bbox 453 2262 2023 2341">
    <p class='ocr_par' dir='ltr' id='par_1_27' title="bbox 453 2262 2023 2341">
     <span class='ocr_line' id='line_1_27' title="bbox 453 2262 2023 2341; baseline -0.006 -16"><span class='ocrx_word' id='word_1_176' title='bbox 453 2290 568 2338; x_wconf 88' lang='grc' dir='ltr'>σαι,</span> <span class='ocrx_word' id='word_1_177' title='bbox 592 2270 693 2325; x_wconf 79' lang='grc' dir='ltr'>κᾶν</span> <span class='ocrx_word' id='word_1_178' title='bbox 713 2270 803 2324; x_wconf 77' lang='grc' dir='ltr'>τὸν</span> <span class='ocrx_word' id='word_1_179' title='bbox 830 2268 938 2323; x_wconf 85' lang='grc' dir='ltr'>τῶν</span> <span class='ocrx_word' id='word_1_180' title='bbox 966 2268 1265 2341; x_wconf 87' lang='grc' dir='ltr'>χρημάτων</span> <span class='ocrx_word' id='word_1_181' title='bbox 1288 2265 1577 2335; x_wconf 85' lang='grc' dir='ltr'>καταπατῆ</span> <span class='ocrx_word' id='word_1_182' title='bbox 1588 2281 1672 2317; x_wconf 85' lang='grc' dir='ltr'>σαι</span> <span class='ocrx_word' id='word_1_183' title='bbox 1694 2263 1891 2333; x_wconf 81' lang='grc' dir='ltr'>ἐρώτα,</span> <span class='ocrx_word' id='word_1_184' title='bbox 1922 2262 2023 2317; x_wconf 86' lang='grc' dir='ltr'>κάν</span> 
     </span>
    </p>
   </div>
   <div class='ocr_carea' id='block_1_28' title="bbox 449 2356 2026 2435">
    <p class='ocr_par' dir='ltr' id='par_1_28' title="bbox 449 2356 2026 2435">
     <span class='ocr_line' id='line_1_28' title="bbox 449 2356 2026 2435; baseline -0.006 -17"><span class='ocrx_word' id='word_1_185' title='bbox 449 2363 642 2435; x_wconf 87' lang='grc' dir='ltr'>όδύνην</span> <span class='ocrx_word' id='word_1_186' title='bbox 662 2362 955 2434; x_wconf 81' lang='grc' dir='ltr'>ὑπεριδεῖν,</span> <span class='ocrx_word' id='word_1_187' title='bbox 989 2360 1090 2414; x_wconf 84' lang='grc' dir='ltr'>κᾶν</span> <span class='ocrx_word' id='word_1_188' title='bbox 1117 2356 1378 2431; x_wconf 84' lang='grc' dir='ltr'>εὐθυμίαν</span> <span class='ocrx_word' id='word_1_189' title='bbox 1410 2356 1665 2421; x_wconf 88' lang='grc' dir='ltr'>ἐνθεῖναι,</span> <span class='ocrx_word' id='word_1_190' title='bbox 1701 2356 1795 2411; x_wconf 77' lang='grc' dir='ltr'>καὶ</span> <span class='ocrx_word' id='word_1_191' title='bbox 1818 2356 2026 2426; x_wconf 85' lang='grc' dir='ltr'>ὑπομο-</span> 
     </span>
    </p>
   </div>
   <div class='ocr_carea' id='block_1_29' title="bbox 450 2446 2026 2526">
    <p class='ocr_par' dir='ltr' id='par_1_29' title="bbox 450 2446 2026 2526">
     <span class='ocr_line' id='line_1_29' title="bbox 450 2446 2026 2526; baseline -0.006 -18"><span class='ocrx_word' id='word_1_192' title='bbox 450 2457 548 2526; x_wconf 82' lang='grc' dir='ltr'>νὴν</span> <span class='ocrx_word' id='word_1_193' title='bbox 579 2454 1001 2517; x_wconf 84' lang='grc' dir='ltr'>κατασκευάσαι,</span> <span class='ocrx_word' id='word_1_194' title='bbox 1032 2452 1231 2526; x_wconf 76' lang='grc' dir='ltr'>πολλὴν</span> <span class='ocrx_word' id='word_1_195' title='bbox 1270 2450 1516 2505; x_wconf 90' lang='grc' dir='ltr'>ἐντεῦθεν</span> <span class='ocrx_word' id='word_1_196' title='bbox 1542 2449 1607 2504; x_wconf 83' lang='grc' dir='ltr'>άν</span> <span class='ocrx_word' id='word_1_197' title='bbox 1630 2465 1715 2512; x_wconf 89' lang='grc' dir='ltr'>τις</span> <span class='ocrx_word' id='word_1_198' title='bbox 1741 2447 1889 2519; x_wconf 77' lang='grc' dir='ltr'>εὖροι</span> <span class='ocrx_word' id='word_1_199' title='bbox 1928 2446 2026 2517; x_wconf 82' lang='grc' dir='ltr'>τὴν</span> 
     </span>
    </p>
   </div>
   <div class='ocr_carea' id='block_1_30' title="bbox 339 2536 2026 2616">
    <p class='ocr_par' dir='ltr' id='par_1_30' title="bbox 339 2536 2026 2616">
     <span class='ocr_line' id='line_1_30' title="bbox 339 2536 2026 2616; baseline -0.007 -16"><span class='ocrx_word' id='word_1_200' title='bbox 339 2601 348 2608; x_wconf 91' lang='lat'>_</span> <span class='ocrx_word' id='word_1_201' title='bbox 450 2547 726 2616; x_wconf 77' lang='grc' dir='ltr'>ἀφορμήν.</span> <span class='ocrx_word' id='word_1_202' title='bbox 757 2544 852 2608; x_wconf 88' lang='grc' dir='ltr'>Τίς</span> <span class='ocrx_word' id='word_1_203' title='bbox 878 2543 984 2615; x_wconf 77' lang='grc' dir='ltr'>γάρ</span> <span class='ocrx_word' id='word_1_204' title='bbox 1004 2542 1038 2611; x_wconf 77' lang='grc' dir='ltr'>ἦ</span> <span class='ocrx_word' id='word_1_205' title='bbox 1070 2542 1180 2595; x_wconf 86' lang='grc' dir='ltr'>τῶν</span> <span class='ocrx_word' id='word_1_206' title='bbox 1210 2541 1370 2612; x_wconf 70' lang='grc' dir='ltr'>πενία</span> <span class='ocrx_word' id='word_1_207' title='bbox 1395 2540 1582 2610; x_wconf 75' lang='grc' dir='ltr'>μακρᾷ</span> <span class='ocrx_word' id='word_1_208' title='bbox 1609 2537 1967 2600; x_wconf 79' lang='grc' dir='ltr'>παλαιόντων,</span> <span class='ocrx_word' id='word_1_209' title='bbox 1992 2536 2026 2607; x_wconf 83' lang='grc' dir='ltr'>ἡ</span> 
     </span>
    </p>
   </div>
   <div class='ocr_carea' id='block_1_31' title="bbox 450 2625 2027 2705">
    <p class='ocr_par' dir='ltr' id='par_1_31' title="bbox 450 2625 2027 2705">
     <span class='ocr_line' id='line_1_31' title="bbox 450 2625 2027 2705; baseline -0.008 -16"><span class='ocrx_word' id='word_1_210' title='bbox 450 2636 562 2689; x_wconf 81' lang='grc' dir='ltr'>τῶν</span> <span class='ocrx_word' id='word_1_211' title='bbox 589 2636 729 2705; x_wconf 82' lang='grc' dir='ltr'>νόσῳ</span> <span class='ocrx_word' id='word_1_212' title='bbox 750 2633 958 2704; x_wconf 81' lang='grc' dir='ltr'>χαλεπῇ</span> <span class='ocrx_word' id='word_1_213' title='bbox 989 2631 1413 2703; x_wconf 77' lang='grc' dir='ltr'>κεκρατημένων</span> <span class='ocrx_word' id='word_1_214' title='bbox 1434 2630 1485 2689; x_wconf 67' lang='grc' dir='ltr'>δ,</span> <span class='ocrx_word' id='word_1_215' title='bbox 1514 2627 1779 2696; x_wconf 82' lang='grc' dir='ltr'>ἀναγνοὺς</span> <span class='ocrx_word' id='word_1_216' title='bbox 1806 2625 1867 2679; x_wconf 82' lang='lat'>16</span> <span class='ocrx_word' id='word_1_217' title='bbox 1894 2642 2027 2697; x_wconf 83' lang='grc' dir='ltr'>προ⁶</span> 
     </span>
    </p>
   </div>
   <div class='ocr_carea' id='block_1_32' title="bbox 452 2714 2024 2798">
    <p class='ocr_par' dir='ltr' id='par_1_32' title="bbox 452 2714 2024 2798">
     <span class='ocr_line' id='line_1_32' title="bbox 452 2714 2024 2798; baseline -0.008 -18"><span class='ocrx_word' id='word_1_218' title='bbox 452 2728 705 2798; x_wconf 83' lang='grc' dir='ltr'>κείμενον</span> <span class='ocrx_word' id='word_1_219' title='bbox 737 2725 956 2795; x_wconf 82' lang='grc' dir='ltr'>χωρίον,</span> <span class='ocrx_word' id='word_1_220' title='bbox 980 2725 1040 2776; x_wconf 87' lang='grc' dir='ltr'>ού</span> <span class='ocrx_word' id='word_1_221' title='bbox 1064 2714 1264 2790; x_wconf 77' lang='grc' dir='ltr'>πολλὴν</span> <span class='ocrx_word' id='word_1_222' title='bbox 1282 2720 1490 2785; x_wconf 79' lang='grc' dir='ltr'>δέξεται</span> <span class='ocrx_word' id='word_1_223' title='bbox 1516 2718 1613 2789; x_wconf 83' lang='grc' dir='ltr'>τὴν</span> <span class='ocrx_word' id='word_1_224' title='bbox 1642 2715 2024 2798; x_wconf 39' lang='grc' dir='ltr'>παράκλησιν)</span> 
     </span>
    </p>
   </div>
   <div class='ocr_carea' id='block_1_33' title="bbox 450 2796 2029 2892">
    <p class='ocr_par' dir='ltr' id='par_1_33' title="bbox 450 2796 2029 2892">
     <span class='ocr_line' id='line_1_33' title="bbox 450 2796 2029 2892; baseline -0.011 -20"><span class='ocrx_word' id='word_1_225' title='bbox 450 2796 761 2892; x_wconf 79' lang='grc' dir='ltr'>Τριάκοντα</span> <span class='ocrx_word' id='word_1_226' title='bbox 794 2815 903 2885; x_wconf 85' lang='grc' dir='ltr'>γάρ</span> <span class='ocrx_word' id='word_1_227' title='bbox 937 2814 1031 2867; x_wconf 72' lang='grc' dir='ltr'>καὶ</span> <span class='ocrx_word' id='word_1_228' title='bbox 1077 2811 1222 2865; x_wconf 83' lang='grc' dir='ltr'>ὀκτὼ</span> <span class='ocrx_word' id='word_1_229' title='bbox 1248 2810 1342 2882; x_wconf 80' lang='grc' dir='ltr'>ἐτη</span> <span class='ocrx_word' id='word_1_230' title='bbox 1381 2809 1685 2881; x_wconf 86' lang='grc' dir='ltr'>παράλυτος</span> <span class='ocrx_word' id='word_1_231' title='bbox 1733 2806 1908 2877; x_wconf 87' lang='grc' dir='ltr'>μένων</span> <span class='ocrx_word' id='word_1_232' title='bbox 1938 2796 2029 2857; x_wconf 71' lang='grc' dir='ltr'>οὖ-</span> 
     </span>
    </p>
   </div>
   <div class='ocr_carea' id='block_1_34' title="bbox 451 2896 2031 2975">
    <p class='ocr_par' dir='ltr' id='par_1_34' title="bbox 451 2896 2031 2975">
     <span class='ocr_line' id='line_1_34' title="bbox 451 2896 2031 2975; baseline -0.011 -10"><span class='ocrx_word' id='word_1_233' title='bbox 451 2929 542 2975; x_wconf 84' lang='grc' dir='ltr'>τος</span> <span class='ocrx_word' id='word_1_234' title='bbox 570 2920 621 2972; x_wconf 70' lang='grc' dir='ltr'>ε,</span> <span class='ocrx_word' id='word_1_235' title='bbox 651 2908 746 2963; x_wconf 73' lang='grc' dir='ltr'>καὶ</span> <span class='ocrx_word' id='word_1_236' title='bbox 774 2905 892 2959; x_wconf 80' lang='grc' dir='ltr'>καθ’</span> <span class='ocrx_word' id='word_1_237' title='bbox 920 2905 1151 2958; x_wconf 71' lang='grc' dir='ltr'>ἕκαστον</span> <span class='ocrx_word' id='word_1_238' title='bbox 1180 2903 1297 2965; x_wconf 81' lang='grc' dir='ltr'>ἐτος</span> <span class='ocrx_word' id='word_1_239' title='bbox 1329 2901 1547 2971; x_wconf 87' lang='grc' dir='ltr'>ἐτέρους</span> <span class='ocrx_word' id='word_1_240' title='bbox 1577 2899 1674 2969; x_wconf 77' lang='grc' dir='ltr'>μὲν</span> <span class='ocrx_word' id='word_1_241' title='bbox 1700 2896 2031 2950; x_wconf 80' lang='grc' dir='ltr'>ἀπαλλαττο-</span> 
     </span>
    </p>
   </div>
   <div class='ocr_carea' id='block_1_35' title="bbox 454 2988 2028 3073">
    <p class='ocr_par' dir='ltr' id='par_1_35' title="bbox 454 2988 2028 3073">
     <span class='ocr_line' id='line_1_35' title="bbox 454 2988 2028 3073; baseline -0.011 -18"><span class='ocrx_word' id='word_1_242' title='bbox 454 3004 654 3073; x_wconf 80' lang='grc' dir='ltr'>μένους</span> <span class='ocrx_word' id='word_1_243' title='bbox 676 2997 838 3069; x_wconf 82' lang='grc' dir='ltr'>ὁρῶν,</span> <span class='ocrx_word' id='word_1_244' title='bbox 865 2995 1054 3050; x_wconf 74' lang='grc' dir='ltr'>ἐαυτὸν</span> <span class='ocrx_word' id='word_1_245' title='bbox 1103 2995 1161 3048; x_wconf 81' lang='grc' dir='ltr'>δὲ</span> <span class='ocrx_word' id='word_1_246' title='bbox 1205 2992 1567 3063; x_wconf 84' lang='grc' dir='ltr'>κατεχόμενον</span> <span class='ocrx_word' id='word_1_247' title='bbox 1618 2988 1696 3059; x_wconf 83' lang='grc' dir='ltr'>τῷ</span> <span class='ocrx_word' id='word_1_248' title='bbox 1742 2992 2028 3058; x_wconf 80' lang='grc' dir='ltr'>νοσήματι,</span> 
     </span>
    </p>
   </div>
   <div class='ocr_carea' id='block_1_36' title="bbox 451 3080 2033 3152">
    <p class='ocr_par' dir='ltr' id='par_1_36' title="bbox 451 3080 2033 3152">
     <span class='ocr_line' id='line_1_36' title="bbox 451 3080 2033 3152; baseline -0.009 -6"><span class='ocrx_word' id='word_1_249' title='bbox 451 3093 577 3147; x_wconf 79' lang='grc' dir='ltr'>ούδέ</span> <span class='ocrx_word' id='word_1_250' title='bbox 606 3086 777 3152; x_wconf 79' lang='grc' dir='ltr'>οὕτως</span> <span class='ocrx_word' id='word_1_251' title='bbox 811 3087 1041 3141; x_wconf 82' lang='grc' dir='ltr'>ἀνέπεσε</span> <span class='ocrx_word' id='word_1_252' title='bbox 1074 3086 1169 3138; x_wconf 73' lang='grc' dir='ltr'>καὶ</span> <span class='ocrx_word' id='word_1_253' title='bbox 1197 3084 1419 3152; x_wconf 80' lang='grc' dir='ltr'>ἀπέγνω</span> <span class='ocrx_word' id='word_1_254' title='bbox 1441 3099 1455 3113; x_wconf 90' lang='grc'><strong>·</strong></span> <span class='ocrx_word' id='word_1_255' title='bbox 1488 3082 1663 3135; x_wconf 85' lang='grc' dir='ltr'>καίτοι</span> <span class='ocrx_word' id='word_1_256' title='bbox 1690 3098 1755 3149; x_wconf 89' lang='grc' dir='ltr'>γε</span> <span class='ocrx_word' id='word_1_257' title='bbox 1779 3080 1839 3134; x_wconf 84' lang='grc' dir='ltr'>οὐ</span> <span class='ocrx_word' id='word_1_258' title='bbox 1872 3082 2033 3151; x_wconf 89' lang='grc' dir='ltr'>μόνον</span> 
     </span>
    </p>
   </div>
   <div class='ocr_carea' id='block_1_37' title="bbox 451 3170 2033 3254">
    <p class='ocr_par' dir='ltr' id='par_1_37' title="bbox 451 3170 2033 3254">
     <span class='ocr_line' id='line_1_37' title="bbox 451 3170 2033 3254; baseline -0.007 -18"><span class='ocrx_word' id='word_1_259' title='bbox 451 3186 486 3254; x_wconf 88' lang='grc' dir='ltr'>ἡ</span> <span class='ocrx_word' id='word_1_260' title='bbox 522 3182 638 3235; x_wconf 83' lang='grc' dir='ltr'>τῶν</span> <span class='ocrx_word' id='word_1_261' title='bbox 657 3176 1034 3251; x_wconf 78' lang='grc' dir='ltr'>παρελθόντων</span> <span class='ocrx_word' id='word_1_262' title='bbox 1065 3175 1293 3246; x_wconf 82' lang='grc' dir='ltr'>ἀθυμία,</span> <span class='ocrx_word' id='word_1_263' title='bbox 1324 3173 1460 3228; x_wconf 84' lang='grc' dir='ltr'>ἀλλά</span> <span class='ocrx_word' id='word_1_264' title='bbox 1483 3174 1576 3227; x_wconf 70' lang='grc' dir='ltr'>καὶ</span> <span class='ocrx_word' id='word_1_265' title='bbox 1606 3175 1638 3243; x_wconf 88' lang='grc' dir='ltr'>ἡ</span> <span class='ocrx_word' id='word_1_266' title='bbox 1672 3171 1781 3226; x_wconf 85' lang='grc' dir='ltr'>τῶν</span> <span class='ocrx_word' id='word_1_267' title='bbox 1814 3170 2033 3242; x_wconf 87' lang='grc' dir='ltr'>μελλόν-</span> 
     </span>
    </p>
   </div>
   <div class='ocr_carea' id='block_1_38' title="bbox 451 3261 2033 3337">
    <p class='ocr_par' dir='ltr' id='par_1_38' title="bbox 451 3261 2033 3337">
     <span class='ocr_line' id='line_1_38' title="bbox 451 3261 2033 3337; baseline -0.009 -11"><span class='ocrx_word' id='word_1_268' title='bbox 451 3291 566 3334; x_wconf 83' lang='grc' dir='ltr'>των</span> <span class='ocrx_word' id='word_1_269' title='bbox 598 3270 918 3325; x_wconf 87' lang='grc' dir='ltr'>ἀνελπιστία</span> <span class='ocrx_word' id='word_1_270' title='bbox 946 3267 1104 3337; x_wconf 80' lang='grc' dir='ltr'>ἱκανὴ</span> <span class='ocrx_word' id='word_1_271' title='bbox 1136 3261 1204 3337; x_wconf 78' lang='grc' dir='ltr'>ἦν</span> <span class='ocrx_word' id='word_1_272' title='bbox 1224 3266 1384 3319; x_wconf 79' lang='grc' dir='ltr'>αὐτὸν</span> <span class='ocrx_word' id='word_1_273' title='bbox 1414 3266 1727 3317; x_wconf 81' lang='grc' dir='ltr'>κατατεῖναι</span> <span class='ocrx_word' id='word_1_274' title='bbox 1758 3262 1807 3316; x_wconf 76' lang='grc' dir='ltr'>δ.</span> <span class='ocrx_word' id='word_1_275' title='bbox 1837 3263 2033 3314; x_wconf 75' lang='grc' dir='ltr'>Ἀκου-</span> 
     </span>
    </p>
   </div>
   <div class='ocr_carea' id='block_1_39' title="bbox 452 3358 2035 3435">
    <p class='ocr_par' dir='ltr' id='par_1_39' title="bbox 452 3358 2035 3435">
     <span class='ocr_line' id='line_1_39' title="bbox 452 3358 2035 3435; baseline -0.007 -15"><span class='ocrx_word' id='word_1_276' title='bbox 452 3385 551 3421; x_wconf 79' lang='grc' dir='ltr'>σον</span> <span class='ocrx_word' id='word_1_277' title='bbox 584 3366 716 3435; x_wconf 85' lang='grc' dir='ltr'>γοῦν</span> <span class='ocrx_word' id='word_1_278' title='bbox 752 3358 840 3418; x_wconf 72' lang='grc' dir='ltr'>οἷά</span> <span class='ocrx_word' id='word_1_279' title='bbox 868 3382 1022 3434; x_wconf 84' lang='grc' dir='ltr'>φησι,</span> <span class='ocrx_word' id='word_1_280' title='bbox 1049 3363 1143 3416; x_wconf 75' lang='grc' dir='ltr'>καὶ</span> <span class='ocrx_word' id='word_1_281' title='bbox 1168 3360 1304 3431; x_wconf 86' lang='grc' dir='ltr'>μάθε</span> <span class='ocrx_word' id='word_1_282' title='bbox 1332 3362 1429 3431; x_wconf 74' lang='grc' dir='ltr'>τῆς</span> <span class='ocrx_word' id='word_1_283' title='bbox 1455 3360 1758 3433; x_wconf 81' lang='grc' dir='ltr'>τραγῳδίας</span> <span class='ocrx_word' id='word_1_284' title='bbox 1788 3358 1847 3410; x_wconf 83' lang='grc' dir='ltr'>τὸ</span> <span class='ocrx_word' id='word_1_285' title='bbox 1876 3358 2035 3428; x_wconf 78' lang='grc' dir='ltr'>μέγε-</span> 
     </span>
    </p>
   </div>
   <div class='ocr_carea' id='block_1_40' title="bbox 452 3447 2036 3526">
    <p class='ocr_par' dir='ltr' id='par_1_40' title="bbox 452 3447 2036 3526">
     <span class='ocr_line' id='line_1_40' title="bbox 452 3447 2036 3526; baseline -0.008 -16"><span class='ocrx_word' id='word_1_286' title='bbox 452 3458 571 3520; x_wconf 86' lang='grc' dir='ltr'>θος.</span> <span class='ocrx_word' id='word_1_287' title='bbox 633 3454 851 3526; x_wconf 77' lang='grc' dir='ltr'>Ἐπειδὴ</span> <span class='ocrx_word' id='word_1_288' title='bbox 902 3454 1011 3525; x_wconf 79' lang='grc' dir='ltr'>γὰρ</span> <span class='ocrx_word' id='word_1_289' title='bbox 1041 3448 1195 3506; x_wconf 76' lang='grc' dir='ltr'>εἶπεν</span> <span class='ocrx_word' id='word_1_290' title='bbox 1241 3453 1270 3504; x_wconf 97' lang='lat'>6</span> <span class='ocrx_word' id='word_1_291' title='bbox 1304 3452 1561 3522; x_wconf 79' lang='grc' dir='ltr'>Χριστὸς,</span> <span class='ocrx_word' id='word_1_292' title='bbox 1615 3450 1818 3513; x_wconf 80' lang='grc' dir='ltr'>Θέλεις</span> <span class='ocrx_word' id='word_1_293' title='bbox 1859 3447 2036 3516; x_wconf 75' lang='grc' dir='ltr'>ὑγιὴς</span> 
     </span>
    </p>
   </div>
   <div class='ocr_carea' id='block_1_41' title="bbox 450 3541 2038 3618">
    <p class='ocr_par' dir='ltr' id='par_1_41' title="bbox 450 3541 2038 3618">
     <span class='ocr_line' id='line_1_41' title="bbox 450 3541 2038 3618; baseline -0.009 -16"><span class='ocrx_word' id='word_1_294' title='bbox 450 3547 740 3618; x_wconf 70' lang='grc' dir='ltr'>γενέσθαι</span> <span class='ocrx_word' id='word_1_295' title='bbox 760 3563 779 3611; x_wconf 86' lang='grc'><em>;</em></span> <span class='ocrx_word' id='word_1_296' title='bbox 802 3547 931 3610; x_wconf 82' lang='grc' dir='ltr'>Ναὶ,</span> <span class='ocrx_word' id='word_1_297' title='bbox 958 3545 1155 3612; x_wconf 87' lang='grc' dir='ltr'>Κύριε,</span> <span class='ocrx_word' id='word_1_298' title='bbox 1197 3542 1471 3614; x_wconf 87' lang='grc' dir='ltr'>ἀπεκρίθη</span> <span class='ocrx_word' id='word_1_299' title='bbox 1490 3559 1503 3571; x_wconf 92' lang='grc'><strong>·</strong></span> <span class='ocrx_word' id='word_1_300' title='bbox 1555 3542 1690 3595; x_wconf 69' lang='grc' dir='ltr'>ἀλλ’</span> <span class='ocrx_word' id='word_1_301' title='bbox 1727 3541 2038 3606; x_wconf 74' lang='grc' dir='ltr'>ἄνθρωπον</span> 
     </span>
    </p>
   </div>
   <div class='ocr_carea' id='block_1_42' title="bbox 451 3629 2036 3709">
    <p class='ocr_par' dir='ltr' id='par_1_42' title="bbox 451 3629 2036 3709">
     <span class='ocr_line' id='line_1_42' title="bbox 451 3629 2036 3709; baseline -0.009 -15"><span class='ocrx_word' id='word_1_302' title='bbox 451 3642 571 3694; x_wconf 84' lang='grc' dir='ltr'>οὐκ</span> <span class='ocrx_word' id='word_1_303' title='bbox 601 3639 743 3709; x_wconf 78' lang='grc' dir='ltr'>ἔχω,</span> <span class='ocrx_word' id='word_1_304' title='bbox 769 3637 890 3699; x_wconf 77' lang='grc' dir='ltr'>ἵνα,</span> <span class='ocrx_word' id='word_1_305' title='bbox 917 3635 1064 3689; x_wconf 66' lang='grc' dir='ltr'>ὅταν·</span> <span class='ocrx_word' id='word_1_306' title='bbox 1085 3632 1351 3701; x_wconf 74' lang='grc' dir='ltr'>ταραχθῇ</span> <span class='ocrx_word' id='word_1_307' title='bbox 1384 3633 1452 3686; x_wconf 86' lang='grc' dir='ltr'>τὸ</span> <span class='ocrx_word' id='word_1_308' title='bbox 1474 3631 1650 3698; x_wconf 84' lang='grc' dir='ltr'>ὕδωρ,</span> <span class='ocrx_word' id='word_1_309' title='bbox 1670 3629 1836 3696; x_wconf 76' lang='grc' dir='ltr'>,ϐάλῃ</span> <span class='ocrx_word' id='word_1_310' title='bbox 1855 3644 1931 3697; x_wconf 75' lang='grc' dir='ltr'>με</span> <span class='ocrx_word' id='word_1_311' title='bbox 1950 3630 2036 3692; x_wconf 82' lang='grc' dir='ltr'>εὶς</span> 
     </span>
    </p>
   </div>
   <div class='ocr_carea' id='block_1_43' title="bbox 450 3718 2026 3797">
    <p class='ocr_par' dir='ltr' id='par_1_43' title="bbox 450 3718 2026 3797">
     <span class='ocr_line' id='line_1_43' title="bbox 450 3718 2026 3797; baseline -0.007 -14"><span class='ocrx_word' id='word_1_312' title='bbox 450 3730 576 3797; x_wconf 78' lang='grc' dir='ltr'>τὴν</span> <span class='ocrx_word' id='word_1_313' title='bbox 597 3727 1038 3797; x_wconf 73' lang='grc' dir='ltr'>κολυμϐήθραν.</span> <span class='ocrx_word' id='word_1_314' title='bbox 1068 3725 1134 3776; x_wconf 88' lang='grc' dir='ltr'>Τί</span> <span class='ocrx_word' id='word_1_315' title='bbox 1155 3724 1356 3777; x_wconf 87' lang='grc' dir='ltr'>τούτων</span> <span class='ocrx_word' id='word_1_316' title='bbox 1388 3723 1496 3775; x_wconf 84' lang='grc' dir='ltr'>τῶν</span> <span class='ocrx_word' id='word_1_317' title='bbox 1530 3720 1788 3792; x_wconf 78' lang='grc' dir='ltr'>ῥημάτων</span> <span class='ocrx_word' id='word_1_318' title='bbox 1808 3718 2026 3772; x_wconf 82' lang='grc' dir='ltr'>ἐλεεινό-</span> 
     </span>
    </p>
   </div>
   <div class='ocr_carea' id='block_1_44' title="bbox 450 3810 2038 3892">
    <p class='ocr_par' dir='ltr' id='par_1_44' title="bbox 450 3810 2038 3892">
     <span class='ocr_line' id='line_1_44' title="bbox 450 3810 2038 3892; baseline -0.009 -18"><span class='ocrx_word' id='word_1_319' title='bbox 450 3837 621 3892; x_wconf 84' lang='grc' dir='ltr'>τερον</span> <span class='ocrx_word' id='word_1_320' title='bbox 654 3816 850 3884; x_wconf 78' lang='grc' dir='ltr'>γένοιτ’</span> <span class='ocrx_word' id='word_1_321' title='bbox 880 3818 945 3871; x_wconf 85' lang='grc' dir='ltr'>ἀν</span> <span class='ocrx_word' id='word_1_322' title='bbox 968 3834 985 3883; x_wconf 85' lang='grc'>;</span> <span class='ocrx_word' id='word_1_323' title='bbox 1012 3814 1064 3868; x_wconf 87' lang='grc' dir='ltr'>τί</span> <span class='ocrx_word' id='word_1_324' title='bbox 1110 3815 1216 3868; x_wconf 85' lang='grc' dir='ltr'>τῶν</span> <span class='ocrx_word' id='word_1_325' title='bbox 1255 3813 1593 3885; x_wconf 83' lang='grc' dir='ltr'>πραγμάτων</span> <span class='ocrx_word' id='word_1_326' title='bbox 1639 3810 2038 3881; x_wconf 85' lang='grc' dir='ltr'>περιπαθέστε-</span> 
     </span>
    </p>
   </div>
   <div class='ocr_carea' id='block_1_45' title="bbox 454 3898 2041 3982">
    <p class='ocr_par' dir='ltr' id='par_1_45' title="bbox 454 3898 2041 3982">
     <span class='ocr_line' id='line_1_45' title="bbox 454 3898 2041 3982; baseline -0.006 -22"><span class='ocrx_word' id='word_1_327' title='bbox 454 3928 554 3982; x_wconf 85' lang='grc' dir='ltr'>ρον</span> <span class='ocrx_word' id='word_1_328' title='bbox 583 3925 600 3973; x_wconf 88' lang='lat'>;</span> <span class='ocrx_word' id='word_1_329' title='bbox 627 3904 779 3971; x_wconf 68' lang='grc' dir='ltr'>Εἶδες</span> <span class='ocrx_word' id='word_1_330' title='bbox 795 3907 1019 3979; x_wconf 84' lang='grc' dir='ltr'>καρδίαν</span> <span class='ocrx_word' id='word_1_331' title='bbox 1044 3916 1067 3944; x_wconf 78' lang='grc' dir='ltr'><strong>ο</strong></span> <span class='ocrx_word' id='word_1_332' title='bbox 1090 3902 1555 3975; x_wconf 84' lang='grc' dir='ltr'>συντετριμμένην</span> <span class='ocrx_word' id='word_1_333' title='bbox 1582 3900 1685 3953; x_wconf 80' lang='grc' dir='ltr'>ὑπὸ</span> <span class='ocrx_word' id='word_1_334' title='bbox 1701 3899 1801 3967; x_wconf 83' lang='grc' dir='ltr'>τῆς</span> <span class='ocrx_word' id='word_1_335' title='bbox 1826 3898 2041 3967; x_wconf 79' lang='grc' dir='ltr'>μακρᾶς</span> 
     </span>
    </p>
   </div>
   <div class='ocr_carea' id='block_1_46' title="bbox 451 3989 2040 4071">
    <p class='ocr_par' dir='ltr' id='par_1_46' title="bbox 451 3989 2040 4071">
     <span class='ocr_line' id='line_1_46' title="bbox 451 3989 2040 4071; baseline -0.008 -18"><span class='ocrx_word' id='word_1_336' title='bbox 451 3996 809 4071; x_wconf 79' lang='grc' dir='ltr'>ἀρρωστίας;</span> <span class='ocrx_word' id='word_1_337' title='bbox 847 3992 982 4058; x_wconf 79' lang='grc' dir='ltr'>εἶδες</span> <span class='ocrx_word' id='word_1_338' title='bbox 1008 3996 1184 4048; x_wconf 80' lang='grc' dir='ltr'>πᾶσαν</span> <span class='ocrx_word' id='word_1_339' title='bbox 1217 3992 1525 4063; x_wconf 82' lang='grc' dir='ltr'>φλεγμονὴν</span> <span class='ocrx_word' id='word_1_340' title='bbox 1570 3989 2040 4059; x_wconf 87' lang='grc' dir='ltr'>κατεσταλμένην;</span> 
     </span>
    </p>
   </div>
   <div class='ocr_carea' id='block_1_47' title="bbox 451 4078 2040 4156">
    <p class='ocr_par' dir='ltr' id='par_1_47' title="bbox 451 4078 2040 4156">
     <span class='ocr_line' id='line_1_47' title="bbox 451 4078 2040 4156; baseline -0.008 -13"><span class='ocrx_word' id='word_1_341' title='bbox 451 4089 602 4143; x_wconf 84' lang='grc' dir='ltr'>Οὐδέ</span> <span class='ocrx_word' id='word_1_342' title='bbox 633 4087 742 4156; x_wconf 83' lang='grc' dir='ltr'>γὰρ</span> <span class='ocrx_word' id='word_1_343' title='bbox 763 4085 1060 4155; x_wconf 80' lang='grc' dir='ltr'>ἐφθέγξατὸ</span> <span class='ocrx_word' id='word_1_344' title='bbox 1092 4103 1145 4138; x_wconf 91' lang='grc' dir='ltr'>τι</span> <span class='ocrx_word' id='word_1_345' title='bbox 1172 4084 1507 4154; x_wconf 75' lang='grc' dir='ltr'>βλάσφημον,</span> <span class='ocrx_word' id='word_1_346' title='bbox 1536 4078 1623 4135; x_wconf 76' lang='grc' dir='ltr'>οἷα</span> <span class='ocrx_word' id='word_1_347' title='bbox 1644 4083 1769 4143; x_wconf 84' lang='grc' dir='ltr'>τοὺς</span> <span class='ocrx_word' id='word_1_348' title='bbox 1813 4080 2040 4142; x_wconf 78' lang='grc' dir='ltr'>πολλοὺς</span> 
     </span>
    </p>
   </div>
   <div class='ocr_carea' id='block_1_48' title="bbox 449 4168 2039 4246">
    <p class='ocr_par' dir='ltr' id='par_1_48' title="bbox 449 4168 2039 4246">
     <span class='ocr_line' id='line_1_48' title="bbox 449 4168 2039 4246; baseline -0.006 -15"><span class='ocrx_word' id='word_1_349' title='bbox 449 4178 737 4246; x_wconf 80' lang='grc' dir='ltr'>ἀκούομεν</span> <span class='ocrx_word' id='word_1_350' title='bbox 756 4177 814 4227; x_wconf 90' lang='grc' dir='ltr'>ἐν</span> <span class='ocrx_word' id='word_1_351' title='bbox 837 4178 956 4237; x_wconf 87' lang='grc' dir='ltr'>ταῖς</span> <span class='ocrx_word' id='word_1_352' title='bbox 976 4174 1358 4244; x_wconf 81' lang='grc' dir='ltr'>περιστάσεσιν</span> <span class='ocrx_word' id='word_1_353' title='bbox 1378 4190 1392 4203; x_wconf 82' lang='lat'><strong>&#39;</strong></span> <span class='ocrx_word' id='word_1_354' title='bbox 1419 4174 1479 4224; x_wconf 88' lang='grc' dir='ltr'>οὺ</span> <span class='ocrx_word' id='word_1_355' title='bbox 1512 4172 1861 4242; x_wconf 82' lang='grc' dir='ltr'>κατηράσατο</span> <span class='ocrx_word' id='word_1_356' title='bbox 1877 4168 2039 4222; x_wconf 77' lang='grc' dir='ltr'>αὑτοῦ</span> 
     </span>
    </p>
   </div>
   <div class='ocr_carea' id='block_1_49' title="bbox 450 4259 2043 4338">
    <p class='ocr_par' dir='ltr' id='par_1_49' title="bbox 450 4259 2043 4338">
     <span class='ocr_line' id='line_1_49' title="bbox 450 4259 2043 4338; baseline -0.006 -18"><span class='ocrx_word' id='word_1_357' title='bbox 450 4268 560 4338; x_wconf 83' lang='grc' dir='ltr'>τὴν</span> <span class='ocrx_word' id='word_1_358' title='bbox 592 4266 830 4337; x_wconf 85' lang='grc' dir='ltr'>ἡμέραν,</span> <span class='ocrx_word' id='word_1_359' title='bbox 857 4265 957 4318; x_wconf 84' lang='grc' dir='ltr'>ούκ</span> <span class='ocrx_word' id='word_1_360' title='bbox 984 4264 1302 4334; x_wconf 75' lang='grc' dir='ltr'>ἐδυσχέρανε</span> <span class='ocrx_word' id='word_1_361' title='bbox 1334 4263 1468 4333; x_wconf 80' lang='grc' dir='ltr'>πρὸς</span> <span class='ocrx_word' id='word_1_362' title='bbox 1496 4262 1594 4331; x_wconf 81' lang='grc' dir='ltr'>τὴν</span> <span class='ocrx_word' id='word_1_363' title='bbox 1621 4260 1902 4330; x_wconf 82' lang='grc' dir='ltr'>ἐρώτησιν,</span> <span class='ocrx_word' id='word_1_364' title='bbox 1922 4259 2043 4311; x_wconf 81' lang='grc' dir='ltr'>οὐδὲ</span> 
     </span>
    </p>
   </div>
   <div class='ocr_carea' id='block_1_50' title="bbox 451 4353 2041 4426">
    <p class='ocr_par' dir='ltr' id='par_1_50' title="bbox 451 4353 2041 4426">
     <span class='ocr_line' id='line_1_50' title="bbox 451 4353 2041 4426; baseline -0.006 -14"><span class='ocrx_word' id='word_1_365' title='bbox 451 4356 587 4412; x_wconf 84' lang='grc' dir='ltr'>εἷπε</span> <span class='ocrx_word' id='word_1_366' title='bbox 612 4376 627 4389; x_wconf 76' lang='grc' dir='ltr'>ο</span> <span class='ocrx_word' id='word_1_367' title='bbox 661 4355 923 4426; x_wconf 86' lang='grc' dir='ltr'>Διασῦραι</span> <span class='ocrx_word' id='word_1_368' title='bbox 952 4356 1095 4425; x_wconf 77' lang='grc' dir='ltr'>ἡμᾶς</span> <span class='ocrx_word' id='word_1_369' title='bbox 1120 4354 1497 4425; x_wconf 81' lang='grc' dir='ltr'>παραγέγονας</span> <span class='ocrx_word' id='word_1_370' title='bbox 1547 4353 1641 4405; x_wconf 80' lang='grc' dir='ltr'>καὶ</span> <span class='ocrx_word' id='word_1_371' title='bbox 1692 4353 2041 4422; x_wconf 81' lang='grc' dir='ltr'>κωμῳδῆσαι,</span> 
     </span>
    </p>
   </div>
   <div class='ocr_carea' id='block_1_51' title="bbox 452 4441 2044 4520">
    <p class='ocr_par' dir='ltr' id='par_1_51' title="bbox 452 4441 2044 4520">
     <span class='ocr_line' id='line_1_51' title="bbox 452 4441 2044 4520; baseline -0.006 -17"><span class='ocrx_word' id='word_1_372' title='bbox 452 4452 544 4504; x_wconf 80' lang='grc' dir='ltr'>ὅτι</span> <span class='ocrx_word' id='word_1_373' title='bbox 584 4448 825 4520; x_wconf 81' lang='grc' dir='ltr'>ἐρωτᾷς,</span> <span class='ocrx_word' id='word_1_374' title='bbox 851 4448 898 4499; x_wconf 85' lang='grc' dir='ltr'>εί</span> <span class='ocrx_word' id='word_1_375' title='bbox 920 4446 1058 4498; x_wconf 83' lang='grc' dir='ltr'>θέλω</span> <span class='ocrx_word' id='word_1_376' title='bbox 1095 4445 1252 4514; x_wconf 76' lang='grc' dir='ltr'>ὑγιὴς</span> <span class='ocrx_word' id='word_1_377' title='bbox 1277 4442 1527 4512; x_wconf 85' lang='grc' dir='ltr'>γενέσθαι</span> <span class='ocrx_word' id='word_1_378' title='bbox 1545 4459 1558 4472; x_wconf 74' lang='grc' dir='ltr'><strong>ο</strong></span> <span class='ocrx_word' id='word_1_379' title='bbox 1582 4441 1715 4494; x_wconf 85' lang='grc' dir='ltr'>ἀλλά</span> <span class='ocrx_word' id='word_1_380' title='bbox 1743 4442 1927 4512; x_wconf 86' lang='grc' dir='ltr'>πράως</span> <span class='ocrx_word' id='word_1_381' title='bbox 1950 4443 2044 4494; x_wconf 74' lang='grc' dir='ltr'>καὶ</span> 
     </span>
    </p>
   </div>
   <div class='ocr_carea' id='block_1_52' title="bbox 457 4531 2043 4609">
    <p class='ocr_par' dir='ltr' id='par_1_52' title="bbox 457 4531 2043 4609">
     <span class='ocr_line' id='line_1_52' title="bbox 457 4531 2043 4609; baseline -0.006 -17"><span class='ocrx_word' id='word_1_382' title='bbox 457 4540 591 4609; x_wconf 73' lang='grc' dir='ltr'>μετ’</span> <span class='ocrx_word' id='word_1_383' title='bbox 619 4537 922 4599; x_wconf 86' lang='grc' dir='ltr'>ἐπιεικείας</span> <span class='ocrx_word' id='word_1_384' title='bbox 951 4535 1169 4605; x_wconf 81' lang='grc' dir='ltr'>πολλῆς,</span> <span class='ocrx_word' id='word_1_385' title='bbox 1199 4533 1335 4599; x_wconf 77' lang='grc' dir='ltr'>Ναὶ,</span> <span class='ocrx_word' id='word_1_386' title='bbox 1364 4534 1557 4600; x_wconf 79' lang='grc' dir='ltr'>Κύριε.</span> <span class='ocrx_word' id='word_1_387' title='bbox 1600 4531 1790 4585; x_wconf 82' lang='grc' dir='ltr'>Καίτοι</span> <span class='ocrx_word' id='word_1_388' title='bbox 1828 4548 1891 4599; x_wconf 92' lang='grc' dir='ltr'>γε</span> <span class='ocrx_word' id='word_1_389' title='bbox 1925 4531 2043 4583; x_wconf 79' lang='grc' dir='ltr'>οὐδὲ</span> 
     </span>
    </p>
   </div>
   <div class='ocr_carea' id='block_1_53' title="bbox 454 4622 2046 4699">
    <p class='ocr_par' dir='ltr' id='par_1_53' title="bbox 454 4622 2046 4699">
     <span class='ocr_line' id='line_1_53' title="bbox 454 4622 2046 4699; baseline -0.004 -17"><span class='ocrx_word' id='word_1_390' title='bbox 454 4630 584 4699; x_wconf 70' lang='grc' dir='ltr'>ᾔδει</span> <span class='ocrx_word' id='word_1_391' title='bbox 612 4627 698 4690; x_wconf 88' lang='grc' dir='ltr'>τίς</span> <span class='ocrx_word' id='word_1_392' title='bbox 719 4644 850 4680; x_wconf 70' lang='grc' dir='ltr'>ποτε</span> <span class='ocrx_word' id='word_1_393' title='bbox 878 4622 946 4697; x_wconf 71' lang='grc' dir='ltr'>ἦν</span> <span class='ocrx_word' id='word_1_394' title='bbox 970 4627 998 4678; x_wconf 87' lang='grc'>6</span> <span class='ocrx_word' id='word_1_395' title='bbox 1026 4625 1267 4696; x_wconf 81' lang='grc' dir='ltr'>ἐρωτῶν,</span> <span class='ocrx_word' id='word_1_396' title='bbox 1302 4624 1422 4677; x_wconf 82' lang='grc' dir='ltr'>οὐδὲ</span> <span class='ocrx_word' id='word_1_397' title='bbox 1448 4625 1529 4676; x_wconf 86' lang='grc' dir='ltr'>ὅτι</span> <span class='ocrx_word' id='word_1_398' title='bbox 1566 4622 1922 4692; x_wconf 80' lang='grc' dir='ltr'>θεραπεύσειν</span> <span class='ocrx_word' id='word_1_399' title='bbox 1950 4623 2046 4675; x_wconf 85' lang='grc' dir='ltr'>αὐ-</span> 
     </span>
    </p>
   </div>
   <div class='ocr_carea' id='block_1_54' title="bbox 449 4712 2045 4789">
    <p class='ocr_par' dir='ltr' id='par_1_54' title="bbox 449 4712 2045 4789">
     <span class='ocr_line' id='line_1_54' title="bbox 449 4712 2045 4789; baseline -0.004 -17"><span class='ocrx_word' id='word_1_400' title='bbox 449 4723 554 4773; x_wconf 75' lang='grc' dir='ltr'>τὸν</span> <span class='ocrx_word' id='word_1_401' title='bbox 586 4717 855 4789; x_wconf 72' lang='grc' dir='ltr'>ἔμελλενο</span> <span class='ocrx_word' id='word_1_402' title='bbox 909 4716 1023 4770; x_wconf 85' lang='grc' dir='ltr'>ἀλλ’</span> <span class='ocrx_word' id='word_1_403' title='bbox 1074 4716 1223 4786; x_wconf 82' lang='grc' dir='ltr'>ὅμως</span> <span class='ocrx_word' id='word_1_404' title='bbox 1282 4714 1419 4785; x_wconf 90' lang='grc' dir='ltr'>μετά</span> <span class='ocrx_word' id='word_1_405' title='bbox 1479 4713 1778 4776; x_wconf 78' lang='grc' dir='ltr'>ἐπιεικείας</span> <span class='ocrx_word' id='word_1_406' title='bbox 1830 4712 2045 4766; x_wconf 75' lang='grc' dir='ltr'>ἅπαντα</span> 
     </span>
    </p>
   </div>
   <div class='ocr_carea' id='block_1_55' title="bbox 450 4804 2044 4881">
    <p class='ocr_par' dir='ltr' id='par_1_55' title="bbox 450 4804 2044 4881">
     <span class='ocr_line' id='line_1_55' title="bbox 450 4804 2044 4881; baseline -0.006 -16"><span class='ocrx_word' id='word_1_407' title='bbox 450 4812 762 4881; x_wconf 85' lang='grc' dir='ltr'>διηγεῖται,</span> <span class='ocrx_word' id='word_1_408' title='bbox 790 4809 884 4861; x_wconf 80' lang='grc' dir='ltr'>καὶ</span> <span class='ocrx_word' id='word_1_409' title='bbox 922 4807 1083 4860; x_wconf 86' lang='grc' dir='ltr'>πλέον</span> <span class='ocrx_word' id='word_1_410' title='bbox 1108 4806 1259 4858; x_wconf 80' lang='grc' dir='ltr'>οὐδὲν</span> <span class='ocrx_word' id='word_1_411' title='bbox 1304 4808 1544 4867; x_wconf 88' lang='grc' dir='ltr'>ἀπαιτεῖ,</span> <span class='ocrx_word' id='word_1_412' title='bbox 1577 4804 1653 4867; x_wconf 80' lang='grc' dir='ltr'>ὡς</span> <span class='ocrx_word' id='word_1_413' title='bbox 1680 4805 1816 4875; x_wconf 76' lang='grc' dir='ltr'>πρὸς</span> <span class='ocrx_word' id='word_1_414' title='bbox 1860 4804 2044 4874; x_wconf 81' lang='grc' dir='ltr'>ἰατρὸν</span> 
     </span>
    </p>
   </div>
   <div class='ocr_carea' id='block_1_56' title="bbox 451 4889 2040 4968">
    <p class='ocr_par' dir='ltr' id='par_1_56' title="bbox 451 4889 2040 4968">
     <span class='ocr_line' id='line_1_56' title="bbox 451 4889 2040 4968; baseline -0.008 -15"><span class='ocrx_word' id='word_1_415' title='bbox 451 4892 864 4968; x_wconf 74' lang='grc' dir='ltr'>φθεγγόμενος,</span> <span class='ocrx_word' id='word_1_416' title='bbox 893 4894 1066 4949; x_wconf 75' lang='grc' dir='ltr'>καὶτὸ</span> <span class='ocrx_word' id='word_1_417' title='bbox 1089 4893 1259 4956; x_wconf 87' lang='grc' dir='ltr'>πάθος</span> <span class='ocrx_word' id='word_1_418' title='bbox 1291 4894 1617 4960; x_wconf 83' lang='grc' dir='ltr'>ἀπαγγεῖλαι</span> <span class='ocrx_word' id='word_1_419' title='bbox 1655 4891 1813 4961; x_wconf 88' lang='grc' dir='ltr'>μόνον</span> <span class='ocrx_word' id='word_1_420' title='bbox 1856 4889 2040 4959; x_wconf 85' lang='grc' dir='ltr'>βουλό-</span> 
     </span>
    </p>
   </div>
   <div class='ocr_carea' id='block_1_57' title="bbox 455 4979 2043 5059">
    <p class='ocr_par' dir='ltr' id='par_1_57' title="bbox 455 4979 2043 5059">
     <span class='ocr_line' id='line_1_57' title="bbox 455 4979 2043 5059; baseline -0.006 -18"><span class='ocrx_word' id='word_1_421' title='bbox 455 5005 658 5059; x_wconf 82' lang='grc' dir='ltr'>μενος.</span> <span class='ocrx_word' id='word_1_422' title='bbox 680 4985 1051 5057; x_wconf 88' lang='grc' dir='ltr'>Προσεδόκησε</span> <span class='ocrx_word' id='word_1_423' title='bbox 1081 4984 1190 5054; x_wconf 74' lang='grc' dir='ltr'>γὰρ</span> <span class='ocrx_word' id='word_1_424' title='bbox 1218 4982 1346 5046; x_wconf 76' lang='grc' dir='ltr'>ἴσως</span> <span class='ocrx_word' id='word_1_425' title='bbox 1378 4985 1455 5045; x_wconf 86' lang='grc' dir='ltr'>είς</span> <span class='ocrx_word' id='word_1_426' title='bbox 1474 4981 1632 5035; x_wconf 83' lang='grc' dir='ltr'>τοῦτο</span> <span class='ocrx_word' id='word_1_427' title='bbox 1652 4979 2043 5051; x_wconf 86' lang='grc' dir='ltr'>χρησιμεύσειν</span> 
     </span>
    </p>
   </div>
   <div class='ocr_carea' id='block_1_58' title="bbox 450 5067 2045 5146">
    <p class='ocr_par' dir='ltr' id='par_1_58' title="bbox 450 5067 2045 5146">
     <span class='ocr_line' id='line_1_58' title="bbox 450 5067 2045 5146; baseline -0.008 -14"><span class='ocrx_word' id='word_1_428' title='bbox 450 5077 623 5146; x_wconf 77' lang='grc' dir='ltr'>αὐτῷ</span> <span class='ocrx_word' id='word_1_429' title='bbox 656 5077 747 5130; x_wconf 77' lang='grc' dir='ltr'>τὸν</span> <span class='ocrx_word' id='word_1_430' title='bbox 780 5075 1032 5146; x_wconf 79' lang='grc' dir='ltr'>Χριστὸν,</span> <span class='ocrx_word' id='word_1_431' title='bbox 1061 5075 1141 5137; x_wconf 87' lang='grc' dir='ltr'>είς</span> <span class='ocrx_word' id='word_1_432' title='bbox 1165 5074 1225 5125; x_wconf 87' lang='lat'>16</span> <span class='ocrx_word' id='word_1_433' title='bbox 1261 5072 1514 5143; x_wconf 78' lang='grc' dir='ltr'>ἐμϐαλεῖν</span> <span class='ocrx_word' id='word_1_434' title='bbox 1548 5073 1626 5134; x_wconf 81' lang='grc' dir='ltr'>είς</span> <span class='ocrx_word' id='word_1_435' title='bbox 1653 5070 1715 5122; x_wconf 90' lang='lat'>16</span> <span class='ocrx_word' id='word_1_436' title='bbox 1755 5068 1917 5138; x_wconf 78' lang='grc' dir='ltr'>ὕδωρ,</span> <span class='ocrx_word' id='word_1_437' title='bbox 1950 5067 2045 5120; x_wconf 78' lang='grc' dir='ltr'>καὶ</span> 
     </span>
    </p>
   </div>
   <div class='ocr_carea' id='block_1_59' title="bbox 448 5158 2046 5231">
    <p class='ocr_par' dir='ltr' id='par_1_59' title="bbox 448 5158 2046 5231">
     <span class='ocr_line' id='line_1_59' title="bbox 448 5158 2046 5231; baseline -0.008 -9"><span class='ocrx_word' id='word_1_438' title='bbox 448 5169 550 5222; x_wconf 73' lang='grc' dir='ltr'>διὰ</span> <span class='ocrx_word' id='word_1_439' title='bbox 576 5167 787 5220; x_wconf 85' lang='grc' dir='ltr'>τούτων</span> <span class='ocrx_word' id='word_1_440' title='bbox 807 5165 970 5219; x_wconf 81' lang='grc' dir='ltr'>αὑτὸν</span> <span class='ocrx_word' id='word_1_441' title='bbox 1002 5163 1402 5218; x_wconf 88' lang='grc' dir='ltr'>ἐπισπάσασθαι</span> <span class='ocrx_word' id='word_1_442' title='bbox 1432 5160 1538 5215; x_wconf 77' lang='grc' dir='ltr'>τῶν</span> <span class='ocrx_word' id='word_1_443' title='bbox 1572 5161 1829 5231; x_wconf 74' lang='grc' dir='ltr'>ῥημάτων</span> <span class='ocrx_word' id='word_1_444' title='bbox 1863 5158 2046 5228; x_wconf 88' lang='grc' dir='ltr'>βούλε-</span> 
     </span>
    </p>
   </div>
   <div class='ocr_carea' id='block_1_60' title="bbox 446 5247 2050 5326">
    <p class='ocr_par' dir='ltr' id='par_1_60' title="bbox 446 5247 2050 5326">
     <span class='ocr_line' id='line_1_60' title="bbox 446 5247 2050 5326; baseline -0.007 -15"><span class='ocrx_word' id='word_1_445' title='bbox 446 5276 579 5313; x_wconf 84' lang='grc' dir='ltr'>ται.</span> <span class='ocrx_word' id='word_1_446' title='bbox 617 5257 683 5310; x_wconf 90' lang='grc' dir='ltr'>Τί</span> <span class='ocrx_word' id='word_1_447' title='bbox 710 5252 804 5310; x_wconf 81' lang='grc' dir='ltr'>οὖν</span> <span class='ocrx_word' id='word_1_448' title='bbox 836 5258 865 5310; x_wconf 90' lang='lat'>6</span> <span class='ocrx_word' id='word_1_449' title='bbox 898 5255 1166 5326; x_wconf 81' lang='grc' dir='ltr'>Χριστός;</span> <span class='ocrx_word' id='word_1_450' title='bbox 1202 5254 1424 5316; x_wconf 73' lang='grc' dir='ltr'>Δεικνυς</span> <span class='ocrx_word' id='word_1_451' title='bbox 1453 5253 1534 5304; x_wconf 83' lang='grc' dir='ltr'>ὅτι</span> <span class='ocrx_word' id='word_1_452' title='bbox 1578 5252 1723 5319; x_wconf 76' lang='grc' dir='ltr'>λόγῳ</span> <span class='ocrx_word' id='word_1_453' title='bbox 1755 5250 1932 5301; x_wconf 75' lang='grc' dir='ltr'>πάντα</span> <span class='ocrx_word' id='word_1_454' title='bbox 1957 5247 2050 5300; x_wconf 88' lang='grc' dir='ltr'>δύ-</span> 
     </span>
    </p>
   </div>
   <div class='ocr_carea' id='block_1_61' title="bbox 446 5339 2053 5417">
    <p class='ocr_par' dir='ltr' id='par_1_61' title="bbox 446 5339 2053 5417">
     <span class='ocr_line' id='line_1_61' title="bbox 446 5339 2053 5417; baseline -0.008 -13"><span class='ocrx_word' id='word_1_455' title='bbox 446 5367 635 5405; x_wconf 83' lang='grc' dir='ltr'>ναται</span> <span class='ocrx_word' id='word_1_456' title='bbox 662 5349 1138 5417; x_wconf 76' lang='grc' dir='ltr'>ποιεῖν,Ἕτειραι,</span> <span class='ocrx_word' id='word_1_457' title='bbox 1161 5345 1342 5416; x_wconf 83' lang='grc' dir='ltr'>φησὶν,</span> <span class='ocrx_word' id='word_1_458' title='bbox 1365 5339 1514 5412; x_wconf 77' lang='grc' dir='ltr'>ἆρον</span> <span class='ocrx_word' id='word_1_459' title='bbox 1546 5342 1560 5382; x_wconf 77' lang='grc' dir='ltr'>ί</span> <span class='ocrx_word' id='word_1_460' title='bbox 1592 5342 1698 5395; x_wconf 82' lang='grc' dir='ltr'>τὸν</span> <span class='ocrx_word' id='word_1_461' title='bbox 1726 5340 2053 5409; x_wconf 78' lang='grc' dir='ltr'>κράϐϐατόν</span> 
     </span>
    </p>
   </div>
   <div class='ocr_carea' id='block_1_62' title="bbox 447 5430 2053 5508">
    <p class='ocr_par' dir='ltr' id='par_1_62' title="bbox 447 5430 2053 5508">
     <span class='ocr_line' id='line_1_62' title="bbox 447 5430 2053 5508; baseline -0.009 -10"><span class='ocrx_word' id='word_1_462' title='bbox 447 5458 616 5504; x_wconf 83' lang='grc' dir='ltr'>σου,</span> <span class='ocrx_word' id='word_1_463' title='bbox 652 5441 752 5495; x_wconf 76' lang='grc' dir='ltr'>καὶ</span> <span class='ocrx_word' id='word_1_464' title='bbox 786 5439 1111 5508; x_wconf 76' lang='grc' dir='ltr'>περιπάτει.</span> <span class='ocrx_word' id='word_1_465' title='bbox 1144 5438 1298 5500; x_wconf 83' lang='grc' dir='ltr'>Τινὲς</span> <span class='ocrx_word' id='word_1_466' title='bbox 1350 5436 1446 5505; x_wconf 83' lang='grc' dir='ltr'>μὲν</span> <span class='ocrx_word' id='word_1_467' title='bbox 1489 5430 1581 5488; x_wconf 80' lang='grc' dir='ltr'>οὖν</span> <span class='ocrx_word' id='word_1_468' title='bbox 1637 5431 1838 5486; x_wconf 71' lang='grc' dir='ltr'>οἴονται</span> <span class='ocrx_word' id='word_1_469' title='bbox 1865 5430 2053 5484; x_wconf 83' lang='grc' dir='ltr'>τοῦτον</span> 
     </span>
    </p>
   </div>
   <div class='ocr_carea' id='block_1_63' title="bbox 448 5522 2046 5601">
    <p class='ocr_par' dir='ltr' id='par_1_63' title="bbox 448 5522 2046 5601">
     <span class='ocr_line' id='line_1_63' title="bbox 448 5522 2046 5601; baseline -0.008 -14"><span class='ocrx_word' id='word_1_470' title='bbox 448 5529 616 5587; x_wconf 77' lang='grc' dir='ltr'>εἶναι</span> <span class='ocrx_word' id='word_1_471' title='bbox 641 5532 730 5585; x_wconf 71' lang='grc' dir='ltr'>τὸν</span> <span class='ocrx_word' id='word_1_472' title='bbox 774 5532 832 5584; x_wconf 88' lang='grc' dir='ltr'>ἐν</span> <span class='ocrx_word' id='word_1_473' title='bbox 863 5529 943 5601; x_wconf 81' lang='grc' dir='ltr'>τῷ</span> <span class='ocrx_word' id='word_1_474' title='bbox 982 5528 1242 5599; x_wconf 81' lang='grc' dir='ltr'>Ματθαίῳ</span> <span class='ocrx_word' id='word_1_475' title='bbox 1282 5526 1550 5595; x_wconf 89' lang='grc' dir='ltr'>κείμενον.</span> <span class='ocrx_word' id='word_1_476' title='bbox 1596 5523 1733 5576; x_wconf 83' lang='grc' dir='ltr'>Ἀλλ’</span> <span class='ocrx_word' id='word_1_477' title='bbox 1764 5522 1864 5576; x_wconf 78' lang='grc' dir='ltr'>οὐκ</span> <span class='ocrx_word' id='word_1_478' title='bbox 1900 5522 2046 5575; x_wconf 82' lang='grc' dir='ltr'>ἐστι·</span> 
     </span>
    </p>
   </div>
   <div class='ocr_carea' id='block_1_64' title="bbox 520 5730 2045 5795">
    <p class='ocr_par' dir='ltr' id='par_1_64' title="bbox 520 5730 2045 5795">
     <span class='ocr_line' id='line_1_64' title="bbox 520 5730 2045 5795; baseline -0.004 -14"><span class='ocrx_word' id='word_1_479' title='bbox 520 5737 551 5765; x_wconf 76' lang='grc'><strong><em>³</em></strong></span> <span class='ocrx_word' id='word_1_480' title='bbox 581 5732 764 5781; x_wconf 76' lang='lat' dir='ltr'>Morel.</span> <span class='ocrx_word' id='word_1_481' title='bbox 785 5734 899 5795; x_wconf 80' lang='grc' dir='ltr'>πρὸς</span> <span class='ocrx_word' id='word_1_482' title='bbox 920 5733 1174 5795; x_wconf 27' lang='grc' dir='ltr'>νουθεσίαν..</span> <span class='ocrx_word' id='word_1_483' title='bbox 1233 5731 1262 5769; x_wconf 78' lang='lat' dir='ltr'><strong>b</strong></span> <span class='ocrx_word' id='word_1_484' title='bbox 1286 5730 1433 5778; x_wconf 64' lang='lat' dir='ltr'>Savil.</span> <span class='ocrx_word' id='word_1_485' title='bbox 1453 5733 1632 5792; x_wconf 81' lang='grc' dir='ltr'>χαλεπῇ</span> <span class='ocrx_word' id='word_1_486' title='bbox 1654 5733 2045 5795; x_wconf 72' lang='grc' dir='ltr'>προσηλωμένων.</span> 
     </span>
    </p>
   </div>
   <div class='ocr_carea' id='block_1_65' title="bbox 450 5793 2050 5854">
    <p class='ocr_par' dir='ltr' id='par_1_65' title="bbox 450 5793 2050 5854">
     <span class='ocr_line' id='line_1_65' title="bbox 450 5793 2050 5854; baseline -0.004 -11"><span class='ocrx_word' id='word_1_487' title='bbox 450 5802 475 5826; x_wconf 73' lang='grc' dir='ltr'>ε’</span> <span class='ocrx_word' id='word_1_488' title='bbox 522 5796 689 5843; x_wconf 66' lang='lat' dir='ltr'>Saﬁl.</span> <span class='ocrx_word' id='word_1_489' title='bbox 713 5793 1088 5854; x_wconf 55' lang='grc' dir='ltr'>παραλελυμένος</span> <span class='ocrx_word' id='word_1_490' title='bbox 1123 5793 1283 5848; x_wconf 76' lang='grc' dir='ltr'>οὗτος·</span> <span class='ocrx_word' id='word_1_491' title='bbox 1310 5799 1356 5839; x_wconf 78' lang='lat' dir='ltr'>et</span> <span class='ocrx_word' id='word_1_492' title='bbox 1383 5795 1525 5854; x_wconf 62' lang='lat' dir='ltr'>pnuin</span> <span class='ocrx_word' id='word_1_493' title='bbox 1551 5800 1657 5851; x_wconf 76' lang='lat' dir='ltr'>post</span> <span class='ocrx_word' id='word_1_494' title='bbox 1675 5795 1817 5854; x_wconf 77' lang='grc' dir='ltr'>ῥρῶν,</span> <span class='ocrx_word' id='word_1_495' title='bbox 1838 5793 1977 5854; x_wconf 75' lang='grc' dir='ltr'>αὐτὸν</span> <span class='ocrx_word' id='word_1_496' title='bbox 2002 5793 2050 5837; x_wconf 74' lang='grc' dir='ltr'>δε</span> 
     </span>
    </p>
   </div>
   <div class='ocr_carea' id='block_1_66' title="bbox 445 5852 2047 5914">
    <p class='ocr_par' dir='ltr' id='par_1_66' title="bbox 445 5852 2047 5914">
     <span class='ocr_line' id='line_1_66' title="bbox 445 5852 2047 5914; baseline -0.006 -7"><span class='ocrx_word' id='word_1_497' title='bbox 445 5857 740 5914; x_wconf 73' lang='grc' dir='ltr'>δεδεμένον.</span> <span class='ocrx_word' id='word_1_498' title='bbox 789 5852 830 5891; x_wconf 63' lang='grc' dir='ltr'>’ἀ</span> <span class='ocrx_word' id='word_1_499' title='bbox 860 5852 1027 5901; x_wconf 59' lang='lat' dir='ltr'>Morb].</span> <span class='ocrx_word' id='word_1_500' title='bbox 1050 5857 1349 5900; x_wconf 80' lang='grc' dir='ltr'>κατασεῐσαι.</span> <span class='ocrx_word' id='word_1_501' title='bbox 1422 5866 1448 5914; x_wconf 48' lang='grc' dir='ltr'>(ἦ</span> <span class='ocrx_word' id='word_1_502' title='bbox 1474 5852 1621 5899; x_wconf 74' lang='lat' dir='ltr'>Morel</span> <span class='ocrx_word' id='word_1_503' title='bbox 1652 5853 1766 5905; x_wconf 79' lang='grc' dir='ltr'>εἶδες</span> <span class='ocrx_word' id='word_1_504' title='bbox 1786 5853 2047 5911; x_wconf 69' lang='grc' dir='ltr'>καρτερίαν.</span> 
     </span>
    </p>
   </div>
   <div class='ocr_carea' id='block_1_67' title="bbox 452 5913 1987 5977">
    <p class='ocr_par' dir='ltr' id='par_1_67' title="bbox 452 5913 1987 5977">
     <span class='ocr_line' id='line_1_67' title="bbox 452 5913 1987 5977; baseline -0.003 -14"><span class='ocrx_word' id='word_1_505' title='bbox 452 5921 474 5957; x_wconf 76' lang='grc' dir='ltr'>ἰ</span> <span class='ocrx_word' id='word_1_506' title='bbox 511 5915 676 5965; x_wconf 58' lang='lat' dir='ltr'>Sunii.</span> <span class='ocrx_word' id='word_1_507' title='bbox 711 5918 736 5961; x_wconf 85' lang='grc' dir='ltr'>ὁ</span> <span class='ocrx_word' id='word_1_508' title='bbox 767 5915 993 5977; x_wconf 70' lang='grc' dir='ltr'>Χριστὸς,</span> <span class='ocrx_word' id='word_1_509' title='bbox 1035 5914 1258 5975; x_wconf 60' lang='grc' dir='ltr'>Ἐγερθεὶς</span> <span class='ocrx_word' id='word_1_510' title='bbox 1284 5915 1411 5974; x_wconf 67' lang='grc' dir='ltr'>ἆρον,</span> <span class='ocrx_word' id='word_1_511' title='bbox 1441 5913 1745 5961; x_wconf 59' lang='lat' dir='ltr'>intonuediis</span> <span class='ocrx_word' id='word_1_512' title='bbox 1776 5916 1987 5960; x_wconf 53' lang='grc' dir='ltr'>υιηίςδίς.</span> 
     </span>
    </p>
   </div>
   <div class='ocr_carea' id='block_1_68' title="bbox 2125 1192 3699 1269">
    <p class='ocr_par' dir='ltr' id='par_1_68' title="bbox 2125 1192 3699 1269">
     <span class='ocr_line' id='line_1_68' title="bbox 2125 1192 3699 1269; baseline 0.003 -21"><span class='ocrx_word' id='word_1_513' title='bbox 2125 1193 2274 1267; x_wconf 70' lang='grc'>[212]</span> <span class='ocrx_word' id='word_1_514' title='bbox 2304 1192 2399 1248; x_wconf 77' lang='grc' dir='ltr'>καὶ</span> <span class='ocrx_word' id='word_1_515' title='bbox 2429 1195 2585 1249; x_wconf 87' lang='grc' dir='ltr'>τοῦτο</span> <span class='ocrx_word' id='word_1_516' title='bbox 2608 1195 2936 1267; x_wconf 79' lang='grc' dir='ltr'>πολλαχόθεν</span> <span class='ocrx_word' id='word_1_517' title='bbox 2973 1194 3130 1265; x_wconf 82' lang='grc' dir='ltr'>δῆλόν</span> <span class='ocrx_word' id='word_1_518' title='bbox 3174 1195 3312 1249; x_wconf 88' lang='grc' dir='ltr'>ἐστι.</span> <span class='ocrx_word' id='word_1_519' title='bbox 3344 1195 3455 1250; x_wconf 76' lang='grc' dir='ltr'>Καὶ</span> <span class='ocrx_word' id='word_1_520' title='bbox 3485 1196 3699 1269; x_wconf 85' lang='grc' dir='ltr'>πρῶτον</span> 
     </span>
    </p>
   </div>
   <div class='ocr_carea' id='block_1_69' title="bbox 2125 1282 3700 1357">
    <p class='ocr_par' dir='ltr' id='par_1_69' title="bbox 2125 1282 3700 1357">
     <span class='ocr_line' id='line_1_69' title="bbox 2125 1282 3700 1357; baseline 0 -17"><span class='ocrx_word' id='word_1_521' title='bbox 2125 1282 2222 1357; x_wconf 68' lang='grc' dir='ltr'>μὲν</span> <span class='ocrx_word' id='word_1_522' title='bbox 2272 1287 2382 1340; x_wconf 76' lang='grc' dir='ltr'>ἀπὸ</span> <span class='ocrx_word' id='word_1_523' title='bbox 2426 1286 2524 1357; x_wconf 79' lang='grc' dir='ltr'>τῆς</span> <span class='ocrx_word' id='word_1_524' title='bbox 2580 1285 2813 1357; x_wconf 88' lang='grc' dir='ltr'>ἐρημίας</span> <span class='ocrx_word' id='word_1_525' title='bbox 2845 1285 2953 1338; x_wconf 86' lang='grc' dir='ltr'>τῶν</span> <span class='ocrx_word' id='word_1_526' title='bbox 2984 1284 3415 1355; x_wconf 82' lang='grc' dir='ltr'>προϊσταμένων.</span> <span class='ocrx_word' id='word_1_527' title='bbox 3465 1284 3700 1350; x_wconf 86' lang='grc' dir='ltr'>Ἐκεῖνος</span> 
     </span>
    </p>
   </div>
   <div class='ocr_carea' id='block_1_70' title="bbox 2126 1366 3702 1449">
    <p class='ocr_par' dir='ltr' id='par_1_70' title="bbox 2126 1366 3702 1449">
     <span class='ocr_line' id='line_1_70' title="bbox 2126 1366 3702 1449; baseline 0 -19"><span class='ocrx_word' id='word_1_528' title='bbox 2126 1376 2227 1447; x_wconf 90' lang='grc' dir='ltr'>μέν</span> <span class='ocrx_word' id='word_1_529' title='bbox 2240 1394 2312 1430; x_wconf 77' lang='grc' dir='ltr'>ιοι</span> <span class='ocrx_word' id='word_1_530' title='bbox 2338 1374 2567 1441; x_wconf 82' lang='grc' dir='ltr'>πολλοὺς</span> <span class='ocrx_word' id='word_1_531' title='bbox 2596 1366 2710 1446; x_wconf 82' lang='grc' dir='ltr'>εἶχε</span> <span class='ocrx_word' id='word_1_532' title='bbox 2737 1376 2863 1439; x_wconf 75' lang='grc' dir='ltr'>τοὺς</span> <span class='ocrx_word' id='word_1_533' title='bbox 2895 1374 3351 1445; x_wconf 79' lang='grc' dir='ltr'>ἐπιμελουμένους</span> <span class='ocrx_word' id='word_1_534' title='bbox 3384 1376 3477 1429; x_wconf 77' lang='grc' dir='ltr'>καὶ</span> <span class='ocrx_word' id='word_1_535' title='bbox 3511 1377 3702 1449; x_wconf 86' lang='grc' dir='ltr'>φέρον-</span> 
     </span>
    </p>
   </div>
   <div class='ocr_carea' id='block_1_71' title="bbox 2123 1460 3700 1534">
    <p class='ocr_par' dir='ltr' id='par_1_71' title="bbox 2123 1460 3700 1534">
     <span class='ocr_line' id='line_1_71' title="bbox 2123 1460 3700 1534; baseline 0 -14"><span class='ocrx_word' id='word_1_536' title='bbox 2123 1484 2241 1532; x_wconf 87' lang='grc' dir='ltr'>τας,</span> <span class='ocrx_word' id='word_1_537' title='bbox 2269 1460 2424 1531; x_wconf 76' lang='grc' dir='ltr'>οὗτος</span> <span class='ocrx_word' id='word_1_538' title='bbox 2457 1467 2513 1521; x_wconf 78' lang='grc' dir='ltr'>δὲ</span> <span class='ocrx_word' id='word_1_539' title='bbox 2531 1461 2748 1520; x_wconf 74' lang='grc' dir='ltr'>οὐδέναο</span> <span class='ocrx_word' id='word_1_540' title='bbox 2774 1465 2852 1518; x_wconf 75' lang='grc' dir='ltr'>διὸ</span> <span class='ocrx_word' id='word_1_541' title='bbox 2880 1466 2973 1518; x_wconf 70' lang='grc' dir='ltr'>κα)⁵</span> <span class='ocrx_word' id='word_1_542' title='bbox 3001 1462 3203 1532; x_wconf 74' lang='grc' dir='ltr'>ἔλεγεν,</span> <span class='ocrx_word' id='word_1_543' title='bbox 3231 1465 3570 1534; x_wconf 78' lang='grc' dir='ltr'>Ἄνθρωπον</span> <span class='ocrx_word' id='word_1_544' title='bbox 3588 1468 3700 1520; x_wconf 81' lang='grc' dir='ltr'>οὐκ</span> 
     </span>
    </p>
   </div>
   <div class='ocr_carea' id='block_1_72' title="bbox 2122 1551 3694 1625">
    <p class='ocr_par' dir='ltr' id='par_1_72' title="bbox 2122 1551 3694 1625">
     <span class='ocr_line' id='line_1_72' title="bbox 2122 1551 3694 1625; baseline -0.001 -16"><span class='ocrx_word' id='word_1_545' title='bbox 2122 1556 2261 1624; x_wconf 79' lang='grc' dir='ltr'>ἔχω.</span> <span class='ocrx_word' id='word_1_546' title='bbox 2310 1556 2542 1608; x_wconf 81' lang='grc' dir='ltr'>Ἔπειτα</span> <span class='ocrx_word' id='word_1_547' title='bbox 2586 1555 2681 1608; x_wconf 77' lang='grc' dir='ltr'>καὶ</span> <span class='ocrx_word' id='word_1_548' title='bbox 2710 1555 2775 1608; x_wconf 85' lang='grc' dir='ltr'>ἐκ</span> <span class='ocrx_word' id='word_1_549' title='bbox 2808 1555 2906 1624; x_wconf 83' lang='grc' dir='ltr'>τῆς</span> <span class='ocrx_word' id='word_1_550' title='bbox 2937 1551 3300 1624; x_wconf 89' lang='grc' dir='ltr'>ἀποκρίσεως.</span> <span class='ocrx_word' id='word_1_551' title='bbox 3360 1555 3419 1608; x_wconf 90' lang='lat'>&#39;0</span> <span class='ocrx_word' id='word_1_552' title='bbox 3454 1554 3552 1625; x_wconf 76' lang='grc' dir='ltr'>μὲν</span> <span class='ocrx_word' id='word_1_553' title='bbox 3584 1555 3694 1625; x_wconf 79' lang='grc' dir='ltr'>γάρ</span> 
     </span>
    </p>
   </div>
   <div class='ocr_carea' id='block_1_73' title="bbox 2124 1640 3698 1717">
    <p class='ocr_par' dir='ltr' id='par_1_73' title="bbox 2124 1640 3698 1717">
     <span class='ocr_line' id='line_1_73' title="bbox 2124 1640 3698 1717; baseline 0 -17"><span class='ocrx_word' id='word_1_554' title='bbox 2124 1648 2275 1700; x_wconf 76' lang='grc' dir='ltr'>οὐδὲν</span> <span class='ocrx_word' id='word_1_555' title='bbox 2306 1647 2599 1717; x_wconf 72' lang='grc' dir='ltr'>φθέγγεται</span> <span class='ocrx_word' id='word_1_556' title='bbox 2618 1664 2632 1677; x_wconf 92' lang='grc'><strong>·</strong></span> <span class='ocrx_word' id='word_1_557' title='bbox 2689 1640 2845 1710; x_wconf 75' lang='grc' dir='ltr'>οὗτος</span> <span class='ocrx_word' id='word_1_558' title='bbox 2876 1647 2932 1700; x_wconf 79' lang='grc' dir='ltr'>δὲ</span> <span class='ocrx_word' id='word_1_559' title='bbox 2963 1649 3138 1701; x_wconf 86' lang='grc' dir='ltr'>πάντα</span> <span class='ocrx_word' id='word_1_560' title='bbox 3170 1647 3435 1717; x_wconf 84' lang='grc' dir='ltr'>διηγεῖται</span> <span class='ocrx_word' id='word_1_561' title='bbox 3477 1646 3547 1700; x_wconf 75' lang='grc' dir='ltr'>τὰ</span> <span class='ocrx_word' id='word_1_562' title='bbox 3577 1644 3698 1700; x_wconf 76' lang='grc' dir='ltr'>καθ’</span> 
     </span>
    </p>
   </div>
   <div class='ocr_carea' id='block_1_74' title="bbox 2124 1736 3696 1808">
    <p class='ocr_par' dir='ltr' id='par_1_74' title="bbox 2124 1736 3696 1808">
     <span class='ocr_line' id='line_1_74' title="bbox 2124 1736 3696 1808; baseline -0.001 -19"><span class='ocrx_word' id='word_1_563' title='bbox 2124 1738 2335 1792; x_wconf 88' lang='grc' dir='ltr'>ἐαυτόν.</span> <span class='ocrx_word' id='word_1_564' title='bbox 2382 1738 2494 1791; x_wconf 77' lang='grc' dir='ltr'>Καὶ</span> <span class='ocrx_word' id='word_1_565' title='bbox 2529 1738 2713 1808; x_wconf 89' lang='grc' dir='ltr'>τρίτον</span> <span class='ocrx_word' id='word_1_566' title='bbox 2739 1737 2847 1790; x_wconf 85' lang='grc' dir='ltr'>ἀπὸ</span> <span class='ocrx_word' id='word_1_567' title='bbox 2876 1736 2969 1790; x_wconf 89' lang='grc' dir='ltr'>τοῦ</span> <span class='ocrx_word' id='word_1_568' title='bbox 3005 1737 3196 1808; x_wconf 82' lang='grc' dir='ltr'>καιροῦ</span> <span class='ocrx_word' id='word_1_569' title='bbox 3232 1739 3327 1791; x_wconf 73' lang='grc' dir='ltr'>καὶ</span> <span class='ocrx_word' id='word_1_570' title='bbox 3353 1737 3448 1790; x_wconf 87' lang='grc' dir='ltr'>τοῦ</span> <span class='ocrx_word' id='word_1_571' title='bbox 3481 1738 3696 1808; x_wconf 87' lang='grc' dir='ltr'>χρόνου.</span> 
     </span>
    </p>
   </div>
   <div class='ocr_carea' id='block_1_75' title="bbox 2126 1821 3700 1900">
    <p class='ocr_par' dir='ltr' id='par_1_75' title="bbox 2126 1821 3700 1900">
     <span class='ocr_line' id='line_1_75' title="bbox 2126 1821 3700 1900; baseline 0 -19"><span class='ocrx_word' id='word_1_572' title='bbox 2126 1821 2295 1892; x_wconf 76' lang='grc' dir='ltr'>Οὗτος</span> <span class='ocrx_word' id='word_1_573' title='bbox 2337 1829 2436 1899; x_wconf 83' lang='grc' dir='ltr'>μὲν</span> <span class='ocrx_word' id='word_1_574' title='bbox 2460 1827 2569 1897; x_wconf 78' lang='grc' dir='ltr'>γὰρ</span> <span class='ocrx_word' id='word_1_575' title='bbox 2598 1831 2655 1882; x_wconf 87' lang='grc' dir='ltr'>ἐν</span> <span class='ocrx_word' id='word_1_576' title='bbox 2682 1830 2842 1900; x_wconf 84' lang='grc' dir='ltr'>ἐορτῇ</span> <span class='ocrx_word' id='word_1_577' title='bbox 2878 1829 2972 1881; x_wconf 72' lang='grc' dir='ltr'>καὶ</span> <span class='ocrx_word' id='word_1_578' title='bbox 3001 1830 3058 1881; x_wconf 89' lang='grc' dir='ltr'>ἐν</span> <span class='ocrx_word' id='word_1_579' title='bbox 3085 1829 3365 1900; x_wconf 80' lang='grc' dir='ltr'>Σαὸδάτῳ,</span> <span class='ocrx_word' id='word_1_580' title='bbox 3399 1831 3604 1892; x_wconf 86' lang='grc' dir='ltr'>ἐκεῖνος</span> <span class='ocrx_word' id='word_1_581' title='bbox 3641 1829 3700 1882; x_wconf 73' lang='lat'>6‘3</span> 
     </span>
    </p>
   </div>
   <div class='ocr_carea' id='block_1_76' title="bbox 2123 1923 3696 1995">
    <p class='ocr_par' dir='ltr' id='par_1_76' title="bbox 2123 1923 3696 1995">
     <span class='ocr_line' id='line_1_76' title="bbox 2123 1923 3696 1995; baseline -0.003 -17"><span class='ocrx_word' id='word_1_582' title='bbox 2123 1925 2181 1978; x_wconf 89' lang='grc' dir='ltr'>ἐν</span> <span class='ocrx_word' id='word_1_583' title='bbox 2210 1924 2591 1995; x_wconf 73' lang='grc' dir='ltr'>ἐτέρᾳὴμέρᾳ.</span> <span class='ocrx_word' id='word_1_584' title='bbox 2625 1925 2734 1977; x_wconf 72' lang='grc' dir='ltr'>Καὶ</span> <span class='ocrx_word' id='word_1_585' title='bbox 2764 1924 2792 1975; x_wconf 91' lang='lat'>6</span> <span class='ocrx_word' id='word_1_586' title='bbox 2821 1924 2985 1987; x_wconf 90' lang='grc' dir='ltr'>τόπος</span> <span class='ocrx_word' id='word_1_587' title='bbox 3015 1923 3071 1975; x_wconf 84' lang='grc' dir='ltr'>δὲ</span> <span class='ocrx_word' id='word_1_588' title='bbox 3112 1924 3389 1993; x_wconf 79' lang='grc' dir='ltr'>ἑκατέρων</span> <span class='ocrx_word' id='word_1_589' title='bbox 3413 1923 3696 1993; x_wconf 87' lang='grc' dir='ltr'>διάφορος.</span> 
     </span>
    </p>
   </div>
   <div class='ocr_carea' id='block_1_77' title="bbox 2135 2012 3702 2086">
    <p class='ocr_par' dir='ltr' id='par_1_77' title="bbox 2135 2012 3702 2086">
     <span class='ocr_line' id='line_1_77' title="bbox 2135 2012 3702 2086; baseline -0.003 -18"><span class='ocrx_word' id='word_1_590' title='bbox 2135 2014 2193 2068; x_wconf 82' lang='grc'>’0</span> <span class='ocrx_word' id='word_1_591' title='bbox 2224 2015 2323 2083; x_wconf 78' lang='grc' dir='ltr'>μὲν</span> <span class='ocrx_word' id='word_1_592' title='bbox 2346 2013 2451 2085; x_wconf 77' lang='grc' dir='ltr'>γάρ</span> <span class='ocrx_word' id='word_1_593' title='bbox 2478 2017 2535 2066; x_wconf 90' lang='grc' dir='ltr'>ἐν</span> <span class='ocrx_word' id='word_1_594' title='bbox 2559 2015 2704 2086; x_wconf 74' lang='grc' dir='ltr'>οἰκία</span> <span class='ocrx_word' id='word_1_595' title='bbox 2733 2012 3111 2083; x_wconf 83' lang='grc' dir='ltr'>θεραπεύεται,</span> <span class='ocrx_word' id='word_1_596' title='bbox 3139 2014 3168 2065; x_wconf 89' lang='lat'>6</span> <span class='ocrx_word' id='word_1_597' title='bbox 3193 2012 3249 2065; x_wconf 84' lang='grc' dir='ltr'>δὲ</span> <span class='ocrx_word' id='word_1_598' title='bbox 3282 2013 3432 2084; x_wconf 84' lang='grc' dir='ltr'>παρά</span> <span class='ocrx_word' id='word_1_599' title='bbox 3479 2012 3576 2082; x_wconf 80' lang='grc' dir='ltr'>τὴν</span> <span class='ocrx_word' id='word_1_600' title='bbox 3610 2029 3702 2065; x_wconf 89' lang='grc' dir='ltr'>κο-</span> 
     </span>
    </p>
   </div>
   <div class='ocr_carea' id='block_1_78' title="bbox 2123 2099 3703 2173">
    <p class='ocr_par' dir='ltr' id='par_1_78' title="bbox 2123 2099 3703 2173">
     <span class='ocr_line' id='line_1_78' title="bbox 2123 2099 3703 2173; baseline -0.002 -19"><span class='ocrx_word' id='word_1_601' title='bbox 2123 2101 2463 2173; x_wconf 77' lang='grc' dir='ltr'>λυμϐήθραν.</span> <span class='ocrx_word' id='word_1_602' title='bbox 2483 2102 2592 2155; x_wconf 70' lang='grc' dir='ltr'>Καὶ</span> <span class='ocrx_word' id='word_1_603' title='bbox 2623 2103 2652 2154; x_wconf 93' lang='lat'>6</span> <span class='ocrx_word' id='word_1_604' title='bbox 2678 2102 2877 2171; x_wconf 85' lang='grc' dir='ltr'>τρόπος</span> <span class='ocrx_word' id='word_1_605' title='bbox 2908 2101 2964 2155; x_wconf 84' lang='grc' dir='ltr'>δὲ</span> <span class='ocrx_word' id='word_1_606' title='bbox 3002 2104 3102 2170; x_wconf 79' lang='grc' dir='ltr'>τῆς</span> <span class='ocrx_word' id='word_1_607' title='bbox 3130 2100 3425 2171; x_wconf 83' lang='grc' dir='ltr'>θεραπείας</span> <span class='ocrx_word' id='word_1_608' title='bbox 3479 2099 3674 2169; x_wconf 88' lang='grc' dir='ltr'>ἐνηλλα</span> <span class='ocrx_word' id='word_1_609' title='bbox 3692 2128 3703 2138; x_wconf 90' lang='grc'><strong>·</strong></span> 
     </span>
    </p>
   </div>
   <div class='ocr_carea' id='block_1_79' title="bbox 2124 2191 3702 2271">
    <p class='ocr_par' dir='ltr' id='par_1_79' title="bbox 2124 2191 3702 2271">
     <span class='ocr_line' id='line_1_79' title="bbox 2124 2191 3702 2271; baseline -0.003 -25"><span class='ocrx_word' id='word_1_610' title='bbox 2124 2194 2340 2264; x_wconf 87' lang='grc' dir='ltr'>γμένος.</span> <span class='ocrx_word' id='word_1_611' title='bbox 2389 2193 2535 2271; x_wconf 77' lang='grc' dir='ltr'>Ἐκεῖ</span> <span class='ocrx_word' id='word_1_612' title='bbox 2558 2193 2656 2263; x_wconf 87' lang='grc' dir='ltr'>μὲν</span> <span class='ocrx_word' id='word_1_613' title='bbox 2676 2192 2786 2264; x_wconf 91' lang='grc' dir='ltr'>γάρ</span> <span class='ocrx_word' id='word_1_614' title='bbox 2809 2208 2964 2263; x_wconf 84' lang='grc' dir='ltr'>φησι,</span> <span class='ocrx_word' id='word_1_615' title='bbox 2998 2191 3235 2254; x_wconf 75' lang='grc' dir='ltr'>Τέκνον,</span> <span class='ocrx_word' id='word_1_616' title='bbox 3261 2191 3557 2259; x_wconf 63' lang='grc' dir='ltr'>ἀφέωνταί</span> <span class='ocrx_word' id='word_1_617' title='bbox 3583 2206 3702 2243; x_wconf 86' lang='grc' dir='ltr'>σου</span> 
     </span>
    </p>
   </div>
   <div class='ocr_carea' id='block_1_80' title="bbox 2124 2279 3703 2351">
    <p class='ocr_par' dir='ltr' id='par_1_80' title="bbox 2124 2279 3703 2351">
     <span class='ocr_line' id='line_1_80' title="bbox 2124 2279 3703 2351; baseline -0.004 -13"><span class='ocrx_word' id='word_1_618' title='bbox 2124 2285 2185 2338; x_wconf 70' lang='lat' dir='ltr'><strong><em>aI</em></strong></span> <span class='ocrx_word' id='word_1_619' title='bbox 2210 2283 2486 2351; x_wconf 80' lang='grc' dir='ltr'>ἁμαρτίαι</span> <span class='ocrx_word' id='word_1_620' title='bbox 2508 2299 2526 2316; x_wconf 77' lang='grc' dir='ltr'><strong>ο</strong></span> <span class='ocrx_word' id='word_1_621' title='bbox 2563 2282 2794 2335; x_wconf 85' lang='grc' dir='ltr'>ἐνταῦθα</span> <span class='ocrx_word' id='word_1_622' title='bbox 2825 2279 2883 2334; x_wconf 86' lang='grc' dir='ltr'>δέ</span> <span class='ocrx_word' id='word_1_623' title='bbox 2910 2281 2970 2334; x_wconf 98' lang='lat'>16</span> <span class='ocrx_word' id='word_1_624' title='bbox 3002 2281 3158 2351; x_wconf 85' lang='grc' dir='ltr'>σῶμα</span> <span class='ocrx_word' id='word_1_625' title='bbox 3193 2281 3483 2349; x_wconf 83' lang='grc' dir='ltr'>συσφίγγει</span> <span class='ocrx_word' id='word_1_626' title='bbox 3509 2283 3535 2321; x_wconf 76' lang='grc'>⁸</span> <span class='ocrx_word' id='word_1_627' title='bbox 3569 2281 3703 2351; x_wconf 87' lang='grc' dir='ltr'>πρό-</span> 
     </span>
    </p>
   </div>
   <div class='ocr_carea' id='block_1_81' title="bbox 2124 2369 3704 2443">
    <p class='ocr_par' dir='ltr' id='par_1_81' title="bbox 2124 2369 3704 2443">
     <span class='ocr_line' id='line_1_81' title="bbox 2124 2369 3704 2443; baseline -0.003 -18"><span class='ocrx_word' id='word_1_628' title='bbox 2124 2389 2303 2443; x_wconf 88' lang='grc' dir='ltr'>τερον,</span> <span class='ocrx_word' id='word_1_629' title='bbox 2338 2373 2433 2426; x_wconf 74' lang='grc' dir='ltr'>καὶ</span> <span class='ocrx_word' id='word_1_630' title='bbox 2456 2370 2575 2425; x_wconf 88' lang='grc' dir='ltr'>τότε</span> <span class='ocrx_word' id='word_1_631' title='bbox 2609 2371 2706 2441; x_wconf 80' lang='grc' dir='ltr'>τῆς</span> <span class='ocrx_word' id='word_1_632' title='bbox 2757 2371 2933 2441; x_wconf 77' lang='grc' dir='ltr'>ψυχῆς</span> <span class='ocrx_word' id='word_1_633' title='bbox 2990 2369 3349 2438; x_wconf 85' lang='grc' dir='ltr'>ἐπιμελεῖται.</span> <span class='ocrx_word' id='word_1_634' title='bbox 3398 2370 3574 2422; x_wconf 83' lang='grc' dir='ltr'>Κάκεῖ</span> <span class='ocrx_word' id='word_1_635' title='bbox 3604 2370 3704 2438; x_wconf 86' lang='grc' dir='ltr'>μὲν</span> 
     </span>
    </p>
   </div>
   <div class='ocr_carea' id='block_1_82' title="bbox 2127 2458 3699 2531">
    <p class='ocr_par' dir='ltr' id='par_1_82' title="bbox 2127 2458 3699 2531">
     <span class='ocr_line' id='line_1_82' title="bbox 2127 2458 3699 2531; baseline -0.004 -16"><span class='ocrx_word' id='word_1_636' title='bbox 2127 2461 2349 2531; x_wconf 76' lang='grc' dir='ltr'>ἄφεσις·</span> <span class='ocrx_word' id='word_1_637' title='bbox 2393 2462 2701 2530; x_wconf 71' lang='grc' dir='ltr'>Ἁφέωνται</span> <span class='ocrx_word' id='word_1_638' title='bbox 2741 2460 2850 2529; x_wconf 84' lang='grc' dir='ltr'>γάρ</span> <span class='ocrx_word' id='word_1_639' title='bbox 2897 2474 3013 2511; x_wconf 87' lang='grc' dir='ltr'>σου</span> <span class='ocrx_word' id='word_1_640' title='bbox 3057 2462 3116 2512; x_wconf 80' lang='lat' dir='ltr'>al</span> <span class='ocrx_word' id='word_1_641' title='bbox 3152 2458 3426 2527; x_wconf 77' lang='grc' dir='ltr'>ἁμαρτίαι</span> <span class='ocrx_word' id='word_1_642' title='bbox 3452 2498 3466 2520; x_wconf 87' lang='grc'>,</span> <span class='ocrx_word' id='word_1_643' title='bbox 3497 2458 3658 2527; x_wconf 84' lang='grc' dir='ltr'>φησίν</span> <span class='ocrx_word' id='word_1_644' title='bbox 3686 2475 3699 2487; x_wconf 90' lang='grc'>·</span> 
     </span>
    </p>
   </div>
   <div class='ocr_carea' id='block_1_83' title="bbox 2126 2547 3705 2620">
    <p class='ocr_par' dir='ltr' id='par_1_83' title="bbox 2126 2547 3705 2620">
     <span class='ocr_line' id='line_1_83' title="bbox 2126 2547 3705 2620; baseline -0.004 -14"><span class='ocrx_word' id='word_1_645' title='bbox 2126 2552 2358 2606; x_wconf 88' lang='grc' dir='ltr'>ἐνταῦθα</span> <span class='ocrx_word' id='word_1_646' title='bbox 2395 2552 2452 2605; x_wconf 85' lang='grc' dir='ltr'>δέ</span> <span class='ocrx_word' id='word_1_647' title='bbox 2504 2550 2822 2620; x_wconf 81' lang='grc' dir='ltr'>παραίνεσις</span> <span class='ocrx_word' id='word_1_648' title='bbox 2876 2549 2969 2602; x_wconf 80' lang='grc' dir='ltr'>καὶ</span> <span class='ocrx_word' id='word_1_649' title='bbox 3013 2547 3208 2618; x_wconf 82' lang='grc' dir='ltr'>ἀπειλὴ</span> <span class='ocrx_word' id='word_1_650' title='bbox 3257 2548 3393 2617; x_wconf 81' lang='grc' dir='ltr'>πρὸς</span> <span class='ocrx_word' id='word_1_651' title='bbox 3425 2548 3485 2599; x_wconf 83' lang='grc' dir='ltr'>τὸ</span> <span class='ocrx_word' id='word_1_652' title='bbox 3514 2548 3705 2617; x_wconf 85' lang='grc' dir='ltr'>μέλλον</span> 
     </span>
    </p>
   </div>
   <div class='ocr_carea' id='block_1_84' title="bbox 2127 2637 3703 2711">
    <p class='ocr_par' dir='ltr' id='par_1_84' title="bbox 2127 2637 3703 2711">
     <span class='ocr_line' id='line_1_84' title="bbox 2127 2637 3703 2711; baseline -0.003 -16"><span class='ocrx_word' id='word_1_653' title='bbox 2127 2643 2287 2695; x_wconf 76' lang='grc' dir='ltr'>αὐτὸν</span> <span class='ocrx_word' id='word_1_654' title='bbox 2324 2641 2746 2711; x_wconf 76' lang='grc' dir='ltr'>ἀσφαλιζομένη.</span> <span class='ocrx_word' id='word_1_655' title='bbox 2778 2639 3000 2707; x_wconf 82' lang='grc' dir='ltr'>Μηκέτι</span> <span class='ocrx_word' id='word_1_656' title='bbox 3020 2638 3148 2708; x_wconf 82' lang='grc' dir='ltr'>γὰρ,</span> <span class='ocrx_word' id='word_1_657' title='bbox 3175 2639 3359 2707; x_wconf 78' lang='grc' dir='ltr'>φησὶν,</span> <span class='ocrx_word' id='word_1_658' title='bbox 3382 2637 3703 2706; x_wconf 77' lang='grc' dir='ltr'>ἁμάρτανε,</span> 
     </span>
    </p>
   </div>
   <div class='ocr_carea' id='block_1_85' title="bbox 2129 2729 3705 2802">
    <p class='ocr_par' dir='ltr' id='par_1_85' title="bbox 2129 2729 3705 2802">
     <span class='ocr_line' id='line_1_85' title="bbox 2129 2729 3705 2802; baseline -0.002 -16"><span class='ocrx_word' id='word_1_659' title='bbox 2129 2735 2229 2786; x_wconf 80' lang='grc' dir='ltr'>ἵνα</span> <span class='ocrx_word' id='word_1_660' title='bbox 2251 2733 2337 2802; x_wconf 81' lang='grc' dir='ltr'>μὴ</span> <span class='ocrx_word' id='word_1_661' title='bbox 2361 2733 2561 2802; x_wconf 76' lang='grc' dir='ltr'>χεῖρόν</span> <span class='ocrx_word' id='word_1_662' title='bbox 2584 2749 2637 2784; x_wconf 84' lang='grc' dir='ltr'>τι</span> <span class='ocrx_word' id='word_1_663' title='bbox 2665 2730 2920 2801; x_wconf 78' lang='grc' dir='ltr'>γένηται.</span> <span class='ocrx_word' id='word_1_664' title='bbox 2951 2732 3058 2782; x_wconf 72' lang='grc' dir='ltr'>Καὶ</span> <span class='ocrx_word' id='word_1_665' title='bbox 3082 2730 3149 2782; x_wconf 79' lang='grc' dir='ltr'>τὰ</span> <span class='ocrx_word' id='word_1_666' title='bbox 3174 2729 3494 2798; x_wconf 81' lang='grc' dir='ltr'>ἐγκλήματα</span> <span class='ocrx_word' id='word_1_667' title='bbox 3516 2729 3573 2782; x_wconf 84' lang='grc' dir='ltr'>δέ</span> <span class='ocrx_word' id='word_1_668' title='bbox 3596 2729 3705 2783; x_wconf 83' lang='grc' dir='ltr'>τῶν</span> 
     </span>
    </p>
   </div>
   <div class='ocr_carea' id='block_1_86' title="bbox 2143 2819 3706 2893">
    <p class='ocr_par' dir='ltr' id='par_1_86' title="bbox 2143 2819 3706 2893">
     <span class='ocr_line' id='line_1_86' title="bbox 2143 2819 3706 2893; baseline -0.004 -16"><span class='ocrx_word' id='word_1_669' title='bbox 2143 2824 2406 2878; x_wconf 83' lang='grc' dir='ltr'>Ἰουδαίων</span> <span class='ocrx_word' id='word_1_670' title='bbox 2431 2824 2679 2893; x_wconf 86' lang='grc' dir='ltr'>διάφορα.</span> <span class='ocrx_word' id='word_1_671' title='bbox 2722 2819 2986 2874; x_wconf 84' lang='grc' dir='ltr'>Ἐνταῦθα</span> <span class='ocrx_word' id='word_1_672' title='bbox 3020 2822 3118 2890; x_wconf 79' lang='grc' dir='ltr'>μὲν</span> <span class='ocrx_word' id='word_1_673' title='bbox 3153 2820 3263 2891; x_wconf 83' lang='grc' dir='ltr'>γὰρ</span> <span class='ocrx_word' id='word_1_674' title='bbox 3289 2820 3383 2873; x_wconf 90' lang='grc' dir='ltr'>τοῦ</span> <span class='ocrx_word' id='word_1_675' title='bbox 3427 2819 3706 2872; x_wconf 76' lang='grc' dir='ltr'>Σαϐϐάτου</span> 
     </span>
    </p>
   </div>
   <div class='ocr_carea' id='block_1_87' title="bbox 2128 2910 3705 2984">
    <p class='ocr_par' dir='ltr' id='par_1_87' title="bbox 2128 2910 3705 2984">
     <span class='ocr_line' id='line_1_87' title="bbox 2128 2910 3705 2984; baseline -0.003 -18"><span class='ocrx_word' id='word_1_676' title='bbox 2128 2913 2228 2984; x_wconf 85' lang='grc' dir='ltr'>τὴν</span> <span class='ocrx_word' id='word_1_677' title='bbox 2267 2912 2529 2983; x_wconf 88' lang='grc' dir='ltr'>ἐργασίαν</span> <span class='ocrx_word' id='word_1_678' title='bbox 2566 2912 2950 2984; x_wconf 82' lang='grc' dir='ltr'>προφέρουσιν,</span> <span class='ocrx_word' id='word_1_679' title='bbox 2982 2912 3098 2964; x_wconf 84' lang='grc' dir='ltr'>ἐκεῖ</span> <span class='ocrx_word' id='word_1_680' title='bbox 3144 2910 3200 2964; x_wconf 82' lang='grc' dir='ltr'>δέ</span> <span class='ocrx_word' id='word_1_681' title='bbox 3235 2911 3581 2982; x_wconf 81' lang='grc' dir='ltr'>βλασφημίαν</span> <span class='ocrx_word' id='word_1_682' title='bbox 3611 2912 3705 2978; x_wconf 85' lang='grc' dir='ltr'>ἐγ-</span> 
     </span>
    </p>
   </div>
   <div class='ocr_carea' id='block_1_88' title="bbox 2131 3000 3705 3071">
    <p class='ocr_par' dir='ltr' id='par_1_88' title="bbox 2131 3000 3705 3071">
     <span class='ocr_line' id='line_1_88' title="bbox 2131 3000 3705 3071; baseline -0.003 -16"><span class='ocrx_word' id='word_1_683' title='bbox 2131 3002 2382 3056; x_wconf 89' lang='grc' dir='ltr'>καλοῦσιν</span> <span class='ocrx_word' id='word_1_684' title='bbox 2409 3001 2574 3071; x_wconf 80' lang='grc' dir='ltr'>αὐτῷ.</span> <span class='ocrx_word' id='word_1_685' title='bbox 2604 3001 2675 3053; x_wconf 75' lang='grc' dir='ltr'>Σὺ</span> <span class='ocrx_word' id='word_1_686' title='bbox 2698 3001 2752 3054; x_wconf 91' lang='grc' dir='ltr'>δέ</span> <span class='ocrx_word' id='word_1_687' title='bbox 2784 3018 2871 3071; x_wconf 88' lang='grc' dir='ltr'>μοι</span> <span class='ocrx_word' id='word_1_688' title='bbox 2902 3000 3091 3056; x_wconf 78' lang='grc' dir='ltr'>σκόπει</span> <span class='ocrx_word' id='word_1_689' title='bbox 3120 3000 3218 3071; x_wconf 82' lang='grc' dir='ltr'>τῆς</span> <span class='ocrx_word' id='word_1_690' title='bbox 3237 3001 3328 3055; x_wconf 90' lang='grc' dir='ltr'>τοῦ</span> <span class='ocrx_word' id='word_1_691' title='bbox 3354 3000 3487 3053; x_wconf 83' lang='grc' dir='ltr'>Θεοῦ</span> <span class='ocrx_word' id='word_1_692' title='bbox 3518 3000 3705 3067; x_wconf 84' lang='grc' dir='ltr'>σοφίας</span> 
     </span>
    </p>
   </div>
   <div class='ocr_carea' id='block_1_89' title="bbox 2131 3091 3706 3164">
    <p class='ocr_par' dir='ltr' id='par_1_89' title="bbox 2131 3091 3706 3164">
     <span class='ocr_line' id='line_1_89' title="bbox 2131 3091 3706 3164; baseline -0.003 -18"><span class='ocrx_word' id='word_1_693' title='bbox 2131 3094 2229 3164; x_wconf 83' lang='grc' dir='ltr'>τὴν</span> <span class='ocrx_word' id='word_1_694' title='bbox 2259 3092 2580 3164; x_wconf 76' lang='grc' dir='ltr'>ὑπερϐολήν.</span> <span class='ocrx_word' id='word_1_695' title='bbox 2637 3092 2713 3144; x_wconf 82' lang='grc' dir='ltr'>Οὐ</span> <span class='ocrx_word' id='word_1_696' title='bbox 2763 3092 2870 3162; x_wconf 82' lang='grc' dir='ltr'>γὰρ</span> <span class='ocrx_word' id='word_1_697' title='bbox 2922 3092 3121 3155; x_wconf 73' lang='grc' dir='ltr'>εὐθέως</span> <span class='ocrx_word' id='word_1_698' title='bbox 3177 3091 3339 3146; x_wconf 75' lang='grc' dir='ltr'>αὐτὸν</span> <span class='ocrx_word' id='word_1_699' title='bbox 3388 3092 3706 3160; x_wconf 88' lang='grc' dir='ltr'>ἀνέστησεν,</span> 
     </span>
    </p>
   </div>
   <div class='ocr_carea' id='block_1_90' title="bbox 2132 3181 3707 3254">
    <p class='ocr_par' dir='ltr' id='par_1_90' title="bbox 2132 3181 3707 3254">
     <span class='ocr_line' id='line_1_90' title="bbox 2132 3181 3707 3254; baseline -0.003 -17"><span class='ocrx_word' id='word_1_700' title='bbox 2132 3184 2266 3237; x_wconf 88' lang='grc' dir='ltr'>ἀλλά</span> <span class='ocrx_word' id='word_1_701' title='bbox 2305 3183 2519 3254; x_wconf 85' lang='grc' dir='ltr'>πρῶτον</span> <span class='ocrx_word' id='word_1_702' title='bbox 2551 3182 2710 3235; x_wconf 76' lang='grc' dir='ltr'>αὑτὸν</span> <span class='ocrx_word' id='word_1_703' title='bbox 2734 3181 3020 3235; x_wconf 81' lang='grc' dir='ltr'>οἰκειοῦται</span> <span class='ocrx_word' id='word_1_704' title='bbox 3043 3181 3130 3233; x_wconf 76' lang='grc' dir='ltr'>διὰ</span> <span class='ocrx_word' id='word_1_705' title='bbox 3152 3182 3247 3250; x_wconf 81' lang='grc' dir='ltr'>τῆς</span> <span class='ocrx_word' id='word_1_706' title='bbox 3272 3182 3610 3252; x_wconf 82' lang='grc' dir='ltr'>ἐρωτήσεως,</span> <span class='ocrx_word' id='word_1_707' title='bbox 3641 3182 3707 3250; x_wconf 82' lang='grc' dir='ltr'>τῇ</span> 
     </span>
    </p>
   </div>
   <div class='ocr_carea' id='block_1_91' title="bbox 2138 3270 3707 3347">
    <p class='ocr_par' dir='ltr' id='par_1_91' title="bbox 2138 3270 3707 3347">
     <span class='ocr_line' id='line_1_91' title="bbox 2138 3270 3707 3347; baseline -0.003 -19"><span class='ocrx_word' id='word_1_708' title='bbox 2138 3274 2404 3347; x_wconf 80' lang='grc' dir='ltr'>μελλούσῃ</span> <span class='ocrx_word' id='word_1_709' title='bbox 2432 3272 2795 3344; x_wconf 84' lang='grc' dir='ltr'>προοδοποιῶν</span> <span class='ocrx_word' id='word_1_710' title='bbox 2831 3271 3010 3324; x_wconf 78' lang='grc' dir='ltr'>πίστει</span> <span class='ocrx_word' id='word_1_711' title='bbox 3031 3289 3044 3302; x_wconf 74' lang='grc' dir='ltr'>ο</span> <span class='ocrx_word' id='word_1_712' title='bbox 3082 3272 3175 3324; x_wconf 75' lang='grc' dir='ltr'>καὶ</span> <span class='ocrx_word' id='word_1_713' title='bbox 3199 3272 3301 3324; x_wconf 83' lang='grc' dir='ltr'>οὐκ</span> <span class='ocrx_word' id='word_1_714' title='bbox 3328 3270 3577 3341; x_wconf 88' lang='grc' dir='ltr'>ἀνίστησι</span> <span class='ocrx_word' id='word_1_715' title='bbox 3611 3272 3707 3340; x_wconf 79' lang='grc' dir='ltr'>μό-</span> 
     </span>
    </p>
   </div>
   <div class='ocr_carea' id='block_1_92' title="bbox 2135 3359 3711 3432">
    <p class='ocr_par' dir='ltr' id='par_1_92' title="bbox 2135 3359 3711 3432">
     <span class='ocr_line' id='line_1_92' title="bbox 2135 3359 3711 3432; baseline -0.006 -12"><span class='ocrx_word' id='word_1_716' title='bbox 2135 3384 2242 3431; x_wconf 87' lang='grc' dir='ltr'>νον,</span> <span class='ocrx_word' id='word_1_717' title='bbox 2266 3365 2401 3419; x_wconf 85' lang='grc' dir='ltr'>ἁλλὰ</span> <span class='ocrx_word' id='word_1_718' title='bbox 2427 3365 2520 3417; x_wconf 71' lang='grc' dir='ltr'>καὶ</span> <span class='ocrx_word' id='word_1_719' title='bbox 2542 3364 2601 3416; x_wconf 87' lang='lat'>16</span> <span class='ocrx_word' id='word_1_720' title='bbox 2634 3363 2887 3416; x_wconf 85' lang='grc' dir='ltr'>κλινίδιον</span> <span class='ocrx_word' id='word_1_721' title='bbox 2917 3359 3044 3432; x_wconf 86' lang='grc' dir='ltr'>ἆραι</span> <span class='ocrx_word' id='word_1_722' title='bbox 3075 3361 3305 3423; x_wconf 85' lang='grc' dir='ltr'>κελεύει,</span> <span class='ocrx_word' id='word_1_723' title='bbox 3344 3360 3485 3414; x_wconf 80' lang='grc' dir='ltr'>ὥστε</span> <span class='ocrx_word' id='word_1_724' title='bbox 3518 3362 3612 3413; x_wconf 65' lang='grc' dir='ltr'>καὶ</span> <span class='ocrx_word' id='word_1_725' title='bbox 3649 3361 3711 3412; x_wconf 87' lang='lat'>16</span> 
     </span>
    </p>
   </div>
   <div class='ocr_carea' id='block_1_93' title="bbox 2136 3448 3708 3526">
    <p class='ocr_par' dir='ltr' id='par_1_93' title="bbox 2136 3448 3708 3526">
     <span class='ocr_line' id='line_1_93' title="bbox 2136 3448 3708 3526; baseline -0.006 -17"><span class='ocrx_word' id='word_1_726' title='bbox 2136 3456 2415 3526; x_wconf 90' lang='grc' dir='ltr'>γινόμενον</span> <span class='ocrx_word' id='word_1_727' title='bbox 2449 3452 2818 3506; x_wconf 84' lang='grc' dir='ltr'>πιστώσασθαι</span> <span class='ocrx_word' id='word_1_728' title='bbox 2865 3451 3067 3519; x_wconf 81' lang='grc' dir='ltr'>θαῦμα,</span> <span class='ocrx_word' id='word_1_729' title='bbox 3125 3450 3219 3502; x_wconf 67' lang='grc' dir='ltr'>καὶ</span> <span class='ocrx_word' id='word_1_730' title='bbox 3256 3449 3457 3518; x_wconf 78' lang='grc' dir='ltr'>μηδένα</span> <span class='ocrx_word' id='word_1_731' title='bbox 3489 3448 3708 3517; x_wconf 77' lang='grc' dir='ltr'>νομίσαι</span> 
     </span>
    </p>
   </div>
   <div class='ocr_carea' id='block_1_94' title="bbox 2139 3539 3709 3616">
    <p class='ocr_par' dir='ltr' id='par_1_94' title="bbox 2139 3539 3709 3616">
     <span class='ocr_line' id='line_1_94' title="bbox 2139 3539 3709 3616; baseline -0.006 -18"><span class='ocrx_word' id='word_1_732' title='bbox 2139 3545 2435 3616; x_wconf 85' lang='grc' dir='ltr'>φαντασίαν</span> <span class='ocrx_word' id='word_1_733' title='bbox 2485 3541 2715 3596; x_wconf 82' lang='grc' dir='ltr'>εἶναιτὸ</span> <span class='ocrx_word' id='word_1_734' title='bbox 2760 3539 3176 3609; x_wconf 82' lang='grc' dir='ltr'>γεγενημένονῆ</span> <span class='ocrx_word' id='word_1_735' title='bbox 3230 3540 3536 3610; x_wconf 73' lang='grc' dir='ltr'>ὑπόκρισιν.</span> <span class='ocrx_word' id='word_1_736' title='bbox 3576 3539 3709 3590; x_wconf 68' lang='grc' dir='ltr'>Ούᾶὲ</span> 
     </span>
    </p>
   </div>
   <div class='ocr_carea' id='block_1_95' title="bbox 2137 3629 3708 3707">
    <p class='ocr_par' dir='ltr' id='par_1_95' title="bbox 2137 3629 3708 3707">
     <span class='ocr_line' id='line_1_95' title="bbox 2137 3629 3708 3707; baseline -0.008 -17"><span class='ocrx_word' id='word_1_737' title='bbox 2137 3637 2246 3707; x_wconf 78' lang='grc' dir='ltr'>γάρ</span> <span class='ocrx_word' id='word_1_738' title='bbox 2277 3635 2362 3698; x_wconf 83' lang='grc' dir='ltr'>ἂν,</span> <span class='ocrx_word' id='word_1_739' title='bbox 2387 3637 2434 3687; x_wconf 78' lang='grc' dir='ltr'>εἰ</span> <span class='ocrx_word' id='word_1_740' title='bbox 2459 3633 2533 3704; x_wconf 82' lang='grc' dir='ltr'>μὴ</span> <span class='ocrx_word' id='word_1_741' title='bbox 2558 3632 2785 3702; x_wconf 77' lang='grc' dir='ltr'>βεϐαίως</span> <span class='ocrx_word' id='word_1_742' title='bbox 2805 3636 2897 3685; x_wconf 71' lang='grc' dir='ltr'>καὶ</span> <span class='ocrx_word' id='word_1_743' title='bbox 2925 3630 3127 3700; x_wconf 78' lang='grc' dir='ltr'>σφόδρα</span> <span class='ocrx_word' id='word_1_744' title='bbox 3158 3629 3437 3699; x_wconf 85' lang='grc' dir='ltr'>συνεπάγη</span> <span class='ocrx_word' id='word_1_745' title='bbox 3458 3629 3526 3682; x_wconf 78' lang='grc' dir='ltr'>τὰ</span> <span class='ocrx_word' id='word_1_746' title='bbox 3551 3630 3708 3697; x_wconf 85' lang='grc' dir='ltr'>μέλη,</span> 
     </span>
    </p>
   </div>
   <div class='ocr_carea' id='block_1_96' title="bbox 2139 3719 3710 3797">
    <p class='ocr_par' dir='ltr' id='par_1_96' title="bbox 2139 3719 3710 3797">
     <span class='ocr_line' id='line_1_96' title="bbox 2139 3719 3710 3797; baseline -0.006 -17"><span class='ocrx_word' id='word_1_747' title='bbox 2139 3728 2235 3797; x_wconf 84' lang='grc' dir='ltr'>τὴν</span> <span class='ocrx_word' id='word_1_748' title='bbox 2256 3726 2442 3795; x_wconf 90' lang='grc' dir='ltr'>κλίνην</span> <span class='ocrx_word' id='word_1_749' title='bbox 2471 3726 2654 3795; x_wconf 87' lang='grc' dir='ltr'>φέρειν</span> <span class='ocrx_word' id='word_1_750' title='bbox 2679 3722 2928 3793; x_wconf 71' lang='grc' dir='ltr'>ἠδύνατο.</span> <span class='ocrx_word' id='word_1_751' title='bbox 2971 3723 3122 3773; x_wconf 86' lang='grc' dir='ltr'>Ποιεῖ</span> <span class='ocrx_word' id='word_1_752' title='bbox 3152 3720 3207 3773; x_wconf 87' lang='grc' dir='ltr'>δὲ</span> <span class='ocrx_word' id='word_1_753' title='bbox 3238 3719 3411 3773; x_wconf 87' lang='grc' dir='ltr'>ταῦτα</span> <span class='ocrx_word' id='word_1_754' title='bbox 3454 3719 3710 3781; x_wconf 79' lang='grc' dir='ltr'>πολλάκις</span> 
     </span>
    </p>
   </div>
   <div class='ocr_carea' id='block_1_97' title="bbox 2138 3812 3712 3888">
    <p class='ocr_par' dir='ltr' id='par_1_97' title="bbox 2138 3812 3712 3888">
     <span class='ocr_line' id='line_1_97' title="bbox 2138 3812 3712 3888; baseline -0.004 -16"><span class='ocrx_word' id='word_1_755' title='bbox 2138 3821 2168 3873; x_wconf 94' lang='lat'>6</span> <span class='ocrx_word' id='word_1_756' title='bbox 2199 3816 2450 3888; x_wconf 86' lang='grc' dir='ltr'>Χριστὸς,</span> <span class='ocrx_word' id='word_1_757' title='bbox 2477 3818 2540 3868; x_wconf 88' lang='grc' dir='ltr'>ἐκ</span> <span class='ocrx_word' id='word_1_758' title='bbox 2569 3814 2882 3885; x_wconf 85' lang='grc' dir='ltr'>περιουσίας</span> <span class='ocrx_word' id='word_1_759' title='bbox 2903 3815 3022 3876; x_wconf 63' lang='grc' dir='ltr'>τοὺς</span> <span class='ocrx_word' id='word_1_760' title='bbox 3056 3814 3428 3882; x_wconf 86' lang='grc' dir='ltr'>ἀναισχυντεῖν</span> <span class='ocrx_word' id='word_1_761' title='bbox 3459 3812 3712 3882; x_wconf 81' lang='grc' dir='ltr'>βουλομέ-</span> 
     </span>
    </p>
   </div>
   <div class='ocr_carea' id='block_1_98' title="bbox 2141 3904 3713 3977">
    <p class='ocr_par' dir='ltr' id='par_1_98' title="bbox 2141 3904 3713 3977">
     <span class='ocr_line' id='line_1_98' title="bbox 2141 3904 3713 3977; baseline -0.003 -16"><span class='ocrx_word' id='word_1_762' title='bbox 2141 3927 2261 3972; x_wconf 84' lang='grc' dir='ltr'>νους</span> <span class='ocrx_word' id='word_1_763' title='bbox 2291 3906 2674 3977; x_wconf 78' lang='grc' dir='ltr'>ἐπιστομίζων.</span> <span class='ocrx_word' id='word_1_764' title='bbox 2710 3906 2815 3959; x_wconf 72' lang='grc' dir='ltr'>Καὶ</span> <span class='ocrx_word' id='word_1_765' title='bbox 2863 3905 2971 3975; x_wconf 74' lang='grc' dir='ltr'>γὰρ</span> <span class='ocrx_word' id='word_1_766' title='bbox 3006 3906 3093 3957; x_wconf 78' lang='grc' dir='ltr'>ἐπὶ</span> <span class='ocrx_word' id='word_1_767' title='bbox 3122 3905 3228 3957; x_wconf 82' lang='grc' dir='ltr'>τῶν</span> <span class='ocrx_word' id='word_1_768' title='bbox 3258 3904 3457 3975; x_wconf 85' lang='grc' dir='ltr'>ἀρτων,</span> <span class='ocrx_word' id='word_1_769' title='bbox 3491 3905 3575 3957; x_wconf 81' lang='grc' dir='ltr'>ἵνα</span> <span class='ocrx_word' id='word_1_770' title='bbox 3608 3921 3713 3974; x_wconf 87' lang='grc' dir='ltr'>μη-</span> 
     </span>
    </p>
   </div>
   <div class='ocr_carea' id='block_1_99' title="bbox 2140 3990 3713 4069">
    <p class='ocr_par' dir='ltr' id='par_1_99' title="bbox 2140 3990 3713 4069">
     <span class='ocr_line' id='line_1_99' title="bbox 2140 3990 3713 4069; baseline -0.007 -14"><span class='ocrx_word' id='word_1_771' title='bbox 2140 4002 2249 4064; x_wconf 83' lang='lat'><strong>65&quot;.;</strong></span> <span class='ocrx_word' id='word_1_772' title='bbox 2284 4000 2430 4069; x_wconf 80' lang='grc' dir='ltr'>εἴπῃ,</span> <span class='ocrx_word' id='word_1_773' title='bbox 2463 4000 2543 4051; x_wconf 86' lang='grc' dir='ltr'>ὅτι</span> <span class='ocrx_word' id='word_1_774' title='bbox 2571 3997 2755 4061; x_wconf 79' lang='grc' dir='ltr'>ἁπλῶς</span> <span class='ocrx_word' id='word_1_775' title='bbox 2787 3995 3177 4065; x_wconf 80' lang='grc' dir='ltr'>ἐκορέσθησαν,</span> <span class='ocrx_word' id='word_1_776' title='bbox 3212 3995 3306 4047; x_wconf 76' lang='grc' dir='ltr'>καὶ</span> <span class='ocrx_word' id='word_1_777' title='bbox 3356 3994 3620 4062; x_wconf 84' lang='grc' dir='ltr'>φαντασία</span> <span class='ocrx_word' id='word_1_778' title='bbox 3646 3990 3713 4063; x_wconf 79' lang='grc' dir='ltr'>ἦν</span> 
     </span>
    </p>
   </div>
   <div class='ocr_carea' id='block_1_100' title="bbox 2141 4081 3713 4157">
    <p class='ocr_par' dir='ltr' id='par_1_100' title="bbox 2141 4081 3713 4157">
     <span class='ocr_line' id='line_1_100' title="bbox 2141 4081 3713 4157; baseline -0.006 -15"><span class='ocrx_word' id='word_1_779' title='bbox 2141 4091 2202 4143; x_wconf 83' lang='grc' dir='ltr'>τὸ</span> <span class='ocrx_word' id='word_1_780' title='bbox 2220 4090 2601 4157; x_wconf 79' lang='grc' dir='ltr'>γεγενημένον,</span> <span class='ocrx_word' id='word_1_781' title='bbox 2638 4085 3039 4155; x_wconf 78' lang='grc' dir='ltr'>παρασκευάζει</span> <span class='ocrx_word' id='word_1_782' title='bbox 3072 4083 3296 4149; x_wconf 73' lang='grc' dir='ltr'>λείψανα</span> <span class='ocrx_word' id='word_1_783' title='bbox 3326 4081 3577 4148; x_wconf 87' lang='grc' dir='ltr'>γενέσθαι</span> <span class='ocrx_word' id='word_1_784' title='bbox 3604 4082 3713 4133; x_wconf 81' lang='grc' dir='ltr'>τῶν</span> 
     </span>
    </p>
   </div>
   <div class='ocr_carea' id='block_1_101' title="bbox 2142 4171 3709 4249">
    <p class='ocr_par' dir='ltr' id='par_1_101' title="bbox 2142 4171 3709 4249">
     <span class='ocr_line' id='line_1_101' title="bbox 2142 4171 3709 4249; baseline -0.007 -15"><span class='ocrx_word' id='word_1_785' title='bbox 2142 4182 2321 4249; x_wconf 83' lang='grc' dir='ltr'>ἀρτων</span> <span class='ocrx_word' id='word_1_786' title='bbox 2354 4176 2558 4229; x_wconf 84' lang='grc' dir='ltr'>πολλά·</span> <span class='ocrx_word' id='word_1_787' title='bbox 2615 4176 2708 4227; x_wconf 72' lang='grc' dir='ltr'>καὶ</span> <span class='ocrx_word' id='word_1_788' title='bbox 2755 4174 2832 4243; x_wconf 85' lang='grc' dir='ltr'>τῷ</span> <span class='ocrx_word' id='word_1_789' title='bbox 2861 4173 3181 4243; x_wconf 82' lang='grc' dir='ltr'>καθαρθέντι</span> <span class='ocrx_word' id='word_1_790' title='bbox 3213 4172 3269 4223; x_wconf 84' lang='grc' dir='ltr'>δέ</span> <span class='ocrx_word' id='word_1_791' title='bbox 3303 4172 3487 4243; x_wconf 85' lang='grc' dir='ltr'>λεπρῷ</span> <span class='ocrx_word' id='word_1_792' title='bbox 3524 4171 3670 4237; x_wconf 86' lang='grc' dir='ltr'>λέγει</span> <span class='ocrx_word' id='word_1_793' title='bbox 3698 4190 3709 4200; x_wconf 85' lang='grc'>·</span> 
     </span>
    </p>
   </div>
   <div class='ocr_carea' id='block_1_102' title="bbox 2144 4260 3713 4336">
    <p class='ocr_par' dir='ltr' id='par_1_102' title="bbox 2144 4260 3713 4336">
     <span class='ocr_line' id='line_1_102' title="bbox 2144 4260 3713 4336; baseline -0.008 -11"><span class='ocrx_word' id='word_1_794' title='bbox 2144 4273 2393 4336; x_wconf 55' lang='grc' dir='ltr'>’Ὑτιιιγιὴ</span> <span class='ocrx_word' id='word_1_795' title='bbox 2423 4265 2625 4327; x_wconf 77' lang='grc' dir='ltr'>δεῖξον</span> <span class='ocrx_word' id='word_1_796' title='bbox 2646 4264 2908 4316; x_wconf 80' lang='grc' dir='ltr'>σεαυτὸν</span> <span class='ocrx_word' id='word_1_797' title='bbox 2936 4261 3014 4327; x_wconf 83' lang='grc' dir='ltr'>τῷ</span> <span class='ocrx_word' id='word_1_798' title='bbox 3034 4261 3201 4329; x_wconf 75' lang='grc' dir='ltr'>ίερεῖο</span> <span class='ocrx_word' id='word_1_799' title='bbox 3234 4260 3368 4330; x_wconf 78' lang='grc' dir='ltr'>ὁμοῦ</span> <span class='ocrx_word' id='word_1_800' title='bbox 3400 4278 3455 4311; x_wconf 87' lang='grc' dir='ltr'>τε</span> <span class='ocrx_word' id='word_1_801' title='bbox 3485 4261 3576 4314; x_wconf 81' lang='grc' dir='ltr'>τοῦ</span> <span class='ocrx_word' id='word_1_802' title='bbox 3613 4280 3713 4313; x_wconf 84' lang='grc' dir='ltr'>κα-</span> 
     </span>
    </p>
   </div>
   <div class='ocr_carea' id='block_1_103' title="bbox 2145 4354 3713 4435">
    <p class='ocr_par' dir='ltr' id='par_1_103' title="bbox 2145 4354 3713 4435">
     <span class='ocr_line' id='line_1_103' title="bbox 2145 4354 3713 4435; baseline -0.008 -16"><span class='ocrx_word' id='word_1_803' title='bbox 2145 4363 2354 4435; x_wconf 82' lang='grc' dir='ltr'>θαρμοῦ</span> <span class='ocrx_word' id='word_1_804' title='bbox 2377 4362 2743 4434; x_wconf 88' lang='grc' dir='ltr'>παρεχόμενος</span> <span class='ocrx_word' id='word_1_805' title='bbox 2767 4358 2861 4429; x_wconf 82' lang='grc' dir='ltr'>τὴν</span> <span class='ocrx_word' id='word_1_806' title='bbox 2887 4356 3158 4420; x_wconf 81' lang='grc' dir='ltr'>ἀπόδειξιν</span> <span class='ocrx_word' id='word_1_807' title='bbox 3180 4354 3597 4425; x_wconf 78' lang='grc' dir='ltr'>ἀκριϐεστάτην,</span> <span class='ocrx_word' id='word_1_808' title='bbox 3621 4356 3713 4407; x_wconf 79' lang='grc' dir='ltr'>καὶ</span> 
     </span>
    </p>
   </div>
   <div class='ocr_carea' id='block_1_104' title="bbox 2145 4445 3707 4524">
    <p class='ocr_par' dir='ltr' id='par_1_104' title="bbox 2145 4445 3707 4524">
     <span class='ocr_line' id='line_1_104' title="bbox 2145 4445 3707 4524; baseline -0.009 -14"><span class='ocrx_word' id='word_1_809' title='bbox 2145 4456 2253 4511; x_wconf 84' lang='grc' dir='ltr'>τῶν</span> <span class='ocrx_word' id='word_1_810' title='bbox 2288 4452 2715 4524; x_wconf 84' lang='grc' dir='ltr'>ἀντινομοθετεῖν</span> <span class='ocrx_word' id='word_1_811' title='bbox 2747 4450 2908 4503; x_wconf 80' lang='grc' dir='ltr'>αὐτὸν</span> <span class='ocrx_word' id='word_1_812' title='bbox 2936 4447 3200 4516; x_wconf 81' lang='grc' dir='ltr'>λεγόντων</span> <span class='ocrx_word' id='word_1_813' title='bbox 3234 4446 3309 4517; x_wconf 82' lang='grc' dir='ltr'>τῷ</span> <span class='ocrx_word' id='word_1_814' title='bbox 3329 4445 3447 4515; x_wconf 82' lang='grc' dir='ltr'>Θεῷ</span> <span class='ocrx_word' id='word_1_815' title='bbox 3466 4447 3533 4498; x_wconf 76' lang='grc' dir='ltr'>τὰ</span> <span class='ocrx_word' id='word_1_816' title='bbox 3557 4445 3707 4498; x_wconf 87' lang='grc' dir='ltr'>ἀναί-</span> 
     </span>
    </p>
   </div>
   <div class='ocr_carea' id='block_1_105' title="bbox 2146 4536 3711 4616">
    <p class='ocr_par' dir='ltr' id='par_1_105' title="bbox 2146 4536 3711 4616">
     <span class='ocr_line' id='line_1_105' title="bbox 2146 4536 3711 4616; baseline -0.006 -18"><span class='ocrx_word' id='word_1_817' title='bbox 2146 4562 2345 4616; x_wconf 87' lang='grc' dir='ltr'>σχυντα</span> <span class='ocrx_word' id='word_1_818' title='bbox 2388 4543 2713 4614; x_wconf 80' lang='grc' dir='ltr'>ἐμφράττων</span> <span class='ocrx_word' id='word_1_819' title='bbox 2745 4538 3008 4609; x_wconf 83' lang='grc' dir='ltr'>στόματα.</span> <span class='ocrx_word' id='word_1_820' title='bbox 3064 4537 3173 4591; x_wconf 82' lang='lat' dir='ltr'><strong><em>Kal</em></strong></span> <span class='ocrx_word' id='word_1_821' title='bbox 3204 4538 3297 4590; x_wconf 79' lang='grc' dir='ltr'>ἐπὶ</span> <span class='ocrx_word' id='word_1_822' title='bbox 3339 4536 3432 4589; x_wconf 87' lang='grc' dir='ltr'>τοῦ</span> <span class='ocrx_word' id='word_1_823' title='bbox 3483 4537 3625 4589; x_wconf 74' lang='grc' dir='ltr'>οἴνου</span> <span class='ocrx_word' id='word_1_824' title='bbox 3653 4536 3711 4588; x_wconf 84' lang='grc' dir='ltr'>δὲ</span> 
     </span>
    </p>
   </div>
   <div class='ocr_carea' id='block_1_106' title="bbox 2144 4618 3715 4703">
    <p class='ocr_par' dir='ltr' id='par_1_106' title="bbox 2144 4618 3715 4703">
     <span class='ocr_line' id='line_1_106' title="bbox 2144 4618 3715 4703; baseline -0.006 -15"><span class='ocrx_word' id='word_1_825' title='bbox 2144 4636 2300 4688; x_wconf 84' lang='grc' dir='ltr'>τοῦτο</span> <span class='ocrx_word' id='word_1_826' title='bbox 2324 4633 2523 4703; x_wconf 82' lang='grc' dir='ltr'>ὁμοίως</span> <span class='ocrx_word' id='word_1_827' title='bbox 2552 4631 2823 4701; x_wconf 88' lang='grc' dir='ltr'>ἐποίησεν.</span> <span class='ocrx_word' id='word_1_828' title='bbox 2859 4629 2933 4681; x_wconf 87' lang='grc' dir='ltr'>Οὐ</span> <span class='ocrx_word' id='word_1_829' title='bbox 2960 4627 3068 4699; x_wconf 84' lang='grc' dir='ltr'>γὰρ</span> <span class='ocrx_word' id='word_1_830' title='bbox 3110 4626 3297 4689; x_wconf 81' lang='grc' dir='ltr'>ἁπλῶς</span> <span class='ocrx_word' id='word_1_831' title='bbox 3329 4625 3494 4693; x_wconf 78' lang='grc' dir='ltr'>ἔδειξε</span> <span class='ocrx_word' id='word_1_832' title='bbox 3524 4627 3614 4680; x_wconf 82' lang='lat' dir='ltr'><em>16v</em></span> <span class='ocrx_word' id='word_1_833' title='bbox 3640 4618 3715 4681; x_wconf 80' lang='grc' dir='ltr'>οἷ’-</span> 
     </span>
    </p>
   </div>
   <div class='ocr_carea' id='block_1_107' title="bbox 2146 4717 3718 4793">
    <p class='ocr_par' dir='ltr' id='par_1_107' title="bbox 2146 4717 3718 4793">
     <span class='ocr_line' id='line_1_107' title="bbox 2146 4717 3718 4793; baseline -0.005 -16"><span class='ocrx_word' id='word_1_834' title='bbox 2146 4744 2255 4789; x_wconf 90' lang='grc' dir='ltr'>νον,</span> <span class='ocrx_word' id='word_1_835' title='bbox 2289 4724 2424 4778; x_wconf 87' lang='grc' dir='ltr'>ἀλλά</span> <span class='ocrx_word' id='word_1_836' title='bbox 2451 4724 2544 4776; x_wconf 71' lang='grc' dir='ltr'>καὶ</span> <span class='ocrx_word' id='word_1_837' title='bbox 2562 4720 2641 4792; x_wconf 80' lang='grc' dir='ltr'>τῷ</span> <span class='ocrx_word' id='word_1_838' title='bbox 2666 4719 3051 4793; x_wconf 81' lang='grc' dir='ltr'>ἀρχιτρικλίνῳ</span> <span class='ocrx_word' id='word_1_839' title='bbox 3068 4717 3354 4789; x_wconf 81' lang='grc' dir='ltr'>ἐνεχθῆναι</span> <span class='ocrx_word' id='word_1_840' title='bbox 3380 4719 3718 4789; x_wconf 69' lang='grc' dir='ltr'>παρεσκεύαι</span> 
     </span>
    </p>
   </div>
   <div class='ocr_carea' id='block_1_108' title="bbox 2148 4810 3717 4879">
    <p class='ocr_par' dir='ltr' id='par_1_108' title="bbox 2148 4810 3717 4879">
     <span class='ocr_line' id='line_1_108' title="bbox 2148 4810 3717 4879; baseline -0.003 -11"><span class='ocrx_word' id='word_1_841' title='bbox 2148 4833 2260 4878; x_wconf 89' lang='grc' dir='ltr'>σεν,</span> <span class='ocrx_word' id='word_1_842' title='bbox 2294 4816 2431 4869; x_wconf 84' lang='grc' dir='ltr'>ὥστε</span> <span class='ocrx_word' id='word_1_843' title='bbox 2456 4815 2548 4867; x_wconf 83' lang='grc' dir='ltr'>τὸν</span> <span class='ocrx_word' id='word_1_844' title='bbox 2583 4812 2736 4866; x_wconf 81' lang='grc' dir='ltr'>οὐδὲν</span> <span class='ocrx_word' id='word_1_845' title='bbox 2767 4811 2877 4863; x_wconf 82' lang='grc' dir='ltr'>τῶν</span> <span class='ocrx_word' id='word_1_846' title='bbox 2909 4810 3289 4879; x_wconf 87' lang='grc' dir='ltr'>γεγενημένων</span> <span class='ocrx_word' id='word_1_847' title='bbox 3323 4810 3497 4862; x_wconf 77' lang='grc' dir='ltr'>εἰδότα</span> <span class='ocrx_word' id='word_1_848' title='bbox 3528 4812 3717 4878; x_wconf 83' lang='grc' dir='ltr'>ὁμολο-</span> 
     </span>
    </p>
   </div>
   <div class='ocr_carea' id='block_1_109' title="bbox 2146 4899 3713 4972">
    <p class='ocr_par' dir='ltr' id='par_1_109' title="bbox 2146 4899 3713 4972">
     <span class='ocr_line' id='line_1_109' title="bbox 2146 4899 3713 4972; baseline -0.006 -13"><span class='ocrx_word' id='word_1_849' title='bbox 2146 4906 2369 4972; x_wconf 88' lang='grc' dir='ltr'>γοῦντα,</span> <span class='ocrx_word' id='word_1_850' title='bbox 2400 4904 2711 4958; x_wconf 88' lang='grc' dir='ltr'>ἀνύποπτον</span> <span class='ocrx_word' id='word_1_851' title='bbox 2737 4899 2885 4970; x_wconf 80' lang='grc' dir='ltr'>αύτῷ</span> <span class='ocrx_word' id='word_1_852' title='bbox 2917 4901 3219 4969; x_wconf 86' lang='grc' dir='ltr'>παρασχεῖν</span> <span class='ocrx_word' id='word_1_853' title='bbox 3242 4899 3340 4968; x_wconf 80' lang='grc' dir='ltr'>τὴν</span> <span class='ocrx_word' id='word_1_854' title='bbox 3387 4900 3713 4967; x_wconf 80' lang='grc' dir='ltr'>μαρτυρίαν.</span> 
     </span>
    </p>
   </div>
   <div class='ocr_carea' id='block_1_110' title="bbox 2149 4987 3715 5060">
    <p class='ocr_par' dir='ltr' id='par_1_110' title="bbox 2149 4987 3715 5060">
     <span class='ocr_line' id='line_1_110' title="bbox 2149 4987 3715 5060; baseline -0.008 -10"><span class='ocrx_word' id='word_1_855' title='bbox 2149 4997 2249 5051; x_wconf 89' lang='grc' dir='ltr'>Διά</span> <span class='ocrx_word' id='word_1_856' title='bbox 2262 5014 2342 5049; x_wconf 92' lang='grc' dir='ltr'>τοι</span> <span class='ocrx_word' id='word_1_857' title='bbox 2365 4995 2523 5048; x_wconf 88' lang='grc' dir='ltr'>τοῦτο</span> <span class='ocrx_word' id='word_1_858' title='bbox 2560 4995 2653 5047; x_wconf 72' lang='grc' dir='ltr'>καὶ</span> <span class='ocrx_word' id='word_1_859' title='bbox 2688 4995 2717 5047; x_wconf 92' lang='lat'>6</span> <span class='ocrx_word' id='word_1_860' title='bbox 2740 4990 3124 5060; x_wconf 85' lang='grc' dir='ltr'>εὐαγγελιστὴς</span> <span class='ocrx_word' id='word_1_861' title='bbox 3152 4987 3322 5053; x_wconf 78' lang='grc' dir='ltr'>εϊπεν,</span> <span class='ocrx_word' id='word_1_862' title='bbox 3353 4989 3433 5040; x_wconf 86' lang='grc' dir='ltr'>ὅτι</span> <span class='ocrx_word' id='word_1_863' title='bbox 3464 4988 3564 5040; x_wconf 84' lang='grc' dir='ltr'>οὐκ</span> <span class='ocrx_word' id='word_1_864' title='bbox 3600 4988 3715 5056; x_wconf 76' lang='grc' dir='ltr'>ᾔδει</span> 
     </span>
    </p>
   </div>
   <div class='ocr_carea' id='block_1_111' title="bbox 2150 5079 3718 5158">
    <p class='ocr_par' dir='ltr' id='par_1_111' title="bbox 2150 5079 3718 5158">
     <span class='ocr_line' id='line_1_111' title="bbox 2150 5079 3718 5158; baseline -0.009 -17"><span class='ocrx_word' id='word_1_865' title='bbox 2150 5090 2179 5141; x_wconf 92' lang='lat'>6</span> <span class='ocrx_word' id='word_1_866' title='bbox 2199 5086 2617 5158; x_wconf 88' lang='grc' dir='ltr'>ἀρχιτρίκλινος,</span> <span class='ocrx_word' id='word_1_867' title='bbox 2657 5083 2820 5137; x_wconf 86' lang='grc' dir='ltr'>πόθεν</span> <span class='ocrx_word' id='word_1_868' title='bbox 2847 5079 2938 5153; x_wconf 75' lang='grc' dir='ltr'>ἦν,</span> <span class='ocrx_word' id='word_1_869' title='bbox 2968 5083 3028 5134; x_wconf 84' lang='grc' dir='ltr'>τὸ</span> <span class='ocrx_word' id='word_1_870' title='bbox 3059 5082 3355 5134; x_wconf 88' lang='grc' dir='ltr'>ἀδέκαστον</span> <span class='ocrx_word' id='word_1_871' title='bbox 3378 5079 3474 5147; x_wconf 81' lang='grc' dir='ltr'>τῆς</span> <span class='ocrx_word' id='word_1_872' title='bbox 3517 5094 3718 5146; x_wconf 85' lang='grc' dir='ltr'>μαρτυ-</span> 
     </span>
    </p>
   </div>
   <div class='ocr_carea' id='block_1_112' title="bbox 2150 5167 3713 5249">
    <p class='ocr_par' dir='ltr' id='par_1_112' title="bbox 2150 5167 3713 5249">
     <span class='ocr_line' id='line_1_112' title="bbox 2150 5167 3713 5249; baseline -0.008 -17"><span class='ocrx_word' id='word_1_873' title='bbox 2150 5180 2270 5249; x_wconf 82' lang='grc' dir='ltr'>ρίας</span> <span class='ocrx_word' id='word_1_874' title='bbox 2303 5177 2600 5247; x_wconf 87' lang='grc' dir='ltr'>ἐμφαίνων.</span> <span class='ocrx_word' id='word_1_875' title='bbox 2622 5175 2731 5228; x_wconf 71' lang='grc' dir='ltr'>Καὶ</span> <span class='ocrx_word' id='word_1_876' title='bbox 2752 5174 2942 5244; x_wconf 77' lang='grc' dir='ltr'>νεκρὸν</span> <span class='ocrx_word' id='word_1_877' title='bbox 2961 5173 3267 5240; x_wconf 83' lang='grc' dir='ltr'>ἀναστήσας</span> <span class='ocrx_word' id='word_1_878' title='bbox 3289 5167 3520 5237; x_wconf 88' lang='grc' dir='ltr'>ἀλλαχοῦ</span> <span class='ocrx_word' id='word_1_879' title='bbox 3547 5169 3713 5236; x_wconf 76' lang='grc' dir='ltr'>λέγει·</span> 
     </span>
    </p>
   </div>
   <div class='ocr_carea' id='block_1_113' title="bbox 2148 5254 3716 5338">
    <p class='ocr_par' dir='ltr' id='par_1_113' title="bbox 2148 5254 3716 5338">
     <span class='ocr_line' id='line_1_113' title="bbox 2148 5254 3716 5338; baseline -0.005 -16"><span class='ocrx_word' id='word_1_880' title='bbox 2148 5254 2275 5324; x_wconf 85' lang='grc' dir='ltr'>Δότε</span> <span class='ocrx_word' id='word_1_881' title='bbox 2303 5267 2450 5338; x_wconf 85' lang='grc' dir='ltr'>αὺτῷ</span> <span class='ocrx_word' id='word_1_882' title='bbox 2501 5270 2711 5336; x_wconf 84' lang='grc' dir='ltr'>φαγεῖν,</span> <span class='ocrx_word' id='word_1_883' title='bbox 2749 5267 2847 5336; x_wconf 83' lang='grc' dir='ltr'>τῆς</span> <span class='ocrx_word' id='word_1_884' title='bbox 2894 5261 3154 5332; x_wconf 75' lang='grc' dir='ltr'>ἀκριϐοῦς</span> <span class='ocrx_word' id='word_1_885' title='bbox 3184 5259 3529 5321; x_wconf 87' lang='grc' dir='ltr'>ἀναστάσεως</span> <span class='ocrx_word' id='word_1_886' title='bbox 3558 5258 3716 5314; x_wconf 77' lang='grc' dir='ltr'>τοῦτο</span> 
     </span>
    </p>
   </div>
   <div class='ocr_carea' id='block_1_114' title="bbox 2151 5349 3718 5431">
    <p class='ocr_par' dir='ltr' id='par_1_114' title="bbox 2151 5349 3718 5431">
     <span class='ocr_line' id='line_1_114' title="bbox 2151 5349 3718 5431; baseline -0.008 -17"><span class='ocrx_word' id='word_1_887' title='bbox 2151 5359 2518 5431; x_wconf 86' lang='grc' dir='ltr'>παρεχόμενος</span> <span class='ocrx_word' id='word_1_888' title='bbox 2542 5359 2762 5426; x_wconf 89' lang='grc' dir='ltr'>σημεῖον</span> <span class='ocrx_word' id='word_1_889' title='bbox 2783 5373 2795 5385; x_wconf 86' lang='grc'><strong>·</strong></span> <span class='ocrx_word' id='word_1_890' title='bbox 2827 5355 2920 5407; x_wconf 78' lang='grc' dir='ltr'>καὶ</span> <span class='ocrx_word' id='word_1_891' title='bbox 2936 5351 3024 5403; x_wconf 73' lang='grc' dir='ltr'>διὰ</span> <span class='ocrx_word' id='word_1_892' title='bbox 3041 5351 3244 5402; x_wconf 84' lang='grc' dir='ltr'>τούτων</span> <span class='ocrx_word' id='word_1_893' title='bbox 3271 5349 3488 5402; x_wconf 89' lang='grc' dir='ltr'>πάντων</span> <span class='ocrx_word' id='word_1_894' title='bbox 3515 5350 3718 5403; x_wconf 88' lang='grc' dir='ltr'>πείθων</span> 
     </span>
    </p>
   </div>
   <div class='ocr_carea' id='block_1_115' title="bbox 2148 5436 3719 5519">
    <p class='ocr_par' dir='ltr' id='par_1_115' title="bbox 2148 5436 3719 5519">
     <span class='ocr_line' id='line_1_115' title="bbox 2148 5436 3719 5519; baseline -0.007 -15"><span class='ocrx_word' id='word_1_895' title='bbox 2148 5453 2273 5514; x_wconf 76' lang='grc' dir='ltr'>τοὺς</span> <span class='ocrx_word' id='word_1_896' title='bbox 2299 5451 2577 5519; x_wconf 83' lang='grc' dir='ltr'>ἀνοήτους,</span> <span class='ocrx_word' id='word_1_897' title='bbox 2606 5449 2686 5499; x_wconf 81' lang='grc' dir='ltr'>ὅτι</span> <span class='ocrx_word' id='word_1_898' title='bbox 2711 5448 2811 5499; x_wconf 83' lang='grc' dir='ltr'>οὐκ</span> <span class='ocrx_word' id='word_1_899' title='bbox 2833 5441 3084 5496; x_wconf 83' lang='grc' dir='ltr'>ἀπατεὼν</span> <span class='ocrx_word' id='word_1_900' title='bbox 3122 5458 3204 5503; x_wconf 92' lang='grc' dir='ltr'>τις</span> <span class='ocrx_word' id='word_1_901' title='bbox 3235 5436 3322 5510; x_wconf 83' lang='grc' dir='ltr'>ἦν,</span> <span class='ocrx_word' id='word_1_902' title='bbox 3355 5440 3473 5494; x_wconf 81' lang='grc' dir='ltr'>οὐδὲ</span> <span class='ocrx_word' id='word_1_903' title='bbox 3519 5458 3719 5510; x_wconf 80' lang='grc' dir='ltr'>φαντα-</span> 
     </span>
    </p>
   </div>
   <div class='ocr_carea' id='block_1_116' title="bbox 2155 5530 3721 5602">
    <p class='ocr_par' dir='ltr' id='par_1_116' title="bbox 2155 5530 3721 5602">
     <span class='ocr_line' id='line_1_116' title="bbox 2155 5530 3721 5602; baseline -0.011 -8"><span class='ocrx_word' id='word_1_904' title='bbox 2155 5541 2423 5601; x_wconf 79' lang='grc' dir='ltr'>σιοκόπος,</span> <span class='ocrx_word' id='word_1_905' title='bbox 2451 5538 2586 5590; x_wconf 74' lang='grc' dir='ltr'>ἀλλὰ</span> <span class='ocrx_word' id='word_1_906' title='bbox 2615 5536 2701 5587; x_wconf 84' lang='grc' dir='ltr'>διὰ</span> <span class='ocrx_word' id='word_1_907' title='bbox 2733 5532 3005 5602; x_wconf 81' lang='grc' dir='ltr'>σωτηρίαν</span> <span class='ocrx_word' id='word_1_908' title='bbox 3034 5530 3366 5598; x_wconf 82' lang='grc' dir='ltr'>παρεγένετο</span> <span class='ocrx_word' id='word_1_909' title='bbox 3392 5532 3492 5601; x_wconf 81' lang='grc' dir='ltr'>τῆς</span> <span class='ocrx_word' id='word_1_910' title='bbox 3535 5532 3721 5599; x_wconf 77' lang='grc' dir='ltr'>κοινῆς</span> 
     </span>
    </p>
   </div>
   <div class='ocr_carea' id='block_1_117' title="bbox 2155 5623 2861 5696">
    <p class='ocr_par' dir='ltr' id='par_1_117' title="bbox 2155 5623 2861 5696">
     <span class='ocr_line' id='line_1_117' title="bbox 2155 5623 2861 5696; baseline -0.016 -13"><span class='ocrx_word' id='word_1_911' title='bbox 2155 5631 2365 5696; x_wconf 74' lang='grc' dir='ltr'>φύσεως</span> <span class='ocrx_word' id='word_1_912' title='bbox 2388 5628 2493 5679; x_wconf 80' lang='grc' dir='ltr'>τῶν</span> <span class='ocrx_word' id='word_1_913' title='bbox 2530 5623 2828 5694; x_wconf 81' lang='grc' dir='ltr'>ἀνθρώπιον</span> <span class='ocrx_word' id='word_1_914' title='bbox 2849 5660 2861 5672; x_wconf 94' lang='grc'>.</span> 
     </span>
    </p>
   </div>
   <div class='ocr_carea' id='block_1_118' title="bbox 2218 5912 3484 5974">
    <p class='ocr_par' dir='ltr' id='par_1_118' title="bbox 2218 5912 3484 5974">
     <span class='ocr_line' id='line_1_118' title="bbox 2218 5912 3484 5974; baseline -0.003 -13"><span class='ocrx_word' id='word_1_915' title='bbox 2218 5917 2239 5953; x_wconf 64' lang='grc'>⁸</span> <span class='ocrx_word' id='word_1_916' title='bbox 2271 5912 2435 5961; x_wconf 62' lang='lat' dir='ltr'>Mure}.</span> <span class='ocrx_word' id='word_1_917' title='bbox 2466 5913 2723 5973; x_wconf 60' lang='grc' dir='ltr'>σνςφίγγει.</span> <span class='ocrx_word' id='word_1_918' title='bbox 2754 5913 2884 5960; x_wconf 68' lang='lat' dir='ltr'><strong>Savil</strong></span> <span class='ocrx_word' id='word_1_919' title='bbox 2932 5913 3131 5974; x_wconf 63' lang='grc' dir='ltr'>ἔσφιγξε.</span> <span class='ocrx_word' id='word_1_920' title='bbox 3165 5952 3170 5957; x_wconf 85' lang='grc'>.</span> <span class='ocrx_word' id='word_1_921' title='bbox 3200 5912 3484 5970; x_wconf 76' lang='grc' dir='ltr'>ἐπεμελεῖτο.</span> 
     </span>
    </p>
   </div>
  </div>
