4104 6156
380 418 482 475 ξος

377 528 626 584 (minibus
656 524 741 580 vel
775 522 1225 595 insipientioribus
1251 502 1469 587 suadet,
1498 537 1558 577 se
1584 539 1688 577 non
1719 522 1958 577 fallacem

381 621 462 676 vel
487 617 930 689 praestigiatorem
955 630 1095 681 esse,
1120 613 1213 669 sed
1233 613 1301 668 ad
1320 629 1662 670 communem
1688 612 1960 667 hominum

378 714 608 768 salutem
636 712 875 766 venisse.

449 805 503 858 2.
528 802 763 859 Christus
798 817 900 856 non
935 799 1088 867 ﬁdem
1125 798 1402 869 requirebat
1427 797 1489 850 ab
1518 797 1579 850 iis
1607 799 1694 867 qui
1716 793 1963 850 miracula

379 897 489 967 ejus
516 910 618 949 non
643 892 892 947 viderant.
920 889 1200 961 Peratgtici
1228 888 1355 957 ﬁdes
1377 897 1423 942 et
1450 889 1595 959 [ortis
1617 888 1834 939 animus.
1863 883 1963 937 Ju-

378 988 602 1041 dueorttm
615 983 929 1054 improbitas.
950 980 1057 1037 Cur
1077 981 1326 1047 Christus,
1343 989 1520 1033 sanato
1541 977 1840 1048 paralytico,
1859 985 1965 1030 sta-

378 1081 469 1132 tint
504 1076 780 1132 recesserit.
808 1104 883 1116 —
904 1073 1009 1130 Sed
1035 1089 1132 1128 cur
1158 1072 1227 1127 ab
1252 1087 1320 1127 eo
1360 1071 1517 1125 tidem
1562 1084 1666 1123 non
1698 1068 1960 1138 requirit,

380 1180 437 1223 ut
471 1183 501 1222 a
536 1168 695 1224 caecis
718 1168 736 1199 ⁸
774 1165 968 1236 quibus
1002 1162 1142 1220 dixit
1170 1182 1185 1218 :
1213 1162 1430 1220 Creditis
1468 1162 1607 1232 quod
1642 1161 1738 1214 hoc
1774 1159 1962 1229 possim

380 1263 545 1325 facere
573 1256 787 1330 (Πηρώ.
816 1256 870 1313 9.
897 1255 1033 1327 28)?
1058 1255 1191 1322 Quis
1220 1254 1309 1309 ille
1337 1252 1574 1307 nondum
1609 1252 1814 1307 sciebat
1840 1250 1962 1321 quis

379 1354 494 1422 ipse
516 1360 681 1408 esset.
708 1349 891 1420 Neque
918 1348 1061 1404 enim
1087 1357 1212 1402 ante
1233 1386 1249 1411 ,
1280 1347 1375 1401 sed
1419 1354 1537 1416 post
1575 1344 1826 1399 miracula
1858 1342 1961 1396 hoc

379 1444 554 1498 facere
594 1443 752 1498 solet.
793 1440 925 1496 Nam
963 1440 997 1493 ii
1027 1438 1117 1509 qui
1157 1438 1209 1492 in
1247 1436 1460 1493 caeteris
1499 1445 1813 1505 potestatem
1842 1436 1963 1502 eius

380 1534 643 1597 viderant,
669 1532 792 1602 jure
819 1532 920 1586 hoc
943 1530 1264 1595 audiebant;
1290 1529 1379 1597 qui
1410 1542 1539 1581 vero
1566 1523 1799 1579 nondum
1825 1523 1962 1578 didi-

378 1634 562 1679 rerant
585 1626 703 1693 quis
730 1632 907 1689 esset,
939 1622 1032 1678 sed
1071 1637 1138 1679 ex
1175 1619 1340 1691 signis
1367 1619 1595 1675 docendi
1621 1627 1813 1684 erant,
1842 1627 1961 1686 post

380 1718 466 1770 illa
494 1715 635 1771 edita
662 1715 728 1769 ad
762 1715 920 1769 tidem
955 1722 1229 1768 vocantur.
1259 1712 1383 1766 Ideo
1412 1710 1693 1766 Mattbreus
1723 1726 1826 1763 non
1860 1708 1961 1761 ini—

380 1812 454 1863 tio
493 1809 766 1878 signorum
813 1807 1016 1862 inducit
1056 1805 1325 1861 Christum
1374 1805 1473 1858 hoc
1513 1802 1818 1866 dicentem;
1863 1799 1958 1854 sed

382 1909 659 1971 postquam
704 1899 898 1954 multos
942 1907 1258 1961 curaverat,
1297 1896 1348 1950 id
1392 1894 1524 1951 solis
1560 1891 1768 1948 duobus
1797 1892 1959 1947 caecis

378 1994 525 2047 dicit.
553 1992 632 2047 Tu
661 2008 789 2047 vero
817 1992 902 2046 hic
929 1989 1203 2061 paralytiei
1228 1989 1387 2043 tidem
1413 1986 1798 2042 animadverte.
1825 1985 1956 2039 Cum

380 2083 605 2149 audiret,
637 2081 779 2137 Tolle
796 2085 818 2114 ¹
843 2081 1138 2152 grabbatum
1162 2090 1325 2144 tuum,
1356 2087 1401 2132 et
1426 2078 1670 2140 ambula;
1699 2091 1804 2129 non
1834 2075 1957 2129 irri-

378 2183 468 2235 s.t,
493 2186 591 2228 nec
618 2172 771 2238 dixit,
796 2172 931 2239 Quid
961 2172 1064 2227 hoc
1088 2180 1165 2226 est
1185 2170 1210 2223 τ
1233 2169 1453 2240 angelus
1475 2167 1750 2223 descendit
1770 2175 1825 2222 et
1848 2177 1958 2219 tur-

380 2267 470 2320 bat
495 2279 684 2335 aquam
704 2304 721 2330 ,
749 2279 1019 2333 unumque
1047 2273 1251 2320 tantum
1287 2270 1441 2317 sanat
1476 2278 1490 2315 :
1520 2270 1575 2315 ttt
1604 2275 1765 2324 vero,
1795 2259 1958 2312 homo

379 2370 498 2408 enim
529 2354 604 2409 sis
624 2396 639 2418 ,
671 2370 778 2409 uno
811 2363 1076 2423 pra-cepto
1102 2354 1219 2425 plus
1245 2369 1402 2422 quam
1442 2352 1687 2422 angelum
1720 2362 1770 2405 te
1801 2364 1958 2417 posse

377 2446 595 2512 speras?
615 2445 717 2499 hoc
741 2446 1014 2515 superbia,
1036 2445 1137 2500 hoc
1162 2444 1328 2499 fastus
1348 2452 1450 2511 εει,
1475 2443 1691 2512 risuque
1713 2442 1953 2510 dignum.

384 2537 572 2591 \‘erum
602 2537 733 2592 nihil
770 2536 958 2590 horum
995 2537 1128 2591 dixit
1164 2537 1246 2591 vel
1281 2536 1567 2605 cogitavit;
1602 2534 1694 2588 sed
1725 2534 1811 2586 ubi
1846 2533 1955 2601 pri-

380 2642 521 2681 mum
540 2627 762 2694 audivit,
785 2629 1038 2694 surrexit,
1061 2638 1115 2683 et
1140 2643 1299 2682 sanus
1327 2627 1514 2692 factus,
1538 2626 1761 2694 impigre
1788 2624 1960 2693 paruit

374 2717 576 2788 iubenti
601 2735 616 2774 :
646 2719 831 2790 Surge,
861 2718 982 2774 tolle
1004 2718 1299 2790 grubbatum
1324 2728 1484 2781 tuum,
1508 2727 1555 2771 et
1576 2716 1799 2770 ambula.
1826 2715 1958 2769 Illud

376 2820 521 2866 certe
542 2811 842 2866 mirandum
868 2820 950 2866 est
974 2827 988 2875 ;
1017 2811 1113 2865 sed
1141 2826 1261 2880 qua:
1288 2819 1582 2880 sequuntur
1613 2810 1767 2878 longe
1794 2808 1956 2861 mira-

379 2901 595 2967 biliora;
621 2902 730 2956 imo
755 2917 882 2957 vero
905 2902 1045 2972 quod
1070 2900 1223 2957 initio
1248 2905 1461 2956 nemine
1481 2899 1823 2966 obstrepente
1842 2912 1931 2952 ere

377 2993 588 3059 dideril,
610 3009 716 3049 non
745 2994 813 3049 ita
838 2993 1081 3050 mitabile
1101 3002 1203 3060 est,
1226 3003 1284 3049 ut
1304 3009 1424 3049 cum
1451 3002 1632 3063 postea
1660 2991 1957 3046 furentibus

376 3087 593 3154 ludatis,
625 3087 858 3156 undique
895 3087 1230 3148 instantibus,
1268 3084 1664 3147 accusantibus,
1696 3083 1951 3137 obsiden-

379 3179 518 3233 tibus
542 3193 608 3233 ac
631 3177 966 3242 dicentibus,
1001 3176 1123 3230 Non
1164 3178 1279 3230 licet
1317 3176 1404 3229 tibi
1444 3176 1622 3229 tollere
1659 3172 1954 3246 grabbatum

378 3281 536 3334 tuum,
563 3285 672 3326 non
703 3270 866 3323 modo
890 3269 1101 3324 illorum
1130 3268 1387 3321 insaniam
1416 3266 1677 3335 despexit,
1710 3264 1802 3319 sed
1833 3278 1953 3317 eum

376 3378 562 3432 magna
585 3362 775 3417 liducia
802 3365 853 3416 in
876 3359 1052 3415 medio
1074 3359 1282 3414 theatro
1307 3358 1600 3412 beneficum
1628 3355 1951 3425 praedicavit,

376 3456 693 3525 illorumque
738 3453 1121 3525 impudentiam
1170 3452 1461 3520 repressit;
1512 3449 1561 3503 id
1608 3457 1753 3503 certe
1803 3446 1955 3501 fortis

374 3546 536 3602 animi
569 3562 689 3603 esse
725 3546 865 3602 dico.
908 3543 1229 3600 Inst-intibus
1270 3544 1413 3597 enim
1455 3540 1687 3603 ludatis,
1731 3555 1794 3594 ac
1829 3554 1952 3592 cum

372 3638 612 3692 convicio
636 3646 695 3692 et
720 3636 1017 3706 arrOgantia
1048 3634 1346 3690 dicentibus
1371 3650 1384 3686 :
1418 3633 1697 3688 Subbatum
1725 3640 1827 3692 est;
1853 3645 1953 3684 non

374 3730 484 3781 licet
505 3728 594 3782 tibi
615 3728 789 3781 tollere
807 3727 1101 3796 grabbatum
1125 3737 1262 3779 tuum
1281 3741 1301 3790 ,°
1320 3724 1443 3779 audi
1460 3724 1583 3792 quid
1603 3721 1950 3790 respondeat:

378 3822 461 3874 lt.
488 3821 589 3889 Qui
612 3837 692 3875 me
709 3837 886 3875 sanum
908 3821 1044 3891 fecit,
1069 3818 1157 3873 ille
1180 3817 1305 3871 mihi
1325 3819 1469 3879 dixit,
1495 3815 1642 3870 Tolle
1659 3814 1953 3886 grabbatum

375 3923 533 3973 tuum,
561 3923 610 3967 et
636 3911 877 3973 ambula;
904 3920 1108 3966 tantum
1136 3924 1242 3964 non
1273 3908 1478 3970 d‘cens,
1511 3906 1671 3960 Deliri
1701 3914 1754 3959 et
1782 3904 1950 3958 insani

372 4003 521 4062 estis.
551 4003 675 4056 dum
699 4002 899 4071 iubetis
927 4017 1012 4057 me
1047 4002 1191 4055 illum
1222 4001 1310 4069 qui
1343 4015 1429 4054 me
1455 4015 1483 4052 a
1515 4006 1618 4053 tam
1650 3998 1816 4068 gravi,
1845 4005 1949 4052 tam

373 4091 623 4144 diuturno
660 4090 846 4144 morbo
888 4089 1165 4151 liberavit,
1198 4105 1302 4143 non
1334 4101 1582 4156 reputare
1609 4089 1949 4157 magistrum,

375 4198 471 4238 nec
490 4183 638 4253 iussa
670 4184 784 4251 ejus
808 4182 984 4236 omnia
1011 4182 1250 4251 exsequi.
1278 4183 1435 4251 Atqui
1465 4182 1508 4234 si
1540 4181 1767 4249 maligne
1795 4194 1951 4248 agere

373 4274 644 4337 voluisset,
678 4282 883 4341 poterat
919 4272 1023 4327 alio
1051 4273 1209 4326 modo
1234 4273 1417 4325 dicere
1446 4289 1460 4324 :
1488 4271 1602 4325 Non
1634 4271 1822 4325 lubens
1851 4269 1952 4322 hoc

373 4365 540 4430 facit),
571 4364 665 4419 sed
693 4364 800 4419 alio
834 4363 1059 4433 iubente
1099 4379 1114 4417 :
1151 4364 1195 4417 si
1232 4373 1504 4433 peccatum
1535 4370 1647 4426 est,
1673 4360 1949 4429 iubentem

372 4465 637 4519 accusale,
664 4462 721 4510 et
746 4454 939 4509 lectum
970 4453 1232 4523 deponam
1262 4470 1276 4518 ;
1304 4453 1387 4506 vel
1418 4452 1555 4506 forte
1589 4450 1830 4505 sanitatis
1856 4449 1950 4504 be-

373 4545 618 4599 neﬁcium
646 4544 987 4600 occultasset.
1009 4544 1139 4599 Nam
1170 4544 1336 4613 probe
1364 4542 1566 4598 sciebat
1589 4543 1732 4612 ipsos
1754 4556 1857 4596 non
1882 4541 1951 4594 ita

370 4636 436 4692 de
464 4636 663 4690 violato
688 4637 910 4691 sabbato
949 4635 1178 4690 morderi
1205 4677 1220 4701 ,
1250 4643 1306 4689 ut
1332 4635 1400 4690 de
1429 4649 1573 4703 :rgro
1609 4642 1816 4688 curato.
1845 4631 1950 4686 Sed

374 4743 543 4796 neque
587 4727 690 4782 hoc
732 4726 1011 4781 occultavit
1039 4767 1055 4792 ,
1087 4742 1184 4780 nec
1222 4726 1348 4779 illud
1394 4725 1559 4785 dixit.
1601 4740 1698 4778 nec
1744 4723 1950 4779 veniam

372 4820 555 4888 petiit;
579 4818 674 4874 sed
701 4818 978 4886 Splendida
1004 4832 1132 4871 voce
1160 4817 1471 4871 beneficium
1498 4816 1777 4870 confessus
1798 4823 1953 4869 estet

374 4911 696 4979 pra-dicavit.
728 4910 800 4965 lla
830 4911 1170 4980 paralyticns.
1203 4910 1273 4962 llli
1301 4926 1426 4962 vero
1453 4926 1608 4978 quant
1636 4908 1875 4976 improbe
1897 4923 1953 4959 se

372 5010 652 5075 gesserint,
677 5004 986 5060 consideres
1012 5004 1190 5057 velim.
1220 5001 1334 5057 Non
1365 5003 1505 5055 enim
1533 5002 1800 5062 dixerunt,
1825 5000 1953 5064 Quis

373 5107 424 5151 te
449 5112 635 5151 sanum
670 5095 829 5149 fecit?
857 5095 948 5148 sed
979 5096 1079 5148 hoc
1105 5091 1320 5155 omisso,
1356 5108 1476 5146 cum
1509 5091 1735 5156 strepitu
1763 5105 1954 5158 magno

374 5185 847 5256 transgressionem
896 5183 1036 5236 il'am
1088 5184 1137 5235 in
1185 5182 1414 5236 medium
1461 5181 1813 5235 adducebant.
1864 5178 1947 5231 19..

375 5265 501 5345 Quis
525 5288 599 5329 est
637 5278 724 5328 ille
752 5276 839 5329 (mi
869 5275 994 5328 dixit
1024 5274 1113 5326 tibi
1132 5316 1146 5340 ,
1189 5273 1330 5326 Tolle
1366 5272 1658 5342 grabbutum
1699 5282 1871 5331 tuum,
1910 5280 1954 5321 et

373 5369 571 5420 auibuln
590 5367 617 5419 .’
637 5366 724 5422 i3.
761 5363 814 5418 Is
841 5376 1007 5418 mitem
1031 5366 1116 5434 qui
1142 5380 1295 5418 sanus
1319 5368 1480 5433 fuerat
1511 5361 1736 5426 effectus.
1770 5361 1955 5413 nosrir-

371 5460 450 5510 bat
477 5458 589 5529 quis
617 5465 769 5512 esset.
795 5453 947 5509 Jesus
974 5466 1141 5509 autem
1170 5454 1433 5507 declinavit
1459 5469 1490 5504 α
1520 5453 1662 5504 turba
1689 5453 1956 5505 constituta

434 5591 450 5622 ⁸
485 5588 630 5639 savii.
656 5596 709 5638 et
720 5586 929 5651 quidam
953 5595 1077 5641 uss,
1100 5591 1149 5651 τςι
1170 5583 1230 5634 ab
1252 5582 1377 5633 aliis.
1403 5585 1565 5651 Lectio
1589 5584 1786 5651 tlorelti,
1810 5596 1953 5645 quam

370 5658 664 5708 retinemus,
688 5644 878 5712 ali'qugt
900 5648 1144 5712 alattuscri,
1167 5656 1324 5695 torum
1349 5646 1632 5712 auctoritate.
1658 5644 1888 5712 ﬁrmatur.

430 5714 451 5743 ³
487 5705 660 5763 morel.
678 5712 752 5760 sic
775 5705 921 5759 effert
943 5709 1069 5757 hunc
1092 5705 1285 5758 locum:
1322 5715 1439 5753 tium
1485 5705 1677 5754 audiret
1716 5705 1956 5754 t'ltrtstmn

370 5774 454 5822 sibi
474 5788 588 5825 runt
609 5777 840 5837 potestate
862 5776 905 5819 ct
930 5769 978 5819 in
1001 5782 1090 5818 mo'
1105 5784 1178 5820 cm
1203 5765 1481 5829 imperantis
1504 5767 1756 5823 dicentem,
1779 5765 1952 5821 t‘lollr,

366 5845 465 5887 Blt‘.

1332 411 1396 466 IN
1432 412 1742 468 ωλΝΝΕΜ
1784 412 2013 467 ιιωιη..
2057 410 2320 468 XXXVII.
2363 414 2435 468 al.
2476 412 2717 468 XXXVI.

3546 419 3652 475 ΞΜ

2073 522 2126 575 in
2154 522 2284 575 loco.
2315 521 2379 577 Et
2404 537 2501 577 cur
2524 523 2802 580 abscondit
2833 540 2893 583 se
2917 525 3203 584 Christus?
3230 528 3412 586 Primo
3444 541 3502 586 ut
3540 533 3654 603 ipso

2066 612 2288 673 absente
2331 613 2693 670 testimonium
2737 617 3043 687 suspicione
3081 634 3307 676 vacuum
3345 630 3523 689 esset;
3562 626 3652 693 qui

2065 706 2210 760 enim
2237 720 2453 760 sensum
2479 709 2738 764 restitutae
2756 711 2997 766 sanitatis
3024 711 3274 781 habebat,
3304 713 3545 770 beneficii
3574 724 3654 770 te.-

2066 797 2162 851 stis
2186 806 2301 851 crat
2322 797 2425 853 tlde
2447 798 2659 869 dignus.
2691 802 2771 854 Ad
2801 801 2935 870 lucc,
2963 818 3031 859 ne
3055 806 3311 874 majorem
3339 805 3392 861 In
3416 807 3651 876 ipsorum

2065 887 2258 942 animis
2282 889 2317 944 tl
2337 905 2550 945 inimam
2573 891 2892 947 accenderet
2916 910 2930 958 ;
2959 904 3181 950 noverat
3204 897 3347 951 enim
3372 898 3454 953 vel
3481 897 3653 952 solam

2065 980 2181 1050 eius
2211 983 2296 1035 cui
2340 983 2605 1038 invidetur
2641 986 2981 1053 prtesentiam
3002 1028 3017 1052 ,
3049 1001 3157 1043 non
3199 1001 3414 1058 parvam
3460 989 3652 1045 invidis

2066 1072 2349 1128 scintillam
2378 1074 2634 1130 excitam.
2666 1075 2788 1131 Ideo
2831 1077 3107 1145 secedens,
3142 1078 3352 1149 reliquit
3383 1078 3511 1149 ipsis
3536 1093 3650 1135 rem

2065 1164 2204 1233 apud
2247 1179 2309 1219 se
2348 1165 2712 1232 tractandam;
2743 1167 2814 1222 ita
2843 1176 2901 1222 ut
2927 1166 3058 1223 nihil
3097 1168 3212 1239 ipse
3235 1167 3305 1225 de
3332 1184 3392 1225 se
3415 1168 3652 1235 diceret,

2064 1253 2160 1308 sed
2190 1254 2224 1309 ii
2255 1265 2455 1311 tantum
2482 1255 2574 1327 qui
2596 1258 2769 1314 curati
2794 1258 3005 1314 fuerant
3028 1274 3151 1315 cum
3178 1261 3554 1316 accusantibus
3575 1262 3651 1316 lo-

2064 1344 2378 1415 querentur.
2402 1345 2536 1402 Nam
2560 1356 2613 1402 et
2644 1347 2698 1402 hi
2724 1365 2937 1420 quoque
2961 1351 3218 1406 miraculo
3238 1351 3473 1421 prmbcnt
3503 1352 3652 1407 testi-

2066 1437 2323 1490 monium.
2352 1436 2468 1492 Non
2508 1439 2653 1493 enim
2681 1439 2893 1507 dicunt,
2922 1440 3033 1498 Cur.
3067 1443 3183 1498 ha‘c
3218 1442 3422 1512 iussisti
3452 1443 3565 1500 fieri
3598 1444 3649 1499 in

2064 1527 2332 1583 sabbato?
2355 1529 2447 1584 sed
2472 1572 2487 1593 ,
2517 1530 2626 1585 Cur
2652 1530 2766 1587 lucc
2794 1532 2931 1589 facis
2952 1535 3003 1588 in
3033 1534 3256 1589 sabbato
3274 1535 3313 1588 ν·
3335 1551 3441 1590 non
3472 1546 3646 1591 trans—

2063 1621 2393 1690 gressionem
2414 1622 2629 1694 indigne
2657 1625 2910 1693 ferentes,
2936 1627 3029 1683 sed
3053 1627 3330 1700 paralytici
3358 1629 3650 1683 valetudini

2065 1713 2386 1769 invidentes.
2414 1715 2571 1786 Atqui
2598 1716 2643 1770 si
2673 1716 2961 1773 humanum
2990 1734 3125 1788 opus
3152 1727 3382 1790 spectes,
3412 1720 3536 1774 illud
3564 1734 3651 1787 pn-

2065 1804 2189 1871 tius,
2216 1804 2359 1876 quod
2390 1807 2709 1878 paralyticos
2737 1808 2881 1871 fecit,
2911 1818 3028 1864 erat
3050 1824 3177 1865 vere
3203 1824 3378 1879 opus;
3406 1810 3659 1865 Christus

2062 1894 2205 1951 enim
2233 1898 2455 1952 verbum
2485 1904 2692 1953 tantum
2720 1899 2994 1954 emiserat.
3026 1899 3123 1955 llic
3149 1900 3308 1954 aliter
3334 1900 3485 1967 jubet
3516 1902 3649 1954 solvi

2062 1986 2379 2053 sabbatum;
2406 1987 2533 2043 alibi
2564 2006 2695 2044 vero
2737 2005 2832 2060 per
2857 1991 3090 2061 seipsum
3133 1991 3292 2046 solvit
3330 1989 3457 2046 illud
3480 2033 3495 2055 ,
3526 2008 3648 2045 cum

2065 2078 2232 2133 lutum
2263 2079 2471 2145 miscet,
2502 2088 2557 2135 et
2584 2081 2770 2135 oculos
2794 2080 2969 2139 illittit.
3001 2082 3132 2138 Illud
3161 2094 3336 2137 au'em
3366 2080 3509 2143 facit,
3542 2098 3648 2136 non

2064 2170 2493 2240 transgrediens,
2519 2171 2610 2225 sed
2643 2172 3054 2242 supergrediens
3086 2172 3276 2242 legem.
3309 2172 3381 2227 De
3411 2172 3492 2227 his
3524 2188 3660 2227 vero

2063 2269 2269 2330 postea.
2315 2260 2499 2331 Neque
2535 2262 2678 2314 enim
2727 2262 2920 2331 ubique
2961 2262 3121 2317 simili
3162 2262 3322 2317 mqu
3362 2261 3431 2317 de
3473 2263 3657 2317 soluto

2063 2354 2286 2409 sabbato
2312 2364 2591 2410 accusatus
2623 2371 2742 2411 sese
2774 2368 2963 2427 purgat
2990 2375 3003 2410 :
3037 2357 3086 2411 id
3116 2355 3257 2428 quod
3287 2371 3534 2412 accurate
3561 2357 3649 2410 ob-

2062 2447 2380 2501 servandum
2408 2450 2509 2503 erit.

2134 2538 2188 2592 ὅ.
2240 2536 2445 2592 Invidia
2486 2549 2728 2608 quantum
2772 2541 2982 2593 malum.
3015 2539 3643 2595 Caritas-commendatur.

2061 2657 2132 2666 —
2153 2627 2372 2683 Interim
2395 2636 2572 2684 autem
2602 2630 2877 2684 videamus
2901 2639 3160 2700 quantum
3187 2632 3385 2686 malum
3413 2632 3483 2686 sit
3514 2633 3650 2685 invi-

2061 2717 2147 2771 dia
2174 2735 2189 2772 :
2219 2732 2327 2788 quo
2353 2728 2511 2789 pacto
2539 2721 2738 2775 mentis
2755 2721 2941 2777 oculos
2960 2722 3025 2776 ad
3051 2723 3342 2792 perniciem
3362 2722 3526 2777 invidi
3549 2739 3646 2777 ex.-

2061 2818 2245 2866 ca-cet.
2276 2810 2736 2879 Quemadmodum
2784 2815 2926 2869 enim
2966 2815 3147 2870 furiosi
3200 2816 3439 2885 gladium
3473 2817 3524 2870 in
3554 2831 3641 2871 se-
3690 2861 3695 2866 .

2064 2904 2208 2971 ipsos
2228 2917 2372 2973 sarpe
2391 2913 2729 2970 convertunt,
2756 2905 2824 2959 ita
2846 2921 3058 2976 quoque
3081 2906 3271 2971 invidi,
3288 2921 3446 2961 unam
3468 2906 3643 2960 solum

2061 3000 2364 3060 spectantes
2392 2992 2533 3047 illius
2555 2994 2638 3048 cui
2665 2994 2922 3059 invident,
2949 2994 3258 3064 perniciem,
3281 3005 3467 3050 contra
3490 2996 3668 3050 Sttatnn.

2062 3082 2285 3137 salutem
2310 3081 2467 3137 bruto
2496 3082 2698 3153 impetu
2729 3083 2994 3139 feruntur.
3028 3085 3092 3140 lli
3117 3085 3202 3141 vel
3230 3083 3362 3155 feris
3392 3095 3517 3141 sunt
3548 3087 3640 3141 de-

2062 3171 2306 3228 teriores.
2331 3172 2464 3228 Nam
2489 3174 2592 3229 illa:
2611 3215 2626 3239 ,
2651 3175 2732 3230 vel
2759 3175 2898 3244 quod
2921 3175 3043 3230 cibo
3065 3183 3290 3246 egeant,
3320 3176 3402 3231 vel
3429 3191 3457 3231 a
3486 3176 3665 3231 nobis.

2062 3264 2282 3320 irritatae
2303 3307 2319 3332 ,
2349 3274 2537 3321 contra
2568 3282 2668 3321 nos
2702 3278 3013 3333 armantur;
3048 3267 3100 3321 hi
3128 3278 3306 3324 autem
3335 3270 3497 3323 etiam
3523 3278 3665 3338 post-

2061 3367 2276 3425 accepta
2300 3356 2577 3423 beneficia,
2600 3357 2870 3413 beneficos
2890 3374 3035 3428 stupe
3058 3375 3155 3428 pro
3177 3359 3405 3415 inimicis
3422 3358 3640 3415 habent.

2062 3445 2211 3502 Feris
2229 3461 2358 3502 sane
2380 3447 2431 3501 bi
2457 3448 2753 3503 deteriores
2777 3458 2929 3513 sunt,
2955 3449 3288 3506 da'monibus
3311 3465 3500 3520 pares;
3532 3452 3645 3505 imo

2062 3538 2199 3593 forte
2227 3539 2435 3609 pejores
2464 3539 2587 3593 illis.
2617 3538 2694 3592 Illi
2738 3555 2969 3609 namque
2997 3541 3286 3595 adversum
3318 3555 3417 3595 nos
3445 3542 3638 3609 impla-

2059 3630 2262 3685 cabiles
2279 3638 2534 3686 exercent
2564 3630 2889 3697 inimicitias,
2919 3631 3011 3686 sed
3035 3632 3117 3685 sui
3146 3632 3412 3687 similibus
3441 3632 3643 3686 daemo-

2060 3723 2215 3776 nibus
2244 3738 2348 3776 non
2376 3722 2727 3788 insidiantur;
2762 3723 2988 3794 ideoque
3012 3725 3134 3778 hinc
3158 3724 3404 3779 Christus
3424 3723 3657 3779 .ludteos

2059 3811 2387 3879 confutavit,
2418 3828 2539 3868 cum
2567 3813 2807 3869 dicerent
2833 3814 3006 3885 ipsum
3043 3816 3095 3869 in
3125 3815 3420 3871 Beelzebub
3443 3815 3640 3886 ejicere

2058 3904 2339 3960 daemonia.
2368 3905 2430 3960 lli
2454 3920 2581 3959 vero
2607 3922 2673 3961 ne
2701 3917 2903 3961 natura:
2928 3908 3144 3977 quidem
3172 3923 3283 3962 suae
3309 3908 3659 3963 consortium

2060 4007 2406 4061 reverentur,
2439 4014 2613 4068 neque
2639 3998 2739 4052 sibi
2770 3999 2901 4068 ipsis
2932 4008 3172 4068 parcunt.
3207 3999 3338 4053 Nam
3365 4010 3490 4053 ante
3517 4001 3636 4052 ani-

2059 4102 2200 4139 mam
2226 4102 2373 4140 suam
2395 4128 2407 4149 ,
2432 4103 2589 4156 quam
2612 4103 2706 4141 eos
2726 4089 2918 4158 quibus
2953 4089 3217 4153 invident,
3250 4088 3478 4153 ltedunt,
3508 4088 3660 4141 dum.

2058 4178 2198 4230 illaut
2224 4178 2416 4231 frustra
2447 4180 2671 4233 tumultu
2698 4194 2760 4233 ac
2785 4195 3016 4235 maerore
3039 4180 3265 4250 replent.
3292 4178 3419 4241 Cur,
3441 4180 3510 4231 mi
3541 4179 3639 4232 lto-

2059 4282 2149 4321 nio
2170 4310 2184 4331 ,
2212 4266 2280 4322 de
2305 4267 2529 4336 proximi
2554 4269 2708 4322 bonis
2729 4271 3028 4324 cruciaris?
3057 4270 3248 4325 Dolere
3273 4278 3546 4339 oporteret
3570 4272 3661 4326 do-

2059 4360 2214 4414 malis
2246 4360 2479 4426 nostris,
2508 4374 2615 4414 non
2646 4361 2712 4414 de
2744 4362 2971 4431 proximi
3006 4362 3273 4416 felicitate.
3304 4365 3639 4434 Quapropter

2062 4451 2164 4504 hoc
2191 4460 2464 4519 peccatum
2496 4451 2650 4506 venia
2680 4466 2898 4521 prorsus
2929 4453 3188 4521 privatur.
3216 4452 3351 4507 Nam
3373 4463 3643 4508 scortator

2058 4549 2235 4612 potest
2259 4541 2748 4610 concupiscentiam
2776 4542 3066 4599 obtendere
3089 4585 3105 4609 ,
3137 4542 3221 4599 fur
3246 4555 3644 4615 paupertatem,

2060 4634 2321 4689 homicida
2347 4635 2478 4689 iram
2502 4650 2517 4700 ;
2546 4635 2920 4692 excusationes
2941 4637 3152 4707 quidem
3178 4637 3393 4708 frigidas
3414 4647 3463 4691 et
3488 4638 3633 4692 insa-

2060 4740 2176 4789 nas,
2201 4725 2293 4780 sed
2318 4741 2436 4795 qua:
2458 4735 2635 4781 tamen
2658 4742 2692 4798 p
2723 4727 2881 4782 oferri
2908 4739 3128 4796 queunt.
3155 4729 3234 4783 Tu
3258 4746 3406 4794 vero,
3428 4744 3647 4800 quaeso,

2058 4833 2216 4887 quam
2239 4831 2453 4871 causam
2483 4818 2777 4873 obtendes?
2807 4818 3014 4874 Nullam
3036 4822 3290 4886 omnino,
3322 4822 3423 4875 nisi
3455 4822 3638 4892 ingen-

2061 4917 2165 4962 tem
2200 4907 2513 4978 nequitiam.
2548 4909 2677 4964 Nam
2721 4909 2766 4963 si
2813 4910 3056 4966 inimicos
3084 4911 3307 4982 diligere
3347 4911 3596 4980 iubemur
3620 4952 3636 4975 ,

2060 4998 2103 5051 si
2134 4999 2334 5051 amicos
2362 4997 2486 5051 odio
2517 4997 2808 5053 habeamus
2828 5035 2843 5064 ,
2874 5017 2980 5069 quo
3010 5017 3115 5054 non
3162 5000 3422 5071 supplicio
3452 5000 3642 5068 punie—

2062 5087 2218 5139 mur?
2250 5086 2314 5140 Et
2345 5088 2388 5139 si
2423 5086 2467 5139 is
2495 5087 2584 5155 qtti
2632 5091 2833 5142 amicos
2877 5105 3002 5145 suos
3042 5090 3245 5160 diligit,
3296 5104 3402 5143 non
3450 5088 3655 5143 melius

2062 5193 2220 5245 quam
2249 5186 2433 5246 gentes
2463 5177 2684 5231 allectus
2704 5189 2820 5243 est;
2844 5182 2932 5249 qni
2956 5196 3014 5235 se
3042 5181 3169 5234 nihil
3198 5178 3515 5234 laedentibus
3537 5194 3636 5233 no-

2060 5283 2164 5334 t‘et,
2184 5286 2342 5340 quam
2362 5280 2442 5324 est
2462 5270 2736 5326 habiturus
2755 5273 2984 5337 veniam,
3002 5289 3158 5342 quant
3181 5269 3640 5326 consolationem?

2062 5360 2196 5414 Audi
2225 5360 2448 5415 Paulum
2472 5360 2737 5417 dicentem
2763 5380 2777 5415 :
2812 5362 2872 5416 Si
2897 5363 3150 5415 tradidero
3177 5377 3362 5431 corpus
3383 5379 3548 5414 meum
3569 5363 3639 5416 ita

2062 5463 2115 5505 ut
2145 5452 2351 5506 ardeam
2376 5494 2390 5519 ,
2422 5454 2686 5507 caritatem
2724 5463 2892 5507 autem
2932 5444 3033 5508 nati
3061 5454 3283 5509 habuero
3304 5495 3319 5520 ,
3348 5454 3476 5509 nihil
3516 5456 3641 5509 mihi

2063 5543 2263 5609 prodest
2290 5543 2379 5611 (l.
2410 5540 2529 5597 Cor.
2558 5544 2646 5598 15.
2674 5544 2707 5596 5
2729 5543 2771 5612 ).
2801 5543 2952 5610 Quod
2979 5553 3155 5599 autem
3189 5545 3275 5600 ubi
3306 5545 3443 5601 livor
3469 5554 3524 5601 et
3553 5546 3636 5600 in-

2065 5633 2201 5687 vidia
2249 5643 2365 5698 est,
2414 5633 2610 5687 caritas
2639 5647 2860 5700 prorsus
2908 5634 3114 5689 sublata
3145 5637 3246 5704 sit,
3300 5637 3498 5692 nemini
3532 5650 3636 5689 non

2064 5736 2246 5777 nolunt
2277 5729 2380 5777 est.
2411 5723 2521 5777 lloc
2554 5724 2740 5778 vitium
2788 5734 2869 5781 est
2914 5726 3266 5784 fornicatione
3297 5738 3350 5784 et
3377 5728 3642 5782 adulterio

2072 5816 2240 5886 pejus.
2266 5814 2395 5871 Nam
2420 5814 2547 5871 illud
2581 5816 2632 5871 in
2656 5828 2912 5889 operante
2935 5822 3205 5879 consistit.
3231 5821 3439 5876 invidia:
3463 5828 3649 5873 autem,
