  <div class='ocr_page' id='page_1' title='image "/cluster/home/n/w/nwhite01/storage/ocr_20150623/59/mdp.39015009383640/209.png"; bbox 0 0 4104 6156; ppageno 0'>
   <div class='ocr_carea' id='block_1_1' title="bbox 396 361 494 418">
    <p class='ocr_par' dir='ltr' id='par_1_1' title="bbox 396 361 494 418">
     <span class='ocr_line' id='line_1_1' title="bbox 396 361 494 418; baseline 0.02 -2"><span class='ocrx_word' id='word_1_1' title='bbox 396 361 494 418; x_wconf 74' lang='lat' dir='ltr'><strong>2H</strong></span> 
     </span>
    </p>
   </div>
   <div class='ocr_carea' id='block_1_2' title="bbox 393 456 1983 540">
    <p class='ocr_par' dir='ltr' id='par_1_2' title="bbox 393 456 1983 540">
     <span class='ocr_line' id='line_1_2' title="bbox 393 456 1983 540; baseline -0.008 -18"><span class='ocrx_word' id='word_1_2' title='bbox 393 471 636 526; x_wconf 70' lang='lat' dir='ltr'><strong>tvranuis</strong></span> <span class='ocrx_word' id='word_1_3' title='bbox 661 471 929 527; x_wconf 83' lang='lat' dir='ltr'><strong>Ecclesias</strong></span> <span class='ocrx_word' id='word_1_4' title='bbox 953 471 1185 540; x_wconf 83' lang='lat' dir='ltr'><strong>integras</strong></span> <span class='ocrx_word' id='word_1_5' title='bbox 1203 463 1501 527; x_wconf 89' lang='lat' dir='ltr'><strong>subvertit,</strong></span> <span class='ocrx_word' id='word_1_6' title='bbox 1524 471 1578 515; x_wconf 84' lang='grc' dir='ltr'><strong>ει</strong></span> <span class='ocrx_word' id='word_1_7' title='bbox 1600 468 1770 513; x_wconf 91' lang='lat' dir='ltr'><strong>totum</strong></span> <span class='ocrx_word' id='word_1_8' title='bbox 1794 456 1983 511; x_wconf 80' lang='lat' dir='ltr'><strong>orbem</strong></span> 
     </span>
    </p>
   </div>
   <div class='ocr_carea' id='block_1_3' title="bbox 398 547 1977 618">
    <p class='ocr_par' dir='ltr' id='par_1_3' title="bbox 398 547 1977 618">
     <span class='ocr_line' id='line_1_3' title="bbox 398 547 1977 618; baseline -0.006 -4"><span class='ocrx_word' id='word_1_9' title='bbox 398 563 752 616; x_wconf 66' lang='lat' dir='ltr'><strong>labefactavit.</strong></span> <span class='ocrx_word' id='word_1_10' title='bbox 785 563 908 618; x_wconf 79' lang='lat' dir='ltr'><strong>Ihec</strong></span> <span class='ocrx_word' id='word_1_11' title='bbox 948 562 1110 618; x_wconf 67' lang='lat' dir='ltr'><strong>cxcdis</strong></span> <span class='ocrx_word' id='word_1_12' title='bbox 1143 567 1314 614; x_wconf 91' lang='lat' dir='ltr'><strong>mater</strong></span> <span class='ocrx_word' id='word_1_13' title='bbox 1342 563 1424 610; x_wconf 87' lang='lat' dir='ltr'><strong>est</strong></span> <span class='ocrx_word' id='word_1_14' title='bbox 1456 571 1469 607; x_wconf 93' lang='lat'><strong>:</strong></span> <span class='ocrx_word' id='word_1_15' title='bbox 1511 551 1612 606; x_wconf 91' lang='lat' dir='ltr'><strong>hac</strong></span> <span class='ocrx_word' id='word_1_16' title='bbox 1643 558 1818 604; x_wconf 87' lang='lat' dir='ltr'><strong>motus</strong></span> <span class='ocrx_word' id='word_1_17' title='bbox 1847 547 1977 601; x_wconf 74' lang='lat' dir='ltr'><strong>(Zain</strong></span> 
     </span>
    </p>
   </div>
   <div class='ocr_carea' id='block_1_4' title="bbox 395 637 1982 708">
    <p class='ocr_par' dir='ltr' id='par_1_4' title="bbox 395 637 1982 708">
     <span class='ocr_line' id='line_1_4' title="bbox 395 637 1982 708; baseline -0.009 -2"><span class='ocrx_word' id='word_1_18' title='bbox 395 653 611 708; x_wconf 90' lang='lat' dir='ltr'><strong>fratrem</strong></span> <span class='ocrx_word' id='word_1_19' title='bbox 641 653 837 708; x_wconf 90' lang='lat' dir='ltr'><strong>occidit</strong></span> <span class='ocrx_word' id='word_1_20' title='bbox 866 671 878 707; x_wconf 91' lang='lat'><strong>:</strong></span> <span class='ocrx_word' id='word_1_21' title='bbox 927 654 1011 706; x_wconf 89' lang='lat' dir='ltr'><strong>illa</strong></span> <span class='ocrx_word' id='word_1_22' title='bbox 1042 651 1350 708; x_wconf 91' lang='lat' dir='ltr'><strong>concitante</strong></span> <span class='ocrx_word' id='word_1_23' title='bbox 1379 643 1643 700; x_wconf 86' lang='lat' dir='ltr'><strong>Jacobum</strong></span> <span class='ocrx_word' id='word_1_24' title='bbox 1680 640 1822 694; x_wconf 73' lang='lat' dir='ltr'><strong>Esau</strong></span> <span class='ocrx_word' id='word_1_25' title='bbox 1843 680 1860 704; x_wconf 84' lang='lat'><strong>,</strong></span> <span class='ocrx_word' id='word_1_26' title='bbox 1888 637 1982 693; x_wconf 78' lang='lat' dir='ltr'><strong>Jo-</strong></span> 
     </span>
    </p>
   </div>
   <div class='ocr_carea' id='block_1_5' title="bbox 395 735 1984 816">
    <p class='ocr_par' dir='ltr' id='par_1_5' title="bbox 395 735 1984 816">
     <span class='ocr_line' id='line_1_5' title="bbox 395 735 1984 816; baseline -0.009 -16"><span class='ocrx_word' id='word_1_27' title='bbox 395 747 618 816; x_wconf 77' lang='lat' dir='ltr'><strong>sephum</strong></span> <span class='ocrx_word' id='word_1_28' title='bbox 649 746 844 802; x_wconf 82' lang='lat' dir='ltr'><strong>fratres</strong></span> <span class='ocrx_word' id='word_1_29' title='bbox 867 789 880 807; x_wconf 90' lang='lat'><strong>.</strong></span> <span class='ocrx_word' id='word_1_30' title='bbox 911 746 1202 803; x_wconf 87' lang='lat' dir='ltr'><strong>Immanqu</strong></span> <span class='ocrx_word' id='word_1_31' title='bbox 1231 755 1402 811; x_wconf 87' lang='lat' dir='ltr'><strong>genus</strong></span> <span class='ocrx_word' id='word_1_32' title='bbox 1423 735 1671 791; x_wconf 82' lang='lat' dir='ltr'><strong>diabolus</strong></span> <span class='ocrx_word' id='word_1_33' title='bbox 1697 747 1984 802; x_wconf 78' lang='lat' dir='ltr'><strong>aggressus</strong></span> 
     </span>
    </p>
   </div>
   <div class='ocr_carea' id='block_1_6' title="bbox 395 823 1985 900">
    <p class='ocr_par' dir='ltr' id='par_1_6' title="bbox 395 823 1985 900">
     <span class='ocr_line' id='line_1_6' title="bbox 395 823 1985 900; baseline -0.008 -10"><span class='ocrx_word' id='word_1_34' title='bbox 395 849 496 892; x_wconf 85' lang='lat' dir='ltr'><strong>est.</strong></span> <span class='ocrx_word' id='word_1_35' title='bbox 533 840 601 892; x_wconf 83' lang='lat' dir='ltr'><strong>At</strong></span> <span class='ocrx_word' id='word_1_36' title='bbox 630 848 684 892; x_wconf 91' lang='lat' dir='ltr'><strong>tu</strong></span> <span class='ocrx_word' id='word_1_37' title='bbox 725 854 830 892; x_wconf 91' lang='lat' dir='ltr'><strong>non</strong></span> <span class='ocrx_word' id='word_1_38' title='bbox 880 835 1176 900; x_wconf 86' lang='lat' dir='ltr'><strong>interficis,</strong></span> <span class='ocrx_word' id='word_1_39' title='bbox 1212 831 1305 886; x_wconf 86' lang='lat' dir='ltr'><strong>sed</strong></span> <span class='ocrx_word' id='word_1_40' title='bbox 1349 828 1496 884; x_wconf 84' lang='lat' dir='ltr'><strong>caede</strong></span> <span class='ocrx_word' id='word_1_41' title='bbox 1541 827 1698 895; x_wconf 81' lang='lat' dir='ltr'><strong>longe</strong></span> <span class='ocrx_word' id='word_1_42' title='bbox 1741 823 1985 892; x_wconf 75' lang='lat' dir='ltr'><strong>graviora</strong></span> 
     </span>
    </p>
   </div>
   <div class='ocr_carea' id='block_1_7' title="bbox 399 915 1967 999">
    <p class='ocr_par' dir='ltr' id='par_1_7' title="bbox 399 915 1967 999">
     <span class='ocr_line' id='line_1_7' title="bbox 399 915 1967 999; baseline -0.009 -17"><span class='ocrx_word' id='word_1_43' title='bbox 399 939 706 999; x_wconf 87' lang='lat' dir='ltr'><strong>perpetras,</strong></span> <span class='ocrx_word' id='word_1_44' title='bbox 733 929 858 982; x_wconf 88' lang='lat' dir='ltr'><strong>dmn</strong></span> <span class='ocrx_word' id='word_1_45' title='bbox 887 929 1124 998; x_wconf 74' lang='lat' dir='ltr'><strong>precaris</strong></span> <span class='ocrx_word' id='word_1_46' title='bbox 1156 933 1210 979; x_wconf 92' lang='lat' dir='ltr'><strong>ut</strong></span> <span class='ocrx_word' id='word_1_47' title='bbox 1244 923 1408 978; x_wconf 88' lang='lat' dir='ltr'><strong>frater</strong></span> <span class='ocrx_word' id='word_1_48' title='bbox 1450 917 1742 989; x_wconf 77' lang='lat' dir='ltr'><strong>ignominia</strong></span> <span class='ocrx_word' id='word_1_49' title='bbox 1774 915 1967 970; x_wconf 80' lang='lat' dir='ltr'><strong>afficia-</strong></span> 
     </span>
    </p>
   </div>
   <div class='ocr_carea' id='block_1_8' title="bbox 401 1003 1988 1088">
    <p class='ocr_par' dir='ltr' id='par_1_8' title="bbox 401 1003 1988 1088">
     <span class='ocr_line' id='line_1_8' title="bbox 401 1003 1988 1088; baseline -0.007 -18"><span class='ocrx_word' id='word_1_50' title='bbox 401 1033 516 1083; x_wconf 89' lang='lat' dir='ltr'><strong>lttl‘,</strong></span> <span class='ocrx_word' id='word_1_51' title='bbox 552 1019 680 1072; x_wconf 90' lang='lat' dir='ltr'><strong>dum</strong></span> <span class='ocrx_word' id='word_1_52' title='bbox 711 1019 930 1088; x_wconf 78' lang='lat' dir='ltr'><strong>laqueos</strong></span> <span class='ocrx_word' id='word_1_53' title='bbox 958 1003 1067 1087; x_wconf 82' lang='lat' dir='ltr'><strong>ipsi</strong></span> <span class='ocrx_word' id='word_1_54' title='bbox 1088 1015 1263 1071; x_wconf 88' lang='lat' dir='ltr'><strong>tendis</strong></span> <span class='ocrx_word' id='word_1_55' title='bbox 1299 1011 1535 1081; x_wconf 84' lang='lat' dir='ltr'><strong>undique</strong></span> <span class='ocrx_word' id='word_1_56' title='bbox 1555 1049 1570 1074; x_wconf 94' lang='lat'><strong>,</strong></span> <span class='ocrx_word' id='word_1_57' title='bbox 1599 1007 1726 1062; x_wconf 90' lang='lat' dir='ltr'><strong>dum</strong></span> <span class='ocrx_word' id='word_1_58' title='bbox 1757 1019 1860 1076; x_wconf 88' lang='lat' dir='ltr'><strong>pro</strong></span> <span class='ocrx_word' id='word_1_59' title='bbox 1880 1005 1988 1059; x_wconf 89' lang='lat' dir='ltr'><strong>vir-</strong></span> 
     </span>
    </p>
   </div>
   <div class='ocr_carea' id='block_1_9' title="bbox 399 1097 1983 1180">
    <p class='ocr_par' dir='ltr' id='par_1_9' title="bbox 399 1097 1983 1180">
     <span class='ocr_line' id='line_1_9' title="bbox 399 1097 1983 1180; baseline -0.008 -16"><span class='ocrx_word' id='word_1_60' title='bbox 399 1121 511 1164; x_wconf 92' lang='lat' dir='ltr'><strong>tute</strong></span> <span class='ocrx_word' id='word_1_61' title='bbox 539 1120 822 1180; x_wconf 77' lang='lat' dir='ltr'><strong>susceptos</strong></span> <span class='ocrx_word' id='word_1_62' title='bbox 850 1110 1060 1164; x_wconf 84' lang='lat' dir='ltr'><strong>labores</strong></span> <span class='ocrx_word' id='word_1_63' title='bbox 1089 1106 1316 1162; x_wconf 88' lang='lat' dir='ltr'><strong>resolvls</strong></span> <span class='ocrx_word' id='word_1_64' title='bbox 1337 1143 1352 1168; x_wconf 97' lang='lat'><strong>,</strong></span> <span class='ocrx_word' id='word_1_65' title='bbox 1383 1117 1504 1156; x_wconf 91' lang='lat' dir='ltr'><strong>cum</strong></span> <span class='ocrx_word' id='word_1_66' title='bbox 1535 1114 1677 1170; x_wconf 83' lang='lat' dir='ltr'><strong>aegre</strong></span> <span class='ocrx_word' id='word_1_67' title='bbox 1707 1098 1814 1153; x_wconf 90' lang='lat' dir='ltr'><strong>fers</strong></span> <span class='ocrx_word' id='word_1_68' title='bbox 1841 1097 1983 1168; x_wconf 86' lang='lat' dir='ltr'><strong>quod</strong></span> 
     </span>
    </p>
   </div>
   <div class='ocr_carea' id='block_1_10' title="bbox 398 1190 1981 1270">
    <p class='ocr_par' dir='ltr' id='par_1_10' title="bbox 398 1190 1981 1270">
     <span class='ocr_line' id='line_1_10' title="bbox 398 1190 1981 1270; baseline -0.008 -18"><span class='ocrx_word' id='word_1_69' title='bbox 398 1201 546 1256; x_wconf 88' lang='lat' dir='ltr'><strong>orbis</strong></span> <span class='ocrx_word' id='word_1_70' title='bbox 569 1202 794 1256; x_wconf 90' lang='lat' dir='ltr'><strong>Domino</strong></span> <span class='ocrx_word' id='word_1_71' title='bbox 825 1202 1048 1270; x_wconf 89' lang='lat' dir='ltr'><strong>placeat.</strong></span> <span class='ocrx_word' id='word_1_72' title='bbox 1074 1199 1189 1253; x_wconf 83' lang='lat' dir='ltr'><strong>Non</strong></span> <span class='ocrx_word' id='word_1_73' title='bbox 1219 1197 1367 1250; x_wconf 90' lang='lat' dir='ltr'><strong>illum</strong></span> <span class='ocrx_word' id='word_1_74' title='bbox 1390 1208 1540 1263; x_wconf 79' lang='lat' dir='ltr'><strong>ergo.</strong></span> <span class='ocrx_word' id='word_1_75' title='bbox 1563 1190 1661 1246; x_wconf 86' lang='lat' dir='ltr'><strong>sed</strong></span> <span class='ocrx_word' id='word_1_76' title='bbox 1680 1205 1800 1244; x_wconf 89' lang='lat' dir='ltr'><strong>eum</strong></span> <span class='ocrx_word' id='word_1_77' title='bbox 1823 1204 1981 1260; x_wconf 87' lang='lat' dir='ltr'><strong>quem</strong></span> 
     </span>
    </p>
   </div>
   <div class='ocr_carea' id='block_1_11' title="bbox 400 1281 1984 1361">
    <p class='ocr_par' dir='ltr' id='par_1_11' title="bbox 400 1281 1984 1361">
     <span class='ocr_line' id='line_1_11' title="bbox 400 1281 1984 1361; baseline -0.006 -18"><span class='ocrx_word' id='word_1_78' title='bbox 400 1293 515 1360; x_wconf 87' lang='lat' dir='ltr'><strong>ipse</strong></span> <span class='ocrx_word' id='word_1_79' title='bbox 539 1292 669 1347; x_wconf 91' lang='lat' dir='ltr'><strong>colit</strong></span> <span class='ocrx_word' id='word_1_80' title='bbox 697 1293 1016 1361; x_wconf 75' lang='lat' dir='ltr'><strong>impugnas:</strong></span> <span class='ocrx_word' id='word_1_81' title='bbox 1059 1290 1208 1344; x_wconf 92' lang='lat' dir='ltr'><strong>illum</strong></span> <span class='ocrx_word' id='word_1_82' title='bbox 1252 1284 1576 1343; x_wconf 80' lang='lat' dir='ltr'><strong>contumelia</strong></span> <span class='ocrx_word' id='word_1_83' title='bbox 1616 1281 1826 1346; x_wconf 89' lang='lat' dir='ltr'><strong>afficis,</strong></span> <span class='ocrx_word' id='word_1_84' title='bbox 1859 1281 1984 1334; x_wconf 91' lang='lat' dir='ltr'><strong>dum</strong></span> 
     </span>
    </p>
   </div>
   <div class='ocr_carea' id='block_1_12' title="bbox 403 1372 1986 1447">
    <p class='ocr_par' dir='ltr' id='par_1_12' title="bbox 403 1372 1986 1447">
     <span class='ocr_line' id='line_1_12' title="bbox 403 1372 1986 1447; baseline -0.006 -11"><span class='ocrx_word' id='word_1_85' title='bbox 403 1383 665 1439; x_wconf 84' lang='lat' dir='ltr'><strong>honorem</strong></span> <span class='ocrx_word' id='word_1_86' title='bbox 692 1394 838 1441; x_wconf 85' lang='lat' dir='ltr'><strong>tuum</strong></span> <span class='ocrx_word' id='word_1_87' title='bbox 862 1383 1001 1437; x_wconf 91' lang='lat' dir='ltr'><strong>illius</strong></span> <span class='ocrx_word' id='word_1_88' title='bbox 1025 1379 1213 1435; x_wconf 86' lang='lat' dir='ltr'><strong>honori</strong></span> <span class='ocrx_word' id='word_1_89' title='bbox 1243 1376 1525 1447; x_wconf 80' lang='lat' dir='ltr'><strong>anteponis</strong></span> <span class='ocrx_word' id='word_1_90' title='bbox 1551 1393 1564 1429; x_wconf 95' lang='lat'><strong>:</strong></span> <span class='ocrx_word' id='word_1_91' title='bbox 1593 1372 1846 1444; x_wconf 89' lang='lat' dir='ltr'><strong>quodque</strong></span> <span class='ocrx_word' id='word_1_92' title='bbox 1865 1387 1986 1441; x_wconf 86' lang='lat' dir='ltr'><strong>gra-</strong></span> 
     </span>
    </p>
   </div>
   <div class='ocr_carea' id='block_1_13' title="bbox 401 1464 1984 1542">
    <p class='ocr_par' dir='ltr' id='par_1_13' title="bbox 401 1464 1984 1542">
     <span class='ocr_line' id='line_1_13' title="bbox 401 1464 1984 1542; baseline -0.008 -14"><span class='ocrx_word' id='word_1_93' title='bbox 401 1476 674 1531; x_wconf 89' lang='lat' dir='ltr'><strong>vissimum</strong></span> <span class='ocrx_word' id='word_1_94' title='bbox 708 1487 818 1538; x_wconf 91' lang='lat' dir='ltr'><strong>est,</strong></span> <span class='ocrx_word' id='word_1_95' title='bbox 854 1476 1022 1528; x_wconf 91' lang='lat' dir='ltr'><strong>levem</strong></span> <span class='ocrx_word' id='word_1_96' title='bbox 1066 1482 1219 1542; x_wconf 90' lang='lat' dir='ltr'><strong>putas</strong></span> <span class='ocrx_word' id='word_1_97' title='bbox 1247 1485 1368 1527; x_wconf 89' lang='lat' dir='ltr'><strong>esse</strong></span> <span class='ocrx_word' id='word_1_98' title='bbox 1397 1468 1648 1536; x_wconf 85' lang='lat' dir='ltr'><strong>culpam,</strong></span> <span class='ocrx_word' id='word_1_99' title='bbox 1697 1464 1822 1518; x_wconf 87' lang='lat' dir='ltr'><strong>licet</strong></span> <span class='ocrx_word' id='word_1_100' title='bbox 1863 1478 1984 1517; x_wconf 90' lang='lat' dir='ltr'><strong>om-</strong></span> 
     </span>
    </p>
   </div>
   <div class='ocr_carea' id='block_1_14' title="bbox 402 1553 1982 1630">
    <p class='ocr_par' dir='ltr' id='par_1_14' title="bbox 402 1553 1982 1630">
     <span class='ocr_line' id='line_1_14' title="bbox 402 1553 1982 1630; baseline -0.008 -10"><span class='ocrx_word' id='word_1_101' title='bbox 402 1567 544 1620; x_wconf 89' lang='lat' dir='ltr'><strong>nium</strong></span> <span class='ocrx_word' id='word_1_102' title='bbox 572 1566 861 1621; x_wconf 89' lang='lat' dir='ltr'><strong>deterrima</strong></span> <span class='ocrx_word' id='word_1_103' title='bbox 893 1567 980 1620; x_wconf 92' lang='lat' dir='ltr'><strong>sit.</strong></span> <span class='ocrx_word' id='word_1_104' title='bbox 1014 1565 1146 1620; x_wconf 78' lang='lat' dir='ltr'><strong>Nam</strong></span> <span class='ocrx_word' id='word_1_105' title='bbox 1169 1564 1214 1618; x_wconf 93' lang='lat' dir='ltr'><strong>si</strong></span> <span class='ocrx_word' id='word_1_106' title='bbox 1243 1563 1339 1618; x_wconf 89' lang='lat' dir='ltr'><strong>des</strong></span> <span class='ocrx_word' id='word_1_107' title='bbox 1367 1562 1762 1630; x_wconf 83' lang='lat' dir='ltr'><strong>eleemosynam</strong></span> <span class='ocrx_word' id='word_1_108' title='bbox 1780 1597 1795 1622; x_wconf 95' lang='lat'><strong>,</strong></span> <span class='ocrx_word' id='word_1_109' title='bbox 1827 1553 1872 1608; x_wconf 92' lang='lat' dir='ltr'><strong>si</strong></span> <span class='ocrx_word' id='word_1_110' title='bbox 1901 1555 1982 1608; x_wconf 89' lang='lat' dir='ltr'><strong>vi-</strong></span> 
     </span>
    </p>
   </div>
   <div class='ocr_carea' id='block_1_15' title="bbox 399 1646 1984 1727">
    <p class='ocr_par' dir='ltr' id='par_1_15' title="bbox 399 1646 1984 1727">
     <span class='ocr_line' id='line_1_15' title="bbox 399 1646 1984 1727; baseline -0.008 -16"><span class='ocrx_word' id='word_1_111' title='bbox 399 1659 563 1727; x_wconf 84' lang='lat' dir='ltr'><strong>giles,</strong></span> <span class='ocrx_word' id='word_1_112' title='bbox 603 1659 648 1713; x_wconf 90' lang='lat' dir='ltr'><strong>si</strong></span> <span class='ocrx_word' id='word_1_113' title='bbox 687 1658 932 1727; x_wconf 89' lang='lat' dir='ltr'><strong>jejunes,</strong></span> <span class='ocrx_word' id='word_1_114' title='bbox 981 1657 1218 1711; x_wconf 91' lang='lat' dir='ltr'><strong>omnium</strong></span> <span class='ocrx_word' id='word_1_115' title='bbox 1265 1651 1710 1710; x_wconf 85' lang='lat' dir='ltr'><strong>sceleratissimus</strong></span> <span class='ocrx_word' id='word_1_116' title='bbox 1736 1662 1825 1713; x_wconf 91' lang='lat' dir='ltr'><strong>es,</strong></span> <span class='ocrx_word' id='word_1_117' title='bbox 1857 1646 1984 1700; x_wconf 90' lang='lat' dir='ltr'><strong>dum</strong></span> 
     </span>
    </p>
   </div>
   <div class='ocr_carea' id='block_1_16' title="bbox 403 1737 1984 1808">
    <p class='ocr_par' dir='ltr' id='par_1_16' title="bbox 403 1737 1984 1808">
     <span class='ocr_line' id='line_1_16' title="bbox 403 1737 1984 1808; baseline -0.008 -7"><span class='ocrx_word' id='word_1_118' title='bbox 403 1749 550 1802; x_wconf 78' lang='lat' dir='ltr'><strong>fratri</strong></span> <span class='ocrx_word' id='word_1_119' title='bbox 579 1749 806 1802; x_wconf 86' lang='lat' dir='ltr'><strong>invides.</strong></span> <span class='ocrx_word' id='word_1_120' title='bbox 833 1747 887 1801; x_wconf 92' lang='lat' dir='ltr'><strong>Id</strong></span> <span class='ocrx_word' id='word_1_121' title='bbox 915 1747 998 1802; x_wconf 88' lang='lat' dir='ltr'><strong>vel</strong></span> <span class='ocrx_word' id='word_1_122' title='bbox 1029 1747 1153 1801; x_wconf 85' lang='lat' dir='ltr'><strong>inde</strong></span> <span class='ocrx_word' id='word_1_123' title='bbox 1174 1753 1403 1800; x_wconf 87' lang='lat' dir='ltr'><strong>constat.</strong></span> <span class='ocrx_word' id='word_1_124' title='bbox 1430 1743 1712 1798; x_wconf 89' lang='lat' dir='ltr'><strong>Scortatus</strong></span> <span class='ocrx_word' id='word_1_125' title='bbox 1733 1747 1816 1792; x_wconf 87' lang='lat' dir='ltr'><strong>est</strong></span> <span class='ocrx_word' id='word_1_126' title='bbox 1839 1737 1984 1808; x_wconf 81' lang='lat' dir='ltr'><strong>quis-</strong></span> 
     </span>
    </p>
   </div>
   <div class='ocr_carea' id='block_1_17' title="bbox 405 1831 1984 1909">
    <p class='ocr_par' dir='ltr' id='par_1_17' title="bbox 405 1831 1984 1909">
     <span class='ocr_line' id='line_1_17' title="bbox 405 1831 1984 1909; baseline -0.005 -19"><span class='ocrx_word' id='word_1_127' title='bbox 405 1841 543 1909; x_wconf 88' lang='lat' dir='ltr'><strong>piam</strong></span> <span class='ocrx_word' id='word_1_128' title='bbox 569 1840 706 1907; x_wconf 91' lang='lat' dir='ltr'><strong>apud</strong></span> <span class='ocrx_word' id='word_1_129' title='bbox 750 1839 1094 1904; x_wconf 85' lang='lat' dir='ltr'><strong>Corinthios;</strong></span> <span class='ocrx_word' id='word_1_130' title='bbox 1137 1838 1231 1893; x_wconf 89' lang='lat' dir='ltr'><strong>sed</strong></span> <span class='ocrx_word' id='word_1_131' title='bbox 1273 1845 1558 1891; x_wconf 87' lang='lat' dir='ltr'><strong>accusatus</strong></span> <span class='ocrx_word' id='word_1_132' title='bbox 1598 1834 1705 1888; x_wconf 89' lang='lat' dir='ltr'><strong>cito</strong></span> <span class='ocrx_word' id='word_1_133' title='bbox 1735 1831 1984 1901; x_wconf 86' lang='lat' dir='ltr'><strong>resipuit.</strong></span> 
     </span>
    </p>
   </div>
   <div class='ocr_carea' id='block_1_18' title="bbox 405 1920 1984 1998">
    <p class='ocr_par' dir='ltr' id='par_1_18' title="bbox 405 1920 1984 1998">
     <span class='ocr_line' id='line_1_18' title="bbox 405 1920 1984 1998; baseline -0.006 -15"><span class='ocrx_word' id='word_1_134' title='bbox 405 1931 552 1984; x_wconf 82' lang='lat' dir='ltr'><strong>Abeli</strong></span> <span class='ocrx_word' id='word_1_135' title='bbox 579 1929 706 1984; x_wconf 91' lang='lat' dir='ltr'><strong>Cain</strong></span> <span class='ocrx_word' id='word_1_136' title='bbox 736 1931 924 1984; x_wconf 89' lang='lat' dir='ltr'><strong>invidit</strong></span> <span class='ocrx_word' id='word_1_137' title='bbox 953 1946 966 1994; x_wconf 90' lang='lat'><strong>;</strong></span> <span class='ocrx_word' id='word_1_138' title='bbox 1003 1938 1059 1984; x_wconf 91' lang='lat' dir='ltr'><strong>et</strong></span> <span class='ocrx_word' id='word_1_139' title='bbox 1083 1943 1374 1998; x_wconf 90' lang='lat' dir='ltr'><strong>numquam</strong></span> <span class='ocrx_word' id='word_1_140' title='bbox 1399 1925 1712 1982; x_wconf 87' lang='lat' dir='ltr'><strong>emendatus</strong></span> <span class='ocrx_word' id='word_1_141' title='bbox 1740 1929 1859 1985; x_wconf 88' lang='lat' dir='ltr'><strong>est;</strong></span> <span class='ocrx_word' id='word_1_142' title='bbox 1891 1920 1984 1975; x_wconf 82' lang='lat' dir='ltr'><strong>sed</strong></span> 
     </span>
    </p>
   </div>
   <div class='ocr_carea' id='block_1_19' title="bbox 405 2009 1982 2088">
    <p class='ocr_par' dir='ltr' id='par_1_19' title="bbox 405 2009 1982 2088">
     <span class='ocr_line' id='line_1_19' title="bbox 405 2009 1982 2088; baseline -0.006 -16"><span class='ocrx_word' id='word_1_143' title='bbox 405 2023 526 2073; x_wconf 75' lang='lat' dir='ltr'><strong>llt&#39;t‘l</strong></span> <span class='ocrx_word' id='word_1_144' title='bbox 557 2020 693 2073; x_wconf 65' lang='lat' dir='ltr'><strong>Deus</strong></span> <span class='ocrx_word' id='word_1_145' title='bbox 726 2021 822 2087; x_wconf 87' lang='lat' dir='ltr'><strong>ipsi</strong></span> <span class='ocrx_word' id='word_1_146' title='bbox 856 2019 1165 2088; x_wconf 88' lang='lat' dir='ltr'><strong>frequenter</strong></span> <span class='ocrx_word' id='word_1_147' title='bbox 1196 2018 1296 2072; x_wconf 88' lang='lat' dir='ltr'><strong>hoc</strong></span> <span class='ocrx_word' id='word_1_148' title='bbox 1324 2018 1473 2071; x_wconf 89' lang='lat' dir='ltr'><strong>ulcus</strong></span> <span class='ocrx_word' id='word_1_149' title='bbox 1501 2021 1854 2074; x_wconf 85' lang='lat' dir='ltr'><strong>memoraret,</strong></span> <span class='ocrx_word' id='word_1_150' title='bbox 1891 2009 1982 2063; x_wconf 90' lang='lat' dir='ltr'><strong>ille</strong></span> 
     </span>
    </p>
   </div>
   <div class='ocr_carea' id='block_1_20' title="bbox 1544 2145 1696 2152">
    <p class='ocr_par' dir='ltr' id='par_1_20' title="bbox 1544 2145 1696 2152">
     <span class='ocr_line' id='line_1_20' title="bbox 1544 2145 1696 2152; baseline -0.007 0"><span class='ocrx_word' id='word_1_151' title='bbox 1544 2145 1696 2152; x_wconf 69' lang='lat'><strong>_.————.</strong></span> 
     </span>
    </p>
   </div>
   <div class='ocr_carea' id='block_1_21' title="bbox 1777 2145 1999 2152">
    <p class='ocr_par' dir='ltr' id='par_1_21' title="bbox 1777 2145 1999 2152">
     <span class='ocr_line' id='line_1_21' title="bbox 1777 2145 1999 2152; baseline -0.005 0"><span class='ocrx_word' id='word_1_152' title='bbox 1777 2145 1999 2152; x_wconf 77' lang='lat'><strong>_—___———</strong></span> 
     </span>
    </p>
   </div>
   <div class='ocr_carea' id='block_1_22' title="bbox 412 2363 1990 2437">
    <p class='ocr_par' dir='ltr' id='par_1_22' title="bbox 412 2363 1990 2437">
     <span class='ocr_line' id='line_1_22' title="bbox 412 2363 1990 2437; baseline -0.008 -9"><span class='ocrx_word' id='word_1_153' title='bbox 412 2373 488 2423; x_wconf 35' lang='lat' dir='ltr'><strong>N.</strong></span> <span class='ocrx_word' id='word_1_154' title='bbox 531 2370 717 2429; x_wconf 81' lang='lat' dir='ltr'><strong>Postea</strong></span> <span class='ocrx_word' id='word_1_155' title='bbox 757 2372 942 2425; x_wconf 82' lang='lat' dir='ltr'><strong>invenit</strong></span> <span class='ocrx_word' id='word_1_156' title='bbox 975 2389 1088 2426; x_wconf 88' lang='lat' dir='ltr'><strong>eum</strong></span> <span class='ocrx_word' id='word_1_157' title='bbox 1133 2369 1284 2424; x_wconf 75' lang='lat' dir='ltr'><strong>Iesus</strong></span> <span class='ocrx_word' id='word_1_158' title='bbox 1311 2371 1361 2422; x_wconf 90' lang='lat' dir='ltr'><strong>iu</strong></span> <span class='ocrx_word' id='word_1_159' title='bbox 1417 2366 1632 2437; x_wconf 83' lang='lat' dir='ltr'><strong>templo,</strong></span> <span class='ocrx_word' id='word_1_160' title='bbox 1667 2375 1718 2419; x_wconf 79' lang='lat' dir='ltr'><strong>et</strong></span> <span class='ocrx_word' id='word_1_161' title='bbox 1744 2363 1872 2418; x_wconf 71' lang='lat' dir='ltr'><strong>dixit</strong></span> <span class='ocrx_word' id='word_1_162' title='bbox 1901 2363 1990 2416; x_wconf 80' lang='lat' dir='ltr'><strong>ei:</strong></span> 
     </span>
    </p>
   </div>
   <div class='ocr_carea' id='block_1_23' title="bbox 482 2453 1994 2531">
    <p class='ocr_par' dir='ltr' id='par_1_23' title="bbox 482 2453 1994 2531">
     <span class='ocr_line' id='line_1_23' title="bbox 482 2453 1994 2531; baseline -0.004 -19"><span class='ocrx_word' id='word_1_163' title='bbox 482 2459 610 2513; x_wconf 71' lang='lat' dir='ltr'><strong>Ecce</strong></span> <span class='ocrx_word' id='word_1_164' title='bbox 647 2477 801 2514; x_wconf 82' lang='lat' dir='ltr'><strong>sanus</strong></span> <span class='ocrx_word' id='word_1_165' title='bbox 845 2463 1012 2530; x_wconf 76' lang='lat' dir='ltr'><strong>{actus</strong></span> <span class='ocrx_word' id='word_1_166' title='bbox 1056 2476 1141 2524; x_wconf 84' lang='lat' dir='ltr'><strong>es;</strong></span> <span class='ocrx_word' id='word_1_167' title='bbox 1164 2461 1279 2531; x_wconf 87' lang='lat' dir='ltr'><strong>jam</strong></span> <span class='ocrx_word' id='word_1_168' title='bbox 1311 2457 1415 2512; x_wconf 82' lang='lat' dir='ltr'><strong>noli</strong></span> <span class='ocrx_word' id='word_1_169' title='bbox 1467 2471 1704 2526; x_wconf 80' lang='lat' dir='ltr'><strong>peccare,</strong></span> <span class='ocrx_word' id='word_1_170' title='bbox 1753 2471 1814 2508; x_wconf 87' lang='lat' dir='ltr'><strong>ne</strong></span> <span class='ocrx_word' id='word_1_171' title='bbox 1854 2453 1994 2506; x_wconf 76' lang='lat' dir='ltr'><strong>dete-</strong></span> 
     </span>
    </p>
   </div>
   <div class='ocr_carea' id='block_1_24' title="bbox 477 2553 1257 2622">
    <p class='ocr_par' dir='ltr' id='par_1_24' title="bbox 477 2553 1257 2622">
     <span class='ocr_line' id='line_1_24' title="bbox 477 2553 1257 2622; baseline 0 -18"><span class='ocrx_word' id='word_1_172' title='bbox 477 2554 584 2606; x_wconf 88' lang='lat' dir='ltr'><strong>rius</strong></span> <span class='ocrx_word' id='word_1_173' title='bbox 613 2554 808 2622; x_wconf 81' lang='lat' dir='ltr'><strong>aliquid</strong></span> <span class='ocrx_word' id='word_1_174' title='bbox 845 2553 929 2606; x_wconf 88' lang='lat' dir='ltr'><strong>tibi</strong></span> <span class='ocrx_word' id='word_1_175' title='bbox 978 2553 1257 2620; x_wconf 83' lang='lat' dir='ltr'><strong>contingat.</strong></span> 
     </span>
    </p>
   </div>
   <div class='ocr_carea' id='block_1_25' title="bbox 480 2637 1994 2716">
    <p class='ocr_par' dir='ltr' id='par_1_25' title="bbox 480 2637 1994 2716">
     <span class='ocr_line' id='line_1_25' title="bbox 480 2637 1994 2716; baseline -0.006 -18"><span class='ocrx_word' id='word_1_176' title='bbox 480 2648 531 2698; x_wconf 79' lang='lat' dir='ltr'><strong>l.</strong></span> <span class='ocrx_word' id='word_1_177' title='bbox 568 2644 699 2698; x_wconf 77' lang='lat' dir='ltr'><strong>Deus</strong></span> <span class='ocrx_word' id='word_1_178' title='bbox 731 2663 912 2716; x_wconf 80' lang='lat' dir='ltr'><strong>corpus</strong></span> <span class='ocrx_word' id='word_1_179' title='bbox 942 2645 1156 2714; x_wconf 87' lang='lat' dir='ltr'><strong>castigat</strong></span> <span class='ocrx_word' id='word_1_180' title='bbox 1186 2645 1246 2695; x_wconf 93' lang='lat' dir='ltr'><strong>ob</strong></span> <span class='ocrx_word' id='word_1_181' title='bbox 1279 2644 1462 2695; x_wconf 76' lang='lat' dir='ltr'><strong>anima:</strong></span> <span class='ocrx_word' id='word_1_182' title='bbox 1491 2647 1713 2711; x_wconf 86' lang='lat' dir='ltr'><strong>peccata.</strong></span> <span class='ocrx_word' id='word_1_183' title='bbox 1740 2637 1994 2692; x_wconf 74' lang='lat' dir='ltr'><strong>Cebenna:</strong></span> 
     </span>
    </p>
   </div>
   <div class='ocr_carea' id='block_1_26' title="bbox 408 2731 1993 2808">
    <p class='ocr_par' dir='ltr' id='par_1_26' title="bbox 408 2731 1993 2808">
     <span class='ocr_line' id='line_1_26' title="bbox 408 2731 1993 2808; baseline -0.004 -18"><span class='ocrx_word' id='word_1_184' title='bbox 408 2739 659 2808; x_wconf 74' lang='lat' dir='ltr'><strong>supplicia</strong></span> <span class='ocrx_word' id='word_1_185' title='bbox 703 2750 890 2792; x_wconf 73' lang='lat' dir='ltr'><strong>(eterna</strong></span> <span class='ocrx_word' id='word_1_186' title='bbox 920 2748 1034 2792; x_wconf 89' lang='lat' dir='ltr'><strong>sunt</strong></span> <span class='ocrx_word' id='word_1_187' title='bbox 1064 2749 1109 2790; x_wconf 87' lang='lat' dir='ltr'><strong>et</strong></span> <span class='ocrx_word' id='word_1_188' title='bbox 1133 2740 1292 2807; x_wconf 79' lang='lat' dir='ltr'><strong>jttalll.</strong></span> <span class='ocrx_word' id='word_1_189' title='bbox 1353 2737 1452 2802; x_wconf 82' lang='lat' dir='ltr'><strong>Qui</strong></span> <span class='ocrx_word' id='word_1_190' title='bbox 1490 2737 1606 2804; x_wconf 88' lang='lat' dir='ltr'><strong>jam</strong></span> <span class='ocrx_word' id='word_1_191' title='bbox 1655 2750 1746 2804; x_wconf 86' lang='lat' dir='ltr'><strong>pro</strong></span> <span class='ocrx_word' id='word_1_192' title='bbox 1776 2731 1993 2803; x_wconf 73' lang='lat' dir='ltr'><strong>peccatis</strong></span> 
     </span>
    </p>
   </div>
   <div class='ocr_carea' id='block_1_27' title="bbox 349 2819 1985 2900">
    <p class='ocr_par' dir='ltr' id='par_1_27' title="bbox 349 2819 1985 2900">
     <span class='ocr_line' id='line_1_27' title="bbox 349 2819 1985 2900; baseline -0.002 -21"><span class='ocrx_word' id='word_1_193' title='bbox 349 2819 352 2823; x_wconf 67' lang='grc'><em>’</em></span> <span class='ocrx_word' id='word_1_194' title='bbox 413 2832 546 2898; x_wconf 73' lang='lat' dir='ltr'><strong>pleri</strong></span> <span class='ocrx_word' id='word_1_195' title='bbox 568 2831 618 2883; x_wconf 84' lang='lat' dir='ltr'><strong>in</strong></span> <span class='ocrx_word' id='word_1_196' title='bbox 641 2830 815 2884; x_wconf 78' lang='lat' dir='ltr'><strong>eadem</strong></span> <span class='ocrx_word' id='word_1_197' title='bbox 839 2831 1066 2884; x_wconf 85' lang='lat' dir='ltr'><strong>recidunt</strong></span> <span class='ocrx_word' id='word_1_198' title='bbox 1088 2871 1104 2896; x_wconf 93' lang='lat'><strong>,</strong></span> <span class='ocrx_word' id='word_1_199' title='bbox 1131 2831 1344 2900; x_wconf 84' lang='lat' dir='ltr'><strong>majores</strong></span> <span class='ocrx_word' id='word_1_200' title='bbox 1366 2829 1556 2881; x_wconf 82' lang='lat' dir='ltr'><strong>dabunt</strong></span> <span class='ocrx_word' id='word_1_201' title='bbox 1583 2844 1773 2896; x_wconf 67' lang='lat' dir='ltr'><strong>poenas.</strong></span> <span class='ocrx_word' id='word_1_202' title='bbox 1819 2825 1985 2878; x_wconf 81' lang='lat' dir='ltr'><strong>Morbi</strong></span> 
     </span>
    </p>
   </div>
   <div class='ocr_carea' id='block_1_28' title="bbox 415 2917 1992 2989">
    <p class='ocr_par' dir='ltr' id='par_1_28' title="bbox 415 2917 1992 2989">
     <span class='ocr_line' id='line_1_28' title="bbox 415 2917 1992 2989; baseline -0.006 -15"><span class='ocrx_word' id='word_1_203' title='bbox 415 2921 621 2989; x_wconf 82' lang='lat' dir='ltr'><strong>plurimi</strong></span> <span class='ocrx_word' id='word_1_204' title='bbox 655 2937 714 2974; x_wconf 70' lang='lat' dir='ltr'><strong>ea:</strong></span> <span class='ocrx_word' id='word_1_205' title='bbox 759 2930 961 2989; x_wconf 85' lang='lat' dir='ltr'><strong>peccato</strong></span> <span class='ocrx_word' id='word_1_206' title='bbox 990 2922 1241 2974; x_wconf 86' lang='lat' dir='ltr'><strong>oriuntur.</strong></span> <span class='ocrx_word' id='word_1_207' title='bbox 1273 2949 1343 2958; x_wconf 91' lang='lat'><strong>—</strong></span> <span class='ocrx_word' id='word_1_208' title='bbox 1373 2919 1480 2973; x_wconf 65' lang='lat' dir='ltr'><strong>lies</strong></span> <span class='ocrx_word' id='word_1_209' title='bbox 1509 2917 1685 2987; x_wconf 77' lang='lat' dir='ltr'><strong>gravis</strong></span> <span class='ocrx_word' id='word_1_210' title='bbox 1717 2923 1992 2985; x_wconf 85' lang='lat' dir='ltr'><strong>peccatum</strong></span> 
     </span>
    </p>
   </div>
   <div class='ocr_carea' id='block_1_29' title="bbox 410 3005 1991 3079">
    <p class='ocr_par' dir='ltr' id='par_1_29' title="bbox 410 3005 1991 3079">
     <span class='ocr_line' id='line_1_29' title="bbox 410 3005 1991 3079; baseline -0.005 -16"><span class='ocrx_word' id='word_1_211' title='bbox 410 3021 490 3064; x_wconf 75' lang='lat' dir='ltr'><strong>est</strong></span> <span class='ocrx_word' id='word_1_212' title='bbox 517 3051 532 3076; x_wconf 91' lang='lat'><strong>,</strong></span> <span class='ocrx_word' id='word_1_213' title='bbox 562 3024 647 3065; x_wconf 91' lang='lat' dir='ltr'><strong>res</strong></span> <span class='ocrx_word' id='word_1_214' title='bbox 689 3019 842 3065; x_wconf 85' lang='lat' dir='ltr'><strong>certe</strong></span> <span class='ocrx_word' id='word_1_215' title='bbox 878 3010 1054 3079; x_wconf 78' lang='lat' dir='ltr'><strong>gravis</strong></span> <span class='ocrx_word' id='word_1_216' title='bbox 1085 3019 1138 3063; x_wconf 91' lang='grc' dir='ltr'><strong>ει</strong></span> <span class='ocrx_word' id='word_1_217' title='bbox 1178 3009 1371 3063; x_wconf 80' lang='lat' dir='ltr'><strong>animae</strong></span> <span class='ocrx_word' id='word_1_218' title='bbox 1413 3007 1708 3076; x_wconf 89' lang='lat' dir='ltr'><strong>pernicies;</strong></span> <span class='ocrx_word' id='word_1_219' title='bbox 1743 3005 1813 3057; x_wconf 91' lang='lat' dir='ltr'><strong>ita</strong></span> <span class='ocrx_word' id='word_1_220' title='bbox 1845 3011 1900 3056; x_wconf 91' lang='lat' dir='ltr'><strong>ut</strong></span> <span class='ocrx_word' id='word_1_221' title='bbox 1928 3016 1991 3056; x_wconf 81' lang='lat' dir='ltr'><strong>es</strong></span> 
     </span>
    </p>
   </div>
   <div class='ocr_carea' id='block_1_30' title="bbox 413 3094 1996 3171">
    <p class='ocr_par' dir='ltr' id='par_1_30' title="bbox 413 3094 1996 3171">
     <span class='ocr_line' id='line_1_30' title="bbox 413 3094 1996 3171; baseline -0.005 -17"><span class='ocrx_word' id='word_1_222' title='bbox 413 3101 760 3156; x_wconf 83' lang='lat' dir='ltr'><strong>redundantia</strong></span> <span class='ocrx_word' id='word_1_223' title='bbox 783 3117 924 3171; x_wconf 69' lang='lat' dir='ltr'><strong>saepe</strong></span> <span class='ocrx_word' id='word_1_224' title='bbox 951 3101 1110 3156; x_wconf 89' lang='lat' dir='ltr'><strong>etiam</strong></span> <span class='ocrx_word' id='word_1_225' title='bbox 1139 3115 1362 3170; x_wconf 85' lang='lat' dir='ltr'><strong>corpora</strong></span> <span class='ocrx_word' id='word_1_226' title='bbox 1395 3098 1570 3152; x_wconf 75' lang='lat' dir='ltr'><strong>lat-dat.</strong></span> <span class='ocrx_word' id='word_1_227' title='bbox 1599 3096 1734 3162; x_wconf 89' lang='lat' dir='ltr'><strong>Quia</strong></span> <span class='ocrx_word' id='word_1_228' title='bbox 1765 3094 1909 3150; x_wconf 85' lang='lat' dir='ltr'><strong>enim</strong></span> <span class='ocrx_word' id='word_1_229' title='bbox 1939 3103 1996 3146; x_wconf 91' lang='lat' dir='ltr'><strong>ut</strong></span> 
     </span>
    </p>
   </div>
   <div class='ocr_carea' id='block_1_31' title="bbox 418 3185 1992 3263">
    <p class='ocr_par' dir='ltr' id='par_1_31' title="bbox 418 3185 1992 3263">
     <span class='ocr_line' id='line_1_31' title="bbox 418 3185 1992 3263; baseline -0.004 -19"><span class='ocrx_word' id='word_1_230' title='bbox 418 3194 701 3262; x_wconf 87' lang='lat' dir='ltr'><strong>plurimum</strong></span> <span class='ocrx_word' id='word_1_231' title='bbox 745 3201 1037 3263; x_wconf 75' lang='lat' dir='ltr'><strong>:rgrotantc</strong></span> <span class='ocrx_word' id='word_1_232' title='bbox 1067 3193 1241 3245; x_wconf 90' lang='lat' dir='ltr'><strong>anima</strong></span> <span class='ocrx_word' id='word_1_233' title='bbox 1261 3233 1276 3254; x_wconf 88' lang='lat'><strong>,</strong></span> <span class='ocrx_word' id='word_1_234' title='bbox 1307 3191 1456 3244; x_wconf 90' lang='lat' dir='ltr'><strong>nullo</strong></span> <span class='ocrx_word' id='word_1_235' title='bbox 1480 3188 1743 3241; x_wconf 85' lang='lat' dir='ltr'><strong>afficimur</strong></span> <span class='ocrx_word' id='word_1_236' title='bbox 1769 3185 1952 3239; x_wconf 85' lang='lat' dir='ltr'><strong>dolore</strong></span> <span class='ocrx_word' id='word_1_237' title='bbox 1978 3200 1992 3246; x_wconf 94' lang='lat'><strong>;</strong></span> 
     </span>
    </p>
   </div>
   <div class='ocr_carea' id='block_1_32' title="bbox 415 3277 1996 3356">
    <p class='ocr_par' dir='ltr' id='par_1_32' title="bbox 415 3277 1996 3356">
     <span class='ocr_line' id='line_1_32' title="bbox 415 3277 1996 3356; baseline -0.007 -15"><span class='ocrx_word' id='word_1_238' title='bbox 415 3289 459 3341; x_wconf 83' lang='lat' dir='ltr'><strong>si</strong></span> <span class='ocrx_word' id='word_1_239' title='bbox 485 3303 610 3342; x_wconf 92' lang='lat' dir='ltr'><strong>vero</strong></span> <span class='ocrx_word' id='word_1_240' title='bbox 637 3301 834 3356; x_wconf 88' lang='lat' dir='ltr'><strong>corpus</strong></span> <span class='ocrx_word' id='word_1_241' title='bbox 866 3286 1130 3340; x_wconf 87' lang='lat' dir='ltr'><strong>tantillum</strong></span> <span class='ocrx_word' id='word_1_242' title='bbox 1161 3285 1368 3338; x_wconf 86' lang='lat' dir='ltr'><strong>laboret</strong></span> <span class='ocrx_word' id='word_1_243' title='bbox 1397 3323 1414 3346; x_wconf 88' lang='lat'><strong>,</strong></span> <span class='ocrx_word' id='word_1_244' title='bbox 1440 3295 1652 3335; x_wconf 89' lang='lat' dir='ltr'><strong>omnem</strong></span> <span class='ocrx_word' id='word_1_245' title='bbox 1681 3277 1996 3332; x_wconf 82' lang='lat' dir='ltr'><strong>adhibemus</strong></span> 
     </span>
    </p>
   </div>
   <div class='ocr_carea' id='block_1_33' title="bbox 416 3368 1994 3449">
    <p class='ocr_par' dir='ltr' id='par_1_33' title="bbox 416 3368 1994 3449">
     <span class='ocr_line' id='line_1_33' title="bbox 416 3368 1994 3449; baseline -0.006 -18"><span class='ocrx_word' id='word_1_246' title='bbox 416 3394 634 3448; x_wconf 86' lang='lat' dir='ltr'><strong>operam</strong></span> <span class='ocrx_word' id='word_1_247' title='bbox 663 3387 721 3432; x_wconf 90' lang='lat' dir='ltr'><strong>ut</strong></span> <span class='ocrx_word' id='word_1_248' title='bbox 749 3379 920 3449; x_wconf 81' lang='lat' dir='ltr'><strong>ipsum</strong></span> <span class='ocrx_word' id='word_1_249' title='bbox 951 3379 1018 3432; x_wconf 88' lang='lat' dir='ltr'><strong>ab</strong></span> <span class='ocrx_word' id='word_1_250' title='bbox 1059 3375 1366 3430; x_wconf 89' lang='lat' dir='ltr'><strong>infirmitate</strong></span> <span class='ocrx_word' id='word_1_251' title='bbox 1411 3373 1700 3427; x_wconf 84' lang='lat' dir='ltr'><strong>liberemus</strong></span> <span class='ocrx_word' id='word_1_252' title='bbox 1719 3409 1734 3435; x_wconf 95' lang='lat'><strong>,</strong></span> <span class='ocrx_word' id='word_1_253' title='bbox 1761 3385 1826 3423; x_wconf 90' lang='lat' dir='ltr'><strong>co</strong></span> <span class='ocrx_word' id='word_1_254' title='bbox 1855 3368 1994 3438; x_wconf 87' lang='lat' dir='ltr'><strong>quod</strong></span> 
     </span>
    </p>
   </div>
   <div class='ocr_carea' id='block_1_34' title="bbox 416 3462 1998 3535">
    <p class='ocr_par' dir='ltr' id='par_1_34' title="bbox 416 3462 1998 3535">
     <span class='ocr_line' id='line_1_34' title="bbox 416 3462 1998 3535; baseline -0.008 -9"><span class='ocrx_word' id='word_1_255' title='bbox 416 3473 558 3526; x_wconf 86' lang='lat' dir='ltr'><strong>illam</strong></span> <span class='ocrx_word' id='word_1_256' title='bbox 581 3471 909 3533; x_wconf 85' lang='lat' dir='ltr'><strong>sentiamus;</strong></span> <span class='ocrx_word' id='word_1_257' title='bbox 943 3469 1061 3523; x_wconf 92' lang='lat' dir='ltr'><strong>ideo</strong></span> <span class='ocrx_word' id='word_1_258' title='bbox 1088 3469 1225 3522; x_wconf 90' lang='lat' dir='ltr'><strong>Deus</strong></span> <span class='ocrx_word' id='word_1_259' title='bbox 1247 3481 1444 3535; x_wconf 88' lang='lat' dir='ltr'><strong>corpus</strong></span> <span class='ocrx_word' id='word_1_260' title='bbox 1464 3465 1688 3534; x_wconf 82' lang='lat' dir='ltr'><strong>castigat</strong></span> <span class='ocrx_word' id='word_1_261' title='bbox 1712 3462 1782 3517; x_wconf 94' lang='lat' dir='ltr'><strong>ob</strong></span> <span class='ocrx_word' id='word_1_262' title='bbox 1807 3462 1998 3514; x_wconf 76' lang='lat' dir='ltr'><strong>anima:</strong></span> 
     </span>
    </p>
   </div>
   <div class='ocr_carea' id='block_1_35' title="bbox 416 3549 1997 3631">
    <p class='ocr_par' dir='ltr' id='par_1_35' title="bbox 416 3549 1997 3631">
     <span class='ocr_line' id='line_1_35' title="bbox 416 3549 1997 3631; baseline -0.009 -15"><span class='ocrx_word' id='word_1_263' title='bbox 416 3569 631 3631; x_wconf 85' lang='lat' dir='ltr'><strong>peccata</strong></span> <span class='ocrx_word' id='word_1_264' title='bbox 672 3600 691 3626; x_wconf 89' lang='lat'><strong>,</strong></span> <span class='ocrx_word' id='word_1_265' title='bbox 721 3570 778 3614; x_wconf 89' lang='lat' dir='ltr'><strong>ut</strong></span> <span class='ocrx_word' id='word_1_266' title='bbox 821 3558 1090 3614; x_wconf 88' lang='lat' dir='ltr'><strong>inferioris</strong></span> <span class='ocrx_word' id='word_1_267' title='bbox 1129 3557 1295 3625; x_wconf 88' lang='lat' dir='ltr'><strong>partis</strong></span> <span class='ocrx_word' id='word_1_268' title='bbox 1319 3555 1707 3623; x_wconf 84' lang='lat' dir='ltr'><strong>castigatione,</strong></span> <span class='ocrx_word' id='word_1_269' title='bbox 1734 3549 1997 3620; x_wconf 90' lang='lat' dir='ltr'><strong>superiori</strong></span> 
     </span>
    </p>
   </div>
   <div class='ocr_carea' id='block_1_36' title="bbox 418 3638 2001 3720">
    <p class='ocr_par' dir='ltr' id='par_1_36' title="bbox 418 3638 2001 3720">
     <span class='ocr_line' id='line_1_36' title="bbox 418 3638 2001 3720; baseline -0.006 -19"><span class='ocrx_word' id='word_1_270' title='bbox 418 3651 774 3705; x_wconf 87' lang='lat' dir='ltr'><strong>valetudinem</strong></span> <span class='ocrx_word' id='word_1_271' title='bbox 821 3650 1008 3720; x_wconf 83' lang='lat' dir='ltr'><strong>pariat.</strong></span> <span class='ocrx_word' id='word_1_272' title='bbox 1061 3647 1150 3702; x_wconf 83' lang='lat' dir='ltr'><strong>Sic</strong></span> <span class='ocrx_word' id='word_1_273' title='bbox 1178 3657 1228 3700; x_wconf 86' lang='lat' dir='ltr'><strong>et</strong></span> <span class='ocrx_word' id='word_1_274' title='bbox 1259 3645 1398 3715; x_wconf 88' lang='lat' dir='ltr'><strong>apud</strong></span> <span class='ocrx_word' id='word_1_275' title='bbox 1453 3643 1764 3698; x_wconf 87' lang='lat' dir='ltr'><strong>Corinthios</strong></span> <span class='ocrx_word' id='word_1_276' title='bbox 1834 3638 2001 3694; x_wconf 90' lang='lat' dir='ltr'><strong>forni-</strong></span> 
     </span>
    </p>
   </div>
   <div class='ocr_carea' id='block_1_37' title="bbox 417 3734 1996 3806">
    <p class='ocr_par' dir='ltr' id='par_1_37' title="bbox 417 3734 1996 3806">
     <span class='ocr_line' id='line_1_37' title="bbox 417 3734 1996 3806; baseline -0.006 -12"><span class='ocrx_word' id='word_1_277' title='bbox 417 3752 653 3795; x_wconf 86' lang='lat' dir='ltr'><strong>catorem</strong></span> <span class='ocrx_word' id='word_1_278' title='bbox 710 3741 905 3794; x_wconf 88' lang='lat' dir='ltr'><strong>Paulus</strong></span> <span class='ocrx_word' id='word_1_279' title='bbox 959 3738 1296 3798; x_wconf 87' lang='lat' dir='ltr'><strong>emendavit,</strong></span> <span class='ocrx_word' id='word_1_280' title='bbox 1355 3752 1450 3806; x_wconf 91' lang='lat' dir='ltr'><strong>per</strong></span> <span class='ocrx_word' id='word_1_281' title='bbox 1497 3736 1674 3790; x_wconf 89' lang='lat' dir='ltr'><strong>carnis</strong></span> <span class='ocrx_word' id='word_1_282' title='bbox 1725 3734 1996 3788; x_wconf 90' lang='lat' dir='ltr'><strong>interitum</strong></span> 
     </span>
    </p>
   </div>
   <div class='ocr_carea' id='block_1_38' title="bbox 419 3827 1999 3894">
    <p class='ocr_par' dir='ltr' id='par_1_38' title="bbox 419 3827 1999 3894">
     <span class='ocr_line' id='line_1_38' title="bbox 419 3827 1999 3894; baseline -0.005 -9"><span class='ocrx_word' id='word_1_283' title='bbox 419 3833 616 3885; x_wconf 74' lang='lat' dir='ltr'><strong>animm</strong></span> <span class='ocrx_word' id='word_1_284' title='bbox 641 3831 886 3884; x_wconf 90' lang='lat' dir='ltr'><strong>morbum</strong></span> <span class='ocrx_word' id='word_1_285' title='bbox 912 3828 1188 3882; x_wconf 86' lang='lat' dir='ltr'><strong>cohibens.</strong></span> <span class='ocrx_word' id='word_1_286' title='bbox 1217 3827 1350 3882; x_wconf 88' lang='lat' dir='ltr'><strong>Nam</strong></span> <span class='ocrx_word' id='word_1_287' title='bbox 1378 3829 1584 3881; x_wconf 86' lang='lat' dir='ltr'><strong>invecta</strong></span> <span class='ocrx_word' id='word_1_288' title='bbox 1610 3827 1663 3880; x_wconf 93' lang='lat' dir='ltr'><strong>in</strong></span> <span class='ocrx_word' id='word_1_289' title='bbox 1690 3839 1886 3894; x_wconf 89' lang='lat' dir='ltr'><strong>corpus</strong></span> <span class='ocrx_word' id='word_1_290' title='bbox 1910 3839 1999 3878; x_wconf 88' lang='lat' dir='ltr'><strong>se-</strong></span> 
     </span>
    </p>
   </div>
   <div class='ocr_carea' id='block_1_39' title="bbox 416 3917 2000 3988">
    <p class='ocr_par' dir='ltr' id='par_1_39' title="bbox 416 3917 2000 3988">
     <span class='ocr_line' id='line_1_39' title="bbox 416 3917 2000 3988; baseline -0.004 -12"><span class='ocrx_word' id='word_1_291' title='bbox 416 3923 596 3976; x_wconf 90' lang='lat' dir='ltr'><strong>ctione</strong></span> <span class='ocrx_word' id='word_1_292' title='bbox 615 3963 633 3988; x_wconf 94' lang='lat'><strong>,</strong></span> <span class='ocrx_word' id='word_1_293' title='bbox 655 3922 731 3974; x_wconf 92' lang='lat' dir='ltr'><strong>sic</strong></span> <span class='ocrx_word' id='word_1_294' title='bbox 753 3920 950 3974; x_wconf 81' lang='lat' dir='ltr'><strong>malum</strong></span> <span class='ocrx_word' id='word_1_295' title='bbox 973 3919 1286 3988; x_wconf 89' lang='lat' dir='ltr'><strong>compressit</strong></span> <span class='ocrx_word' id='word_1_296' title='bbox 1320 3937 1333 3972; x_wconf 91' lang='lat'><strong>:</strong></span> <span class='ocrx_word' id='word_1_297' title='bbox 1369 3917 1506 3971; x_wconf 81' lang='lat' dir='ltr'><strong>haud</strong></span> <span class='ocrx_word' id='word_1_298' title='bbox 1529 3931 1688 3971; x_wconf 89' lang='lat' dir='ltr'><strong>secus</strong></span> <span class='ocrx_word' id='word_1_299' title='bbox 1706 3931 1865 3985; x_wconf 89' lang='lat' dir='ltr'><strong>quam</strong></span> <span class='ocrx_word' id='word_1_300' title='bbox 1889 3931 2000 3970; x_wconf 77' lang='lat' dir='ltr'><strong>mc-</strong></span> 
     </span>
    </p>
   </div>
   <div class='ocr_carea' id='block_1_40' title="bbox 419 4006 2006 4082">
    <p class='ocr_par' dir='ltr' id='par_1_40' title="bbox 419 4006 2006 4082">
     <span class='ocr_line' id='line_1_40' title="bbox 419 4006 2006 4082; baseline -0.003 -19"><span class='ocrx_word' id='word_1_301' title='bbox 419 4015 572 4067; x_wconf 85' lang='lat' dir='ltr'><strong>dicus</strong></span> <span class='ocrx_word' id='word_1_302' title='bbox 601 4012 854 4082; x_wconf 87' lang='lat' dir='ltr'><strong>optimus,</strong></span> <span class='ocrx_word' id='word_1_303' title='bbox 884 4011 1116 4082; x_wconf 91' lang='lat' dir='ltr'><strong>quicum</strong></span> <span class='ocrx_word' id='word_1_304' title='bbox 1147 4008 1457 4080; x_wconf 83' lang='lat' dir='ltr'><strong>hydropisin</strong></span> <span class='ocrx_word' id='word_1_305' title='bbox 1485 4015 1576 4061; x_wconf 89' lang='lat' dir='ltr'><strong>aut</strong></span> <span class='ocrx_word' id='word_1_306' title='bbox 1597 4008 1838 4076; x_wconf 75' lang='lat' dir='ltr'><strong>Splenem</strong></span> <span class='ocrx_word' id='word_1_307' title='bbox 1869 4006 2006 4059; x_wconf 81' lang='lat' dir='ltr'><strong>intc-</strong></span> 
     </span>
    </p>
   </div>
   <div class='ocr_carea' id='block_1_41' title="bbox 420 4099 2000 4174">
    <p class='ocr_par' dir='ltr' id='par_1_41' title="bbox 420 4099 2000 4174">
     <span class='ocr_line' id='line_1_41' title="bbox 420 4099 2000 4174; baseline -0.005 -16"><span class='ocrx_word' id='word_1_308' title='bbox 420 4105 652 4159; x_wconf 89' lang='lat' dir='ltr'><strong>rioribus</strong></span> <span class='ocrx_word' id='word_1_309' title='bbox 695 4103 995 4174; x_wconf 87' lang='lat' dir='ltr'><strong>pharmacis</strong></span> <span class='ocrx_word' id='word_1_310' title='bbox 1022 4118 1126 4157; x_wconf 90' lang='lat' dir='ltr'><strong>non</strong></span> <span class='ocrx_word' id='word_1_311' title='bbox 1159 4101 1355 4157; x_wconf 86' lang='lat' dir='ltr'><strong>cedere</strong></span> <span class='ocrx_word' id='word_1_312' title='bbox 1395 4100 1578 4165; x_wconf 85' lang='lat' dir='ltr'><strong>videt,</strong></span> <span class='ocrx_word' id='word_1_313' title='bbox 1609 4099 1845 4154; x_wconf 79' lang='lat' dir='ltr'><strong>exterius</strong></span> <span class='ocrx_word' id='word_1_314' title='bbox 1875 4099 2000 4151; x_wconf 88' lang='lat' dir='ltr'><strong>ttrit.</strong></span> 
     </span>
    </p>
   </div>
   <div class='ocr_carea' id='block_1_42' title="bbox 423 4189 2004 4266">
    <p class='ocr_par' dir='ltr' id='par_1_42' title="bbox 423 4189 2004 4266">
     <span class='ocr_line' id='line_1_42' title="bbox 423 4189 2004 4266; baseline -0.008 -15"><span class='ocrx_word' id='word_1_315' title='bbox 423 4197 516 4252; x_wconf 83' lang='lat' dir='ltr'><strong>Sic</strong></span> <span class='ocrx_word' id='word_1_316' title='bbox 543 4211 666 4266; x_wconf 87' lang='lat' dir='ltr'><strong>erga</strong></span> <span class='ocrx_word' id='word_1_317' title='bbox 697 4194 1047 4266; x_wconf 85' lang='lat' dir='ltr'><strong>paralyticum</strong></span> <span class='ocrx_word' id='word_1_318' title='bbox 1085 4195 1192 4262; x_wconf 82' lang='lat' dir='ltr'><strong>egit</strong></span> <span class='ocrx_word' id='word_1_319' title='bbox 1215 4191 1478 4247; x_wconf 86' lang='lat' dir='ltr'><strong>Christus.</strong></span> <span class='ocrx_word' id='word_1_320' title='bbox 1505 4192 1582 4244; x_wconf 84' lang='lat' dir='ltr'><strong>Ac</strong></span> <span class='ocrx_word' id='word_1_321' title='bbox 1607 4189 1726 4243; x_wconf 84' lang='lat' dir='ltr'><strong>vide</strong></span> <span class='ocrx_word' id='word_1_322' title='bbox 1773 4203 2004 4258; x_wconf 87' lang='lat' dir='ltr'><strong>quomo-</strong></span> 
     </span>
    </p>
   </div>
   <div class='ocr_carea' id='block_1_43' title="bbox 424 4279 2004 4353">
    <p class='ocr_par' dir='ltr' id='par_1_43' title="bbox 424 4279 2004 4353">
     <span class='ocr_line' id='line_1_43' title="bbox 424 4279 2004 4353; baseline -0.006 -14"><span class='ocrx_word' id='word_1_323' title='bbox 424 4288 496 4339; x_wconf 92' lang='lat' dir='ltr'><strong>do</strong></span> <span class='ocrx_word' id='word_1_324' title='bbox 526 4285 578 4340; x_wconf 89' lang='lat' dir='ltr'><strong>id</strong></span> <span class='ocrx_word' id='word_1_325' title='bbox 625 4285 895 4340; x_wconf 85' lang='lat' dir='ltr'><strong>declaret:</strong></span> <span class='ocrx_word' id='word_1_326' title='bbox 931 4283 1059 4337; x_wconf 82' lang='lat' dir='ltr'><strong>Ecce</strong></span> <span class='ocrx_word' id='word_1_327' title='bbox 1080 4299 1236 4337; x_wconf 86' lang='lat' dir='ltr'><strong>sanus</strong></span> <span class='ocrx_word' id='word_1_328' title='bbox 1264 4283 1428 4353; x_wconf 81' lang='lat' dir='ltr'><strong>[actus</strong></span> <span class='ocrx_word' id='word_1_329' title='bbox 1447 4297 1538 4345; x_wconf 86' lang='lat' dir='ltr'><strong>es;</strong></span> <span class='ocrx_word' id='word_1_330' title='bbox 1555 4283 1668 4350; x_wconf 84' lang='lat' dir='ltr'><strong>jam</strong></span> <span class='ocrx_word' id='word_1_331' title='bbox 1697 4279 1801 4332; x_wconf 88' lang='lat' dir='ltr'><strong>noli</strong></span> <span class='ocrx_word' id='word_1_332' title='bbox 1823 4294 2004 4348; x_wconf 81' lang='lat' dir='ltr'><strong>pecca-</strong></span> 
     </span>
    </p>
   </div>
   <div class='ocr_carea' id='block_1_44' title="bbox 421 4369 2005 4443">
    <p class='ocr_par' dir='ltr' id='par_1_44' title="bbox 421 4369 2005 4443">
     <span class='ocr_line' id='line_1_44' title="bbox 421 4369 2005 4443; baseline -0.004 -12"><span class='ocrx_word' id='word_1_333' title='bbox 421 4394 507 4441; x_wconf 89' lang='lat' dir='ltr'><strong>re,</strong></span> <span class='ocrx_word' id='word_1_334' title='bbox 541 4393 602 4430; x_wconf 84' lang='lat' dir='ltr'><strong>ne</strong></span> <span class='ocrx_word' id='word_1_335' title='bbox 629 4376 848 4430; x_wconf 81' lang='lat' dir='ltr'><strong>deterius</strong></span> <span class='ocrx_word' id='word_1_336' title='bbox 876 4376 963 4429; x_wconf 85' lang='lat' dir='ltr'><strong>tibi</strong></span> <span class='ocrx_word' id='word_1_337' title='bbox 991 4374 1186 4443; x_wconf 82' lang='lat' dir='ltr'><strong>aliquid</strong></span> <span class='ocrx_word' id='word_1_338' title='bbox 1213 4374 1493 4443; x_wconf 81' lang='lat' dir='ltr'><strong>contingat.</strong></span> <span class='ocrx_word' id='word_1_339' title='bbox 1526 4371 1662 4438; x_wconf 86' lang='lat' dir='ltr'><strong>Quid</strong></span> <span class='ocrx_word' id='word_1_340' title='bbox 1691 4371 1851 4440; x_wconf 86' lang='lat' dir='ltr'><strong>igitur</strong></span> <span class='ocrx_word' id='word_1_341' title='bbox 1880 4369 2005 4424; x_wconf 88' lang='lat' dir='ltr'><strong>inde</strong></span> 
     </span>
    </p>
   </div>
   <div class='ocr_carea' id='block_1_45' title="bbox 419 4461 2001 4533">
    <p class='ocr_par' dir='ltr' id='par_1_45' title="bbox 419 4461 2001 4533">
     <span class='ocr_line' id='line_1_45' title="bbox 419 4461 2001 4533; baseline -0.006 -10"><span class='ocrx_word' id='word_1_342' title='bbox 419 4470 696 4523; x_wconf 87' lang='lat' dir='ltr'><strong>discimus.</strong></span> <span class='ocrx_word' id='word_1_343' title='bbox 727 4468 964 4522; x_wconf 84' lang='lat' dir='ltr'><strong>Primum</strong></span> <span class='ocrx_word' id='word_1_344' title='bbox 987 4505 1003 4531; x_wconf 96' lang='lat'><strong>,</strong></span> <span class='ocrx_word' id='word_1_345' title='bbox 1033 4481 1097 4519; x_wconf 81' lang='lat' dir='ltr'><strong>ex</strong></span> <span class='ocrx_word' id='word_1_346' title='bbox 1129 4475 1348 4533; x_wconf 91' lang='lat' dir='ltr'><strong>peccato</strong></span> <span class='ocrx_word' id='word_1_347' title='bbox 1378 4464 1477 4532; x_wconf 83' lang='lat' dir='ltr'><strong>ipsi</strong></span> <span class='ocrx_word' id='word_1_348' title='bbox 1507 4473 1688 4516; x_wconf 90' lang='lat' dir='ltr'><strong>natum</strong></span> <span class='ocrx_word' id='word_1_349' title='bbox 1719 4461 2001 4526; x_wconf 90' lang='lat' dir='ltr'><strong>morbum;</strong></span> 
     </span>
    </p>
   </div>
   <div class='ocr_carea' id='block_1_46' title="bbox 422 4553 2004 4621">
    <p class='ocr_par' dir='ltr' id='par_1_46' title="bbox 422 4553 2004 4621">
     <span class='ocr_line' id='line_1_46' title="bbox 422 4553 2004 4621; baseline -0.005 -9"><span class='ocrx_word' id='word_1_350' title='bbox 422 4557 696 4621; x_wconf 86' lang='lat' dir='ltr'><strong>secundo,</strong></span> <span class='ocrx_word' id='word_1_351' title='bbox 726 4572 852 4610; x_wconf 91' lang='lat' dir='ltr'><strong>vere</strong></span> <span class='ocrx_word' id='word_1_352' title='bbox 903 4554 1230 4609; x_wconf 87' lang='lat' dir='ltr'><strong>credendam</strong></span> <span class='ocrx_word' id='word_1_353' title='bbox 1266 4568 1385 4608; x_wconf 88' lang='lat' dir='ltr'><strong>esse</strong></span> <span class='ocrx_word' id='word_1_354' title='bbox 1429 4553 1759 4621; x_wconf 86' lang='lat' dir='ltr'><strong>gehennam;</strong></span> <span class='ocrx_word' id='word_1_355' title='bbox 1811 4553 2004 4617; x_wconf 92' lang='lat' dir='ltr'><strong>tertio,</strong></span> 
     </span>
    </p>
   </div>
   <div class='ocr_carea' id='block_1_47' title="bbox 422 4642 2000 4714">
    <p class='ocr_par' dir='ltr' id='par_1_47' title="bbox 422 4642 2000 4714">
     <span class='ocr_line' id='line_1_47' title="bbox 422 4642 2000 4714; baseline -0.002 -15"><span class='ocrx_word' id='word_1_356' title='bbox 422 4647 728 4700; x_wconf 89' lang='lat' dir='ltr'><strong>diuturnum</strong></span> <span class='ocrx_word' id='word_1_357' title='bbox 751 4654 912 4714; x_wconf 87' lang='lat' dir='ltr'><strong>atque</strong></span> <span class='ocrx_word' id='word_1_358' title='bbox 933 4652 1245 4712; x_wconf 87' lang='lat' dir='ltr'><strong>perpetuum</strong></span> <span class='ocrx_word' id='word_1_359' title='bbox 1265 4657 1384 4696; x_wconf 88' lang='lat' dir='ltr'><strong>esse</strong></span> <span class='ocrx_word' id='word_1_360' title='bbox 1415 4643 1752 4710; x_wconf 85' lang='lat' dir='ltr'><strong>supplicium.</strong></span> <span class='ocrx_word' id='word_1_361' title='bbox 1772 4642 2000 4697; x_wconf 88' lang='lat' dir='ltr'><strong>Ubinam</strong></span> 
     </span>
    </p>
   </div>
   <div class='ocr_carea' id='block_1_48' title="bbox 423 4732 2003 4805">
    <p class='ocr_par' dir='ltr' id='par_1_48' title="bbox 423 4732 2003 4805">
     <span class='ocr_line' id='line_1_48' title="bbox 423 4732 2003 4805; baseline -0.003 -15"><span class='ocrx_word' id='word_1_362' title='bbox 423 4750 554 4804; x_wconf 83' lang='lat' dir='ltr'><strong>ergo</strong></span> <span class='ocrx_word' id='word_1_363' title='bbox 581 4742 704 4788; x_wconf 88' lang='lat' dir='ltr'><strong>sunt</strong></span> <span class='ocrx_word' id='word_1_364' title='bbox 734 4734 806 4788; x_wconf 90' lang='lat' dir='ltr'><strong>illi</strong></span> <span class='ocrx_word' id='word_1_365' title='bbox 837 4734 926 4805; x_wconf 89' lang='lat' dir='ltr'><strong>qui</strong></span> <span class='ocrx_word' id='word_1_366' title='bbox 955 4734 1137 4787; x_wconf 83' lang='lat' dir='ltr'><strong>dicunt</strong></span> <span class='ocrx_word' id='word_1_367' title='bbox 1157 4773 1172 4796; x_wconf 87' lang='lat'><strong>,</strong></span> <span class='ocrx_word' id='word_1_368' title='bbox 1206 4733 1361 4787; x_wconf 75' lang='lat' dir='ltr'><strong>llora:</strong></span> <span class='ocrx_word' id='word_1_369' title='bbox 1391 4732 1547 4785; x_wconf 90' lang='lat' dir='ltr'><strong>unius</strong></span> <span class='ocrx_word' id='word_1_370' title='bbox 1575 4733 1751 4801; x_wconf 87' lang='lat' dir='ltr'><strong>spatio</strong></span> <span class='ocrx_word' id='word_1_371' title='bbox 1789 4733 1962 4786; x_wconf 86' lang='lat' dir='ltr'><strong>occidi</strong></span> <span class='ocrx_word' id='word_1_372' title='bbox 1988 4775 2003 4798; x_wconf 92' lang='lat'><strong>,</strong></span> 
     </span>
    </p>
   </div>
   <div class='ocr_carea' id='block_1_49' title="bbox 427 4823 2008 4895">
    <p class='ocr_par' dir='ltr' id='par_1_49' title="bbox 427 4823 2008 4895">
     <span class='ocr_line' id='line_1_49' title="bbox 427 4823 2008 4895; baseline -0.001 -14"><span class='ocrx_word' id='word_1_373' title='bbox 427 4827 572 4883; x_wconf 89' lang='lat' dir='ltr'><strong>brevi</strong></span> <span class='ocrx_word' id='word_1_374' title='bbox 617 4836 858 4895; x_wconf 86' lang='lat' dir='ltr'><strong>tempore</strong></span> <span class='ocrx_word' id='word_1_375' title='bbox 903 4825 1226 4880; x_wconf 87' lang='lat' dir='ltr'><strong>adulterium</strong></span> <span class='ocrx_word' id='word_1_376' title='bbox 1271 4823 1551 4888; x_wconf 87' lang='lat' dir='ltr'><strong>commisi,</strong></span> <span class='ocrx_word' id='word_1_377' title='bbox 1581 4831 1636 4877; x_wconf 90' lang='lat' dir='ltr'><strong>et</strong></span> <span class='ocrx_word' id='word_1_378' title='bbox 1679 4823 2008 4879; x_wconf 88' lang='lat' dir='ltr'><strong>immortales</strong></span> 
     </span>
    </p>
   </div>
   <div class='ocr_carea' id='block_1_50' title="bbox 422 4917 2007 4990">
    <p class='ocr_par' dir='ltr' id='par_1_50' title="bbox 422 4917 2007 4990">
     <span class='ocr_line' id='line_1_50' title="bbox 422 4917 2007 4990; baseline 0 -17"><span class='ocrx_word' id='word_1_379' title='bbox 422 4920 564 4976; x_wconf 86' lang='lat' dir='ltr'><strong>dabo</strong></span> <span class='ocrx_word' id='word_1_380' title='bbox 593 4919 810 4990; x_wconf 65' lang='lat' dir='ltr'><strong>poenas?</strong></span> <span class='ocrx_word' id='word_1_381' title='bbox 841 4917 978 4972; x_wconf 87' lang='lat' dir='ltr'><strong>Ecce</strong></span> <span class='ocrx_word' id='word_1_382' title='bbox 1009 4917 1095 4971; x_wconf 92' lang='lat' dir='ltr'><strong>hic</strong></span> <span class='ocrx_word' id='word_1_383' title='bbox 1125 4933 1229 4972; x_wconf 92' lang='lat' dir='ltr'><strong>non</strong></span> <span class='ocrx_word' id='word_1_384' title='bbox 1269 4927 1346 4972; x_wconf 92' lang='lat' dir='ltr'><strong>tot</strong></span> <span class='ocrx_word' id='word_1_385' title='bbox 1377 4917 1617 4988; x_wconf 87' lang='lat' dir='ltr'><strong>peccavit</strong></span> <span class='ocrx_word' id='word_1_386' title='bbox 1644 4926 1773 4987; x_wconf 92' lang='lat' dir='ltr'><strong>quot</strong></span> <span class='ocrx_word' id='word_1_387' title='bbox 1820 4917 2007 4986; x_wconf 77' lang='lat' dir='ltr'><strong>plexos</strong></span> 
     </span>
    </p>
   </div>
   <div class='ocr_carea' id='block_1_51' title="bbox 421 5006 2007 5078">
    <p class='ocr_par' dir='ltr' id='par_1_51' title="bbox 421 5006 2007 5078">
     <span class='ocr_line' id='line_1_51' title="bbox 421 5006 2007 5078; baseline -0.004 -11"><span class='ocrx_word' id='word_1_388' title='bbox 421 5021 507 5067; x_wconf 81' lang='lat' dir='ltr'><strong>est</strong></span> <span class='ocrx_word' id='word_1_389' title='bbox 533 5011 689 5066; x_wconf 90' lang='lat' dir='ltr'><strong>anuis</strong></span> <span class='ocrx_word' id='word_1_390' title='bbox 713 5052 728 5076; x_wconf 92' lang='lat'><strong>,</strong></span> <span class='ocrx_word' id='word_1_391' title='bbox 759 5021 807 5065; x_wconf 92' lang='lat' dir='ltr'><strong>et</strong></span> <span class='ocrx_word' id='word_1_392' title='bbox 845 5013 896 5064; x_wconf 89' lang='lat' dir='ltr'><strong>in</strong></span> <span class='ocrx_word' id='word_1_393' title='bbox 945 5008 1296 5063; x_wconf 89' lang='lat' dir='ltr'><strong>diuturnitate</strong></span> <span class='ocrx_word' id='word_1_394' title='bbox 1345 5023 1518 5078; x_wconf 66' lang='lat' dir='ltr'><strong>paena:</strong></span> <span class='ocrx_word' id='word_1_395' title='bbox 1569 5016 1734 5063; x_wconf 89' lang='lat' dir='ltr'><strong>totam</strong></span> <span class='ocrx_word' id='word_1_396' title='bbox 1765 5006 1879 5062; x_wconf 89' lang='lat' dir='ltr'><strong>fere</strong></span> <span class='ocrx_word' id='word_1_397' title='bbox 1909 5007 2007 5062; x_wconf 87' lang='lat' dir='ltr'><strong>ho—</strong></span> 
     </span>
    </p>
   </div>
   <div class='ocr_carea' id='block_1_52' title="bbox 424 5098 2006 5170">
    <p class='ocr_par' dir='ltr' id='par_1_52' title="bbox 424 5098 2006 5170">
     <span class='ocr_line' id='line_1_52' title="bbox 424 5098 2006 5170; baseline -0.002 -13"><span class='ocrx_word' id='word_1_398' title='bbox 424 5104 581 5158; x_wconf 89' lang='lat' dir='ltr'><strong>minis</strong></span> <span class='ocrx_word' id='word_1_399' title='bbox 624 5104 786 5157; x_wconf 88' lang='lat' dir='ltr'><strong>vitam</strong></span> <span class='ocrx_word' id='word_1_400' title='bbox 835 5099 1152 5169; x_wconf 87' lang='lat' dir='ltr'><strong>absumpsit.</strong></span> <span class='ocrx_word' id='word_1_401' title='bbox 1198 5098 1312 5154; x_wconf 81' lang='lat' dir='ltr'><strong>Non</strong></span> <span class='ocrx_word' id='word_1_402' title='bbox 1342 5098 1484 5154; x_wconf 89' lang='lat' dir='ltr'><strong>enim</strong></span> <span class='ocrx_word' id='word_1_403' title='bbox 1515 5115 1580 5153; x_wconf 75' lang='lat' dir='ltr'><strong>ex</strong></span> <span class='ocrx_word' id='word_1_404' title='bbox 1613 5107 1853 5170; x_wconf 87' lang='lat' dir='ltr'><strong>tempore</strong></span> <span class='ocrx_word' id='word_1_405' title='bbox 1885 5114 2006 5170; x_wconf 88' lang='lat' dir='ltr'><strong>pec-</strong></span> 
     </span>
    </p>
   </div>
   <div class='ocr_carea' id='block_1_53' title="bbox 421 5190 2005 5261">
    <p class='ocr_par' dir='ltr' id='par_1_53' title="bbox 421 5190 2005 5261">
     <span class='ocr_line' id='line_1_53' title="bbox 421 5190 2005 5261; baseline 0.001 -14"><span class='ocrx_word' id='word_1_406' title='bbox 421 5205 540 5248; x_wconf 89' lang='lat' dir='ltr'><strong>cata</strong></span> <span class='ocrx_word' id='word_1_407' title='bbox 568 5195 784 5249; x_wconf 89' lang='lat' dir='ltr'><strong>metitur</strong></span> <span class='ocrx_word' id='word_1_408' title='bbox 820 5194 958 5248; x_wconf 89' lang='lat' dir='ltr'><strong>Deus</strong></span> <span class='ocrx_word' id='word_1_409' title='bbox 978 5234 993 5258; x_wconf 93' lang='lat'><strong>,</strong></span> <span class='ocrx_word' id='word_1_410' title='bbox 1021 5190 1114 5246; x_wconf 90' lang='lat' dir='ltr'><strong>sed</strong></span> <span class='ocrx_word' id='word_1_411' title='bbox 1150 5206 1215 5247; x_wconf 80' lang='lat' dir='ltr'><strong>ex</strong></span> <span class='ocrx_word' id='word_1_412' title='bbox 1254 5191 1366 5261; x_wconf 88' lang='lat' dir='ltr'><strong>ipsa</strong></span> <span class='ocrx_word' id='word_1_413' title='bbox 1392 5191 1658 5248; x_wconf 90' lang='lat' dir='ltr'><strong>scelerum</strong></span> <span class='ocrx_word' id='word_1_414' title='bbox 1686 5201 1894 5248; x_wconf 88' lang='lat' dir='ltr'><strong>natura.</strong></span> <span class='ocrx_word' id='word_1_415' title='bbox 1923 5192 2005 5248; x_wconf 83' lang='lat' dir='ltr'><strong>Ad</strong></span> 
     </span>
    </p>
   </div>
   <div class='ocr_carea' id='block_1_54' title="bbox 426 5282 2005 5355">
    <p class='ocr_par' dir='ltr' id='par_1_54' title="bbox 426 5282 2005 5355">
     <span class='ocr_line' id='line_1_54' title="bbox 426 5282 2005 5355; baseline 0.001 -19"><span class='ocrx_word' id='word_1_416' title='bbox 426 5285 541 5338; x_wconf 74' lang='lat' dir='ltr'><strong>lucc</strong></span> <span class='ocrx_word' id='word_1_417' title='bbox 578 5284 706 5338; x_wconf 90' lang='lat' dir='ltr'><strong>illud</strong></span> <span class='ocrx_word' id='word_1_418' title='bbox 747 5299 958 5355; x_wconf 89' lang='lat' dir='ltr'><strong>quoque</strong></span> <span class='ocrx_word' id='word_1_419' title='bbox 1003 5282 1481 5348; x_wconf 88' lang='lat' dir='ltr'><strong>considerandum,</strong></span> <span class='ocrx_word' id='word_1_420' title='bbox 1510 5282 1610 5337; x_wconf 87' lang='lat' dir='ltr'><strong>etsi</strong></span> <span class='ocrx_word' id='word_1_421' title='bbox 1641 5298 1832 5353; x_wconf 85' lang='lat' dir='ltr'><strong>graves</strong></span> <span class='ocrx_word' id='word_1_422' title='bbox 1858 5284 2005 5352; x_wconf 80' lang='lat' dir='ltr'><strong>prio-</strong></span> 
     </span>
    </p>
   </div>
   <div class='ocr_carea' id='block_1_55' title="bbox 426 5373 2006 5444">
    <p class='ocr_par' dir='ltr' id='par_1_55' title="bbox 426 5373 2006 5444">
     <span class='ocr_line' id='line_1_55' title="bbox 426 5373 2006 5444; baseline 0.001 -17"><span class='ocrx_word' id='word_1_423' title='bbox 426 5392 543 5427; x_wconf 89' lang='lat' dir='ltr'><strong>rum</strong></span> <span class='ocrx_word' id='word_1_424' title='bbox 575 5376 836 5429; x_wconf 88' lang='lat' dir='ltr'><strong>scelerum</strong></span> <span class='ocrx_word' id='word_1_425' title='bbox 869 5390 1054 5444; x_wconf 68' lang='lat' dir='ltr'><strong>pinnas</strong></span> <span class='ocrx_word' id='word_1_426' title='bbox 1080 5373 1271 5429; x_wconf 92' lang='lat' dir='ltr'><strong>demus</strong></span> <span class='ocrx_word' id='word_1_427' title='bbox 1291 5415 1308 5439; x_wconf 95' lang='lat'><strong>,</strong></span> <span class='ocrx_word' id='word_1_428' title='bbox 1336 5373 1380 5428; x_wconf 91' lang='lat' dir='ltr'><strong>si</strong></span> <span class='ocrx_word' id='word_1_429' title='bbox 1412 5373 1464 5426; x_wconf 92' lang='lat' dir='ltr'><strong>in</strong></span> <span class='ocrx_word' id='word_1_430' title='bbox 1492 5373 1680 5427; x_wconf 89' lang='lat' dir='ltr'><strong>eadem</strong></span> <span class='ocrx_word' id='word_1_431' title='bbox 1714 5384 1896 5444; x_wconf 90' lang='lat' dir='ltr'><strong>postea</strong></span> <span class='ocrx_word' id='word_1_432' title='bbox 1929 5376 2006 5428; x_wconf 93' lang='lat' dir='ltr'><strong>in-</strong></span> 
     </span>
    </p>
   </div>
   <div class='ocr_carea' id='block_1_56' title="bbox 428 5456 2007 5534">
    <p class='ocr_par' dir='ltr' id='par_1_56' title="bbox 428 5456 2007 5534">
     <span class='ocr_line' id='line_1_56' title="bbox 428 5456 2007 5534; baseline 0.003 -20"><span class='ocrx_word' id='word_1_433' title='bbox 428 5456 668 5516; x_wconf 82' lang='lat' dir='ltr'><strong>cidamus</strong></span> <span class='ocrx_word' id='word_1_434' title='bbox 692 5503 707 5526; x_wconf 96' lang='lat'><strong>,</strong></span> <span class='ocrx_word' id='word_1_435' title='bbox 742 5464 898 5532; x_wconf 84' lang='lat' dir='ltr'><strong>longe</strong></span> <span class='ocrx_word' id='word_1_436' title='bbox 940 5465 1184 5534; x_wconf 84' lang='lat' dir='ltr'><strong>graviora</strong></span> <span class='ocrx_word' id='word_1_437' title='bbox 1217 5479 1314 5518; x_wconf 90' lang='lat' dir='ltr'><strong>nos</strong></span> <span class='ocrx_word' id='word_1_438' title='bbox 1341 5463 1596 5534; x_wconf 87' lang='lat' dir='ltr'><strong>deinceps</strong></span> <span class='ocrx_word' id='word_1_439' title='bbox 1625 5480 1912 5534; x_wconf 80' lang='lat' dir='ltr'><strong>passuros;</strong></span> <span class='ocrx_word' id='word_1_440' title='bbox 1941 5479 2007 5519; x_wconf 90' lang='lat' dir='ltr'><strong>ac</strong></span> 
     </span>
    </p>
   </div>
   <div class='ocr_carea' id='block_1_57' title="bbox 421 5553 2006 5626">
    <p class='ocr_par' dir='ltr' id='par_1_57' title="bbox 421 5553 2006 5626">
     <span class='ocr_line' id='line_1_57' title="bbox 421 5553 2006 5626; baseline 0.004 -21"><span class='ocrx_word' id='word_1_441' title='bbox 421 5553 542 5621; x_wconf 92' lang='lat' dir='ltr'><strong>jurc</strong></span> <span class='ocrx_word' id='word_1_442' title='bbox 573 5555 782 5609; x_wconf 86' lang='lat' dir='ltr'><strong>merito.</strong></span> <span class='ocrx_word' id='word_1_443' title='bbox 817 5555 865 5608; x_wconf 87' lang='lat' dir='ltr'><strong>Is</strong></span> <span class='ocrx_word' id='word_1_444' title='bbox 894 5557 1035 5610; x_wconf 92' lang='lat' dir='ltr'><strong>enim</strong></span> <span class='ocrx_word' id='word_1_445' title='bbox 1066 5556 1155 5625; x_wconf 90' lang='lat' dir='ltr'><strong>qui</strong></span> <span class='ocrx_word' id='word_1_446' title='bbox 1186 5571 1254 5611; x_wconf 94' lang='lat' dir='ltr'><strong>ne</strong></span> <span class='ocrx_word' id='word_1_447' title='bbox 1280 5556 1542 5626; x_wconf 92' lang='lat' dir='ltr'><strong>supplicio</strong></span> <span class='ocrx_word' id='word_1_448' title='bbox 1567 5556 1783 5626; x_wconf 89' lang='lat' dir='ltr'><strong>quidem</strong></span> <span class='ocrx_word' id='word_1_449' title='bbox 1814 5556 2006 5612; x_wconf 88' lang='lat' dir='ltr'><strong>melior</strong></span> 
     </span>
    </p>
   </div>
   <div class='ocr_carea' id='block_1_58' title="bbox 425 5644 2001 5716">
    <p class='ocr_par' dir='ltr' id='par_1_58' title="bbox 425 5644 2001 5716">
     <span class='ocr_line' id='line_1_58' title="bbox 425 5644 2001 5716; baseline 0.004 -20"><span class='ocrx_word' id='word_1_450' title='bbox 425 5644 688 5712; x_wconf 85' lang='lat' dir='ltr'><strong>efficitur,</strong></span> <span class='ocrx_word' id='word_1_451' title='bbox 737 5644 888 5713; x_wconf 87' lang='lat' dir='ltr'><strong>quasi</strong></span> <span class='ocrx_word' id='word_1_452' title='bbox 938 5645 1182 5712; x_wconf 88' lang='lat' dir='ltr'><strong>stupidus</strong></span> <span class='ocrx_word' id='word_1_453' title='bbox 1228 5645 1441 5700; x_wconf 90' lang='lat' dir='ltr'><strong>demum</strong></span> <span class='ocrx_word' id='word_1_454' title='bbox 1487 5655 1542 5700; x_wconf 90' lang='lat' dir='ltr'><strong>et</strong></span> <span class='ocrx_word' id='word_1_455' title='bbox 1585 5656 1920 5716; x_wconf 82' lang='lat' dir='ltr'><strong>contemptor</strong></span> <span class='ocrx_word' id='word_1_456' title='bbox 1952 5648 2001 5702; x_wconf 93' lang='lat' dir='ltr'><strong>in</strong></span> 
     </span>
    </p>
   </div>
   <div class='ocr_carea' id='block_1_59' title="bbox 430 5735 2002 5810">
    <p class='ocr_par' dir='ltr' id='par_1_59' title="bbox 430 5735 2002 5810">
     <span class='ocr_line' id='line_1_59' title="bbox 430 5735 2002 5810; baseline 0.003 -21"><span class='ocrx_word' id='word_1_457' title='bbox 430 5735 684 5804; x_wconf 74' lang='lat' dir='ltr'><strong>majorem</strong></span> <span class='ocrx_word' id='word_1_458' title='bbox 716 5735 941 5790; x_wconf 89' lang='lat' dir='ltr'><strong>ducetur</strong></span> <span class='ocrx_word' id='word_1_459' title='bbox 963 5735 1276 5788; x_wconf 84' lang='lat' dir='ltr'><strong>cruciatum.</strong></span> <span class='ocrx_word' id='word_1_460' title='bbox 1306 5735 1482 5792; x_wconf 86' lang='lat' dir='ltr'><strong>Semel</strong></span> <span class='ocrx_word' id='word_1_461' title='bbox 1509 5752 1650 5792; x_wconf 80' lang='lat' dir='ltr'><strong>enim</strong></span> <span class='ocrx_word' id='word_1_462' title='bbox 1681 5737 1887 5810; x_wconf 72' lang='lat' dir='ltr'><strong>lapsum</strong></span> <span class='ocrx_word' id='word_1_463' title='bbox 1911 5740 2002 5793; x_wconf 67' lang='lat' dir='ltr'><strong>dw-</strong></span> 
     </span>
    </p>
   </div>
   <div class='ocr_carea' id='block_1_60' title="bbox 1166 344 2963 412">
    <p class='ocr_par' dir='ltr' id='par_1_60' title="bbox 1166 344 2963 412">
     <span class='ocr_line' id='line_1_60' title="bbox 1166 344 2963 412; baseline -0.006 0"><span class='ocrx_word' id='word_1_464' title='bbox 1166 359 1222 412; x_wconf 88' lang='lat' dir='ltr'><strong>s.</strong></span> <span class='ocrx_word' id='word_1_465' title='bbox 1262 350 1536 410; x_wconf 85' lang='lat' dir='ltr'><strong>JO.\N.\&#39;|S</strong></span> <span class='ocrx_word' id='word_1_466' title='bbox 1574 344 2043 404; x_wconf 75' lang='lat' dir='ltr'><strong>cnnvsosrom</strong></span> <span class='ocrx_word' id='word_1_467' title='bbox 2083 345 2397 402; x_wconf 72' lang='lat' dir='ltr'><strong>ARClllEP.</strong></span> <span class='ocrx_word' id='word_1_468' title='bbox 2437 346 2963 405; x_wconf 66' lang='lat' dir='ltr'><strong>consumma.</strong></span> 
     </span>
    </p>
   </div>
   <div class='ocr_carea' id='block_1_61' title="bbox 3567 346 3673 407">
    <p class='ocr_par' dir='ltr' id='par_1_61' title="bbox 3567 346 3673 407">
     <span class='ocr_line' id='line_1_61' title="bbox 3567 346 3673 407; baseline -0.009 0"><span class='ocrx_word' id='word_1_469' title='bbox 3567 346 3673 407; x_wconf 69' lang='lat' dir='ltr'><strong>2t!</strong></span> 
     </span>
    </p>
   </div>
   <div class='ocr_carea' id='block_1_62' title="bbox 2093 461 3672 534">
    <p class='ocr_par' dir='ltr' id='par_1_62' title="bbox 2093 461 3672 534">
     <span class='ocr_line' id='line_1_62' title="bbox 2093 461 3672 534; baseline 0.006 -20"><span class='ocrx_word' id='word_1_470' title='bbox 2093 461 2262 530; x_wconf 82' lang='lat' dir='ltr'><strong>magis</strong></span> <span class='ocrx_word' id='word_1_471' title='bbox 2293 461 2707 522; x_wconf 80' lang='lat' dir='ltr'><strong>intumescebat.</strong></span> <span class='ocrx_word' id='word_1_472' title='bbox 2752 473 2806 517; x_wconf 87' lang='lat' dir='ltr'><strong>et</strong></span> <span class='ocrx_word' id='word_1_473' title='bbox 2850 462 2916 517; x_wconf 89' lang='lat' dir='ltr'><strong>ad</strong></span> <span class='ocrx_word' id='word_1_474' title='bbox 2963 461 3162 519; x_wconf 59' lang='lat' dir='ltr'><strong>credent</strong></span> <span class='ocrx_word' id='word_1_475' title='bbox 3208 465 3565 534; x_wconf 81' lang='lat' dir='ltr'><strong>properabat:</strong></span> <span class='ocrx_word' id='word_1_476' title='bbox 3601 467 3672 522; x_wconf 90' lang='lat' dir='ltr'><strong>ita</strong></span> 
     </span>
    </p>
   </div>
   <div class='ocr_carea' id='block_1_63' title="bbox 2092 551 3672 623">
    <p class='ocr_par' dir='ltr' id='par_1_63' title="bbox 2092 551 3672 623">
     <span class='ocr_line' id='line_1_63' title="bbox 2092 551 3672 623; baseline 0.006 -19"><span class='ocrx_word' id='word_1_477' title='bbox 2092 551 2195 607; x_wconf 86' lang='lat' dir='ltr'><strong>hoe</strong></span> <span class='ocrx_word' id='word_1_478' title='bbox 2219 551 2400 605; x_wconf 90' lang='lat' dir='ltr'><strong>vitium</strong></span> <span class='ocrx_word' id='word_1_479' title='bbox 2426 551 2519 605; x_wconf 87' lang='lat' dir='ltr'><strong>illo</strong></span> <span class='ocrx_word' id='word_1_480' title='bbox 2547 551 2735 607; x_wconf 75' lang='lat' dir='ltr'><strong>fortius</strong></span> <span class='ocrx_word' id='word_1_481' title='bbox 2759 563 2841 608; x_wconf 91' lang='lat' dir='ltr'><strong>est</strong></span> <span class='ocrx_word' id='word_1_482' title='bbox 2860 595 2875 620; x_wconf 93' lang='lat'><strong>,</strong></span> <span class='ocrx_word' id='word_1_483' title='bbox 2907 569 3079 623; x_wconf 86' lang='lat' dir='ltr'><strong>neque</strong></span> <span class='ocrx_word' id='word_1_484' title='bbox 3109 553 3272 611; x_wconf 84' lang='lat' dir='ltr'><strong>facile</strong></span> <span class='ocrx_word' id='word_1_485' title='bbox 3290 566 3539 622; x_wconf 89' lang='lat' dir='ltr'><strong>curatur,</strong></span> <span class='ocrx_word' id='word_1_486' title='bbox 3569 559 3672 614; x_wconf 87' lang='lat' dir='ltr'><strong>nisi</strong></span> 
     </span>
    </p>
   </div>
   <div class='ocr_carea' id='block_1_64' title="bbox 2087 643 3672 715">
    <p class='ocr_par' dir='ltr' id='par_1_64' title="bbox 2087 643 3672 715">
     <span class='ocr_line' id='line_1_64' title="bbox 2087 643 3672 715; baseline 0.004 -17"><span class='ocrx_word' id='word_1_487' title='bbox 2087 643 2444 699; x_wconf 89' lang='lat' dir='ltr'><strong>attendamus.</strong></span> <span class='ocrx_word' id='word_1_488' title='bbox 2489 644 2761 700; x_wconf 79' lang='lat' dir='ltr'><strong>Radicitus</strong></span> <span class='ocrx_word' id='word_1_489' title='bbox 2803 661 2931 715; x_wconf 81' lang='lat' dir='ltr'><strong>ergo</strong></span> <span class='ocrx_word' id='word_1_490' title='bbox 2970 647 3143 715; x_wconf 90' lang='lat' dir='ltr'><strong>ipsum</strong></span> <span class='ocrx_word' id='word_1_491' title='bbox 3180 648 3508 714; x_wconf 84' lang='lat' dir='ltr'><strong>evellamus,</strong></span> <span class='ocrx_word' id='word_1_492' title='bbox 3541 650 3672 704; x_wconf 90' lang='lat' dir='ltr'><strong>illud</strong></span> 
     </span>
    </p>
   </div>
   <div class='ocr_carea' id='block_1_65' title="bbox 2087 735 3673 806">
    <p class='ocr_par' dir='ltr' id='par_1_65' title="bbox 2087 735 3673 806">
     <span class='ocr_line' id='line_1_65' title="bbox 2087 735 3673 806; baseline 0.004 -17"><span class='ocrx_word' id='word_1_493' title='bbox 2087 735 2420 806; x_wconf 81' lang='lat' dir='ltr'><strong>cogitantes,</strong></span> <span class='ocrx_word' id='word_1_494' title='bbox 2461 750 2562 789; x_wconf 92' lang='lat' dir='ltr'><strong>nos</strong></span> <span class='ocrx_word' id='word_1_495' title='bbox 2590 744 2647 789; x_wconf 91' lang='lat' dir='ltr'><strong>ut</strong></span> <span class='ocrx_word' id='word_1_496' title='bbox 2677 736 2845 790; x_wconf 89' lang='lat' dir='ltr'><strong>Deum</strong></span> <span class='ocrx_word' id='word_1_497' title='bbox 2890 735 3212 793; x_wconf 69' lang='lat' dir='ltr'><strong>offendimus</strong></span> <span class='ocrx_word' id='word_1_498' title='bbox 3234 778 3250 802; x_wconf 95' lang='lat'><strong>,</strong></span> <span class='ocrx_word' id='word_1_499' title='bbox 3277 737 3404 792; x_wconf 77' lang='lat' dir='ltr'><strong>dum</strong></span> <span class='ocrx_word' id='word_1_500' title='bbox 3434 739 3673 796; x_wconf 86' lang='lat' dir='ltr'><strong>aliorum</strong></span> 
     </span>
    </p>
   </div>
   <div class='ocr_carea' id='block_1_66' title="bbox 2091 823 3669 900">
    <p class='ocr_par' dir='ltr' id='par_1_66' title="bbox 2091 823 3669 900">
     <span class='ocr_line' id='line_1_66' title="bbox 2091 823 3669 900; baseline 0.006 -23"><span class='ocrx_word' id='word_1_501' title='bbox 2091 824 2244 879; x_wconf 87' lang='lat' dir='ltr'><strong>bouis</strong></span> <span class='ocrx_word' id='word_1_502' title='bbox 2275 823 2575 880; x_wconf 82' lang='lat' dir='ltr'><strong>invidemus</strong></span> <span class='ocrx_word' id='word_1_503' title='bbox 2594 866 2610 891; x_wconf 94' lang='lat'><strong>,</strong></span> <span class='ocrx_word' id='word_1_504' title='bbox 2643 824 2716 879; x_wconf 88' lang='lat' dir='ltr'><strong>ita</strong></span> <span class='ocrx_word' id='word_1_505' title='bbox 2759 825 3028 894; x_wconf 83' lang='lat' dir='ltr'><strong>placemus</strong></span> <span class='ocrx_word' id='word_1_506' title='bbox 3059 827 3158 897; x_wconf 87' lang='lat' dir='ltr'><strong>ipsi</strong></span> <span class='ocrx_word' id='word_1_507' title='bbox 3183 869 3200 894; x_wconf 93' lang='lat'><strong>,</strong></span> <span class='ocrx_word' id='word_1_508' title='bbox 3231 843 3357 883; x_wconf 76' lang='lat' dir='ltr'><strong>cum</strong></span> <span class='ocrx_word' id='word_1_509' title='bbox 3379 841 3669 900; x_wconf 81' lang='lat' dir='ltr'><strong>congratu-</strong></span> 
     </span>
    </p>
   </div>
   <div class='ocr_carea' id='block_1_67' title="bbox 2091 919 3675 992">
    <p class='ocr_par' dir='ltr' id='par_1_67' title="bbox 2091 919 3675 992">
     <span class='ocr_line' id='line_1_67' title="bbox 2091 919 3675 992; baseline 0.004 -18"><span class='ocrx_word' id='word_1_510' title='bbox 2091 919 2264 974; x_wconf 78' lang='lat' dir='ltr'><strong>lamur</strong></span> <span class='ocrx_word' id='word_1_511' title='bbox 2282 958 2298 984; x_wconf 93' lang='lat'><strong>,</strong></span> <span class='ocrx_word' id='word_1_512' title='bbox 2325 927 2380 973; x_wconf 90' lang='lat' dir='ltr'><strong>et</strong></span> <span class='ocrx_word' id='word_1_513' title='bbox 2404 919 2480 972; x_wconf 84' lang='lat' dir='ltr'><strong>ita</strong></span> <span class='ocrx_word' id='word_1_514' title='bbox 2506 927 2788 974; x_wconf 83' lang='lat' dir='ltr'><strong>consortes</strong></span> <span class='ocrx_word' id='word_1_515' title='bbox 2812 919 3078 974; x_wconf 87' lang='lat' dir='ltr'><strong>efficimur</strong></span> <span class='ocrx_word' id='word_1_516' title='bbox 3099 921 3360 976; x_wconf 86' lang='lat' dir='ltr'><strong>bonorum</strong></span> <span class='ocrx_word' id='word_1_517' title='bbox 3381 938 3503 992; x_wconf 66' lang='lat' dir='ltr'><strong>qtae</strong></span> <span class='ocrx_word' id='word_1_518' title='bbox 3529 934 3675 981; x_wconf 75' lang='lat' dir='ltr'><strong>recte</strong></span> 
     </span>
    </p>
   </div>
   <div class='ocr_carea' id='block_1_68' title="bbox 2093 1010 3677 1081">
    <p class='ocr_par' dir='ltr' id='par_1_68' title="bbox 2093 1010 3677 1081">
     <span class='ocr_line' id='line_1_68' title="bbox 2093 1010 3677 1081; baseline 0.003 -15"><span class='ocrx_word' id='word_1_519' title='bbox 2093 1011 2330 1080; x_wconf 71' lang='lat' dir='ltr'><strong>aperanti</strong></span> <span class='ocrx_word' id='word_1_520' title='bbox 2359 1019 2543 1080; x_wconf 90' lang='lat' dir='ltr'><strong>parata</strong></span> <span class='ocrx_word' id='word_1_521' title='bbox 2573 1019 2718 1066; x_wconf 91' lang='lat' dir='ltr'><strong>sunt.</strong></span> <span class='ocrx_word' id='word_1_522' title='bbox 2752 1010 2877 1066; x_wconf 81' lang='lat' dir='ltr'><strong>Ideo</strong></span> <span class='ocrx_word' id='word_1_523' title='bbox 2903 1012 3101 1067; x_wconf 74' lang='lat' dir='ltr'><strong>l&#39;aulus</strong></span> <span class='ocrx_word' id='word_1_524' title='bbox 3130 1013 3404 1081; x_wconf 88' lang='lat' dir='ltr'><strong>hortatur,</strong></span> <span class='ocrx_word' id='word_1_525' title='bbox 3438 1014 3677 1071; x_wconf 62' lang='lat' dir='ltr'><strong>Gaudere</strong></span> 
     </span>
    </p>
   </div>
   <div class='ocr_carea' id='block_1_69' title="bbox 2088 1101 3671 1176">
    <p class='ocr_par' dir='ltr' id='par_1_69' title="bbox 2088 1101 3671 1176">
     <span class='ocr_line' id='line_1_69' title="bbox 2088 1101 3671 1176; baseline 0.006 -23"><span class='ocrx_word' id='word_1_526' title='bbox 2088 1117 2200 1153; x_wconf 88' lang='lat' dir='ltr'><strong>cum</strong></span> <span class='ocrx_word' id='word_1_527' title='bbox 2221 1101 2571 1172; x_wconf 79' lang='lat' dir='ltr'><strong>gaudentibus,</strong></span> <span class='ocrx_word' id='word_1_528' title='bbox 2593 1111 2637 1156; x_wconf 85' lang='lat' dir='ltr'><strong>et</strong></span> <span class='ocrx_word' id='word_1_529' title='bbox 2659 1103 2784 1171; x_wconf 78' lang='lat' dir='ltr'><strong>ﬂere</strong></span> <span class='ocrx_word' id='word_1_530' title='bbox 2803 1119 2918 1155; x_wconf 87' lang='lat' dir='ltr'><strong>cum</strong></span> <span class='ocrx_word' id='word_1_531' title='bbox 2937 1103 3173 1172; x_wconf 76' lang='lat' dir='ltr'><strong>ﬂentibus</strong></span> <span class='ocrx_word' id='word_1_532' title='bbox 3198 1105 3217 1171; x_wconf 91' lang='lat'><strong>(</strong></span> <span class='ocrx_word' id='word_1_533' title='bbox 3241 1105 3390 1159; x_wconf 82' lang='lat' dir='ltr'><strong>Rom.</strong></span> <span class='ocrx_word' id='word_1_534' title='bbox 3420 1106 3507 1160; x_wconf 73' lang='grc'><strong>12.</strong></span> <span class='ocrx_word' id='word_1_535' title='bbox 3533 1108 3671 1176; x_wconf 73' lang='lat' dir='ltr'><strong>f5);</strong></span> 
     </span>
    </p>
   </div>
   <div class='ocr_carea' id='block_1_70' title="bbox 2091 1192 3672 1266">
    <p class='ocr_par' dir='ltr' id='par_1_70' title="bbox 2091 1192 3672 1266">
     <span class='ocr_line' id='line_1_70' title="bbox 2091 1192 3672 1266; baseline 0.006 -23"><span class='ocrx_word' id='word_1_536' title='bbox 2091 1201 2142 1244; x_wconf 89' lang='lat' dir='ltr'><strong>ut</strong></span> <span class='ocrx_word' id='word_1_537' title='bbox 2177 1207 2427 1261; x_wconf 88' lang='lat' dir='ltr'><strong>maguum</strong></span> <span class='ocrx_word' id='word_1_538' title='bbox 2463 1194 2710 1261; x_wconf 89' lang='lat' dir='ltr'><strong>utrinque</strong></span> <span class='ocrx_word' id='word_1_539' title='bbox 2739 1192 2942 1247; x_wconf 90' lang='lat' dir='ltr'><strong>lucrum</strong></span> <span class='ocrx_word' id='word_1_540' title='bbox 2975 1204 3330 1264; x_wconf 90' lang='lat' dir='ltr'><strong>reportemus.</strong></span> <span class='ocrx_word' id='word_1_541' title='bbox 3359 1193 3672 1266; x_wconf 80' lang='lat' dir='ltr'><strong>Cogitantes</strong></span> 
     </span>
    </p>
   </div>
   <div class='ocr_carea' id='block_1_71' title="bbox 2091 1282 3668 1354">
    <p class='ocr_par' dir='ltr' id='par_1_71' title="bbox 2091 1282 3668 1354">
     <span class='ocr_line' id='line_1_71' title="bbox 2091 1282 3668 1354; baseline 0.004 -19"><span class='ocrx_word' id='word_1_542' title='bbox 2091 1283 2282 1350; x_wconf 79' lang='lat' dir='ltr'><strong>igitur,</strong></span> <span class='ocrx_word' id='word_1_543' title='bbox 2314 1282 2416 1338; x_wconf 87' lang='lat' dir='ltr'><strong>etsi</strong></span> <span class='ocrx_word' id='word_1_544' title='bbox 2453 1298 2558 1336; x_wconf 94' lang='lat' dir='ltr'><strong>non</strong></span> <span class='ocrx_word' id='word_1_545' title='bbox 2581 1284 2914 1349; x_wconf 89' lang='lat' dir='ltr'><strong>laboremus,</strong></span> <span class='ocrx_word' id='word_1_546' title='bbox 2947 1284 2989 1339; x_wconf 86' lang='lat' dir='ltr'><strong>si</strong></span> <span class='ocrx_word' id='word_1_547' title='bbox 3017 1300 3140 1354; x_wconf 89' lang='lat' dir='ltr'><strong>erga</strong></span> <span class='ocrx_word' id='word_1_548' title='bbox 3165 1285 3495 1341; x_wconf 89' lang='lat' dir='ltr'><strong>laborantem</strong></span> <span class='ocrx_word' id='word_1_549' title='bbox 3523 1297 3668 1343; x_wconf 85' lang='lat' dir='ltr'><strong>recte</strong></span> 
     </span>
    </p>
   </div>
   <div class='ocr_carea' id='block_1_72' title="bbox 2089 1372 3666 1447">
    <p class='ocr_par' dir='ltr' id='par_1_72' title="bbox 2089 1372 3666 1447">
     <span class='ocr_line' id='line_1_72' title="bbox 2089 1372 3666 1447; baseline 0.004 -21"><span class='ocrx_word' id='word_1_550' title='bbox 2089 1372 2422 1439; x_wconf 82' lang='lat' dir='ltr'><strong>afficiantur,</strong></span> <span class='ocrx_word' id='word_1_551' title='bbox 2456 1375 2598 1428; x_wconf 79' lang='lat' dir='ltr'><strong>illius</strong></span> <span class='ocrx_word' id='word_1_552' title='bbox 2641 1390 2740 1429; x_wconf 90' lang='lat' dir='ltr'><strong>nos</strong></span> <span class='ocrx_word' id='word_1_553' title='bbox 2789 1390 3108 1430; x_wconf 89' lang='lat' dir='ltr'><strong>coronarum</strong></span> <span class='ocrx_word' id='word_1_554' title='bbox 3153 1377 3438 1447; x_wconf 88' lang='lat' dir='ltr'><strong>participes</strong></span> <span class='ocrx_word' id='word_1_555' title='bbox 3487 1377 3666 1443; x_wconf 79' lang='lat' dir='ltr'><strong>effici,</strong></span> 
     </span>
    </p>
   </div>
   <div class='ocr_carea' id='block_1_73' title="bbox 2091 1464 3662 1535">
    <p class='ocr_par' dir='ltr' id='par_1_73' title="bbox 2091 1464 3662 1535">
     <span class='ocr_line' id='line_1_73' title="bbox 2091 1464 3662 1535; baseline 0.004 -17"><span class='ocrx_word' id='word_1_556' title='bbox 2091 1464 2317 1518; x_wconf 87' lang='lat' dir='ltr'><strong>livorem</strong></span> <span class='ocrx_word' id='word_1_557' title='bbox 2360 1481 2574 1519; x_wconf 88' lang='lat' dir='ltr'><strong>omnem</strong></span> <span class='ocrx_word' id='word_1_558' title='bbox 2620 1466 2932 1535; x_wconf 88' lang='lat' dir='ltr'><strong>cjiciamus,</strong></span> <span class='ocrx_word' id='word_1_559' title='bbox 2975 1476 3032 1521; x_wconf 89' lang='lat' dir='ltr'><strong>et</strong></span> <span class='ocrx_word' id='word_1_560' title='bbox 3065 1468 3338 1522; x_wconf 87' lang='lat' dir='ltr'><strong>caritatem</strong></span> <span class='ocrx_word' id='word_1_561' title='bbox 3372 1469 3422 1522; x_wconf 94' lang='lat' dir='ltr'><strong>in</strong></span> <span class='ocrx_word' id='word_1_562' title='bbox 3466 1469 3662 1524; x_wconf 87' lang='lat' dir='ltr'><strong>animis</strong></span> 
     </span>
    </p>
   </div>
   <div class='ocr_carea' id='block_1_74' title="bbox 2091 1553 3674 1628">
    <p class='ocr_par' dir='ltr' id='par_1_74' title="bbox 2091 1553 3674 1628">
     <span class='ocr_line' id='line_1_74' title="bbox 2091 1553 3674 1628; baseline 0.003 -21"><span class='ocrx_word' id='word_1_563' title='bbox 2091 1553 2287 1609; x_wconf 89' lang='lat' dir='ltr'><strong>nostris</strong></span> <span class='ocrx_word' id='word_1_564' title='bbox 2333 1553 2661 1619; x_wconf 87' lang='lat' dir='ltr'><strong>inseramus;</strong></span> <span class='ocrx_word' id='word_1_565' title='bbox 2696 1565 2753 1609; x_wconf 92' lang='lat' dir='ltr'><strong>ut</strong></span> <span class='ocrx_word' id='word_1_566' title='bbox 2780 1555 2905 1610; x_wconf 90' lang='lat' dir='ltr'><strong>dum</strong></span> <span class='ocrx_word' id='word_1_567' title='bbox 2939 1555 3190 1611; x_wconf 89' lang='lat' dir='ltr'><strong>fratribus</strong></span> <span class='ocrx_word' id='word_1_568' title='bbox 3221 1558 3477 1627; x_wconf 68' lang='lat' dir='ltr'><strong>praeclare</strong></span> <span class='ocrx_word' id='word_1_569' title='bbox 3508 1575 3674 1628; x_wconf 75' lang='lat' dir='ltr'><strong>agt-n-</strong></span> 
     </span>
    </p>
   </div>
   <div class='ocr_carea' id='block_1_75' title="bbox 2092 1643 3676 1720">
    <p class='ocr_par' dir='ltr' id='par_1_75' title="bbox 2092 1643 3676 1720">
     <span class='ocr_line' id='line_1_75' title="bbox 2092 1643 3676 1720; baseline 0.004 -23"><span class='ocrx_word' id='word_1_570' title='bbox 2092 1643 2232 1700; x_wconf 83' lang='lat' dir='ltr'><strong>tibus</strong></span> <span class='ocrx_word' id='word_1_571' title='bbox 2259 1645 2582 1714; x_wconf 89' lang='lat' dir='ltr'><strong>plaudimus,</strong></span> <span class='ocrx_word' id='word_1_572' title='bbox 2613 1655 2670 1700; x_wconf 88' lang='lat' dir='ltr'><strong>et</strong></span> <span class='ocrx_word' id='word_1_573' title='bbox 2698 1648 2982 1716; x_wconf 62' lang='lat' dir='ltr'><strong>praisentia</strong></span> <span class='ocrx_word' id='word_1_574' title='bbox 3004 1657 3057 1703; x_wconf 89' lang='lat' dir='ltr'><strong>et</strong></span> <span class='ocrx_word' id='word_1_575' title='bbox 3084 1651 3256 1702; x_wconf 86' lang='lat' dir='ltr'><strong>futura</strong></span> <span class='ocrx_word' id='word_1_576' title='bbox 3281 1665 3676 1720; x_wconf 87' lang='lat' dir='ltr'><strong>consequamur</strong></span> 
     </span>
    </p>
   </div>
   <div class='ocr_carea' id='block_1_76' title="bbox 2091 1735 3670 1810">
    <p class='ocr_par' dir='ltr' id='par_1_76' title="bbox 2091 1735 3670 1810">
     <span class='ocr_line' id='line_1_76' title="bbox 2091 1735 3670 1810; baseline 0.005 -20"><span class='ocrx_word' id='word_1_577' title='bbox 2091 1735 2230 1790; x_wconf 91' lang='lat' dir='ltr'><strong>bona</strong></span> <span class='ocrx_word' id='word_1_578' title='bbox 2249 1777 2266 1802; x_wconf 90' lang='lat'><strong>,</strong></span> <span class='ocrx_word' id='word_1_579' title='bbox 2293 1738 2461 1807; x_wconf 89' lang='lat' dir='ltr'><strong>gratia</strong></span> <span class='ocrx_word' id='word_1_580' title='bbox 2487 1747 2542 1793; x_wconf 93' lang='grc' dir='ltr'><strong>ει</strong></span> <span class='ocrx_word' id='word_1_581' title='bbox 2570 1739 2895 1810; x_wconf 76' lang='lat' dir='ltr'><strong>benignitate</strong></span> <span class='ocrx_word' id='word_1_582' title='bbox 2925 1741 3134 1796; x_wconf 89' lang='lat' dir='ltr'><strong>Domini</strong></span> <span class='ocrx_word' id='word_1_583' title='bbox 3167 1744 3336 1797; x_wconf 89' lang='lat' dir='ltr'><strong>nostri</strong></span> <span class='ocrx_word' id='word_1_584' title='bbox 3363 1744 3488 1798; x_wconf 81' lang='lat' dir='ltr'><strong>Jesu</strong></span> <span class='ocrx_word' id='word_1_585' title='bbox 3514 1744 3670 1798; x_wconf 87' lang='lat' dir='ltr'><strong>Chri-</strong></span> 
     </span>
    </p>
   </div>
   <div class='ocr_carea' id='block_1_77' title="bbox 2089 1829 3656 1905">
    <p class='ocr_par' dir='ltr' id='par_1_77' title="bbox 2089 1829 3656 1905">
     <span class='ocr_line' id='line_1_77' title="bbox 2089 1829 3656 1905; baseline 0.004 -23"><span class='ocrx_word' id='word_1_586' title='bbox 2089 1829 2191 1893; x_wconf 91' lang='lat' dir='ltr'><strong>sti,</strong></span> <span class='ocrx_word' id='word_1_587' title='bbox 2223 1844 2316 1897; x_wconf 89' lang='lat' dir='ltr'><strong>per</strong></span> <span class='ocrx_word' id='word_1_588' title='bbox 2345 1844 2502 1898; x_wconf 84' lang='lat' dir='ltr'><strong>quem</strong></span> <span class='ocrx_word' id='word_1_589' title='bbox 2528 1841 2584 1884; x_wconf 82' lang='lat' dir='ltr'><strong>et</strong></span> <span class='ocrx_word' id='word_1_590' title='bbox 2610 1845 2730 1885; x_wconf 89' lang='lat' dir='ltr'><strong>cum</strong></span> <span class='ocrx_word' id='word_1_591' title='bbox 2774 1846 2880 1900; x_wconf 92' lang='lat' dir='ltr'><strong>quo</strong></span> <span class='ocrx_word' id='word_1_592' title='bbox 2909 1832 3049 1888; x_wconf 82' lang='lat' dir='ltr'><strong>Patri</strong></span> <span class='ocrx_word' id='word_1_593' title='bbox 3069 1833 3268 1903; x_wconf 88' lang='lat' dir='ltr'><strong>gloria,</strong></span> <span class='ocrx_word' id='word_1_594' title='bbox 3298 1851 3508 1905; x_wconf 87' lang='lat' dir='ltr'><strong>unaque</strong></span> <span class='ocrx_word' id='word_1_595' title='bbox 3535 1837 3656 1903; x_wconf 61' lang='lat' dir='ltr'><strong>Spio</strong></span> 
     </span>
    </p>
   </div>
   <div class='ocr_carea' id='block_1_78' title="bbox 2092 1918 3674 1992">
    <p class='ocr_par' dir='ltr' id='par_1_78' title="bbox 2092 1918 3674 1992">
     <span class='ocr_line' id='line_1_78' title="bbox 2092 1918 3674 1992; baseline 0.006 -20"><span class='ocrx_word' id='word_1_596' title='bbox 2092 1918 2213 1972; x_wconf 86' lang='lat' dir='ltr'><strong>ritui</strong></span> <span class='ocrx_word' id='word_1_597' title='bbox 2254 1927 2476 1986; x_wconf 89' lang='lat' dir='ltr'><strong>sancto,</strong></span> <span class='ocrx_word' id='word_1_598' title='bbox 2509 1936 2651 1976; x_wconf 93' lang='lat' dir='ltr'><strong>nunc</strong></span> <span class='ocrx_word' id='word_1_599' title='bbox 2680 1932 2734 1976; x_wconf 91' lang='lat' dir='ltr'><strong>ct</strong></span> <span class='ocrx_word' id='word_1_600' title='bbox 2763 1937 2974 1992; x_wconf 87' lang='lat' dir='ltr'><strong>semper</strong></span> <span class='ocrx_word' id='word_1_601' title='bbox 2997 1963 3013 1988; x_wconf 94' lang='lat'><strong>,</strong></span> <span class='ocrx_word' id='word_1_602' title='bbox 3046 1937 3098 1979; x_wconf 91' lang='lat' dir='ltr'><strong>et</strong></span> <span class='ocrx_word' id='word_1_603' title='bbox 3131 1925 3180 1977; x_wconf 91' lang='lat' dir='ltr'><strong>in</strong></span> <span class='ocrx_word' id='word_1_604' title='bbox 3213 1926 3404 1980; x_wconf 70' lang='lat' dir='ltr'><strong>saecula</strong></span> <span class='ocrx_word' id='word_1_605' title='bbox 3447 1927 3674 1982; x_wconf 67' lang='lat' dir='ltr'><strong>seculo-</strong></span> 
     </span>
    </p>
   </div>
   <div class='ocr_carea' id='block_1_79' title="bbox 2095 2012 2453 2065">
    <p class='ocr_par' dir='ltr' id='par_1_79' title="bbox 2095 2012 2453 2065">
     <span class='ocr_line' id='line_1_79' title="bbox 2095 2012 2453 2065; baseline 0.003 -5"><span class='ocrx_word' id='word_1_606' title='bbox 2095 2025 2227 2063; x_wconf 87' lang='lat' dir='ltr'><strong>rum.</strong></span> <span class='ocrx_word' id='word_1_607' title='bbox 2264 2012 2453 2065; x_wconf 78' lang='lat' dir='ltr'><strong>Amen.</strong></span> 
     </span>
    </p>
   </div>
   <div class='ocr_carea' id='block_1_80' title="bbox 2007 2144 2244 2151">
    <p class='ocr_par' dir='ltr' id='par_1_80' title="bbox 2007 2144 2244 2151">
     <span class='ocr_line' id='line_1_80' title="bbox 2007 2144 2244 2151; baseline -0.008 0"><span class='ocrx_word' id='word_1_608' title='bbox 2007 2144 2244 2151; x_wconf 80' lang='lat'><strong>_——__—</strong></span> 
     </span>
    </p>
   </div>
   <div class='ocr_carea' id='block_1_81' title="bbox 1682 2215 2432 2285">
    <p class='ocr_par' dir='ltr' id='par_1_81' title="bbox 1682 2215 2432 2285">
     <span class='ocr_line' id='line_1_81' title="bbox 1682 2215 2432 2285; baseline -0.012 0"><span class='ocrx_word' id='word_1_609' title='bbox 1682 2217 2021 2285; x_wconf 79' lang='lat' dir='ltr'><strong>HOMILIA</strong></span> <span class='ocrx_word' id='word_1_610' title='bbox 2072 2215 2432 2282; x_wconf 82' lang='lat' dir='ltr'><strong>XXXVIII.</strong></span> 
     </span>
    </p>
   </div>
   <div class='ocr_carea' id='block_1_82' title="bbox 2105 2353 3682 2447">
    <p class='ocr_par' dir='ltr' id='par_1_82' title="bbox 2105 2353 3682 2447">
     <span class='ocr_line' id='line_1_82' title="bbox 2105 2353 3682 2447; baseline 0.013 -36"><span class='ocrx_word' id='word_1_611' title='bbox 2105 2353 2264 2414; x_wconf 87' lang='lat' dir='ltr'><strong>hebat</strong></span> <span class='ocrx_word' id='word_1_612' title='bbox 2303 2362 2624 2433; x_wconf 80' lang='lat' dir='ltr'><strong>supplicium</strong></span> <span class='ocrx_word' id='word_1_613' title='bbox 2663 2369 2915 2426; x_wconf 90' lang='lat' dir='ltr'><strong>cohibere</strong></span> <span class='ocrx_word' id='word_1_614' title='bbox 2954 2383 3008 2427; x_wconf 91' lang='lat' dir='ltr'><strong>et</strong></span> <span class='ocrx_word' id='word_1_615' title='bbox 3035 2372 3103 2426; x_wconf 87' lang='lat' dir='ltr'><strong>ad</strong></span> <span class='ocrx_word' id='word_1_616' title='bbox 3151 2373 3428 2430; x_wconf 85' lang='lat' dir='ltr'><strong>meliorem</strong></span> <span class='ocrx_word' id='word_1_617' title='bbox 3476 2377 3682 2447; x_wconf 79' lang='lat' dir='ltr'><strong>frugem</strong></span> 
     </span>
    </p>
   </div>
   <div class='ocr_carea' id='block_1_83' title="bbox 2101 2451 3676 2534">
    <p class='ocr_par' dir='ltr' id='par_1_83' title="bbox 2101 2451 3676 2534">
     <span class='ocr_line' id='line_1_83' title="bbox 2101 2451 3676 2534; baseline 0.01 -31"><span class='ocrx_word' id='word_1_618' title='bbox 2101 2451 2390 2508; x_wconf 80' lang='lat' dir='ltr'><strong>reducere:</strong></span> <span class='ocrx_word' id='word_1_619' title='bbox 2415 2457 2538 2525; x_wconf 92' lang='lat' dir='ltr'><strong>quia</strong></span> <span class='ocrx_word' id='word_1_620' title='bbox 2563 2474 2691 2514; x_wconf 91' lang='lat' dir='ltr'><strong>vero</strong></span> <span class='ocrx_word' id='word_1_621' title='bbox 2713 2471 2834 2530; x_wconf 90' lang='lat' dir='ltr'><strong>post</strong></span> <span class='ocrx_word' id='word_1_622' title='bbox 2854 2463 3056 2518; x_wconf 90' lang='lat' dir='ltr'><strong>illatum</strong></span> <span class='ocrx_word' id='word_1_623' title='bbox 3079 2466 3395 2534; x_wconf 90' lang='lat' dir='ltr'><strong>supplicium</strong></span> <span class='ocrx_word' id='word_1_624' title='bbox 3419 2482 3523 2520; x_wconf 91' lang='lat' dir='ltr'><strong>non</strong></span> <span class='ocrx_word' id='word_1_625' title='bbox 3544 2477 3676 2521; x_wconf 87' lang='lat' dir='ltr'><strong>tem-</strong></span> 
     </span>
    </p>
   </div>
   <div class='ocr_carea' id='block_1_84' title="bbox 2103 2545 3679 2626">
    <p class='ocr_par' dir='ltr' id='par_1_84' title="bbox 2103 2545 3679 2626">
     <span class='ocr_line' id='line_1_84' title="bbox 2103 2545 3679 2626; baseline 0.01 -33"><span class='ocrx_word' id='word_1_626' title='bbox 2103 2545 2374 2611; x_wconf 67' lang='lat' dir='ltr'><strong>perantior</strong></span> <span class='ocrx_word' id='word_1_627' title='bbox 2416 2546 2682 2615; x_wconf 84' lang='lat' dir='ltr'><strong>efficitur,</strong></span> <span class='ocrx_word' id='word_1_628' title='bbox 2717 2551 2810 2605; x_wconf 90' lang='lat' dir='ltr'><strong>sed</strong></span> <span class='ocrx_word' id='word_1_629' title='bbox 2855 2551 3041 2607; x_wconf 90' lang='lat' dir='ltr'><strong>eadem</strong></span> <span class='ocrx_word' id='word_1_630' title='bbox 3086 2554 3198 2624; x_wconf 89' lang='lat' dir='ltr'><strong>ipsa</strong></span> <span class='ocrx_word' id='word_1_631' title='bbox 3225 2555 3388 2610; x_wconf 89' lang='lat' dir='ltr'><strong>audet</strong></span> <span class='ocrx_word' id='word_1_632' title='bbox 3429 2558 3679 2626; x_wconf 80' lang='lat' dir='ltr'><strong>aggredi,</strong></span> 
     </span>
    </p>
   </div>
   <div class='ocr_carea' id='block_1_85' title="bbox 2095 2633 3682 2717">
    <p class='ocr_par' dir='ltr' id='par_1_85' title="bbox 2095 2633 3682 2717">
     <span class='ocr_line' id='line_1_85' title="bbox 2095 2633 3682 2717; baseline 0.011 -31"><span class='ocrx_word' id='word_1_633' title='bbox 2095 2633 2216 2702; x_wconf 91' lang='lat' dir='ltr'><strong>jure</strong></span> <span class='ocrx_word' id='word_1_634' title='bbox 2240 2636 2388 2692; x_wconf 90' lang='lat' dir='ltr'><strong>dabit</strong></span> <span class='ocrx_word' id='word_1_635' title='bbox 2419 2653 2604 2707; x_wconf 65' lang='lat' dir='ltr'><strong>poenas</strong></span> <span class='ocrx_word' id='word_1_636' title='bbox 2630 2641 2694 2695; x_wconf 90' lang='lat' dir='ltr'><strong>ad</strong></span> <span class='ocrx_word' id='word_1_637' title='bbox 2718 2658 2851 2711; x_wconf 88' lang='lat' dir='ltr'><strong>quas</strong></span> <span class='ocrx_word' id='word_1_638' title='bbox 2880 2644 3181 2700; x_wconf 89' lang='lat' dir='ltr'><strong>inferendas</strong></span> <span class='ocrx_word' id='word_1_639' title='bbox 3208 2647 3322 2715; x_wconf 89' lang='lat' dir='ltr'><strong>ipse</strong></span> <span class='ocrx_word' id='word_1_640' title='bbox 3350 2650 3682 2717; x_wconf 86' lang='lat' dir='ltr'><strong>provocavit.</strong></span> 
     </span>
    </p>
   </div>
   <div class='ocr_carea' id='block_1_86' title="bbox 2099 2723 3680 2808">
    <p class='ocr_par' dir='ltr' id='par_1_86' title="bbox 2099 2723 3680 2808">
     <span class='ocr_line' id='line_1_86' title="bbox 2099 2723 3680 2808; baseline 0.009 -29"><span class='ocrx_word' id='word_1_641' title='bbox 2099 2723 2153 2780; x_wconf 81' lang='lat' dir='ltr'><strong>Si</strong></span> <span class='ocrx_word' id='word_1_642' title='bbox 2211 2741 2339 2781; x_wconf 91' lang='lat' dir='ltr'><strong>vero</strong></span> <span class='ocrx_word' id='word_1_643' title='bbox 2391 2739 2606 2798; x_wconf 87' lang='lat' dir='ltr'><strong>peccata</strong></span> <span class='ocrx_word' id='word_1_644' title='bbox 2663 2733 2750 2787; x_wconf 91' lang='lat' dir='ltr'><strong>hic</strong></span> <span class='ocrx_word' id='word_1_645' title='bbox 2806 2736 3032 2802; x_wconf 88' lang='lat' dir='ltr'><strong>repetita</strong></span> <span class='ocrx_word' id='word_1_646' title='bbox 3084 2737 3299 2806; x_wconf 82' lang='lat' dir='ltr'><strong>gravius</strong></span> <span class='ocrx_word' id='word_1_647' title='bbox 3353 2739 3680 2808; x_wconf 87' lang='lat' dir='ltr'><strong>puniuntur,</strong></span> 
     </span>
    </p>
   </div>
   <div class='ocr_carea' id='block_1_87' title="bbox 2100 2818 3678 2897">
    <p class='ocr_par' dir='ltr' id='par_1_87' title="bbox 2100 2818 3678 2897">
     <span class='ocr_line' id='line_1_87' title="bbox 2100 2818 3678 2897; baseline 0.01 -30"><span class='ocrx_word' id='word_1_648' title='bbox 2100 2818 2314 2884; x_wconf 90' lang='lat' dir='ltr'><strong>quando</strong></span> <span class='ocrx_word' id='word_1_649' title='bbox 2342 2819 2428 2875; x_wconf 93' lang='lat' dir='ltr'><strong>hic</strong></span> <span class='ocrx_word' id='word_1_650' title='bbox 2453 2822 2628 2876; x_wconf 89' lang='lat' dir='ltr'><strong>nullas</strong></span> <span class='ocrx_word' id='word_1_651' title='bbox 2654 2833 2992 2892; x_wconf 86' lang='lat' dir='ltr'><strong>peccatorum</strong></span> <span class='ocrx_word' id='word_1_652' title='bbox 3023 2842 3211 2897; x_wconf 65' lang='lat' dir='ltr'><strong>poenas</strong></span> <span class='ocrx_word' id='word_1_653' title='bbox 3238 2828 3430 2884; x_wconf 89' lang='lat' dir='ltr'><strong>damus</strong></span> <span class='ocrx_word' id='word_1_654' title='bbox 3451 2871 3465 2895; x_wconf 95' lang='lat'><strong>,</strong></span> <span class='ocrx_word' id='word_1_655' title='bbox 3498 2845 3678 2884; x_wconf 85' lang='lat' dir='ltr'><strong>annon</strong></span> 
     </span>
    </p>
   </div>
   <div class='ocr_carea' id='block_1_88' title="bbox 2103 2914 3681 2989">
    <p class='ocr_par' dir='ltr' id='par_1_88' title="bbox 2103 2914 3681 2989">
     <span class='ocr_line' id='line_1_88' title="bbox 2103 2914 3681 2989; baseline 0.009 -27"><span class='ocrx_word' id='word_1_656' title='bbox 2103 2925 2426 2980; x_wconf 82' lang='lat' dir='ltr'><strong>magnopere</strong></span> <span class='ocrx_word' id='word_1_657' title='bbox 2465 2914 2762 2969; x_wconf 91' lang='lat' dir='ltr'><strong>timendum</strong></span> <span class='ocrx_word' id='word_1_658' title='bbox 2794 2917 3232 2989; x_wconf 87' lang='lat' dir='ltr'><strong>tremendumque</strong></span> <span class='ocrx_word' id='word_1_659' title='bbox 3260 2920 3415 2974; x_wconf 84' lang='lat' dir='ltr'><strong>nobis</strong></span> <span class='ocrx_word' id='word_1_660' title='bbox 3444 2929 3526 2976; x_wconf 88' lang='lat' dir='ltr'><strong>est</strong></span> <span class='ocrx_word' id='word_1_661' title='bbox 3545 2961 3561 2987; x_wconf 92' lang='lat'><strong>,</strong></span> <span class='ocrx_word' id='word_1_662' title='bbox 3590 2930 3681 2975; x_wconf 90' lang='lat' dir='ltr'><strong>nt-</strong></span> 
     </span>
    </p>
   </div>
   <div class='ocr_carea' id='block_1_89' title="bbox 2104 3001 3683 3078">
    <p class='ocr_par' dir='ltr' id='par_1_89' title="bbox 2104 3001 3683 3078">
     <span class='ocr_line' id='line_1_89' title="bbox 2104 3001 3683 3078; baseline 0.006 -24"><span class='ocrx_word' id='word_1_663' title='bbox 2104 3011 2227 3068; x_wconf 89' lang='lat' dir='ltr'><strong>pote</strong></span> <span class='ocrx_word' id='word_1_664' title='bbox 2248 3001 2600 3060; x_wconf 88' lang='lat' dir='ltr'><strong>intolerabilia</strong></span> <span class='ocrx_word' id='word_1_665' title='bbox 2630 3008 2900 3076; x_wconf 87' lang='lat' dir='ltr'><strong>passuris?</strong></span> <span class='ocrx_word' id='word_1_666' title='bbox 2922 3008 2990 3064; x_wconf 86' lang='lat' dir='ltr'><strong>Et</strong></span> <span class='ocrx_word' id='word_1_667' title='bbox 3011 3023 3108 3065; x_wconf 91' lang='lat' dir='ltr'><strong>cur</strong></span> <span class='ocrx_word' id='word_1_668' title='bbox 3127 3051 3142 3076; x_wconf 97' lang='lat'><strong>,</strong></span> <span class='ocrx_word' id='word_1_669' title='bbox 3173 3010 3378 3078; x_wconf 83' lang='lat' dir='ltr'><strong>inquies</strong></span> <span class='ocrx_word' id='word_1_670' title='bbox 3397 3051 3412 3076; x_wconf 93' lang='lat'><strong>,</strong></span> <span class='ocrx_word' id='word_1_671' title='bbox 3438 3025 3542 3064; x_wconf 91' lang='lat' dir='ltr'><strong>non</strong></span> <span class='ocrx_word' id='word_1_672' title='bbox 3565 3026 3683 3066; x_wconf 81' lang='lat' dir='ltr'><strong>om.-</strong></span> 
     </span>
    </p>
   </div>
   <div class='ocr_carea' id='block_1_90' title="bbox 2104 3093 3682 3164">
    <p class='ocr_par' dir='ltr' id='par_1_90' title="bbox 2104 3093 3682 3164">
     <span class='ocr_line' id='line_1_90' title="bbox 2104 3093 3682 3164; baseline 0.005 -20"><span class='ocrx_word' id='word_1_673' title='bbox 2104 3107 2201 3145; x_wconf 88' lang='lat' dir='ltr'><strong>nes</strong></span> <span class='ocrx_word' id='word_1_674' title='bbox 2239 3093 2317 3148; x_wconf 91' lang='lat' dir='ltr'><strong>sic</strong></span> <span class='ocrx_word' id='word_1_675' title='bbox 2363 3096 2690 3164; x_wconf 86' lang='lat' dir='ltr'><strong>puniuntur?</strong></span> <span class='ocrx_word' id='word_1_676' title='bbox 2732 3097 2926 3154; x_wconf 84' lang='lat' dir='ltr'><strong>Multos</strong></span> <span class='ocrx_word' id='word_1_677' title='bbox 2966 3100 3108 3154; x_wconf 92' lang='lat' dir='ltr'><strong>enim</strong></span> <span class='ocrx_word' id='word_1_678' title='bbox 3154 3102 3410 3156; x_wconf 88' lang='lat' dir='ltr'><strong>scelestos</strong></span> <span class='ocrx_word' id='word_1_679' title='bbox 3440 3102 3682 3158; x_wconf 45' lang='lat' dir='ltr'><strong>videam.-</strong></span> 
     </span>
    </p>
   </div>
   <div class='ocr_carea' id='block_1_91' title="bbox 2102 3183 3684 3261">
    <p class='ocr_par' dir='ltr' id='par_1_91' title="bbox 2102 3183 3684 3261">
     <span class='ocr_line' id='line_1_91' title="bbox 2102 3183 3684 3261; baseline 0.009 -28"><span class='ocrx_word' id='word_1_680' title='bbox 2102 3183 2282 3252; x_wconf 85' lang='lat' dir='ltr'><strong>piugui</strong></span> <span class='ocrx_word' id='word_1_681' title='bbox 2338 3185 2640 3243; x_wconf 89' lang='lat' dir='ltr'><strong>valetudine</strong></span> <span class='ocrx_word' id='word_1_682' title='bbox 2699 3187 2976 3257; x_wconf 89' lang='lat' dir='ltr'><strong>fruentes,</strong></span> <span class='ocrx_word' id='word_1_683' title='bbox 3027 3206 3391 3261; x_wconf 86' lang='lat' dir='ltr'><strong>prosperaque</strong></span> <span class='ocrx_word' id='word_1_684' title='bbox 3445 3194 3684 3248; x_wconf 83' lang='lat' dir='ltr'><strong>fruentes</strong></span> 
     </span>
    </p>
   </div>
   <div class='ocr_carea' id='block_1_92' title="bbox 2105 3273 3682 3353">
    <p class='ocr_par' dir='ltr' id='par_1_92' title="bbox 2105 3273 3682 3353">
     <span class='ocr_line' id='line_1_92' title="bbox 2105 3273 3682 3353; baseline 0.008 -27"><span class='ocrx_word' id='word_1_685' title='bbox 2105 3273 2336 3330; x_wconf 79' lang='lat' dir='ltr'><strong>fortuna.</strong></span> <span class='ocrx_word' id='word_1_686' title='bbox 2369 3277 2568 3333; x_wconf 76' lang='lat' dir='ltr'><strong>Verum</strong></span> <span class='ocrx_word' id='word_1_687' title='bbox 2597 3295 2664 3334; x_wconf 92' lang='lat' dir='ltr'><strong>ne</strong></span> <span class='ocrx_word' id='word_1_688' title='bbox 2692 3279 2944 3348; x_wconf 88' lang='lat' dir='ltr'><strong>fidamus,</strong></span> <span class='ocrx_word' id='word_1_689' title='bbox 2976 3283 3068 3338; x_wconf 89' lang='lat' dir='ltr'><strong>sed</strong></span> <span class='ocrx_word' id='word_1_690' title='bbox 3101 3283 3406 3353; x_wconf 89' lang='lat' dir='ltr'><strong>hujusmodi</strong></span> <span class='ocrx_word' id='word_1_691' title='bbox 3437 3284 3682 3340; x_wconf 80' lang='lat' dir='ltr'><strong>homines</strong></span> 
     </span>
    </p>
   </div>
   <div class='ocr_carea' id='block_1_93' title="bbox 2103 3367 3680 3446">
    <p class='ocr_par' dir='ltr' id='par_1_93' title="bbox 2103 3367 3680 3446">
     <span class='ocr_line' id='line_1_93' title="bbox 2103 3367 3680 3446; baseline 0.004 -27"><span class='ocrx_word' id='word_1_692' title='bbox 2103 3367 2342 3422; x_wconf 88' lang='lat' dir='ltr'><strong>omnium</strong></span> <span class='ocrx_word' id='word_1_693' title='bbox 2390 3370 2618 3424; x_wconf 76' lang='lat' dir='ltr'><strong>maxime</strong></span> <span class='ocrx_word' id='word_1_694' title='bbox 2661 3371 3024 3440; x_wconf 90' lang='lat' dir='ltr'><strong>deploremus.</strong></span> <span class='ocrx_word' id='word_1_695' title='bbox 3052 3373 3107 3429; x_wconf 86' lang='lat' dir='ltr'><strong>Si</strong></span> <span class='ocrx_word' id='word_1_696' title='bbox 3135 3375 3278 3428; x_wconf 88' lang='lat' dir='ltr'><strong>enim</strong></span> <span class='ocrx_word' id='word_1_697' title='bbox 3309 3375 3397 3430; x_wconf 93' lang='lat' dir='ltr'><strong>hic</strong></span> <span class='ocrx_word' id='word_1_698' title='bbox 3426 3376 3556 3430; x_wconf 90' lang='lat' dir='ltr'><strong>nihil</strong></span> <span class='ocrx_word' id='word_1_699' title='bbox 3586 3394 3680 3446; x_wconf 82' lang='lat' dir='ltr'><strong>pa-</strong></span> 
     </span>
    </p>
   </div>
   <div class='ocr_carea' id='block_1_94' title="bbox 2106 3457 3677 3536">
    <p class='ocr_par' dir='ltr' id='par_1_94' title="bbox 2106 3457 3677 3536">
     <span class='ocr_line' id='line_1_94' title="bbox 2106 3457 3677 3536; baseline 0.006 -27"><span class='ocrx_word' id='word_1_700' title='bbox 2106 3457 2337 3524; x_wconf 86' lang='lat' dir='ltr'><strong>tiantur,</strong></span> <span class='ocrx_word' id='word_1_701' title='bbox 2369 3458 2468 3514; x_wconf 92' lang='lat' dir='ltr'><strong>hoc</strong></span> <span class='ocrx_word' id='word_1_702' title='bbox 2495 3459 2600 3513; x_wconf 90' lang='lat' dir='ltr'><strong>illis</strong></span> <span class='ocrx_word' id='word_1_703' title='bbox 2628 3461 2880 3516; x_wconf 91' lang='lat' dir='ltr'><strong>viaticum</strong></span> <span class='ocrx_word' id='word_1_704' title='bbox 2911 3472 2995 3518; x_wconf 90' lang='lat' dir='ltr'><strong>est</strong></span> <span class='ocrx_word' id='word_1_705' title='bbox 3019 3463 3087 3518; x_wconf 91' lang='lat' dir='ltr'><strong>ad</strong></span> <span class='ocrx_word' id='word_1_706' title='bbox 3127 3465 3300 3533; x_wconf 87' lang='lat' dir='ltr'><strong>majus</strong></span> <span class='ocrx_word' id='word_1_707' title='bbox 3337 3467 3677 3536; x_wconf 81' lang='lat' dir='ltr'><strong>supplicium.</strong></span> 
     </span>
    </p>
   </div>
   <div class='ocr_carea' id='block_1_95' title="bbox 2106 3547 3680 3624">
    <p class='ocr_par' dir='ltr' id='par_1_95' title="bbox 2106 3547 3680 3624">
     <span class='ocr_line' id='line_1_95' title="bbox 2106 3547 3680 3624; baseline 0.004 -24"><span class='ocrx_word' id='word_1_708' title='bbox 2106 3547 2218 3602; x_wconf 84' lang='lat' dir='ltr'><strong>Hoc</strong></span> <span class='ocrx_word' id='word_1_709' title='bbox 2246 3549 2440 3604; x_wconf 89' lang='lat' dir='ltr'><strong>Paulus</strong></span> <span class='ocrx_word' id='word_1_710' title='bbox 2469 3549 2552 3604; x_wconf 91' lang='lat' dir='ltr'><strong>his</strong></span> <span class='ocrx_word' id='word_1_711' title='bbox 2588 3553 2766 3607; x_wconf 88' lang='lat' dir='ltr'><strong>verbis</strong></span> <span class='ocrx_word' id='word_1_712' title='bbox 2796 3553 3116 3624; x_wconf 82' lang='lat' dir='ltr'><strong>significavit</strong></span> <span class='ocrx_word' id='word_1_713' title='bbox 3141 3573 3155 3610; x_wconf 89' lang='lat'><strong>:</strong></span> <span class='ocrx_word' id='word_1_714' title='bbox 3190 3555 3345 3610; x_wconf 86' lang='lat' dir='ltr'><strong>Nunc</strong></span> <span class='ocrx_word' id='word_1_715' title='bbox 3373 3568 3539 3611; x_wconf 84' lang='lat' dir='ltr'><strong>autem</strong></span> <span class='ocrx_word' id='word_1_716' title='bbox 3568 3575 3680 3611; x_wconf 77' lang='grc' dir='ltr'>ειιηι</span> 
     </span>
    </p>
   </div>
   <div class='ocr_carea' id='block_1_96' title="bbox 2104 3641 3686 3715">
    <p class='ocr_par' dir='ltr' id='par_1_96' title="bbox 2104 3641 3686 3715">
     <span class='ocr_line' id='line_1_96' title="bbox 2104 3641 3686 3715; baseline 0.006 -23"><span class='ocrx_word' id='word_1_717' title='bbox 2104 3641 2425 3708; x_wconf 84' lang='lat' dir='ltr'><strong>iudicamur,</strong></span> <span class='ocrx_word' id='word_1_718' title='bbox 2454 3659 2484 3694; x_wconf 91' lang='lat' dir='ltr'><strong>a</strong></span> <span class='ocrx_word' id='word_1_719' title='bbox 2523 3641 2746 3697; x_wconf 88' lang='lat' dir='ltr'><strong>Domino</strong></span> <span class='ocrx_word' id='word_1_720' title='bbox 2795 3645 3130 3715; x_wconf 80' lang='lat' dir='ltr'><strong>corripiatur,</strong></span> <span class='ocrx_word' id='word_1_721' title='bbox 3181 3658 3236 3700; x_wconf 88' lang='lat' dir='ltr'><strong>ut</strong></span> <span class='ocrx_word' id='word_1_722' title='bbox 3285 3665 3387 3702; x_wconf 89' lang='lat' dir='ltr'><strong>non</strong></span> <span class='ocrx_word' id='word_1_723' title='bbox 3430 3666 3544 3702; x_wconf 89' lang='lat' dir='ltr'><strong>cum</strong></span> <span class='ocrx_word' id='word_1_724' title='bbox 3592 3650 3686 3701; x_wconf 83' lang='lat' dir='ltr'><strong>Iun:</strong></span> 
     </span>
    </p>
   </div>
   <div class='ocr_carea' id='block_1_97' title="bbox 2107 3732 3680 3810">
    <p class='ocr_par' dir='ltr' id='par_1_97' title="bbox 2107 3732 3680 3810">
     <span class='ocr_line' id='line_1_97' title="bbox 2107 3732 3680 3810; baseline 0.006 -26"><span class='ocrx_word' id='word_1_725' title='bbox 2107 3732 2293 3785; x_wconf 87' lang='lat' dir='ltr'><strong>mundo</strong></span> <span class='ocrx_word' id='word_1_726' title='bbox 2331 3732 2632 3787; x_wconf 85' lang='lat' dir='ltr'><strong>damnemur</strong></span> <span class='ocrx_word' id='word_1_727' title='bbox 2659 3734 2743 3806; x_wconf 81' lang='grc' dir='ltr'><strong>(ί.</strong></span> <span class='ocrx_word' id='word_1_728' title='bbox 2777 3733 2895 3791; x_wconf 85' lang='lat' dir='ltr'><strong>Cor.</strong></span> <span class='ocrx_word' id='word_1_729' title='bbox 2936 3738 3022 3792; x_wconf 83' lang='grc' dir='ltr'><strong>Η.</strong></span> <span class='ocrx_word' id='word_1_730' title='bbox 3051 3737 3176 3810; x_wconf 73' lang='grc'><strong>52).</strong></span> <span class='ocrx_word' id='word_1_731' title='bbox 3207 3739 3304 3794; x_wconf 85' lang='lat' dir='ltr'><strong>Hic</strong></span> <span class='ocrx_word' id='word_1_732' title='bbox 3345 3741 3680 3802; x_wconf 85' lang='lat' dir='ltr'><strong>admonitio,</strong></span> 
     </span>
    </p>
   </div>
   <div class='ocr_carea' id='block_1_98' title="bbox 2108 3820 3685 3898">
    <p class='ocr_par' dir='ltr' id='par_1_98' title="bbox 2108 3820 3685 3898">
     <span class='ocr_line' id='line_1_98' title="bbox 2108 3820 3685 3898; baseline 0.006 -24"><span class='ocrx_word' id='word_1_733' title='bbox 2108 3820 2214 3874; x_wconf 85' lang='lat' dir='ltr'><strong>illic</strong></span> <span class='ocrx_word' id='word_1_734' title='bbox 2233 3822 2575 3891; x_wconf 90' lang='lat' dir='ltr'><strong>supplicium.</strong></span> <span class='ocrx_word' id='word_1_735' title='bbox 2601 3824 2738 3890; x_wconf 91' lang='lat' dir='ltr'><strong>Quid</strong></span> <span class='ocrx_word' id='word_1_736' title='bbox 2767 3825 2969 3895; x_wconf 83' lang='lat' dir='ltr'><strong>igitur?</strong></span> <span class='ocrx_word' id='word_1_737' title='bbox 2999 3827 3242 3898; x_wconf 90' lang='lat' dir='ltr'><strong>inquies;</strong></span> <span class='ocrx_word' id='word_1_738' title='bbox 3276 3845 3343 3884; x_wconf 90' lang='lat' dir='ltr'><strong>an</strong></span> <span class='ocrx_word' id='word_1_739' title='bbox 3372 3831 3542 3885; x_wconf 90' lang='lat' dir='ltr'><strong>morbi</strong></span> <span class='ocrx_word' id='word_1_740' title='bbox 3569 3847 3685 3883; x_wconf 86' lang='lat' dir='ltr'><strong>om-</strong></span> 
     </span>
    </p>
   </div>
   <div class='ocr_carea' id='block_1_99' title="bbox 2107 3914 3680 3991">
    <p class='ocr_par' dir='ltr' id='par_1_99' title="bbox 2107 3914 3680 3991">
     <span class='ocr_line' id='line_1_99' title="bbox 2107 3914 3680 3991; baseline 0.006 -28"><span class='ocrx_word' id='word_1_741' title='bbox 2107 3925 2203 3965; x_wconf 85' lang='lat' dir='ltr'><strong>nes</strong></span> <span class='ocrx_word' id='word_1_742' title='bbox 2233 3926 2298 3964; x_wconf 74' lang='lat' dir='ltr'><strong>ex</strong></span> <span class='ocrx_word' id='word_1_743' title='bbox 2341 3914 2572 3981; x_wconf 84' lang='lat' dir='ltr'><strong>peccatis</strong></span> <span class='ocrx_word' id='word_1_744' title='bbox 2610 3916 2895 3970; x_wconf 79' lang='lat' dir='ltr'><strong>oriuntur?</strong></span> <span class='ocrx_word' id='word_1_745' title='bbox 2920 3917 3036 3971; x_wconf 74' lang='lat' dir='ltr'><strong>Non</strong></span> <span class='ocrx_word' id='word_1_746' title='bbox 3063 3932 3253 3974; x_wconf 91' lang='lat' dir='ltr'><strong>omnes</strong></span> <span class='ocrx_word' id='word_1_747' title='bbox 3273 3961 3288 3984; x_wconf 91' lang='lat'><strong>,</strong></span> <span class='ocrx_word' id='word_1_748' title='bbox 3309 3921 3409 3975; x_wconf 84' lang='lat' dir='ltr'><strong>sed</strong></span> <span class='ocrx_word' id='word_1_749' title='bbox 3445 3922 3680 3991; x_wconf 88' lang='lat' dir='ltr'><strong>plurimi.</strong></span> 
     </span>
    </p>
   </div>
   <div class='ocr_carea' id='block_1_100' title="bbox 2107 3999 3677 4082">
    <p class='ocr_par' dir='ltr' id='par_1_100' title="bbox 2107 3999 3677 4082">
     <span class='ocr_line' id='line_1_100' title="bbox 2107 3999 3677 4082; baseline 0.008 -30"><span class='ocrx_word' id='word_1_750' title='bbox 2107 3999 2331 4066; x_wconf 87' lang='lat' dir='ltr'><strong>Quidatn</strong></span> <span class='ocrx_word' id='word_1_751' title='bbox 2372 4003 2513 4056; x_wconf 89' lang='lat' dir='ltr'><strong>enim</strong></span> <span class='ocrx_word' id='word_1_752' title='bbox 2539 4020 2608 4058; x_wconf 81' lang='lat' dir='ltr'><strong>ex</strong></span> <span class='ocrx_word' id='word_1_753' title='bbox 2640 4007 2865 4075; x_wconf 79' lang='lat' dir='ltr'><strong>segnitie</strong></span> <span class='ocrx_word' id='word_1_754' title='bbox 2901 4018 3074 4062; x_wconf 91' lang='lat' dir='ltr'><strong>ortum</strong></span> <span class='ocrx_word' id='word_1_755' title='bbox 3105 4010 3320 4065; x_wconf 90' lang='lat' dir='ltr'><strong>habent.</strong></span> <span class='ocrx_word' id='word_1_756' title='bbox 3357 4011 3490 4066; x_wconf 88' lang='lat' dir='ltr'><strong>Nam</strong></span> <span class='ocrx_word' id='word_1_757' title='bbox 3517 4013 3635 4082; x_wconf 89' lang='lat' dir='ltr'><strong>gula</strong></span> <span class='ocrx_word' id='word_1_758' title='bbox 3662 4055 3677 4076; x_wconf 93' lang='lat'><strong>,</strong></span> 
     </span>
    </p>
   </div>
   <div class='ocr_carea' id='block_1_101' title="bbox 2107 4091 3685 4170">
    <p class='ocr_par' dir='ltr' id='par_1_101' title="bbox 2107 4091 3685 4170">
     <span class='ocr_line' id='line_1_101' title="bbox 2107 4091 3685 4170; baseline 0.008 -26"><span class='ocrx_word' id='word_1_759' title='bbox 2107 4091 2363 4158; x_wconf 86' lang='lat' dir='ltr'><strong>ebrietas,</strong></span> <span class='ocrx_word' id='word_1_760' title='bbox 2381 4095 2656 4162; x_wconf 85' lang='lat' dir='ltr'><strong>segnities,</strong></span> <span class='ocrx_word' id='word_1_761' title='bbox 2683 4097 2985 4167; x_wconf 90' lang='lat' dir='ltr'><strong>hujusmodi</strong></span> <span class='ocrx_word' id='word_1_762' title='bbox 3009 4101 3223 4155; x_wconf 86' lang='lat' dir='ltr'><strong>morbos</strong></span> <span class='ocrx_word' id='word_1_763' title='bbox 3244 4101 3480 4170; x_wconf 90' lang='lat' dir='ltr'><strong>pariunt.</strong></span> <span class='ocrx_word' id='word_1_764' title='bbox 3509 4103 3685 4158; x_wconf 87' lang='lat' dir='ltr'><strong>Unum</strong></span> 
     </span>
    </p>
   </div>
   <div class='ocr_carea' id='block_1_102' title="bbox 2111 4181 3686 4260">
    <p class='ocr_par' dir='ltr' id='par_1_102' title="bbox 2111 4181 3686 4260">
     <span class='ocr_line' id='line_1_102' title="bbox 2111 4181 3686 4260; baseline 0.009 -28"><span class='ocrx_word' id='word_1_765' title='bbox 2111 4196 2270 4251; x_wconf 85' lang='lat' dir='ltr'><strong>porro</strong></span> <span class='ocrx_word' id='word_1_766' title='bbox 2298 4181 2494 4252; x_wconf 89' lang='lat' dir='ltr'><strong>ubique</strong></span> <span class='ocrx_word' id='word_1_767' title='bbox 2535 4185 2926 4243; x_wconf 89' lang='lat' dir='ltr'><strong>observandum</strong></span> <span class='ocrx_word' id='word_1_768' title='bbox 2957 4198 3078 4256; x_wconf 90' lang='lat' dir='ltr'><strong>est,</strong></span> <span class='ocrx_word' id='word_1_769' title='bbox 3106 4199 3164 4244; x_wconf 93' lang='grc' dir='ltr'><strong>ιιι</strong></span> <span class='ocrx_word' id='word_1_770' title='bbox 3207 4192 3418 4260; x_wconf 87' lang='lat' dir='ltr'><strong>plagam</strong></span> <span class='ocrx_word' id='word_1_771' title='bbox 3468 4206 3686 4246; x_wconf 82' lang='lat' dir='ltr'><strong>onmem</strong></span> 
     </span>
    </p>
   </div>
   <div class='ocr_carea' id='block_1_103' title="bbox 2108 4275 3686 4350">
    <p class='ocr_par' dir='ltr' id='par_1_103' title="bbox 2108 4275 3686 4350">
     <span class='ocr_line' id='line_1_103' title="bbox 2108 4275 3686 4350; baseline 0.005 -22"><span class='ocrx_word' id='word_1_772' title='bbox 2108 4287 2229 4328; x_wconf 84' lang='lat' dir='ltr'><strong>eum</strong></span> <span class='ocrx_word' id='word_1_773' title='bbox 2247 4275 2534 4344; x_wconf 89' lang='lat' dir='ltr'><strong>gratiarum</strong></span> <span class='ocrx_word' id='word_1_774' title='bbox 2552 4277 2763 4333; x_wconf 89' lang='lat' dir='ltr'><strong>actione</strong></span> <span class='ocrx_word' id='word_1_775' title='bbox 2781 4280 3029 4334; x_wconf 90' lang='lat' dir='ltr'><strong>feramus.</strong></span> <span class='ocrx_word' id='word_1_776' title='bbox 3052 4281 3277 4350; x_wconf 89' lang='lat' dir='ltr'><strong>Propter</strong></span> <span class='ocrx_word' id='word_1_777' title='bbox 3289 4291 3504 4350; x_wconf 84' lang='lat' dir='ltr'><strong>peccata</strong></span> <span class='ocrx_word' id='word_1_778' title='bbox 3523 4284 3686 4337; x_wconf 87' lang='lat' dir='ltr'><strong>etiam</strong></span> 
     </span>
    </p>
   </div>
   <div class='ocr_carea' id='block_1_104' title="bbox 2110 4364 3687 4442">
    <p class='ocr_par' dir='ltr' id='par_1_104' title="bbox 2110 4364 3687 4442">
     <span class='ocr_line' id='line_1_104' title="bbox 2110 4364 3687 4442; baseline 0.005 -24"><span class='ocrx_word' id='word_1_779' title='bbox 2110 4364 2410 4420; x_wconf 86' lang='lat' dir='ltr'><strong>inferuntur</strong></span> <span class='ocrx_word' id='word_1_780' title='bbox 2451 4368 2670 4424; x_wconf 88' lang='lat' dir='ltr'><strong>morbi:</strong></span> <span class='ocrx_word' id='word_1_781' title='bbox 2711 4386 2832 4423; x_wconf 90' lang='lat' dir='ltr'><strong>nam</strong></span> <span class='ocrx_word' id='word_1_782' title='bbox 2872 4371 2924 4424; x_wconf 90' lang='lat' dir='ltr'><strong>in</strong></span> <span class='ocrx_word' id='word_1_783' title='bbox 2966 4371 3119 4426; x_wconf 88' lang='lat' dir='ltr'><strong>libris</strong></span> <span class='ocrx_word' id='word_1_784' title='bbox 3162 4371 3370 4442; x_wconf 81' lang='lat' dir='ltr'><strong>Regum</strong></span> <span class='ocrx_word' id='word_1_785' title='bbox 3401 4373 3687 4442; x_wconf 88' lang='lat' dir='ltr'><strong>quemdam</strong></span> 
     </span>
    </p>
   </div>
   <div class='ocr_carea' id='block_1_105' title="bbox 2109 4457 3687 4536">
    <p class='ocr_par' dir='ltr' id='par_1_105' title="bbox 2109 4457 3687 4536">
     <span class='ocr_line' id='line_1_105' title="bbox 2109 4457 3687 4536; baseline 0.008 -26"><span class='ocrx_word' id='word_1_786' title='bbox 2109 4457 2354 4514; x_wconf 87' lang='lat' dir='ltr'><strong>videmus</strong></span> <span class='ocrx_word' id='word_1_787' title='bbox 2383 4458 2504 4514; x_wconf 90' lang='lat' dir='ltr'><strong>ideo</strong></span> <span class='ocrx_word' id='word_1_788' title='bbox 2534 4460 2766 4530; x_wconf 89' lang='lat' dir='ltr'><strong>podagra</strong></span> <span class='ocrx_word' id='word_1_789' title='bbox 2795 4461 3129 4518; x_wconf 89' lang='lat' dir='ltr'><strong>laborantem</strong></span> <span class='ocrx_word' id='word_1_790' title='bbox 3158 4464 3248 4532; x_wconf 80' lang='grc'><strong>(5.</strong></span> <span class='ocrx_word' id='word_1_791' title='bbox 3278 4463 3407 4536; x_wconf 80' lang='lat' dir='ltr'><strong>Reg.</strong></span> <span class='ocrx_word' id='word_1_792' title='bbox 3441 4465 3529 4520; x_wconf 81' lang='grc'><strong>15.</strong></span> <span class='ocrx_word' id='word_1_793' title='bbox 3560 4466 3630 4519; x_wconf 74' lang='grc'><strong>25</strong></span> <span class='ocrx_word' id='word_1_794' title='bbox 3650 4476 3687 4530; x_wconf 93' lang='grc'><strong>).</strong></span> 
     </span>
    </p>
   </div>
   <div class='ocr_carea' id='block_1_106' title="bbox 2115 4548 3691 4622">
    <p class='ocr_par' dir='ltr' id='par_1_106' title="bbox 2115 4548 3691 4622">
     <span class='ocr_line' id='line_1_106' title="bbox 2115 4548 3691 4622; baseline 0.007 -22"><span class='ocrx_word' id='word_1_795' title='bbox 2115 4548 2342 4604; x_wconf 72' lang='lat' dir='ltr'><strong>Veniunt</strong></span> <span class='ocrx_word' id='word_1_796' title='bbox 2380 4551 2540 4603; x_wconf 90' lang='lat' dir='ltr'><strong>etiam</strong></span> <span class='ocrx_word' id='word_1_797' title='bbox 2573 4560 2631 4604; x_wconf 92' lang='lat' dir='ltr'><strong>ut</strong></span> <span class='ocrx_word' id='word_1_798' title='bbox 2678 4553 3009 4620; x_wconf 88' lang='lat' dir='ltr'><strong>probatiores</strong></span> <span class='ocrx_word' id='word_1_799' title='bbox 3051 4553 3372 4622; x_wconf 84' lang='lat' dir='ltr'><strong>reddamur;</strong></span> <span class='ocrx_word' id='word_1_800' title='bbox 3403 4555 3526 4610; x_wconf 91' lang='lat' dir='ltr'><strong>hinc</strong></span> <span class='ocrx_word' id='word_1_801' title='bbox 3552 4555 3691 4611; x_wconf 84' lang='lat' dir='ltr'><strong>Joho</strong></span> 
     </span>
    </p>
   </div>
   <div class='ocr_carea' id='block_1_107' title="bbox 2110 4637 3690 4717">
    <p class='ocr_par' dir='ltr' id='par_1_107' title="bbox 2110 4637 3690 4717">
     <span class='ocr_line' id='line_1_107' title="bbox 2110 4637 3690 4717; baseline 0.004 -27"><span class='ocrx_word' id='word_1_802' title='bbox 2110 4637 2239 4691; x_wconf 92' lang='lat' dir='ltr'><strong>dicit</strong></span> <span class='ocrx_word' id='word_1_803' title='bbox 2279 4639 2454 4692; x_wconf 90' lang='lat' dir='ltr'><strong>Deus:</strong></span> <span class='ocrx_word' id='word_1_804' title='bbox 2491 4638 2575 4692; x_wconf 87' lang='lat' dir='ltr'><strong>Ne</strong></span> <span class='ocrx_word' id='word_1_805' title='bbox 2599 4657 2676 4692; x_wconf 82' lang='lat' dir='ltr'><strong>me</strong></span> <span class='ocrx_word' id='word_1_806' title='bbox 2704 4651 2850 4710; x_wconf 81' lang='lat' dir='ltr'><strong>putes</strong></span> <span class='ocrx_word' id='word_1_807' title='bbox 2878 4643 3030 4696; x_wconf 84' lang='lat' dir='ltr'><strong>aliter</strong></span> <span class='ocrx_word' id='word_1_808' title='bbox 3070 4643 3143 4696; x_wconf 88' lang='lat' dir='ltr'><strong>sic</strong></span> <span class='ocrx_word' id='word_1_809' title='bbox 3168 4653 3330 4698; x_wconf 82' lang='lat' dir='ltr'><strong>tecum</strong></span> <span class='ocrx_word' id='word_1_810' title='bbox 3371 4647 3530 4717; x_wconf 79' lang='lat' dir='ltr'><strong>egisse</strong></span> <span class='ocrx_word' id='word_1_811' title='bbox 3549 4687 3563 4710; x_wconf 95' lang='lat'><strong>,</strong></span> <span class='ocrx_word' id='word_1_812' title='bbox 3595 4649 3690 4699; x_wconf 78' lang='lat' dir='ltr'><strong>nisi</strong></span> 
     </span>
    </p>
   </div>
   <div class='ocr_carea' id='block_1_108' title="bbox 2111 4730 3694 4807">
    <p class='ocr_par' dir='ltr' id='par_1_108' title="bbox 2111 4730 3694 4807">
     <span class='ocr_line' id='line_1_108' title="bbox 2111 4730 3694 4807; baseline 0.008 -26"><span class='ocrx_word' id='word_1_813' title='bbox 2111 4738 2165 4782; x_wconf 89' lang='lat' dir='ltr'><strong>ut</strong></span> <span class='ocrx_word' id='word_1_814' title='bbox 2194 4730 2366 4799; x_wconf 85' lang='lat' dir='ltr'><strong>justus</strong></span> <span class='ocrx_word' id='word_1_815' title='bbox 2403 4747 2652 4800; x_wconf 81' lang='lat' dir='ltr'><strong>apparens</strong></span> <span class='ocrx_word' id='word_1_816' title='bbox 2673 4732 2833 4801; x_wconf 81' lang='lat' dir='ltr'><strong>(Job.</strong></span> <span class='ocrx_word' id='word_1_817' title='bbox 2866 4735 2956 4789; x_wconf 73' lang='grc'><strong>40.</strong></span> <span class='ocrx_word' id='word_1_818' title='bbox 2978 4733 3088 4807; x_wconf 78' lang='lat'><strong>5)?</strong></span> <span class='ocrx_word' id='word_1_819' title='bbox 3113 4733 3217 4792; x_wconf 86' lang='lat' dir='ltr'><strong>Sed</strong></span> <span class='ocrx_word' id='word_1_820' title='bbox 3247 4752 3345 4792; x_wconf 87' lang='lat' dir='ltr'><strong>cur</strong></span> <span class='ocrx_word' id='word_1_821' title='bbox 3367 4754 3489 4793; x_wconf 90' lang='lat' dir='ltr'><strong>cum</strong></span> <span class='ocrx_word' id='word_1_822' title='bbox 3515 4739 3582 4794; x_wconf 87' lang='lat' dir='ltr'><strong>de</strong></span> <span class='ocrx_word' id='word_1_823' title='bbox 3615 4741 3694 4793; x_wconf 84' lang='lat' dir='ltr'><strong>his</strong></span> 
     </span>
    </p>
   </div>
   <div class='ocr_carea' id='block_1_109' title="bbox 2113 4822 3691 4894">
    <p class='ocr_par' dir='ltr' id='par_1_109' title="bbox 2113 4822 3691 4894">
     <span class='ocr_line' id='line_1_109' title="bbox 2113 4822 3691 4894; baseline 0.005 -19"><span class='ocrx_word' id='word_1_824' title='bbox 2113 4822 2416 4892; x_wconf 87' lang='lat' dir='ltr'><strong>paralyticis</strong></span> <span class='ocrx_word' id='word_1_825' title='bbox 2460 4824 2633 4892; x_wconf 79' lang='lat' dir='ltr'><strong>agitur</strong></span> <span class='ocrx_word' id='word_1_826' title='bbox 2655 4866 2671 4888; x_wconf 97' lang='lat'><strong>,</strong></span> <span class='ocrx_word' id='word_1_827' title='bbox 2703 4835 2919 4894; x_wconf 88' lang='lat' dir='ltr'><strong>peccata</strong></span> <span class='ocrx_word' id='word_1_828' title='bbox 2952 4829 3004 4882; x_wconf 94' lang='lat' dir='ltr'><strong>in</strong></span> <span class='ocrx_word' id='word_1_829' title='bbox 3037 4829 3270 4884; x_wconf 91' lang='lat' dir='ltr'><strong>medium</strong></span> <span class='ocrx_word' id='word_1_830' title='bbox 3317 4829 3564 4886; x_wconf 88' lang='lat' dir='ltr'><strong>Christus</strong></span> <span class='ocrx_word' id='word_1_831' title='bbox 3591 4835 3691 4884; x_wconf 70' lang='lat' dir='ltr'><strong>ad-</strong></span> 
     </span>
    </p>
   </div>
   <div class='ocr_carea' id='block_1_110' title="bbox 2109 4911 3677 4983">
    <p class='ocr_par' dir='ltr' id='par_1_110' title="bbox 2109 4911 3677 4983">
     <span class='ocr_line' id='line_1_110' title="bbox 2109 4911 3677 4983; baseline 0.006 -18"><span class='ocrx_word' id='word_1_832' title='bbox 2109 4911 2440 4966; x_wconf 83' lang='lat' dir='ltr'><strong>ducit?Nam</strong></span> <span class='ocrx_word' id='word_1_833' title='bbox 2469 4921 2526 4967; x_wconf 91' lang='lat' dir='ltr'><strong>et</strong></span> <span class='ocrx_word' id='word_1_834' title='bbox 2546 4913 2617 4967; x_wconf 94' lang='lat' dir='ltr'><strong>illi</strong></span> <span class='ocrx_word' id='word_1_835' title='bbox 2639 4915 2790 4983; x_wconf 88' lang='lat' dir='ltr'><strong>cujus</strong></span> <span class='ocrx_word' id='word_1_836' title='bbox 2827 4916 3102 4973; x_wconf 81' lang='lat' dir='ltr'><strong>Mattineus</strong></span> <span class='ocrx_word' id='word_1_837' title='bbox 3129 4919 3372 4975; x_wconf 90' lang='lat' dir='ltr'><strong>meminit</strong></span> <span class='ocrx_word' id='word_1_838' title='bbox 3395 4921 3468 4976; x_wconf 89' lang='lat' dir='ltr'><strong>ait</strong></span> <span class='ocrx_word' id='word_1_839' title='bbox 3497 4939 3512 4978; x_wconf 92' lang='lat'><strong>:</strong></span> <span class='ocrx_word' id='word_1_840' title='bbox 3542 4923 3677 4976; x_wconf 83' lang='lat' dir='ltr'><strong>Cou-</strong></span> 
     </span>
    </p>
   </div>
   <div class='ocr_carea' id='block_1_111' title="bbox 2110 5003 3694 5078">
    <p class='ocr_par' dir='ltr' id='par_1_111' title="bbox 2110 5003 3694 5078">
     <span class='ocr_line' id='line_1_111' title="bbox 2110 5003 3694 5078; baseline 0.006 -23"><span class='ocrx_word' id='word_1_841' title='bbox 2110 5003 2241 5071; x_wconf 77' lang='lat' dir='ltr'><strong>ﬁde,</strong></span> <span class='ocrx_word' id='word_1_842' title='bbox 2272 5003 2350 5071; x_wconf 80' lang='lat' dir='ltr'><strong>[ili</strong></span> <span class='ocrx_word' id='word_1_843' title='bbox 2369 5044 2384 5069; x_wconf 98' lang='lat'><strong>,</strong></span> <span class='ocrx_word' id='word_1_844' title='bbox 2412 5004 2733 5058; x_wconf 86' lang='lat' dir='ltr'><strong>remittuntur</strong></span> <span class='ocrx_word' id='word_1_845' title='bbox 2759 5007 2848 5060; x_wconf 90' lang='lat' dir='ltr'><strong>tibi</strong></span> <span class='ocrx_word' id='word_1_846' title='bbox 2869 5017 3074 5078; x_wconf 85' lang='lat' dir='ltr'><strong>peccata</strong></span> <span class='ocrx_word' id='word_1_847' title='bbox 3091 5025 3111 5074; x_wconf 89' lang='lat'><strong>;</strong></span> <span class='ocrx_word' id='word_1_848' title='bbox 3139 5021 3195 5065; x_wconf 89' lang='lat' dir='ltr'><strong>et</strong></span> <span class='ocrx_word' id='word_1_849' title='bbox 3221 5011 3346 5066; x_wconf 84' lang='lat' dir='ltr'><strong>huic</strong></span> <span class='ocrx_word' id='word_1_850' title='bbox 3364 5051 3380 5078; x_wconf 95' lang='lat'><strong>,</strong></span> <span class='ocrx_word' id='word_1_851' title='bbox 3423 5011 3581 5078; x_wconf 82' lang='lat' dir='ltr'><strong>Vide,</strong></span> <span class='ocrx_word' id='word_1_852' title='bbox 3611 5031 3694 5066; x_wconf 89' lang='lat' dir='ltr'><strong>sa-</strong></span> 
     </span>
    </p>
   </div>
   <div class='ocr_carea' id='block_1_112' title="bbox 2111 5096 3696 5174">
    <p class='ocr_par' dir='ltr' id='par_1_112' title="bbox 2111 5096 3696 5174">
     <span class='ocr_line' id='line_1_112' title="bbox 2111 5096 3696 5174; baseline 0.005 -26"><span class='ocrx_word' id='word_1_853' title='bbox 2111 5111 2208 5148; x_wconf 77' lang='lat' dir='ltr'><strong>nus</strong></span> <span class='ocrx_word' id='word_1_854' title='bbox 2227 5097 2393 5166; x_wconf 79' lang='lat' dir='ltr'><strong>factus</strong></span> <span class='ocrx_word' id='word_1_855' title='bbox 2412 5113 2493 5163; x_wconf 88' lang='lat' dir='ltr'><strong>es,</strong></span> <span class='ocrx_word' id='word_1_856' title='bbox 2517 5096 2622 5151; x_wconf 85' lang='lat' dir='ltr'><strong>noli</strong></span> <span class='ocrx_word' id='word_1_857' title='bbox 2642 5099 2863 5168; x_wconf 82' lang='lat' dir='ltr'><strong>amplius</strong></span> <span class='ocrx_word' id='word_1_858' title='bbox 2887 5117 3094 5170; x_wconf 84' lang='lat' dir='ltr'><strong>peccare</strong></span> <span class='ocrx_word' id='word_1_859' title='bbox 3121 5101 3348 5174; x_wconf 77' lang='lat' dir='ltr'><strong>(Matth.</strong></span> <span class='ocrx_word' id='word_1_860' title='bbox 3371 5105 3428 5160; x_wconf 78' lang='lat'><strong>9.</strong></span> <span class='ocrx_word' id='word_1_861' title='bbox 3449 5107 3484 5158; x_wconf 70' lang='lat'><strong>‘2</strong></span> <span class='ocrx_word' id='word_1_862' title='bbox 3500 5106 3542 5174; x_wconf 90' lang='lat'><strong>).</strong></span> <span class='ocrx_word' id='word_1_863' title='bbox 3571 5106 3696 5160; x_wconf 80' lang='lat' dir='ltr'><strong>Scio</strong></span> 
     </span>
    </p>
   </div>
   <div class='ocr_carea' id='block_1_113' title="bbox 2110 5187 3694 5265">
    <p class='ocr_par' dir='ltr' id='par_1_113' title="bbox 2110 5187 3694 5265">
     <span class='ocr_line' id='line_1_113' title="bbox 2110 5187 3694 5265; baseline 0.006 -25"><span class='ocrx_word' id='word_1_864' title='bbox 2110 5187 2368 5258; x_wconf 88' lang='lat' dir='ltr'><strong>quosdam</strong></span> <span class='ocrx_word' id='word_1_865' title='bbox 2393 5189 2534 5243; x_wconf 88' lang='lat' dir='ltr'><strong>hunc</strong></span> <span class='ocrx_word' id='word_1_866' title='bbox 2556 5192 2907 5262; x_wconf 83' lang='lat' dir='ltr'><strong>paralyticum</strong></span> <span class='ocrx_word' id='word_1_867' title='bbox 2929 5194 3228 5262; x_wconf 91' lang='lat' dir='ltr'><strong>criminari,</strong></span> <span class='ocrx_word' id='word_1_868' title='bbox 3252 5195 3394 5265; x_wconf 91' lang='lat' dir='ltr'><strong>quod</strong></span> <span class='ocrx_word' id='word_1_869' title='bbox 3418 5196 3694 5251; x_wconf 90' lang='lat' dir='ltr'><strong>Christum</strong></span> 
     </span>
    </p>
   </div>
   <div class='ocr_carea' id='block_1_114' title="bbox 2109 5281 3695 5357">
    <p class='ocr_par' dir='ltr' id='par_1_114' title="bbox 2109 5281 3695 5357">
     <span class='ocr_line' id='line_1_114' title="bbox 2109 5281 3695 5357; baseline 0.004 -23"><span class='ocrx_word' id='word_1_870' title='bbox 2109 5281 2441 5336; x_wconf 87' lang='lat' dir='ltr'><strong>accusaverit</strong></span> <span class='ocrx_word' id='word_1_871' title='bbox 2459 5321 2475 5344; x_wconf 89' lang='lat'><strong>,</strong></span> <span class='ocrx_word' id='word_1_872' title='bbox 2498 5289 2554 5336; x_wconf 91' lang='lat' dir='ltr'><strong>et</strong></span> <span class='ocrx_word' id='word_1_873' title='bbox 2577 5281 2698 5336; x_wconf 91' lang='lat' dir='ltr'><strong>ideo</strong></span> <span class='ocrx_word' id='word_1_874' title='bbox 2724 5282 2814 5336; x_wconf 91' lang='lat' dir='ltr'><strong>illa</strong></span> <span class='ocrx_word' id='word_1_875' title='bbox 2836 5282 3052 5339; x_wconf 89' lang='lat' dir='ltr'><strong>audisse</strong></span> <span class='ocrx_word' id='word_1_876' title='bbox 3073 5284 3278 5340; x_wconf 90' lang='lat' dir='ltr'><strong>dicunt.</strong></span> <span class='ocrx_word' id='word_1_877' title='bbox 3308 5286 3446 5352; x_wconf 86' lang='lat' dir='ltr'><strong>Quid</strong></span> <span class='ocrx_word' id='word_1_878' title='bbox 3476 5304 3605 5357; x_wconf 86' lang='lat' dir='ltr'><strong>ergo</strong></span> <span class='ocrx_word' id='word_1_879' title='bbox 3627 5288 3695 5341; x_wconf 91' lang='lat' dir='ltr'><strong>de</strong></span> 
     </span>
    </p>
   </div>
   <div class='ocr_carea' id='block_1_115' title="bbox 2112 5373 3688 5446">
    <p class='ocr_par' dir='ltr' id='par_1_115' title="bbox 2112 5373 3688 5446">
     <span class='ocr_line' id='line_1_115' title="bbox 2112 5373 3688 5446; baseline 0.003 -18"><span class='ocrx_word' id='word_1_880' title='bbox 2112 5373 2401 5444; x_wconf 82' lang='lat' dir='ltr'><strong>paralytico</strong></span> <span class='ocrx_word' id='word_1_881' title='bbox 2425 5374 2517 5428; x_wconf 90' lang='lat' dir='ltr'><strong>illo</strong></span> <span class='ocrx_word' id='word_1_882' title='bbox 2539 5373 2800 5439; x_wconf 80' lang='lat' dir='ltr'><strong>dicemus,</strong></span> <span class='ocrx_word' id='word_1_883' title='bbox 2832 5373 2900 5430; x_wconf 85' lang='lat' dir='ltr'><strong>de</strong></span> <span class='ocrx_word' id='word_1_884' title='bbox 2923 5391 3031 5444; x_wconf 89' lang='lat' dir='ltr'><strong>quo</strong></span> <span class='ocrx_word' id='word_1_885' title='bbox 3057 5376 3352 5442; x_wconf 75' lang='lat' dir='ltr'><strong>Mattlncus,</strong></span> <span class='ocrx_word' id='word_1_886' title='bbox 3382 5378 3470 5446; x_wconf 90' lang='lat' dir='ltr'><strong>qui</strong></span> <span class='ocrx_word' id='word_1_887' title='bbox 3499 5379 3688 5433; x_wconf 85' lang='lat' dir='ltr'><strong>eadem</strong></span> 
     </span>
    </p>
   </div>
   <div class='ocr_carea' id='block_1_116' title="bbox 2111 5465 3696 5536">
    <p class='ocr_par' dir='ltr' id='par_1_116' title="bbox 2111 5465 3696 5536">
     <span class='ocr_line' id='line_1_116' title="bbox 2111 5465 3696 5536; baseline -0.002 -17"><span class='ocrx_word' id='word_1_888' title='bbox 2111 5480 2249 5534; x_wconf 88' lang='lat' dir='ltr'><strong>pene</strong></span> <span class='ocrx_word' id='word_1_889' title='bbox 2273 5465 2511 5519; x_wconf 79' lang='lat' dir='ltr'><strong>audivit?</strong></span> <span class='ocrx_word' id='word_1_890' title='bbox 2540 5465 2671 5520; x_wconf 85' lang='lat' dir='ltr'><strong>Nam</strong></span> <span class='ocrx_word' id='word_1_891' title='bbox 2703 5467 2774 5519; x_wconf 91' lang='lat' dir='ltr'><strong>illi</strong></span> <span class='ocrx_word' id='word_1_892' title='bbox 2803 5481 3017 5536; x_wconf 87' lang='lat' dir='ltr'><strong>quoque</strong></span> <span class='ocrx_word' id='word_1_893' title='bbox 3042 5466 3210 5530; x_wconf 80' lang='lat' dir='ltr'><strong>dixit,</strong></span> <span class='ocrx_word' id='word_1_894' title='bbox 3245 5465 3590 5520; x_wconf 78' lang='lat' dir='ltr'><strong>Reinitluutur</strong></span> <span class='ocrx_word' id='word_1_895' title='bbox 3610 5472 3696 5521; x_wconf 84' lang='lat' dir='ltr'><strong>tibi</strong></span> 
     </span>
    </p>
   </div>
   <div class='ocr_carea' id='block_1_117' title="bbox 2112 5555 3698 5626">
    <p class='ocr_par' dir='ltr' id='par_1_117' title="bbox 2112 5555 3698 5626">
     <span class='ocr_line' id='line_1_117' title="bbox 2112 5555 3698 5626; baseline 0.001 -16"><span class='ocrx_word' id='word_1_896' title='bbox 2112 5566 2334 5626; x_wconf 84' lang='lat' dir='ltr'><strong>peccata.</strong></span> <span class='ocrx_word' id='word_1_897' title='bbox 2364 5555 2517 5613; x_wconf 89' lang='lat' dir='ltr'><strong>Unde</strong></span> <span class='ocrx_word' id='word_1_898' title='bbox 2558 5559 2731 5624; x_wconf 86' lang='lat' dir='ltr'><strong>palam</strong></span> <span class='ocrx_word' id='word_1_899' title='bbox 2759 5567 2842 5612; x_wconf 88' lang='lat' dir='ltr'><strong>est</strong></span> <span class='ocrx_word' id='word_1_900' title='bbox 2870 5572 2992 5611; x_wconf 91' lang='lat' dir='ltr'><strong>enm</strong></span> <span class='ocrx_word' id='word_1_901' title='bbox 3037 5572 3142 5610; x_wconf 94' lang='lat' dir='ltr'><strong>non</strong></span> <span class='ocrx_word' id='word_1_902' title='bbox 3173 5556 3260 5610; x_wconf 86' lang='lat' dir='ltr'><strong>illa</strong></span> <span class='ocrx_word' id='word_1_903' title='bbox 3284 5557 3354 5613; x_wconf 91' lang='lat' dir='ltr'><strong>de</strong></span> <span class='ocrx_word' id='word_1_904' title='bbox 3391 5574 3550 5611; x_wconf 85' lang='lat' dir='ltr'><strong>causa</strong></span> <span class='ocrx_word' id='word_1_905' title='bbox 3584 5559 3698 5613; x_wconf 83' lang='lat' dir='ltr'><strong>ha-c</strong></span> 
     </span>
    </p>
   </div>
   <div class='ocr_carea' id='block_1_118' title="bbox 2109 5647 3693 5717">
    <p class='ocr_par' dir='ltr' id='par_1_118' title="bbox 2109 5647 3693 5717">
     <span class='ocr_line' id='line_1_118' title="bbox 2109 5647 3693 5717; baseline -0.001 -18"><span class='ocrx_word' id='word_1_906' title='bbox 2109 5647 2408 5701; x_wconf 83' lang='lat' dir='ltr'><strong>audivisse:</strong></span> <span class='ocrx_word' id='word_1_907' title='bbox 2436 5648 2575 5716; x_wconf 89' lang='lat' dir='ltr'><strong>quod</strong></span> <span class='ocrx_word' id='word_1_908' title='bbox 2599 5663 2661 5702; x_wconf 78' lang='lat' dir='ltr'><strong>ex</strong></span> <span class='ocrx_word' id='word_1_909' title='bbox 2691 5648 3039 5717; x_wconf 88' lang='lat' dir='ltr'><strong>sequentibus</strong></span> <span class='ocrx_word' id='word_1_910' title='bbox 3061 5647 3258 5702; x_wconf 87' lang='lat' dir='ltr'><strong>clarius</strong></span> <span class='ocrx_word' id='word_1_911' title='bbox 3279 5648 3521 5702; x_wconf 89' lang='lat' dir='ltr'><strong>ediscere</strong></span> <span class='ocrx_word' id='word_1_912' title='bbox 3549 5650 3693 5701; x_wconf 84' lang='lat' dir='ltr'><strong>licet.</strong></span> 
     </span>
    </p>
   </div>
   <div class='ocr_carea' id='block_1_119' title="bbox 2117 5736 3698 5809">
    <p class='ocr_par' dir='ltr' id='par_1_119' title="bbox 2117 5736 3698 5809">
     <span class='ocr_line' id='line_1_119' title="bbox 2117 5736 3698 5809; baseline -0.001 -17"><span class='ocrx_word' id='word_1_913' title='bbox 2117 5738 2300 5792; x_wconf 78' lang='lat' dir='ltr'><strong>Postea</strong></span> <span class='ocrx_word' id='word_1_914' title='bbox 2342 5739 2514 5803; x_wconf 70' lang='lat' dir='ltr'><strong>enim,</strong></span> <span class='ocrx_word' id='word_1_915' title='bbox 2564 5741 2764 5809; x_wconf 87' lang='lat' dir='ltr'><strong>ittqttit,</strong></span> <span class='ocrx_word' id='word_1_916' title='bbox 2813 5738 2996 5792; x_wconf 74' lang='lat' dir='ltr'><strong>invenit</strong></span> <span class='ocrx_word' id='word_1_917' title='bbox 3033 5753 3146 5791; x_wconf 87' lang='lat' dir='ltr'><strong>eum</strong></span> <span class='ocrx_word' id='word_1_918' title='bbox 3186 5737 3236 5792; x_wconf 87' lang='lat' dir='ltr'><strong>in</strong></span> <span class='ocrx_word' id='word_1_919' title='bbox 3277 5741 3462 5806; x_wconf 79' lang='lat' dir='ltr'><strong>templo</strong></span> <span class='ocrx_word' id='word_1_920' title='bbox 3501 5736 3698 5791; x_wconf 73' lang='lat' dir='ltr'><strong>Iesus.“</strong></span> 
     </span>
    </p>
   </div>
  </div>
