4104 6156
353 345 458 403 ωδ

350 460 491 531 quod
530 474 660 514 sane
691 457 904 528 pietatis
949 456 1159 527 signum
1188 468 1323 513 erat.
1350 456 1466 513 Non
1497 458 1643 513 enim
1687 458 1857 513 forum
1887 470 1941 515 ct

347 555 656 609 ambulacra
686 550 919 622 petebat,
945 565 1118 621 neque
1141 551 1264 605 cibo
1283 560 1338 605 et
1354 551 1575 606 desidia:
1598 567 1656 605 se
1677 552 1934 617 dedi-hat,

347 646 442 701 sed
470 648 522 701 ia
550 645 754 714 templo
786 643 1013 714 degebat
1043 661 1058 698 :
1088 642 1299 698 etiamsi
1330 644 1479 697 illine
1507 659 1567 698 se
1595 645 1664 699 ab
1683 644 1937 698 omnibus

346 739 651 810 pellendum
674 742 1046 805 exspectaret,
1073 734 1208 790 nihil
1237 735 1337 805 ipsi
1366 736 1566 802 suasit,
1595 745 1646 788 ut
1677 750 1707 788 a
1735 736 1937 804 templo

346 828 665 884 discederet.
694 824 829 881 Cum
859 840 990 896 ergo
1017 824 1263 881 Christus
1290 825 1442 880 illum
1474 826 1763 879 invenisset
1794 836 1935 894 post-

344 937 499 992 quam
523 935 648 976 cum
685 918 888 976 Judcet's
914 919 1169 989 loquutus
1209 918 1414 981 fuerat,
1462 919 1592 973 nihil
1625 919 1931 987 hujus-modi

344 1013 725 1070 subindicavit.
776 1012 926 1081 Quod
956 1012 1004 1066 si
1034 1011 1135 1066 hac
1160 1012 1230 1066 de
1268 1028 1328 1067 re
1359 1012 1506 1066 illum
1547 1028 1805 1067 accusare
1846 1028 1939 1065 vo-

346 1106 566 1171 luisset,
591 1106 812 1160 dixisset
844 1105 917 1157 illi
944 1122 959 1158 :
993 1104 1199 1159 Rursus
1220 1105 1274 1157 in
1304 1103 1493 1158 iisdem
1522 1105 1765 1174 persistis
1784 1145 1801 1169 ,
1831 1119 1931 1159 nec

344 1215 408 1251 ex
462 1205 773 1267 recuperata
821 1194 1131 1248 valetudine
1171 1193 1343 1247 factus
1380 1210 1440 1248 es
1467 1196 1704 1248 tuelior’
1734 1195 1928 1248 Verum

347 1287 471 1341 nihil
503 1287 629 1339 dicit
679 1284 982 1354 lnqusmodi
1009 1325 1025 1352 ,
1070 1285 1164 1339 sed
1209 1286 1260 1338 itt
1315 1296 1587 1354 posti-rum
1632 1288 1927 1340 cautiorem

344 1378 534 1434 reddit.

410 1469 465 1525 Ξ.
490 1469 598 1525 Cur
620 1477 797 1523 autem
823 1483 944 1522 cmn
972 1467 1194 1523 claudos
1219 1476 1274 1522 ct
1303 1468 1519 1522 mutilos
1564 1478 1718 1522 curat
1736 1509 1752 1531 ,
1794 1468 1925 1521 nihil

344 1561 639 1630 huiusmodi
667 1561 938 1631 loquitur?
965 1560 1087 1615 Mihi
1118 1560 1334 1632 quidem
1367 1562 1577 1616 videtur
1609 1561 1690 1614 Itis
1710 1560 1924 1629 quidem

343 1656 580 1710 morbum
610 1653 661 1707 in
690 1662 1026 1723 peccatorum
1050 1667 1261 1722 pinnam
1289 1653 1522 1716 venisse,
1549 1652 1669 1706 aliis
1699 1666 1830 1706 vero
1855 1666 1922 1706 ex

341 1762 592 1816 corporea
636 1745 960 1799 infirmitate.
1017 1744 1126 1799 Nii
1180 1743 1284 1799 huc
1331 1753 1495 1810 esset,
1523 1744 1657 1798 alios
1711 1758 1924 1813 Quoque

341 1838 521 1895 eadem
546 1838 615 1892 de
642 1852 799 1892 musa
843 1837 1146 1907 alloquutus
1195 1837 1400 1893 luisset.
1451 1835 1586 1892 Cum
1635 1838 1779 1892 enim
1836 1836 1923 1891 hic

342 1931 888 1987 ruorhuscznterorum
917 1929 1152 1981 outnium
1180 1930 1249 1982 sit
1274 1928 1643 1998 gravissimus,
1672 1943 1767 1997 per
1795 1943 1918 1984 eum

338 2022 495 2077 etiam
552 2020 848 2075 minoribus
914 2021 1203 2075 remedium
1276 2021 1497 2089 pra-bet.
1573 2019 1722 2075 Sicut
1775 2021 1919 2075 enim

338 2129 458 2168 cum
507 2112 670 2166 alium
695 2111 979 2182 quemdam
1028 2112 1355 2175 curavisset,
1386 2111 1641 2181 prteccpit
1661 2111 1713 2166 ei
1744 2120 1800 2164 ut
1820 2111 1918 2165 da-

341 2213 419 2259 ret
466 2204 691 2274 gloriam
739 2204 885 2267 Deo;
918 2219 1023 2256 non
1054 2204 1124 2255 illi
1156 2203 1255 2257 Sttii
1309 2203 1409 2256 hoc
1449 2203 1707 2257 monitum
1745 2204 1916 2267 dans,

337 2295 428 2348 sed
461 2309 555 2363 per
584 2294 731 2349 illum
772 2294 1019 2347 munibus
1044 2312 1056 2346 :
1084 2296 1161 2348 sic
1205 2310 1300 2363 per
1339 2296 1437 2348 ltus
1486 2297 1644 2349 etiam
1693 2306 1918 2349 caeteros

335 2402 522 2441 omnes
548 2385 789 2440 hortatur
808 2427 824 2452 ,
856 2397 905 2439 et
934 2387 1048 2440 lucc
1078 2389 1275 2441 tuonita
1303 2389 1393 2441 dat
1418 2389 1660 2457 singulis.
1697 2389 1773 2441 Ad
1805 2391 1918 2442 haec

336 2474 436 2528 hoc
456 2478 614 2531 etiam
635 2477 958 2541 addendum,
983 2478 1152 2546 ipsqu
1182 2494 1371 2548 nempe
1394 2494 1635 2549 magnam
1660 2480 1777 2546 ejus
1799 2494 1918 2549 per-

334 2568 688 2622 sevcrautiam
712 2568 906 2623 vidisse
930 2587 945 2624 :
971 2568 1195 2637 ideozpte
1221 2569 1366 2621 illum
1396 2580 1574 2622 monet
1603 2579 1657 2622 ut
1678 2570 1764 2637 qui
1796 2584 1919 2636 pus-

335 2658 406 2711 sit
435 2659 735 2713 mandatum
762 2675 1012 2728 servare,
1042 2669 1199 2731 atque
1231 2661 1376 2715 illum
1407 2662 1664 2716 beneﬁcio
1692 2671 1746 2716 et
1774 2662 1915 2715 futu-

336 2768 515 2806 rorunt
562 2752 752 2809 timore
796 2755 1055 2809 malorum
1088 2754 1140 2809 in
1169 2771 1295 2810 sana
1324 2764 1503 2809 mente
1543 2755 1802 2808 continet.
1849 2753 1918 2809 Et

339 2844 459 2899 vide
481 2860 638 2915 quam
666 2846 736 2900 sit
763 2846 968 2901 alienus
996 2862 1026 2900 a
1055 2847 1215 2901 fastu.
1258 2846 1374 2901 Non
1403 2847 1547 2901 enim
1579 2846 1743 2911 dixit,
1778 2846 1917 2901 Ecce

336 2949 525 2989 sanum
551 2945 601 2990 te
628 2936 764 3001 feci;
788 2937 903 3000 sed,
932 2938 1106 2992 Sanus
1127 2938 1292 3007 [actus
1315 2955 1404 3003 es;
1432 2939 1536 2990 noli
1559 2938 1780 3007 amplius
1804 2954 1919 3007 pec-

335 3042 471 3081 care.
495 3025 677 3097 Neque
702 3027 854 3092 dixit,
879 3027 957 3084 Ne
982 3041 1033 3084 te
1062 3030 1305 3098 puuiam;
1339 3029 1453 3090 sed,
1488 3027 1537 3081 Ν
1545 3046 1570 3081 e
1598 3028 1685 3081 tibi
1722 3027 1918 3097 aliquid

337 3116 555 3172 deterius
603 3127 883 3189 contingat.
939 3120 994 3175 In
1046 3129 1235 3174 neutro
1286 3135 1568 3189 personam
1620 3126 1914 3183 memorat,

336 3209 672 3279 ostenditque
717 3210 1072 3265 valetudinem
1119 3227 1183 3266 ex
1234 3212 1401 3281 gratia
1447 3212 1622 3280 potius
1665 3225 1821 3280 quam
1851 3223 1916 3263 ex

339 3300 528 3355 tneritu
551 3303 867 3356 resritutam.
895 3302 1076 3373 Neque
1100 3306 1241 3359 enim
1286 3304 1425 3359 dixit
1454 3305 1600 3357 illum
1631 3319 1695 3358 ex
1728 3304 1919 3357 merito

338 3395 570 3446 evasisse
616 3408 833 3462 ιιωιιιιε,
864 3395 956 3448 sed
1000 3413 1063 3450 ex
1108 3396 1430 3466 benignitate
1469 3405 1735 3451 servatum
1775 3409 1913 3449 esse.

337 3480 444 3536 Nisi
474 3483 614 3539 enim
647 3485 716 3539 ita
748 3501 836 3539 res
864 3497 1024 3552 esset,
1049 3488 1289 3552 dixisset,
1313 3489 1447 3543 Ecce
1486 3489 1690 3543 debitas
1735 3501 1920 3555 pecca-

338 3583 510 3629 torum
558 3592 744 3646 pteuas
792 3578 1018 3645 dedisti;
1051 3595 1181 3634 cave
1227 3581 1317 3635 tibi
1344 3580 1615 3651 deinceps.
1644 3580 1760 3635 Jam
1793 3595 1918 3632 vero

339 3684 445 3723 non
475 3669 545 3725 ita
570 3670 734 3740 dicit,
763 3672 856 3726 sed
903 3672 1208 3742 quomodo?
1252 3671 1385 3726 Ecce
1431 3689 1584 3726 sanus
1640 3676 1801 3741 factus
1829 3687 1919 3734 es;

332 3760 444 3831 jam
462 3761 568 3815 noli
588 3777 815 3832 peccare.
841 3763 964 3817 llaec
989 3763 1142 3817 nobis
1168 3763 1297 3832 ipsis
1323 3763 1633 3832 frequenter
1655 3762 1915 3826 dit-amns,

336 3852 455 3906 etsi
475 3854 716 3924 castigati
747 3854 1055 3915 evadamus,
1082 3854 1195 3908 ha-c
1222 3855 1356 3907 intra
1387 3869 1484 3908 nos
1512 3855 1791 3923 loquamur
1810 3852 1922 3905 sin-

336 3944 442 4013 guli
473 3961 487 3999 :
520 3943 653 3999 Ecce
668 3961 825 4000 sanus
847 3949 1012 4018 [actus
1041 3962 1126 4012 es;
1144 3947 1258 4014 jam
1298 3946 1401 3999 noli
1430 3961 1657 4014 peccare.
1691 3944 1842 4010 Quod
1873 3944 1916 3997 si

337 4033 393 4088 in
439 4034 626 4090 iisdem
675 4047 1115 4106 perseverantes,
1151 4052 1335 4105 panius
1380 4053 1484 4091 non
1528 4036 1752 4101 demus,
1792 4034 1917 4088 illttd

336 4123 691 4192 apostolicum
741 4126 1027 4181 recitemus
1073 4145 1086 4180 :
1133 4126 1426 4198 Benignitas
1454 4125 1550 4179 Dei
1576 4126 1644 4179 ad
1672 4126 1919 4195 paeniten-

336 4216 460 4268 tiam
479 4230 570 4268 nos
588 4214 795 4269 adducit
820 4230 840 4269 :
862 4218 1132 4270 secundum
1158 4220 1397 4270 duritiam
1420 4228 1587 4270 autent
1617 4229 1663 4270 et
1690 4218 1922 4285 impleui-

336 4315 445 4358 teus
469 4320 559 4359 eor
582 4315 812 4360 nostrum
832 4308 1228 4362 thesaurizanms
1248 4309 1389 4361 nobis
1414 4309 1540 4360 iram
1571 4307 1761 4380 (Rom.
1783 4309 1837 4360 2.
1864 4315 1918 4362 4.

337 4398 424 4468 5).
456 4396 644 4469 Neque
690 4397 954 4454 ﬁrmando
999 4416 1194 4470 corpus
1219 4401 1530 4465 dumtaxat,
1562 4400 1654 4455 sed
1707 4399 1921 4455 aliunde

339 4489 496 4542 etiam
549 4503 800 4559 magnum
843 4490 1133 4545 divinitatis
1159 4506 1269 4545 sua:
1299 4492 1506 4561 signum
1543 4491 1639 4560 ipsi
1675 4491 1919 4559 praebuit.

340 4564 469 4634 Cum
494 4580 637 4635 enim
663 4580 829 4647 dixit,
855 4580 977 4634 lam
1015 4582 1121 4636 noli
1151 4598 1356 4651 peccare
1375 4625 1389 4649 ,
1418 4582 1681 4652 signiﬁcat
1706 4596 1765 4636 se
1796 4597 1919 4650 pec-

339 4681 453 4725 cata
479 4672 774 4726 illa-omnia
805 4686 991 4737 nosse,
1021 4689 1139 4742 qua:
1171 4673 1257 4727 ille
1285 4684 1408 4728 ante
1442 4675 1670 4738 fecerat;
1702 4673 1842 4727 unde
1870 4673 1920 4727 in

342 4772 610 4831 posterum
633 4764 738 4818 ﬁde
754 4764 945 4833 dignus
966 4764 1149 4818 haberi
1171 4765 1418 4823 debebat.
1443 4766 1530 4820 15.
1552 4766 1681 4819 Abiit
1699 4782 1816 4836 ergo
1838 4765 1926 4820 ille

339 4857 509 4923 homo,
533 4866 580 4911 et
602 4857 850 4911 nuntiavit
868 4856 904 4910 Ι
908 4857 1088 4923 udwis,
1111 4859 1229 4927 quia
1250 4856 1398 4911 Iesus
1420 4869 1543 4913 esset
1564 4860 1646 4927 qui
1668 4860 1785 4928 fecit
1811 4876 1924 4912 eum

339 4964 538 5004 sanum.
570 4947 704 5004 Vide
726 4949 919 5004 iterum
948 4950 1120 5019 ipsum
1146 4960 1297 5018 grato
1329 4953 1506 5005 animo
1529 4966 1647 5006 esse
1675 4967 1924 5020 perseve-

340 5051 563 5099 rantem.
602 5040 719 5097 Non
741 5040 885 5097 enim
916 5042 1084 5097 dixit:
1109 5041 1201 5097 llle
1228 5043 1421 5112 estqui
1447 5043 1579 5097 dixit
1602 5043 1748 5106 mihi,
1784 5042 1927 5096 Tolle

338 5134 633 5203 grabbattnu
678 5144 840 5188 tuum.
885 5134 1017 5201 Quia
1064 5134 1203 5188 enim
1249 5135 1320 5186 illi
1352 5135 1400 5188 id
1427 5135 1563 5203 quod
1605 5134 1923 5202 eulpandmn

341 5227 622 5283 videbatur
676 5242 893 5298 semper
948 5227 1305 5296 objiciebant,
1353 5228 1463 5296 ipse
1524 5229 1923 5295 responsionem

338 5337 550 5390 semper
577 5321 767 5380 alfert,
799 5330 855 5374 ut
885 5321 1148 5374 tnedicmu
1190 5322 1459 5382 celebret,
1489 5329 1542 5373 et
1571 5320 1705 5372 alios
1732 5319 1927 5372 alliciat

338 5422 388 5466 et
419 5413 614 5467 trahat.
648 5411 763 5466 Non
794 5412 936 5466 enim
970 5421 1076 5466 tam
1105 5410 1348 5481 stupidus
1375 5420 1426 5463 et
1450 5410 1686 5478 ingratus
1708 5419 1843 5471 erat,
1870 5418 1928 5461 ut

342 5516 456 5573 post
473 5515 679 5560 tantum
701 5503 1015 5561 Lcnelicinm
1037 5520 1157 5559 cum
1180 5502 1540 5557 admonitione
1562 5501 1925 5570 conjunctmu,

343 5598 642 5654 beneﬁcum
696 5598 966 5667 proderet,
997 5607 1049 5652 et
1098 5596 1330 5664 maligno
1374 5595 1552 5649 animo
1576 5595 1652 5648 sic
1680 5594 1927 5664 loquere-

347 5700 447 5745 tur.
480 5690 617 5746 Narn
665 5690 764 5745 etsi
803 5688 913 5743 fera
935 5688 1055 5753 ,ctsi
1083 5687 1407 5742 inhumanus
1439 5695 1493 5741 et
1513 5685 1752 5754 lapideus
1796 5684 1929 5737 fuis-

343 5795 445 5854 set,
472 5795 528 5840 et
555 5782 876 5842 beneﬁcium
904 5792 963 5840 et
986 5791 1158 5839 metus
1185 5781 1356 5852 ipsum
1389 5788 1632 5852 poterant
1653 5778 1925 5834 cohibere.

1264 344 1327 399 IN
1365 343 1676 425 {OANNEM
1720 345 1954 402 llO‘tlll..
2000 347 2286 405 XXXVIII.
2329 354 2402 407 al.
2446 353 2704 411 XXXVII.

3530 364 3688 421 ξει-

2059 462 2134 516 ιιέχ
2171 465 2588 522 comminatione
2631 470 2827 541 quippe
2874 472 3091 527 timebat
3119 489 3184 529 ne
3208 473 3337 545 quid
3363 476 3463 532 sibi
3487 479 3637 536 dete-

2052 554 2166 609 rius
2182 557 2536 627 contingeret.
2560 574 2682 613 eum
2705 563 2932 615 maxima
2958 563 3177 621 haberet
3202 569 3483 637 potestatis
3509 573 3640 627 lauti

2051 646 2245 701 medici
2276 659 2609 717 argumenta.
2661 652 2910 723 Alioquin
2942 655 2986 709 si
3013 648 3327 713 calumniari
3358 661 3636 727 voluisse,

2049 753 2154 790 non
2183 752 2472 794 memOraIa
2503 742 2749 808 sanitate,
2800 750 3280 817 transgressionem
3320 761 3523 807 tauttun
3551 757 3639 808 iu-

2047 842 2310 886 cusasset.
2366 836 2432 886 At
2458 845 2643 888 eontra
2676 837 2763 889 ille
2791 854 2977 907 magna
3022 856 3143 892 cum
3202 841 3392 898 ﬁducia
3417 852 3473 899 ct
3498 847 3636 915 grati

2043 923 2206 976 animi
2238 924 2626 993 signiﬁcatione
2669 928 2985 981 beneﬁcium
3034 931 3291 995 celebrat,
3323 950 3428 988 non
3460 938 3637 991 minus

2042 1027 2200 1080 quant
2229 1029 2403 1066 ea-cus
2433 1016 2542 1080 ille,
2569 1018 2657 1086 qui
2683 1017 2914 1082 dicebat,
2946 1017 3132 1072 Lutum
3158 1021 3273 1089 [erit
3294 1022 3358 1076 de
3379 1035 3553 1094 sputo,
3584 1038 3633 1079 et

2043 1104 2187 1157 unxit
2209 1104 2381 1158 oculos
2405 1122 2540 1160 aneos
2564 1107 2733 1176 (Joau
2786 1108 2822 1164 9
2874 1110 2946 1178 6)
2975 1125 2990 1174 ;
3022 1112 3089 1164 ita
3119 1123 3173 1165 et
3201 1112 3287 1166 hic
3313 1132 3327 1167 :
3355 1113 3514 1170 Iesus
3550 1126 3634 1172 est

2038 1196 2127 1262 qui
2151 1195 2276 1248 fecit
2294 1212 2378 1249 uie
2403 1214 2611 1252 sanum.
2648 1200 2733 1254 16.
2772 1199 3048 1269 Propterea
3075 1207 3504 1276 persequebantur
3526 1208 3628 1262 Ju-

2037 1284 2136 1336 dtei
2156 1283 2337 1339 Iesum
2359 1296 2405 1340 et
2435 1289 2661 1341 colebant
2707 1291 2850 1343 illum
2893 1294 3174 1358 inter/icere
3196 1336 3212 1361 ,
3256 1297 3378 1365 quia
3407 1298 3517 1351 Ita'c
3539 1298 3628 1366 [a-

2035 1374 2192 1426 ciebat
2213 1377 2266 1428 iu
2284 1376 2509 1431 sabbato.
2541 1378 2676 1444 Quid
2706 1397 2833 1448 ergo
2862 1382 3152 1438 Christus?
3190 1386 3270 1439 l7.
3300 1385 3455 1441 Pater
3480 1406 3623 1444 meus

2036 1481 2192 1534 usque
2218 1468 2369 1520 modo
2392 1479 2650 1535 operatur.
2675 1481 2721 1524 et
2750 1488 2841 1541 ego
2861 1490 3058 1542 operor.
3092 1478 3312 1542 Quando
3334 1479 3627 1548 discipulos

2033 1555 2324 1611 defendere
2371 1560 2682 1627 oportebat,
2729 1562 2977 1617 Dat-idem
3034 1566 3242 1621 illorum
3296 1585 3619 1626 conservum

2033 1643 2084 1697 in
2112 1646 2345 1700 medimn
2372 1646 2628 1703 afferebat
2652 1668 2664 1703 :
2692 1650 2811 1704 Non
2838 1652 3049 1723 legistis,
3079 1656 3267 1723 inquit,
3298 1659 3422 1729 quid
3447 1664 3623 1731 fecerit

2031 1734 2219 1801 David,
2239 1740 2444 1806 quando
2462 1741 2705 1795 esuriebat
2723 1744 2742 1813 (
2759 1743 2944 1798 Matth.
2969 1745 3058 1800 12.
3077 1748 3112 1803 3
3125 1749 3176 1818 )?
3195 1749 3421 1817 Quando
3440 1763 3618 1807 autem

2030 1843 2128 1898 pro
2154 1831 2333 1901 seipse
2360 1834 2614 1905 loquitur.
2641 1838 2708 1891 ad
2740 1838 2952 1894 Patrem
2982 1841 3222 1913 etaufugit
3242 1885 3257 1907 ,
3282 1846 3530 1916 utrinque
3556 1862 3618 1902 se

2028 1918 2171 1974 Patri
2209 1923 2471 1991 aequalem
2501 1925 2807 1996 signiﬁcans
2829 1971 2847 1995 ,
2875 1938 2934 1983 et
2954 1946 3075 1985 cum
3108 1932 3355 2002 privatim
3405 1935 3616 1992 Patrem

2027 2013 2286 2077 nominat,
2310 2025 2364 2069 et
2386 2031 2506 2070 eum
2535 2032 2596 2072 se
2618 2019 2808 2073 eadem
2846 2037 2967 2090 quae
3010 2023 3168 2079 Pater
3195 2027 3404 2095 operari
3431 2038 3617 2083 osten-

2023 2102 2120 2157 dit.
2156 2104 2221 2159 Et
2246 2120 2345 2160 cur
2373 2121 2479 2161 non
2527 2122 2788 2164 metuorat
2830 2127 2894 2167 ea
2940 2129 3063 2184 qtae
3106 2115 3158 2169 in
3206 2114 3424 2172 Jericlto
3474 2116 3613 2173 facta

2024 2196 2186 2250 sunt?
2216 2198 2433 2254 Volebat
2460 2201 2580 2256 illos
2601 2218 2630 2257 a
2659 2214 2797 2259 terra
2839 2207 3125 2273 abducere,
3158 2219 3215 2263 ut
3243 2225 3348 2264 non
3376 2212 3611 2282 amplius

2023 2290 2089 2344 ad
2132 2292 2276 2346 illum
2321 2302 2589 2363 tamquam
2634 2298 2903 2353 hominem
2939 2300 3302 2368 respicerent,
3343 2303 3437 2357 sed
3477 2315 3612 2358 tam—

2021 2399 2179 2452 quam
2200 2384 2267 2438 ad
2292 2387 2454 2441 Deum
2474 2395 2527 2441 et
2545 2388 2920 2456 legislatorcm.
2942 2391 3049 2445 Nisi
3067 2404 3243 2445 autem
3263 2394 3352 2448 Dei
3381 2394 3541 2449 Filius
3559 2407 3615 2451 et

2022 2491 2085 2529 cx
2114 2477 2300 2531 eadem
2323 2479 2618 2533 substantia
2644 2492 2806 2546 esset,
2839 2482 3078 2537 defensio
3103 2486 3240 2537 foret
3267 2488 3610 2541 accusatione

2022 2566 2278 2622 deterior.
2327 2569 2380 2624 Si
2412 2572 2532 2639 quis
2557 2572 2699 2626 enim
2741 2572 3054 2642 praefectus,
3081 2576 3169 2645 qui
3201 2576 3397 2642 regiam
3441 2578 3608 2647 legem

2025 2660 2509 2730 trmisgrederetur,
2542 2674 2820 2720 accusatus
2848 2667 3196 2735 reSpouderct
3225 2668 3397 2736 ipsum
3431 2685 3608 2739 regem

2024 2750 2165 2804 illam
2196 2762 2587 2822 transgressum
2631 2769 2769 2821 esse,
2819 2771 2924 2810 non
2973 2758 3153 2827 utique
3201 2759 3607 2824 absolveretur;

2024 2841 2132 2896 imo
2163 2842 2350 2912 majori
2379 2855 2523 2900 esset
2551 2847 2759 2901 crimini
2791 2847 3076 2901 obnoxius.
3108 2848 3308 2903 Verum
3349 2849 3435 2904 hie
3472 2866 3609 2920 quu-

2024 2934 2165 2988 niam
2194 2950 2291 3005 par
2314 2944 2400 2991 est
2430 2936 2665 3007 dignitas
2689 2977 2705 3003 ,
2732 2937 2976 2993 defensio
3001 2939 3233 3009 legitima
3260 2940 3479 2994 omnino
3505 2951 3606 2995 est.

2023 3024 2225 3081 Eadem
2256 3029 2465 3084 ratione
2502 3044 2604 3099 qua
2648 3030 2813 3084 Deum
2857 3031 3081 3086 crimine
3128 3031 3384 3097 liberatis,
3424 3042 3481 3088 et
3524 3050 3610 3089 me

2024 3117 2264 3173 liberate.
2301 3118 2424 3174 Ideo
2451 3121 2679 3191 primum
2703 3121 2852 3189 dicit,
2881 3121 3032 3176 Pater
3053 3137 3227 3187 meus;
3249 3135 3304 3178 ut
3328 3125 3409 3180 vel
3432 3126 3611 3181 invitis

2023 3211 2242 3265 Suadeat
2266 3212 2454 3266 eadem
2476 3213 2575 3267 sibi
2600 3213 2940 3268 concedenda
2967 3230 3107 3280 esse,
3137 3216 3180 3270 si
3210 3230 3394 3271 verum
3419 3217 3607 3272 Filium

2025 3310 2393 3356 revereantur.
2440 3303 2591 3371 Quod
2624 3306 2666 3356 si
2699 3304 2817 3373 quis
2842 3305 3030 3358 dixerit
3057 3345 3075 3372 ,
3105 3316 3157 3358 et
3189 3306 3403 3360 ubinam
3454 3307 3612 3362 Pater

2022 3400 2295 3459 operatur,
2326 3391 2415 3462 qui
2444 3393 2673 3462 septimo
2703 3394 2790 3447 die
2822 3396 3082 3462 requievit
3109 3396 3175 3449 ab
3205 3397 3453 3453 omnibus
3479 3414 3612 3469 ope-

2024 3484 2171 3538 ribus
2200 3486 2355 3538 snis?
2386 3486 2431 3538 is
2458 3485 2674 3539 modum
2705 3500 2812 3554 quo
2838 3495 3091 3554 operatur
3132 3488 3325 3546 discat.
3368 3488 3500 3554 Quis
3523 3491 3613 3545 ille

2024 3575 2213 3629 modus
2239 3575 2354 3630 est?
2373 3575 2609 3643 Opiﬁciis
2634 3577 2745 3629 suis
2768 3577 3029 3644 providet,
3060 3578 3255 3647 illaque
3276 3579 3439 3635 fovet.
3466 3581 3597 3635 Cum

2024 3666 2171 3719 vides
2197 3681 2325 3734 ergo
2351 3666 2518 3720 solem
2563 3668 2822 3719 orientem
2846 3706 2860 3730 ,
2906 3668 3043 3721 luna:
3086 3683 3302 3723 cursum
3326 3711 3342 3735 ,
3388 3679 3572 3742 stagna
3593 3714 3609 3735 ,

2026 3756 2222 3820 fontes,
2246 3754 2436 3809 ﬂuvios
2454 3796 2468 3817 ,
2495 3756 2698 3825 pluvias
2719 3765 2773 3811 et
2805 3766 3004 3812 natura-
3033 3774 3271 3823 cursum,
3299 3764 3414 3815 sive
3440 3761 3490 3815 iu
3520 3778 3610 3817 se-

2026 3834 2278 3909 minibus,
2300 3848 2413 3902 sive
2436 3849 2487 3902 in
2512 3851 2709 3903 lltlrll‘l“
2734 3860 2784 3903 et
2813 3850 3090 3905 hrutorum
3115 3852 3450 3920 corporibus,
3479 3853 3612 3906 alia-

2024 3954 2128 4008 que
2167 3939 2343 3992 omnia
2388 3954 2484 4009 per
2512 3955 2631 4009 qua:
2662 3941 2762 3993 hoc
2804 3941 3113 3995 universum
3149 3943 3423 4009 consistit,
3464 3943 3611 3999 disce

2027 4045 2318 4098 perennem
2367 4030 2538 4083 Patris
2585 4031 2977 4098 operationem,
3011 4031 3111 4097 Qui
3136 4032 3292 4086 solem
3326 4049 3494 4096 suum,
3524 4034 3610 4086 in-

2024 4121 2158 4189 quit,
2191 4122 2315 4174 oriri
2338 4121 2460 4188 facit
2486 4136 2637 4189 super
2681 4120 2839 4173 malos
2888 4131 2936 4173 ct
2975 4124 3149 4185 bonos,
3197 4133 3243 4176 et
3284 4122 3413 4192 pluit
3460 4140 3613 4191 super

2016 4214 2182 4283 justo;
2206 4223 2251 4265 et
2277 4213 2491 4281 injustas
2519 4211 2536 4280 (
2560 4210 2744 4264 Matth.
2799 4213 2852 4265 5.
2899 4210 3029 4280 45).
3064 4212 3129 4266 Ει
3163 4229 3392 4277 rursum,
3424 4214 3485 4269 Si
3518 4232 3613 4268 au-

2027 4316 2124 4358 tent
2147 4310 2335 4375 [tenuat
2356 4305 2466 4374 agri
2487 4305 2621 4372 quod
2639 4304 2789 4357 hodie
2810 4314 2900 4369 est,
2925 4317 2970 4358 et
2989 4322 3104 4359 cras
3124 4307 3174 4361 in
3195 4309 3358 4377 ignem
3376 4310 3608 4372 mittitur,

2031 4396 2167 4450 Deus
2193 4398 2266 4450 sic
2293 4398 2440 4451 vestit
2465 4401 2482 4465 (
2506 4395 2693 4450 Matth.
2727 4396 2780 4450 6.
2810 4397 2950 4468 50);
2984 4407 3036 4453 et
3063 4398 3131 4453 de
3156 4400 3457 4455 volatilibus
3481 4418 3614 4472 quo-

2027 4504 2130 4557 que
2147 4529 2161 4549 ,
2194 4486 2350 4541 Pater
2376 4497 2533 4541 vester
2552 4487 2762 4542 caelestis
2787 4489 2947 4559 pascit
2974 4489 3067 4542 illa
3089 4489 3262 4560 (Ibid.
3292 4507 3337 4544 υ.
3369 4490 3440 4546 26
3459 4491 3504 4564 ).

2100 4579 2152 4632 5.
2181 4578 2276 4633 llic
2304 4594 2431 4647 ergo
2458 4577 2633 4633 verbis
2660 4587 2826 4632 totum
2858 4579 3075 4648 perfecit
3106 4579 3158 4634 in
3183 4580 3425 4648 sabbato,
3454 4581 3613 4636 nihil-

2028 4686 2132 4739 que
2153 4671 2378 4737 amplius
2404 4669 2628 4735 addidit,
2650 4669 2744 4724 sed
2770 4685 2838 4724 ex
2862 4672 2927 4726 iis
2954 4686 3073 4741 qua:
3093 4669 3145 4724 in
3171 4672 3368 4741 templo
3390 4672 3609 4740 ﬁebant,

2028 4771 2186 4829 atque
2213 4776 2275 4815 ex
2306 4761 2539 4829 ipsorum
2583 4762 2834 4829 operibus
2855 4803 2869 4824 ,
2897 4761 3104 4831 objecut
3155 4764 3377 4817 crimina
3432 4765 3610 4818 solvit.

2031 4852 2183 4924 ‘LUbi
2206 4867 2330 4906 vero
2346 4852 2553 4919 operari
2576 4850 2832 4921 praecipit,
2848 4852 3268 4920 exctuplicausa,
3293 4854 3485 4908 lectum
3510 4856 3612 4908 tol-

2029 4943 2160 5008 lere,
2178 4958 2286 4995 rem
2306 4957 2434 4995 sane
2453 4958 2556 4994 non
2576 4942 2748 5010 magni
2769 4945 3042 5007 momenti,
3059 4943 3153 4998 sed
3172 4962 3287 5011 qua:
3307 4955 3480 4996 tamen
3498 4943 3611 4996 sab-

2030 5035 2136 5089 bati
2158 5036 2475 5089 Solutionem
2498 5035 2640 5087 clare
2656 5034 2934 5103 signiticet,
2956 5044 3081 5088 tunc
3096 5035 3284 5087 altiora
3309 5033 3540 5101 loquitur
3557 5044 3613 5089 ut

2032 5127 2152 5181 illos
2175 5143 2239 5180 ex
2265 5125 2436 5180 Patris
2458 5125 2713 5194 dignitate
2736 5128 3004 5195 percellat,
3026 5134 3079 5177 et
3101 5123 3165 5176 ad
3189 5122 3494 5176 sublimiora
3516 5122 3613 5176 du-

2030 5232 2134 5276 cat.
2150 5218 2502 5292 Quapropter]
2522 5237 2640 5275 eutn
2660 5222 2725 5276 de
2740 5221 2961 5275 sabbato
2979 5219 3171 5288 agitur,
3192 5232 3365 5285 neque
3382 5227 3439 5269 ut
3453 5215 3614 5272 homo

2104 5366 2116 5388 ι
2152 5362 2299 5403 Totus
2322 5354 2455 5402 locus
2477 5354 2670 5403 tmeiuis
2690 5353 2882 5402 clausus
2902 5352 2972 5400 sic
2997 5352 3040 5398 in
3067 5350 3474 5411 interpretatione
3500 5361 3613 5400 Ανρφ

2033 5416 2120 5464 tini
2148 5416 2350 5465 etl‘ertur
2374 5429 2389 5464 :
2418 5415 2487 5464 tbi
2509 5428 2619 5465 vero
2639 5414 2832 5476 Operm-2'
2854 5411 3093 5475 pra’a‘pit,
3119 5425 3227 5476 cum
3244 5411 3414 5476 ,rerbi
3430 5412 3612 5476 gratia,

2033 5476 2150 5526 dicit
2174 5478 2264 5537 (sic
2283 5478 2438 5539 quoad
2460 5473 2676 5539 sensum,
2702 5489 2811 5535 quze
2833 5473 3103 5534 sequuntur
3129 5473 3229 5533 ipsa
3254 5474 3442 5539 Aretini
3467 5476 3614 5527 verba

2032 5534 2190 5598 sunt),
2209 5534 2340 5600 ΔΤοιῐε
2362 5537 2614 5600 grabatum
2648 5534 2819 5584 tuum:
2850 5542 2897 5600 ιιι
2929 5547 3021 5600 non
3059 5547 3208 5600 genre
3239 5534 3475 5600 quiddam
3511 5547 3613 5591 esse

2033 5595 2218 5649 sabbati
2240 5595 2678 5660 prtceai-icationem
2719 5597 2950 5654 osa-uitat,
2974 5595 3150 5660 ttlltttt'tt
3193 5595 3418 5660 loquitur,
3445 5604 3495 5645 ut
3528 5609 3614 5656 pa.

2034 5669 2166 5709 terna
2190 5657 2467 5708 auctaritate
2505 5658 2611 5720 illos
2634 5664 2830 5707 terreat.
2867 5664 2911 5706 et
2934 5658 3000 5705 ml
3026 5669 3281 5720 snpgrnaut
3305 5657 3463 5720 trahat
3503 5668 3614 5720 ευιιτ

2036 5720 2399 5781 tmnplationcm.
2448 5728 2547 5778 Qua
2571 5719 2631 5781 de
2655 5733 2797 5767 causa
2826 5754 2838 5777 ,
2877 5727 2971 5767 etc.
2998 5719 3231 5767 Aretiuus
3255 5718 3402 5780 longe
3426 5718 3612 5771 brevior

2036 5780 2161 5843 rem,
2185 5790 2238 5830 ut
2263 5781 2433 5829 videre
2457 5788 2563 5838 est,
2591 5780 2846 5830 lectionem
2871 5790 3069 5831 secutus
3093 5788 3184 5835 est.
