4104 6156
481 349 588 405 εις

481 470 710 524 tantum,
733 471 904 526 neque
925 463 980 509 ιιι
1003 453 1140 508 Deus
1168 460 1372 506 tantum
1403 466 1522 506 sese
1549 458 1766 521 purgat:
1790 449 1882 502 sed
1906 448 2065 502 modo

482 554 602 617 hac,
626 549 785 605 modo
805 549 891 604 illa
915 547 1143 602 ratione.
1175 544 1405 600 Volebat
1424 544 1566 599 enim
1589 553 1873 610 utrumque
1896 542 2063 606 credi,

477 654 533 700 et
562 641 942 698 incarnationis
970 639 1320 694 humilitatem
1341 677 1358 702 ,
1392 647 1446 691 et
1484 635 1704 690 Deitatis
1731 633 2062 704 dignitatem.

480 737 604 790 Ideo
631 750 772 790 nunc
795 742 854 788 ut
881 734 1022 788 Deus
1051 746 1172 786 sese
1199 738 1402 799 purgat.
1427 728 1556 782 Nam
1584 729 1628 782 si
1659 727 1894 781 humano
1922 741 2055 780 sem-

480 841 576 895 per
597 842 746 880 more
777 826 921 894 ipsos
947 823 1251 891 alloquutus
1280 821 1483 880 fuisset.
1515 819 1566 872 in
1594 818 1776 872 eadem
1803 817 2064 886 perstitis-

478 928 600 971 sent
621 915 938 970 humilitate.
969 912 1326 979 Quamobrem
1355 926 1422 966 ne
1463 910 1514 964 id
1556 910 1726 974 fieret,
1765 908 1974 963 Patrem
2013 907 2064 960 in

481 1007 714 1062 medimn
737 1005 974 1060 adducit.
998 1004 1157 1073 Atqui
1185 1003 1312 1070 ipsa:
1332 1011 1591 1055 creatura:
1615 1000 1667 1052 in
1695 998 1918 1052 sabbato
1937 1012 2065 1065 ope-

482 1107 688 1153 rantur.
731 1096 824 1152 Sol
849 1110 1064 1150 cursmn
1094 1092 1298 1162 perficit
1321 1133 1334 1156 ,
1363 1091 1578 1145 ﬂumina
1606 1095 1862 1153 manant,
1893 1087 2067 1141 fontes

481 1189 772 1242 scaturiunt
793 1227 809 1253 ,
835 1186 1083 1240 mulieres
1109 1183 1340 1254 pariunt.
1379 1181 1570 1236 Verum
1597 1189 1652 1232 ut
1677 1179 1855 1232 discas
1894 1177 2065 1244 ipsum

483 1296 590 1334 non
618 1296 680 1334 es
709 1292 932 1333 numero
960 1287 1324 1330 creaturarum
1351 1289 1470 1328 esse
1489 1314 1504 1338 ,
1529 1287 1634 1326 non
1659 1270 1827 1334 dixit,
1854 1269 2026 1323 Etiam
2047 1310 2064 1335 ,

481 1386 677 1438 operor
704 1387 718 1423 :
748 1385 868 1423 nam
909 1377 1166 1422 creatura:
1192 1380 1405 1435 quoque
1433 1373 1749 1432 operantur;
1780 1361 1872 1416 sed
1901 1360 2067 1431 quid?

485 1460 655 1513 Etiam
682 1500 698 1523 ,
729 1472 926 1527 operor
953 1474 966 1510 :
1002 1471 1120 1509 nam
1155 1455 1311 1508 Pater
1338 1467 1489 1507 luetis
1516 1461 1784 1521 operatur.
1815 1451 1902 1504 18.
1937 1449 2069 1502 Pro-

484 1561 654 1618 pterea
680 1563 798 1618 ergo
819 1547 979 1618 magis
1007 1545 1294 1614 quturebant
1322 1559 1437 1597 eum
1457 1542 1630 1596 Judwi
1656 1542 1956 1610 inter/icere.
1983 1541 2062 1594 in-

483 1641 630 1707 quit,
655 1639 775 1709 quia
823 1654 924 1691 non
961 1636 1126 1690 solum
1172 1633 1394 1688 solvebat
1440 1633 1724 1696 sabbatum,
1752 1631 1839 1684 sed
1876 1630 1995 1700 quia
2021 1639 2071 1683 et

489 1735 694 1790 Patrem
735 1749 881 1787 suum
923 1731 1117 1784 dicebat
1164 1727 1356 1792 Deum,
1385 1727 1626 1797 tequalem
1645 1743 1698 1779 se
1717 1726 1907 1797 faciens
1942 1723 2064 1776 Deo.

486 1825 666 1893 Neque
685 1824 862 1878 verbis
879 1831 1082 1876 tantum
1101 1819 1152 1874 id
1169 1818 1573 1882 demonstravit,
1595 1816 1690 1872 sed
1719 1817 1873 1885 longe
1903 1814 2070 1884 magis

485 1917 756 1986 operibus.
784 1915 892 1970 Cur
920 1916 986 1968 ita
1010 1914 1033 1967 ?
1057 1912 1189 1980 Quia
1219 1913 1272 1965 in
1299 1911 1476 1965 verbis
1503 1909 1738 1964 cavillari
1786 1916 2028 1978 poterant
2051 1948 2068 1974 ,

487 2025 548 2064 ac
576 2010 642 2062 de
667 2008 806 2062 fastu
833 2021 1115 2070 accusare;
1157 2020 1277 2059 cum
1321 2013 1497 2057 autem
1541 2017 1720 2056 rerum
1761 2010 1814 2055 et
1849 2015 2069 2070 opermn

487 2100 786 2162 veritatem,
806 2113 925 2166 quae
947 2095 1236 2165 potentiam
1261 2093 1595 2163 praedicaret,
1613 2092 1922 2157 cernebant,
1947 2099 2072 2145 tunc

487 2207 555 2245 ne
586 2191 791 2244 hiscere
818 2189 1030 2260 quidem
1077 2195 1262 2242 contra
1321 2185 1607 2241 audebant.

559 2281 811 2334 Christum
843 2281 1085 2349 a'qualem
1129 2293 1235 2332 esse
1282 2276 1430 2331 Patri
1485 2276 1766 2346 probatur;
1805 2276 2073 2345 objectioni

489 2371 837 2442 respondetur.
863 2399 928 2409 —-
961 2369 1158 2423 Verum
1189 2369 1337 2422 ainut
1359 2369 1468 2432 illi,
1511 2370 1602 2437 qui
1633 2368 1818 2422 nolunt
1851 2368 1964 2420 hate
1989 2367 2070 2433 pia

490 2474 668 2517 Illeltle
695 2463 958 2528 accipere,
988 2460 1102 2514 Non
1133 2459 1378 2514 Christus
1406 2473 1465 2514 se
1488 2459 1746 2528 :equalem
1777 2458 1886 2512 Deo
1914 2457 2068 2522 fecit;

489 2558 581 2611 sed
607 2557 706 2611 hoc
725 2555 891 2610 Judzei
922 2554 1348 2622 suspicabantur.
1391 2551 1747 2620 Quamobrem
1781 2549 1894 2604 [nec
1924 2549 2066 2603 dicta

490 2649 649 2703 altius
692 2662 1045 2702 resumamus.
1087 2645 1179 2700 Dic
1229 2644 1358 2698 mihi
1385 2686 1400 2710 ,
1431 2643 1698 2698 Christum
1749 2641 1917 2697 Judmi
1950 2657 2072 2710 per-

491 2739 869 2808 sequebantur,
893 2736 1107 2790 necne?
1136 2734 1601 2804 Persequebantnr
1632 2733 1814 2802 utique
1840 2748 1854 2797 ;
1895 2731 1945 2785 id
1978 2746 2072 2785 ue-

497 2830 623 2882 tuini
673 2844 778 2881 non
809 2837 1011 2880 notum.
1045 2827 1206 2880 lllane
1233 2841 1298 2878 an
1330 2825 1430 2878 alia
1475 2824 1542 2879 de
1567 2839 1722 2878 causa
1757 2823 1926 2891 ipsmn
1957 2837 2073 2890 per-

495 2919 895 2991 sequebantur?
927 2920 1013 2974 Illa
1047 2929 1193 2974 certe
1219 2917 1287 2973 de
1312 2932 1493 2983 causa,
1521 2925 1577 2970 ut
1605 2916 1838 2969 fatentur
1865 2929 2070 2968 omnes.

493 3011 780 3064 Sabbutum
806 3010 1038 3064 solvebat
1064 3052 1078 3075 ,
1115 3009 1322 3064 necne?
1347 3007 1616 3072 Solvcbat,
1653 3006 1700 3059 id
1728 3021 1886 3059 nemo
1917 3019 2074 3074 nega-

499 3104 654 3156 verit.
709 3103 870 3156 Deum
918 3101 1126 3155 Patrem
1173 3114 1324 3155 stium
1373 3097 1614 3162 diccbat,
1672 3097 1880 3150 necne?
1914 3095 2066 3150 Dice-

495 3195 585 3247 bat
617 3194 816 3262 utique.
851 3193 988 3259 Ergo
1013 3190 1198 3244 eadem
1243 3189 1384 3244 serie
1429 3197 1622 3242 caetera
1657 3187 2072 3255 subsequuntur.

495 3285 645 3337 Sicut
672 3283 814 3337 cnim
867 3282 1075 3336 Patrem
1117 3281 1295 3334 dicere
1321 3280 1508 3343 Deum,
1541 3278 1746 3331 solvere
1775 3276 2074 3342 sabbatum,

497 3392 560 3429 ae
619 3384 834 3444 propter
891 3375 989 3428 hoc
1036 3374 1306 3443 magiSque
1361 3380 1575 3440 propter
1621 3370 1750 3424 illud
1795 3384 1827 3424 a
1879 3368 2078 3423 Juda-is

499 3467 966 3536 perscquutionem
1007 3466 1139 3534 pati,
1173 3480 1278 3516 non
1311 3462 1438 3516 falsa
1467 3462 1671 3531 opinio,
1695 3460 1787 3514 sed
1835 3460 2030 3513 veritas
2062 3480 2074 3514 :

502 3562 572 3616 ita
600 3563 835 3630 seipsum
882 3558 1142 3626 arqualcm
1173 3555 1281 3610 Deo
1307 3555 1504 3614 facere,
1553 3553 1739 3607 eadem
1782 3560 1959 3606 mente
1986 3551 2079 3604 de-

495 3652 796 3704 elarabatur
819 3667 830 3701 :
855 3647 997 3716 quod
1021 3663 1086 3700 ex
1118 3643 1440 3715 supradictis
1466 3641 1800 3696 manifestius
1824 3650 1925 3696 est.
1948 3639 2078 3693 Illud

495 3741 637 3794 enim
674 3739 826 3791 Pater
855 3755 992 3791 meus
1019 3746 1280 3805 operatur,
1309 3744 1354 3788 et
1375 3750 1468 3804 ego
1503 3749 1706 3802 operor,
1732 3732 1960 3801 idipsum
1993 3739 2075 3784 est

498 3848 563 3886 ac
587 3832 630 3884 si
660 3847 720 3884 se
745 3831 856 3883 Deo
885 3829 1140 3894 :equalcm
1169 3826 1383 3881 faceret.
1410 3825 1618 3878 Nullam
1668 3826 1810 3878 enim
1840 3823 2082 3893 perhibet

501 3923 554 3976 lu
586 3921 669 3975 bis
717 3919 893 3974 verbis
929 3917 1304 3972 differentiam.
1336 3915 1519 3985 Neque
1565 3915 1706 3968 enim
1748 3913 1926 3967 dixit:
1983 3913 2076 3966 llle

499 4021 773 4082 operatur,
802 4020 857 4065 et
883 4024 983 4080 ego
1027 4008 1413 4072 snbmiuistro;
1445 4007 1560 4073 sed,
1589 4006 1737 4062 Sicut
1774 4005 1865 4060 ille
1891 4019 2084 4074 opera-

499 4116 621 4166 tur,
655 4103 725 4157 ita
757 4111 812 4156 ct
841 4117 974 4170 ego;
1013 4113 1366 4169 magnamque
1421 4097 1655 4153 ostendit
1702 4095 2080 4166 :cqualitatetn.

504 4193 657 4264 Quod
686 4194 728 4247 si
757 4191 806 4248 id
830 4207 934 4246 non
961 4191 1051 4246 ille
1078 4189 1448 4245 demonstrare
1471 4188 1760 4254 voluisset,
1790 4187 1884 4242 sed
1913 4186 1964 4240 id
1992 4185 2085 4241 Ju-

499 4285 604 4340 dzci
635 4284 828 4339 frustra
870 4281 1123 4353 suSpicati
1153 4290 1335 4336 essent
1367 4298 1382 4336 :
1427 4296 1534 4334 non
1564 4280 1777 4334 sivisset
1819 4278 1942 4333 illos
1970 4277 2084 4332 hec

501 4377 638 4432 falso
663 4375 989 4440 existimare,
1035 4372 1128 4428 sed
1164 4372 1576 4428 emendavisset.
1596 4372 1777 4441 Neque
1796 4371 1898 4426 hoc
1917 4387 2084 4425 evan-

505 4467 694 4536 gelista
746 4464 979 4518 siluisset
1005 4504 1020 4530 ,
1045 4478 1230 4516 verum
1259 4463 1437 4532 palam
1469 4462 1726 4527 dixisset,
1759 4462 1836 4516 sic
1865 4461 2084 4516 Judams

502 4556 802 4625 auspicatos
846 4552 1048 4616 fuisse,
1093 4551 1187 4606 sed
1220 4553 1392 4620 ipsum
1434 4566 1540 4605 non
1584 4566 1644 4605 se
1691 4553 1798 4606 Deo
1826 4553 2082 4620 :equalem

505 4647 698 4700 fecisse
731 4663 744 4696 :
778 4654 836 4698 ut
867 4643 993 4697 alibi
1020 4642 1181 4708 facit,
1209 4657 1329 4696 cum
1360 4641 1505 4696 videt
1530 4658 1642 4696 rem
1665 4643 1764 4694 alia
1797 4652 1975 4697 mente
2003 4645 2086 4696 di-

505 4745 671 4793 ctam,
702 4732 808 4786 alio
845 4747 1009 4786 sensu
1034 4732 1200 4801 accipi
1226 4749 1241 4795 ;
1275 4740 1334 4786 ut
1357 4745 1478 4784 cum
1515 4730 1762 4785 Christus
1785 4731 1933 4797 dicit,
1962 4733 2086 4786 Sot-

506 4824 607 4878 s'ite
633 4822 874 4890 templum
895 4826 1010 4887 hoc,
1041 4830 1087 4876 et
1117 4823 1171 4876 in
1193 4823 1350 4878 tribus
1379 4822 1554 4877 diebus
1583 4823 1808 4876 excitabo
1836 4824 1985 4888 illud,
2019 4824 2087 4878 de

507 4931 671 4971 carne
686 4931 782 4970 sua
810 4914 1052 4984 loquens.
1079 4914 1275 4970 Verum
1303 4915 1472 4970 Judaei
1494 4915 1545 4970 id
1567 4931 1672 4970 non
1703 4916 2078 4985 intelligentes,

508 5009 600 5064 sed
626 5007 1031 5079 putantesillmn
1053 5007 1122 5062 de
1141 5007 1360 5063 Judaico
1381 5009 1581 5079 templo
1609 5008 1774 5080 loqui,
1799 5009 2044 5063 dicebant
2071 5030 2083 5063 :

509 5098 863 5170 Quadraginta
881 5112 970 5150 sea:
997 5098 1145 5152 annis
1171 5097 1477 5165 wdiﬁcatum
1502 5107 1574 5152 est
1619 5099 1860 5169 templum
1884 5099 1977 5152 hoc
2002 5142 2014 5159 .
2045 5109 2090 5153 et

509 5201 564 5242 tu
580 5192 630 5243 in
649 5191 810 5244 tribus
825 5189 1000 5242 diebus
1024 5189 1265 5242 exeitabis
1286 5189 1455 5242 illud?
1479 5189 1610 5256 Quia
1639 5190 1798 5260 igitur
1821 5191 1959 5244 aliud
1979 5197 2090 5260 ipse

513 5282 740 5343 dixerat,
772 5279 916 5334 aliud
937 5280 1010 5334 illi
1032 5279 1285 5350 suspicati
1318 5277 1560 5346 fuerant,
1592 5280 1786 5349 illeque
1826 5280 1893 5335 de
1918 5296 2081 5336 carne

513 5385 630 5432 sua,
685 5369 738 5423 hi
789 5371 858 5425 de
902 5372 1100 5441 templo
1149 5386 1248 5427 suo
1301 5370 1699 5440 intelligebant;
1757 5371 1806 5426 id
1853 5371 2094 5426 indicans

514 5464 864 5532 evangelista,
895 5467 1004 5521 imo
1031 5467 1240 5521 illorunt
1273 5466 1548 5537 corrigens
1592 5466 1936 5535 opinionem,
1969 5468 2093 5520 sub-

518 5554 692 5622 junin
721 5571 735 5606 :
756 5553 854 5609 life
869 5569 1034 5611 autent
1054 5559 1246 5613 dicebat
1267 5557 1332 5613 de
1347 5559 1532 5628 templo
1548 5558 1772 5626 corporis
1798 5558 1894 5610 sui.
1916 5557 2095 5624 Itaque

518 5645 561 5697 si
593 5643 693 5698 hoc
740 5644 859 5700 locat
903 5644 1146 5703 Christus
1189 5666 1294 5704 non
1324 5669 1382 5706 se
1404 5650 1662 5721 :equalem
1698 5650 1836 5704 Patri
1861 5649 2090 5714 fecisset,

518 5735 827 5791 Iuda-orum
865 5748 1008 5793 certe
1038 5739 1086 5794 id
1119 5741 1446 5809 Opinantimn
1490 5742 1810 5798 sententiam
1842 5739 2096 5796 emcnda-

1261 339 1318 395 S.
1356 336 1633 392 Jl).\NNlS
1669 333 2135 390 CHRYSOSTOMI
2176 335 2494 391 ARCHIEP.
2534 334 3062 392 CONSTANTINOP.

3646 340 3754 398 2l6

2175 449 2344 503 vissct
2367 490 2382 515 ,
2415 448 2742 520 dixissetque
2774 467 2787 504 :
2829 450 2994 505 Judtei
3045 449 3300 520 putabant
3329 452 3500 522 ipsum
3532 468 3591 509 se
3645 457 3756 510 Deo

2171 541 2430 611 teqnalem
2475 541 2682 606 facere,
2725 541 2837 612 ipse
2880 557 3007 597 vero
3056 559 3160 597 non
3205 541 3274 597 de
3314 545 3618 612 :eqnalitate
3665 548 3754 600 illa

2173 631 2510 700 loquebatur.
2543 632 2724 702 Neque
2753 633 2894 687 enim
2926 633 3203 688 hic-solum
3228 636 3555 704 evangelista
3580 638 3629 691 id
3654 638 3757 692 hoc

2171 724 2292 778 loco
2321 724 2480 787 facit,
2523 726 2616 779 sed
2671 727 2831 780 etiam
2881 727 3018 780 alios
3058 728 3382 796 evangelista
3423 729 3566 783 alibi.
3621 729 3755 784 Cmu

2169 817 2310 871 enim
2345 817 2687 884 pra-copisset
2719 817 2994 886 discipulis
3017 818 3173 873 .lesus
3199 836 3212 871 :
3239 819 3420 873 Cavete
3446 837 3479 873 a
3511 825 3758 891 fermento

2177 905 2554 961 Pharisworum
2604 917 2651 962 et
2681 908 3082 964 Sadducwornm
3132 907 3364 981 (Matth.
3398 911 3489 966 16.
3521 913 3597 982 6)
3632 931 3646 966 :
3682 915 3754 967 illi

2169 1013 2298 1053 vero
2326 999 2644 1064 cogitarent,
2675 999 3047 1070 dicerentque,
3081 1001 3252 1056 Panes
3279 1019 3383 1056 non
3405 1005 3754 1072 accepimus;

2170 1105 2289 1145 cum
2317 1092 2462 1146 aliud
2491 1093 2577 1148 ille
2620 1093 2845 1160 diceret,
2873 1094 3191 1149 fermentum
3217 1095 3518 1151 doctrinam
3565 1099 3753 1168 appel-

2171 1183 2309 1248 laus,
2341 1183 2482 1237 aliud
2534 1184 2610 1238 illi
2642 1185 3036 1254 intelligerent,
3064 1185 3130 1239 de
3168 1186 3389 1254 panibus
3413 1187 3614 1241 dictum
3659 1205 3759 1258 pu-

2174 1283 2367 1339 tantes,
2411 1274 2540 1328 illud
2565 1276 2808 1345 corrigit,
2843 1291 2946 1329 non
2971 1276 3081 1346 jam
3131 1278 3482 1346 evangelista,
3516 1280 3610 1332 sed
3641 1283 3756 1346 ipse

2171 1364 2414 1420 Christus
2433 1365 2510 1420 sic
2541 1366 2764 1435 loquens
2790 1385 2802 1418 :
2831 1367 3098 1434 Quomodo
3122 1384 3222 1420 non
3251 1368 3336 1420 intr
3354 1368 3528 1437 lligitis
3555 1386 3627 1420 me
3655 1386 3754 1423 non

2170 1457 2359 1512 dixisse
2386 1457 2520 1512 vobis
2548 1475 2579 1510 a
2607 1458 2819 1526 panibus
2847 1475 3022 1512 cavere
3051 1457 3211 1527 (Ibid.
3245 1474 3293 1511 υ.
3321 1460 3339 1513 l
3356 1461 3377 1513 ί
3403 1460 3419 1527 )
3444 1462 3466 1512 ?
3496 1461 3590 1515 llic
3624 1477 3754 1514 vero

2172 1546 2302 1600 nihil
2323 1548 2518 1602 simile.
2553 1549 2708 1617 Atqui
2736 1549 2876 1602 dicet
2905 1549 3115 1619 aliquis,
3152 1549 3252 1602 hoc.
3283 1549 3454 1618 ipsum
3484 1551 3552 1605 de
3577 1553 3754 1606 medio

2178 1635 2319 1689 tollit
2355 1636 2604 1691 Christus
2631 1639 2755 1691 dum
2782 1637 2928 1691 addit
2954 1657 2967 1691 :
3002 1637 3122 1692 Non
3161 1649 3316 1708 potest
3345 1641 3514 1695 Filius
3537 1659 3569 1695 a
3593 1644 3760 1711 seipse

2171 1725 2445 1797 quidquam
2490 1731 2672 1797 facere.
2730 1728 2842 1781 lmo
2868 1739 3054 1783 contra
3081 1771 3095 1794 ,
3129 1731 3198 1783 mi
3229 1731 3420 1794 hunc:
3459 1748 3564 1785 non
3612 1735 3754 1787 enim

2175 1817 2712 1886 tollitmqualitatcm,
2750 1821 2843 1875 sed
2890 1821 3058 1873 firmat
3107 1837 3224 1875 eam
3283 1822 3408 1876 dmn
3443 1823 3557 1877 ha'c
3603 1825 3754 1882 dicit.

2174 1907 2371 1962 Verum
2399 1911 2684 1979 diligenter
2727 1913 3028 1967 attendite:
3082 1929 3254 1981 neque
3283 1915 3424 1967 enim
3467 1915 3532 1967 de
3559 1915 3660 1969 levi
3697 1934 3756 1970 re

2173 2001 2398 2070 quarstio
2414 2010 2515 2055 est.
2540 2001 2668 2055 Nam
2689 2003 2840 2062 illud.
2864 2004 2906 2056 Α
2933 2005 3219 2074 semetipso,
3244 2020 3386 2073 sa‘pe
3406 2005 3454 2058 in
3480 2005 3754 2074 Scriptura

2174 2092 2434 2160 habetur,
2465 2103 2519 2148 et
2549 2094 2618 2148 de
2646 2094 2861 2149 Christo
2894 2105 2948 2148 et
2977 2095 3047 2149 de
3075 2095 3274 2164 Spiritu
3323 2104 3513 2150 saneto
3553 2096 3754 2150 dictum

2173 2194 2290 2251 est;
2319 2187 2506 2255 visque
2531 2187 2780 2241 dictionis
2801 2197 2884 2240 est
2904 2187 3213 2250 ediscenda,
3239 2203 3307 2240 ne
3338 2187 3388 2240 in
3411 2189 3758 2257 gravissimos

2175 2293 2390 2333 errores
2436 2278 2748 2333 incidamus.
2798 2278 2927 2332 Nam
2964 2280 3006 2333 si
3041 2280 3183 2333 illam
3217 2280 3450 2349 excipias
3478 2289 3534 2334 ιιι
3576 2282 3756 2335 statim

2173 2369 2412 2432 offertur,
2463 2370 2584 2424 vide
2621 2380 2815 2439 qttanta
2862 2371 2986 2425 hinc
3036 2371 3336 2425 absurditas
3380 2381 3758 2440 consequatur.

2176 2461 2359 2529 Neque
2403 2463 2547 2516 enim
2591 2461 2749 2529 dixit,
2791 2476 2851 2516 se
2898 2463 2998 2515 alia
3060 2477 3214 2530 posse
3266 2477 3358 2531 per
3415 2465 3757 2532 semetipsum

2175 2553 2425 2620 operari;
2473 2552 2573 2604 alia
2618 2567 2813 2618 secus;
2856 2552 2949 2606 sed
2993 2553 3284 2621 generatim
3331 2553 3456 2607 dicit
3483 2571 3496 2607 :
3526 2554 3593 2610 l9
3637 2552 3759 2607 Non

2177 2653 2371 2712 potest,
2401 2642 2444 2694 F
2446 2645 2568 2697 ilius
2612 2660 2641 2694 a
2671 2643 2942 2712 semetipso
2978 2643 3254 2714 quidquam
3286 2647 3472 2713 facere.

2247 2738 2300 2788 4.
2346 2736 2792 2806 Interrogabimtts
2840 2751 2966 2805 ergo
3014 2737 3490 2802 contradiceulem,
3546 2736 3760 2792 Nihilne

2179 2835 2353 2895 potest
2375 2842 2405 2880 τι
2428 2827 2717 2896 semetipso
2751 2829 2923 2881 facere
2963 2827 3166 2880 Filius?
3194 2828 3247 2881 Si
3281 2828 3633 2894 l‘CSpUIttlcril,
3665 2827 3759 2882 Ni--

2179 2916 2300 2981 hil',
2354 2932 2674 2984 reponemus
2723 2934 2735 2968 :
2780 2917 2935 2985 Atqui
2998 2917 3285 2971 niaxinnnn
3344 2918 3601 2971 b0uornnt
3666 2933 3763 2986 per

2178 3008 2521 3076 strttietipstnn
2565 3006 2706 3069 fecit.
2740 3007 2787 3062 id
2816 3009 2955 3077 quod
2984 3008 3177 3062 Paulus
3203 3009 3416 3072 clamat,
3448 3009 3682 3074 Quicum
3709 3010 3760 3062 ia

2179 3101 2344 3166 forma
2391 3097 2484 3151 Dei
2525 3108 2670 3164 esset,
2709 3115 2809 3152 non
2850 3101 3081 3168 rapinam
3125 3101 3397 3154 arbitratus
3440 3112 3512 3155 est
3559 3119 3665 3155 esse
3709 3119 3764 3156 se

2178 3189 2420 3254 (aqualem
2443 3188 2569 3254 Deo,
2599 3191 2687 3243 sed
2711 3191 3031 3259 semetipsum
3062 3193 3356 3255 exinauivit,
3387 3193 3600 3262 formam
3635 3196 3762 3247 servi

2178 3279 2426 3348 accipiens
2449 3278 2704 3350 (Philipp.
2729 3281 2783 3334 2.
2815 3282 2888 3352 6).
2916 3283 2980 3336 Ει
3003 3299 3185 3338 rursus
3207 3284 3318 3354 ipse
3334 3283 3577 3340 Christus
3598 3286 3759 3340 alibi:

2183 3367 2487 3424 Potestatem
2521 3373 2677 3426 habeo
2721 3374 2942 3440 ponendi
2971 3376 3192 3429 animam
3240 3393 3422 3441 meam,
3462 3387 3508 3430 et
3539 3387 3762 3446 potesta-

2181 3469 2278 3513 tem
2303 3462 2458 3514 habeo
2486 3465 2714 3516 sumendi
2739 3482 2870 3530 eam,
2913 3475 2958 3518 et
2989 3483 3130 3519 nemo
3162 3467 3291 3520 tollit
3317 3485 3426 3520 eam
3460 3484 3492 3519 a
3529 3485 3606 3521 me
3633 3485 3652 3521 :
3673 3485 3764 3538 ego

2183 3567 2314 3620 pono
2338 3569 2449 3606 eant
2477 3570 2508 3606 a
2548 3555 2736 3625 meipso
2773 3555 2950 3626 (loan.
2983 3557 3070 3611 10.
3120 3557 3228 3626 18).
3277 3559 3458 3612 Viden‘
3488 3567 3542 3613 et
3579 3562 3765 3612 morbis

2181 3653 2234 3698 et
2255 3645 2375 3698 vitae
2398 3654 2710 3714 potestatem
2739 3647 3046 3715 habentem,
3069 3651 3158 3719 qui
3182 3660 3381 3704 tantam
3410 3651 3763 3706 meonomiam

2182 3751 2210 3787 a
2257 3738 2549 3806 semetipso
2593 3737 2737 3792 fecit.
2785 3739 2990 3810 Ecquid
3043 3743 3215 3795 dicam
3260 3743 3328 3797 de
3368 3743 3620 3796 Christo?
3659 3743 3766 3798 Nos

2182 3827 2346 3889 enim,
2373 3829 2566 3897 quibus
2588 3829 2718 3883 nihil
2743 3830 2917 3894 vilius,
2943 3832 3104 3884 multa
3126 3848 3154 3884 a
3187 3833 3340 3886 nobis
3364 3834 3490 3901 ipsis
3518 3833 3765 3892 fat-imus.

2184 3931 2211 3968 a
2244 3917 2395 3970 nobis
2443 3919 2572 3986 ipsis
2608 3921 2916 3990 nequitiam,
2958 3938 2986 3974 a
3020 3923 3174 3976 nobis
3205 3923 3332 3992 ipsis
3361 3925 3606 3977 virtutem
3637 3923 3768 3976 deli.-

2185 4008 2375 4076 gimns.
2404 4009 2554 4074 Quod
2592 4011 2637 4063 si
2667 4027 2771 4064 non
2807 4028 2836 4065 a
2882 4013 3038 4066 nobis
3072 4013 3218 4082 ipsis,
3252 4029 3424 4083 neque
3455 4023 3767 4082 potestatem

2189 4099 2521 4154 habeamus:
2558 4116 2750 4170 neque,
2803 4102 2852 4156 si
2900 4105 3312 4171 peccaverimus,
3361 4105 3413 4158 in
3464 4105 3768 4174 gehennam

2188 4190 2498 4256 incidemus,
2532 4206 2725 4260 neque,
2755 4193 2799 4247 si
2828 4193 2966 4248 bona
3001 4210 3161 4263 opera
3211 4193 3517 4260 fecerimus,
3547 4211 3768 4265 regnum

2186 4281 2436 4336 caelorum
2459 4297 2874 4352 consequemur.
2918 4283 3056 4337 Nihil
3101 4282 3244 4337 aliud
3271 4299 3400 4352 ergo
3438 4293 3519 4339 est
3547 4285 3697 4343 illud.
3729 4287 3770 4338 Α

2187 4374 2452 4444 semetipso
2479 4391 2578 4428 non
2605 4385 2767 4444 potest
2791 4379 2959 4444 facere
2989 4375 3279 4445 quidquam.
3299 4391 3457 4444 quam
3474 4377 3613 4445 quod
3641 4376 3770 4429 nihil

2190 4470 2356 4538 possit
2400 4469 2541 4523 Patri
2571 4471 2896 4524 contrarimn
2940 4470 3133 4534 facere,
3169 4471 3303 4524 nihil
3341 4471 3592 4536 alienum,
3643 4471 3770 4524 nihil

2189 4561 2548 4630 peregrinum,
2580 4563 2628 4616 id
2657 4563 2796 4632 quod
2839 4566 3068 4618 titaxitne
3093 4564 3451 4632 aequalitatem
3474 4573 3528 4619 et
3551 4579 3774 4617 concor-

2187 4651 2329 4704 diam
2360 4667 2602 4721 magnam
2645 4653 2898 4708 ostendit.
2951 4655 3018 4708 Et
3041 4670 3137 4708 cur
3161 4670 3267 4708 non
3297 4655 3450 4720 dixit,
3483 4655 3622 4709 Nihil
3648 4670 3775 4709 con-

2193 4743 2410 4796 trarium
2437 4744 2578 4808 facit,
2603 4745 2718 4810 sed,
2747 4745 2865 4799 Non
2896 4755 3055 4815 potest
3075 4748 3100 4800 ?
3127 4746 3193 4801 Ut
3216 4746 3340 4802 hinc
3367 4764 3575 4801 rursum
3603 4757 3777 4802 osten-

2190 4832 2282 4886 dat
2307 4835 2669 4888 omnimodam
2699 4837 3078 4904 :equalitatem.
3110 4837 3224 4891 Non
3265 4839 3406 4891 enim
3439 4838 3776 4892 imbecillita-

2196 4936 2319 4989 tem,
2351 4925 2441 4978 sed
2484 4941 2728 4995 magnam
2768 4927 2885 4996 ejus
2917 4931 3204 4998 potentiam
3239 4930 3454 4984 indicat.
3483 4931 3612 4985 Nam
3652 4931 3774 4982 alibi

2195 5031 2407 5084 quoque
2432 5017 2499 5069 de
2524 5017 2677 5072 Patre
2703 5017 2832 5072 dicit
2862 5020 3054 5074 Paulus
3087 5038 3098 5074 :
3129 5019 3194 5075 Ut
3227 5039 3314 5089 per
3340 5022 3467 5074 duas
3496 5040 3574 5075 res
3603 5023 3780 5074 immo-

2195 5105 2335 5170 biles,
2359 5107 2410 5160 in
2435 5107 2615 5168 quibus
2640 5110 2947 5178 impossibile
2975 5122 3046 5165 est
3075 5113 3271 5164 mentiri
3309 5111 3468 5163 Deum
3509 5112 3695 5180 (llebr.
3726 5116 3778 5165 li.

2199 5195 2322 5267 18);
2355 5205 2410 5250 et
2435 5213 2646 5252 rursum
2683 5217 2698 5252 :
2732 5200 2792 5253 Si
2838 5202 3202 5270 negaverimus,
3245 5201 3330 5255 ille
3367 5201 3530 5266 ﬁdelis
3575 5212 3784 5262 nutriet;

2197 5304 2379 5358 negare
2401 5290 2621 5356 seipsum
2652 5307 2752 5342 non
2781 5301 2940 5358 potest
2980 5289 3053 5361 (ξ.
3091 5289 3220 5342 Tim.
3251 5290 3302 5344 ‘2.
3345 5289 3453 5357 Β).
3487 5289 3638 5353 llhnl,
3669 5289 3779 5344 lm-

2199 5379 2434 5446 posribile
2469 5390 2564 5444 est,
2598 5397 2854 5448 nusquam
2903 5381 3319 5435 imbecillitatem
3365 5382 3652 5450 significat,
3690 5382 3782 5435 sed

2201 5471 2512 5537 potentiam,
2559 5479 2615 5524 et
2653 5472 2940 5538 potentiam
2974 5472 3316 5526 ineffabilem.
3353 5473 3462 5528 lloc
3490 5482 3671 5527 autem
3714 5473 3779 5525 si-

2199 5561 2412 5627 gnificat
2441 5578 2456 5614 :
2489 5562 2576 5615 illa
2605 5563 2897 5616 substantia
2929 5579 3012 5617 res
3045 5563 3346 5631 lmjusmodi
3388 5563 3560 5618 nullas
3589 5563 3783 5616 admit-

2201 5652 2279 5704 tit.
2325 5653 2784 5711 Quemadmodum
2824 5656 2966 5710 enim
2997 5672 3117 5710 cum
3163 5656 3412 5720 dicimus,
3457 5656 3790 5724 impossibile

2202 5753 2282 5797 est
2312 5747 2474 5797 Deum
2505 5759 2745 5815 pceeare,
2775 5761 2881 5802 non
2913 5746 3329 5802 imln'cillitatem
3354 5749 3450 5816 ipsi
3477 5747 3783 5804 tribuiuum.
