4104 6156
329 269 433 323 ⁸217

335 382 422 436 sed
475 374 797 431 ineffabilem
845 371 1126 443 quamdam
1179 369 1465 440 potentiam
1515 366 1903 421 testificamur:

334 477 406 526 sic
436 471 596 525 etiam
623 482 745 521 cum
771 465 901 520 dicit
932 467 1066 534 ipse,
1098 462 1217 517 Non
1249 478 1452 533 possunt
1476 477 1508 513 a
1533 460 1720 528 meipso
1747 459 1914 528 facere

332 563 630 632 quidquam,
673 559 774 610 hoc
802 556 904 610 sibi
934 556 1044 609 vult
1075 571 1089 606 :
1126 555 1349 609 Prorsus
1387 551 1713 620 impossibile
1755 560 1837 604 est
1863 559 1920 603 nt

336 657 476 710 l'atri
505 651 834 707 contrarium
885 648 1154 716 quidpiam
1206 646 1414 700 faciam.
1467 645 1533 699 Ut
1576 657 1704 696 vero
1745 642 1918 696 discas

336 745 461 798 illud
503 745 580 797 sic
627 739 1026 808 ittlelligendum
1057 752 1195 797 esse,
1228 736 1507 804 sequentia
1555 734 1914 800 explorantes,

339 838 610 890 videamus
652 849 718 886 an
759 831 1056 890 nobiscum,
1089 843 1154 880 an
1201 827 1474 880 vobiscum
1521 823 1762 878 Christus
1792 839 1920 875 con-

338 928 548 978 sentiat.
600 923 678 977 'l'u
721 922 874 978 dicis.
925 919 1122 973 dictum
1164 917 1289 972 illud
1343 919 1630 986 potentiam
1678 915 1913 974 auferre,

342 1032 545 1069 tn-etmn
596 1013 968 1066 auctoritatem
1024 1010 1119 1077 ipsi
1173 1017 1583 1076 competentem,
1635 1008 1918 1074 ipsumque

343 1109 660 1162 imbecillum
701 1103 1052 1172 eomprobare
1085 1118 1097 1152 :
1131 1115 1230 1168 ego
1271 1108 1453 1153 contra
1502 1098 1638 1158 dit-0,
1695 1097 1777 1148 bis
1821 1095 1920 1147 de-

341 1199 625 1254 monstrari
671 1196 1050 1266 aequalitatem,
1098 1190 1456 1246 omnimodam
1507 1189 1821 1256 paritatem,
1867 1194 1921 1238 et

340 1289 515 1343 omnia
545 1305 608 1343 ex
653 1287 838 1341 cadem
871 1286 1141 1340 voluntate
1183 1290 1238 1336 ct
1284 1281 1516 1350 potentia
1565 1279 1698 1331 fieri.
1747 1277 1920 1345 Ipsum

342 1390 714 1450 percontamur
735 1376 1028 1438 Christum,
1052 1384 1105 1428 et
1129 1387 1221 1442 per
1243 1386 1304 1426 ea
1334 1386 1452 1440 qua:
1473 1379 1652 1440 postea
1679 1369 1921 1421 dicturus

341 1480 422 1525 est
450 1469 742 1531 videamus,
765 1481 832 1520 an
872 1464 1161 1520 secundum
1190 1470 1353 1527 tuam,
1391 1477 1458 1514 an
1497 1458 1787 1513 secundum
1830 1472 1925 1509 no—

341 1571 504 1614 stram
527 1558 829 1627 opinionem
852 1554 990 1608 dicta
1023 1554 1419 1620 interpretetur.
1450 1549 1586 1616 Quid
1609 1563 1735 1616 ergo
1760 1545 1924 1600 dicit?

345 1653 683 1719 (laterumque
712 1647 869 1700 Pater
897 1646 1092 1715 fecerit,
1122 1644 1229 1698 [nec
1259 1652 1303 1696 et
1331 1641 1498 1694 Filias
1522 1641 1754 1694 similiter
1779 1638 1922 1708 facit.

351 1743 532 1796 \‘iden'
571 1739 840 1807 quomodo
867 1737 1184 1792 sententiam
1227 1746 1456 1788 vestram
1490 1731 1742 1784 radicitus
1770 1729 1922 1784 evel-

347 1836 437 1898 tat,
485 1842 830 1897 nostramque
878 1826 1200 1882 confirmet?
1229 1825 1359 1879 Nam
1390 1825 1433 1879 si
1484 1839 1513 1876 a
1563 1822 1742 1890 seipse
1794 1821 1922 1874 nihil

347 1925 489 1986 facit,
525 1936 699 1990 neque
729 1921 886 1974 Pater
914 1934 943 1972 a
989 1919 1167 1987 seipso
1212 1915 1408 1985 aliquid
1457 1915 1633 1976 faciet,
1685 1913 1730 1966 si
1773 1928 1923 1981 qua!—

346 2029 569 2082 ctttnquc
593 2010 718 2065 facit
745 2011 902 2064 Pater
925 2018 976 2063 et
1009 2010 1121 2078 ipse
1168 2007 1343 2062 faciat.
1377 2007 1506 2060 Nam
1539 2023 1581 2060 st
1609 2020 1694 2058 res
1723 2021 1826 2057 non
1856 2005 1923 2056 ita

347 2113 504 2167 esset,
536 2103 677 2157 aliud
702 2100 990 2156 absurdum
1017 2108 1348 2170 sequeretur.
1381 2098 1558 2166 Neque
1591 2099 1730 2152 enim
1770 2097 1923 2159 dixit,

349 2197 473 2260 Quae
499 2194 628 2248 vidit
661 2193 868 2247 Patrem
899 2191 1200 2254 facientem,
1233 2191 1344 2244 haec
1374 2189 1532 2253 faett;
1559 2188 1675 2254 sed,
1707 2188 1822 2241 Nisi
1851 2188 1930 2239 rit

350 2286 474 2336 derit
505 2282 710 2336 Patrem
736 2282 1018 2350 facientem,
1045 2297 1147 2333 non
1172 2279 1318 2344 facit,
1342 2293 1646 2332 sermonem
1673 2277 1738 2330 ad
1766 2293 1926 2329 omne

352 2387 558 2443 tempus
583 2356 875 2428 extendens
904 2389 917 2424 :
946 2371 1234 2426 secundum
1264 2386 1356 2424 vos
1376 2379 1550 2422 autem
1575 2367 1761 2424 eadem
1784 2382 1924 2421 5cm-

352 2485 442 2535 per
486 2467 674 2520 discet.
710 2464 892 2517 Viden’
921 2464 1198 2516 sententia:
1239 2462 1642 2524 sublimitatem,
1684 2468 1739 2512 et
1779 2457 1925 2511 verbi

354 2559 702 2610 humilitatem
734 2555 815 2608 vel
850 2554 1269 2622 impudentiores
1290 2553 1355 2604 ad
1389 2549 1517 2604 illud
1548 2551 1742 2602 invitos
1768 2548 1926 2602 etiam

351 2649 694 2719 compellere,
739 2657 797 2700 ut
847 2664 874 2700 a
921 2647 1010 2700 vili
1064 2661 1247 2710 sensu,
1295 2645 1439 2714 quia
1488 2651 1629 2696 tanta
1674 2641 1929 2709 dignitate

351 2741 620 2804 abhorret,
669 2737 905 2807 fugiant?
943 2736 1072 2804 Quis
1117 2735 1256 2788 enim
1283 2734 1418 2787 adeo
1456 2733 1618 2786 miser
1655 2739 1710 2786 et
1749 2730 1928 2784 infelix

354 2830 526 2894 fuerit,
561 2839 618 2882 ttt
640 2829 784 2882 dit-at
807 2827 994 2880 Filium
1026 2825 1263 2894 quotidie
1289 2825 1372 2877 tlla
1403 2824 1663 2884 ediscere,
1695 2837 1812 2890 qua:
1851 2822 1929 2873 fa-

354 2937 472 2974 cere
501 2920 749 2988 oportet?
786 2919 1061 2984 Quomodo
1107 2933 1291 2971 verum
1319 2917 1421 2970 erit
1466 2914 1593 2968 illud
1621 2931 1632 2966 :
1663 2913 1742 2967 Tu
1767 2923 1930 2966 autem

355 3013 479 3063 idem
506 3013 613 3078 ipse
635 3027 708 3074 es,
737 3020 782 3062 et
805 3010 926 3061 anni
953 3009 1025 3061 tui
1055 3024 1154 3061 non
1178 3008 1413 3073 deﬁcient
1440 3005 1609 3078 (Psal.
1640 3005 1763 3060 101.
1795 3004 1932 3073 28)?

355 3102 640 3170 quomodo,
681 3100 865 3152 Omnia
897 3117 984 3168 per
1022 3100 1187 3164 ipsum
1227 3103 1362 3168 facta
1403 3109 1536 3162 sunt,
1580 3107 1625 3150 et
1669 3099 1777 3150 sine
1823 3097 1934 3167 ipso

357 3199 542 3262 factum
568 3202 642 3245 est
670 3192 817 3255 nihil,
850 3193 892 3245 si
927 3193 1013 3244 illa
1041 3207 1158 3259 qmc
1192 3191 1346 3244 Pater
1381 3190 1526 3255 facit,
1558 3191 1670 3243 haec
1711 3191 1822 3260 ipse
1853 3191 1932 3243 vi-

357 3285 485 3337 dens
526 3283 799 3336 imitatur?
841 3281 1004 3336 Vides
1030 3281 1297 3352 quomodo
1326 3289 1381 3335 et
1407 3295 1473 3334 ex
1520 3281 1584 3334 iis
1614 3297 1732 3349 qua:
1773 3296 1931 3349 supra

356 3375 490 3427 dicta
520 3382 664 3437 sunt,
697 3383 748 3426 et
779 3388 845 3427 ex
874 3373 938 3426 iis
964 3388 1082 3442 qua:
1110 3382 1289 3440 postea
1308 3372 1569 3435 dicentur,
1601 3373 1717 3439 ejus
1746 3382 1932 3425 aucto-

358 3469 482 3521 ritas
517 3467 949 3521 demonstretur?
987 3465 1140 3531 Quod
1181 3465 1224 3518 si
1255 3466 1504 3520 humilius
1539 3465 1777 3534 qttzrdam
1806 3480 1932 3534 pro-

359 3559 509 3621 ferat,
535 3573 600 3611 ne
622 3557 855 3610 tnircris.
877 3558 1007 3624 Quia
1029 3559 1170 3610 enim
1202 3557 1597 3611 sublimioribus
1616 3556 1930 3625 quihusdam

357 3647 568 3710 auditis,
617 3648 1071 3716 persequebantur
1116 3663 1257 3711 eum,
1306 3655 1360 3702 et
1417 3648 1524 3702 Deo
1568 3647 1929 3699 adversarium

357 3755 475 3792 esse
507 3739 777 3806 putabant,
805 3739 957 3805 paulo
991 3739 1272 3792 demissius
1307 3738 1586 3791 verborum
1613 3747 1813 3789 tantum
1849 3747 1931 3789 te-

359 3847 453 3881 nus
486 3830 755 3898 loquutus,
796 3829 860 3882 ad
893 3829 1198 3882 sublimiora
1239 3843 1420 3882 rursus
1447 3827 1708 3890 evehitur,
1739 3827 1932 3881 deinde

357 3924 418 3974 ad
450 3921 664 3974 lmmilia
693 3922 925 3975 deflectit
960 3938 972 3973 :
1005 3923 1080 3975 sic
1106 3922 1400 3974 doctrinam
1439 3920 1670 3982 varians,
1709 3931 1765 3973 ut
1799 3920 1930 3973 faei-

360 4014 456 4065 lins
474 4015 554 4065 vel
573 4013 640 4066 ab
667 4012 918 4079 itttprobis
937 4013 1262 4065 admittatur.
1290 4011 1684 4073 Animadverte,
1708 4025 1922 4078 quzeso:

360 4113 633 4171 postquam
660 4103 886 4168 dixerat,
918 4102 1070 4156 Pater
1096 4121 1232 4156 meus
1257 4114 1512 4170 operatur,
1539 4113 1586 4156 et
1613 4121 1702 4173 ego
1728 4121 1929 4172 operor,

357 4204 407 4246 ct
437 4208 496 4246 se
539 4192 647 4246 Deo
690 4195 944 4261 :cqnalcttt
995 4192 1322 4255 ostenderat,
1377 4208 1559 4245 rursus
1601 4194 1774 4246 dicit:
1812 4191 1931 4246 Non

359 4294 516 4352 potest
547 4283 711 4337 Filius
741 4303 768 4335 a
799 4285 962 4350 seipse
993 4287 1158 4355 facere
1187 4285 1476 4352 quidquam.
1510 4285 1606 4336 nisi
1633 4284 1768 4353 quod
1797 4285 1936 4337 vide-

357 4377 419 4428 rit
452 4375 654 4428 Patrem
684 4376 966 4444 facientem.
1004 4374 1200 4428 Deinde
1230 4375 1386 4426 altius
1425 4391 1438 4427 :
1480 4373 1817 4442 Quwcumqae
1855 4376 1930 4441 fe-

357 4467 475 4518 cerit
516 4466 622 4531 ille,
674 4466 782 4519 licet:
829 4475 874 4519 et
929 4463 1091 4517 Filius
1137 4465 1365 4517 simili-ter
1407 4464 1564 4534 facit;
1616 4477 1932 4532 rursumque

360 4558 609 4612 humilius
636 4574 648 4611 :
681 4557 772 4612 20.
819 4555 975 4608 Pater
1001 4555 1166 4626 diligit
1211 4554 1422 4618 Filium,
1455 4564 1499 4607 et
1530 4554 1697 4606 omnia
1726 4553 1935 4606 demon-

358 4657 478 4701 strat
503 4648 551 4699 ei
593 4663 707 4715 qua:
735 4647 841 4715 ipse
869 4646 988 4709 facit
1023 4660 1040 4697 :
1068 4656 1113 4698 et
1145 4646 1340 4708 maiora
1382 4645 1458 4696 Itis
1492 4642 1850 4696 demonstrabit
1888 4643 1933 4696 ei

356 4755 528 4805 opera.
577 4732 820 4789 Vidistitt'
862 4745 1064 4789 tantam
1111 4735 1492 4788 humilitatem?
1522 4733 1648 4786 iure
1690 4733 1926 4802 quidem.

357 4827 480 4878 Sam
511 4825 650 4894 quod
677 4826 787 4894 jam
811 4825 942 4886 dixi,
971 4839 1066 4878 nec
1085 4823 1241 4877 finem
1259 4823 1467 4878 dicendi
1493 4824 1698 4882 faciant,
1724 4823 1772 4875 id
1793 4837 1930 4875 tttme

356 4931 610 4982 inpetum.
645 4915 868 4983 Quando
897 4916 1091 4982 aliquid
1123 4915 1409 4968 tletnissum
1441 4914 1567 4967 dicit
1617 4921 1672 4966 cl
1709 4911 1927 4975 humile,

356 5008 400 5058 id
428 5023 551 5060 cum
583 5006 878 5078 hyperbole
911 5005 1135 5074 profert,
1166 5015 1222 5058 ιιι
1252 5005 1333 5058 vel
1364 5005 1619 5071 improbis
1647 5003 1926 5055 verborum

355 5100 524 5152 vilitas
553 5097 792 5160 suadeat,
826 5105 881 5149 ut
921 5096 1004 5164 pia
1046 5105 1225 5149 mente
1266 5109 1420 5148 sensa
1461 5092 1772 5161 percipiant.
1818 5091 1926 5144 Nisi

351 5196 486 5244 cnim
511 5191 613 5245 hoc
639 5197 807 5254 esset,
832 5189 1006 5258 cogita
1037 5205 1192 5256 quam
1217 5187 1499 5241 absurdum
1533 5197 1675 5241 esset
1703 5187 1750 5238 id
1789 5185 1926 5252 quod

350 5283 559 5345 dicitur,
599 5282 745 5351 quod
803 5281 962 5333 verba
1008 5279 1332 5348 explorando
1382 5278 1659 5346 percipies.
1708 5277 1928 5344 Quando

351 5378 488 5430 enim
514 5376 668 5439 dicit,
703 5373 908 5444 Παίονα
953 5374 1031 5427 Itis
1076 5373 1300 5427 ostendet
1338 5373 1382 5424 ei
1425 5387 1596 5439 Opera,
1631 5369 1928 5422 invenietur

347 5466 505 5521 multa
539 5465 779 5521 nondum
809 5463 1061 5517 didicisse
1100 5481 1112 5516 :
1146 5461 1284 5532 quod
1317 5476 1384 5515 ne
1412 5459 1479 5513 de
1516 5460 1774 5528 aposwlis
1803 5458 1926 5527 qui-

343 5554 460 5609 dem
485 5556 800 5612 dicendum.
843 5553 974 5607 Nam
1015 5569 1132 5607 cum
1165 5553 1390 5622 Spiritus
1433 5550 1651 5619 gratiam
1681 5549 1922 5616 acet'pis-

344 5659 475 5715 svnt,
505 5647 796 5704 confertim
841 5647 1014 5697 omnia
1070 5653 1352 5705 noverunt,
1393 5642 1570 5694 omnia
1612 5650 1916 5709 potuerunt,

1224 258 1289 314 ΙΝ
1327 199 1637 312 ΙόλΝΝΕΜ
1681 253 1908 309 ιιωιιι.
1957 253 2241 309 XXXVIII.
2283 257 2352 308 al.
2398 254 2658 311 XXXV".

3504 264 3613 318 ειη

2031 380 2148 434 qua:
2187 367 2330 434 ipsos
2374 375 2428 419 ct
2479 368 2616 421 scire
2659 377 2713 422 et
2762 382 2916 437 posse
2946 371 3257 438 oportebat;
3300 370 3384 424 hic
3431 384 3612 428 autem

2025 455 2188 508 multa
2216 456 2350 510 scitu
2399 459 2696 510 necessaria
2740 458 2976 512 nondum
3013 459 3265 516 didicisse
3305 463 3608 532 deprehen-

2023 547 2181 601 detur
2214 565 2226 600 :
2259 563 2365 616 quo
2403 547 2528 616 quid
2573 549 2856 604 absurdius
2897 566 3017 605 esse
3059 552 3258 620 queat?
3301 553 3438 618 Quid
3480 571 3611 626 ergo

2022 638 2122 691 sibi
2173 639 2282 690 vult
2318 639 2517 692 dicttun
2570 639 2734 692 illud?
2777 640 2909 705 Quia
2955 642 3246 711 paratytico
3283 645 3362 698 sic
3395 657 3605 711 curato,

2024 740 2290 782 mortuum
2319 731 2671 784 suscitaturus
2700 740 2847 791 erat;
2881 731 3002 785 ideo
3024 732 3102 786 sic
3135 733 3384 802 loquutus
3409 743 3511 799 est,
3545 752 3608 787 ac

2023 821 2066 874 si
2109 821 2355 875 diceret:
2389 821 2650 874 Miramini
2697 837 2784 875 me
2831 822 3174 892 paralytieum
3227 825 3486 878 sanasse?
3523 827 3609 880 bis

2024 913 2223 979 majora
2253 912 2514 966 videbitis.
2548 911 2730 980 Neque
2775 922 2952 968 tamen
2987 915 3055 966 ita
3089 915 3338 982 loquutus
3367 926 3466 978 cst,
3512 918 3606 970 sed

2023 1003 2307 1058 humiliore
2336 1019 2466 1058 usus
2488 1014 2569 1058 cst
2594 1020 2863 1067 sermone,
2889 1015 2943 1058 ut
2967 1005 3175 1058 illorum
3204 1005 3435 1059 furorem
3459 1023 3606 1060 com-

2025 1096 2321 1164 pesceret‘.
2362 1093 2430 1151 Ut
2476 1111 2603 1149 vero
2653 1095 2828 1150 discas
2881 1095 3030 1156 illud,
3068 1094 3464 1161 Demonstrabit,
3502 1115 3607 1151 ttott

2027 1187 2237 1254 proprie
2279 1186 2480 1240 dietutn
2533 1201 2672 1250 csse,
2711 1187 2834 1240 audi
2879 1202 2940 1241 ea
2987 1201 3106 1256 qua:
3152 1197 3466 1256 sequuntur.
3514 1190 3606 1242 2t.

2028 1275 2171 1328 Sicut
2198 1277 2328 1328 enim
2356 1275 2509 1327 Pater
2537 1277 2742 1330 suscitat
2765 1287 2989 1329 mortuos
3012 1287 3057 1328 et
3086 1277 3320 1344 uit'ificat,
3343 1279 3416 1331 sic
3443 1289 3490 1332 et
3520 1277 3613 1332 Fi-

2027 1365 2125 1418 lias
2171 1383 2294 1434 quos
2337 1367 2437 1418 calt
2481 1368 2722 1434 viui/irai.
2767 1368 2925 1437 Atqui
2975 1368 3126 1431 illtul,
3182 1368 3329 1423 Nihil
3376 1379 3536 1438 potest
3579 1389 3610 1422 a

2025 1457 2291 1523 semetipso
2321 1457 2504 1524 facere,
2535 1458 2862 1510 contrarium
2890 1468 2973 1512 est
3005 1457 3077 1510 illi
3105 1458 3268 1522 dicto,
3306 1459 3444 1526 Quos
3482 1462 3608 1516 uult.

2027 1545 2080 1600 Si
2110 1548 2250 1599 enim
2281 1563 2412 1612 quos
2434 1549 2544 1600 vult
2569 1547 2817 1610 viviticat,
2847 1563 2874 1599 a
2897 1548 3188 1616 semetipso
3209 1549 3408 1616 aliquid
3434 1549 3610 1604 facere

2031 1650 2202 1706 potest
2233 1642 2391 1707 (telle
2416 1639 2558 1693 enim
2593 1642 2868 1708 potestatis
2906 1639 3020 1707 est)
3057 1659 3070 1693 :
3118 1639 3256 1705 quvd
3285 1639 3332 1695 si
3376 1657 3480 1694 non
3514 1657 3612 1709 po-

2031 1739 2132 1782 test
2160 1747 2187 1781 a
2221 1733 2417 1796 seipso.
2445 1729 2556 1796 jam
2587 1745 2690 1781 non
2720 1743 2853 1797 quos
2876 1729 2984 1780 vult
3016 1727 3263 1781 vivificat.
3288 1727 3416 1783 Illud
3444 1732 3608 1796 enim,

2030 1821 2178 1873 Sicut
2213 1818 2365 1872 Pater
2385 1822 2611 1880 suscitat,
2645 1821 2903 1890 aequalem
2934 1821 3122 1889 probat
3149 1822 3431 1885 virtutem;
3457 1823 3611 1876 illud-

2029 1928 2150 1982 que,
2199 1914 2336 1979 Quos
2378 1914 2503 1977 uult,
2553 1917 2828 1982 potestatis
2871 1916 3174 1983 paritatem.
3230 1916 3412 1970 Viden‘
3461 1917 3609 1980 illud,

2035 2004 2152 2058 Non
2187 2018 2344 2074 potest
2372 2024 2404 2059 ιι
2441 2009 2604 2076 seipse
2644 2009 2829 2076 facere,
2879 2017 3194 2076 potestatem
3245 2025 3349 2064 non
3401 2012 3607 2075 tollere,

2030 2100 2120 2151 svd
2154 2116 2333 2167 parcnt
2365 2101 2650 2167 potentiam
2691 2111 2745 2155 et
2784 2101 3106 2154 voluntatem
3145 2102 3484 2171 significare?
3523 2103 3612 2156 Sic

2032 2194 2292 2262 intelligas
2325 2193 2474 2259 illud,
2523 2191 2898 2246 Demonstrabit
2927 2194 2991 2246 ei.
3039 2193 3250 2248 Etenim
3293 2194 3415 2248 alibi
3459 2195 3611 2257 dicit,

2032 2284 2143 2354 Ego
2169 2287 2476 2338 resttscitabo
2519 2302 2630 2338 eam
2674 2286 2724 2336 in
2757 2286 3023 2338 nouissimo
3053 2285 3134 2337 die
3164 2284 3344 2352 (Joan.
3393 2286 3448 2339 6.
3490 2287 3604 2352 '59).

2033 2378 2106 2428 Ac
2135 2390 2363 2436 rut-sitm,
2394 2376 2682 2428 ostendens
2708 2391 2765 2428 se
2789 2374 2891 2426 vim
2915 2373 3168 2442 operandi
3190 2389 3293 2428 non
3315 2377 3606 2442 accepisse,

2034 2463 2143 2534 Ego
2169 2482 2300 2527 sum,
2358 2465 2546 2534 inquit,
2593 2466 2889 2518 resurrectio
2935 2475 2983 2518 et
3016 2467 3113 2517 vita
3147 2464 3325 2535 (Joan.
3381 2467 3462 2519 Η.
3493 2466 3610 2534 9.5).

2036 2555 2234 2608 lteinde
2272 2571 2336 2608 ne
2361 2556 2508 2609 dicas
2541 2557 2709 2623 ipsum
2742 2571 2875 2624 quos
2918 2556 3020 2607 vult
3069 2565 3306 2608 mortuos
3353 2557 3614 2609 suscitare

2033 2659 2085 2704 ct
2121 2648 2404 2707 vivitirare.
2449 2647 2540 2700 sed
2589 2649 2688 2701 ala
2736 2663 2838 2700 non
2888 2647 3104 2715 perinde
3153 2646 3348 2709 facere,
3393 2659 3441 2701 et
3478 2648 3613 2701 banc

2033 2740 2387 2807 olijoetiottcm
2418 2738 2688 2807 depellere
2719 2747 2942 2806 occupat
2975 2738 3056 2791 bis
3085 2737 3261 2793 verbis
3297 2756 3310 2792 :
3346 2739 3615 2805 Qttatcnm-

2033 2847 2129 2897 que
2157 2830 2244 2882 ille
2267 2830 2461 2898 fecerit,
2491 2829 2596 2880 Ita'c
2627 2837 2670 2880 et
2702 2826 2864 2880 Filius
2890 2828 3121 2880 similiter
3148 2829 3308 2898 facit;
3333 2829 3614 2882 declarans

2035 2934 2092 2971 se
2137 2919 2311 2971 omnia
2361 2933 2478 2984 qua:
2529 2918 2614 2970 ille
2661 2916 2784 2970 facit
2828 2919 3074 2971 similiter
3116 2917 3324 2980 facere;
3374 2927 3617 2972 mortuis

2037 3025 2227 3078 nempe
2269 3010 2550 3074 suscitare,
2593 3023 2816 3076 corpora
2865 3006 3121 3074 formare,
3176 3018 3391 3078 peccata
3426 3010 3618 3064 renti:-

2038 3110 2170 3165 tere,
2194 3110 2253 3167 et
2285 3099 2492 3169 quidvis
2521 3098 2683 3162 aliud,
2717 3098 2936 3169 perinde
2960 3108 3121 3169 atque
3148 3100 3306 3156 Pater
3337 3111 3618 3171 operatur,

2037 3191 2232 3245 fat-ere.

2107 3283 2157 3337 5.
2192 3281 2384 3336 Verum
2430 3281 2512 3336 his
2558 3283 2793 3337 animum
2824 3298 2928 3336 non
2955 3282 3209 3336 adhibent
3256 3283 3290 3337 ii
3333 3283 3423 3353 qui
3463 3299 3621 3338 suam

2037 3374 2307 3443 negligunt
2338 3373 2561 3428 salutem
2597 3393 2609 3428 :
2645 3384 2847 3428 tantunt
2889 3376 3084 3428 malum
3115 3383 3217 3439 est,
3244 3375 3619 3444 praecellentia

2035 3483 2202 3521 amor.
2237 3468 2347 3522 Hoc
2377 3466 2606 3521 haereses
2636 3469 2859 3537 peperit,
2905 3467 3003 3520 hoc
3045 3467 3320 3537 gentilium
3358 3467 3620 3536 impieta-

2038 3569 2142 3612 tem
2174 3560 2423 3612 iirmavit.
2453 3558 2590 3612 Deus
2617 3557 2830 3626 quidem
2852 3557 3065 3610 volebat
3087 3556 3369 3610 invisibilia
3397 3571 3492 3610 sua
3517 3571 3619 3626 per

2037 3650 2215 3702 mltmii
2256 3649 2581 3704 creationem
2626 3647 2844 3716 intelligi
2877 3666 2890 3702 :
2923 3647 2997 3700 illi
3026 3661 3153 3700 vero
3183 3647 3267 3699 his
3295 3647 3528 3708 omissis,
3561 3656 3616 3699 ct

2038 3745 2173 3798 Itane
2211 3745 2560 3813 dedignantes
2602 3742 2919 3803 doctrinam,
2950 3739 3169 3792 alteram
3214 3737 3316 3792 sibi
3359 3753 3622 3807 paravere

2037 3837 2173 3889 ιὶτιιιι
2201 3851 2214 3894 :
2247 3842 2568 3904 quapropter
2597 3849 2625 3886 a
2658 3847 2782 3886 vera
2810 3831 2891 3883 via
2923 3831 3256 3883 aberrarunt.
3285 3829 3408 3882 Ideo
3445 3829 3618 3882 Judaei

2038 3945 2140 3981 non
2174 3928 2531 3984 crediderunt.
2565 3926 2747 3993 gloria:
2779 3925 3020 3976 bttmatta'
3050 3923 3222 3989 cupidi
3248 3939 3263 3985 ;
3293 3923 3434 3975 illam
3465 3939 3612 3986 vero,

2035 4034 2152 4088 qum
2181 4034 2209 4070 a
2241 4018 2349 4071 Deo
2378 4027 2478 4077 est,
2510 4017 2729 4083 gloriam
2763 4031 2866 4066 non
2899 4026 3220 4081 qua-rentes.

2108 4110 2286 4164 Inanis
2311 4110 2474 4179 gloria
2505 4107 2763 4177 fugienda.
2788 4135 2860 4144 -—
2885 4106 3073 4157 Verum
3103 4118 3220 4165 nos,
3245 4101 3444 4163 dilecti,
3473 4100 3618 4154 hunc

2037 4203 2279 4254 morbum
2312 4199 2456 4251 omni
2502 4198 2679 4250 studio
2719 4205 2768 4249 ct
2824 4195 3092 4263 diligentia
3140 4193 3419 4262 fugiamus.
3469 4192 3614 4246 Licet

2037 4294 2177 4346 cnim
2219 4293 2490 4344 innumera
2523 4288 2687 4356 probe
2729 4287 3071 4356 gesserimus,
3102 4285 3215 4338 bmc
3256 4285 3432 4337 omnia
3468 4299 3614 4337 vana:

2036 4385 2218 4455 gloria}
2242 4383 2502 4453 pernicies
2525 4378 2884 4435 labeﬁrctabit.
2909 4378 2963 4432 Si
2994 4392 3120 4446 ergo
3147 4377 3210 4429 ad
3235 4376 3418 4429 laudes
3447 4378 3618 4446 reSpE-

2037 4478 2258 4536 ciamus,
2285 4475 2400 4528 illas
2439 4485 2743 4542 quaeramus
2779 4487 2897 4540 qua:
2925 4485 2954 4523 a
2987 4471 3093 4523 Deo
3121 4478 3265 4523 sunt.
3298 4468 3439 4523 Laus
3468 4469 3612 4523 enim

2039 4569 2335 4628 hominum,
2365 4565 2765 4634 qualiscumque
2796 4560 2977 4627 ftterit,
3005 4561 3180 4613 statim
3208 4569 3367 4629 atque
3393 4571 3616 4630 apparet

2036 4660 2323 4715 evanescit.
2359 4658 2464 4712 Etsi
2491 4667 2667 4711 autem
2711 4671 2814 4710 non
2863 4655 3080 4722 periret,
3129 4653 3261 4706 nihil
3287 4662 3434 4707 certe
3481 4653 3617 4706 lucri

2039 4748 2190 4806 nobis
2220 4752 2453 4812 alTerret,
2481 4759 2532 4803 et
2558 4765 2621 4802 ex
2647 4757 2904 4814 corrupto
2947 4761 3088 4814 saepe
3114 4745 3315 4813 judicio
3345 4747 3609 4813 provenit.

2036 4841 2169 4909 Quid
2214 4841 2354 4894 enim
2408 4848 2511 4891 tam
2550 4836 2862 4891 admirabile
2910 4836 3135 4888 humana
3186 4835 3350 4900 gloria
3398 4834 3614 4896 habeat,

2036 4948 2136 5000 qua
2170 4930 2415 4984 fruuntur
2455 4938 2509 4982 et
2533 4928 2786 4982 saltantes
2811 4927 3055 4993 juvenes,
3086 4935 3139 4979 ct
3169 4926 3451 4994 impudica:
3483 4941 3605 4976 mu-

2037 5023 2214 5084 lieres,
2259 5029 2312 5074 et
2341 5019 2483 5071 avari
2532 5031 2693 5085 atque
2740 5017 3017 5086 raptores?
3061 5017 3160 5082 Qui
3207 5025 3383 5068 autem
3432 5030 3459 5066 a
3506 5015 3617 5066 lien

2038 5112 2300 5177 laudatur,
2332 5126 2435 5164 non
2473 5125 2594 5164 cum
2625 5108 2726 5171 bis,
2756 5107 2846 5162 St‘d
2873 5124 2993 5160 cum
3024 5108 3222 5159 sanctis
3253 5106 3354 5157 illis
3377 5103 3611 5156 adtnira-

2037 5203 2163 5255 tioni
2191 5201 2434 5260 habetur.
2467 5214 2587 5254 cum
2615 5200 2886 5267 prophetis
2916 5211 3106 5264 nempe
3136 5205 3188 5249 et
3215 5194 3488 5262 apostolis,
3521 5195 3616 5263 qui

2033 5295 2324 5363 angelicam
2367 5294 2566 5347 duxere
2618 5293 2799 5345 vitam.
2841 5291 2991 5355 Quod
3043 5291 3085 5341 si
3135 5287 3340 5340 turbam
3379 5288 3610 5340 circuiti-

2033 5384 2227 5439 ducere
2257 5393 2310 5438 et
2336 5384 2533 5450 suspici
2563 5392 2828 5452 Optamus,
2854 5379 2980 5432 illud
3003 5377 3125 5447 quid
3151 5378 3218 5431 sit
3243 5377 3610 5447 exploremus,

2033 5490 2095 5529 ac
2124 5473 2318 5530 nullius
2347 5474 2497 5544 pretii
2527 5488 2647 5527 esse
2670 5467 3154 5538 deprehendemus.
3183 5466 3309 5522 .Utto
3340 5467 3532 5532 verba,
3559 5468 3609 5523 si

2096 5651 2112 5680 ¹
2151 5649 2236 5696 Alii
2263 5648 2448 5708 legunt,
2483 5653 2698 5697 curaret.
2726 5660 2825 5705 pro,
2851 5653 3175 5701 (mrtttcsc‘trct.
