4104 6156
475 249 583 310 919

481 364 688 440 turbam
717 378 885 430 amas,
926 364 1238 434 angelorum
1286 359 1677 415 multitmlinem
1711 358 1800 411 tibi
1827 356 2058 420 attrahe,

480 464 536 508 et
565 455 900 508 d:emonibus
925 455 1174 508 terribilis
1202 461 1338 515 esto,
1372 461 1423 504 et
1444 452 1521 504 sic
1553 449 1825 504 hominum
1866 448 2064 501 trullam

485 543 703 597 habebis
737 543 1034 606 rationem;
1081 543 1176 596 sed
1218 542 1399 596 omnia
1443 541 1602 593 etiam
1633 554 1752 608 qua:
1790 535 2064 603 splendida

483 636 753 701 videntur,
805 636 875 689 ita
923 635 1156 688 calcabis
1197 645 1255 687 ut
1303 647 1516 687 C(Bttltln
1565 639 1725 700 atque
1767 630 1934 682 lutqu
1969 647 1983 682 :
2014 635 2068 681 et

484 736 606 780 tunc
635 727 782 780 clare
831 726 1040 780 videbis
1089 725 1219 778 nihil
1267 725 1498 776 animam
1533 724 1602 775 ita
1653 721 1961 787 deturpare,
2007 725 2068 771 ιιι

479 819 664 886 glorize
692 833 954 872 altiorem.
987 816 1101 870 Non
1152 825 1324 884 potest
1344 815 1509 876 enitn,
1547 829 1649 866 non
1683 820 1856 880 potest
1887 810 2068 878 utique

483 926 633 964 vanae
663 911 845 978 gloriae
874 919 1082 963 amator
1111 910 1271 961 vitam
1315 908 1552 962 cruciatu
1587 907 1793 974 plenam
1823 918 1928 958 non
1958 901 2066 956 du-

482 1002 643 1054 cere'
671 1019 685 1065 ;
714 1002 846 1054 sicut
873 1002 1036 1055 etiam
1064 1000 1151 1069 qui
1183 999 1325 1052 illam
1349 998 1544 1062 calcat,
1579 1011 1683 1048 non
1730 1001 1905 1063 potest
1945 992 2067 1045 vitia

484 1091 647 1144 multa
679 1105 782 1144 non
827 1089 1158 1144 conculcare.
1194 1088 1325 1142 Nam
1354 1087 1443 1156 qui
1485 1101 1675 1139 vanam
1706 1082 1930 1153 gloriam
1971 1095 2069 1134 su-

486 1183 710 1252 peravit,
743 1182 1012 1246 invidiam,
1065 1179 1404 1250 pecuniarum
1441 1191 1702 1240 amorem,
1741 1182 2070 1240 casti-rusque

485 1275 827 1342 gravissimos
856 1272 1071 1326 morbos
1108 1271 1416 1324 devicturus
1442 1278 1541 1322 eSl.
1567 1267 1634 1320 Et
1671 1264 1956 1333 quomodo,
1988 1262 2070 1314 in-

485 1364 658 1432 quies,
705 1364 847 1417 illam
881 1361 1287 1431 superabimus?
1320 1359 1374 1415 Si
1418 1358 1574 1412 aliam
1622 1365 1922 1424 spectemus
1950 1353 2070 1422 glo-

488 1456 647 1518 riam;
674 1453 772 1508 hoc
799 1461 881 1508 est
904 1453 1193 1516 caelestem,
1225 1467 1253 1504 a
1284 1465 1384 1520 qua
1414 1463 1511 1502 nos
1543 1447 1657 1501 haec
1684 1446 1882 1510 ejicere
1909 1459 2070 1497 cona-

489 1556 592 1598 tur.
622 1545 712 1598 llla
751 1545 892 1599 enim
932 1558 1030 1598 nos
1071 1552 1126 1597 et
1158 1543 1208 1596 in
1243 1541 1342 1595 hac
1385 1540 1489 1594 vita
1527 1536 1846 1606 conspicuos
1883 1533 2066 1596 efﬁcit,

485 1649 539 1690 et
564 1637 628 1691 ad
650 1638 882 1690 futuram
906 1637 1066 1690 vitam
1097 1635 1373 1690 nobiscum
1402 1631 1591 1700 pergit,
1631 1638 1790 1696 atque
1829 1626 1896 1680 ab
1922 1624 2069 1678 onmi

486 1731 740 1781 servitute
769 1726 967 1780 carnali
1000 1739 1099 1778 nos
1133 1725 1339 1777 liberat.
1375 1720 1533 1776 Carni
1563 1719 1756 1772 misere
1784 1731 1925 1770 nunc
1952 1730 2070 1769 ser-

489 1819 681 1879 vimus,
712 1825 869 1870 terrae
901 1817 1230 1882 terrenisque
1253 1813 1411 1867 rebus
1437 1809 1652 1864 addicti.
1675 1808 1798 1863 Sive
1826 1807 1875 1860 in
1899 1805 2068 1858 forum

491 1918 542 1964 te
571 1908 834 1971 conferas,
870 1908 982 1962 sive
1016 1906 1230 1960 domum
1262 1905 1442 1966 intres,
1479 1901 1591 1956 sive
1631 1900 1762 1962 vias,
1792 1898 2066 1959 stationes,

551 2083 567 2113 ¹
604 2088 745 2130 .Iuvta
771 2079 913 2129 Savil.
941 2079 1206 2139 legendum
1231 2081 1308 2124 est.
1337 2083 1472 2139 :7.\'ou
1510 2079 1661 2133 potest
1680 2069 1906 2139 enim...
1934 2077 2071 2135 range

483 2143 849 2207 glot'iagumqtor
865 2125 1313 2200 inluuieruri/ira»t
1335 2125 1532 2194 ducere,
1556 2135 1690 2196 quasi
1715 2132 1980 2188 diceretur,
2007 2125 2072 2176 ri-

487 2202 586 2256 tum
610 2203 685 2253 ciu
699 2202 936 2253 istianam.

496 2306 2626 2341 ______________________________—__—

1153 249 1208 306 S.
1247 246 1522 306 JOANMS
1547 240 2023 302 CllllYSOSTOSII
2064 236 2377 301 All'CHlEP.
2418 245 2950 305 CONSTANTINOP.

3649 252 3756 306 9’20

2172 358 2468 412 diversoria
2506 360 2831 429 frequentes,
2862 363 2906 415 si
2941 359 3118 414 navim
3139 353 3491 426 conscendas,
3521 363 3751 418 insulam

2172 447 2336 502 adeas
2367 450 2448 502 vel
2476 450 2648 517 regias
2665 451 2826 513 mdes,
2849 451 2893 506 si
2919 450 3170 520 judiciale
3197 449 3371 504 forum
3403 451 3482 504 vel
3509 462 3753 508 senatum

2171 538 2354 602 adeas,
2387 540 2720 594 sarcularium
2767 540 2960 610 ubique
2997 557 3174 595 rermn
3210 539 3618 596 sollicitudinem
3657 551 3757 597 ob-

2171 629 2434 694 servabis,
2461 630 2804 700 singulosque
2834 631 2917 684 his
2944 631 2998 685 in
3024 631 3185 686 rebus
3214 631 3536 694 laborantes,
3564 631 3757 687 abeun-

2175 729 2276 783 tes,
2303 727 2604 783 manentes,
2629 721 2956 788 navigantes,
2989 721 3267 791 agricolas,
3298 735 3393 774 eos
3422 721 3509 789 qui
3530 722 3579 774 in
3601 737 3752 788 agro,

2173 823 2266 862 eos
2289 811 2377 878 qui
2423 809 2474 863 in
2509 811 2644 863 urbe
2686 810 2946 876 habitant,
2989 825 3095 864 uno
3138 810 3327 876 verbo,
3368 824 3578 864 omnes.
3624 811 3757 878 Quze

2173 898 2326 953 nobis
2351 914 2474 968 spes
2497 900 2682 954 salutis
2704 901 2825 964 erit,
2853 900 3066 971 quando
3095 901 3188 954 Dei
3215 910 3409 954 terram
3437 902 3755 966 incolentes,

2175 989 2304 1043 nihil
2344 1005 2406 1042 ea
2438 1005 2555 1058 qua:
2590 990 2680 1044 Dei
2724 998 2849 1043 sunt
2873 1004 3142 1048 curamus.
3192 989 3286 1044 sed
3319 1005 3440 1044 cum
3473 991 3759 1059 jobeamnr

2178 1080 2260 1133 uie
2290 1080 2550 1150 peregrini
2573 1094 2716 1146 esse,
2739 1081 3007 1149 peregrini
3039 1084 3090 1133 in
3113 1079 3248 1134 caelo
3269 1094 3471 1142 sumus,
3501 1090 3555 1135 et
3577 1083 3758 1136 mundi

2175 1171 2355 1224 cives?
2397 1171 2532 1237 Quid
2573 1171 2672 1225 hac
2698 1171 3001 1238 stupiditate
3026 1170 3300 1224 deterius?
3333 1170 3584 1236 Quotidie
3608 1170 3757 1239 judi-

2176 1261 2315 1315 cium
2345 1270 2400 1317 et
2430 1277 2646 1332 regnum
2676 1262 2942 1327 audimus,
2971 1271 3024 1316 et
3061 1276 3155 1316 eos
3183 1261 3272 1330 qui
3311 1261 3362 1315 in
3415 1261 3602 1317 diebus
3644 1262 3700 1316 N-
3725 1278 3759 1318 e

2175 1363 2328 1408 erant
2375 1367 2583 1408 necnon
2623 1353 2924 1409 Sodomitas
2972 1353 3259 1414 imitamur,
3307 1360 3362 1406 et
3389 1353 3759 1422 experimento

2175 1445 2352 1500 omnia
2391 1445 2633 1500 ediscere
2656 1445 2920 1497 volumus.
2953 1442 3108 1512 Atqui
3139 1441 3256 1496 ideo
3296 1441 3382 1496 illa
3409 1442 3584 1496 omnia
3627 1443 3761 1496 scri-

2176 1547 2263 1605 pta
2295 1542 2440 1602 sunt,
2469 1544 2528 1588 ut
2553 1533 2596 1588 si
2623 1534 2742 1603 quis
2772 1534 2944 1586 futura
2988 1547 3092 1584 non
3135 1530 3336 1594 credat,
3370 1545 3434 1584 es
3474 1531 3760 1600 praeteritis

2176 1629 2376 1681 claram
2404 1627 2629 1695 accipiat
2671 1626 2964 1678 futurorum
3011 1621 3273 1675 notitiam.
3320 1621 3443 1674 Haec
3472 1621 3647 1688 itaque
3669 1637 3760 1672 co-

2175 1722 2425 1789 gitantes,
2476 1727 2581 1770 tam
2628 1717 2918 1786 praéterita,
2971 1729 3128 1783 quam
3179 1711 3375 1776 futura,
3432 1711 3642 1778 paulum
3691 1727 3754 1763 ex

2178 1813 2277 1866 hac
2302 1811 2558 1865 Servitute
2581 1809 2924 1878 respiramus,
2947 1806 3246 1873 etaliqnam
3275 1802 3467 1856 animae
3496 1802 3754 1855 rationem

2178 1902 2495 1965 habeamus,
2528 1912 2584 1953 ut
2612 1907 2668 1953 et
2718 1897 2997 1967 praesentia
3045 1904 3098 1950 et
3153 1894 3323 1947 futura
3368 1907 3760 1962 consequamur

2179 1994 2336 2056 bona,
2367 1992 2535 2060 gratia
2567 1999 2620 2044 et
2655 1989 2979 2056 benignitate
3024 1985 3228 2040 Detnini
3263 1985 3426 2039 nostri
3453 1984 3577 2039 Jesu
3603 1984 3758 2038 Chri.

2178 2085 2263 2149 sti,
2294 2086 2378 2139 cui
2424 2084 2592 2152 gloria
2641 2089 2696 2137 et
2739 2079 3018 2148 imperium
3073 2078 3124 2131 in
3175 2076 3368 2131 smcnla
3413 2075 3756 2130 surculorum.

2179 2179 2372 2230 Amen.

2647 2302 2992 2310 -_.—-r~_._—v
3007 2298 3680 2307 ——.———’—_——_—-———.————-.
3695 2297 3750 2306 .-ο

1777 2383 2123 2447 HOMILIA
2164 2378 2472 2440 XXXIX.

482 2549 572 2604 2‘2.
626 2547 780 2601 Pater
799 2562 938 2599 meus
963 2560 1062 2597 non
1084 2542 1282 2611 judicat
1308 2553 1624 2609 quemquam,
1654 2532 1740 2587 sed
1766 2548 1911 2585 omne
1929 2530 2075 2600 judi-

555 2641 688 2693 cium
719 2638 854 2691 dcdit
902 2635 1062 2699 Filio,
1090 2634 1178 2688 25.
1209 2643 1262 2684 ιιι
1288 2646 1458 2684 omnes
1489 2627 1819 2694 honori/ierat
1851 2621 2064 2686 Filium,

557 2741 610 2782 ut
638 2728 969 2794 honoriﬁcam
992 2724 1219 2778 Patrem.

558 2821 609 2872 ‘l.
652 2817 913 2870 Judirium
941 2819 1168 2884 futurum
1203 2809 1500 2864 timendum.
1533 2805 1697 2859 Filius
1735 2821 1834 2857 non
1881 2806 2066 2870 factus,

485 2913 573 2966 scil
601 2910 662 2964 ab
682 2919 868 2963 (eterna
901 2907 1115 2977 genitus.
1144 2904 1289 2958 Cirris
1315 2920 1375 2956 us
1415 2899 1664 2971 quomodo
1689 2907 1732 2950 et
1759 2913 1860 2966 qua
1907 2905 2070 2947 mente

485 3005 548 3056 de
571 3020 624 3056 se
649 3003 854 3070 loquens
880 2997 1092 3050 humilia
1122 2995 1416 3065 permisceat
1458 2989 1772 3045 sublimibus.
1809 3017 1879 3027 —
1909 2987 2069 3040 Multa

487 3095 641 3148 nobis
661 3108 794 3162 opus
818 3101 900 3147 est
926 3091 976 3144 in
999 3089 1245 3144 omnibus
1277 3086 1572 3154 diligentia,
1606 3080 1813 3143 dilecti;
1845 3094 2068 3132 accura-

487 3196 594 3238 tam
617 3183 811 3254 quippe
838 3181 1094 3234 rationem
1115 3176 1356 3231 dabimus
1376 3183 1429 3228 et
1451 3172 1730 3226 verborum
1750 3179 1803 3223 et
1823 3155 2065 3237 operum.

488 3276 599 3329 Res
625 3273 766 3327 enim
809 3280 1005 3326 nostr:e
1045 3283 1150 3322 non
1190 3275 1315 3321 sunt
1360 3265 1637 3334 praesentis
1667 3261 1786 3314 vita:
1818 3257 2072 3312 limitibus

489 3365 927 3432 circumscriptae,
960 3361 1052 3416 sed
1084 3361 1185 3414 alla
1235 3373 1333 3413 nos
1371 3364 1659 3424 exceptura
1687 3362 1769 3407 est
1795 3352 1916 3404 vita:
1943 3364 2074 3404 con-

489 3460 640 3521 ditio,
675 3451 1268 3524 tremendoquejudicio
1295 3450 1566 3504 sistemur.
1594 3444 1780 3497 Omnes
1805 3442 1934 3502 enim
1957 3455 2067 3503 nos,

489 3551 660 3620 inquit
685 3547 900 3610 Paulus,
927 3543 1239 3612 manifestari
1269 3549 1463 3610 oportet
1484 3545 1600 3590 ante
1621 3533 1842 3587 tribunal
1861 3531 2069 3595 Christi,

487 3653 545 3695 ut
574 3645 760 3712 referat
788 3638 1146 3707 unusquisque,
1175 3649 1288 3704 qua:
1318 3648 1406 3702 per
1433 3645 1614 3698 corpus
1639 3627 1758 3696 egit,
1794 3633 1942 3694 prout
1962 3640 2073 3692 ges-

489 3735 574 3798 sit,
597 3735 698 3786 sive
727 3732 931 3794 bonum,
954 3729 1055 3780 sive
1080 3725 1269 3779 malum
1295 3723 1371 3793 (Ξ.
1404 3721 1521 3776 Cor.
1551 3722 1604 3776 5.
1635 3719 1744 3789 10).
1776 3718 1884 3772 11ου
1907 3716 2073 3770 tribu-

492 3823 579 3876 nal
621 3834 835 3890 semper
863 3819 1176 3888 cogitemus,
1209 3821 1258 3867 et
1304 3813 1382 3866 sic
1406 3825 1619 3878 semper
1647 3808 1826 3862 virtuti
1868 3807 2072 3859 incum-

492 3916 620 3968 bere
644 3912 953 3983 poterimus.
983 3908 1111 3962 Nam
1135 3906 1273 3961 sicut
1293 3905 1336 3958 is
1361 3903 1449 3972 qui
1477 3902 1618 3955 illam
1641 3901 1782 3953 diem
1805 3898 1874 3952 ab
1894 3898 2071 3950 animo

493 4006 658 4073 ejieit,
686 4003 832 4075 quasi
864 4016 1031 4072 equus
1063 4011 1296 4054 excusso
1336 3993 1490 4048 freno
1534 3993 1584 4046 in
1635 3989 1920 4060 prazeipitia
1969 3988 2074 4040 ruit

492 4094 867 4165 (Profanatitur
891 4091 1056 4157 enim,
1091 4088 1279 4159 inquit,
1309 4086 1402 4140 via:
1438 4085 1546 4154 ejus
1571 4083 1621 4135 in
1649 4082 1783 4134 omni
1819 4089 2074 4146 tempore;

493 4201 546 4243 et
572 4204 788 4243 causam
819 4185 1052 4240 al'ferens
1081 4185 1176 4246 ait,
1211 4181 1522 4251 Auferuntur
1540 4175 1742 4247 judicia
1772 4183 1856 4225 tua
1885 4189 1915 4223 a
1946 4171 2076 4241 facie

493 4285 600 4354 ejus
623 4282 792 4354 [Psal.
823 4280 877 4335 9.
903 4277 1016 4349 27])
1045 4295 1058 4330 :
1094 4277 1162 4329 ita
1192 4273 1280 4344 qui
1319 4285 1533 4339 semper
1577 4267 1676 4320 hoc
1704 4266 1894 4319 timore
1924 4271 2074 4315 tene-

494 4353 1016 4442 tur,7tomperanter
1063 4365 1292 4422 incedet.
1343 4363 1496 4423 Nam,
1547 4359 1852 4419 Recordare,
1884 4353 2073 4422 inquit,

495 4468 766 4522 novissima
807 4475 915 4526 tua,
958 4469 1002 4514 et
1048 4461 1100 4512 in
1137 4466 1382 4512 (uernum
1411 4470 1511 4507 non
1540 4450 1766 4518 peccabis
1805 4445 1993 4517 (Eccli.
2021 4446 2074 4499 7.

496 4560 606 4617 ιο).
632 4556 733 4624 Qui
763 4553 906 4607 enim
935 4565 1075 4604 nune
1095 4546 1312 4601 dimittit
1339 4543 1492 4597 nobis
1515 4551 1746 4609 peccata,
1777 4541 1824 4591 is
1855 4536 2080 4604 tuncju-

496 4651 599 4703 dett
632 4645 870 4704 sedebit:
903 4643 992 4711 qui
1021 4647 1262 4693 mortuus
1297 4645 1379 4690 est
1412 4649 1510 4702 pro
1553 4631 1726 4695 nobis,
1756 4630 1843 4684 bie
1869 4630 2082 4682 univer-

497 4752 611 4791 sam
638 4744 882 4788 naturam
897 4729 1143 4799 judlcans
1163 4723 1460 4796 apparebit.
1487 4721 1679 4775 Iterum
1699 4720 1864 4783 enim,
1889 4719 2079 4787 inquit,

499 4831 608 4882 sine
633 4833 838 4896 peccato
866 4821 1116 4876 videbitur
1155 4815 1539 4888 suscipientibus
1576 4814 1740 4882 ipsum
1775 4811 1844 4863 ad
1867 4809 2080 4862 salutem

500 4921 520 4982 ί
535 4919 688 4972 Hebr.
717 4915 768 4970 9.
796 4913 908 4983 28).
937 4910 1292 4979 Quamobrem
1322 4906 1424 4962 hoc
1441 4907 1560 4961 loco
1586 4903 1745 4956 dicit:
1771 4900 1927 4955 Pater
1945 4915 2082 4952 meus

499 5009 810 5080 nonjudicat
834 5018 1154 5076 quemquam,
1173 5001 1268 5054 sed
1287 5015 1436 5053 omne
1450 4996 1707 5068 judicium
1751 4994 1890 5047 dedit
1923 4990 2080 5054 Filio,

501 5113 558 5156 ut
585 5118 754 5155 omnes
785 5097 1118 5164 honori/iectu
1149 5092 1194 5147 F
1195 5092 1361 5154 ilium,
1392 5100 1446 5144 ut
1475 5088 1811 5154 honoriﬁcam
1855 5085 2080 5138 Patrem.

504 5192 714 5260 Ergone
746 5190 975 5248 Patrem,
1021 5184 1248 5254 inquies,
1282 5182 1426 5236 illum
1457 5176 1728 5233 dicemus?
1757 5175 1928 5231 Absit.
1960 5171 2085 5228 Ideo

504 5297 732 5350 namque
774 5281 904 5336 dicit
953 5277 1172 5342 Filium,
1217 5281 1275 5328 ut
1298 5272 1494 5328 Filium
1527 5277 1826 5324 manentem
1858 5266 2084 5320 honore-

503 5389 623 5427 mus
647 5375 784 5428 sicut
814 5375 1046 5428 Patrem.
1077 5366 1177 5438 Qui
1205 5381 1333 5422 vero
1355 5365 1526 5435 ipsum
1551 5371 1705 5415 vocat
1725 5361 1960 5422 Patrem,
1979 5372 2084 5410 non

505 5464 642 5517 ultra
688 5462 880 5517 Filium
926 5473 982 5517 ut
1011 5462 1222 5516 Patrem
1265 5457 1514 5520 honorat,
1548 5453 1640 5508 sed
1669 5453 1846 5508 omnia
1875 5450 2082 5506 miscet.

504 5555 636 5620 Quia
665 5569 796 5623 ergo
825 5554 1084 5606 beneficio
1114 5552 1287 5608 at’fecti
1315 5549 1563 5604 homines
1604 5563 1709 5602 non
1753 5547 1822 5600 ita
1867 5543 1932 5598 ad
1973 5540 2088 5596 oﬁi-

507 5645 648 5699 nium
673 5644 919 5706 redeunt,
964 5652 1018 5694 ut
1071 5641 1343 5710 castigati;
1378 5639 1499 5693 ideo
1532 5638 1786 5693 terribilia
1833 5637 1985 5697 dixit,
2035 5643 2090 5684 ut

2183 2534 2356 2579 metus
2387 2526 2572 2578 saltem
2605 2522 2668 2575 ad
2702 2521 2957 2575 honorem
2985 2519 3082 2573 sibi
3128 2515 3406 2571 ferendum
3453 2514 3688 2569 traheret
3718 2517 3753 2566 '.

2179 2615 2310 2670 Cum
2335 2614 2478 2677 dicit,
2523 2613 2701 2674 Omne,
2732 2611 2781 2664 id
2811 2621 2911 2676 est,
2959 2607 3210 2678 puniendi
3249 2616 3305 2662 et
3335 2605 3627 2660 honorandi
3661 2620 3756 2674 po-

2181 2713 2424 2760 testatcm
2454 2703 2632 2767 habet,
2665 2712 2824 2771 atque
2855 2711 3137 2768 utrumque
3168 2712 3263 2767 pro
3300 2697 3466 2751 lubito
3509 2693 3756 2749 faciendi.

2180 2798 2312 2852 lllud
2341 2812 2486 2860 vero,
2517 2795 2692 2860 Dedit,
2741 2795 2938 2848 dictum
2965 2800 3070 2856 est,
3103 2807 3170 2845 ne
3194 2790 3363 2859 ipsum
3393 2804 3496 2842 non
3523 2789 3757 2857 genitum

2178 2904 2300 2943 esse
2325 2887 2634 2956 suspiceris,
2667 2899 2839 2952 neque
2879 2894 3028 2953 putes
3057 2881 3191 2934 duos
3235 2895 3355 2934 esse
3387 2880 3604 2932 Patres:
3637 2892 3757 2930 nam

2178 2979 2433 3050 quidquid
2465 2988 2547 3031 est
2577 2977 2753 3040 Pater,
2780 2983 2862 3028 est
2890 2983 2944 3027 et
2972 2971 3138 3026 Filius
3159 2973 3200 3034 ’.
3233 2971 3443 3040 genitus
3491 2979 3545 3022 et
3598 2967 3759 3019 Filius

2181 3085 2422 3125 manens.
2453 3069 2520 3124 Ut
2543 3083 2671 3122 vero
2692 3067 2867 3121 discas
2891 3064 3040 3130 illud,
3074 3063 3246 3126 Dedit,
3295 3061 3524 3130 idipsum
3554 3060 3759 3128 signifi-

2177 3178 2302 3218 care
2344 3161 2507 3231 quod,
2538 3160 2740 3229 genuit,
2782 3157 2901 3210 audi
2931 3155 3055 3210 illud
3083 3155 3189 3208 alio
3229 3153 3347 3208 loco
3389 3152 3714 3206 declaratum
3743 3169 3756 3203 :

2181 3256 2325 3310 Sicut
2351 3253 2508 3306 Pater
2537 3252 2682 3305 habet
2706 3251 2855 3304 vitam
2894 3250 2947 3301 iu
2971 3247 3258 3314 semetipso,
3289 3246 3360 3297 ita
3381 3245 3516 3296 dedit
3541 3253 3589 3297 et
3625 3241 3760 3294 Filio

2179 3347 2331 3400 vitam
2360 3344 2540 3398 habere
2566 3344 2614 3396 in
2645 3342 2909 3410 semetipso
2955 3339 3026 3408 (υ.
3060 3336 3136 3407 7).
3164 3335 3297 3401 Quid
3339 3336 3501 3403 ergo?
3548 3334 3760 3402 priusne

2179 3436 2350 3504 ipsum
2378 3435 2578 3504 genuit,
2621 3447 2683 3486 ac
2711 3429 2904 3485 deinde
2948 3429 3106 3481 vitam
3130 3425 3308 3480 dedit?
3348 3424 3444 3490 Qui
3475 3422 3567 3476 dat
3591 3438 3754 3484 enim,

2178 3525 2387 3580 cuidam
2410 3523 2684 3578 exsisteuti
2713 3521 2822 3575 dat.
2853 3519 3065 3588 Ergone
3094 3517 3302 3586 genitus
3323 3523 3438 3569 erat
3471 3513 3587 3567 sine
3614 3513 3758 3566 vita?

2182 3615 2375 3671 Verum
2410 3615 2510 3667 hoc
2556 3628 2620 3667 ne
2670 3613 2939 3666 da-mones
2969 3608 3182 3678 quidem
3211 3605 3546 3674 suspicentur
3573 3620 3585 3656 :
3618 3602 3758 3654 mul-

2182 3719 2286 3764 tam
2317 3709 2514 3779 quippe
2557 3706 2716 3760 habet
2767 3703 3022 3757 iusaniam
3074 3715 3194 3754 cum
3240 3698 3509 3767 impietate
3535 3694 3760 3763 conjun-

2179 3809 2340 3854 clam.
2371 3795 2828 3865 Quemadmodum
2862 3809 2988 3862 ergo
3019 3789 3170 3856 illud,
3225 3787 3372 3842 Dedit
3413 3787 3585 3848 vitam,
3617 3784 3757 3838 idem

2179 3887 2443 3958 estquod,
2473 3885 2666 3941 Genuit
2691 3886 2864 3952 ipsum
2891 3883 3084 3934 vitam:
3108 3879 3206 3942 sic,
3238 3876 3390 3930 Dedit
3404 3875 3680 3946 judicium,
3703 3874 3753 3927 id

2178 3989 2280 4044 est,
2328 3979 2500 4048 Ipsum
2527 3975 2761 4044 judiccm
2790 3973 2989 4043 genuit.
3024 3972 3233 4026 Etenim
3277 3984 3344 4022 ne
3369 3967 3590 4021 audiens
3619 3966 3759 4034 quod

2180 4072 2293 4140 ipse
2314 4070 2524 4125 Patrem
2548 4081 2760 4120 causam
2782 4064 3047 4127 habuerit,
3071 4061 3430 4115 diversitatem
3448 4057 3760 4111 substantiat

2179 4175 2353 4236 putes,
2379 4163 2742 4229 honoremque
2763 4158 3046 4220 minorem,
3076 4154 3186 4222 ipse
3208 4152 3349 4205 venit
3369 4157 3420 4203 te
3441 4148 3757 4217 judicatum,

2183 4256 2306 4309 hinc
2331 4251 2689 4322 aequalitatem
2708 4247 2729 4278 ³
2755 4246 3060 4301 ostendens.
3086 4241 3184 4310 Qui
3207 4240 3347 4294 enim
3375 4252 3510 4307 quos
3529 4237 3642 4290 vult
3667 4252 3760 4305 pu-

2182 4345 2362 4402 niendi
2391 4355 2446 4400 et
2476 4340 2772 4397 honorandi
2819 4344 3135 4407 potestatem
3183 4330 3360 4392 habet,
3411 4328 3598 4384 eadem
3643 4342 3764 4396 qiue

2185 4439 2343 4492 Pater
2369 4444 2563 4504 potest.
2595 4432 2705 4486 Nisi
2753 4430 2895 4485 enim
2944 4427 3045 4479 hoc
3071 4431 3232 4488 esset,
3267 4420 3361 4476 sed
3391 4428 3573 4490 postea
3603 4432 3762 4486 quam

2183 4533 2394 4597 genitus
2422 4526 2594 4580 fuerat
2623 4524 2876 4576 honorem
2907 4517 3218 4584 accepisset.
3247 4527 3366 4581 qua:
3390 4523 3550 4565 causa
3583 4507 3678 4561 fuit
3709 4513 3766 4560 ut

2185 4621 2297 4688 ipse
2323 4617 2586 4687 posterior
2615 4609 3001 4666 honoraretnr?
3026 4621 3130 4677 quo
3160 4612 3314 4674 pacto
3341 4603 3410 4656 ita
3442 4597 3684 4670 profecit,
3708 4605 3766 4648 ut

2187 4686 2654 4777 liancidignitatem
2682 4699 2980 4770 acciperet?
3005 4697 3118 4751 Non
3158 4692 3472 4749 erubescitis
3514 4689 3640 4743 dum
3668 4686 3766 4740 im-

2187 4801 2399 4856 mortali
2429 4799 2738 4862 nullumque
2764 4800 3103 4862 augmentum
3133 4785 3412 4857 accipienti
3441 4792 3642 4838 natura:
3669 4780 3768 4831 hu-

2188 4909 2343 4949 mana
2372 4898 2428 4946 et
2454 4900 2559 4944 tam
2591 4887 2712 4940 vilia
2745 4881 3086 4940 adscribitis?
3115 4881 3222 4934 Cur
3249 4892 3398 4947 ergo,
3438 4874 3667 4944 inquies,
3695 4871 3765 4924 ita

2189 4982 2455 5054 loquitur?
2483 4979 2550 5035 Ut
2574 4977 2713 5032 dicta
2739 4975 2941 5029 facilius
2963 4972 3270 5033 credantur,
3292 4977 3346 5021 et
3370 4965 3435 5020 ad
3459 4961 3766 5018 sublimiora

2190 5075 2328 5131 viam
2358 5081 2536 5142 paret;
2565 5069 2685 5124 ideo
2711 5074 2937 5135 utraque
2953 5061 3278 5117 commiscet.
3303 5057 3770 5120 Videautetnquo-

2191 5166 2387 5224 modo:
2419 5178 2538 5218 nam
2567 5176 2598 5216 e
2626 5175 2686 5215 re
2729 5157 2887 5213 fuerit
2933 5153 3048 5208 [nec
3075 5168 3105 5205 a
3151 5148 3409 5220 principio
3455 5145 3766 5199 observare.

2254 5327 2268 5358 ¹
2310 5325 2394 5374 Alii
2416 5322 2593 5384 legunt
2615 5332 2630 5367 ι
2653 5315 2774 5384 Quia
2788 5310 2913 5375 enim
2936 5298 3773 5384 benclieio'{imminenti-tes;manu

2191 5363 2646 5450 castigiilioiiute
2658 5363 2902 5450 iudicium
2938 5363 3082 5450 dedit
3100 5363 3474 5450 ιςῖίὶξξέἒώιηίιυίι
3495 5391 3512 5417 .
3535 5363 3588 5407 ut
3621 5366 3775 5408 metus

2191 5428 2447 5500 Ξὶἱῖἱὲῗιῗάἁ
2473 5428 2700 5492 honorent
2721 5435 2813 5488 sibi
2835 5428 3430 5500 fermtl'!M.":“h‘i"f_"._-._
3603 5485 3641 5500 -.

2259 5480 2890 5567 ’ῘυδῖιἷδῖιιῖἶνῖιῖἐῖιῖίιΪῖιῖιῖίι⁷
2913 5480 3148 5554 ἀηὶάφιίά
3181 5495 3250 5537 est
3277 5483 3460 5537 Putris.
3487 5480 3574 5531 hoc
3597 5485 3641 5530 tl
3671 5480 3784 5533 Filii

2194 5579 2280 5662 es".
2309 5629 2387 5678 Αιίἰ
2423 5627 2614 5688 legunt,
2638 5619 2945 5671 nobilitatem,
2966 5627 3069 5676 pro,
3093 5607 3434 5670 a’qttalitatcm.
