4104 6156
460 325 559 382 Eli

469 435 639 490 Dixit:
661 430 816 485 Pater
841 443 983 483 meus
1003 436 1256 497 operatur,
1280 434 1326 480 et
1347 440 1437 496 ego
1461 441 1671 495 operor;
1689 432 1742 479 et
1761 423 1847 479 his
1870 423 2048 479 verbis

467 526 825 597 aequalitatem
870 529 925 576 et
972 533 1152 590 parem
1183 518 1442 572 honorem
1471 515 1735 573 ostendit:
1764 513 1831 569 Et
1856 529 2050 585 quere-

464 617 585 670 bant
605 631 717 669 eum
742 611 1044 680 interﬁcere.
1063 608 1199 676 Quid
1220 607 1473 678 deinceps
1498 608 1641 678 agit?
1671 605 1842 662 Verba
1859 614 2054 660 attem-

467 715 638 778 perat,
665 703 915 761 eumdem
947 717 1164 760 sensum
1192 701 1450 766 retinens,
1469 700 1595 756 dum
1614 700 1692 755 ait
1715 717 1728 755 :
1751 697 1869 753 Non
1889 706 2052 770 potest

469 797 636 852 Filius
663 813 695 850 a
719 796 884 864 seipse
910 797 1076 866 facere
1098 792 1392 864 quidquam.
1425 791 1626 848 Deinde
1650 805 1860 846 rursum
1882 790 1946 845 ad
1962 803 2054 844 su-

469 888 652 944 blimia
683 887 852 942 redit:
882 887 1010 951 Qua
1033 885 1271 938 enimille
1295 885 1488 963 fecerit,
1519 888 1628 938 hate
1651 893 1698 937 et
1725 882 1894 938 Filius
1912 882 2053 936 simi-

464 982 579 1034 liter
607 979 750 1050 facit.
783 978 912 1033 Post
938 977 1052 1031 haec
1073 990 1259 1031 rursus
1279 975 1345 1030 ad
1373 975 1590 1029 humilia
1611 973 1887 1029 descendit
1907 993 1918 1028 :
1938 973 2048 1028 Pa-

465 1084 542 1127 ter
564 1073 697 1126 enim
723 1070 893 1140 diligit
923 1067 1139 1135 Filium,
1191 1077 1238 1121 et
1274 1068 1445 1121 omnia
1469 1068 1784 1120 demonstrat
1815 1066 1863 1120 ei
1905 1082 2048 1136 qua:-

463 1178 676 1232 cumque
697 1163 856 1234 facit;
883 1171 932 1216 et
958 1160 1157 1230 majora
1185 1159 1266 1213 his
1289 1159 1648 1213 demonstrabit
1674 1158 1739 1212 ei.
1770 1157 1906 1213 Hinc
1931 1173 2049 1214 rur-

466 1269 581 1309 sum
611 1253 921 1308 sublimiora
942 1252 1104 1306 dicit:
1137 1250 1283 1305 Sicut
1320 1250 1452 1304 enim
1481 1248 1638 1303 Pater
1660 1250 1869 1306 suscitat
1906 1266 2045 1304 mer-

461 1357 578 1400 tuos
625 1356 674 1400 et
716 1346 954 1415 eiriﬁcat,
989 1344 1062 1398 sic
1087 1352 1136 1398 et
1173 1341 1343 1399 Filius
1372 1359 1495 1411 quos
1524 1343 1630 1396 vult
1665 1342 1900 1410 uiui/ictu.
1933 1341 2045 1398 Sub

463 1436 579 1491 htec
605 1436 798 1491 itewm
824 1434 1044 1489 humilia
1071 1433 1236 1489 simul
1255 1441 1310 1488 et
1328 1432 1574 1489 sublimia
1589 1433 1835 1503 attingit:
1866 1432 2044 1503 Neque

461 1526 594 1580 enim
623 1524 777 1580 Pater
791 1526 996 1596 judicat
1015 1541 1338 1594 quemquam,
1361 1525 1451 1579 sed
1473 1541 1618 1579 omne
1624 1525 1880 1596 judicium
1901 1525 2042 1580 dedit

465 1617 620 1672 Filio.
655 1618 790 1673 Hinc
815 1617 881 1672 ad
907 1617 1217 1672 sublimiora
1246 1617 1452 1687 pergit:
1482 1615 1552 1672 Ut
1582 1633 1757 1673 omnes
1791 1618 2044 1688 honoriﬁ-

457 1721 570 1765 ceut
600 1710 816 1777 Filium,
845 1720 901 1763 ut
933 1709 1270 1780 honoriﬁcam
1293 1707 1524 1763 Patrem.
1559 1709 1745 1765 Viden’
1770 1709 2038 1779 quomodo

455 1817 765 1859 serinenem
786 1803 974 1871 variet,
1003 1802 1130 1858 dum
1154 1802 1400 1858 sublimia
1425 1802 1586 1858 verba
1612 1810 1671 1858 et
1699 1804 1912 1858 nomina
1938 1803 2039 1858 hu-

458 1893 676 1949 milibus
704 1892 980 1958 admiscet,
1010 1901 1066 1948 ut
1086 1901 1189 1947 eta
1219 1893 1574 1962 praesentibus
1603 1891 1813 1947 facilius
1835 1891 2036 1949 admit-

457 1991 722 2049 terentur,
747 1993 805 2041 et
829 1999 858 2036 a
881 1983 1072 2038 futuris
1103 1983 1236 2038 nihil
1263 1983 1444 2038 damni
1473 1984 1828 2054 acciperetur,
1860 1984 1955 2040 sed
1983 1983 2034 2039 hi

453 2090 488 2130 a
527 2076 864 2141 sublimibus,
892 2075 960 2131 de
994 2076 1116 2132 aliis
1139 2090 1355 2146 quoque
1379 2084 1796 2132 consentaneam
1821 2077 2034 2146 Opinio-

453 2184 580 2223 nem
607 2167 898 2224 haberent?
921 2167 1052 2224 Nam
1077 2167 1124 2223 si
1153 2182 1242 2224 res
1272 2183 1379 2223 non
1430 2167 1500 2222 ita
1548 2181 1607 2222 se
1655 2167 1868 2236 habeat,
1899 2177 1954 2224 et
1988 2168 2033 2224 si

453 2263 618 2314 verba
642 2274 745 2314 non
773 2274 870 2330 per
891 2258 1392 2329 attemperationem
1418 2257 1702 2329 quamdam
1728 2258 1870 2314 dicta
1887 2268 2029 2326 sunt,

447 2366 546 2406 cur
570 2350 818 2408 sublimia
844 2351 1162 2407 admiscuit?
1199 2350 1332 2406 Nam
1359 2352 1449 2421 qui
1493 2366 1684 2421 magna
1707 2350 1776 2407 de
1801 2366 1860 2406 se
1888 2351 2032 2420 loqui

447 2444 629 2509 debet,
677 2443 724 2498 si
768 2442 1020 2500 humilius
1047 2441 1316 2512 quidpiam
1356 2443 1658 2514 protulerit,
1689 2443 2030 2499 occasionem

447 2536 540 2592 dat
566 2533 782 2605 putandi
805 2547 864 2588 sc
885 2548 980 2603 per
1001 2533 1456 2603 dispensationem
1478 2533 1761 2604 quamdam
1790 2533 1893 2589 hoc
1908 2548 2032 2604 age-

449 2626 666 2696 re:qui
701 2635 880 2681 autem
920 2625 1043 2680 vilia
1087 2625 1156 2682 de
1204 2639 1264 2681 se
1317 2625 1463 2694 loqui
1491 2624 1674 2692 debet,
1703 2624 1750 2679 si
1776 2639 2028 2695 magnum

443 2720 717 2791 quidpiam
748 2719 963 2786 dixerit,
991 2734 1088 2776 cur
1113 2734 1176 2775 ea
1205 2719 1440 2789 loquitur
1459 2733 1579 2788 quae
1608 2733 1758 2773 suam
1781 2729 2027 2774 naturam

445 2812 734 2882 superant?
761 2811 873 2868 Hoc
899 2811 1043 2867 enim
1080 2826 1188 2866 non
1218 2827 1288 2866 ex
1316 2810 1617 2866 teconomia
1654 2810 1903 2881 quadam,
1932 2810 2028 2868 sed

443 2921 510 2962 cx
539 2921 745 2961 summa
773 2905 1048 2975 impietate
1075 2905 1155 2974 (a)
1188 2903 1383 2974 prodit.

529 2995 584 3050 Ξ.
625 2993 731 3049 Cur
772 2993 1009 3050 Christus
1061 2995 1222 3049 verbis
1269 3003 1445 3048 utatur
1485 2993 1780 3048 humilibus.
1828 2992 2026 3048 Eadem

441 3087 540 3156 ipsi
574 3085 814 3157 Patrique
851 3094 1092 3158 potestas.
1123 3115 1194 3126 —-
1214 3085 1397 3157 Itaque
1429 3099 1532 3142 nos
1571 3086 1768 3156 justam
1809 3085 2026 3156 Deoque

440 3190 822 3250 congruentem
850 3193 1089 3245 cauam,
1114 3193 1212 3234 cur
1230 3193 1424 3248 nempe
1439 3178 1615 3235 verbis
1641 3187 1822 3234 utatur
1850 3177 2026 3234 humi-

442 3268 601 3338 libus,
649 3272 830 3329 dicere
861 3287 1166 3343 possumus,
1210 3287 1406 3342 nempe
1432 3272 1577 3344 quod
1604 3286 1724 3328 sese
1752 3272 2020 3340 demittat,

442 3377 647 3433 nosque
671 3363 864 3419 doceat
887 3372 946 3418 ut
969 3363 1210 3419 modeste
1232 3377 1474 3434 agamus,
1504 3365 1687 3434 sicque
1715 3372 1910 3419 nostrte
1930 3377 2020 3418 sa-

442 3457 536 3512 luti
562 3457 874 3528 provideat:
893 3455 1034 3528 quod
1053 3465 1110 3513 et
1136 3457 1252 3527 ipse
1277 3457 1402 3513 alibi
1428 3457 1664 3512 declarat
1691 3456 1775 3512 his
1802 3457 2014 3513 verbis:

447 3549 571 3606 ιια
597 3564 765 3605 autem
791 3550 909 3604 dico
933 3559 989 3605 ut
1028 3566 1116 3605 eos
1156 3550 1287 3605 salvi
1329 3551 1437 3605 sitis
1461 3549 1538 3620 (υ.
1568 3550 1684 3620 ει).
1715 3549 1850 3618 Quia
1879 3551 2022 3606 enim

443 3644 508 3699 ad
534 3643 759 3700 Joannis
789 3643 1154 3699 testimonium
1197 3644 1455 3713 confugit,
1487 3659 1586 3698 suo
1611 3643 1848 3698 omisso:
1879 3643 2023 3713 quod

444 3735 804 3805 magnitudine
831 3749 928 3789 sua
974 3734 1251 3804 indignum
1299 3743 1444 3800 erat;
1488 3748 1708 3788 causam
1752 3747 1850 3787 cur
1898 3733 2023 3787 vilia

442 3825 599 3881 verba
646 3823 945 3894 protulerit,
976 3823 1186 3893 adjicit;
1219 3839 1434 3894 nempe,
1467 3822 1592 3878 Han:
1621 3833 1787 3878 autem
1809 3823 1943 3889 dico,
1966 3832 2023 3877 ut

442 3933 529 3972 eos
547 3917 674 3972 salui
686 3918 816 3972 sitis.
844 3915 950 3972 Vos
974 3925 1150 3971 autem
1171 3916 1262 3986 qui
1287 3915 1468 3970 dicitis
1495 3915 1668 3984 ipsum
1696 3930 1801 3970 non
1823 3914 2022 3969 habere

439 4007 684 4062 eamdem
709 4022 870 4078 qutun
889 4007 1048 4062 Pater
1067 4014 1403 4077 potestatem,
1431 4006 1555 4076 quid
1578 4005 1768 4062 dicetis
1789 4021 1912 4062 cum
1927 4020 2023 4060 au-

439 4099 648 4156 dieritis
679 4099 829 4154 illum
873 4097 1163 4164 dicentem,
1211 4112 1271 4152 se
1312 4112 1490 4167 parem
1536 4095 1738 4152 habere
1789 4105 2022 4167 paternae

440 4189 715 4258 virtutem,
759 4196 1096 4259 potestatem,
1137 4187 1392 4258 gloriam?
1437 4185 1543 4242 Cur
1580 4186 1829 4242 eumdem
1859 4186 2022 4255 exigit

441 4281 722 4349 honorem,
763 4281 831 4349 si,
862 4290 921 4336 ut
948 4295 1042 4336 vos
1069 4279 1267 4344 dicitis,
1301 4279 1456 4348 longe
1484 4279 1702 4332 inferior
1737 4275 1854 4331 est?
1896 4275 2024 4332 Haec

439 4376 581 4431 enim
606 4375 806 4430 dixisse
845 4390 952 4430 non
978 4381 1285 4436 contentus,
1315 4371 1528 4440 adjicit:
1555 4369 1654 4436 Qui
1683 4385 1785 4424 non
1815 4369 2023 4422 honori-

443 4468 558 4534 βίαι
589 4463 806 4531 Filium,
834 4482 937 4520 non
967 4465 1267 4532 honoriﬁca
1297 4462 1526 4527 Patrem,
1573 4461 1660 4530 qui
1691 4460 1825 4514 misit
1853 4459 2017 4514 illum.

447 4555 630 4612 \‘iden‘
652 4555 921 4626 quomodo
937 4556 1109 4610 honor
1131 4553 1251 4610 Filii
1277 4568 1400 4608 cum
1424 4551 1630 4606 honore
1657 4550 1829 4606 Patris
1854 4565 2022 4620 copu-

441 4645 614 4702 letur?
654 4643 723 4702 Et
751 4646 877 4716 quid
910 4645 1044 4700 hoc?
1090 4644 1231 4703 dicet
1270 4642 1482 4712 aliquis.
1514 4641 1572 4697 Id
1601 4650 1656 4697 et
1687 4642 1737 4697 in
1765 4641 2024 4711 apostolis

443 4737 721 4795 videmus:
757 4738 854 4805 Qui
885 4753 974 4793 vos
997 4737 1229 4806 suscipit,
1259 4735 1448 4806 inquit,
1480 4749 1558 4788 me
1581 4734 1810 4804 suscipit.
1841 4732 1945 4789 Sed
1970 4733 2024 4787 il-

443 4831 509 4886 lic
531 4845 807 4886 servorum
839 4843 926 4884 res
954 4838 1012 4883 ut
1036 4827 1139 4884 sibi
1178 4826 1419 4897 proprias
1449 4834 1658 4892 tractat,
1702 4832 1758 4881 et
1797 4824 1918 4880 ideo
1945 4823 2025 4879 sic

443 4919 704 4989 loquitur;
739 4917 825 4972 hic
853 4932 982 4973 vero
1007 4918 1085 4972 sic
1107 4917 1257 4982 dicit,
1288 4916 1414 4986 quia
1438 4923 1522 4972 est
1555 4931 1660 4970 una
1703 4914 2021 4980 substantia,

443 5023 543 5062 una
567 5009 761 5078 gloria.
793 5009 1042 5078 Alioquin
1075 5023 1200 5063 vero
1229 5007 1488 5076 apostolis
1514 5021 1624 5061 non
1647 5006 1806 5072 dixit,
1838 5015 1897 5061 ut
1921 5005 2022 5060 bo-

443 5102 742 5156 norilicent.
797 5100 836 5155 E
865 5115 924 5156 re
953 5110 1128 5154 autem
1157 5099 1308 5165 dixit,
1345 5099 1442 5164 Qui
1469 5115 1570 5153 non
1597 5099 1902 5168 Iwuoriﬁcat
1930 5096 2026 5151 Fi-

443 5198 585 5266 lium,
609 5214 714 5253 non
742 5195 1044 5263 honeriﬁcat
1070 5191 1300 5248 Patrem.
1327 5191 1462 5246 Nam
1489 5191 1534 5245 si
1564 5206 1628 5246 ex
1649 5189 1858 5246 duobus
1888 5189 2025 5259 regi-

443 5286 539 5342 bus
567 5290 706 5343 alter
731 5285 1056 5342 contumelia
1077 5283 1360 5348 afliciatur,
1385 5283 1437 5336 in
1459 5282 1684 5336 alterum
1705 5280 1864 5334 etiam
1885 5279 2028 5333 cadit

439 5378 788 5445 contumelia,
821 5376 1159 5445 maximeque
1198 5375 1245 5428 si
1275 5373 1323 5428 is
1363 5373 1450 5442 qui
1496 5369 1708 5426 laeditur
1750 5369 1887 5422 filius
1915 5369 2022 5422 sit:

500 5557 575 5620 (a)
600 5555 775 5608 Melius
811 5553 1090 5618 legeretur,
1124 5564 1188 5600 ea:
1231 5561 1418 5600 summa
1439 5545 1737 5619 arrogantia.
1773 5545 1869 5618 Vix
1895 5546 2028 5594 enim

439 5617 535 5683 dici
561 5625 729 5683 [istest
749 5615 1023 5683 generatim
1048 5611 1298 5683 loquendo
1324 5619 1562 5683 extremae
1605 5609 2028 5683 nimietatis.essez

440 5683 482 5731 εί
501 5680 543 5752 εξ
558 5669 644 5752 eun
668 5669 873 5752 laetitiis,
887 5669 1197 5752 solum}
1211 5669 1750 5752 f.‘9‘?f2hl‘?3§‘.‘3.99j58
1774 5669 2030 5733 ιτοτετειιε

441 5741 532 5794 sed
554 5734 666 5813 sine
690 5738 998 5800 Ianuscripti
1022 5734 1278 5785 autoritate
1302 5734 1423 5781 nihil
1447 5740 1702 5782 mutamus.

783 5829 1055 5890 Parnm.
1103 5825 1219 5887 (in.
1273 5826 1430 5888 LIX.

1382 313 1450 368 IN
1489 311 1798 370 JOANNEM
1835 310 2068 368 llOMlL.
2108 309 2329 369 XXXIX
2395 315 2469 372 al.
2510 316 2798 380 XXXVIII.

3226 282 3315 309 ει

3640 331 3744 386 se}

2161 424 2271 480 imo
2293 425 2455 481 etiam
2480 429 2648 486 milite
2676 432 2824 499 laeso,
2869 435 3189 492 contumelia
3231 433 3461 497 aflicitur
3486 459 3614 510 rex;
3651 464 3746 505 ve-

2157 529 2278 608 rum
2297 532 2403 572 non
2428 519 2616 575 eodem
2643 523 2820 590 modo,
2851 524 2944 580 sed
2972 541 3067 597 per
3087 528 3460 588 intermedium
3488 535 3744 608 aliquem.

2161 605 2258 663 llic
2288 624 2418 665 vero
2448 626 2554 667 non
2583 614 2852 682 similiter,
2881 619 2978 674 sed
3007 637 3103 690 per
3130 625 3385 695 seipsum.
3412 626 3538 685 Ideo
3563 605 3745 691 dicere

2158 704 2458 771 occupavit,
2493 703 2560 758 Ut
2587 706 2922 777 honoriﬁcent
2947 710 3159 779 Filium,
3191 725 3247 770 ut
3275 719 3613 790 honoriﬁcam
3637 723 3744 777 Pa-

2158 798 2315 856 trem;
2337 801 2532 849 utcum
2562 795 2776 864 dixerit,
2813 800 2914 866 Qui
2941 819 3041 858 non
3067 806 3370 877 honori/ica!
3399 810 3614 881 Filium,
3638 833 3741 874 nou

2157 881 2459 952 honori/ient
2489 885 2718 956 Patrem,
2751 894 3000 950 eumdem
3034 897 3298 970 intelligas
3323 902 3605 962 honorem.
3635 909 3745 964 Nc-

2155 988 2260 1043 quc
2289 977 2432 1067 enim
2459 981 2794 1049 simpliciter,
2833 985 2934 1052 Qui
2967 1003 3072 1041 non
3117 989 3452 1061 honoriticat,
3485 999 3601 1064 sed,
3634 1001 3736 1067 Qui

2155 1079 2263 1118 non
2292 1065 2610 1126 honorificat
2656 1083 2714 1127 ut
2753 1075 2884 1142 dixi,
2919 1092 3024 1133 non
3058 1079 3377 1139 honoriﬁcat
3402 1085 3632 1144 Patrem.
3660 1065 3737 1148 lit

2153 1156 2443 1250 quomodo,
2478 1159 2707 1232 inquies,
2731 1166 2973 1236 ejusdem
3003 1171 3318 1230 substantiae
3335 1187 3463 1232 sunt
3485 1181 3576 1250 qui
3603 1183 3734 1238 mit-

2153 1247 2216 1299 tit
2244 1256 2298 1302 et
2321 1250 2412 1318 qui
2443 1253 2704 1310 mittitur?
2734 1257 2940 1314 Rursus
2964 1262 3032 1316 ad
3058 1263 3284 1321 humana
3316 1247 3620 1328 sermonem
3647 1276 3735 1331 dc-
3781 1281 3786 1286 '

2151 1337 2338 1405 mittis,
2365 1356 2465 1396 nec
2487 1345 2690 1414 cogitas
2715 1347 2829 1403 haec
2857 1354 3036 1407 omnia
3052 1369 3168 1410 non
3194 1356 3298 1413 alia
3323 1359 3391 1414 de
3411 1375 3569 1417 causa
3585 1365 3732 1424 dicta

2148 1428 2330 1496 fuisse,
2361 1434 2460 1489 nisi
2488 1443 2545 1491 ut
2561 1451 2776 1495 causam
2801 1456 3210 1513 cognoscamus,
3234 1464 3297 1505 ac
3319 1468 3385 1508 ne
3413 1453 3469 1509 in
3512 1456 3730 1516 Sabellii

2147 1522 2390 1578 morbum
2403 1526 2698 1585 incidamus
2709 1532 2808 1606 (a),
2822 1543 2876 1590 et
2889 1535 3194 1596 Judzeorum
3206 1543 3491 1604 infirmitas
3505 1549 3605 1606 hoc
3617 1568 3733 1609 mo.

2144 1613 2215 1668 do
2243 1626 2481 1686 curetur,
2532 1630 2591 1675 ut
2637 1638 2743 1678 non
2790 1627 2902 1682 Deo
2943 1630 3282 1691 adversarius
3309 1639 3450 1707 apud
3480 1656 3573 1698 eos
3608 1659 3728 1702 esse

2141 1707 2480 1802 existimetur
2505 1713 2544 1763 ¹.
2572 1712 2704 1768 Nam
2731 1716 3003 1787 dicebant,
3041 1723 3138 1779 Hie
3163 1743 3265 1781 non
3290 1738 3366 1784 est
3391 1747 3457 1785 ea:
3487 1732 3591 1789 Deo
3609 1753 3628 1802 ;
3646 1739 3729 1792 hic

2140 1813 2176 1850 α
2203 1797 2311 1854 Deo
2337 1817 2438 1856 non
2469 1805 2623 1858 venit.
2651 1805 2722 1862 Ut
2748 1823 2878 1866 vero
2903 1812 3043 1869 hanc
3085 1819 3445 1888 suspicionem
3467 1797 3722 1894 auferret,

2141 1903 2248 1946 non
2275 1898 2386 1948 tam
2415 1894 2664 1952 sublimia
2703 1914 2864 1968 quam
2905 1901 3126 1961 humilia
3171 1907 3479 1968 adhibebat.
3526 1915 3728 1972 Idcirco

2139 1981 2569 2051 frequentissime
2591 1988 2805 2046 dicebat
2829 2006 2889 2048 se
2917 1997 3138 2052 missum
3170 1998 3355 2069 fuisse,
3387 2020 3494 2060 non
3521 2017 3580 2062 ut
3604 2009 3726 2067 hinc

2141 2081 2358 2142 putares
2375 2075 2681 2135 inferiorem
2693 2080 2827 2148 dici,
2851 2084 2947 2139 sed
2967 2094 3024 2140 ut
3050 2087 3262 2146 illorum
3277 2106 3375 2149 ora
3395 2094 3724 2161 Obstrueret.

2140 2163 2266 2268 ideo
2462 2169 2528 2224 ad
2551 2169 2762 2268 Patrem
2800 2177 3058 2268 confugit,
3095 2194 3245 2236 suam
3284 2193 3459 2242 tamen
3489 2195 3724 2249 auctori-

2141 2264 2302 2311 tatem
2328 2263 2677 2352 interserens.
2701 2263 2834 2319 Nam
2880 2267 2925 2322 si
2953 2271 3132 2325 omnia
3163 2276 3456 2338 secundum
3487 2279 3689 2352 dignita
3710 2316 3724 2327 -

2138 2353 2243 2443 tem
2271 2361 2423 2443 suam
2452 2350 2697 2421 dixisset,
2727 2354 2865 2411 dicta
2895 2373 3001 2413 non
3029 2361 3376 2422 admisissent
3397 2369 3473 2425 illi
3505 2389 3520 2425 :
3548 2350 3720 2443 quan-

2136 2437 2422 2532 doquidem
2449 2444 2532 2498 vel
2565 2459 2634 2500 ex
2665 2449 2849 2516 paucis
2880 2450 3027 2508 hisce
3061 2455 3241 2511 verbis
3267 2437 3721 2532 persequebantur

2133 2529 2281 2585 illum
2311 2547 2472 2604 sarpe,
2498 2547 2553 2591 et
2580 2537 2903 2607 lapidabaut.
2937 2543 3090 2609 Quod
3117 2547 3160 2602 si
3185 2547 3252 2603 ad
3283 2550 3406 2607 illos
3429 2529 3718 2625 respiciens

2135 2636 2349 2694 semper
2377 2627 2595 2683 humilia
2614 2629 2860 2695 dixisset,
2896 2635 3046 2689 multi
3075 2648 3258 2707 postea
3292 2640 3416 2699 hinc
3450 2644 3561 2702 laesi
3586 2647 3716 2704 fuis-

2130 2724 2271 2805 sent.
2303 2715 2639 2788 Quapropter
2678 2721 2976 2780 doctrinam
3024 2728 3229 2796 miscet,
3263 2748 3363 2804 per
3387 2733 3630 2805 humilia,
3661 2753 3717 2796 ut

2130 2803 2262 2870 dixi,
2297 2806 2401 2863 illis
2427 2808 2699 2865 silentium
2730 2813 3028 2883 imponens,
3054 2829 3108 2873 et
3126 2834 3224 2890 per
3250 2803 3312 2878 ea
3339 2840 3459 2894 qua:
3483 2803 3712 2899 dignita~

2133 2903 2239 2951 tem
2285 2899 2684 2969 exprimebant,
2731 2904 2890 2959 vilem
2935 2907 3211 2978 depellcus
3256 2915 3715 2977 existimationem

2129 2985 2272 3054 apud
2299 3003 2396 3043 eos
2423 2991 2515 3059 qui
2541 3003 2721 3048 mente
2751 2995 3012 3063 Valereut,
3058 3008 3119 3054 ut
3163 3003 3473 3061 ostenderet
3516 3009 3568 3063 id
3603 3026 3713 3067 non

2129 3078 2229 3132 sibi
2261 3092 2479 3147 prorsus
2512 3093 2840 3152 ectnpctere.
2887 3086 3020 3142 Nam
3068 3091 3286 3152 missum
3317 3109 3456 3161 esse,
3490 3101 3716 3157 transla-

2132 3169 2331 3262 tionem
2363 3171 2596 3227 iudicat:
2627 3173 2765 3230 Deus
2787 3186 2968 3232 autem
2994 3179 3187 3251 ubique
3210 3192 3315 3238 est.
3339 3184 3449 3242 Cur
3477 3203 3606 3262 ergo
3633 3192 3716 3247 di-

2127 3261 2201 3316 cit
2228 3261 2446 3318 missum
2473 3263 2675 3321 fuisse?
2703 3265 2967 3325 Crassiori
2997 3271 3162 3327 verbo
3191 3275 3377 3346 utitur,
3403 3277 3529 3335 dum
3552 3261 3712 3340 suum

2129 3367 2250 3407 cum
2280 3353 2439 3410 Patre
2464 3370 2791 3414 consensum
2816 3359 3089 3418 declarat:
3121 3373 3176 3420 et
3203 3367 3281 3423 sic
3308 3374 3588 3440 sequentia
3621 3391 3715 3432 ea-

2126 3442 2252 3498 dem
2282 3444 2351 3501 de
2379 3461 2539 3502 causa
2564 3455 2852 3518 temperat.
2894 3452 2986 3509 24.
3028 3454 3207 3521 Amen,
3239 3475 3386 3515 amen
3412 3463 3526 3517 dico
3553 3461 3710 3533 vobis,

2126 3535 2243 3601 quia
2269 3536 2358 3605 qui
2380 3539 2525 3592 audit
2549 3555 2802 3595 sermones
2830 3558 2988 3609 meos,
3015 3554 3062 3598 et
3083 3548 3245 3601 credit
3269 3550 3314 3603 ei
3341 3553 3429 3620 qui
3455 3555 3586 3609 misit
3611 3574 3709 3624 me,

2125 3626 2273 3679 liabet
2301 3627 2455 3681 vitam
2476 3639 2740 3685 internata.
2775 3631 3129 3706 Viden‘qnam
3146 3636 3458 3710 frequenter
3483 3645 3551 3700 idi
3559 3660 3710 3716 psum

2127 3726 2354 3787 repetat,
2389 3729 2444 3773 ut
2465 3720 2610 3776 illam
2637 3724 2997 3794 suspicionem
3032 3728 3204 3798 tollat,
3245 3741 3299 3788 et
3327 3731 3415 3790 hic
3451 3745 3506 3791 et
3536 3737 3588 3792 in
3617 3755 3700 3795 se-

2125 3811 2435 3882 quentibus,
2469 3820 2617 3869 metu
2645 3824 2702 3870 et
2748 3817 3027 3886 promissis
3073 3834 3105 3875 a
3140 3825 3489 3883 contentione
3531 3844 3709 3884 remo-

2127 3916 2277 3970 vens,
2307 3914 2468 3974 atque
2495 3903 2582 3961 hic
2610 3921 2797 3963 rursus
2822 3908 2888 3964 ad
2917 3909 3138 3967 humilia
3168 3914 3460 3974 admodum
3487 3918 3711 3978 descen-

2126 3993 2257 4048 dat?
2283 3993 2469 4066 Neque
2498 3997 2641 4052 enim
2669 3996 2825 4064 dixit,
2849 3997 2952 4066 Qui
2980 4001 3131 4057 audit
3155 4018 3435 4063 sermones
3460 4023 3629 4077 meos,
3655 4022 3712 4066 et

2127 4086 2300 4140 credit
2321 4087 2373 4140 in
2399 4101 2516 4151 me;
2549 4101 2671 4141 nam
2696 4088 2746 4142 id
2774 4090 3005 4158 superbe
3025 4091 3226 4146 dictum
3247 4103 3304 4148 et
3329 4097 3612 4154 verborum
3639 4102 3710 4155 fa.

2127 4185 2266 4231 stum
2305 4185 2600 4247 putassent.
2647 4176 2861 4232 Etenim
2905 4179 2950 4233 si
2992 4189 3110 4249 post
3141 4189 3347 4239 tantum
3376 4191 3712 4258 temporiset

2129 4276 2205 4321 tot
2231 4269 2452 4337 patratis
2481 4269 2778 4334 miraculis,
2813 4284 2934 4324 cum
2975 4272 3052 4327 sic
3094 4273 3186 4329 illc
3234 4276 3558 4346 loqueretur,
3608 4282 3709 4338 hoc

2127 4359 2381 4430 suSpicati
2404 4370 2559 4425 sunt;
2595 4360 2764 4416 multo
2788 4364 2959 4432 magis
2994 4372 3122 4420 tunc
3163 4366 3215 4421 id
3259 4372 3490 4438 putaturi
3534 4385 3705 4430 erant.

2129 4452 2356 4522 Ideoque
2383 4451 2631 4508 dicebant
2651 4453 2727 4509 illi
2754 4469 2768 4506 :
2795 4454 3052 4508 Abraham
3073 4467 3298 4513 mortuus
3318 4470 3409 4525 est,
3432 4472 3480 4516 et
3500 4465 3711 4535 praphe.

2128 4554 2193 4602 ta:
2217 4545 2401 4598 mortui
2422 4554 2558 4611 sunt,
2578 4553 2624 4599 et
2643 4546 2894 4614 quomodo
2911 4554 2968 4599 tu
2995 4547 3122 4602 dicis
3147 4563 3168 4602 .‘
3198 4547 3260 4604 Si
3291 4551 3405 4620 quis
3429 4568 3709 4611 sermonem

2129 4653 2294 4693 nicum
2333 4638 2634 4714 seruauerit,
2690 4641 2742 4691 in
2793 4648 3039 4693 tcternum
3082 4658 3184 4695 non
3225 4645 3443 4714 gustabit
3499 4659 3709 4702 mortem

2116 4727 2309 4798 (Joan.
2339 4727 2393 4783 8.
2423 4727 2552 4799 52)?
2581 4727 2658 4783 Ne
2686 4729 2846 4798 igitur
2870 4729 2958 4785 hic
2994 4747 3206 4804 quoque
3233 4733 3605 4806 eil'erarentur,
3631 4737 3712 4790 vi-

2127 4822 2194 4878 de
2223 4822 2352 4893 quid
2381 4821 2555 4878 dicat:
2588 4822 2688 4887 Qui
2733 4825 2937 4878 verbum
2981 4841 3147 4880 meum
3192 4828 3358 4895 audit,
3397 4839 3444 4882 et
3480 4832 3638 4888 credit
3665 4835 3714 4884 ei

2126 4918 2212 4984 qui
2241 4932 2320 4969 me
2346 4915 2500 4979 misit,
2529 4913 2674 4988 habet
2700 4915 2853 4968 vitam
2880 4925 3139 4970 (sternam.
3172 4917 3320 4972 llanc
3347 4919 3590 4988 loquendi
3623 4933 3709 4972 ra-

2129 5011 2328 5064 tionem
2370 5007 2525 5065 facile
2571 5008 2853 5064 admittere
2879 5017 3142 5080 poterant,
3183 5025 3304 5064 cum
3333 5010 3600 5065 discerent
3617 5025 3714 5067 eos

2129 5103 2217 5171 qui
2248 5102 2430 5157 .Icsum
2479 5100 2724 5156 audirent
2764 5101 2908 5157 Patri
2955 5101 3199 5156 credere.
3245 5099 3378 5156 Cum
3419 5102 3560 5156 enim
3611 5099 3715 5156 hoc

2131 5194 2356 5249 libenter
2382 5172 2744 5258 admittere’nt,
2785 5200 2976 5246 cmtera
3003 5191 3208 5246 facilius
3236 5191 3504 5260 accepturi
3535 5203 3708 5246 erant.

2134 5287 2314 5358 Itaque
2342 5302 2462 5341 cum
2495 5286 2695 5340 humile
2732 5285 3001 5355 quidpiam
3046 5283 3266 5347 diceret,
3316 5282 3712 5339 sublimioribus

2137 5381 2275 5435 vium
2319 5378 2557 5450 parabat.
2600 5378 2885 5446 Postquam
2923 5385 3100 5430 autem
3143 5373 3301 5440 dicit,
3351 5371 3516 5428 Habet
3560 5376 3712 5429 vitam

2199 5541 2214 5572 ι
2249 5537 2393 5588 Hunc
2413 5536 2572 5586 locum
2594 5535 2666 5583 sic
2688 5527 3125 5598 επθςιηριοτθι.ε...,
3144 5527 3427 5598 Judteorum
3457 5524 3708 5598 inﬁrmitas

2134 5601 2220 5649 hoc
2243 5586 2384 5649 modo
2406 5602 2600 5647 curetur
2623 5607 2640 5643 :
2664 5593 2797 5654 apud
2820 5589 2926 5654 illos
2961 5586 3118 5654 enim,
3136 5595 3357 5640 extrema
3377 5587 3564 5640 insania
3583 5586 3709 5634 ((th-

2135 5667 2314 5719 rantes,
2341 5658 2477 5719 quasi
2499 5657 2583 5706 Dei
2601 5651 2907 5719 aduersarius
2931 5651 3256 5719 remittuntur.

2201 5723 2272 5782 (a)
2297 5712 2530 5769 fsabellius
2555 5715 2750 5779 putabat
2782 5726 2926 5763 unam
2951 5712 3062 5765 esse
3087 5714 3135 5762 in
3160 5712 3264 5762 Deo
3285 5722 3557 5774 personam.

3315 5807 3382 5863 Η
