4104 6156
430 303 537 359 2'25

368 461 372 464 .
431 432 690 480 a-ternatn,
729 410 997 483 subjungit
1027 425 1040 465 :
1076 407 1138 462 Et
1183 410 1234 460 in
1278 404 1532 478 judicium
1583 415 1683 453 non
1719 396 1869 460 venit,
1923 393 2010 447 sed

431 505 632 560 transiit
657 522 688 558 a
710 513 867 558 morte
889 503 942 555 in
967 501 1137 555 vitam.
1169 498 1262 552 llis
1289 495 1494 550 duobus
1513 491 1612 548 sibi
1642 489 1799 542 ﬁdem
1829 485 2011 540 conci-

430 600 546 662 liat,
577 608 629 652 et
659 595 799 663 quod
830 593 975 649 Patri
998 589 1320 646 credendum
1351 587 1575 650 diceret,
1607 592 1661 637 et
1685 581 1826 653 quod
1857 580 2010 634 obse-

427 689 610 758 quenti
640 687 802 741 multa
829 685 964 739 bona
1007 682 1362 752 polliceretur.
1397 676 1527 730 Illud
1557 683 1756 739 autem,
1785 670 1849 724 In
1867 670 2013 740 judi-

428 781 561 832 cium
601 794 703 832 non
731 777 882 842 venit,
923 774 975 829 id
1019 780 1122 837 est,
1162 785 1269 825 non
1300 769 1533 840 punitur.
1574 766 1794 820 Mortem
1835 773 2009 816 autem

429 885 536 924 non
567 869 724 933 hanc,
755 865 850 922 sed
887 875 1142 920 aeternam
1171 861 1334 925 dicit;
1362 868 1420 914 ut
1463 868 1518 913 et
1552 858 1715 911 vitam
1754 855 1879 908 dicit
1908 853 2011 906 im-

428 959 732 1013 mortalem.
761 956 850 1011 25.
885 955 1067 1019 Amen,
1099 968 1244 1006 amen
1281 950 1396 1003 dico
1421 947 1577 1011 vobis,
1611 947 1742 1000 venit
1788 945 1932 1006 hora,
1966 953 2012 997 et

427 1065 563 1102 nunc
589 1059 682 1112 est,
717 1063 829 1099 cum
873 1044 1062 1097 mortui
1107 1040 1312 1095 audient
1341 1055 1509 1092 vocem
1540 1037 1666 1088 Filii
1697 1034 1931 1096 hominis,
1966 1042 2013 1086 et

427 1139 513 1209 qui
542 1137 812 1202 audierint,
840 1135 1020 1188 vivent.
1047 1131 1309 1202 Operibus
1335 1130 1462 1199 ipsis
1490 1128 1651 1182 verba
1677 1123 2008 1193 comprobat.

427 1229 560 1283 Nam
587 1243 707 1282 cum
735 1226 974 1289 dixisset,
995 1223 1140 1279 Sicut
1161 1221 1314 1275 Pater
1337 1219 1544 1274 suscitat
1572 1227 1794 1272 mortuos
1823 1225 1870 1270 et
1893 1215 2016 1267 vivi-

428 1319 566 1387 ]icat,
609 1318 681 1372 sic
713 1325 760 1371 et
802 1315 970 1368 Filius
1008 1329 1134 1384 quos
1173 1312 1276 1365 vult
1312 1310 1549 1380 vivi/ictu,
1593 1323 1661 1363 ne
1703 1308 2012 1362 viderentur

429 1409 546 1465 hcce
569 1425 633 1464 ex
677 1408 927 1479 iactantia
966 1414 1021 1462 et
1057 1404 1197 1459 l'astu
1246 1404 1388 1458 dicta
1432 1402 1614 1468 fuisse,
1657 1417 1721 1456 ex
1761 1399 2013 1469 operibus

429 1518 542 1558 rem
570 1502 916 1565 demonstrat,
958 1513 1079 1554 cum
1115 1497 1266 1563 dicit,
1318 1495 1464 1550 Venit
1498 1495 1644 1548 hora.
1699 1492 1902 1547 Deinde
1943 1505 2012 1546 ne

428 1603 582 1665 putes
611 1594 700 1649 diu
743 1590 1158 1662 exspectandum
1203 1603 1344 1652 esse,
1385 1587 1585 1657 adjicit,
1638 1585 1706 1639 Et
1752 1600 1888 1638 nunc
1913 1593 2008 1648 est,

426 1701 542 1738 cum
569 1684 758 1738 mortui
796 1684 1004 1736 audient
1041 1695 1210 1734 vocem
1239 1677 1366 1732 Filii
1399 1677 1515 1744 Dei,
1545 1686 1591 1730 et
1615 1677 1700 1747 qui
1736 1675 2011 1742 audierint,

426 1781 609 1830 vivent.
651 1773 836 1828 \‘iden’
873 1771 962 1826 hic
1002 1769 1372 1825 auctoritatem
1408 1776 1464 1823 et
1491 1765 1783 1837 potentiam
1827 1764 2014 1820 ineffa-

427 1865 628 1923 bilem?
654 1861 1110 1934 Quemadmodum
1141 1861 1284 1916 enim
1320 1859 1373 1914 in
1402 1858 1820 1922 resurrectione,
1848 1856 1927 1910 sic
1959 1862 2016 1910 et

431 1970 572 2012 nunc
590 1957 715 2022 erit,
743 1953 932 2024 inquit.
979 1950 1110 2006 Nam
1151 1958 1277 2006 tunc
1305 1947 1484 2004 audita
1513 1947 1826 2017 imperantis
1861 1957 2009 2011 voce,

429 2059 801 2117 resurgemus;
833 2043 899 2098 In
923 2045 1074 2114 jussu
1097 2040 1196 2096 Dei
1223 2043 1239 2073 ¹
1260 2081 1276 2107 ,
1306 2039 1497 2111 inquit,
1528 2038 1716 2092 mortui
1755 2044 2013 2107 resurgent

429 2142 506 2208 (l.
529 2137 708 2192 Thess.
731 2136 786 2191 4.
817 2133 927 2207 16).
956 2135 1025 2190 Et
1059 2131 1220 2198 unde,
1253 2131 1480 2202 inquies,
1507 2136 1718 2184 constat
1745 2126 1874 2182 illud
1907 2141 2012 2180 non

427 2245 494 2286 ex
537 2228 676 2283 fastu
717 2227 917 2284 dictum
967 2225 1124 2280 esse?
1153 2224 1232 2279 Ex
1255 2237 1321 2278 eo
1345 2219 1488 2292 quod
1513 2219 1746 2282 additur,
1779 2217 1846 2271 Et
1881 2233 2014 2270 nunc

427 2330 522 2377 est.
542 2320 673 2376 Nam
695 2319 740 2374 si
762 2320 936 2373 futura
958 2326 1160 2372 tantum
1181 2315 1470 2380 nuntiaret,
1490 2311 1616 2366 hinc
1635 2310 1765 2380 ipsis
1778 2309 2014 2378 suspicio

427 2421 549 2468 orta
587 2419 751 2468 esset.
789 2409 905 2466 Jam
945 2423 1076 2464 vero
1111 2407 1189 2463 rei
1225 2403 1740 2476 demonstrationem
1784 2399 2009 2470 prabet.

425 2503 531 2571 Ile,
562 2503 754 2574 inquit,
805 2501 1080 2558 vobiscum
1130 2507 1377 2556 versante
1422 2497 1524 2553 hoc
1565 2481 1796 2552 eveniet.
1831 2492 2014 2562 Neque

425 2597 592 2662 enim,
647 2595 747 2650 nisi
790 2603 1108 2666 potestatem
1154 2591 1449 2656 habuisset,
1501 2589 1604 2644 hoc
1655 2586 2012 2658 promissurus

426 2698 561 2754 erat,
614 2703 682 2743 ne
725 2686 982 2743 ridiculus
1009 2684 1261 2741 omnibus
1286 2689 1451 2739 esset.
1497 2679 1700 2736 Deinde
1735 2679 1874 2734 dicta
1916 2689 2011 2730 sua

426 2779 660 2849 explicat
675 2777 761 2833 his
782 2775 1091 2833 verbis:26.
1121 2775 1270 2831 Sicut
1288 2774 1421 2828 enim
1443 2770 1601 2826 Pater
1625 2771 1772 2826 habet
1791 2773 1942 2823 vitam
1958 2769 2010 2823 in

427 2869 715 2938 semetipso,
738 2868 811 2922 sic
841 2867 977 2921 dedit
1011 2875 1058 2921 et
1084 2865 1221 2920 Filio
1249 2866 1400 2918 vitam
1431 2863 1614 2918 habere
1639 2863 1692 2916 in
1719 2861 2006 2930 semetipso.

499 2964 553 3019 3.
573 2961 745 3017 Patris
769 2971 817 3015 et
847 2959 974 3014 Filii
996 2959 1278 3029 a'qualitas.
1292 2955 1329 3010 1
1333 2955 1575 3022 udicium,
1592 2956 1763 3019 vitam,
1784 2969 2007 3007 resurre-

425 3057 640 3110 ctionem
656 3071 747 3109 cur
760 3053 990 3109 Christus
1007 3067 1139 3122 saepe
1159 3057 1416 3104 memoret.
1439 3046 1632 3100 Paulus
1649 3045 2011 3101 Samosatcnus

424 3147 676 3218 quomodo
696 3147 851 3218 legat.
881 3144 1011 3212 Quis
1038 3144 1100 3198 sit
1121 3159 1265 3198 verus
1291 3139 1490 3212 legendi
1515 3138 1716 3192 modus.
1733 3166 1806 3178 —
1823 3135 2008 3191 Viden‘

423 3238 696 3310 quomodo
723 3236 1084 3306 :equalitatem
1119 3234 1352 3289 stabiliat
1369 3273 1384 3296 .
1409 3241 1464 3287 et
1488 3231 1627 3286 hanc
1655 3230 1822 3285 solam
1850 3227 2008 3283 dill‘e-

426 3331 656 3387 rentiam
697 3338 932 3394 statuat,
958 3325 1099 3398 quod
1129 3341 1266 3380 unus
1306 3325 1375 3379 sit
1423 3323 1615 3386 Pater,
1644 3320 1778 3375 alter
1804 3319 2009 3374 Filius?

425 3424 557 3479 Nam
587 3438 687 3478 vox
712 3422 822 3488 illa,
855 3421 1029 3486 Dedit,
1059 3419 1197 3474 hanc
1224 3417 1396 3473 solum
1425 3414 1825 3470 distinctionem
1851 3410 2006 3466 indu-

425 3516 498 3574 sit
519 3533 534 3570 :
559 3525 750 3571 caetera
782 3527 909 3569 vero
947 3511 1127 3568 omnia
1169 3508 1393 3579 aequalia
1421 3514 1477 3563 et
1503 3505 1649 3578 paria
1676 3518 1795 3560 esse
1822 3511 2004 3558 osteno

431 3606 521 3668 iit.
551 3603 704 3662 Unde
730 3606 894 3674 liquet
922 3618 1045 3658 eum
1075 3615 1198 3656 cum
1225 3597 1414 3655 eadem
1440 3603 1702 3668 potestate
1727 3604 1781 3650 et
1811 3593 2007 3648 virtute

422 3696 600 3750 omnia
629 3694 820 3758 facere,
851 3709 952 3763 qua
980 3693 1154 3756 Pater,
1186 3705 1287 3746 nec
1313 3687 1527 3744 aliunde
1555 3688 1660 3742 vim
1689 3687 1833 3740 illam
1888 3700 2008 3739 mu-

425 3794 622 3842 tuatus.
651 3783 726 3838 lta
752 3785 893 3838 enim
918 3783 1076 3836 vitam
1106 3781 1286 3847 habet,
1314 3790 1374 3851 ut
1418 3780 1594 3834 Pater.
1629 3777 1858 3848 Ideoque
1885 3791 2008 3830 rur-

424 3892 518 3932 sus
543 3874 729 3945 adjicit
757 3872 808 3927 id
834 3871 976 3942 quod
1005 3871 1244 3941 sequitur
1267 3911 1285 3935 ,
1315 3878 1375 3924 ut
1411 3885 1478 3925 ex
1518 3869 1619 3923 hoc
1649 3868 1777 3922 illud
1810 3867 2007 3921 intelli-

423 3983 631 4040 gamus.
655 3964 794 4033 Quid
817 3962 946 4020 illud
968 3961 1083 4020 est?
1114 3961 1181 4016 Et
1211 3968 1504 4031 potestatem
1525 3958 1662 4013 dedit
1683 3960 1729 4013 ei
1748 3957 2006 4028 judicium

422 4063 608 4131 facere.
640 4058 706 4114 Et
733 4072 830 4114 cur
870 4055 1317 4110 resurrectionem
1357 4060 1412 4106 ct
1447 4050 1706 4121 judicium
1749 4058 1854 4104 tam
1898 4047 2007 4102 fre-

422 4161 648 4222 quenter
675 4146 968 4204 memorat?
997 4143 1142 4200 Sicut
1181 4144 1314 4198 enim
1350 4141 1510 4198 Pater
1546 4141 1754 4196 suscitat
1784 4149 2008 4194 mortuos

427 4257 471 4297 et
496 4241 736 4311 vivi/ient,
763 4241 836 4296 sic
864 4250 913 4294 et
939 4237 989 4292 F
991 4238 1108 4292 ilius
1126 4253 1253 4308 quos
1280 4235 1381 4290 vult
1410 4235 1652 4304 viviﬁcat;
1681 4240 1735 4288 et
1759 4247 1968 4287 rursum
1991 4271 2005 4294 ,

427 4333 606 4406 Neque
626 4333 782 4388 Pater
796 4332 999 4404 judicat
1019 4345 1341 4402 quemquam,
1363 4327 1451 4382 sed
1479 4343 1626 4381 omne
1643 4325 1900 4398 judiciunt
1929 4324 2010 4376 de-

424 4428 500 4481 dit
533 4426 704 4490 Filio;
732 4426 1058 4493 iterumque,
1087 4421 1232 4477 Sicut
1269 4418 1426 4474 Pater
1463 4419 1608 4473 habet
1658 4418 1811 4472 vitam
1847 4417 1900 4470 itt
1933 4433 2011 4469 sc-

425 4519 658 4590 metipso,
680 4518 752 4570 ita
771 4515 908 4569 dedit
933 4524 976 4567 et
1002 4512 1136 4566 Filio
1156 4513 1311 4566 vitam
1337 4510 1517 4563 habere
1542 4510 1595 4562 itt
1618 4509 1906 4576 semetipso;
1933 4515 2006 4573 et,

429 4609 532 4676 Qui
559 4607 765 4660 audient
795 4619 962 4658 vocem
993 4601 1120 4656 Filii
1149 4599 1264 4666 Dei,
1293 4600 1490 4661 vivent;
1516 4609 1570 4651 ct
1596 4599 1698 4653 hoc
1729 4599 1874 4660 luco,
1908 4596 2010 4652 Po-

427 4708 656 4755 testatem
675 4698 721 4751 ei
752 4696 889 4749 dedit
915 4703 960 4748 et
978 4693 1231 4762 judicium
1259 4694 1445 4760 facere.
1474 4688 1584 4744 Cur
1602 4702 1730 4757 ergo
1763 4687 1878 4741 ιιωο
1898 4687 2012 4741 fre-

425 4789 678 4862 quentius
703 4794 904 4851 versat,
933 4798 1125 4854 nempe
1147 4781 1424 4853 judicium,
1453 4781 1637 4844 vitam,
1667 4779 2010 4834 resurrectio-

427 4881 591 4940 nem?
618 4878 880 4947 Quoniam
909 4876 1024 4930 hcce
1045 4874 1272 4930 maxime
1292 4882 1416 4928 sunt
1435 4886 1555 4942 qua
1576 4871 1656 4925 vel
1683 4869 2011 4925 obstinatum

426 4972 724 5029 auditorem
753 4968 968 5024 ﬂectere
999 4965 1220 5035 possint.
1249 4963 1352 5030 Qui
1378 4963 1518 5017 enim
1547 4960 1717 5016 credit
1745 4974 1804 5014 se
1832 4973 2013 5013 resur-

427 5073 697 5120 recturum
721 5074 864 5125 esse,
886 5067 941 5114 et
966 5057 1228 5112 scelerum
1259 5069 1444 5124 pinnas
1459 5053 1703 5108 daturum
1731 5069 1746 5118 ;
1770 5051 1869 5106 etsi
1906 5065 2010 5104 nou

423 5153 570 5208 aliud
593 5152 786 5208 viderit
810 5150 1044 5220 signum,
1078 5146 1180 5200 hoc
1209 5155 1432 5214 accepto
1461 5140 1704 5199 Iccurret
1728 5142 1867 5197 haud
1913 5141 2014 5196 du-

423 5244 539 5310 bie,
570 5251 627 5297 ut
651 5242 941 5313 prOpitium
971 5238 1072 5295 sibi
1098 5237 1334 5307 judicem
1367 5237 1574 5292 reddat.
1616 5235 1704 5288 27.
1739 5235 1871 5300 Quia
1913 5233 2012 5286 Fi-

429 5335 529 5388 lius
554 5333 770 5388 hominis
795 5343 887 5390 est.
912 5331 1003 5387 28.
1027 5330 1181 5385 nolite
1204 5329 1298 5383 hoc
1321 5327 1584 5382 admirari.
1617 5327 1807 5381 Paulus
1827 5324 2014 5380 Samo-

430 5433 648 5478 eatenus
668 5437 772 5478 non
790 5423 866 5476 sic
884 5421 1038 5491 legit;
1063 5420 1156 5476 sed
1173 5417 1638 5491 quomodolDedit
1656 5418 1700 5471 ei
1720 5425 2013 5487 potestatem

431 5515 680 5588 judicium
725 5513 888 5582 facere
907 5554 922 5578 ,
951 5515 1071 5584 quia
1099 5512 1268 5568 Filius
1299 5512 1516 5567 hominis
1543 5519 1633 5566 est.
1674 5509 1870 5563 Verum
1913 5507 2016 5563 hoc

435 5608 504 5661 ita
547 5607 740 5661 lectum
771 5604 968 5658 nullam
1007 5605 1165 5660 habet
1190 5605 1688 5676 consequutionem.
1716 5601 1836 5659 Non
1870 5602 2014 5658 enim

499 5719 515 5750 ⁸
554 5715 636 5768 alii
661 5715 836 5778 legunt
861 5726 872 5760 :
902 5721 952 5761 tn
967 5713 1111 5774 jussu
1126 5715 1234 5780 Dei,
1275 5716 1327 5767 in
1350 5715 1601 5768 novissima
1624 5713 1751 5767 tuba.

1153 291 1208 350 S.
1249 288 1526 350 JOANNIS
1549 280 2017 342 CIIRYSOSTOMI
2058 275 2372 332 ARCHIEP.
2412 269 2944 330 CONSTANTIIVOP.

3589 269 3697 325 225

2119 409 2237 465 ideo
2251 407 2507 478 judicium
2523 405 2748 474 accepit,
2766 403 2888 474 quia
2905 401 3065 458 homo
3080 409 3160 455 est
3181 415 3194 453 :
3211 398 3441 469 alioquin
3462 398 3588 470 quid
3607 401 3700 453 itu-

2119 501 2323 570 pedirct
2350 498 2634 568 quominus
2654 510 2841 550 omnes
2866 492 3107 549 homines
3125 490 3332 560 judices
3353 501 3535 546 essent
3551 491 3576 543 ἲ
3603 491 3696 543 sed

2117 591 2240 661 quia
2272 589 2549 644 inell‘abilis
2577 587 2717 641 illius
2739 586 3049 640 substantiae
3076 583 3239 639 Filius
3262 592 3366 646 est,
3392 584 3512 638 ideo
3533 583 3696 652 judex

2117 689 2220 735 est.
2251 680 2323 734 Ita
2353 680 2510 750 igitur
2539 677 2840 748 legendum,
2872 677 3004 744 Quia
3034 675 3201 730 Filius
3231 676 3448 730 hominis
3474 685 3567 739 est,
3599 692 3698 728 no-

2118 770 2204 825 lite
2223 771 2315 824 hoc
2334 770 2594 822 admirari.
2631 769 2760 824 Cum
2798 769 3066 824 videretur
3096 768 3425 822 auditoribus
3455 783 3699 837 pugnan-

2119 862 2189 915 tia
2233 861 2414 930 loqui,
2447 869 2499 914 et
2529 859 2656 914 nihil
2688 859 2829 923 aliud
2869 874 3027 928 quam
3060 874 3250 928 purum
3276 858 3546 912 hominem
3577 872 3700 914 esse

2117 953 2261 1006 illum
2290 959 2556 1022 putarent,
2585 951 2744 1006 verba
2766 958 2942 1006 autem
2969 965 3127 1019 supra
3150 950 3442 1015 hominem,
3472 950 3581 1004 imo
3608 965 3701 1004 su-

2115 1059 2208 1114 pra
2234 1044 2452 1114 augelos
2477 1050 2677 1109 essent,
2705 1051 2759 1097 et
2786 1041 2952 1096 solius
2984 1043 3112 1103 Dei;
3139 1042 3275 1096 hanc
3313 1041 3526 1095 solvens
3551 1042 3701 1108 obje-

2117 1134 2348 1188 ctiouem
2396 1133 2719 1203 subiunxit:
2763 1131 2936 1186 Nolite
2975 1132 3148 1186 mirari
3195 1133 3289 1185 hoc
3316 1173 3332 1199 ,
3372 1132 3491 1198 quia
3530 1131 3703 1186 Filius

2117 1224 2334 1277 hominis
2363 1232 2434 1278 est
2463 1241 2482 1278 :
2507 1224 2624 1293 quia
2645 1225 2776 1278 venit
2803 1225 2947 1289 hora,
2975 1224 3027 1278 in
3053 1240 3152 1293 qua
3178 1240 3368 1289 omnes,
3395 1225 3484 1293 qui
3512 1224 3563 1276 in
3592 1241 3701 1276 mo-

2116 1316 2364 1370 numentis
2387 1325 2523 1382 sunt,
2555 1317 2759 1371 audient
2781 1332 2950 1371 vocem
2979 1317 3110 1387 ejus;
3138 1316 3228 1372 29.
3254 1325 3299 1370 et
3326 1317 3594 1386 precedent
3616 1319 3702 1386 qni

2117 1406 2246 1460 bona
2273 1409 2534 1477 fecerunt,
2560 1410 2615 1462 in
2642 1410 3054 1463 resurrectionem
3097 1411 3210 1463 vita:
3235 1425 3254 1462 :
3282 1410 3368 1479 qui
3399 1411 3527 1464 vero
3565 1413 3702 1463 mala

2115 1508 2360 1568 egerunt,
2389 1501 2443 1553 in
2466 1501 2880 1555 resurrectionem
2895 1499 3103 1568 judicii.
3139 1501 3207 1555 Et
3260 1515 3356 1555 cur
3383 1515 3489 1555 nou
3519 1502 3652 1556 dixit
3679 1543 3696 1568 ,

2116 1588 2287 1644 Nolite
2310 1590 2511 1655 mirari,
2540 1591 2661 1660 quia
2690 1589 2856 1644 Filius
2885 1589 3118 1645 hominis
3143 1591 3398 1645 est?uam
3425 1593 3582 1646 etiam
3616 1591 3702 1645 Fi-

2117 1682 2220 1736 lius
2259 1683 2352 1738 Dei
2393 1693 2514 1749 est;
2559 1683 2653 1739 sed
2696 1685 3144 1740 resurrectionem
3183 1686 3538 1739 memoravit?
3575 1683 3693 1739 Jam

2118 1773 2245 1828 illud
2289 1789 2448 1844 supra
2489 1785 2777 1845 posuerat,
2809 1774 2992 1830 dicens
3043 1793 3056 1829 :
3100 1775 3322 1829 Audierit
3360 1789 3525 1828 vocem
3572 1773 3699 1829 Filii

2117 1864 2235 1919 Dei.
2271 1865 2425 1932 Quod
2454 1866 2499 1920 si
2530 1866 2616 1922 hic
2653 1865 2782 1921 illud
2811 1865 3010 1931 tacuit,
3055 1880 3122 1920 ne
3160 1866 3390 1919 mireris.
3417 1864 3546 1918 Nam
3575 1879 3696 1919 cum

2118 1971 2252 2026 Opus
2280 1956 2474 2011 dixerit
2514 1955 2655 2026 quod
2683 1957 2791 2011 Deo
2815 1956 3085 2026 proprium
3111 1963 3260 2022 erat,
3294 1954 3419 2008 hinc
3460 1953 3696 2009 iul‘eren-

2117 2046 2243 2101 dum
2285 2046 2616 2102 auditoribus
2653 2046 2942 2117 relinquit,
2973 2046 3143 2114 ipsum
3183 2058 3308 2100 esse
3355 2052 3410 2098 et
3444 2043 3613 2098 Deum
3640 2053 3700 2098 et

2119 2140 2212 2196 Dei
2241 2139 2452 2195 Filium.
2484 2139 2614 2194 Nam
2640 2139 2685 2192 si
2711 2137 2763 2193 id
2785 2138 3090 2208 frequenter
3109 2137 3347 2204 dixisset,
3379 2136 3496 2191 illos
3523 2135 3590 2190 ad
3616 2151 3702 2190 re-

2118 2229 2458 2300 pugnandum
2481 2231 2823 2296 concitasset;
2845 2244 2911 2283 ex
2933 2229 3202 2283 miraculis
3232 2243 3359 2282 vero
3383 2225 3702 2296 comproba-

2118 2334 2228 2378 tum
2275 2326 2448 2378 minus
2491 2324 2730 2378 odiosam
2769 2322 3064 2377 doctrinam
3103 2318 3382 2375 reddebat.
3430 2318 3564 2372 Nam
3607 2319 3698 2388 qui

2117 2416 2456 2486 syllogismos
2478 2419 2698 2470 nectunt
2715 2455 2728 2478 ,
2751 2413 2936 2484 positis
2966 2410 3415 2482 propositionibus
3440 2424 3562 2478 qua:
3583 2423 3696 2462 rem

2115 2506 2360 2575 probent,
2391 2519 2534 2575 saepe
2560 2503 2957 2559 conclusionem
2988 2517 3095 2556 non
3121 2499 3371 2564 an‘erunt;
3407 2497 3502 2553 sed
3521 2499 3696 2552 bene-

2115 2596 2465 2650 volentiorem
2510 2594 2634 2648 hinc
2661 2593 2762 2648 sibi
2791 2593 3092 2647 auditorem
3127 2589 3391 2653 reddunt,
3423 2597 3480 2643 et
3518 2587 3698 2658 splen-

2114 2685 2375 2741 didiorem
2397 2685 2634 2741 referunt
2659 2684 2956 2750 victoriam,
2981 2683 3106 2737 dum
3131 2680 3493 2736 adversarium
3521 2680 3694 2750 ipsum

2114 2787 2312 2848 cogunt
2351 2777 2668 2832 sententiam
2709 2776 2851 2832 ferre
2895 2789 3053 2844 quain
3106 2772 3343 2828 volunt:
3377 2772 3447 2826 ita
3498 2781 3556 2825 ut
3603 2772 3691 2840 qui

2115 2881 2407 2940 praesentes
2433 2879 2557 2924 sunt
2582 2870 2748 2940 ipsam
2779 2867 2900 2923 ideo
2925 2867 3106 2921 statim
3127 2865 3538 2935 amplectantur.
3560 2861 3694 2917 Cum

2114 2975 2273 3031 porro
2317 2959 2502 3014 Lazari
2547 2958 2994 3015 resurrectionem
3041 2955 3395 3020 memoravit,
3434 2952 3692 3023 judicium

2115 3053 2296 3119 tacuit;
2328 3067 2432 3106 non
2453 3051 2596 3106 enim
2623 3049 2724 3105 hac
2741 3047 2808 3104 de
2828 3062 2989 3104 causa
3017 3045 3303 3102 suscitatus
3319 3058 3398 3100 est
3422 3042 3689 3099 Lazarus:

2112 3159 2234 3200 cum
2249 3151 2428 3198 autem
2443 3141 2513 3198 de
2536 3139 2822 3197 universali
2847 3138 3262 3201 resurrectione,
3287 3135 3338 3192 id
3359 3135 3572 3205 adjecit,
3595 3149 3693 3190 eos

2111 3237 2201 3307 qui
2223 3237 2360 3292 bona
2389 3243 2609 3306 egerunt
2636 3233 2802 3289 ituros
2829 3233 2882 3288 in
2911 3230 3364 3288 resurrectionem
3405 3229 3528 3283 vitae
3553 3245 3569 3293 ;
3600 3229 3688 3296 qui

2113 3343 2241 3383 vero
2266 3327 2400 3382 mala
2424 3367 2439 3392 ,
2468 3327 2520 3381 iu
2551 3324 2999 3381 resurrectionem
3018 3322 3225 3392 judicii.
3257 3321 3347 3376 Sic
3371 3330 3426 3375 et
3451 3319 3522 3375 Jo
3539 3333 3691 3374 uiues

2111 3421 2407 3475 auditorem
2435 3418 2718 3484 excitavit,
2745 3416 3000 3486 judicium
3033 3429 3371 3480 memorans,
3413 3421 3467 3468 et
3507 3411 3692 3467 dicens

2111 3527 2233 3568 eum
2259 3513 2348 3583 qui
2379 3527 2484 3566 non
2511 3509 2682 3566 credit
2709 3510 2761 3564 in
2787 3508 2980 3564 Filium
3001 3547 3015 3572 ,
3049 3521 3157 3562 non
3187 3508 3421 3561 visurum
3463 3519 3582 3559 esse
3612 3503 3691 3558 vi-

2113 3615 2218 3661 tam
2240 3646 2254 3668 ,
2280 3605 2373 3660 sed
2405 3605 2536 3659 iram
2559 3603 2651 3658 Dei
2679 3616 2986 3657 mansuram
3012 3616 3135 3656 esse
3161 3615 3325 3670 super
3349 3616 3469 3655 eum
3496 3597 3688 3670 (Joan.

2112 3699 2165 3752 5.
2196 3696 2308 3766 56).
2331 3697 2422 3750 Sic
2457 3703 2512 3751 et
2543 3693 2832 3750 Nieodemo
2857 3691 2989 3747 dixit
3020 3709 3035 3747 :
3064 3691 3166 3759 Qui
3193 3692 3350 3745 credit
3375 3692 3428 3745 in
3457 3690 3652 3744 Filium
3673 3730 3690 3756 ,

2111 3805 2211 3841 non
2246 3787 2515 3857 judicatur
2541 3802 2560 3841 :
2587 3786 2672 3857 qui
2701 3795 2871 3839 autent
2910 3800 3012 3838 non
3059 3783 3217 3837 credit
3244 3824 3260 3850 ,
3281 3784 3394 3853 jam
3428 3782 3692 3852 judicatus

2113 3888 2188 3933 est
2212 3877 2264 3947 (Ι
2273 3878 2374 3935 bid.
2410 3879 2464 3934 5.
2489 3875 2608 3949 18).
2636 3877 2728 3934 Sic
2747 3884 2801 3934 ct
2823 3875 2926 3932 hoc
2947 3875 3067 3931 loco
3094 3884 3148 3930 et
3165 3874 3355 3945 judicii
3375 3882 3428 3928 et
3449 3873 3694 3942 supplicii

2114 3968 2390 4032 meminit,
2431 3968 2587 4022 malis
2621 3968 2828 4023 actibus
2866 3967 3130 4036 deputati.
3171 3966 3306 4032 Quia
3347 3965 3489 4020 enim
3532 3977 3692 4033 supra

2113 4059 2340 4121 dixerat,
2371 4057 2471 4125 Qui
2497 4057 2638 4112 audit
2666 4058 2814 4112 verba
2833 4073 2961 4123 mea,
2985 4067 3034 4111 et
3052 4057 3208 4111 credit
3237 4057 3282 4109 ei
3305 4055 3392 4125 qui
3414 4071 3491 4107 me
3517 4055 3652 4107 misit
3675 4095 3691 4118 ,

2114 4167 2213 4206 non
2227 4151 2490 4221 judicatur
2513 4167 2530 4205 :
2553 4166 2620 4206 ne
2638 4152 2760 4221 quis
2784 4159 2932 4220 putet
2951 4150 3050 4204 hoc
3067 4149 3133 4204 ad
3153 4148 3376 4203 salutem
3399 4148 3528 4202 satis
3549 4163 3689 4210 esse,

2113 4245 2236 4298 vitae
2261 4242 2523 4297 rationem
2548 4242 2714 4305 addit,
2751 4241 2849 4308 Qui
2875 4241 3007 4295 bona
3033 4248 3256 4311 egerunt,
3288 4239 3340 4291 in
3366 4240 3697 4292 resurrectio-

2115 4351 2228 4389 nem
2253 4334 2402 4398 vitte;
2422 4333 2506 4403 qui
2525 4331 2682 4401 mala,
2704 4333 2756 4387 in
2785 4331 3201 4386 resurrectionem
3210 4331 3413 4401 judicii.
3432 4330 3695 4397 Quoniam

2115 4430 2277 4501 igitur
2304 4427 2514 4484 dixerat
2533 4436 2704 4482 totum
2733 4427 2918 4482 orbem
2947 4425 3046 4496 ipsi
3073 4428 3334 4481 rationem
3363 4423 3694 4480 redditurum

2115 4535 2236 4575 esse
2256 4559 2272 4585 ,
2309 4527 2366 4574 et
2389 4533 2578 4574 omnes
2597 4533 2627 4573 a
2655 4532 2787 4574 voce
2808 4519 2926 4587 ejus
2951 4531 3070 4574 esse
3109 4526 3502 4573 resurrecturos
3523 4558 3538 4582 ,
3580 4532 3694 4572 rem

2115 4619 2262 4664 certe
2304 4623 2494 4663 novam
2520 4648 2536 4674 ,
2580 4610 3034 4678 inexspectatam,
3077 4617 3134 4664 et
3176 4623 3206 4662 a
3252 4609 3435 4663 multis
3461 4607 3695 4664 nondum

2117 4699 2374 4754 creditam
2401 4741 2417 4765 ,
2451 4701 2518 4755 ab
2553 4700 2617 4754 iis
2651 4700 2814 4755 etiam
2850 4699 2941 4771 qui
2981 4700 3273 4755 credidisse
3296 4700 3575 4766 videntur,
3605 4715 3699 4755 nco

2118 4789 2243 4844 dum
2271 4804 2302 4844 a
2327 4789 2526 4844 Judaeis
2553 4807 2568 4856 ;
2595 4789 2718 4844 audi
2746 4806 2853 4861 quo
2878 4799 3033 4860 pacto
3076 4790 3193 4845 haec
3224 4791 3460 4859 proterat
3486 4791 3700 4844 audito-

2119 4895 2237 4935 rum
2268 4879 2560 4934 iniirmitati
2583 4895 2643 4934 se
2671 4888 3058 4951 attemperans.
3081 4880 3170 4936 30.
3207 4879 3327 4934 Non
3371 4897 3574 4951 possunt
3611 4898 3700 4951 ego

2119 4989 2151 5026 a
2188 4973 2377 5043 meipso
2402 4975 2568 5043 facere
2593 4971 2885 5042 quidquant.
2916 4972 3062 5028 Sicut
3082 4974 3256 5040 audio,
3281 4974 3482 5043 judico,
3532 4985 3579 5029 et
3613 4977 3703 5044 ju-

2121 5064 2308 5117 dicium
2339 5079 2503 5117 meum
2533 5064 2735 5133 justum
2762 5073 2836 5118 est
2859 5105 2874 5130 ,
2912 5064 3031 5133 quia
3058 5079 3158 5117 non
3181 5079 3350 5134 quaero
3393 5064 3702 5118 voluntatem

2121 5171 2303 5222 meam,
2324 5156 2413 5210 sed
2428 5154 2732 5209 voluntatem
2751 5156 2862 5226 ejus
2881 5157 2966 5226 qui
2989 5156 3121 5211 misit
3143 5171 3241 5210 me.
3265 5156 3424 5224 Atqui
3453 5171 3560 5210 non
3585 5172 3704 5226 par-

2122 5263 2244 5301 vum
2272 5247 2381 5316 jam
2427 5246 2648 5302 dederat
2694 5247 3106 5302 resurrectionis
3136 5254 3510 5318 argumentum
3536 5285 3551 5310 ,
3579 5262 3701 5300 cum

2123 5339 2469 5410 paralyticum
2520 5337 2746 5392 sanavit.
2803 5337 3036 5407 Ideoque
3077 5353 3181 5392 non
3223 5347 3346 5392 ante
3371 5336 3438 5392 de
3464 5351 3716 5392 resurre-

2123 5431 2303 5485 ctione
2328 5430 2578 5499 loquutus
2607 5437 2709 5493 est,
2737 5444 2895 5498 quam
2924 5428 3027 5483 hoc
3050 5427 3288 5493 fecisset,
3313 5427 3453 5499 quod
3477 5444 3506 5482 a
3532 5443 3703 5483 resur-

2125 5521 2365 5576 rectione
2393 5535 2499 5574 non
2529 5520 2755 5574 multum
2779 5519 2998 5575 aberat:
3025 5518 3284 5588 judicium
3312 5534 3441 5574 vero
3472 5530 3591 5589 post
3616 5536 3704 5574 cu-

2125 5620 2300 5665 ratum
2323 5625 2518 5680 corpus
2547 5608 2908 5664 subindicavit
2933 5609 3013 5664 his
3045 5608 3225 5663 verbis
3253 5626 3268 5664 :
3300 5608 3433 5665 Ecce
3451 5627 3607 5664 sanus
3626 5613 3704 5680 fa.

2126 5715 2232 5756 ctus
2260 5719 2342 5768 es;
2360 5702 2475 5773 jam
2511 5703 2615 5758 noli
2640 5719 2848 5773 peccare
2869 5744 2883 5769 ,
2910 5718 2973 5756 ne
2993 5702 3213 5757 deterius
3247 5701 3336 5754 tibi
3359 5702 3554 5768 aliquid
3580 5717 3700 5755 con-
