4104 6156
477 302 591 360 2&3

474 414 663 480 δειξιν.
699 411 920 487 Ἐπειδὴ
940 418 967 448 ⁸
997 413 1105 488 7&9
1133 416 1335 486 ἔλεγεν,
1364 417 1587 486 Ὠσπερ
1615 420 1649 472 ὀ
1681 417 1884 486 Πατὴρ
1910 417 2059 486 ἐγεί-

470 515 568 569 ρει
599 496 744 564 τοὺς
770 501 1024 566 νεκροὺς
1056 499 1153 554 καί
1190 498 1471 564 ζωοποιεῖ,
1508 501 1660 556 οὕτω
1709 501 1807 554 καὶ
1847 502 1881 553 ὁ
1926 500 2059 565 Υἱὸς

474 581 587 646 οὓς
625 579 788 635 θέλει
832 579 1125 641 ζωοποιεῖ·
1160 582 1248 636 ἵνα
1297 583 1371 654 μὴ
1410 583 1535 655 δόξῃ
1577 583 1787 654 κόμπος
1816 578 1956 637 εἶναι
1998 582 2060 635 τὸ

478 664 712 734 πρᾶγμα
749 664 842 716 καὶ
885 662 1071 732 τῦφος,
1110 664 1408 736 παρέχεται
1451 667 1545 719 κα)⁸
1581 666 1679 737 τὴν
1718 665 1805 718 διά
1832 665 1942 718 τῶν
1970 664 2061 736 ἐρ-

478 762 591 814 γων
634 745 909 810 ἀπόδειξιν
946 745 1121 816 λέγων
1141 762 1156 776 ·
1189 748 1459 816 Ἔρχεται
1491 748 1632 817 ὥρα.
1681 741 1815 801 Εἶτα
1859 748 1946 801 Eva
1988 748 2062 817 μὴ

484 827 692 899 μακρὸν
720 828 1068 900 ὑποπτεύσῃς
1100 829 1313 901 χρόνον,
1341 832 1536 899 ἐπάγει
1554 848 1569 861 ·
1598 830 1706 886 Καί
1732 830 1851 885 νῦν
1871 831 2061 894 ἐστιν,

482 909 581 964 ὅτε
600 912 655 964 οἱ
688 910 890 979 νεκροί
918 910 1258 965 άκούσουσι
1288 911 1398 980 τῆς
1420 911 1625 982 φωνῆς
1649 913 1755 966 τοῦ
1788 911 1926 967 Υίοῦ
1957 911 2065 966 τοῦ

480 991 652 1056 Θεοῦ,
693 993 794 1047 καί
823 996 879 1048 οί
909 994 1285 1061 ἀκούσαντες
1330 995 1629 1065 ζήσονται.
1676 992 1829 1059 Εἶδες
1869 996 2064 1051 αὐθεν-

479 1076 603 1131 τίαν
642 1076 877 1132 ἐνταῦθα
918 1077 1013 1131 καὶ
1061 1077 1309 1143 ἐξουσίαν
1352 1077 1589 1147 ἀφατον;
1621 1079 1834 1151 Ὠσπερ
1865 1080 1973 1151 γὰρ
2005 1082 2064 1134 ἐν

481 1162 547 1230 τῇ
587 1160 901 1223 ἀναστάσει,
934 1158 1079 1213 οὕτω
1124 1160 1216 1213 καὶ
1253 1160 1348 1214 νῦν
1389 1161 1571 1227 ἔσται,
1607 1162 1758 1234 φησί.
1802 1163 1912 1216 Kal
1955 1161 2065 1234 7&9

481 1240 603 1295 τότε
646 1241 831 1313 φωνῆς
876 1240 1211 1306 ἀκούσαντες
1257 1243 1650 1315 ἐπιταττούσης
1696 1243 2023 1317 ἐγειρόμεθα
2044 1259 2060 1275 ·

490 1321 590 1377 ἐν
626 1325 984 1390 κελεύσματι
1005 1324 1035 1365 δ
1060 1325 1189 1395 γὰρ,
1226 1325 1377 1394 φησὶ,
1417 1325 1566 1380 Θεοῦ
1603 1329 1657 1380 οἱ
1691 1328 1891 1395 νεκροί
1919 1327 2063 1380 ἀνα-

479 1407 833 1478 στήσονται.
868 1410 978 1463 Kal
1025 1409 1186 1463 πόθεν
1212 1409 1387 1480 δῆλον,
1436 1410 1566 1475 ἴσως
1599 1412 1717 1483 ἐρεῖ
1741 1428 1855 1475 τις,
1886 1411 1968 1463 ὅτι
2000 1410 2061 1463 οὐ

484 1494 691 1563 κόμπος
718 1493 786 1547 τά
810 1493 1076 1564 εἰρημένα
1098 1509 1114 1559 ;
1158 1491 1250 1556 Ἐξ
1275 1486 1350 1546 ὧν
1377 1494 1678 1564 ἐπήγαγεν,
1708 1494 1790 1546 ὅτι
1816 1493 1925 1547 Καὶ
1948 1494 2065 1547 νῦν

481 1576 669 1630 ἐστιν.
694 1576 756 1629 Et
787 1575 888 1646 μὲν
911 1574 1020 1647 γάρ
1044 1577 1123 1639 είς
1150 1575 1243 1628 τὸν
1276 1574 1537 1645 μέλλοντα
1569 1576 1730 1646 μόνον
1757 1576 2063 1645 ἐπήγγελτο

480 1659 691 1729 χρόνον,
733 1657 956 1728 ἔμελλεν
984 1659 1013 1711 6
1043 1656 1200 1726 λόγος
1236 1655 1477 1722 ὕποπτος
1506 1653 1646 1711 εἶναι
1689 1657 1818 1729 παρ’
1852 1658 2057 1721 αὐτοῖς.

478 1742 615 1795 Νυνὶ
659 1742 716 1795 δέ
763 1743 992 1813 παρέχει
1034 1741 1131 1813 τὴν
1176 1742 1472 1809 ἀπόδειξιν.
1512 1742 1677 1814 Ἐμοῦ
1716 1743 1844 1814 γάρ,
1891 1743 2057 1812 φησὶ,

479 1823 842 1895 διατρίϐοντος
878 1824 995 1896 μεθ’
1021 1824 1193 1894 ὑμῶν,
1223 1825 1380 1879 τοῦτο
1412 1826 1722 1894 γενήσεται.
1757 1826 1870 1880 Οὐκ
1913 1825 1980 1879 ἂν
2005 1824 2060 1877 δὲ

478 1907 562 1976 μὴ
586 1907 878 1977 δυνάμενος
910 1906 1273 1977 ἐπηγγείλατο
1304 1908 1446 1962 κατά
1471 1908 1562 1962 τὸν
1601 1908 1791 1980 καιρὸν
1828 1909 2055 1972 ἐκεῖνον,

478 1988 627 2041 ὥστε
658 1990 732 2059 μὴ
766 1989 983 2044 πλείονα
1014 1989 1223 2058 γέλωτα
1250 1990 1433 2060 ὀφλεῖν
1472 1992 1536 2045 ἐκ
1564 1992 1661 2060 τῆς
1689 1990 2054 2061 ὑποσχέσεως.

486 2066 621 2124 Εἶτα
651 2073 747 2124 καὶ
779 2071 1029 2142 λογισμὸν
1052 2072 1246 2141 ἐπάγει
1278 2074 1387 2126 τῶν
1424 2073 1729 2143 εἰρημένων
1754 2073 2059 2127 ἀποδεικτι-

483 2153 600 2215 κὸν,
635 2153 836 2222 λέγων·
878 2155 1100 2224 ’Ὠσπερ
1137 2157 1246 2226 γὰρ
1286 2158 1320 2211 ὀ
1370 2156 1575 2224 Πατὴρ
1622 2156 1748 2224 ἔχει
1799 2154 1953 2222 ζωὴν
1992 2154 2062 2209 ἐν

483 2233 693 2301 ἐαυτῷ,
732 2237 920 2302 οὕτως
956 2236 1140 2292 ἔδωκε
1174 2238 1272 2292 καὶ
1309 2237 1389 2304 τῷ
1441 2238 1553 2304 Υίῷ
1593 2236 1746 2307 ζωὴν
1783 2237 1947 2307 ἔχειν
1989 2236 2060 2289 ἐν

482 2317 693 2384 ἐαυτῷ.

557 2399 629 2469 γ’.
668 2402 829 2474 Ὁρᾷς
859 2401 979 2466 πῶς
1004 2403 1067 2456 τὸ
1097 2403 1536 2476 ἀπαράλλακτον,
1577 2404 1672 2458 καὶ
1692 2404 1773 2458 ἐνὶ
1798 2404 1944 2477 μόνῳ
1961 2406 2059 2474 τὴν

476 2484 743 2555 διαφοράν
777 2486 1064 2555 ἐμφαῖνον,
1095 2486 1170 2557 τῷ
1201 2487 1291 2541 τὸν
1324 2488 1421 2557 μέν
1446 2487 1667 2559 Πατέρα
1697 2484 1857 2549 εἶναι.
1885 2490 1977 2543 τὸν
2002 2490 2059 2542 δέ

478 2568 639 2631 Υίόνς
679 2568 745 2622 Ἡ
789 2567 918 2640 γάρ,
946 2569 1195 2632 Ἔδωκε,
1243 2569 1420 2635 λέξις,
1453 2570 1656 2640 ταύτην
1706 2571 1917 2639 είσάγει
1962 2573 2059 2643 τὴν

484 2650 746 2721 διαίρεσιν
793 2650 982 2720 μόνην,
1025 2650 1095 2704 τὰ
1135 2651 1191 2705 δέ
1236 2652 1370 2706 ἀλλα
1407 2655 1581 2707 πάντα
1636 2654 1724 2706 ἴσα
1748 2657 1847 2707 ’καὶ
1884 2656 2061 2725 ἀπαρ-

479 2731 721 2785 άλλακτα
766 2731 1055 2788 δείκνυσιν.
1087 2734 1246 2787 Ὅθεν
1284 2734 1460 2806 δῆλον,
1489 2736 1570 2788 δτι
1606 2735 1744 2805 μετά
1795 2736 2060 2807 τοσαύτης

484 2812 729 2879 ἐξουσίας
760 2813 937 2869 πάντα
966 2819 1108 2868 ποιεῖ
1136 2817 1230 2869 καὶ
1263 2817 1563 2887 δυνάμεως,
1599 2817 1714 2887 μεθ’
1736 2817 1868 2887 ὅσης
1892 2820 1920 2872 6
1950 2819 2062 2872 Πα-

484 2896 607 2968 τὴρ,
632 2897 728 2950 καὶ
753 2896 851 2966 οὕχ
885 2897 1150 2969 ἑτέρωθεν
1174 2899 1599 2971 δυναμούμενος.
1623 2898 1778 2953 Οὕτω
1811 2902 1920 2973 7&9
1949 2900 2059 2971 ἔχει

487 2977 648 3050 ζωὴν,
673 2979 911 3052 ὥσπερὸ
941 2982 1151 3053 Πατήρ.
1194 2983 1290 3036 Διά
1328 2983 1392 3053 δὴ
1432 2984 1590 3037 τοῦτο
1632 2983 1726 3036 xal
1766 2984 1827 3038 τὸ
1865 2984 2061 3055 ἐφεξῆς

488 3062 684 3129 εὐθέως
709 3065 956 3136 ἐπήγαγε
977 3076 999 3105 α
1029 3066 1209 3128 πάλιν,
1237 3066 1323 3119 ἵνα
1348 3066 1456 3119 ἀπὸ
1479 3066 1670 3122 τούτου
1702 3070 1920 3123 κάκεῖνο
1945 3072 2062 3138 νοή-

487 3163 687 3217 σωμεν.
709 3149 866 3201 Ποῖον
886 3146 950 3219 δὴ
978 3148 1164 3214 τοῦτο;
1187 3149 1280 3213 T6,
1303 3148 1559 3203 Ἔδωκεν
1585 3151 1744 3221 αὐτῷ
1769 3151 2061 3216 ἐξουσίαν

485 3233 581 3282 καί
612 3229 816 3298 κρίσιν
843 3230 1056 3285 ποιεῖν.
1094 3231 1203 3285 Καὶ
1241 3231 1384 3296 τίνος
1414 3232 1597 3285 ἕνεκεν
1634 3232 1928 3288 ἀνάστασιν
1967 3234 2061 3288 καὶ

486 3312 663 3382 κρίσιν
685 3312 798 3367 ἄνω
823 3313 919 3367 καὶ
948 3313 1098 3367 κάτω
1124 3313 1380 3385 στρέφει;
1405 3314 1629 3383 Ὠσπερ
1654 3316 1765 3385 γὰρ
1793 3318 1826 3370 ὁ
1860 3316 2061 3386 Πατὴρ

480 3394 694 3465 ἐγείρει
731 3396 874 3463 τοὺς
920 3397 1176 3467 νεκροὺς
1221 3397 1321 3453 καί
1364 3396 1655 3463 ζωοποιεῖ,
1700 3401 1854 3454 οὕτω
1899 3402 1994 3455 καί
2027 3403 2060 3455 ὁ

494 3481 625 3547 Υίὸς
671 3481 780 3548 οὓς
826 3480 985 3537 θέλει
1031 3482 1328 3543 ζωοποιεῖ*
1374 3485 1469 3537 καὶ
1519 3485 1702 3548 πάλιν,
1753 3487 1806 3538 ’0
1859 3486 2061 3553 Πατὴρ

485 3564 667 3631 κρίνει
707 3563 950 3627 οὐδένα,
991 3566 1152 3620 ἀλλὰ
1192 3563 1401 3621 πᾶσαν
1442 3565 1556 3634 τὴν
1591 3570 1795 3636 κρίσιν
1843 3567 2063 3623 δέδωκε

483 3647 564 3712 τῷ
606 3648 749 3715 Υίῷ·
777 3649 872 3702 καὶ
899 3649 1078 3713 πάλιν,
1106 3650 1330 3719 Ὥσπερ
1364 3651 1397 3703 ό
1431 3650 1634 3717 Πατὴρ
1659 3650 1781 3719 ἔχει
1807 3650 1960 3718 ζωὴν
1995 3652 2065 3704 ἐν

484 3729 690 3795 ἐαυτῷ,
730 3729 919 3796 οὕτως
958 3732 1142 3786 ἔδωκε
1184 3732 1285 3785 καί
1319 3730 1399 3796 τῷ
1453 3730 1562 3797 Υίῷ
1605 3731 1759 3800 ζωὴν
1789 3732 1957 3801 ἔχειν
1994 3734 2065 3787 ἐν

485 3815 707 3882 ἑαυτῷ·
738 3816 834 3871 καὶ
870 3817 1052 3882 πάλιν,
1078 3820 1143 3871 Ol
1174 3818 1550 3882 ἀκούσαντες
1576 3817 1687 3885 τῆς
1723 3817 1931 3888 φωνῆς
1957 3820 2064 3874 τοῦ

493 3900 630 3955 Υίοῦ
666 3900 774 3955 τοῦ
816 3901 964 3956 Θεοῦ
1005 3900 1320 3971 ζήσονται·
1362 3903 1455 3956 καὶ
1498 3900 1732 3956 ἐνταῦθα
1766 3901 1830 3973 δὴ
1877 3903 2062 3971 πάλιν,

486 3981 752 4039 Ἔδωκεν
784 3983 944 4051 αὺτῷ
974 3983 1266 4050 ἐξουσίαν
1303 3984 1402 4039 καὶ
1431 3986 1633 4053 κρίσιν
1668 3985 1862 4040 ποιεῖν
1883 3985 1931 4039 ἀ.
1970 3987 2065 4039 Τί-

482 4087 575 4135 νος
607 4066 700 4125 οὖν
738 4070 924 4126 ἕνεκεν
957 4070 1128 4125 ταῦτα
1158 4071 1376 4143 στρέφει
1420 4070 1675 4142 συνεχῶς,
1709 4071 1889 4142 κρίσιν
1921 4071 2064 4140 λέγω

485 4154 582 4207 καὶ
614 4152 759 4224 ζωὴν
787 4154 883 4208 καὶ
923 4155 1247 4221 ἀνάστασινς
1278 4154 1403 4207 Ὅτι
1433 4153 1607 4208 ταῦτα
1654 4154 1891 4224 μάλιστα
1926 4155 2065 4209 πάνε-

486 4252 592 4289 των
628 4237 746 4290 ἐστὶ⁵
772 4237 841 4291 τά
866 4237 963 4291 καὶ
991 4237 1368 4305 ἐπαγαγέσθαι
1394 4237 1667 4306 δυνάμενα
1690 4236 1892 4290 καὶτὸν
1914 4237 2066 4290 ἀνέν-

483 4319 634 4373 δοτον
666 4322 963 4393 ἀκροατήν.
999 4321 1056 4374 Ὀ
1088 4321 1197 4391 7&9
1227 4317 1377 4392 [230]
1408 4319 1652 4382 πεισθεὶς
1687 4319 1770 4372 δτι
1807 4319 1901 4372 καὶ
1935 4320 2065 4373 ἀνα-

488 4405 767 4475 στήσεται,
791 4404 883 4459 καὶ
914 4406 1086 4475 τούτῳ
1115 4404 1276 4457 δώσει
1303 4403 1400 4468 τάς
1428 4401 1656 4466 εὐθύνας
1683 4404 1792 4456 τῶν
1814 4404 2066 4475 πεπλημ-

488 4487 835 4557 μελημένων·
867 4490 914 4541 εί
945 4487 1041 4540 καὶ
1084 4486 1248 4557 μηδὲν
1281 4485 1468 4556 ἓτερον
1499 4481 1606 4539 εἶδε
1640 4489 1882 4557 σημεῖον,
1909 4486 2068 4541 τοῦτο

487 4569 919 4640 καταδεξάμενος
958 4570 1388 4642 προσδραμεῖται
1435 4568 1682 4633 πάντως,
1718 4569 1925 4641 ἥμερον
1968 4587 2067 4624 κα-

484 4653 834 4718 τασκευάζων
874 4652 1054 4724 ἐαυτῷ
1091 4653 1180 4705 τὸν
1224 4652 1500 4723 δικαστήν.
1529 4652 1649 4705 Ὅτι
1693 4653 1821 4718 Υίὸς
1852 4652 2066 4721 ἀνθρώ-

486 4750 600 4788 που
632 4735 788 4797 ἐστὶ,
823 4735 911 4804 μὴ
946 4734 1264 4803 θαυμάζετε
1296 4736 1491 4790 τοῦτο.
1530 4734 1740 4797 Παῦλος
1776 4735 1874 4805 μὲν
1902 4737 1931 4789 6
1965 4737 2067 4788 Σα-

490 4821 755 4889 μοσατεὺς
799 4820 899 4889 οὐχ
936 4817 1080 4871 οὕτω
1133 4819 1317 4889 φησὶν,
1362 4818 1498 4871 ἀλλά
1542 4816 1694 4881 πῶςς
1745 4817 2067 4881 Ἐξουσίαν

485 4900 705 4956 ἔδωκεν
736 4899 898 4966 αὐτῷ
939 4903 1143 4970 κρίσιν
1181 4901 1396 4969 ποιεῖν,
1432 4902 1520 4955 ὅτι
1570 4903 1703 4966 Υἱὸς
1753 4901 2065 4969 ἀνθρώπου

484 4983 673 5036 ἐστίν.
724 4984 863 5037 Ἀλλ’
905 4984 1163 5052 οὐδεμίαν
1214 4984 1532 5037 ἀκολουθίαν
1576 4983 1687 5054 ἔχει
1728 4983 1886 5036 τοῦτο
1925 4982 2068 5036 οὕτω

486 5065 797 5137 λεγόμενον.
832 5069 907 5121 Οὐ
946 5068 1055 5137 γὰρ
1100 5067 1188 5120 διὰ
1232 5066 1391 5120 τοῦτο
1431 5067 1589 5121 ἔλαϐε
1628 5067 1808 5139 κρίσιν
1848 5068 1929 5121 ὅτι
1970 5070 2065 5122 ἄν-

488 5147 703 5220 θρωπός
743 5151 911 5215 ἐστιν,
953 5151 1121 5219 (ἐπεὶ
1162 5150 1216 5202 τί
1256 5150 1459 5203 ἐκώλυε
1504 5150 1713 5212 πάντας
1747 5150 2068 5221 ἀνθρώπους

486 5227 623 5287 εἶναι
649 5234 845 5303 κριτάς
865 5233 903 5303 ;)
935 5232 1052 5286 ἀλλ’
1077 5233 1262 5304 ἐπειδὴ
1295 5234 1392 5303 τῆς
1427 5234 1667 5305 ἀρρήτου
1703 5235 1888 5295 οὐσίας
1926 5234 2069 5287 ἐκεί-

485 5332 583 5387 νης
611 5317 760 5368 ἐστὶν
787 5316 947 5379 Υἱὸς,
987 5316 1077 5370 διὰ
1106 5316 1262 5370 τοῦτό
1290 5319 1405 5369 ἐστι
1453 5316 1663 5387 κριτής.
1696 5313 1852 5369 Οὕτω
1889 5317 2068 5370 τοίνυν

487 5398 882 5467 ἀναγνωστέον,
912 5399 1035 5452 ’Ὁτι
1072 5399 1206 5465 Υἱὸς
1250 5399 1563 5465 ἀνθρώπου
1594 5395 1726 5450 ἐστὶ
1744 5438 1758 5460 ,
1793 5396 1879 5464 μὴ
1922 5400 2067 5451 θαυ-

484 5479 696 5550 μάζετε
725 5481 925 5536 τοῦτο.
963 5481 1181 5551 Ἐπειδὴ
1230 5480 1404 5534 ἐδόκει
1437 5480 1550 5541 τοῖς
1599 5476 1854 5531 ἀκούουσι
1902 5495 2069 5549 προσ-

490 5561 739 5619 ίστασθαι
764 5564 827 5618 τὸ
851 5564 1166 5635 λεγόμενον,
1187 5563 1281 5619 καὶ
1301 5563 1462 5617 πλέον
1487 5561 1638 5615 οὐδὲν
1658 5561 1907 5631 ἐνόμιζον
1930 5558 2066 5615 εἶναι

547 5688 575 5716 ⁸
601 5688 774 5766 μοι-εξ,
802 5691 1056 5766 ζήσοντᾳικ
1070 5691 1191 5740 Εἷπε
1221 5689 1378 5766 λόγοις
1391 5689 1459 5766 La:
1500 5688 1695 5766 μεγάλοξ
1710 5687 1882 5766 ξιξεῖναΙ,
1923 5687 2067 5762 δεῖξαι

486 5748 649 5815 λοιπὸν
670 5747 892 5815 βούλεται
914 5755 997 5815 καὶ
1036 5752 1186 5815 ἔργοις
1217 5747 1360 5815 αὐτά.
1391 5747 1600 5807 Ἐπειδή.
1668 5747 1702 5815 If
1722 5748 1895 5815 Morgl.
1987 5764 2068 5815 κε-

489 5810 715 5873 λεύσματι
737 5813 820 5860 καὶ
843 5813 890 5860 ἐν
912 5810 1122 5872 σάλπιγι.
1149 5813 1331 5862 Samio
1350 5813 1612 5859 heremus.
1680 5810 1702 5837 ε
1728 5811 1878 5873 ΒανίΙ.
1903 5810 2070 5873 εὐθέως

491 5870 785 5946 πρόῂειται.
874 5873 900 5911 ά
935 5873 1031 5923 Alii
1066 5870 1145 5923 καὶ
1179 5874 1375 5921 ἐνταῦθα
1423 5873 1472 5920 δέ
1518 5888 1653 5935 φησι,
1694 5870 1861 5933 Κρίσιν
1895 5872 2071 5920 ἔδωκεν

492 5935 616 5995 σὺτῷ
635 5935 805 5983 ποιεῖν.

1374 298 1437 357 ΙΝ
1478 296 1791 359 ιοιιΝΝΕιι
1830 300 2060 358 πίοιμι..
2100 300 2347 359 XXXIX.
2379 303 2453 360 al.
2482 303 2787 367 XXXVI“.

3622 303 3735 360 221

2164 416 2198 485 ἢ
2238 414 2391 486 ψιλὸν
2421 418 2727 489 ἄνθρωπον,
2758 419 2825 473 τά
2852 418 2914 472 δὲ
2960 416 3224 489 λεγόμενα
3270 415 3489 487 μείζονα
3528 415 3562 486 ἢ
3600 413 3743 468 κατά

2164 500 2451 572 ἄνθρωπον
2492 498 2581 572 ἦν,
2635 503 2833 575 μᾶλλον
2877 502 2935 555 δὲ
2986 502 3207 573 μείζονα
3250 499 3285 569 ἢ
3317 498 3461 553 κατά
3488 497 3740 566 άγγελον,

2165 583 2260 636 καὶ
2279 582 2413 637 Θεοῦ
2436 583 2599 655 μόνον
2614 600 2629 613 ·
2650 586 2851 656 ταύτην
2874 584 3015 638 λύων
3032 583 3129 654 τὴν
3149 582 3439 645 ἀντίθεσιν,
3461 581 3737 650 ἐπήγαγε·

2164 666 2262 733 Μὴ
2317 666 2668 736 θαυμάζετε,
2717 668 2806 722 ὅτι
2858 668 2990 734 Υἱὸς
3034 665 3348 735 ἀνθρώπου
3401 664 3606 719 ἐστίν·
3652 661 3743 716 ὅτι

2158 749 2399 817 ἔρχεται
2426 748 2568 819 ὥρα,
2592 752 2664 805 ἐν
2691 744 2732 823 ᾖ
2763 754 2816 805 οί
2842 751 2915 806 ἐν
2950 751 3076 817 τοῖς
3108 749 3420 820 μνημείοις
3450 747 3744 803 ἀκούσον-

2163 849 2256 886 ται
2288 831 2394 901 τῆς
2445 833 2651 902 φωνῆς
2691 834 2899 897 αὐτοῦ,
2930 834 3029 888 καὶ
3065 833 3533 900 ἐκπορεύσονται
3578 831 3635 883 οὶ
3669 827 3744 883 τὰ

2161 914 2355 984 ἀγαθὰ
2381 913 2765 982 ποιήσαντες,
2794 919 2881 982 εὶς
2908 915 3248 971 ἀνάστασιν
3273 912 3453 981 ζωῆς·
3484 914 3539 968 οί
3567 911 3640 965 δὲ
3669 912 3743 965 τὰ

2163 996 2370 1066 φαῦλα
2417 999 2774 1066 πράξαντες,
2819 1000 2907 1066 εὶς
2945 997 3288 1052 ἀνάστασιν
3321 996 3593 1061 κρίσεως.
3630 993 3743 1047 Kal

2162 1080 2307 1144 τίνος
2330 1081 2515 1135 ἐνεκεν
2546 1083 2647 1135 οὐκ
2675 1078 2830 1135 εἶπεν
2849 1098 2863 1111 ·
2892 1080 2987 1151 Μὴ
3013 1078 3338 1150 θαυμάζετε,
3364 1079 3449 1131 ὅτι
3487 1076 3614 1140 Υίδς
3645 1077 3743 1129 ἀνο

2162 1161 2383 1229 θρώπου
2427 1165 2574 1230 ἐστί;
2624 1166 2718 1221 καὶ
2760 1165 2869 1234 γάρ
2897 1165 2991 1217 καὶ
3035 1163 3164 1227 Υίδς
3210 1159 3348 1215 Θεοῦ
3397 1160 3575 1212 ἐστιν·
3603 1157 3742 1211 ἀλλά

2162 1247 2262 1318 τῆς
2305 1249 2655 1312 ἀναστάσεως
2711 1246 3154 1319 ἐμνημόνευσενς
3196 1243 3400 1314 Ἔθηκε
3461 1241 3562 1312 μέν
3608 1240 3741 1293 αὐτὸ

2164 1332 2442 1403 ἀνωτέρω,
2473 1332 2666 1401 λέγων,
2703 1333 3054 1385 Ἀκούσοισσι
3086 1327 3197 1397 τῆς
3230 1325 3437 1396 φωνῆς
3459 1322 3567 1378 τοῦ
3601 1324 3740 1378 Υιοῦ

2166 1415 2335 1470 Θεοῦ.
2376 1416 2439 1469 Εί
2478 1415 2534 1468 δὲ
2587 1412 2820 1469 ἐνταῦθα
2869 1411 3254 1481 ἀπεσιώπησε,
3303 1410 3378 1480 μὴ
3427 1406 3738 1478 θαυμάσῃς.

2164 1498 2237 1550 Τὸ
2279 1497 2387 1570 γάρ
2423 1496 2583 1569 ἔργον
2627 1496 2817 1562 είπὼν,
2847 1496 2876 1550 δ
2917 1495 3052 1549 Θεοῦ
3099 1494 3228 1548 ῐδιον
3267 1486 3359 1563 ἦν,
3397 1490 3580 1544 δίδωσι
3627 1491 3741 1551 τοῖς

2162 1579 2531 1648 ἀκροωμένοις
2591 1579 2651 1646 ἐξ
2713 1577 2876 1635 αὐτοῦ
2942 1574 3355 1644 συλλογίσασθαι
3409 1572 3614 1638 λοιπὸν,
3656 1572 3738 1624 ὅτι

2162 1661 2258 1714 καὶ
2300 1662 2432 1726 Θεὸς
2471 1658 2561 1734 ἦν,
2602 1663 2695 1716 καὶ
2738 1661 2872 1715 Θεοῦ
2905 1661 3064 1723 Παῖς.
3098 1658 3234 1729 Παρ’
3272 1654 3437 1711 αὑτοῦ
3486 1654 3584 1726 μὲν
3629 1652 3739 1722 γὰρ

2160 1745 2452 1816 λεγόμενον
2500 1745 2736 1816 συνεχῶς
2773 1742 3143 1818 προσέστηάν
3166 1741 3289 1795 τότε
3338 1739 3598 1803 ἐκείνοις·
3630 1738 3739 1792 ἀπὸ

2159 1826 2218 1879 δὲ
2264 1826 2359 1881 τοῦ
2401 1827 2761 1898 συλλογισμοῦ
2801 1826 2913 1881 τῶν
2945 1825 3237 1896 θαυμάτων
3274 1823 3622 1893 δεικνύμενον
3652 1820 3742 1874 ἀνα

2161 1913 2567 1984 επαχθεστέραν
2618 1911 2716 1983 τὴν
2762 1910 3110 1967 διδασκαλίαν
3161 1908 3357 1963 ἐποίει.
3403 1907 3514 1960 Kal
3546 1903 3656 1974 7&9
3686 1905 3738 1956 οί

2160 1997 2287 2059 τοὺς
2325 1995 2717 2065 συλλογισμοὺς
2744 1992 3056 2056 πλέκοντες,
3085 1992 3217 2045 ὅταν
3250 1989 3319 2043 τά
3351 1988 3492 2059 μέρη
3529 1985 3736 2048 θέντες,

2161 2079 2422 2147 γενναίως
2447 2078 2770 2145 ἀποδείξωσι
2793 2076 2856 2131 τὸ
2885 2075 3239 2147 ζητούμενον,
3266 2073 3366 2126 οὐκ
3395 2070 3688 2140 ἐπάγουσιν
3711 2080 3737 2108 ο

2160 2163 2313 2215 αὐτοὶ
2341 2162 2403 2216 τὸ
2441 2161 2813 2233 συμπέρασμα
2853 2158 3135 2225 πολλάκις,
3162 2156 3275 2210 ἀλλ’
3301 2153 3739 2225 εὐγνωμονέστε-

2163 2260 2254 2315 ρον
2303 2242 2804 2308 κατασκευάζοντες
2833 2242 2925 2296 τὸν
2966 2238 3259 2312 ἀκροατὴν,
3295 2238 3393 2293 καὶ
3438 2237 3539 2308 τὴν
3581 2233 3738 2306 νίκην

2158 2328 2546 2400 λαμπροτέραν
2591 2326 2904 2390 ποιοῦντες,
2935 2325 3098 2379 αὐτὸν
3135 2324 3342 2377 ἐκεῖνον
3380 2320 3736 2393 παρασκευά-

2162 2411 2313 2475 ζουσι
2363 2410 2453 2465 τὸν
2506 2410 2855 2479 ἀντιλέγοντα
2916 2409 3016 2478 τὴν
3076 2407 3352 2475 ἀπόφασιν
3409 2402 3736 2471 ἐξενεγκεῖν,

2160 2494 2300 2547 ὥστε
2351 2493 2550 2565 μᾶλλον
2590 2493 2771 2556 αὐτοῖς
2799 2490 3137 2561 ψηφίσασθαι
3168 2488 3292 2551 τοὺς
3328 2486 3596 2558 παρόντας
3629 2482 3767 2538 τῶνι

2160 2576 2443 2630 ἀντιδίκων
2471 2576 2568 2646 τὴν
2603 2577 2743 2646 ὑπὲρ
2765 2574 2944 2628 αὐτῶν
2972 2574 3244 2645 φερόντων
3269 2570 3470 2641 ψῆφον.
3495 2569 3608 2639 Τῆς
3639 2567 3738 2638 μὲν

2159 2657 2253 2714 οὖν
2307 2660 2450 2714 κατά
2482 2660 2572 2713 τὸν
2619 2659 2869 2729 Λάζαρον
2929 2654 3306 2728 μνημονεύσας
3352 2652 3735 2712 ἀναστάσεωςν

2160 2746 2258 2814 τὴν
2302 2745 2482 2815 κρίσιν
2516 2744 2803 2813 ἐσίγησεν·
2835 2742 2895 2795 οὐ
2930 2741 3038 2811 γάρ
3074 2740 3163 2793 διά
3195 2739 3354 2792 τοῦτο
3390 2736 3589 2805 ἀνέστη
3630 2733 3738 2787 Λά-

2162 2829 2325 2900 ζαρος
2346 2844 2361 2859 ·
2401 2827 2501 2897 τὴν
2543 2826 2600 2878 δέ
2641 2823 2871 2880 καθόλου
2921 2822 3111 2888 εἰπὼν,
3146 2823 3241 2875 καὶ
3272 2818 3430 2874 τοῦτο
3467 2815 3737 2889 προσέθη-

2160 2930 2276 2978 κεν,
2312 2913 2395 2965 ὃτι
2434 2913 2500 2965 ΟΖ
2530 2910 2602 2964 τὰ
2636 2909 2827 2978 ἀγαθὰ
2869 2907 3233 2974 ποιήσαντες
3272 2902 3738 2971 ἐκπορεύσονται

2158 2996 2247 3060 είς
2267 2993 2609 3048 ἀνάστασιν
2630 2990 2807 3059 ζωῆς·
2842 2993 2906 3044 οι
2937 2989 3005 3043 δὲ
3040 2990 3113 3043 τὰ
3148 2987 3353 3057 φαῦλα
3380 2984 3735 3054 πράξαντες,

2159 3079 2248 3143 είς
2268 3075 2609 3132 ἀνάστασιν
2632 3074 2903 3143 κρίσεως.
2927 3070 3086 3127 Οὕτω
3108 3071 3204 3127 καὶ
3235 3069 3485 3139 Ἰωάννης
3505 3067 3741 3136 ἐπήγετο

2159 3161 2252 3214 τὸν
2287 3157 2581 3233 ἀκροατὴν,
2614 3156 2848 3230 κρίσεως
2888 3154 3167 3227 μνησθεὶς,
3207 3152 3302 3207 καὶ
3329 3152 3412 3233 ὅτι
3443 3150 3499 3204 Ὁ
3523 3148 3740 3233 μήᾃπιέ

2161 3231 2394 3296 στεύων
2419 3244 2506 3307 είς
2544 3239 2650 3294 τὸν
2686 3238 2845 3302 Υίὸν,
2873 3241 2986 3294 οὐκ
3015 3238 3227 3306 ὄψεται
3255 3235 3370 3303 τὴν
3392 3232 3566 3301 ζωὴν,
3602 3231 3739 3285 ἀλλ’

2162 3327 2201 3394 ἡ
2232 3323 2378 3395 ὁρτὴ
2409 3323 2517 3377 τοῦ
2547 3323 2694 3378 Θεοῦ
2721 3323 2890 3392 μένει
2915 3320 3009 3375 ἐπ’
3028 3321 3233 3376 αὐτόν.
3265 3317 3421 3372 Οὕτω
3446 3314 3543 3370 καὶ
3580 3312 3743 3375 αὐτὸς

2162 3408 2254 3462 τὸν
2292 3408 2599 3479 Νικόδημον
2621 3423 2636 3437 ·
2685 3406 2749 3459 '0
2796 3405 2908 3474 γὰρ
2951 3402 3253 3458 πιστεύων
3291 3403 3380 3465 εὶς
3424 3400 3533 3452 τὸν
3580 3395 3736 3458 Υίὸν,

2162 3490 2317 3560 ἔλεγε
2348 3491 2482 3563 πρὸς
2513 3489 2694 3553 αὐτὸν,
2720 3489 2795 3542 οὐ
2819 3487 3110 3556 κρίνεται·
3144 3487 3177 3539 ὀ
3205 3483 3273 3537 δὲ
3301 3483 3388 3552 μὴ
3417 3480 3739 3563 πιστεύων.

2163 3572 2283 3642 ἤδη
2323 3561 2603 3642 κέκριται.
2644 3570 2801 3625 Οὕτω
2848 3570 2944 3624 καὶ
2985 3567 3216 3622 ἐνταῦθα
3254 3567 3349 3627 καὶ
3390 3561 3740 3633 δικαστηρίου

2164 3657 2262 3710 καὶ
2291 3656 2565 3719 κολάσεως
2595 3654 2866 3725 μέμνηται
2904 3652 3004 3723 τῆς
3033 3651 3125 3705 ἐπὶ
3151 3653 3271 3714 ταῖς
3299 3647 3564 3719 πονηραῖς
3597 3643 3742 3715 πρά-

2168 3739 2330 3803 ξεσιν.
2372 3738 2590 3809 Ἐπειδὴ
2632 3739 2742 3808 γὰρ
2783 3732 2936 3791 εἶπεν
2985 3736 3263 3807 ἀνωτέρω,
3294 3733 3376 3787 ὅτι
3411 3730 3474 3785 '0
3505 3729 3742 3785 ἀκούων

2159 3839 2280 3890 μου
2320 3820 2428 3875 τὸν
2464 3821 2672 3891 λόγον,
2710 3820 2809 3875 καὶ
2852 3819 3153 3875 πιστεύων
3186 3816 3269 3884 τῷ
3310 3814 3615 3884 πέμψαντί
3641 3827 3738 3881 με,

2165 3907 2236 3958 οὐ
2270 3905 2560 3973 κρίνεται·
2592 3903 2680 3959 ἵνα
2707 3904 2782 3975 μὴ
2812 3901 3010 3975 νομίσῃ
3030 3919 3113 3966 τις
3129 3901 3212 3955 ὅτι
3236 3900 3394 3955 τοῦτο
3420 3899 3582 3968 ἀρκεῖ
3607 3894 3743 3968 πρὸς

2169 3988 2445 4060 σωτηρίαν
2492 3987 2673 4058 μόνον,
2713 3987 2807 4041 καὶ
2846 3986 2916 4040 τὰ
2953 3988 3019 4040 ἐκ
3057 3983 3153 4039 τοῦ
3199 3984 3317 4053 βίου
3377 3979 3740 4055 προσέθηκεν,

2166 4071 2356 4137 είπὼν,
2386 4073 2467 4124 δτι
2500 4074 2564 4125 Ol
2590 4071 2663 4125 τὰ
2688 4070 2879 4139 ἀγαθὰ
2908 4066 3058 4141 [251]
3089 4066 3471 4132 ποιήσαντες,
3495 4065 3582 4128 είς
3608 4061 3745 4117 ἀνά-

2165 4168 2389 4208 στασιν
2443 4150 2583 4220 ζωῆς
2607 4169 2623 4185 ·
2668 4155 2721 4205 οι
2763 4152 2832 4204 δὲ
2881 4151 2954 4204 τὰ
3001 4148 3206 4218 φαῦλα
3253 4146 3609 4212 πράξαντες,
3656 4146 3743 4209 είς

2167 4237 2511 4292 ἀνάστασιν
2563 4235 2833 4304 κρίσεως.
2876 4234 3028 4286 Ἐπεὶ
3067 4228 3159 4285 οὖν
3207 4230 3405 4300 ἔφησεν
3452 4226 3601 4298 αὐτῷ
3642 4226 3743 4297 τὴν

2167 4319 2493 4389 οἰκουμένην
2541 4318 2760 4372 ἅπασαν
2799 4316 2991 4370 δώσειν
3037 4314 3216 4382 λόγον,
3248 4312 3343 4366 καὶ
3379 4313 3585 4374 πάντας
3635 4311 3743 4363 ἀπὸ

2166 4403 2266 4473 τῆς
2305 4401 2489 4472 φωνῆς
2515 4399 2917 4470 ἀναστήσεσθαι
2945 4398 3045 4468 τῆς
3076 4396 3264 4462 αὑτοῦ,
3297 4397 3529 4467 πρᾶγμα
3556 4394 3742 4449 καινὸν

2169 4484 2265 4539 καὶ
2295 4483 2615 4555 παράδοξον,
2654 4483 2749 4536 καὶ
2777 4481 2856 4536 ἔτι
2887 4482 2979 4535 καὶ
3013 4480 3107 4535 νῦν
3150 4478 3547 4549 ἀπιστούμενον
3592 4477 3744 4547 παρὰ

2170 4568 2405 4632 πολλοῖς,
2436 4568 2529 4621 καὶ
2564 4567 2672 4621 τῶν
2699 4566 2995 4621 δοκούντων
3030 4563 3471 4628 πεπιστευκέναι,
3514 4563 3645 4633 μήτι
3678 4579 3742 4629 γε

2168 4650 2290 4705 τότε
2326 4652 2475 4721 παρά
2510 4650 2799 4714 Ἰουδαίοις·
2829 4649 3060 4703 ἄκουσον
3102 4647 3218 4709 πῶς
3247 4646 3378 4699 αὐτὸ
3404 4645 3744 4699 κατασκευά-

2169 4734 2271 4799 ζει,
2310 4734 2473 4787 πάλιν
2517 4737 2582 4805 τῇ
2623 4732 2876 4804 ἀσθενείᾳ
2908 4730 3357 4800 συγκαταϐαίνων
3392 4729 3500 4782 τῶν
3531 4728 3742 4798 ἀκροω-

2172 4819 2371 4887 μένων·
2414 4819 2496 4871 οὺ
2537 4816 2796 4884 δύναμαι
2833 4815 2948 4884 ἐγὼ
2989 4814 3182 4867 ποιεῖν
3223 4814 3324 4867 ἀπ’
3354 4810 3612 4879 ἐμαυτοῦ
3645 4812 3743 4862 οὺ-

2167 4900 2294 4953 δέν.
2338 4900 2541 4965 Καθὼς
2589 4900 2814 4963 ἀκούω,
2860 4898 3059 4965 κρίνω,
3102 4896 3199 4949 καί
3247 4897 3284 4963 ἡ
3320 4895 3518 4961 κρίσις
3558 4894 3595 4959 ἡ
3629 4892 3741 4958 ἐμὴ

2169 4982 2371 5035 δικαία
2415 4983 2610 5045 ἐστὶν,
2655 4980 2741 5033 ὅτι
2786 4982 2856 5033 οὑ
2891 4979 3036 5044 ζητῶ
3084 4978 3150 5032 τὸ
3190 4977 3417 5042 θέλημα
3462 4974 3525 5027 τὸ
3574 4974 3740 5041 ἐμὸν,

2168 5063 2330 5119 ἀλλὰ
2374 5064 2441 5117 τὸ
2494 5062 2719 5132 θέλημα
2766 5063 2872 5117 τοῦ
2911 5061 3258 5130 πέμψαντός
3295 5074 3390 5126 με.
3449 5054 3635 5107 Καίτοι
3681 5055 3740 5105 ού

2172 5146 2376 5219 μικράν
2407 5146 2543 5209 τέως
2571 5145 2919 5207 ἀναστάσεως
2946 5140 3015 5214 ἦν
3046 5141 3291 5202 δεδωκὼς
3326 5136 3618 5203 ἀπόδειξιν,
3651 5136 3743 5187 τὸν

2170 5229 2482 5300 παράλυτον
2549 5227 2799 5297 σφίγξας.
2851 5227 3051 5296 Διόπερ
3101 5223 3222 5278 οὐδὲ
3282 5220 3545 5292 πρότερον
3616 5222 3743 5292 περὶ

2169 5314 2517 5376 ἀναστάσεως
2561 5312 2838 5382 διελέχθη,
2873 5310 2982 5372 ἐως
3027 5311 3202 5361 ἐκεῖνο
3248 5305 3522 5376 ἐποίησεν,
3566 5303 3597 5357 ὃ
3644 5305 3743 5371 τῆς

2169 5399 2518 5459 ἀναστάσεως
2547 5396 2608 5448 οὑ
2640 5394 2841 5464 σφόδρα
2866 5391 3091 5445 ἀποδέον
3110 5386 3198 5461 ἦν.
3227 5388 3336 5441 Kal
3360 5388 3461 5459 τὴν
3486 5387 3666 5457 κρίσιν
3685 5386 3742 5440 δὲ

2168 5481 2389 5553 ᾐνίξατο
2415 5480 2554 5543 τότε,
2586 5477 2724 5547 μετά
2758 5475 2855 5542 τὴν
2883 5472 2977 5526 τοῦ
3008 5470 3257 5542 σώματος
3298 5470 3511 5541 σφίγξιν
3549 5468 3739 5553 εἰπὼν,

2171 5550 2284 5617 Ἴδε
2298 5563 2471 5632 ὑγιὴς
2487 5561 2754 5630 γέγονας·
2769 5556 2981 5624 μηκέτι
2995 5555 3312 5624 ἁμάρτανε,
3328 5556 3428 5609 ἵνα
3438 5555 3525 5625 μὴ
3543 5550 3744 5622 χεῖρόν

2169 5649 2227 5701 τί
2264 5661 2363 5699 σοι
2394 5646 2670 5714 γένηται·
2701 5640 2816 5694 ἀλλ’
2856 5642 3005 5709 ὅμως
3042 5639 3137 5693 καὶ
3174 5638 3270 5710 τήν
3310 5638 3558 5708 Λαζάρου
3601 5650 3738 5705 προ-

2169 5731 2465 5798 αναφωνεῖ,
2511 5728 2606 5779 καὶ
2634 5725 2733 5797 τὴν
2758 5726 2855 5796 τῆς
2889 5725 3235 5795 οἰκουμένης.
3266 5724 3374 5776 Καὶ
3422 5718 3607 5788 ἐπειδὴ
3648 5716 3741 5768 δύο

2169 5812 2373 5873 ταύτας
2398 5810 2723 5873 ἀναστάσεις
2753 5812 3003 5880 προεῖπε,
3023 5808 3122 5877 τήν
3151 5823 3207 5858 τε
3235 5805 3326 5859 τοῦ
3367 5802 3616 5871 Λαζάρου
3640 5802 3739 5869 τὴν

2240 5939 2264 5966 e
2292 5924 2495 5985 Quidam
2524 5925 2621 5975 οὐδ’
2666 5926 2936 5989 ὶπάγουσιν.
