4104 6156
481 314 584 370 εὶς

1400 327 1464 381 ΙΝ
1499 329 1810 391 JOANNEM
1846 338 2072 397 HOMIL.
2118 343 2356 405 XXXIX.
2399 357 2466 409 al.
2512 357 2792 420 XXXVIII.

3619 399 3736 456 2'26

2155 473 2255 514 una
2287 474 2367 517 est
2398 481 2512 522 mea
2539 481 2594 525 et
2623 471 2812 542 Patris,
2853 490 2910 536 ut
2949 487 3102 542 unius
3134 493 3293 549 animi
3335 502 3576 562 voluntas
3616 527 3717 568 una

2155 557 2226 568 Α-.
2279 549 2340 568 ιῒγ
2468 556 2480 568 ⁸
2576 559 2588 568 ·
2678 563 2690 568 ⁸

2437 518 2512 522 7,--
2544 518 2594 525 --
2623 518 2642 527 -
2665 518 2812 542 ..η-υ,
2853 518 2910 536 υ.
2950 518 3102 542 unum:
3134 518 3293 549 aistlul
3335 518 3546 560 vomnta

475 518 764 569 reetionem
796 518 1055 584 prasdicit.
1086 520 1152 574 Et
1178 523 1301 592 quia
1334 525 1492 583 hasce
1521 530 1653 587 duas
1696 541 2042 595 resurrectio—
2149 557 2250 602 est.
2277 549 2383 606 Nec
2411 556 2619 614 mireris
2646 563 2691 617 si
2720 575 2912 624 tantam
2949 569 3086 630 dicat
3110 522 3717 657 conjunctionennleiili:

477 623 569 657 "es
600 610 850 657 υηιηιίιίι
875 653 887 657 _
923 612 1105 657 Laznri
1131 631 1248 657 mm
1278 633 1398 657 πλην
1447 621 1617 657 Γη¹¹¹¹³⁶⁵
1646 638 1756 657 θ’θ’·
1823 640 1868 657 ⁸⁸
1899 633 2037 657 ““¹“²¹“
2151 635 2209 657 ‘L
2356 641 2387 657 '-

477 623 569 662 nes
598 610 850 677 praedixit
875 653 888 675 ,
923 612 1105 668 Lazari
1131 631 1248 685 quae
1277 633 1399 674 mox
1444 621 1619 678 futura
1645 638 1792 695 erat,
1820 640 1870 686 et
1896 633 2041 688 orbis

470 710 725 752 terrarum
743 700 834 754 diu
865 712 1046 769 postea
1074 703 1305 764 futuram
1331 726 1346 776 ;
1377 709 1559 768 Lazari
1586 721 2032 778 resurrectionem

465 805 558 856 per
579 790 921 860 paralyticum
951 793 1576 870 indieat,quamprimum
1605 805 1852 874 futuram,
1892 809 2037 867 Venit

463 882 586 932 liora
604 891 651 933 et
673 898 805 934 nunc
827 892 896 935 est
918 901 940 948 ς
967 885 1320 944 nniversalem
1348 900 1528 948 autem
1547 910 1610 950 ex
1643 897 1824 953 Lazari
1854 917 2031 956 resur-

462 975 724 1040 rectione,
743 991 836 1041 per
853 992 914 1029 ea
940 994 1057 1047 qua:
1085 977 1223 1034 facta
1250 981 1479 1050 fuerant,
1496 989 1729 1043 nondum
1759 1003 1906 1062 gesta
1929 995 2028 1050 sub

455 1067 636 1120 oculos
661 1068 951 1124 adducens.
968 1070 1120 1138 Quod
1144 1074 1314 1142 ipsum
1342 1077 1532 1148 ubique
1557 1079 1730 1138 facere
1753 1084 2021 1142 videmus:

449 1155 576 1210 dum
616 1157 755 1212 duas
774 1159 860 1212 vel
892 1168 1004 1215 tres
1027 1163 1401 1229 praedictiones
1443 1172 1720 1239 proponit,
1747 1184 1804 1229 et
1847 1173 2021 1232 futura

448 1260 509 1300 ex
537 1246 698 1314 gestis
724 1247 998 1303 credibilia
1029 1251 1224 1307 reddit.

512 1357 566 1412 ι.
598 1358 844 1414 Attamen
873 1359 958 1416 his
984 1360 1139 1418 dictis
1163 1372 1322 1436 atque
1356 1369 1555 1438 gestis,
1584 1373 1707 1441 quia
1735 1375 1814 1430 illi
1842 1377 2014 1435 imbe-

3208 635 3554 650 ,s,-----..-....
3587 635 3715 657 μη...

2145 635 2214 690 de
2240 641 2428 709 spiritu
2464 661 2674 719 quoque
2707 657 2893 714 eodem
2934 660 3125 722 Paulus
3162 676 3404 746 exemplo
3444 684 3605 741 utitur
3632 691 3715 746 di-

2144 741 2270 782 cens
2300 747 2314 783 :
2350 733 2476 800 Quis
2499 738 2592 793 scit
2620 741 2874 802 hominum
2903 767 3016 820 qua:
3041 770 3159 814 sunt
3195 763 3442 839 hominis,
3482 777 3582 831 nisi
3604 783 3712 852 δρί-

2144 817 2264 852 ritu.
2295 821 2504 852 I......:..:-
2535 830 2614 852 ---ε
2640 833 2684 852 2--
2719 835 2732 852 ,-
2940 845 2960 852 _
2998 845 3012 852 -

2139 817 2264 872 ritus
2290 821 2504 880 hominis
2528 830 2614 897 qui
2636 833 2687 886 in
2713 835 2823 904 ipso
2849 817 2923 894 est
2935 845 2962 897 .’
2985 845 3070 900 lta
3094 859 3141 902 et
3167 868 3280 920 qua:
3304 856 3398 914 Dei
3422 817 3540 920 iunt
3567 817 3711 927 nemo

2138 909 2289 972 novit,
2317 912 2414 1024 nisi
2435 915 2774 1024 iﬁpiritus‘llei
2797 927 2869 997 (Ι.
2896 929 3013 986 Cor.
3040 937 3092 990 2.
3125 909 3233 1010 HI).

2132 1011 2288 1064 quam
2318 1000 2416 1057 hoc
2441 1005 2568 1061 dicit
2601 1028 2614 1064 :
2648 1011 2760 1067 Non
2800 1029 2880 1072 est
2918 1023 3044 1078 mihi
3087 1000 3330 1090 voluntas
3365 1039 3464 1095 alia
3479 1000 3548 1100 Det
3575 1000 3702 1118 pro:

2132 1086 2239 1118 ηι-ἶσ.
2273 1104 2426 1118 ηιιΑ-υι
2461 1109 2569 1118 ..__,._
2601 1099 2690 1118 ἢ-.
2727 1104 2740 1116 .
2862 1116 2869 1118 _
3025 1114 3037 1118 _
3101 1117 3107 1118 ,

2127 1086 2241 1153 pria
2271 1104 2428 1158 quam
2457 1109 2574 1164 quae
2601 1099 2772 1159 Patris
2794 1116 2876 1162 est
2905 1126 2919 1164 :
2947 1114 3038 1168 scd
3069 1117 3110 1170 si
3142 1121 3264 1189 quid
3303 1125 3391 1182 ille
3419 1086 3702 1200 vult,yhoc

2125 1184 2178 1227 et
2202 1191 2302 1245 ego
2322 1182 2468 1247 volo;
2491 1195 2545 1239 et
2563 1189 2606 1241 si
2633 1191 2754 1258 quid
2779 1209 2897 1265 ego,
2920 1199 3021 1257 hoc
3044 1215 3098 1259 et
3117 1182 3221 1263 ille.
3244 1182 3697 1284 Quemadmodum

2122 1277 2250 1336 ergo
2276 1269 2488 1328 Patrem
2517 1294 2674 1335 nemo
2701 1287 3051 1354 reprehendet
3086 1269 3408 1365 judicaiitem
3429 1350 3444 1374 ,
3484 1311 3555 1366 ita
3596 1269 3696 1373 ne;

2121 1369 2207 1410 me
2234 1374 2249 1410 :
2281 1373 2348 1414 ex
2377 1363 2561 1420 eadem
2587 1370 2782 1441 quippe
2805 1383 3065 1437 sententia
3091 1363 3312 1461 uterque
3336 1397 3569 1458 calculus
3588 1407 3692 1461 ler-

441 1448 712 1506 cilliorcs'
775 1461 958 1518 erant,
1021 1452 1137 1510 hinc
1176 1471 1282 1510 non
1323 1459 1453 1514 satis
1498 1460 1715 1530 habuit,
1755 1467 1848 1522 sed
1892 1470 2014 1526 aliis
2118 1449 2220 1547 ""j
2255 1448 2404 1516 0⁸³οά
2432 1455 2474 1506 Si
2507 1455 2619 1553 lff’c
2643 1461 2730 1553 in?
2758 1465 2988 1524 ¹¹¹¹¹¹¹³¹¹⁰
3026 1489 3174 1532 more
3201 1479 3462 1553 Ιοίιυοων.
3492 1507 3560 1547 ne
3586 1499 3686 1551 mi-

438 1554 646 1609 quoque
667 1540 842 1597 allatis
863 1542 1074 1598 illorum
1095 1548 1436 1614 pertinaciam
1459 1553 1480 1583 θ
1499 1555 1758 1622 reprimit,
1786 1557 2003 1615 dicens:

2113 1536 2250 1591 reris
2295 1555 2309 1594 :
2357 1556 2477 1596 nam
2523 1546 2667 1602 illum
2711 1549 2978 1613 hominem
3019 1576 3208 1631 purum

438 1627 556 1682 Non
584 1646 787 1699 possum
815 1647 847 1684 a
874 1633 1062 1702 meipso
1098 1638 1265 1705 facere
1299 1640 1594 1710 quidquam.
1641 1645 1785 1700 Sicut
1818 1650 2000 1716 audio,
2485 1635 2535 1688 in
2558 1638 2819 1736 ξίφηίδυδ
2839 1659 3048 1716 oportet
3073 1669 3178 1710 ηοη
3203 1657 3341 1716 ἀίω
3367 1622 3558 1736 Stilum,
3588 1675 3684 1730 sed

429 1719 625 1789 judico,
653 1730 705 1775 es
729 1723 986 1792 judicium
1019 1742 1181 1781 meum
1197 1729 1392 1798 justum
1429 1742 1524 1796 est,
1552 1737 1670 1802 quia
1698 1754 1796 1793 non
1833 1757 1956 1810 qua:

2107 1721 2161 1768 et
2189 1718 2458 1776 hominum
2488 1726 2790 1796 opinionem
2817 1741 3168 1811 perpendere,
3199 1757 3251 1803 et
3280 1718 3680 1823 respoiisidneu:

430 1810 732 1866 voluntatem
772 1828 966 1884 meum,
1005 1819 1095 1872 sed
1121 1820 1427 1879 voluntatem
1457 1826 1566 1898 ejus
1601 1829 1690 1900 qui
1724 1831 1856 1885 misit
1901 1851 1997 1888 me.

426 1899 560 1963 Quia
584 1901 728 1956 enim
754 1904 929 1960 aliena
948 1910 1190 1977 quaedam
1214 1923 1267 1967 et
1307 1929 1339 1968 a
1381 1917 1653 1988 praphetis
1681 1920 1885 1977 diversa
1911 1923 1997 1978 di-

422 2003 548 2045 sere
578 1991 853 2052 videbatur
889 1997 1003 2068 (illi
1041 2002 1235 2072 quippe
1262 2003 1510 2062 dicebant
1548 2009 1714 2066 Deum
1751 2029 1870 2070 esse
1905 2015 1992 2087 qui

417 2079 616 2147 iudicat
644 2093 837 2141 terram
861 2103 1093 2157 omnem,
1122 2093 1224 2150 hoc
1247 2105 1350 2161 est,
1377 2113 1542 2168 genus
1580 2101 1885 2161 humanum.
1923 2079 1991 2164 Et

2103 1809 2251 1876 quasi
2293 1815 2583 1872 secundum
2630 1820 2771 1878 illam
2807 1829 3111 1896 opinionem
3154 1809 3332 1897 datam

2103 1897 2324 1920 ‘,,____.,
2455 1907 2488 1920 ._

2100 1897 2331 1969 alioquin
2362 1907 2524 1962 multa
2549 1926 2902 1981 sequerentur
2923 1922 3173 1983 absurda.

2169 1986 2234 2041 In
2283 1990 2481 2050 Christo
2519 2000 2636 2054 dua:
2661 2004 2940 2063 voluntates
2959 2052 2975 2076 ,
3025 2020 3297 2083 quomodo.
3319 2053 3392 2066 —
3413 2029 3670 2090 Animad-

2094 2087 2243 2134 verte
2266 2122 2281 2148 ,
2313 2099 2530 2152 qiueso;
2560 2089 2731 2158 dixit,
2765 2093 2888 2152 Non
2933 2115 3104 2172 quare
3139 2107 3448 2171 voluntatem

419 2169 518 2226 hoc
545 2172 707 2231 David
736 2177 929 2250 ubique
957 2183 1227 2252 pricdicat,
1254 2187 1511 2246 Judicaln't
1531 2200 1744 2264 populos
1763 2199 1988 2271 ianui-
2092 2169 2232 2274 Erg?
2260 2174 2361 2274 an?
2390 2185 2472 2274 cf"
2513 2179 2639 2274 ej"s_
2657 2183 2901 2240 mlum”
2924 2228 2941 2255 ν
2990 2201 3046 2246 ⁸⁸
3075 2192 3231 2266 longe
3269 2201 3496 2262 ίητθτίοτ
3508 2224 3527 2274 ὅ
3568 2226 3668 2267 ηθο

415 2271 512 2316 tate
537 2262 718 2336 [PsaL
749 2269 841 2326 95.
871 2272 956 2346 10]
981 2290 997 2340 ;
1025 2284 1080 2330 et
1103 2317 1118 2342 ,
1149 2277 1282 2334 Deus
1316 2281 1479 2352 judea:
1506 2262 1711 2357 justus,
1752 2262 1900 2360 fortis.
1937 2305 1984 2350 et

413 2354 600 2420 patiens
630 2355 807 2430 [PsaL
844 2362 894 2416 7.
932 2364 1068 2436 12];
1114 2367 1461 2441 similiterque
1495 2354 1981 2450 omnes-propheta:

407 2455 460 2497 ct
485 2445 691 2518 Moyses
724 2468 737 2504 :
769 2451 1008 2510 Christus
1037 2473 1160 2513 vero
1188 2459 1417 2528 diccbat,
1449 2464 1606 2520 Pater
1629 2445 1871 2525 neminem
1888 2476 1980 2544 ju-

405 2537 570 2605 dicat,
596 2541 684 2593 sed
700 2543 951 2612 judicium
979 2549 1116 2602 dedit
1148 2550 1318 2618 Filio;
1359 2555 1486 2610 illud
1528 2573 1653 2614 vero
1681 2537 1974 2620 auditorem

401 2626 638 2686 Judaeum
695 2636 906 2693 turbare
955 2649 1198 2708 poterat,
1265 2645 1621 2718 inducereque
1681 2662 1736 2706 ut
1791 2653 1971 2711 Iesum

403 2720 509 2780 Deo
533 2723 893 2783 adversarium
933 2732 1330 2805 suspicaretur)
1363 2753 1378 2792 :
1421 2738 1504 2794 hic
1529 2740 1812 2796 admodum
1850 2761 1970 2802 sese

393 2809 628 2879 dimittit,
652 2826 904 2885 quantum
930 2821 1132 2877 scilicet
1159 2823 1490 2882 imbecillitas
1529 2844 1712 2884 eorum
1739 2835 1968 2901 postula-

395 2900 502 2966 bat,
535 2912 592 2958 ut
616 2907 968 2973 perniciosam
1001 2911 1136 2969 hanc
1163 2918 1516 2984 snsiiicionem
1544 2921 1791 2979 radicitus
1816 2928 1961 2982 avel-

390 2990 542 3058 lcrct,
571 2996 746 3065 aitque
766 3038 780 3061 ,
822 2999 932 3070 Ego
961 3017 1060 3056 non
1091 3021 1296 3072 possunt
1335 3025 1368 3060 a
1395 3011 1583 3078 meipso
1623 3015 1788 3082 facere
1816 3019 1962 3087 quid-

385 3095 533 3146 quam
549 3100 569 3148 ;
597 3084 646 3139 id
677 3095 761 3141 est
783 3128 798 3153 ,
831 3087 970 3144 Nihil
1000 3092 1228 3148 alienum
1249 3136 1265 3161 ,
1293 3097 1594 3168 diversum,
1633 3103 1774 3174 quod
1803 3084 1960 3163 Pater

384 3171 538 3237 nolit,
577 3189 608 3228 a
635 3191 721 3230 me
747 3175 938 3234 factum
967 3181 1213 3238 videbitis
1233 3226 1249 3252 ,
1279 3188 1362 3242 vel
1391 3189 1588 3246 dictum
1614 3171 1858 3252 audietis.
1891 3197 1956 3253 Et

378 3276 500 3314 cum
525 3263 671 3331 prius
696 3264 906 3334 dixerit,
935 3269 1102 3325 Filius
1126 3273 1360 3330 hominis
1386 3290 1465 3333 est
1489 3321 1504 3347 ,
1549 3283 1670 3352 quia
1713 3285 1783 3339 illi
1829 3302 1952 3343 eum

375 3365 568 3418 purum
593 3353 860 3411 hominem
889 3373 1006 3415 esse
1034 3362 1442 3434 arbitrabantur,
1474 3369 1593 3426 ideo
1620 3373 1708 3428 illa
1735 3376 1946 3444 adjecit.

374 3440 444 3496 lit
471 3457 600 3514 ergo
628 3461 790 3516 supra
814 3464 934 3505 cum
968 3452 1203 3523 diceret,
1247 3457 1396 3520 Quod
1432 3464 1744 3532 audivimus,
1789 3440 1948 3538 loqui-

367 3549 504 3598 mur,
535 3539 744 3606 etquod
771 3541 1004 3607 vidimus,
1038 3554 1312 3613 testantur;
1339 3560 1392 3606 et
1423 3539 1674 3623 Joannes,
1707 3558 1854 3626 Quod
1876 3561 1947 3614 vi-

363 3626 474 3690 dit,
503 3636 728 3697 testatur,
757 3641 802 3685 et
830 3635 1162 3691 testimonium
1185 3641 1296 3709 ejus
1315 3659 1457 3697 nemo
1477 3648 1658 3716 accipit
1671 3666 1691 3712 ;
1712 3650 1778 3705 de
1800 3663 1940 3706 certa

363 3717 596 3786 loquitur
620 3723 922 3792 cognitione
950 3727 1017 3781 ad
1049 3740 1330 3800 utrumque
1348 3774 1364 3800 ,
1399 3751 1503 3789 non
1534 3753 1658 3792 vero
1686 3741 1942 3810 simplicia

361 3818 447 3864 ter
471 3811 535 3866 de
560 3814 741 3869 auditu
772 3816 916 3872 etde
945 3820 1058 3874 visu
1088 3838 1101 3872 :
1132 3821 1201 3876 ita
1229 3832 1283 3878 et
1307 3823 1392 3880 hic
1421 3842 1516 3897 per
1545 3829 1778 3885 auditum
1807 3833 1937 3889 nihil

355 3901 499 3956 aliud
524 3904 802 3973 signiﬁcat,
831 3925 986 3979 quam
1018 3928 1120 3966 non
1152 3929 1306 3983 posse
1335 3933 1392 3972 se
1423 3919 1562 3975 aliud
1593 3923 1747 3990 velle,
1778 3941 1934 3994 quam

353 3992 496 4060 quod
525 3995 636 4049 vult
676 3995 850 4051 Pater.
893 3999 998 4055 Sed
1030 4001 1080 4055 id
1122 4018 1226 4058 non
1269 4005 1338 4060 ita
1380 4008 1522 4064 clare
1561 4010 1691 4066 dixit
1730 3992 1934 4086 (neque

350 4082 496 4136 enim
529 4083 666 4140 ferre
695 4088 986 4155 pomissent
1013 4092 1058 4146 si
1085 4103 1268 4162 aperte
1291 4096 1584 4171 dixisset);
1616 4082 1799 4158 verum
1827 4107 1932 4174 quo

350 4175 544 4240 pacto?
574 4176 874 4235 Admodum
907 4182 1139 4240 demisso
1181 4196 1234 4241 et
1275 4188 1507 4245 humano
1549 4210 1696 4249 more
1735 4214 1747 4248 :
1788 4197 1930 4252 Sicut

347 4263 522 4325 audio,
543 4266 745 4333 judico.
777 4269 891 4324 Non
917 4271 983 4327 de
1004 4273 1240 4330 doctrina
1264 4277 1348 4332 hic
1370 4282 1573 4347 agitur;
1599 4301 1766 4354 neque
1787 4290 1925 4344 enim

345 4354 508 4421 dicit,
556 4355 704 4412 Sicut
727 4359 948 4430 doceor,
979 4364 1071 4418 sed
1093 4405 1108 4431 ,
1138 4366 1284 4420 Sicut
1311 4371 1464 4423 audio
1494 4387 1513 4424 :
1545 4387 1646 4427 non
1674 4375 1811 4443 quod
1839 4393 1926 4431 au-

347 4444 458 4499 ditu
492 4456 644 4516 egeat
673 4468 685 4502 :
719 4467 821 4506 non
851 4455 1010 4510 modo
1038 4473 1140 4512 non
1186 4459 1429 4515 doctrina
1453 4503 1466 4526 ,
1496 4465 1586 4519 sed
1635 4482 1700 4520 ne
1743 4469 1923 4524 auditu

344 4539 554 4604 quidem
586 4541 888 4612 indigebat;
917 4549 1010 4603 sed
1037 4553 1376 4606 concordiam
1417 4555 1646 4623 indicat,
1689 4569 1743 4614 et
1783 4561 1919 4616 idem

343 4626 511 4696 ipsum
536 4630 831 4701 judicium,
862 4651 924 4690 ac
953 4639 996 4692 si
1025 4639 1224 4695 diceret
1256 4658 1267 4694 :
1300 4641 1372 4696 lta
1399 4643 1580 4713 judico
1605 4661 1667 4700 ac
1693 4649 1736 4702 si
1764 4649 1922 4705 Pater

340 4717 451 4788 ipse
475 4721 757 4790 jndiearet.
792 4727 978 4782 Postea
1007 4731 1188 4800 adjicit
1221 4751 1234 4787 :
1268 4733 1333 4787 Et
1362 4738 1476 4790 novi
1502 4739 1638 4808 quod
1661 4741 1917 4810 judicium

339 4825 500 4864 meum
516 4814 716 4882 justum
743 4827 843 4883 est,
885 4821 1004 4889 quia
1047 4838 1146 4876 non
1184 4841 1351 4894 qua’ro
1379 4828 1681 4885 voluntatem
1717 4850 1912 4902 meam,

336 4902 421 4953 sed
447 4903 752 4958 voluntatem
781 4908 888 4976 ejus
915 4911 1000 4979 qui
1035 4912 1166 4964 misit
1195 4931 1289 4967 me.
1323 4916 1458 4982 Quid
1485 4919 1650 4974 dicis?
1682 4921 1913 4979 habesnc

335 4991 555 5046 alteram
584 5010 742 5064 quam
769 4997 929 5054 Pater
956 5001 1319 5058 voluntatem?
1352 5007 1509 5076 Atqui
1537 5010 1657 5064 alibi
1685 5012 1861 5068 dixisti
1896 5032 1909 5069 :

336 5081 476 5135 Sicut
512 5102 604 5155 ego
632 5096 678 5139 et
707 5098 759 5140 tu
788 5104 942 5142 unum
970 5109 1178 5158 sumus;
1207 5103 1260 5148 et
1286 5112 1514 5162 rursum,
1546 5100 1614 5154 de
1639 5103 1911 5160 voluntate

332 5179 380 5223 et
406 5175 692 5229 concordia
723 5176 943 5246 loquens
974 5197 985 5230 :
1017 5179 1097 5234 Da
1121 5183 1191 5235 eis
1221 5193 1273 5236 ut
1303 5194 1348 5236 et
1375 5187 1472 5254 ipsi
1497 5188 1548 5240 in
1587 5191 1726 5243 nobis
1754 5207 1909 5246 unum

329 5259 452 5324 sint,
502 5263 604 5318 hoc
645 5275 762 5330 est,
810 5266 860 5320 in
906 5268 1012 5323 lide
1049 5281 1248 5325 nostra.
1284 5272 1464 5328 Viden’
1503 5291 1562 5329 ea
1593 5293 1710 5342 qua:
1740 5282 1906 5349 magis

330 5346 536 5406 humilia
559 5354 830 5422 videntur,
857 5358 1137 5413 sublimem
1163 5376 1375 5416 sensum
1399 5367 1661 5420 occultum
1686 5367 1903 5424 habere?

326 5439 466 5503 Quod
498 5460 631 5514 ergo
658 5445 990 5516 subindicat,
1025 5450 1124 5505 hoc
1153 5461 1235 5506 est
1278 5471 1290 5507 :
1334 5456 1566 5510 ostendit
1603 5473 1707 5512 non
1745 5459 1900 5514 aliam

322 5541 433 5584 esse
461 5533 642 5588 Patris
669 5537 995 5593 voluntatem
1017 5581 1030 5603 ,
1057 5557 1212 5609 quam
1241 5557 1424 5611 suam;
1456 5547 1548 5601 sed
1580 5546 1676 5616 ita,
1709 5550 1897 5620 inquit,

379 5639 392 5707 ξ
424 5645 595 5707 yorel.
625 5643 766 5707 legit,
790 5649 1072 5703 crassiores.

372 5699 391 5729 ³
421 5697 563 5757 Idem
593 5697 764 5766 halict,’
787 5697 1158 5775 impudentiam,
1186 5729 1288 5778 pro,
1317 5719 1642 5780 pertinacium.

2088 2263 2247 2318 modo
2275 2265 2513 2339 inferior,
2544 2271 2640 2329 sed
2670 2275 2830 2332 etiam
2863 2294 2970 2336 non
3000 2291 3106 2339 tam
3135 2263 3299 2344 utilis.
3325 2293 3459 2351 Nam
3499 2263 3545 2355 si

2084 2351 2267 2412 lutaris
2298 2370 2472 2430 esset,
2495 2373 2547 2419 et
2573 2367 2617 2421 si
2642 2381 2962 2426 consonant
2985 2389 3106 2431 cum
3138 2381 3414 2442 voluntate
3449 2389 3655 2458 Patris,

2081 2459 2177 2500 cur
2194 2447 2335 2504 illam
2358 2467 2461 2507 non
2479 2460 2714 2525 quieris?
2735 2462 2988 2525 Homines
3003 2469 3199 2544 quippe
3218 2474 3338 2542 jure
3359 2477 3460 2536 hoc
3483 2447 3656 2553 ipsum

2079 2537 2327 2609 dixerint,
2357 2554 2413 2598 ut
2438 2548 2525 2616 qui
2549 2552 2744 2609 multas
2771 2556 3000 2615 habeant
3019 2537 3319 2624 voluntates
3344 2537 3654 2639 praue;-

2076 2627 2344 2739 piacilunl.
2374 2633 2452 2690 Tu
2480 2652 2608 2694 vero
2635 2657 2737 2711 qua
2763 2646 2832 2701 de
2855 2664 3013 2707 causa
3048 2655 3126 2710 sic
3153 2627 3404 2729 loqueris,
3435 2627 3525 2736 qui

2073 2721 2250 2774 omnia
2297 2722 2438 2779 Patri
2481 2728 2670 2786 similis
2719 2737 2824 2790 es?
2875 2739 2987 2796 lloc
3033 2747 3174 2801 enim
3228 2721 3647 2814 verbum-nonin

2070 2807 2264 2866 dixerit
2291 2827 2411 2870 esse
2462 2818 2559 2872 viri
2594 2827 2860 2892 accurati,
2889 2839 2943 2883 et
2981 2834 3068 2902 qui
3112 2839 3396 2900 cruciﬁxus
3446 2848 3536 2902 sit.
3586 2852 3645 2907 Si

2067 2913 2296 2973 namque
2321 2905 2516 2963 Paulus
2541 2912 2612 2966 ita
2652 2929 2710 2970 se
2732 2919 2988 2978 voluntati
3017 2925 3109 2981 Dei
3134 2932 3362 3000 copulat,
3395 2948 3449 2992 ut
3477 2939 3638 3010 dicat,

2073 2988 2161 3010 m,
2297 3005 2308 3010 -
2444 3002 2454 3010 .

2073 2988 2194 3046 Vivo
2221 3005 2386 3050 autem
2423 3002 2538 3069 jam
2575 3019 2674 3058 non
2698 3023 2809 3077 ego,
2861 3012 2977 3067 vivit
3019 3029 3132 3072 vero
3183 2988 3237 3074 in
3288 3040 3367 3079 me
3411 2988 3637 3086 Cliristu;

2061 3079 2203 3187 (θαι.
2243 3082 2297 3137 2.
2344 3084 2459 3159 20).
2485 3095 2760 3160 quomodo
2801 3102 3037 3158 omnium
3096 3107 3352 3167 Dominus

2060 3168 2180 3224 Non
2217 3189 2389 3242 qua'ro
2432 3181 2737 3238 voluntatem
2770 3202 2952 3258 meam,
2979 3195 3068 3247 sed
3107 3199 3215 3266 ejus
3241 3203 3330 3270 qui
3357 3206 3491 3260 misit
3533 3168 3629 3276 me:

2055 3274 2118 3315 ac
2136 3264 2182 3318 si
2201 3266 2300 3321 alia
2325 3268 2414 3324 sit.
2433 3270 2571 3338 Quid
2591 3289 2722 3346 ergo
2739 3279 2839 3334 sibi
2861 3282 2970 3338 vult
2983 3285 3008 3336 ι
3023 3264 3180 3353 Quasi
3198 3264 3360 3349 homo
3377 3264 3627 3368 loquitur,

2053 3359 2106 3404 et
2131 3356 2417 3412 secundum
2447 3362 2750 3420 auditorum
2775 3371 3104 3438 opinionem.
3128 3379 3257 3434 Cum
3287 3356 3628 3459 enim'supe:

2052 3443 2160 3495 rius
2189 3445 2290 3500 alia
2319 3457 2374 3501 ut
2403 3449 2560 3516 Deus,
2589 3455 2693 3509 alia
2723 3467 2778 3512 ut
2805 3458 2965 3516 homo
2983 3464 3181 3522 dixisse
3207 3443 3624 3545 demonstretur,

2048 3547 2230 3589 rursus
2277 3546 2336 3591 ut
2386 3538 2547 3596 homo
2586 3543 2699 3600 hinc
2725 3547 2926 3616 profert
2965 3561 3018 3606 et
3042 3555 3136 3622 ait,
3163 3558 3423 3617 Iudicium
3461 3582 3625 3624 nicum

2036 3625 2235 3694 justum
2277 3639 2368 3682 est.
2398 3631 2465 3686 Et
2491 3634 2632 3690 unde
2659 3636 2760 3692 hoc
2787 3639 2994 3709 liquet?
3023 3644 3157 3710 Quia
3189 3665 3289 3703 non
3334 3669 3504 3723 quaero
3532 3675 3620 3713 vo-

2046 3715 2289 3772 luntatem
2313 3736 2476 3776 meam
2493 3763 2509 3789 ,
2535 3725 2625 3779 sed
2648 3728 2953 3786 voluntatem
2992 3735 3101 3802 ejus
3127 3739 3212 3806 qui
3241 3715 3374 3798 misit
3405 3761 3499 3800 me.
3529 3749 3587 3803 Si
3603 3779 3619 3790 -

2044 3815 2133 3861 cut
2158 3810 2302 3864 enim
2335 3813 2513 3879 homo,
2543 3816 2634 3886 qui
2658 3819 2725 3872 ab
2761 3819 2950 3877 aﬂ'ectu
2981 3824 3114 3881 liber
3140 3837 3257 3896 est,
3296 3847 3403 3889 non
3435 3847 3612 3905 potest

2033 3897 2179 3967 juste
2207 3905 2442 3958 accusari
2484 3907 2626 3976 quod
2673 3921 2868 3979 praeter
2894 3913 2970 3969 fas
3002 3915 3318 3985 iudicaverit
3349 3942 3365 3979 :
3395 3897 3475 3983 sic
3519 3945 3620 3986 nec

2037 4005 2123 4045 me
2141 3991 2252 4059 jam
2282 3997 2520 4064 poteritis
2543 4002 2960 4070 reprehendere.
2982 4007 3114 4063 Nam
3135 4012 3225 4081 qui
3251 4016 3363 4070 vult
3385 4031 3478 4072 sua
3505 4029 3610 4074 sta«

2035 4078 2219 4147 bilire,
2245 4082 2366 4151 jure
2392 4085 2635 4144 fortassis
2663 4091 2716 4145 in
2740 4095 3097 4162 suspicionem
3124 4078 3317 4168 veniat,
3345 4109 3482 4175 quod
3515 4111 3610 4166 hac

2034 4169 2100 4222 de
2127 4185 2282 4225 causa
2310 4173 2570 4241 justitiam
2623 4183 3069 4248 pessumdederit.
3103 4190 3202 4258 Qui
3225 4169 3471 4252 vero-sua
3503 4217 3607 4256 non

2031 4262 2261 4328 respicit,
2295 4279 2397 4332 qua
2420 4266 2486 4321 de
2515 4282 2673 4323 causa
2707 4286 2812 4326 non
2837 4275 2983 4342 juste
3009 4279 3270 4337 calculum
3294 4285 3466 4342 lerat?
3496 4291 3608 4348 Hoc

2029 4349 2205 4417 itaque
2231 4354 2508 4410 ratiocinio
2533 4373 2652 4426 qua:
2675 4360 2742 4414 ad
2773 4378 2858 4417 me
2883 4374 3126 4433 spectant
3149 4373 3445 4440 explorate.
3471 4379 3602 4436 Nam

2027 4439 2072 4492 si
2098 4441 2330 4497 dicerem
2358 4459 2443 4498 me
2471 4461 2576 4501 non
2604 4464 2634 4500 a
2661 4449 2817 4507 Patre
2845 4455 3066 4511 missum
3092 4439 3250 4526 esse,
3296 4478 3396 4520 nec
3423 4479 3604 4536 gesto~

2026 4546 2142 4584 rum
2183 4535 2402 4602 gloriam
2449 4538 2516 4591 ad
2545 4538 2692 4594 illum
2740 4543 3031 4610 referrem,
3095 4560 3327 4609 vestrum
3376 4535 3602 4618 fortasse

2023 4628 2282 4698 quispiam
2310 4635 2688 4704 suspicaretur,
2718 4655 2804 4694 me
2825 4641 3210 4710 jactabundum
3239 4665 3363 4706 vera
3387 4669 3492 4709 non
3513 4655 3598 4710 di-

2022 4731 2144 4772 cere
2175 4737 2188 4773 :
2215 4721 2260 4775 si
2305 4733 2482 4779 autem
2534 4728 2686 4783 alteri
2717 4739 2772 4784 et
2800 4747 2917 4801 quae
2946 4735 3081 4790 facta
3112 4749 3232 4794 sunt
3263 4742 3458 4811 refero,
3501 4764 3598 4802 cur

2019 4808 2162 4865 dicta
2187 4812 2272 4866 illa
2318 4828 2563 4885 suspecta
2614 4819 2892 4878 habeatis?
2921 4826 3106 4883 Viden’
3140 4847 3247 4901 quo
3289 4808 3594 4894 sermonem

2018 4899 2327 4969 deduxerit,
2369 4916 2423 4962 et
2449 4910 2586 4966 unde
2606 4913 2863 4982 judicium
2895 4934 3050 4976 suum
3072 4899 3271 4992 justum
3300 4944 3420 4984 esse
3448 4946 3593 4986 assc-

2017 4993 2139 5044 rat?
2168 4993 2318 5048 Unde
2347 4997 2592 5056 videlicet
2617 5005 2788 5073 quivis
2814 5021 2844 5062 e
2865 5010 3021 5080 vulgo
3046 5013 3405 5071 defensionem
3433 5032 3590 5086 para-

2016 5092 2117 5136 ret.
2142 5083 2326 5139 Viden‘
2352 5090 2491 5158 quod
2521 5106 2664 5162 saepe
2691 5097 2834 5163 dixi,
2863 5103 3132 5169 quomodo
3173 5106 3314 5162 clare
3343 5083 3586 5177 resplen~

2015 5170 2176 5226 deat?
2229 5175 2366 5242 Quid
2447 5181 2573 5236 illud
2629 5195 2710 5240 est
2775 5189 2918 5257 quod
2972 5193 3122 5246 dixi?
3182 5194 3328 5250 illam
3383 5170 3582 5257 ιεὶιωηι

2013 5263 2292 5318 verborum
2339 5268 2691 5330 humilitatem
2734 5292 2878 5332 sanae
2907 5283 3102 5337 mentis
3129 5283 3431 5343 hominibus
3457 5305 3584 5346 sua-

2012 5351 2159 5417 dere,
2192 5371 2258 5410 ne
2275 5356 2414 5412 dicta
2439 5365 2615 5418 statim
2636 5365 2701 5419 ad
2728 5367 2908 5422 infima
2935 5370 3253 5441 deprimant,
3283 5377 3375 5431 sed
3407 5383 3580 5449 potius

2011 5441 2062 5494 in
2095 5444 2455 5503 sublimiorem
2499 5466 2710 5507 sensum
2745 5455 2980 5522 ducant;
3015 5461 3122 5514 imo
3149 5464 3237 5532 qui
3276 5465 3387 5534 jam
3433 5468 3576 5525 humi

2009 5546 2231 5604 repunt,
2263 5538 2386 5594 hinc
2416 5544 2665 5610 paulatim
2697 5547 2762 5599 ad
2790 5547 2976 5602 altiora
3009 5550 3165 5609 facile
3189 5559 3570 5624 provehantur.

2080 5629 2132 5680 Μ
2138 5633 2290 5683 oralis
2319 5633 2598 5686 exhortatio
2618 5637 2684 5688 ad
2705 5639 2974 5706 prudentia
3001 5644 3153 5699 simul
3177 5656 3221 5701 et
3246 5649 3572 5717 simplicitate

2008 5723 2261 5776 utendum.
2287 5725 2498 5790 Quando
2514 5727 2628 5783 aliis
2637 5742 2842 5798 peccata
2855 5749 2952 5788 non
2969 5738 3432 5806 dimittimusmobis
3449 5737 3578 5804 ipsis
