4104 6156
405 341 512 396 ἲὶἹ

397 471 502 509 non
519 451 839 508 dimittimus.
866 448 1180 504 Coudonatio
1205 446 1511 518 injuriarum
1533 484 1549 509 ,
1580 443 1821 504 charitas,
1854 440 1984 494 elee-

400 559 708 614 mosynaque
735 540 1175 599 commendantur.
1194 567 1266 579 —-
1291 537 1418 592 Haec
1453 535 1630 590 omnia
1656 532 1946 601 cogitantes
1969 573 1984 596 ,

395 647 600 705 qttatso,
633 647 702 688 ne
726 631 868 687 dicta
892 641 1390 702 pratercurramus,
1419 626 1513 705 sed
1535 633 1785 680 accurate
1803 623 1985 678 omnia

397 703 738 794 exploremus
759 764 775 790 ,
803 731 858 777 ct
881 735 1099 777 causam
1124 718 1202 774 sic
1229 703 1490 788 loquendi
1506 715 1701 786 ubique
1731 713 1985 769 conside-

397 829 580 870 remus
610 831 625 868 :
653 829 828 884 neque
871 819 1119 882 putemus
1156 818 1240 865 sat
1283 807 1442 864 nobis
1483 806 1550 862 ad
1589 805 1984 861 excusationem

396 922 519 964 esse
551 907 910 978 ignorantiam
949 916 1004 960 et
1030 903 1447 974 simplicitatem.
1476 900 1658 970 Neque
1681 900 1823 954 enim
1858 898 1986 954 sim-

402 1001 566 1066 plices
587 1007 798 1055 tautum
817 998 976 1068 jussit
995 1010 1136 1063 esse,
1159 993 1253 1049 sed
1274 995 1435 1049 etiam
1464 991 1751 1062 prudentes
1771 988 1984 1062 (Matth.

404 1092 489 1147 10.
520 1091 650 1162 16).
676 1089 900 1146 Utamur
924 1104 1051 1159 ergo
1080 1088 1447 1158 simplicitate,
1475 1085 1570 1140 sed
1600 1099 1724 1140 cum
1750 1083 1984 1152 pruden-

402 1183 492 1247 tia,
529 1191 636 1237 tam
657 1183 715 1238 in
732 1181 1000 1248 doctrina,
1021 1195 1177 1250 quam
1206 1179 1260 1233 in
1285 1178 1537 1248 operibus
1561 1195 1576 1242 ;
1607 1186 1661 1232 et
1681 1176 1838 1232 nobis
1859 1176 1989 1248 ipsis

396 1276 487 1342 jus
513 1275 772 1338 dicamus,
804 1283 860 1328 nt
883 1288 986 1326 non
1015 1280 1139 1327 tunc
1159 1287 1281 1327 cum
1308 1271 1412 1326 hoc
1433 1269 1632 1325 mundo
1649 1269 1986 1324 damnemur.

402 1365 562 1421 Tales
594 1379 697 1419 nos
731 1378 856 1434 erga
884 1377 1071 1418 servos
1095 1370 1309 1418 nostros
1355 1361 1706 1416 exbibeamus
1731 1402 1747 1427 ,
1775 1359 1984 1430 qualem

400 1456 652 1512 volumus
677 1470 800 1526 erga
841 1469 940 1510 nos
975 1468 1096 1509 esse
1124 1453 1409 1508 Dominum
1439 1462 1705 1506 nostrum.
1740 1449 1947 1504 Dimitte
1969 1489 1985 1514 ,

407 1547 601 1617 inquit,
627 1546 768 1602 nobis
793 1547 960 1604 debita
983 1555 1178 1611 nostra,
1206 1546 1334 1598 sicut
1378 1553 1426 1597 et
1465 1559 1556 1597 nos
1581 1543 1875 1598 dimittimus
1901 1541 1988 1596 de-

404 1640 644 1695 bitoribus
669 1641 852 1694 nostris
879 1637 1090 1707 (Matth.
1119 1640 1170 1693 6.
1203 1637 1272 1692 12
1293 1635 1334 1708 ).
1360 1635 1484 1691 Scio
1512 1634 1726 1705 quidem
1753 1635 1986 1688 animam

405 1731 628 1800 injurias
653 1744 760 1786 non
786 1743 939 1798 teque
959 1729 1137 1782 animo
1165 1728 1306 1783 ferre
1331 1743 1346 1792 ;
1378 1725 1473 1781 sed
1499 1726 1542 1779 si
1568 1725 1863 1795 cogitemus
1890 1738 1992 1780 nos

406 1836 512 1874 non
543 1820 753 1875 laedenti
777 1860 795 1886 ,
825 1818 920 1874 sed
958 1817 1111 1874 nobis
1138 1818 1266 1887 ipsis
1309 1818 1380 1871 ita
1414 1816 1693 1871 consulere
1715 1857 1732 1883 ,
1760 1815 1868 1870 cito
1896 1815 1990 1870 ira:

408 1928 672 1968 venenum
692 1912 1024 1982 abjiciemus.
1056 1911 1188 1965 Nam
1215 1911 1304 1981 qui
1329 1919 1545 1966 centum
1572 1908 1820 1964 denarios
1841 1907 1990 1963 debi-

407 2004 508 2058 tori
536 2019 641 2057 nou
672 2001 918 2068 remisit,
956 2016 1062 2056 non
1093 2015 1407 2056 conservum
1432 2001 1569 2055 laesit
1591 2043 1606 2067 ,
1635 2000 1728 2055 sed
1755 2000 1988 2069 seipsum

410 2104 628 2153 centum
660 2094 887 2149 millium
919 2094 1238 2148 talentorum
1262 2134 1279 2159 ,
1306 2107 1424 2161 qua:
1463 2091 1562 2147 sibi
1596 2092 1740 2161 prius
1766 2091 1989 2146 remissa

408 2187 617 2242 fuerant
641 2227 661 2251 ,
687 2185 988 2241 debitorem
1026 2184 1278 2240 reddidit.
1305 2183 1438 2239 Cum
1467 2197 1597 2253 ergo
1621 2183 1742 2237 aliis
1765 2198 1870 2237 non
1909 2182 1989 2237 di-

403 2278 696 2345 mittimus,
719 2277 874 2332 nobis
900 2291 1006 2332 non
1028 2276 1368 2331 dimittimus.
1388 2274 1468 2329 Ne
1489 2288 1618 2346 ergo
1647 2283 1848 2330 tantum
1881 2274 1990 2328 Deo

409 2370 653 2426 dicamus
678 2411 692 2435 ,
722 2370 800 2424 Ne
830 2369 1139 2425 memineris
1182 2377 1400 2437 peccata
1446 2375 1659 2430 nostra;
1704 2365 1800 2422 sed
1827 2366 1987 2420 etiam

406 2462 562 2517 nobis
601 2461 736 2531 ipsis
783 2461 973 2530 singuli
1003 2460 1246 2516 dicamus
1269 2502 1284 2525 ,
1315 2459 1393 2515 Ne
1434 2459 1833 2514 meminerimus
1860 2473 1991 2513 con-

404 2567 681 2608 servorum
715 2560 952 2622 peccata.
975 2551 1106 2605 Nam
1140 2560 1195 2605 tu
1227 2551 1372 2619 prior
1398 2550 1450 2604 in
1483 2559 1534 2605 te
1557 2549 1814 2618 justitiam
1835 2563 1990 2604 exer-

404 2657 496 2699 ces
518 2683 542 2709 ,
567 2643 692 2698 hinc
716 2642 958 2711 sequitur
999 2641 1158 2695 Deus.
1193 2641 1272 2696 Tu
1319 2641 1489 2711 legem
1519 2640 1712 2697 scribis
1738 2639 1807 2695 de
1835 2639 1987 2696 venia

407 2744 466 2790 et
490 2749 670 2805 poma,
696 2744 749 2790 ct
775 2734 842 2790 de
867 2733 956 2788 his
981 2732 1089 2790 fers
1116 2734 1456 2789 sententiam.
1479 2735 1620 2806 Ergo
1646 2749 1808 2804 penes
1835 2742 1887 2789 te
1907 2741 1990 2789 est

412 2837 471 2880 ut
516 2826 664 2881 Deus
685 2834 1022 2895 peccatorum
1072 2834 1279 2879 tuorum
1313 2825 1398 2880 vel
1425 2825 1736 2880 recordetur
1763 2825 1844 2879 vel
1882 2840 1988 2880 non

406 2916 741 2973 recordetur.
769 2915 890 2972 ldeo
918 2916 1113 2970 Paulus
1138 2914 1407 2970 dimittere
1430 2914 1602 2984 jubet,
1634 2915 1678 2970 si
1701 2915 1821 2984 quis
1846 2915 1992 2984 quid.

409 3013 548 3080 piam
584 3009 840 3065 adversus
880 3008 1044 3063 alium
1089 3006 1322 3071 habeat,
1354 3021 1454 3061 nec
1482 3005 1650 3060 modo
1681 3005 1946 3059 dimittere
1969 3045 1987 3070 ,

406 3101 510 3156 sed:
536 3101 693 3155 itaut
722 3114 825 3154 nec
855 3098 1093 3168 reliquis:
1119 3104 1371 3152 maneant
1403 3093 1626 3168 (Coloss.
1664 3095 1718 3150 5.
1748 3092 1873 3165 15).
1903 3095 1987 3150 Si-

405 3188 624 3262 quidem
648 3189 896 3244 Christus
922 3201 1026 3242 non
1048 3186 1207 3243 modo
1231 3194 1446 3256 peccata
1474 3193 1656 3239 nostra
1679 3185 1731 3239 in
1754 3184 1987 3240 medium

407 3294 521 3336 non
535 3279 744 3344 attulit;
767 3278 858 3333 sed
885 3292 1056 3347 neque
1079 3291 1178 3332 nos
1200 3276 1504 3345 peccavisse
1527 3276 1986 3342 commemoravit,

407 3385 580 3441 neque
604 3369 754 3435 dixit,
787 3369 899 3424 llac
925 3379 978 3424 et
1001 3368 1102 3425 hac
1120 3369 1175 3424 in
1205 3383 1264 3423 re
1293 3367 1560 3438 peccasti’;
1585 3367 1676 3422 sed
1708 3367 1908 3422 dimisit
1936 3375 1987 3423 et

405 3461 602 3518 delevit
648 3459 1061 3530 chirographum
1087 3499 1104 3526 ,
1159 3473 1258 3513 nec
1307 3468 1521 3530 peccata
1576 3459 1880 3525 recensuit,
1933 3467 1990 3513 ut

409 3553 604 3608 Paulus
646 3550 930 3621 significat.
985 3549 1098 3605 Hoc
1143 3557 1198 3604 ct
1244 3563 1341 3603 nos
1385 3547 1683 3603 faciamus:
1713 3547 1890 3602 omnia
1920 3563 1985 3603 ex

406 3651 587 3700 mente
627 3644 903 3698 deleamus
934 3641 1115 3712 (Ibid.
1147 3641 1202 3695 2.
1246 3640 1369 3714 14).
1403 3642 1460 3697 Si
1504 3642 1632 3713 quid
1660 3641 1785 3697 boni
1830 3643 1898 3697 ab
1922 3654 1989 3696 eo

404 3738 492 3807 qui
523 3750 620 3790 nos
647 3735 778 3789 Iussit
808 3733 1100 3787 admissum
1125 3733 1305 3798 fuerit,
1327 3733 1429 3788 hoc
1445 3734 1617 3788 solum
1646 3742 1983 3804 reputemus;

403 3829 448 3883 si
488 3827 774 3882 molestum
801 3833 854 3880 et
895 3823 1141 3878 odiosum
1169 3823 1442 3892 quidpiam
1463 3865 1477 3890 ,
1509 3824 1784 3893 ejiciamus
1811 3833 1866 3878 et
1889 3823 1988 3878 de-

404 3921 610 3975 leamus
635 3959 648 3983 ,
691 3927 749 3973 ut
776 3932 844 3973 ne
873 3916 1155 3986 vestigium
1187 3915 1401 3986 quidem
1431 3924 1723 3970 remaneat.
1763 3914 1912 3982 Quod
1942 3913 1987 3971 si

403 4012 534 4066 nihil
562 4011 686 4066 boni
718 4025 842 4081 erga
876 4025 974 4064 nos
1004 4009 1195 4078 egerit,
1228 4016 1374 4062 tanto
1405 4006 1577 4076 major
1603 4007 1758 4061 nobis
1786 4006 1987 4060 condo-

400 4103 649 4158 nantibus
678 4117 886 4156 merces
927 4109 978 4155 et
1005 4100 1120 4156 laus
1146 4100 1270 4155 erit.
1299 4098 1402 4153 Alii
1430 4099 1620 4169 vigiliis
1641 4107 1695 4153 et
1722 4097 1866 4152 humi
1896 4112 1988 4152 cu-

404 4194 603 4258 bando,
630 4194 881 4263 miliaque
909 4191 1359 4246 macerationibus
1383 4197 1601 4258 peccata
1625 4189 1861 4258 expiant;
1892 4187 1987 4242 tibi

401 4284 639 4340 faciliore
667 4284 774 4350 via,
799 4283 1115 4353 injuriarum
1142 4297 1336 4350 nempe
1365 4281 1635 4336 oblivione
1656 4281 1782 4336 licet
1803 4280 1984 4334 omnia

399 4375 710 4443 abs-tergere
739 4374 965 4428 scelera.
997 4372 1106 4428 Cur
1131 4381 1318 4427 contra
1346 4381 1402 4426 te
1427 4371 1657 4441 gladium
1687 4380 1744 4425 ut
1770 4375 1986 4425 insanus

400 4474 455 4518 et
479 4463 662 4517 furens
690 4461 965 4527 admoves,
1001 4473 1159 4531 teque
1192 4477 1227 4514 a
1252 4462 1427 4514 futura
1456 4460 1564 4514 vita
1585 4461 1831 4529 expellis,
1863 4477 1985 4516 cum

401 4552 542 4607 nihil
558 4567 673 4606 non
694 4550 872 4606 facere
891 4559 1181 4620 oporteret,
1209 4559 1267 4604 ut
1289 4549 1431 4603 illam
1453 4552 1834 4618 consequaris?
1854 4552 1985 4606 Nam

399 4642 444 4696 si
474 4654 717 4712 prmeens
738 4640 851 4694 vita
867 4640 943 4695 ita
968 4639 1348 4695 desiderabilis
1377 4650 1461 4696 est
1485 4681 1499 4706 ,
1528 4640 1654 4709 quid
1682 4641 1749 4696 de
1773 4641 1861 4695 illa
1906 4643 1986 4698 di-

399 4735 548 4790 xeris
567 4773 585 4801 ,
619 4732 762 4788 utide
790 4733 992 4803 aufugit
1021 4732 1196 4788 omnis
1221 4731 1378 4786 dolor
1401 4773 1416 4798 ,
1449 4747 1648 4787 mceror
1669 4773 1687 4800 ,
1717 4735 1946 4802 gemitus
1965 4775 1980 4800 ,

401 4827 488 4882 ubi
526 4839 629 4880 nec
657 4824 846 4880 mortis
876 4824 1035 4879 timor
1057 4863 1074 4889 ,
1121 4837 1221 4878 nec
1249 4823 1388 4877 ullus
1417 4823 1676 4879 bonorum
1708 4823 1826 4877 linis
1873 4839 1986 4878 mc-

399 4919 668 4977 tuendus?
693 4917 864 4984 Beati,
889 4925 971 4972 ter
1000 4915 1300 4986 smpiusque
1325 4916 1487 4982 beati,
1513 4917 1597 4986 qui
1626 4917 1710 4971 illa
1739 4915 1985 4970 fruuntur

403 5021 572 5077 sorte,
604 5019 662 5064 ut
692 5009 875 5065 miseri
903 5017 1089 5078 terque
1111 5017 1166 5063 et
1189 5007 1386 5077 sa‘pius
1411 5009 1611 5074 miseri,
1641 5009 1727 5078 qui
1751 5009 1837 5062 illa
1864 5024 1984 5064 sesc

402 5103 612 5169 privant
665 5099 1018 5155 beatitudine.
1053 5099 1258 5168 Ecquid
1285 5140 1302 5166 ,
1352 5099 1562 5169 inquies
1586 5139 1600 5164 ,
1650 5100 1795 5154 illam
1826 5101 1981 5156 nobis

399 5189 558 5246 vitam
586 5192 814 5261 acquirit
833 5192 858 5244 ?
886 5190 1022 5246 Audi
1053 5189 1227 5259 ipsum
1252 5189 1490 5258 judicem
1509 5191 1834 5248 adolescenti
1859 5193 1974 5248 cui.

1461 5279 1848 5293 —————._.

402 5282 787 5291 .___.—-————_—

1440 5408 1468 5424 Ι

401 5466 484 5520 51.
529 5463 590 5519 Si
628 5480 720 5534 ego
758 5466 1089 5520 testimonium
1132 5464 1365 5536 perhibeo
1406 5465 1470 5518 de
1502 5465 1722 5534 meipso,
1757 5467 1978 5522 testimo-

470 5557 612 5609 nium
665 5571 828 5608 meum
881 5573 981 5610 non
1032 5567 1105 5610 est
1167 5572 1352 5611 verum.
1407 5555 1497 5610 32.
1564 5556 1706 5610 Alius
1770 5566 1842 5610 est
1894 5560 1979 5622 qui

468 5646 807 5701 testimonium
846 5646 1066 5712 perhibet
1094 5648 1154 5704 de
1184 5664 1260 5702 me
1284 5688 1298 5714 ,
1331 5656 1378 5702 et
1415 5648 1518 5703 scio
1545 5649 1663 5718 quia
1691 5665 1860 5704 verum
1907 5663 1978 5706 est

475 5738 810 5796 testimonium
834 5737 966 5807 ejus.

1135 333 1193 388 S.
1233 329 1510 387 JOANNIS
1546 324 2024 383 CHRYSOSTOMI
2064 325 2381 382 ARCIIIEP.
2421 328 2948 386 CONSTANTINOP.

3572 334 3678 390 228

2101 442 2242 510 piam
2289 441 2390 498 bac
2428 442 2495 498 de
2526 460 2585 500 re
2628 444 2954 515 loquentem.
2992 446 3110 516 Ipso
3151 463 3379 517 namque
3411 463 3628 520 rogante
3655 495 3672 512 .

2103 531 2238 598 Quid
2258 534 2490 599 faciendo
2507 536 2658 589 vitam
2676 548 2915 590 retentam
2939 540 3199 608 possidebo
3219 539 3431 612 (Matth.
3457 543 3540 599 19.
3560 541 3678 615 16)ἳ

2096 623 2306 676 caeteris
2353 625 2643 693 praemissis
2690 625 2934 682 Christus
2961 631 3284 700 prazceptis,
3339 631 3392 686 in
3436 647 3677 689 amorem

2095 714 2331 783 proximi
2373 714 2550 770 desiit.
2579 717 2650 772 At
2677 718 2903 775 fortasse
2939 720 3242 776 auditorum
3270 721 3533 794 quispiam
3558 766 3574 792 ,
3619 735 3679 780 ut

2091 802 2242 858 dives
2267 802 2358 858 ille
2383 845 2400 870 ,
2437 804 2678 873 dixerit,
2712 807 2838 864 llaae
2873 823 2971 864 nos
2994 810 3359 878 servavimus;
3387 829 3490 868 non
3518 813 3680 871 furati

2092 910 2312 959 sumus.
2342 912 2449 952 non
2481 899 2795 968 occidimus,
2824 917 2932 956 non
2959 903 3211 959 moechati
3238 920 3444 961 sumus.
3477 907 3678 965 Verum

2092 989 2195 1046 hoc
2217 990 2398 1047 dicere
2423 1007 2529 1047 non
2561 994 2780 1062 poteris,
2810 1003 2860 1050 te
2885 994 3184 1064 proximum
3215 1004 3272 1051 ut
3295 999 3577 1068 oportebat
3599 1000 3681 1056 di-

2091 1082 2310 1139 lexisse.
2343 1084 2474 1139 Nam
2503 1087 2588 1141 vel
2619 1085 2829 1142 invidus
2858 1087 3026 1156 fuisti,
3059 1088 3150 1144 vel
3187 1090 3473 1146 maledicta
3501 1101 3678 1162 protu-

2053 1247 2056 1254 Ι
2093 1173 2222 1242 listi,
2255 1175 2338 1231 vel
2368 1175 2498 1232 lznso
2522 1192 2678 1246 opem
2710 1193 2815 1234 non
2843 1179 3033 1246 tulisti,
3056 1180 3139 1236 vel
3161 1180 3228 1237 de
3253 1182 3408 1238 bonis
3439 1198 3544 1238 non
3568 1183 3676 1240 lar-

2093 1265 2235 1333 gitus
2263 1280 2358 1333 es,
2391 1281 2495 1322 non
2523 1267 2780 1325 dilexisti.
2814 1269 3012 1326 Verum
3044 1287 3150 1327 non
3195 1271 3294 1328 hoc
3322 1273 3496 1329 solum
3517 1264 3678 1346 jussit

2091 1355 2360 1424 Christus,
2387 1358 2481 1414 sed
2507 1367 2563 1415 et
2586 1359 2750 1415 aliud.
2777 1360 2914 1429 Quid
2943 1361 3115 1416 illud?
3152 1361 3324 1418 Vende
3355 1367 3528 1420 omnia
3563 1383 3680 1436 qua

2093 1449 2275 1516 habes,
2316 1460 2364 1504 et
2391 1451 2460 1504 da
2496 1453 2834 1522 pauperibus,
2874 1462 2921 1508 et
2959 1457 3100 1520 veni,
3129 1470 3332 1525 sequere
3353 1472 3432 1510 me
3460 1457 3679 1527 (Matth.

2094 1539 2182 1594 19.
2215 1539 2277 1594 21
2306 1538 2352 1613 ).
2381 1542 2542 1609 Sequi
2564 1541 2859 1607 Christum,
2893 1544 3088 1600 imitari
3107 1544 3380 1600 Christum
3405 1545 3497 1602 hie
3515 1547 3678 1617 signi-

2095 1631 2234 1686 ficat.
2257 1631 2393 1699 Quid
2415 1632 2539 1687 hinc
2563 1633 2856 1690 discimus?
2876 1634 3075 1703 Primo,
3101 1651 3223 1694 eum
3244 1636 3334 1708 qui
3362 1636 3476 1693 haec
3495 1638 3676 1694 omnia

2093 1738 2200 1777 non
2232 1724 2423 1790 habet,
2453 1735 2654 1781 sortem
2681 1727 2827 1782 illam
2856 1742 2961 1782 non
2993 1742 3154 1798 posse
3177 1743 3299 1783 cum
3331 1730 3518 1798 primis
3544 1744 3676 1786 con-
3732 1758 3736 1760 -

2093 1813 2262 1883 sequi.
2297 1812 2428 1869 Cum
2458 1813 2684 1871 dixisset
2711 1817 2854 1871 enim
2883 1817 2992 1884 ille,
3027 1817 3212 1873 Omnia
3242 1811 3374 1887 feci,
3401 1833 3468 1874 ac
3489 1820 3534 1876 si
3561 1835 3680 1874 ma-

2092 1919 2252 1974 gnum
2283 1905 2554 1976 quidpiam
2584 1905 2798 1963 deesset
2825 1908 2891 1964 ad
2914 1909 3289 1980 perfectionem
3312 1952 3326 1977 ,
3357 1913 3431 1967 ait
3461 1931 3476 1968 :
3510 1913 3572 1969 Si
3599 1916 3675 1970 vis

2094 1999 2344 2067 perfectus
2365 2013 2489 2064 esse,
2511 1997 2664 2052 vende
2683 1999 2852 2053 omnia
2871 2016 2983 2070 qua:
3002 2000 3171 2065 habes,
3196 2011 3240 2056 et
3261 2002 3329 2056 da
3350 2003 3676 2074 pauperibus,

2091 2097 2140 2140 et
2166 2089 2292 2152 veni,
2315 2103 2518 2159 sequere
2547 2106 2645 2144 me.
2676 2088 2791 2146 Hoc
2819 2092 2997 2162 itaque
3023 2093 3194 2163 primo
3219 2094 3531 2150 discendum
3558 2107 3674 2163 est;

2093 2181 2350 2249 secundo,
2383 2183 2528 2253 quod
2558 2185 2707 2241 illum
2734 2183 2928 2241 fruStra
2956 2187 3322 2243 venditantem
3345 2204 3404 2244 se
3429 2203 3678 2260 coargue-

2092 2271 2180 2326 ril.
2214 2273 2314 2340 Qui
2346 2275 2490 2352 enim
2518 2275 2570 2330 in
2596 2284 2738 2330 tanta
2761 2277 2917 2346 copia
2949 2291 3129 2332 rerum
3156 2286 3294 2345 erat,
3327 2287 3383 2334 et
3409 2295 3677 2350 pauperes

2092 2367 2505 2435 contemnebat,
2555 2384 2661 2438 quo
2695 2378 2852 2439 pacto
2896 2370 3194 2439 proximum
3226 2370 3515 2426 dilexerit?
3557 2371 3679 2427 Non

2091 2471 2216 2512 vera
2245 2472 2375 2528 ergo
2411 2459 2639 2514 diccbat.
2686 2463 2753 2515 At
2779 2476 2878 2515 nos
2907 2471 2961 2516 et
2989 2460 3091 2515 hoc
3128 2470 3183 2516 et
3223 2461 3351 2517 illud
3381 2462 3683 2531 faciamus,

2092 2549 2375 2619 omniaque
2396 2560 2574 2605 nostra
2596 2551 3222 2622 dLligentereﬂ'undamus
3243 2561 3300 2607 ut
3319 2554 3508 2608 cmlum
3529 2569 3677 2610 com-

2096 2653 2363 2709 paremus.
2423 2640 2554 2695 Nam
2608 2642 2652 2695 si
2697 2641 2913 2711 quidam
2972 2656 3071 2712 pro
3120 2643 3360 2699 saeculari
3420 2644 3687 2715 dignitate

2096 2731 2274 2784 omnia
2292 2745 2385 2786 sua
2407 2731 2612 2798 ell'udit;
2638 2731 2912 2802 dignitate,
2931 2733 3165 2804 inquam,
3188 2749 3347 2804 quam
3365 2737 3416 2789 in
3442 2735 3542 2791 hac
3567 2738 3674 2794 vita

2092 2823 2287 2888 solum,
2313 2837 2487 2892 neque
2506 2823 2755 2878 diuturno
2779 2831 3018 2891 tempore
3041 2825 3276 2881 retinere
3300 2834 3475 2895 potest
3494 2827 3677 2895 (multi

2093 2929 2322 2984 namque
2351 2913 2439 2968 diu
2465 2923 2746 2984 antequam
2773 2927 3108 2970 morerentur
3135 2915 3502 2986 praefecturam
3533 2919 3677 2972 ami-

2092 3019 2245 3070 sere;
2291 3005 2379 3059 alii
2429 3019 2556 3060 vero
2587 3020 2682 3074 pro
2733 3005 2820 3060 illa
2875 3007 2980 3060 vita
3019 3007 3178 3062 etiam
3225 3007 3461 3062 mulctati
3505 3017 3672 3074 sunt;

2093 3105 2326 3153 attamen
2356 3097 2478 3152 licet
2499 3096 2600 3151 hoc
2621 3098 2810 3164 sciant,
2839 3099 3015 3152 omnia
3039 3113 3134 3168 pro
3165 3098 3251 3153 illa
3273 3099 3672 3171 profundunt):

2093 3188 2138 3243 si
2169 3186 2329 3258 igitur
2355 3203 2450 3258 pro
2474 3187 2773 3255 hujusmodi
2797 3188 3049 3259 dignitate
3073 3198 3147 3243 tot
3169 3197 3419 3260 tantaque
3445 3190 3672 3247 faciunt:

2093 3279 2218 3349 quid
2265 3277 2619 3334 miserabilius
2662 3279 2815 3332 nobis
2847 3278 3042 3345 fuerit,
3077 3281 3167 3348 qui
3215 3295 3308 3349 pro
3348 3280 3436 3335 illa
3461 3295 3676 3351 semper

2094 3379 2377 3434 manente,
2412 3386 2530 3439 quae
2557 3369 2666 3423 tolli
2699 3385 2988 3438 numquam
3015 3379 3221 3439 potest,
3257 3387 3323 3426 ne
3351 3387 3518 3442 pauca
3556 3373 3676 3443 qui-

2091 3459 2211 3514 dem
2245 3459 2631 3529 prufumlimus,
2656 3475 2825 3529 neque
2845 3474 2906 3514 ea
2929 3474 3208 3528 crogamus
3232 3476 3355 3531 qua}
3379 3462 3535 3530 paulo
3557 3471 3677 3532 post

2094 3551 2179 3605 hic
2207 3550 2454 3606 amissuri
2483 3551 2706 3606 sumus?
2735 3551 2864 3617 Quis
2895 3550 3042 3605 furor
3071 3551 3182 3618 ille,
3213 3567 3331 3621 qua:
3363 3553 3539 3607 invitis
3564 3553 3674 3608 eri-

2091 3645 2304 3714 pientur
2323 3685 2337 3710 ,
2365 3660 2426 3699 ea
2453 3644 2598 3699 nolle
2637 3653 2826 3714 Sponte
2853 3643 2981 3698 dare
3022 3651 3077 3699 et
3106 3645 3383 3699 nobiscum
3419 3644 3630 3702 auferre
3650 3646 3678 3699 ?

2052 3773 2055 3776 -
2095 3737 2150 3792 Si
2181 3737 2301 3806 quis
2331 3752 2428 3791 nos
2453 3737 2518 3791 ad
2549 3747 2775 3791 mortem
2807 3737 3057 3803 duceret,
3091 3736 3284 3792 deinde
3315 3747 3672 3807 proponeret,

2094 3842 2217 3880 num
2245 3828 2403 3882 vitam
2436 3829 2588 3883 bonis
2610 3828 2854 3883 omnibus
2876 3828 3144 3884 redimere
3169 3829 3447 3894 vellemus,
3475 3829 3676 3900 gratias

2092 3929 2238 3973 certe
2263 3918 2334 3973 illi
2366 3919 2703 3974 haberemus.
2737 3918 2888 3973 Nunc
2926 3934 3054 3974 vero
3083 3935 3206 3974 cum
3239 3923 3555 3988 proponitur
3577 3918 3678 3975 de-

2093 4011 2268 4066 dumis
2329 4011 2395 4065 ad
2445 4012 2788 4082 gehennam,
2857 4021 2914 4067 ut
2970 4013 3309 4068 dimidiarum
3359 4013 3673 4069 facultatum

2095 4101 2241 4157 dono
2271 4103 2586 4172 eripiamur,
2616 4104 2886 4158 malumus
2913 4103 2977 4158 ad
3008 4102 3324 4172 supplicium
3351 4101 3496 4169 duci,
3525 4114 3578 4159 et
3605 4119 3669 4158 ea

2093 4195 2286 4250 frustra
2321 4211 2536 4252 scrvare
2560 4237 2574 4261 ,
2604 4212 2721 4267 qua:
2750 4206 2930 4250 nostra
2961 4209 3065 4249 non
3094 4204 3253 4260 sunt,
3289 4195 3360 4249 ita
3403 4203 3460 4248 ut
3489 4203 3675 4250 nostra

2093 4288 2396 4358 perdamus.
2441 4288 2612 4357 Quam
2663 4273 3070 4342 excusationem.
3119 4285 3474 4341 habebimus?
3515 4303 3676 4357 quam

2095 4380 2304 4433 veniam
2353 4379 2718 4445 merebimur,
2759 4379 2844 4442 si,
2890 4393 3011 4432 cum
3044 4386 3148 4431 tam
3194 4376 3362 4431 faelis
3407 4377 3561 4432 nobis
3591 4378 3674 4434 via

2090 4483 2274 4540 aperta
2301 4472 2406 4536 sit,
2441 4488 2535 4542 per
2561 4473 2847 4541 prmcipitia
2877 4471 3109 4526 feramur
3131 4510 3145 4535 ,
3187 4479 3236 4525 et
3287 4469 3672 4526 infructuosum

2091 4566 2446 4635 suscipiamus
2473 4566 2606 4631 iter,
2635 4575 2794 4635 atque
2836 4565 2921 4619 his
2943 4575 2997 4620 et
3023 4565 3129 4619 illis
3156 4566 3405 4620 omnibus
3434 4582 3531 4622 nos
3563 4567 3675 4635 pri-

2093 4671 2276 4710 ventus
2297 4697 2312 4721 ,
2345 4670 2464 4710 cum
2496 4657 2662 4712 libere
2694 4657 2960 4726 possimus
2987 4656 3068 4710 his
3090 4666 3143 4711 et
3170 4657 3273 4712 illis
3301 4658 3542 4727 perfrui?
3568 4659 3674 4713 Sed

2089 4748 2191 4802 etsi
2220 4762 2325 4802 non
2356 4755 2504 4813 ante,
2534 4749 2720 4802 saltem
2743 4763 2884 4802 nunc
2913 4746 2978 4800 ad
3007 4762 3106 4801 nos
3134 4747 3434 4812 redeamus,
3465 4758 3520 4802 et
3546 4763 3673 4804 sana

2092 4846 2273 4892 mente
2305 4839 2595 4906 praesentia
2624 4838 2761 4893 bona
2783 4881 2799 4906 ,
2831 4850 2888 4893 ut
2915 4854 3012 4908 par
3037 4849 3119 4893 cst
3141 4879 3156 4900 ,
3187 4839 3592 4909 dispensemus,
3621 4849 3681 4892 nt

2089 4928 2265 4982 futura
2312 4928 2466 4983 facile
2493 4944 2910 4999 consequamur,
2941 4932 3108 5000 gratia
3136 4941 3189 4986 et
3218 4931 3541 5002 benignitate
3574 4933 3678 4985 Do-

2091 5021 2218 5074 mini
2249 5021 2413 5074 nostri
2437 5021 2564 5076 Jesu
2589 5022 2812 5088 Christi,
2844 5024 3057 5092 quicum
3085 5023 3225 5076 Patri
3249 5023 3438 5092 gloria,
3465 5033 3677 5093 unaque

2089 5120 2274 5167 Sancto
2299 5111 2543 5187 Spiritui,
2571 5113 2624 5167 in
2649 5117 2848 5168 secula
2875 5114 3216 5169 szeculorum.
3251 5115 3447 5174 Amen.

1750 5339 2090 5409 HOMILIA
2129 5347 2263 5408 XL.

2159 5473 2210 5526 1.
2253 5469 2425 5527 Lectio
2452 5470 2835 5540 Scripturarum
2858 5477 3097 5538 quantam
3120 5467 3466 5523 discretionem
3482 5467 3673 5538 exigat.

2086 5558 2373 5615 Discutitur
2396 5569 2854 5629 commentaturth
2881 5559 3011 5613 illud
3032 5574 3050 5613 :
3075 5559 3130 5615 Si
3158 5559 3523 5614 testimonium
3553 5575 3671 5630 per-

2089 5651 2249 5704 hibce
2269 5649 2336 5703 de
2359 5649 2585 5718 meipso,
2611 5666 2794 5705 verum
2820 5668 2925 5706 nun
2950 5651 3188 5706 est.—-Si
3208 5652 3328 5719 quis
3349 5649 3674 5705 metallicam

2096 5750 2295 5796 terram
2317 5739 2500 5796 fodere
2540 5741 2877 5812 aggrediatur
2897 5782 2914 5812 ,
2939 5759 3060 5800 cum
3093 5743 3159 5799 sit
3186 5739 3318 5798 artis
3352 5740 3631 5810 imperitus
3652 5781 3670 5806 .
