4104 6156
351 362 450 416 229

345 496 534 539 aurum
553 493 660 534 non
676 476 893 542 efliciet,
917 476 1094 531 omnia
1117 483 1317 530 temere
1338 474 1602 541 miscebit,
1620 473 1825 543 eritque
1846 470 1928 524 la-

349 573 446 628 bor
459 572 574 640 ejus
593 568 816 633 inutilis,
836 569 944 622 imo
959 568 1166 622 noxius.
1186 564 1260 619 Ita
1276 565 1366 636 qui
1382 565 1678 620 divinarum
1693 562 1930 633 Scriptur-

349 677 526 716 rarum
553 651 986 728 consequentiam
1015 672 1119 711 non
1142 665 1359 724 norunt,
1387 671 1560 727 neque
1580 655 1932 726 proprietates

351 762 402 808 et
432 753 579 822 leges
607 751 724 820 ejus
750 750 1066 820 explorant,
1097 747 1192 805 sed
1219 748 1535 818 simpliciter
1563 758 1618 803 et
1641 762 1746 802 uno
1773 747 1932 802 modo

351 846 526 901 omnia
551 851 893 914 percurrunt,
916 857 1103 897 aurum
1128 856 1249 897 cum
1281 851 1422 896 terra
1444 841 1752 907 miscentes,
1780 855 1934 894 num-

352 951 508 1007 quam
551 935 842 1005 repositum
890 934 946 987 in
991 934 1081 988 illa
1123 932 1430 988 thesaurum
1467 932 1763 986 invenient.
1810 930 1936 986 Hrec

351 1043 512 1098 porro
532 1042 671 1082 nunc
685 1027 815 1090 dixi,
839 1026 958 1096 quia
982 1027 1026 1080 is
1043 1025 1131 1096 qui
1148 1025 1259 1095 jam
1284 1025 1596 1095 proponitur
1612 1024 1778 1088 locus,
1802 1023 1938 1077 mul-

359 1131 466 1174 tum
495 1119 713 1188 quidem
741 1133 933 1172 aurum
961 1116 1140 1179 habet.
1169 1131 1275 1171 non
1304 1116 1517 1186 quidem
1547 1116 1892 1184 conspicuum
1917 1155 1932 1182 ,

356 1211 446 1266 sed
468 1210 791 1265 obscuritate
813 1209 977 1264 multa
999 1209 1328 1263 obvolutum.
1349 1207 1706 1275 Quamobrem
1726 1216 1938 1277 Oportet

357 1299 605 1358 fodiendo
625 1310 678 1356 et
703 1301 1052 1373 expurgando
1078 1301 1144 1355 ad
1167 1317 1349 1357 verum
1371 1316 1588 1356 sensum
1613 1302 1934 1370 pertingere.

359 1391 484 1459 Quis
515 1392 656 1446 enim
699 1408 805 1446 non
834 1393 1013 1446 statim
1040 1392 1282 1446 turbetur
1313 1391 1537 1446 audiens
1565 1391 1834 1446 Christum
1859 1390 1941 1444 di-

360 1492 591 1546 centcm,
625 1483 687 1539 Si
709 1499 803 1552 ego
840 1484 1178 1537 testimonium
1204 1484 1440 1553 perhibeo
1465 1483 1527 1536 de
1547 1484 1736 1553 meipso
1755 1523 1772 1548 ,
1803 1482 1937 1535 testi-

360 1576 583 1629 monium
641 1592 808 1628 meum
855 1592 1024 1629 verum
1067 1592 1167 1629 non
1205 1577 1326 1629 est?
1369 1576 1500 1629 Nam
1525 1589 1668 1644 stupe
1697 1575 1942 1630 videmus

361 1666 506 1720 illum
534 1665 602 1720 de
642 1666 820 1733 seipso
853 1667 1216 1720 testimonium
1245 1667 1560 1736 perhibere;
1590 1667 1939 1722 Samaritanus:

361 1758 557 1828 quippe
584 1757 794 1812 dicebat
819 1797 834 1821 ,
869 1756 978 1828 Ego
1001 1775 1113 1813 sum
1151 1761 1238 1829 qui
1268 1760 1443 1830 loquor
1473 1769 1632 1813 tecum
1657 1760 1675 1828 (
1693 1758 1851 1812 Joan.
1884 1759 1934 1811 Δ.

360 1847 430 1904 26
453 1848 511 1918 );
546 1857 602 1904 et
625 1863 770 1903 caeco
809 1850 1078 1913 similiter,
1111 1849 1207 1916 Qui
1238 1850 1461 1920 loquitur
1484 1859 1677 1914 tecum,
1709 1850 1798 1903 ille
1822 1859 1894 1904 est
1920 1864 1941 1913 ;

360 1949 416 1994 ct
439 1939 656 1994 Judaios
687 1940 985 2007 increpans,
1023 1939 1119 1993 Vos
1143 1940 1330 2002 dicitis,
1366 1939 1441 1996 Tu
1461 1941 1799 2011 blasphemas,
1824 1941 1942 2010 quia

362 2029 497 2094 dixi,
526 2027 689 2081 Filius
716 2027 811 2081 Dei
830 2045 936 2081 sum
961 2027 978 2100 (
999 2028 1156 2082 Joau.
1181 2030 1234 2085 9.
1267 2031 1355 2084 37.
1381 2039 1428 2083 et
1451 2030 1536 2084 10.
1570 2029 1693 2102 36).
1732 2031 1796 2085 Et
1815 2031 1941 2085 alibi

363 2133 511 2188 saepe
537 2119 802 2173 similiter.
830 2119 884 2174 Si
913 2135 1040 2190 ergo
1069 2119 1187 2174 hme
1225 2123 1401 2174 omnia
1429 2121 1699 2176 mendacia
1725 2130 1904 2176 essent
1923 2161 1938 2186 ,

363 2227 487 2281 qua:
513 2210 669 2265 nobis
708 2219 852 2265 esset
894 2227 1020 2280 spes
1059 2212 1280 2266 salutis?
1310 2211 1460 2267 Unde
1498 2227 1629 2282 ergo
1665 2212 1942 2267 veritatem

365 2304 735 2372 reperiemus,
779 2317 900 2356 cum
948 2303 1060 2372 ipsa
1105 2304 1304 2358 veritas
1353 2303 1535 2369 dicat,
1586 2303 1946 2357 Testimonium

367 2410 532 2448 meum
558 2410 728 2447 verum
756 2410 856 2446 non
881 2396 996 2447 est?
1023 2393 1204 2463 Neque
1244 2394 1347 2449 hoc
1387 2403 1592 2448 tantum
1621 2393 1946 2449 contrarium

368 2484 598 2550 videtur,
615 2483 707 2539 sed
732 2484 875 2538 aliud
905 2499 1118 2556 quoque
1138 2501 1244 2539 non
1270 2485 1472 2548 minus;
1499 2500 1618 2538 nam
1642 2485 1693 2538 in
1715 2500 1947 2552 sequen-

373 2577 512 2631 tibus
540 2576 616 2630 ait
645 2593 658 2628 :
700 2575 765 2629 Et
791 2579 834 2630 si
863 2592 957 2646 ego
984 2579 1323 2631 testimonium
1353 2577 1586 2646 perhibeo
1631 2577 1694 2631 de
1722 2575 1912 2645 meipso
1931 2617 1946 2642 ,

372 2667 710 2720 testimonium
749 2683 913 2719 nteant
954 2684 1124 2720 verum
1165 2677 1234 2722 est
1282 2666 1299 2736 (
1326 2667 1484 2720 Joan.
1513 2667 1568 2722 8.
1601 2667 1667 2721 H
1693 2667 1732 2736 ).
1765 2665 1948 2722 Utrum

371 2771 498 2826 ergo
529 2755 720 2810 horum
742 2757 1036 2827 accipiam?
1065 2767 1239 2812 utrum
1269 2757 1456 2812 falsum
1484 2757 1717 2827 putabo?
1741 2756 1874 2812 Nam
1904 2758 1950 2812 si

372 2843 488 2901 luce
507 2847 577 2900 ita
598 2848 988 2915 acceperimus.
1007 2848 1149 2903 nulla
1171 2847 1304 2904 facta
1329 2864 1589 2918 personae,
1613 2850 1754 2904 nulla
1775 2864 1952 2905 causai

373 2946 428 2992 et
466 2947 787 2992 caeterorum
819 2938 1074 2993 similium
1115 2940 1498 3009 pcrquisitione
1526 2981 1540 3006 ,
1570 2951 1794 3010 utraque
1819 2940 1949 2994 falsa

375 3038 547 3083 erunt.
577 3027 634 3084 Si
663 3029 809 3083 enim
839 3029 1202 3084 testimonium
1230 3032 1346 3099 ejus
1376 3047 1557 3085 verum
1586 3048 1690 3084 non
1723 3040 1825 3091 est,
1859 3047 1953 3085 ne-

374 3133 475 3188 que
519 3118 623 3173 hoc
650 3119 820 3187 ipsum
853 3135 1036 3173 verum
1081 3130 1164 3175 est
1191 3161 1206 3186 ,
1240 3137 1409 3190 neque
1440 3121 1734 3189 posterius,
1782 3135 1952 3189 neque

377 3212 541 3278 prius.
573 3210 708 3278 Quid
735 3226 864 3282 ergo
889 3212 988 3265 sibi
1021 3213 1168 3266 vult?
1193 3212 1348 3266 Multa
1378 3213 1529 3266 nobis
1556 3227 1690 3282 opus
1715 3220 1796 3267 est
1818 3212 1951 3281 vigi-

379 3302 560 3365 lantia,
591 3304 697 3356 imo
725 3305 903 3371 potius
933 3303 1028 3358 Dei
1049 3305 1241 3373 gratia,
1273 3321 1339 3358 ne
1361 3304 1514 3358 Iuniis
1542 3305 1716 3359 verbis
1742 3305 1954 3359 insista-

377 3409 515 3448 iuus.
545 3393 619 3447 ita
665 3395 806 3448 enim
842 3394 1080 3449 haeretici
1126 3405 1307 3450 errant
1329 3436 1344 3462 ,
1377 3397 1503 3450 dum
1530 3411 1702 3466 neque
1731 3413 1952 3465 scopum

377 3483 637 3549 dicentis,
668 3500 840 3552 neque
877 3485 1201 3540 audientium
1233 3487 1480 3540 ail‘ectum
1511 3487 1810 3556 explorant.
1842 3487 1952 3541 Nisi

380 3590 504 3644 ergo
535 3575 648 3629 haec
676 3576 989 3643 adjiciamus
1013 3617 1027 3640 ,
1061 3577 1166 3630 imo
1185 3578 1287 3632 alia
1314 3594 1522 3648 quoque
1546 3619 1561 3645 ,
1593 3591 1648 3633 ut
1680 3587 1915 3648 tempora
1937 3622 1952 3646 ,

381 3665 522 3729 loca,
566 3665 870 3719 auditorum
897 3668 1176 3733 animum;
1209 3669 1373 3722 multa
1418 3679 1813 3736 consequentur
1852 3671 1950 3723 ab-

378 3755 557 3808 surda.
585 3755 724 3823 Quid
751 3756 850 3811 sibi
897 3758 1008 3814 vult
1037 3773 1165 3827 ergo
1195 3758 1244 3812 id
1271 3758 1411 3827 quod
1452 3759 1563 3828 jam
1590 3759 1788 3814 dictum
1829 3769 1911 3814 est
1931 3759 1958 3812 τ

381 3844 579 3899 Dicturi
626 3855 781 3900 erant
809 3845 1015 3902 Iudici:
1047 3847 1106 3902 Si
1152 3857 1205 3902 tu
1248 3849 1580 3902 testimonium
1624 3849 1852 3919 perhibes
1895 3850 1958 3902 de

380 3939 577 4006 teipso,
608 3939 938 3992 testimonium
991 3948 1131 3993 tuum
1179 3957 1280 3994 non
1326 3950 1400 3994 est
1438 3957 1629 3994 verum.
1681 3941 1803 3996 Ideo
1844 3941 1957 3996 hinc

378 4037 716 4097 prmoccupat
743 4043 805 4082 ac
819 4030 862 4082 si
884 4030 1083 4085 diceret
1105 4048 1118 4083 :
1139 4031 1334 4086 Dicetis
1362 4033 1543 4102 utique
1564 4032 1714 4097 mihi,
1737 4033 1826 4086 tibi
1849 4051 1953 4088 non

373 4117 645 4172 credimus
674 4136 689 4172 :
716 4134 871 4173 nemo
911 4121 1051 4174 enim
1082 4123 1170 4191 qui
1201 4123 1379 4177 statim
1406 4123 1473 4178 de
1503 4139 1560 4178 se
1594 4126 1954 4180 testimonium

377 4206 688 4273 perhibent,
707 4208 843 4277 apud
865 4209 1104 4265 homines
1127 4212 1389 4266 credetur.
1413 4213 1540 4267 Illud
1566 4229 1690 4283 ergo
1709 4257 1722 4278 ,
1749 4213 1869 4268 Non
1887 4225 1957 4268 est

373 4313 549 4349 rerum
571 4337 587 4362 ,
635 4314 741 4352 non
769 4308 967 4356 temere
994 4302 1271 4371 legendum
1298 4343 1312 4369 ,
1342 4303 1434 4357 sed
1458 4303 1957 4374 subiutelligendum

373 4397 456 4440 est
489 4388 788 4443 secundum
812 4389 1019 4445 illorum
1041 4394 1368 4461 opinionem,
1392 4409 1454 4447 ac
1478 4395 1521 4447 si
1548 4395 1769 4460 diceret,
1795 4395 1958 4449 Vobis

377 4493 486 4531 non
524 4488 606 4533 cst
638 4495 844 4535 verum.
890 4481 1004 4536 Non
1048 4499 1176 4553 ergo
1201 4495 1384 4539 contra
1428 4486 1736 4555 dignitatem
1766 4501 1914 4540 suam
1939 4527 1954 4552 ,

375 4567 473 4622 sed
503 4578 689 4622 contra
738 4571 946 4626 illorum
974 4575 1279 4642 opinionem
1327 4575 1405 4630 sic
1434 4575 1687 4645 loquitur.
1720 4578 1798 4632 Ac
1836 4591 1956 4631 cum

374 4658 526 4724 dicit,
556 4660 914 4716 Testimonium
943 4682 1106 4719 meum
1133 4672 1301 4720 verum
1333 4684 1430 4721 non
1462 4679 1565 4734 est,
1595 4668 1806 4723 illorum
1835 4684 1958 4724 seu-

374 4754 600 4803 tentiam
649 4753 931 4821 coarguit,
972 4771 1179 4809 necnon
1211 4757 1563 4824 objectionem
1590 4800 1605 4824 ,
1655 4775 1810 4828 quam
1857 4759 1956 4828 ipsi

371 4842 608 4896 oblaturi
636 4852 811 4897 erant.
843 4844 974 4897 Cum
1007 4861 1134 4899 vero
1167 4848 1316 4914 dicit,
1349 4848 1477 4902 Etsi
1500 4867 1588 4920 ego
1618 4853 1956 4904 testimonium

369 4933 614 4998 perhibeo
661 4933 724 4986 de
772 4937 999 5004 meipso,
1050 4953 1219 4990 verum
1263 4949 1333 4992 est
1374 4943 1709 4995 testimonium
1753 4959 1915 4995 meum
1940 4983 1956 5008 ,

367 5025 546 5094 ipsam
577 5027 655 5081 rei
686 5037 927 5081 naturam
957 5031 1210 5094 ostendit,
1240 5032 1380 5100 quod
1410 5034 1612 5088 scilicet
1643 5034 1837 5102 ipsum,
1875 5045 1959 5088 ut-

364 5128 499 5185 pote
527 5117 695 5171 Deum
722 5160 737 5184 ,
769 5117 873 5172 ﬁde
896 5120 1111 5189 dignum
1139 5123 1284 5176 credi
1314 5133 1606 5191 Oporteret,
1647 5126 1806 5180 etiam
1837 5141 1958 5179 cum

362 5209 437 5263 de
469 5211 653 5279 seipso
680 5212 1007 5280 loqueretur.
1039 5215 1172 5280 Quia
1202 5215 1343 5267 enim
1372 5215 1579 5268 dixerat
1606 5217 1957 5270 resurrectio-

362 5319 492 5358 nem
525 5312 863 5357 mortuorum
893 5314 944 5358 et
984 5305 1240 5373 judicium
1267 5347 1280 5369 ,
1315 5316 1367 5360 et
1406 5306 1547 5375 quod
1575 5308 1661 5375 qui
1691 5308 1862 5362 credit
1906 5309 1956 5363 in

359 5393 546 5462 ipsum
573 5410 683 5448 nun
707 5393 1000 5461 judicatur,
1034 5396 1125 5450 sed
1153 5396 1219 5449 ad
1253 5398 1412 5450 vitam
1442 5398 1604 5462 venit,
1632 5406 1686 5452 et
1715 5398 1857 5468 quod
1883 5413 1962 5452 sc-

356 5480 504 5538 dcns
535 5484 780 5538 omnium
812 5487 1046 5540 rationes
1076 5485 1431 5555 expetiturus,
1457 5496 1510 5540 et
1535 5487 1674 5556 quod
1716 5489 1957 5544 eamdem

356 5572 564 5628 habeat
590 5615 608 5641 ,
659 5589 819 5644 qttam
873 5575 1023 5631 Pater
1055 5615 1069 5641 ,
1102 5586 1415 5644 potestatem
1441 5585 1496 5632 et
1521 5580 1805 5643 virtutem;
1836 5595 1956 5634 cum

353 5663 484 5718 lucc
513 5665 698 5719 omnia
730 5663 1142 5722 confirmaturus
1167 5676 1340 5733 esset,
1371 5670 1476 5725 alio
1502 5671 1662 5725 modo
1695 5670 1830 5727 hanc
1857 5671 1960 5727 ob-

340 5750 655 5818 jectionem
705 5755 1011 5811 necessario
1058 5758 1281 5829 primum
1335 5759 1500 5830 ponit.
1554 5760 1710 5833 Dixi,
1757 5759 1955 5829 inquit,

1326 360 1405 419 ,ΙΝ
1443 358 1753 416 JOANNEM
1792 355 2018 413 1101111...
2063 355 2173 410 XL.
2215 359 2289 414 al.
2330 358 2572 416 XXXIX.

3504 376 3612 432 9.30

2039 470 2186 525 Sicut
2227 470 2387 528 Pater
2414 477 2622 529 suscitat
2649 483 2872 531 mortuos
2901 487 2947 531 et
2981 478 3198 547 uiaiﬁcat
3216 519 3232 546 ,
3262 481 3332 534 sic
3356 491 3405 536 et
3441 479 3611 540 Filius

2036 577 2160 629 quos
2211 564 2317 616 vult
2355 566 2580 634 uiuiﬁcat
2603 584 2623 633 ;
2649 568 2784 632 dixi,
2817 567 2994 636 Neque
3025 569 3180 625 Pater
3201 573 3402 642 judicat
3436 590 3614 645 quem-

2035 669 2207 722 quam,
2229 655 2319 708 sed
2339 670 2485 710 omne
2493 659 2747 726 judicium
2765 660 2900 714 dedit
2925 658 3096 729 Filio;
3116 662 3222 718 dixi
3246 663 3613 724 honorandum

2037 759 2159 800 esse
2186 744 2380 800 Filium
2410 748 2548 804 sicut
2575 748 2788 804 Patrem
2814 767 2830 814 ;
2858 750 2966 806 dixi
2995 793 3009 816 ,
3041 754 3142 820 Qui
3169 771 3270 809 non
3309 758 3610 827 honoriﬁcat

2039 832 2270 900 Filium,
2310 851 2468 906 neque
2514 836 2725 892 Patrem
2775 840 3112 910 houoriﬁeat;
3140 843 3286 910 dixi,
3335 847 3435 912 Qui
3475 850 3618 902 audit

2040 925 2188 979 verba
2211 943 2322 980 mea
2347 937 2396 981 et
2418 929 2576 982 credit
2600 946 2681 995 ea,
2711 947 2810 985 non
2840 932 3022 986 videbit
3043 944 3253 989 mortem
3278 938 3316 1000 ¹,
3337 938 3424 991 sed
3449 951 3621 992 trans-

2039 1015 2173 1070 latus
2194 1027 2266 1071 est
2295 1034 2329 1073 a
2347 1028 2505 1073 morte
2531 1020 2597 1073 ad
2630 1022 2805 1086 vitam;
2828 1021 2960 1089 dixi,
2981 1037 3166 1079 vocem
3187 1039 3361 1080 meam
3386 1036 3622 1086 mortuos

2042 1109 2417 1163 suscitaturam
2439 1124 2580 1173 esse,
2607 1120 2660 1166 et
2684 1125 2822 1166 nunc
2848 1121 2901 1167 et
2931 1123 3110 1181 postea
3138 1130 3152 1178 ;
3180 1114 3310 1181 dixi,
3343 1130 3428 1169 me
3452 1118 3619 1172 ratio-

2043 1211 2164 1252 nem
2187 1200 2426 1254 omnium
2453 1209 2790 1269 peccatorum
2820 1204 3168 1272 repetiturum
3195 1219 3348 1270 csse;
3370 1206 3500 1273 dixi,
3532 1224 3619 1264 me

2041 1305 2163 1346 csse
2186 1289 2328 1360 juste
2350 1292 2734 1361 iudicaturum,
2766 1309 2830 1349 ac
2857 1295 3156 1351 mercedem
3188 1297 3323 1353 bene
3348 1301 3624 1368 operanti-

2043 1381 2142 1436 bus
2187 1382 2454 1437 daturum.
2499 1383 2631 1450 Quia
2661 1400 2788 1455 ergo
2831 1386 2916 1440 illa
2943 1387 3119 1442 omnia
3149 1389 3348 1458 prolata
3389 1389 3626 1457 fuerant,

2045 1483 2101 1527 et
2125 1488 2313 1543 magna
2359 1475 2574 1544 quidem
2601 1486 2754 1531 erant
2780 1517 2794 1541 ,
2829 1478 3060 1532 necdum
3091 1489 3270 1534 tamen
3311 1481 3429 1535 data
3455 1483 3627 1540 fuerat

2043 1562 2234 1618 horum
2257 1565 2402 1619 clara
2428 1566 2836 1635 demonstratio,
2867 1568 2960 1623 sed
2986 1569 3210 1625 obscura
3235 1572 3424 1642 plane;
3449 1575 3626 1642 primo

2043 1653 2183 1721 quod
2211 1654 2561 1723 objiciebatur
2582 1660 2746 1727 ponit,
2774 1658 2842 1712 ad
2868 1659 3129 1715 dictorum
3155 1676 3334 1716 veram
3365 1662 3625 1720 rationem

2041 1754 2330 1810 venturus;
2358 1762 2423 1802 ac
2447 1749 2492 1803 si
2520 1749 2588 1802 ita
2611 1749 2934 1819 loqueretur,
2963 1753 3063 1806 etsi
3086 1769 3190 1808 non
3216 1753 3404 1810 iisdem
3424 1757 3624 1813 verbis.

2045 1835 2152 1893 Sed
2177 1838 2403 1895 fortasse
2429 1840 2618 1896 dicetis
2643 1861 2655 1895 :
2680 1842 2803 1897 Haec
2828 1844 3004 1898 omnia
3029 1854 3082 1899 tu
3108 1847 3261 1911 dicis,
3292 1862 3389 1902 nec
3421 1865 3481 1904 es
3523 1850 3628 1906 fide

2044 1928 2237 2000 dignus
2262 1933 2428 1998 testis,
2452 1934 2542 2004 qui
2567 1933 2657 1988 tibi
2682 1934 2780 2004 ipsi
2809 1939 3167 1992 testimonium
3189 1940 3491 2010 pcrbiheas.
3517 1942 3628 2000 "ac

2046 2019 2225 2090 itaque
2262 2022 2466 2078 ratione
2515 2024 2687 2093 primo
2724 2027 2938 2080 solvens
2969 2028 3178 2083 illorum
3208 2034 3626 2098 contentionem,

2047 2114 2188 2183 quod
2218 2129 2280 2170 ea
2309 2131 2430 2185 quae
2467 2115 2661 2172 dicturi
2693 2128 2846 2173 erant
2883 2119 3150 2189 proferret
3174 2164 3190 2186 ,
3219 2125 3630 2196 ostenderetque

2053 2219 2111 2259 se
2138 2221 2330 2260 arcana
2357 2207 2538 2263 cordis
2576 2223 2760 2264 eorum
2791 2225 2987 2279 nosse,
3014 2221 3070 2268 et
3097 2213 3232 2269 hanc
3260 2215 3484 2285 primam
3515 2219 3628 2279 vir-

2053 2298 2180 2352 tutis
2219 2313 2329 2352 suze
2375 2299 2889 2356 demonstrationem
2919 2303 3179 2359 exhibens
3202 2347 3218 2370 ,
3249 2306 3462 2362 demum
3513 2319 3634 2380 post

2053 2389 2405 2458 objectionem
2453 2392 2751 2461 prolatam,
2785 2395 2916 2450 alias
2958 2395 3128 2451 adfert
3152 2396 3634 2457 demonstrationes

2054 2480 2224 2536 claras
2252 2491 2306 2537 et
2330 2484 2796 2554 inexpugnabiles;
2827 2495 2934 2540 tres
2958 2486 3230 2542 adducens
3253 2499 3435 2556 testes,
3467 2505 3630 2560 Opera

2056 2585 2150 2626 sua
2179 2611 2193 2638 ,
2216 2573 2388 2629 Patris
2421 2576 2809 2642 testimonium,
2835 2586 2890 2630 et
2917 2577 3139 2632 Joannis
3170 2579 3628 2646 prmdicationcm.

2056 2662 2402 2732 Primumque
2431 2666 2792 2720 testimonium
2825 2669 3000 2736 ponit,
3030 2667 3081 2722 id
3110 2669 3250 2737 quod
3280 2670 3453 2726 minus
3482 2682 3595 2726 erat
3616 2715 3631 2740 ,

2056 2770 2249 2825 nempe
2272 2754 2512 2811 Joannis.
2546 2757 2676 2811 Cum
2695 2756 2834 2812 enim
2855 2757 3096 2825 dixisset,
3128 2759 3270 2815 Alius
3296 2772 3368 2814 est
3387 2764 3473 2826 qui
3500 2766 3636 2817 testi-

2056 2846 2282 2899 monium
2311 2845 2534 2914 perhibet
2571 2848 2632 2900 de
2658 2863 2755 2913 me,
2786 2857 2832 2900 et
2855 2849 2959 2902 scio
2978 2849 3097 2918 quia
3120 2865 3289 2904 verum
3317 2861 3388 2906 est
3415 2854 3636 2909 testimo-

2058 2935 2200 2988 nium
2224 2936 2334 3002 ejus
2357 2949 2374 2998 ;
2401 2935 2638 2990 subdidit
2661 2953 2675 2989 :
2705 2937 2795 2991 55.
2836 2935 2934 2991 Vos
2959 2939 3166 2993 misistis
3192 2941 3261 2994 ad
3285 2941 3557 3007 Joannem,
3589 2953 3634 2996 et

2058 3025 2396 3078 testimonium
2427 3024 2676 3094 perhibuit
2701 3027 2914 3079 veritati.
2947 3030 3101 3098 Atqui
3125 3030 3168 3083 si
3201 3046 3305 3084 non
3337 3041 3419 3086 est
3447 3047 3633 3087 verum

2059 3114 2420 3170 teSIimonium
2453 3124 2599 3168 tuum
2623 3155 2638 3180 ,
2665 3117 2932 3186 quomodo
2957 3119 3090 3174 dicis
3108 3160 3122 3183 ,
3154 3121 3347 3176 Verum
3375 3132 3459 3178 est
3487 3125 3636 3179 testi.

2057 3207 2293 3260 monium
2319 3205 2577 3270 Joannis;
2607 3217 2681 3270 et,
2725 3207 3086 3264 Testimonium
3119 3213 3366 3282 perhibuit
3391 3217 3588 3270 ueritati
3609 3217 3637 3270 .’

2058 3295 2245 3350 Viden’
2277 3311 2437 3365 quam
2467 3297 2668 3352 clarum
2698 3299 2781 3353 vel
2805 3299 2928 3354 inde
2956 3303 3048 3366 sit,
3077 3302 3207 3356 illud
3229 3344 3244 3367 ,
3274 3301 3638 3361 Testimonium

2057 3404 2222 3442 meum
2263 3405 2364 3442 non
2393 3397 2464 3442 est
2503 3405 2672 3444 verum
2697 3431 2712 3457 ,
2749 3391 3011 3448 adversus
3037 3409 3222 3450 eorum
3266 3399 3625 3469 suspicionem

2058 3478 2258 3534 dictum
2291 3479 2498 3534 fuisse?

2120 3571 2174 3626 2.
2189 3570 2403 3625 Joannis
2419 3570 2662 3642 Baptista:
2677 3573 2942 3626 testimonii
2960 3576 3225 3640 certiludo;
3239 3577 3395 3645 ipsius
3415 3577 3515 3633 Dei
3533 3593 3640 3635 erat

2057 3661 2411 3715 testimonium.
2430 3661 2650 3731 Operam
2675 3660 2860 3717 Christi
2879 3666 3211 3720 testimonium
3232 3669 3640 3726 ineluctabile.—

2059 3752 2193 3818 Quid
2238 3753 2281 3806 si
2329 3753 2437 3814 ille,
2472 3753 2695 3822 inquies,
2736 3755 3090 3810 testimonium
3118 3757 3183 3812 ad
3212 3759 3434 3827 gratiam
3461 3762 3641 3831 perhi-

2061 3844 2207 3898 buit’
2246 3844 2322 3898 Ne
2359 3844 2458 3899 hoc
2493 3845 2734 3899 dicereut
2757 3887 2773 3910 ,
2804 3847 2922 3902 vide
2961 3848 3228 3917 quomodo
3266 3849 3406 3907 hanc
3444 3855 3642 3910 amovit

2063 3935 2442 4003 suspicionem.
2488 3935 2602 3990 Non
2637 3937 2778 3990 enim
2820 3937 2970 4001 dixit,
3000 3938 3234 3994 Joannes
3280 3943 3640 3999 testimonium

2064 4028 2326 4095 perhibuit
2352 4028 2419 4082 de
2449 4045 2561 4092 me;
2595 4029 2686 4083 sed
2709 4029 2874 4098 prius,
2907 4030 3002 4084 Vos
3029 4033 3234 4085 misistis
3255 4034 3322 4086 ad
3349 4034 3642 4100 Joannem;

2063 4135 2167 4172 nou
2215 4120 2492 4173 misissetis
2535 4128 2746 4184 autem,
2793 4121 2892 4172 nisi
2928 4120 3033 4174 ﬁde
3073 4122 3288 4190 digitum
3334 4125 3640 4179 existimas-

2063 4209 2210 4262 setis.
2268 4207 2526 4277 Quodque
2583 4209 2752 4273 majus
2801 4217 2902 4271 est,
2947 4225 3052 4264 non
3097 4214 3358 4268 miserunt
3404 4214 3637 4270 interro-

2062 4308 2239 4369 gutum
2285 4300 2429 4353 illum
2469 4298 2536 4352 de
2574 4297 2810 4362 Christo,
2852 4299 2944 4353 sed
2984 4299 3052 4355 de
3089 4302 3296 4370 seipso;
3336 4320 3494 4374 quem
3537 4307 3642 4364 fide

2063 4392 2278 4456 dignum
2318 4388 2573 4459 putabant
2615 4389 2683 4445 de
2728 4392 2904 4460 seipso
2953 4392 3313 4448 testimonium
3360 4396 3642 4459 ferentem,

2065 4483 2230 4536 multo
2265 4482 2430 4550 magis
2463 4481 2530 4536 de
2562 4483 2666 4537 alio
2705 4483 3028 4551 loquentem.
3071 4485 3319 4543 Solemus
3359 4493 3500 4545 enim
3543 4507 3643 4547 nos

2066 4571 2308 4626 homines
2336 4587 2440 4627 non
2471 4573 2688 4642 perinde
2707 4574 2927 4628 credere
2955 4575 3017 4630 iis
3039 4581 3129 4646 qui
3157 4576 3224 4632 de
3253 4595 3313 4634 se
3331 4580 3638 4651 loquuntur,

2063 4679 2221 4733 quam
2267 4664 2331 4718 iis
2365 4665 2452 4734 qui
2492 4665 2559 4718 de
2599 4663 2737 4719 aliis.
2784 4665 2932 4719 ilunc
2954 4683 3081 4721 vero
3108 4668 3178 4722 ita
3209 4684 3452 4727 veracem
3485 4682 3640 4740 puta-

2064 4757 2210 4822 bant,
2241 4765 2296 4809 ut
2319 4757 2478 4812 etiam
2505 4757 2573 4811 de
2601 4771 2660 4811 se
2681 4758 2924 4827 loquens,
2953 4760 3172 4814 alterius
3202 4765 3508 4818 testimonio
3534 4781 3640 4821 non

2063 4858 2264 4917 egeret.
2309 4847 2441 4901 Nam
2483 4849 2570 4917 qui
2601 4848 2749 4902 missi
2781 4848 3024 4914 fuerant,
3055 4865 3159 4905 non
3189 4853 3473 4918 dixerunt,
3503 4856 3639 4921 Quid

2064 4938 2196 4992 dicis
2222 4938 2289 4992 de
2315 4937 2566 4992 Christo?
2595 4938 2710 5003 sed,
2729 4937 2809 4992 Tu
2831 4941 2943 5008 quis
2965 4941 3050 4994 es?
3073 4943 3194 5011 quid
3219 4944 3343 4997 dicis
3363 4946 3426 4997 de
3451 4947 3606 5012 teipso
3623 4947 3649 4998 Ρ

2064 5029 2197 5082 Tum
2240 5028 2535 5082 mirabilem
2573 5029 2826 5096 putabant
2865 5029 3156 5085 hominem.
3192 5032 3302 5086 Hoc
3326 5048 3453 5102 ergo
3480 5042 3646 5087 totum

2063 5119 2435 5185 subindicavit,
2458 5133 2578 5173 cum
2604 5119 2758 5186 dixit,
2790 5119 2890 5174 Vos
2919 5123 3121 5175 misistis
3141 5122 3209 5174 ad
3226 5122 3495 5176 Joannem.
3523 5122 3647 5176 ideo

2065 5211 2388 5279 evangelista
2421 5227 2525 5265 non
2556 5212 2728 5265 solum
2757 5212 2904 5276 dicit,
2930 5228 3024 5266 eos
3051 5213 3279 5277 misisse,
3301 5215 3393 5268 sed
3419 5215 3486 5269 de
3513 5217 3646 5270 mis-

2065 5302 2139 5356 sis
2171 5318 2422 5368 expresse
2441 5303 2593 5363 dicit,
2613 5301 2777 5354 fuisse
2807 5319 2869 5355 ex
2901 5303 3266 5356 sacerdotibus
3289 5314 3337 5354 et
3367 5318 3429 5357 ex
3464 5304 3648 5359 Phari-

2067 5395 2208 5458 sazis,
2223 5409 2326 5448 non
2349 5409 2380 5449 e
2398 5393 2575 5462 vulgo,
2596 5408 2694 5448 nec
2712 5393 2800 5461 qui
2825 5393 3091 5460 corrumpi
3111 5392 3190 5446 vel
3211 5391 3382 5462 decipi
3406 5405 3645 5464 possent,

2069 5483 2162 5539 sed
2193 5485 2282 5553 qui
2311 5484 2428 5551 ejus
2458 5484 2594 5537 dicta
2627 5491 2874 5536 accurate
2900 5481 3255 5551 perciperent.
3285 5484 3374 5540 54.
3417 5484 3528 5556 Ego
3552 5503 3647 5540 au-

2067 5583 2163 5626 tent
2190 5590 2289 5627 nou
2311 5573 2372 5626 ab
2398 5573 2598 5625 homine
2618 5571 2954 5624 testimonium
2980 5573 3192 5640 accipio.
3217 5575 3321 5630 Cur
3343 5589 3473 5646 ergo
3491 5575 3652 5633 Joan.

2141 5779 2150 5806 ¹
2195 5774 2318 5823 Alius
2341 5771 2508 5833 habet,
2534 5785 2622 5821 non
2649 5770 2819 5822 ridebit
2835 5771 3094 5830 judicium.
