4104 6156
519 335 616 390 εδι

519 449 601 502 nis
648 444 1007 502 testimonium
1052 441 1283 510 accipis?
1333 438 1476 494 Illius
1519 447 1664 493 certe
1706 433 2088 500 testimonium,

519 535 750 592 hominis
786 550 891 589 non
934 541 1068 588 erat.
1113 531 1212 599 Qui
1249 531 1380 584 misit
1415 545 1510 594 me,
1544 528 1733 597 inquit,
1762 527 2018 595 baptizare
2042 527 2096 580 in

514 643 667 696 aqua,
693 624 782 679 tlle
801 624 924 678 mihi
945 623 1096 676 dixit.
1127 622 1309 691 Itaque
1337 618 1557 674 Joannis
1589 617 1973 682 testimonium,
2001 617 2094 672 Dei

512 729 630 774 erat
657 717 1015 773 testimonium
1041 730 1059 770 :
1087 714 1154 769 ab
1184 713 1274 767 illo
1308 712 1450 767 enim
1487 711 1746 766 didicerat
1775 725 1838 765 ca
1865 725 1983 778 qua:
2007 709 2088 763 di.

512 810 684 866 cebat.
715 809 823 865 Sed
851 823 920 864 ne
947 807 1207 872 dicerent,
1235 804 1389 860 Unde
1411 811 1619 858 constat
1647 803 1794 856 illum
1823 817 1853 856 a
1887 801 1993 856 Deo
2014 801 2096 855 di-

511 902 708 956 dicisse
747 909 802 955 et
844 899 969 953 hinc
1007 897 1291 952 adversum
1319 904 1544 958 starent,
1573 893 1781 948 illorum
1808 908 1899 947 ora
1926 892 2091 946 vehe-

513 1000 722 1046 menter
751 989 1028 1060 reprimit,
1060 997 1116 1044 et
1141 988 1314 1042 adhuc
1338 997 1522 1041 contra
1551 986 1760 1039 illorum
1786 984 2090 1053 opinionem

511 1083 778 1138 edisserit.
810 1081 990 1150 Neque
1015 1080 1158 1136 enim
1182 1079 1468 1134 verisimile
1490 1087 1606 1132 erat
1627 1077 1822 1131 multos
1848 1076 1962 1130 hzec
1987 1075 2092 1130 sci-

515 1173 673 1237 visse,
705 1171 798 1226 sed
819 1170 1009 1226 Joann'i
1037 1169 1396 1233 attendebant,
1420 1177 1475 1222 ut
1499 1183 1563 1222 ex
1593 1183 1652 1222 se
1681 1167 1935 1237 loquenti.
1968 1166 2090 1221 Ideo

510 1265 586 1318 ait
617 1281 630 1316 :
658 1263 766 1334 Ego
793 1262 855 1316 ab
880 1264 1080 1317 homine
1099 1261 1433 1315 testimonium
1456 1276 1555 1313 non
1578 1257 1792 1328 accipio.
1819 1259 1874 1314 Si
1902 1258 1970 1312 ab
1994 1258 2090 1314 ho-

513 1353 654 1408 mine
681 1353 1043 1408 testimonium
1073 1368 1177 1406 non
1203 1358 1539 1419 accepturus,
1573 1364 1745 1418 neque
1774 1350 1866 1403 illo
1894 1363 2088 1404 usurus

509 1458 630 1498 cras
651 1485 667 1510 ,
698 1459 794 1498 cur
821 1443 937 1512 ejus
964 1441 1328 1497 testimonium
1353 1439 1656 1494 adduxisti?
1682 1439 1758 1494 Ne
1787 1440 1944 1510 igitur
1974 1440 2089 1494 hzec

507 1536 767 1601 dicerent,
788 1535 913 1590 audi
937 1533 1204 1605 quomodo
1231 1533 1320 1586 tali
1346 1532 1634 1602 objectioni
1659 1541 1922 1587 occurrat.
1951 1531 2084 1586 Cum

507 1625 729 1681 dixisset
769 1626 934 1690 enim,
977 1626 1054 1679 Ab
1093 1625 1296 1680 homine
1334 1625 1669 1678 testimonium
1711 1641 1812 1678 non
1851 1625 2086 1694 accipio;

506 1715 781 1786 subjunxit
809 1734 824 1772 :
857 1715 965 1772 Sed
997 1715 1105 1770 haec
1141 1715 1275 1779 dico,
1304 1722 1356 1768 ut
1383 1731 1469 1769 vos
1496 1715 1624 1770 salvi
1651 1717 1780 1770 sitis.
1813 1715 1924 1770 Hoc
1955 1726 2037 1771 est
2067 1730 2082 1770 :

507 1807 620 1876 Ego
663 1806 821 1877 lmjus
858 1806 1162 1862 testimonio
1205 1806 1440 1862 humano
1483 1822 1588 1862 non
1629 1823 1762 1877 opus
1800 1807 2081 1875 habebam,

507 1913 627 1952 cum
664 1899 804 1953 Deus
839 1899 976 1964 sim;
1016 1898 1111 1953 sed
1138 1898 1260 1969 quia
1290 1898 1438 1952 illum
1464 1899 1734 1968 suspicitis
1757 1909 1811 1954 et
1837 1900 2083 1955 omnibus

509 1988 612 2043 ﬁde
630 1988 924 2058 digniorem
954 1990 1182 2058 putatis;
1211 1999 1266 2045 et
1292 1990 1357 2044 ad
1388 1991 1536 2044 illum
1560 1991 1773 2060 quidem
1797 2001 1852 2046 ut
1871 1991 1941 2046 ad
1963 2007 2085 2061 pro-

505 2079 718 2147 phetam
745 2080 1105 2134 aceurrebatis
1131 2081 1338 2151 (civitas
1357 2081 1498 2135 enim
1520 2081 1585 2135 ad
1605 2080 1892 2137 Jordanem
1915 2082 2084 2137 ell‘iin-

500 2169 768 2240 debatur),
795 2171 925 2225 mihi
950 2186 1079 2226 vero
1105 2186 1174 2227 ne
1196 2171 1412 2241 quidem
1435 2171 1689 2227 miracula
1713 2173 1940 2242 patranti
1962 2189 2081 2229 cre-

499 2259 706 2314 didistis
738 2276 754 2315 :
784 2259 905 2315 ideo
947 2260 1051 2316 hoc
1094 2261 1246 2318 vobis
1285 2263 1648 2318 testimonium
1691 2279 2076 2319 commemoro.

503 2349 592 2402 35.
624 2348 726 2403 Ille
743 2360 849 2403 erat
871 2348 1077 2406 lucerna
1105 2353 1288 2406 ardens
1310 2363 1356 2408 et
1381 2355 1552 2410 lucens
1572 2371 1591 2408 :
1612 2371 1697 2409 vos
1719 2366 1888 2409 autem
1914 2357 2075 2409 rotui-

494 2441 584 2493 stis
610 2441 863 2496 exsultare
881 2443 949 2496 ad
968 2445 1146 2497 horam
1168 2446 1220 2498 in
1246 2446 1359 2500 luce
1380 2447 1513 2517 ejus.
1542 2447 1620 2502 Ne
1645 2448 1884 2503 dicerent
1909 2450 2071 2515 enim,

495 2531 653 2599 Quid,
677 2531 721 2586 si
754 2532 844 2588 ille
870 2533 1024 2600 dixit,
1053 2545 1108 2590 et
1135 2551 1232 2590 nos
1259 2553 1364 2590 non
1393 2539 1730 2606 recepimus?
1754 2539 1894 2594 dicta
1924 2555 2075 2595 rece-

493 2623 636 2691 pisse
672 2623 792 2679 illos
834 2626 1090 2681 ostendit.
1135 2625 1316 2697 Neque
1359 2629 1502 2682 enim
1540 2630 1788 2701 vulgares
1832 2631 2075 2685 homines

494 2715 772 2780 miserunt,
806 2716 900 2770 sed
925 2716 1233 2772 sacerdotes
1263 2726 1317 2772 et
1339 2718 1657 2774 Pharismos.
1687 2720 1775 2775 Sic
1799 2721 2071 2775 hominem

492 2805 854 2872 mirabantur,
891 2823 990 2863 nec
1019 2817 1266 2878 poterant
1294 2811 1451 2866 dictis
1470 2812 1586 2881 ejus
1614 2813 1899 2868 obsistere.
1936 2813 2071 2868 Illud

489 2905 688 2963 autem,
717 2899 797 2952 Ad
814 2899 1012 2968 horam,
1042 2901 1258 2956 nimiam
1282 2902 1492 2957 illorum
1517 2902 1822 2959 facilitatem
1850 2905 2065 2972 indicat,

490 2990 633 3057 quod
663 2990 871 3046 scilicet
910 2993 1018 3047 cito
1062 2993 1131 3046 ab
1161 2993 1252 3046 illo
1278 2993 1584 3048 resilierint.
1627 2995 1717 3050 56.
1763 2995 1874 3066 Ego
1903 3007 2072 3050 autem

491 3080 647 3134 [iubeo
669 3083 835 3148 majus
861 3083 1196 3136 testimonium
1228 3081 1454 3136 Joanne.
1487 3083 1543 3138 Si
1573 3085 1782 3139 velletis
1807 3087 1946 3140 enim
1981 3103 2070 3141 se-

487 3173 720 3224 cundum
741 3187 920 3226 veram
950 3187 1128 3227 rerum
1149 3175 1342 3229 seriem
1371 3174 1528 3230 Iidem
1555 3177 1818 3246 aeciperc,
1849 3178 1920 3232 ab
1943 3194 2070 3248 ope-

490 3260 637 3314 rLbus
664 3276 760 3315 vos
785 3263 953 3332 magis
981 3261 1330 3319 induxissem.
1364 3266 1495 3332 Quia
1521 3281 1648 3321 vero
1672 3283 1777 3321 non
1803 3269 1978 3335 vultis,
2001 3269 2067 3324 ad

487 3350 746 3405 Joannem
768 3365 861 3406 vos
882 3353 1048 3418 duco;
1085 3369 1189 3407 non
1217 3355 1358 3424 quod
1387 3357 1501 3425 ejus
1525 3371 1707 3427 egeam
1735 3359 2065 3426 testimonio;

487 3441 581 3496 sed
611 3443 734 3512 quia
761 3443 879 3497 ideo
903 3444 1081 3498 omnia
1123 3443 1260 3499 facio
1300 3454 1357 3500 ut
1397 3447 1546 3501 vobis
1584 3449 1809 3504 salutem
1841 3451 2064 3519 pariam.

485 3533 872 3590 Testimonium
914 3537 1058 3590 enim
1099 3538 1270 3607 majus
1304 3537 1476 3594 habeo
1509 3555 1668 3610 quam
1703 3542 1954 3599 Joannis:
2000 3546 2068 3601 ab

485 3626 753 3694 operibus.
798 3623 991 3681 Verum
1034 3642 1139 3682 non
1169 3628 1236 3682 ad
1278 3629 1328 3683 id
1371 3639 1558 3700 specto
1585 3633 1780 3701 solum,
1817 3645 1926 3690 uta
1959 3636 2066 3693 ﬁde

485 3715 659 3786 dignis
685 3717 846 3770 viris‘
874 3718 1012 3787 apud
1042 3733 1138 3773 vos
1179 3723 1556 3788 commender;
1599 3726 1693 3778 sed
1744 3733 1802 3779 ut
1842 3741 1872 3780 a
1917 3727 2068 3783 vobis

487 3808 647 3874 notis,
685 3809 774 3878 qui
809 3813 947 3879 apud
987 3826 1084 3866 vos
1127 3812 1396 3868 mirabiles
1436 3814 1749 3872 habeantur.
1795 3816 1883 3872 Sic
1924 3830 2072 3888 post-

485 3914 643 3967 quam
673 3899 794 3953 illos
819 3898 1112 3956 incesserat
1140 3901 1223 3957 his
1246 3902 1444 3970 verbis,
1477 3904 1711 3960 Voluistis
1730 3910 1984 3963 exsultare
2001 3909 2067 3963 ad

485 3993 661 4045 horam
704 3992 772 4046 in
799 3991 910 4046 luce
947 3994 1078 4064 ejus,
1107 3993 1672 4067 demoustraveratque
1711 3998 1839 4053 illud
1881 4014 2066 4055 eorum

484 4083 716 4138 studium
741 4093 1139 4155 temporaneum
1159 4101 1223 4142 ac
1243 4087 1462 4144 minime
1484 4091 1694 4144 ﬁrmum
1717 4089 1912 4157 fuisse;
1945 4109 2067 4148 cum

493 4179 754 4234 lucernam
783 4177 954 4247 ipsum
986 4181 1227 4245 vocavit,
1259 4182 1494 4237 ostendit
1525 4183 1694 4251 ipsum
1722 4199 1752 4239 a
1779 4187 2068 4257 semetipso

485 4271 660 4326 lucem
688 4285 794 4324 non
823 4269 1041 4337 habere,
1070 4271 1166 4328 sed
1192 4287 1223 4326 a
1251 4275 1421 4344 gratia
1446 4273 1694 4345 Spiritus.
1724 4275 1959 4332 Necdum
1988 4286 2068 4332 ta-

485 4379 606 4418 men
635 4363 767 4416 dixit
796 4362 851 4416 in
875 4379 982 4432 quo
1009 4363 1248 4418 diﬁ‘erret
1273 4365 1340 4419 ab
1369 4367 1485 4435 ipso
1508 4408 1522 4430 ,
1553 4368 1692 4437 quod
1720 4369 1925 4426 scilicet
1953 4370 2067 4441 ipse

483 4453 562 4507 sol
579 4455 797 4522 jnstitia:
818 4463 992 4517 esset;
1021 4454 1114 4509 sed
1135 4469 1256 4509 cum
1278 4455 1404 4510 illud
1428 4457 1816 4516 subindicasset
1840 4471 2064 4530 tantum,

487 4545 538 4598 in
583 4545 702 4599 illos
741 4543 1090 4598 vehementer
1133 4546 1430 4614 invehitur,
1459 4551 1796 4620 ostenditque
1823 4555 1942 4611 illos
1971 4571 2066 4610 co-

484 4635 606 4688 dem
652 4634 818 4688 animi
871 4636 1184 4705 pr0posito.
1235 4653 1342 4708 quo
1392 4639 1540 4694 illum
1595 4651 2063 4718 contempserant,

485 4724 699 4779 Christo
736 4724 958 4780 credere
999 4727 1254 4782 noluisse.
1300 4728 1433 4784 Nam
1477 4729 1735 4786 Joannem
1773 4737 1853 4788 Ad
1891 4737 2067 4791 horam

486 4813 660 4868 solum
687 4812 933 4868 admirati
975 4819 1304 4888 suntzquod
1351 4820 1451 4874 nisi
1495 4820 1766 4891 fecissent,
1798 4827 1905 4881 cito
1945 4829 2067 4885 illos

485 4905 552 4961 ad
581 4906 763 4962 Jesum
789 4905 1046 4964 ducturus
1073 4921 1208 4965 erat.
1253 4911 1538 4983 Postquam
1581 4916 1742 4987 igitur
1776 4919 1893 4974 illos
1921 4926 2066 4977 omni

484 5013 550 5052 ex
582 5006 731 5068 parte
758 4996 1005 5068 indignos
1029 5001 1182 5056 venia
1211 5003 1536 5072 ostenderat,
1561 5006 1763 5062 addidit
1792 5027 1806 5063 :
1843 5009 1950 5081 Ego
1975 5028 2068 5066 au-

485 5101 585 5146 tem
602 5089 760 5146 habeo
779 5090 1120 5147 testimonium
1143 5095 1310 5165 majus
1331 5094 1550 5152 Joanne.
1573 5099 1781 5165 Quale?
1808 5102 2064 5174 Operum.

488 5181 659 5250 Opera
683 5182 834 5248 enim,
858 5182 1051 5253 inquit,
1075 5200 1189 5254 quae
1211 5186 1347 5240 dedit
1375 5189 1498 5244 mihi
1517 5189 1698 5257 Pater,
1723 5203 1778 5247 ut
1806 5197 2065 5265 perficiam

483 5287 563 5335 ea,
588 5272 700 5341 ipsa
727 5290 881 5343 opera
906 5275 1243 5330 testimonium
1264 5278 1522 5347 perhibent
1551 5282 1614 5336 de
1644 5299 1740 5350 me,
1767 5286 1887 5356 quia
1913 5285 2068 5341 Pater

486 5377 564 5414 Ine
799 5365 897 5421 llic
940 5368 1290 5440 paralyticum
1328 5382 1572 5428 sanatum
1611 5383 1667 5430 et
1695 5377 1828 5434 alios
1869 5381 2065 5436 multos

485 5465 886 5540 commemorat.
913 5457 1083 5513 Verba
1104 5461 1318 5530 quidem
1338 5503 1353 5527 ,
1384 5461 1605 5520 dixisset
1633 5466 1767 5523 forte
1801 5471 2063 5540 quispiam

483 5549 706 5620 eorum,
739 5537 825 5591 illa
868 5543 1143 5610 magniﬁca
1185 5544 1420 5602 Joannes
1459 5547 1525 5603 ad
1570 5551 1794 5620 gratiam
1820 5537 2062 5619 dixerit;

487 5613 611 5671 licet
637 5627 810 5672 taliten
833 5621 932 5675 hoc
950 5624 1128 5679 dicere
1158 5643 1260 5680 non
1291 5643 1507 5698 possent
1530 5613 1598 5689 de
1619 5633 1825 5692 Joanne
1850 5637 1919 5692 ita
1946 5613 2064 5710 plti;

553 5719 572 5750 ί
607 5719 694 5770 Alii
714 5721 914 5786 trabem,
935 5730 984 5775 ut
1006 5739 1035 5775 a
1063 5728 1340 5794 propinquis
1364 5735 1548 5786 nstris.

1263 328 1316 382 S.
1358 324 1632 381 JOANNIS
1670 318 2139 378 CIIRYSOSTOMI
2176 320 2494 380 AliClllEP.
2538 325 3072 384 CONSTANTINOP.

3684 335 3796 393 252

2204 432 2458 503 losophiae
2477 435 2739 501 studioso,
2761 453 2919 508 quem
2941 437 3339 494 admirabantur
3364 458 3376 494 :
3401 454 3562 511 opera
3584 456 3786 514 autem,

2203 525 2282 580 vel
2307 525 2445 595 apud
2468 528 2704 594 insanos,
2731 530 2860 583 nulli
2886 538 3040 584 erant
3064 529 3350 598 suspicioni
3380 531 3630 589 obnoxia.
3663 537 3792 591 Ideo

2199 618 2426 672 alterum
2456 618 2676 674 adduxit
2708 620 3072 676 testimonium
3099 621 3284 676 dicens
3313 639 3325 675 :
3359 620 3528 693 Opera
3557 641 3669 695 qua:
3691 629 3781 680 de-

2200 707 2274 760 dit
2299 709 2422 762 mihi
2449 708 2624 773 Pater,
2655 719 2708 763 ut
2735 712 2994 779 perﬁciar»
3019 729 3099 776 ea,
3130 713 3241 782 ipsa
3269 729 3427 783 Opera
3447 731 3562 787 qua
3583 733 3674 789 ego
3702 718 3781 787 fa-

2198 797 2278 850 cio
2295 806 2540 852 testantur
2565 799 2627 853 de
2647 817 2743 864 me,
2764 803 3000 868 quoniam
3032 803 3167 857 misit
3191 820 3269 857 me
3295 802 3467 858 Pater.
3497 806 3600 862 llic
3623 822 3782 863 accu-

2196 887 2455 943 sationem
2486 890 2553 944 de
2582 891 2779 945 violato
2807 891 3027 947 sabbato
3051 893 3284 963 depellit.
3315 896 3446 964 Quia
3470 898 3612 952 enim
3638 899 3778 954 dice-

2196 977 2323 1032 bant
2352 979 2425 1034 illi
2447 1021 2460 1044 ,
2492 981 2771 1048 Quomodo
2799 992 2975 1052 potest
3000 999 3028 1037 a
3065 985 3172 1039 Deo
3199 1001 3317 1040 esse
3337 1027 3350 1049 ,
3381 989 3468 1057 qui
3501 988 3782 1044 sabbatum

2195 1083 2302 1124 non
2351 1073 2618 1127 custodit?
2669 1074 2790 1128 ideo
2836 1075 3011 1138 dixit,
3069 1077 3196 1142 Qua:
3241 1078 3378 1132 dedit
3427 1081 3550 1134 mihi
3601 1079 3777 1137 Pater.

2194 1159 2417 1215 Etiamsi
2465 1162 2552 1216 ille
2593 1164 2907 1220 auctoritate
2949 1180 3041 1220 sua
3087 1177 3300 1236 ageret;
3341 1169 3435 1224 sed
3473 1179 3531 1224 ut
3555 1171 3779 1228 validius

2196 1253 2444 1320 probaret
2469 1270 2528 1310 se
2552 1256 2694 1310 Patri
2723 1257 2859 1311 nihil
2887 1259 3214 1313 contrarium
3244 1260 3422 1315 facere
3441 1302 3456 1326 ,
3486 1261 3604 1317 ideo
3634 1263 3779 1332 quod

2193 1341 2348 1413 longe
2375 1345 2548 1399 minus
2574 1355 2691 1400 erat
2717 1349 2912 1416 posuit.

2264 1433 2316 1487 ὃ.
2339 1433 2508 1500 Quare
2525 1435 2755 1491 Christus
2777 1439 2856 1490 hic
2875 1455 2939 1493 ea:
2957 1439 3189 1508 operibus
3207 1441 3312 1496 suis
3329 1442 3637 1498 divinitatem
3657 1445 3779 1501 mih

2189 1523 2346 1577 sionis
2359 1541 2464 1579 sua:
2483 1536 2696 1591 tantum,
2716 1530 2856 1583 nulla
2877 1530 2939 1583 de
2955 1547 3048 1584 sua
3069 1531 3326 1585 divinitate
3347 1535 3597 1589 mentione
3615 1539 3771 1607 facta,

2189 1613 2436 1668 adstruat.
2486 1615 2642 1670 Pater
2678 1621 2928 1688 quomodo
2967 1621 3204 1676 audiatur
3239 1631 3286 1676 et
3320 1624 3564 1681 videatur.
3605 1627 3777 1694 Quare

2188 1700 2398 1759 Juda‘os
2421 1704 2650 1762 Christus
2672 1708 2741 1761 ad
2766 1709 3064 1780 Scripturas
3081 1713 3346 1768 remiserit.
3370 1743 3443 1754 —
3461 1714 3527 1768 Et
3549 1729 3666 1784 cur,
3691 1717 3774 1773 in-

2189 1794 2345 1861 (Ιιιῖθδ
2364 1835 2379 1858 9
2410 1810 2514 1850 ιιοιι
2545 1797 2695 1861 dixit.
2729 1798 2901 1870 Opera
2931 1816 3050 1871 qum
3075 1801 3222 1858 dedit
3252 1804 3380 1858 mihi
3411 1805 3584 1873 Pater,
3619 1809 3772 1864 testi-

2191 1881 2416 1939 ﬁcantur
2441 1901 2528 1942 me
2555 1887 2697 1942 Patri
2725 1891 2982 1959 aqualem
3013 1893 3172 1948 esse?
3207 1894 3368 1949 Certe
3395 1904 3682 1967 utrumque
3701 1915 3772 1956 ex

2188 1975 2439 2042 operibus
2485 1978 2648 2033 edisei
2695 1989 2920 2048 poterat,
2951 1993 3004 2037 et
3047 1984 3220 2053 ipsum
3263 1985 3395 2040 nihil
3438 1991 3771 2048 contrarium

2187 2065 2335 2122 Patri
2381 2067 2580 2136 facere,
2618 2080 2674 2126 et
2717 2075 2978 2142 aequalem
3017 2076 3244 2144 genitori
3288 2094 3438 2145 esse,
3469 2080 3518 2135 id
3549 2083 3774 2152 quodet

2184 2157 2311 2212 alibi
2341 2160 2530 2229 probat
2553 2176 2675 2216 cum
2705 2163 2832 2218 dicit
2861 2182 2874 2217 :
2909 2165 2970 2220 Si
3002 2167 3125 2220 mihi
3154 2183 3254 2221 non
3284 2171 3509 2235 creditis,
3539 2175 3773 2242 operibus

2185 2249 2307 2303 meis
2343 2251 2529 2305 credite
2553 2293 2567 2318 ,
2603 2263 2657 2306 ut
2681 2256 2851 2309 sciatis
2874 2267 2924 2310 et
2943 2257 3157 2312 credatis
3179 2261 3299 2328 quia
3325 2277 3416 2331 ego
3441 2262 3494 2315 iu
3526 2261 3702 2334 Patre,
3723 2278 3773 2322 et

2189 2337 2346 2393 Pater
2375 2341 2426 2394 in
2453 2359 2531 2396 me
2555 2355 2627 2397 est
2662 2343 2840 2416 (Joan.
2865 2347 2951 2402 10.
2985 2347 3100 2417 38).
3151 2348 3442 2420 Utrumque
3465 2394 3480 2420 ,
3512 2353 3725 2426 inquam
3749 2398 3768 2423 ,

2187 2430 2497 2488 testiﬁcatus
2519 2444 2682 2498 esset,
2707 2443 2762 2490 et
2785 2452 2845 2492 se
2870 2439 3126 2512 mqualetn
3149 2455 3271 2496 esse
3295 2441 3458 2508 Patri,
3480 2455 3535 2500 ct
3555 2461 3614 2503 se
3635 2447 3780 2504 nihil

2183 2523 2358 2580 facere
2382 2526 2520 2580 Patri
2551 2530 2896 2584 contrarium.
2941 2530 3049 2587 Cur
3086 2549 3217 2604 ergo
3255 2551 3360 2592 non
3399 2539 3480 2594 sic
3520 2541 3779 2612 loquutus.

2181 2625 2286 2681 est,
2319 2617 2412 2672 sed
2441 2619 2645 2689 majore
2675 2631 2826 2691 parte
2851 2624 3058 2691 relicta,
3093 2627 3356 2683 minorem
3386 2632 3602 2700 posuit?
3630 2633 3766 2702 Quia

2179 2705 2281 2760 hoc
2302 2709 2530 2776 primum
2550 2721 2684 2777 erat,
2707 2711 2776 2768 de
2797 2729 2902 2783 quo
2923 2723 3039 2769 erat
3060 2717 3304 2786 qumstio.
3332 2719 3465 2774 Nam
3489 2723 3589 2778 etsi
3610 2723 3767 2794 longe

2177 2799 2354 2854 minus
2382 2810 2465 2855 est
2489 2803 2634 2857 credi
2666 2803 2836 2872 ipsum
2864 2820 2901 2860 a
2923 2806 3032 2861 Deo
3053 2808 3281 2874 venisse,
3299 2825 3458 2880 quam
3481 2814 3628 2869 credi
3653 2815 3770 2871 Deo

2177 2893 2436 2960 aequalem
2453 2909 2604 2960 esse;
2627 2895 2756 2950 illud
2771 2897 2912 2952 enim
2935 2898 3210 2968 propheta:
3229 2900 3494 2970 dixerant,
3518 2903 3619 2961 hoc
3635 2922 3764 2963 vero

2176 2983 2394 3038 minime
2413 3001 2426 3049 ;
2451 2993 2680 3041 attamen
2705 2987 2817 3056 ipse
2837 2988 2904 3044 de
2922 2991 3132 3046 minore
3147 3001 3299 3060 parte
3317 3008 3560 3062 magnam
3573 3009 3768 3052 curam

2176 3075 2358 3143 habet,
2386 3093 2583 3146 gnaros
2613 3079 2658 3133 si
2704 3079 2805 3134 hoc
2847 3081 3160 3137 admittatur
3181 3085 3220 3150 ί,
3253 3083 3378 3138 illud
3410 3085 3570 3141 etiam
3603 3088 3763 3145 facile

2173 3163 2465 3220 admissum
2493 3167 2592 3234 iri,
2622 3177 2676 3222 et
2700 3170 2900 3239 majore
2927 3174 3284 3240 praztermissa
3306 3215 3322 3241 ,
3351 3174 3612 3232 minorem
3640 3194 3758 3235 me-

2174 3264 2383 3321 morat,
2409 3267 2464 3311 ut
2493 3273 2591 3325 per
2619 3259 2755 3314 hanc
2780 3271 2834 3316 et
2869 3263 3012 3317 illam
3039 3265 3357 3334 reciperent.
3389 3266 3502 3323 Hoc
3543 3281 3762 3337 peracto

2174 3360 2384 3400 rursum
2416 3347 2598 3416 adjicit
2625 3366 2638 3401 :
2668 3351 2756 3404 57.
2791 3352 2890 3418 Qui
2916 3353 3048 3407 misit
3070 3370 3148 3408 me
3178 3354 3362 3422 l’aler,
3391 3358 3502 3428 ipse
3538 3361 3760 3416 testimo-

2174 3436 2314 3488 nium
2344 3438 2593 3506 perhibuit
2624 3439 2687 3493 de
2716 3457 2812 3496 me.
2859 3443 2923 3496 Et
2959 3444 3045 3500 ubi
3089 3445 3452 3502 testimonium
3488 3449 3760 3519 perhibuit

2172 3527 2238 3582 de
2269 3529 2395 3584 illo?
2428 3529 2481 3584 In
2507 3530 2758 3596 Jordane,
2779 3550 2897 3588 cutn
2927 3536 3058 3590 dixit
3080 3555 3093 3590 :
3113 3537 3213 3591 llic
3233 3551 3304 3593 est
3325 3539 3494 3596 Filius
3523 3559 3660 3599 meus
3679 3545 3760 3598 di-

2174 3620 2330 3675 lectus
2355 3638 2373 3675 :
2402 3625 2566 3692 ipsum
2605 3627 2793 3680 audite.
2845 3627 3038 3682 Verum
3089 3629 3190 3685 hoc
3229 3641 3488 3702 apparatu
3526 3635 3763 3705 quodam

2172 3711 2380 3781 egebat.
2427 3715 2577 3780 Quod
2625 3716 2691 3771 ad
2731 3716 2994 3772 Joannem
3033 3721 3368 3789 pertinebat,
3410 3725 3753 3781 manifestum

2173 3813 2288 3857 erat
2318 3821 2332 3858 :
2363 3805 2462 3874 ipsi
2491 3823 2720 3878 namque
2755 3809 3046 3876 miserant,
3081 3828 3256 3884 neque
3284 3815 3335 3870 id
3367 3833 3563 3888 negare
3600 3827 3755 3888 pote-

2173 3904 2312 3950 rant.
2345 3897 2504 3967 Signa
2532 3915 2743 3969 quoque
2771 3901 2915 3956 clara
2954 3914 3130 3960 erant.
3167 3907 3269 3976 ipsi
3302 3907 3443 3963 facta
3470 3909 3754 3978 viderant,

2173 3995 2330 4054 atque
2350 3997 2593 4042 sanatum
2613 3991 2908 4059 audierant,
2934 4005 2989 4050 et
3007 3997 3364 4064 crediderant,
3388 4016 3450 4054 ac
3472 4011 3758 4071 prapterea

2173 4077 2321 4132 illum
2348 4081 2687 4137 accusabant.
2714 4083 2968 4141 Restabat
2992 4087 3206 4142 demum
3231 4099 3285 4143 ut
3316 4090 3486 4146 Patris
3515 4094 3759 4147 testimo-

2174 4173 2318 4226 nium
2347 4173 2643 4242 aﬁ'crretur,
2667 4179 2806 4248 quod
2838 4181 3146 4236 inducturus
3165 4183 3431 4239 subdidit:
3453 4184 3563 4240 Nec
3585 4203 3759 4242 rocens

2177 4263 2286 4332 ejus
2311 4281 2545 4334 umquam
2571 4269 2802 4323 audistis.
2833 4270 2897 4323 Et
2920 4271 3187 4341 quomodo
3214 4273 3422 4345 Moyses
3447 4275 3592 4341 dicit,
3613 4276 3761 4334 Dens

2177 4355 2484 4423 loquebatur,
2509 4358 2711 4430 Moyses
2729 4362 2988 4430 respondit
3016 4362 3207 4428 (Exod.
3229 4365 3315 4420 i9.
3342 4365 3450 4436 19).
3477 4367 3763 4435 Quomodo.

2175 4447 2360 4514 David,
2378 4447 2624 4520 Linguam
2636 4467 2786 4520 quam
2801 4469 2902 4506 non
2922 4463 3146 4522 noverat,
3164 4457 3355 4510 audivit
3377 4455 3547 4527 (Psal.
3561 4458 3648 4514 80.
3670 4459 3760 4523 6)?

2172 4538 2402 4593 Rursum
2431 4540 2658 4611 Moyses,
2688 4542 2744 4598 Si
2770 4552 2852 4597 est
2877 4557 3007 4614 gens
3035 4545 3174 4612 talis,
3203 4562 3320 4615 qua:
3348 4547 3550 4602 audivit
3571 4563 3760 4604 vocem

2173 4629 2308 4685 Dei?
2339 4629 2517 4700 Neque
2547 4635 2762 4699 speciem
2786 4635 2894 4704 ejus
2920 4634 3113 4690 vidistis
3138 4635 3314 4704 (Dent.
3346 4639 3400 4693 4.
3431 4639 3556 4708 53).
3595 4639 3755 4709 Atqui

2173 4721 2318 4776 illum
2341 4722 2536 4777 vidisse
2555 4723 2803 4778 dicuntur
2826 4724 3006 4789 Isaias,
3025 4726 3305 4793 Jeremias,
3327 4727 3574 4784 Ezechiel
3596 4740 3644 4785 et
3667 4729 3756 4784 alii

2175 4813 2407 4883 plurimi.
2446 4813 2582 4880 Quid
2607 4830 2734 4886 ergo
2761 4832 2900 4872 nunc
2925 4817 3024 4872 sibi
3049 4819 3164 4872 vult
3189 4818 3473 4875 Christus?
3502 4821 3556 4875 In
3581 4821 3756 4891 philo-

2173 4907 2444 4976 Sophicam
2481 4907 2601 4960 illos
2642 4907 2844 4964 inducit
2883 4909 3257 4979 disciplinam,
3293 4912 3542 4980 paulatim
3575 4923 3757 4967 osten-

2173 4997 2326 5064 deris,
2357 4997 2408 5051 in
2443 4997 2554 5052 Deo
2581 5013 2679 5053 nec
2709 5014 2890 5054 vocem
2919 5014 3020 5055 nec
3045 5001 3278 5070 speciem
3305 5016 3446 5068 esse,
3479 5002 3574 5057 sed
3603 5018 3756 5072 supe~

2173 5087 2368 5142 riorcm
2395 5087 2546 5142 illum
2575 5102 2694 5143 esse
2719 5096 2772 5143 et
2793 5089 2940 5143 sonis
2969 5099 3023 5144 et
3053 5089 3236 5159 ﬁguris
3265 5090 3592 5159 hujusmodi.
3624 5090 3765 5147 Nam-

2175 5187 2231 5233 ut
2250 5177 2496 5245 dicendo,
2529 5175 2709 5247 Neque
2729 5194 2899 5233 vocem
2921 5179 3032 5247 ejus
3058 5179 3273 5235 audistis
3291 5220 3306 5244 ,
3339 5193 3443 5232 non
3472 5179 3757 5246 signiﬁcat,

2174 5269 2322 5324 illum
2355 5284 2539 5324 vocem
2567 5269 2832 5333 emittere,
2865 5283 2963 5324 nec
2983 5269 3152 5325 audiri
3177 5287 3192 5323 :
3221 5270 3299 5325 sic
3325 5283 3446 5324 cum
3473 5267 3621 5333 dicit,
3653 5268 3762 5324 Ne-

2171 5377 2268 5429 que
2289 5360 2504 5431 speciem
2531 5361 2644 5431 ejus
2669 5359 2882 5425 oidistis,
2913 5374 3019 5415 non
3043 5359 3174 5414 dicit
3193 5361 3364 5430 ipsum
3393 5357 3627 5427 speciem
3657 5358 3759 5413 ha-

2173 5450 2300 5506 bere
2321 5490 2336 5514 ,
2368 5465 2470 5506 nec
2507 5461 2682 5505 tamen
2713 5450 2913 5515 videri;
2945 5465 3129 5504 verum
3157 5459 3407 5505 neutrum
3437 5449 3630 5502 horum
3659 5448 3759 5505 ba-

2175 5539 2302 5594 bere
2329 5540 2494 5594 Deum
2523 5539 2787 5610 intelligit.
2825 5538 2936 5594 Nec
2971 5538 3213 5594 dicereut
3242 5539 3384 5593 enim
3413 5580 3426 5602 ,
3460 5537 3678 5593 Frustra
3707 5548 3760 5590 te

2169 5630 2361 5701 jactus,
2403 5629 2569 5700 Moysi
2619 5638 2822 5685 tantum
2867 5629 3117 5700 loquutus
3157 5638 3241 5684 est
3287 5629 3464 5694 Deus;
3512 5627 3768 5684 dicebant

2247 5743 2262 5773 ⁸
2297 5739 2395 5792 Alii
2419 5740 2605 5805 legunt,
2621 5755 2799 5807 gnarus
2815 5741 2857 5794 si
2873 5739 2961 5793 hoc
2985 5740 3195 5794 dicatur.
