4104 6156
275 329 376 386 πε

275 449 437 509 enini,
469 441 580 498 Nos
605 442 787 497 scimus
814 440 930 508 quia
965 438 1128 508 Moysi
1151 439 1386 506 loquutus
1414 447 1484 492 est
1508 436 1643 492 Deus
1672 452 1689 488 :
1717 436 1850 488 hunc

273 551 386 590 vero
407 534 654 590 nescimus
683 531 816 585 unde
833 531 895 583 sit
923 528 1099 599 (Joan.
1125 529 1177 583 9.
1199 527 1322 596 Q9);
1355 527 1474 583 ideo
1499 529 1575 582 sic
1603 529 1850 597 loquutus

272 637 354 684 cst
375 668 391 692 ,
421 624 710 684 ostendens
739 624 791 677 in
825 623 934 677 Deo
959 637 1055 676 nec
1087 636 1268 675 vocem
1304 635 1403 675 nec
1444 621 1677 690 speciem
1710 634 1847 674 esse.

277 718 342 774 Et
364 716 491 787 quid
521 717 622 771 boc
643 713 798 770 dico?
825 713 940 767 Non
963 713 1122 766 modo
1140 727 1323 767 vocem
1341 712 1456 782 ejus
1478 727 1580 766 non
1599 712 1841 776 audistis,

272 825 370 864 nec
408 807 644 876 speciem
682 805 889 860 vidistis
913 845 926 868 .
961 803 1053 859 sed
1085 804 1138 858 id
1166 803 1233 857 de
1259 819 1364 873 quo
1393 803 1623 858 maxime
1647 804 1842 872 gloria-

273 901 422 961 mini.
451 900 519 958 dc
543 914 649 968 quo
672 898 902 954 maxime
928 896 1089 954 inﬂati
1113 897 1243 952 estis
1268 911 1452 951 omnes
1475 938 1490 960 ,
1522 896 1660 966 quod
1693 913 1845 950 man-

269 991 389 1044 data
416 989 536 1058 ejus
563 988 877 1056 acceperitis
898 997 954 1042 et
975 987 1247 1052 habeatis;
1284 1004 1350 1042 ne
1379 988 1504 1042 illud
1531 988 1742 1058 quidem
1771 989 1852 1043 di-

269 1095 393 1135 cere
421 1081 664 1148 potestis.
691 1078 819 1135 Ideo
845 1078 1118 1148 subiungit
1151 1096 1166 1132 :
1197 1079 1283 1135 58.
1325 1078 1500 1147 Neque
1521 1081 1717 1133 verbum
1742 1081 1850 1148 ejus

271 1171 459 1224 habetis
485 1173 538 1224 in
567 1171 704 1230 rebus
731 1186 974 1233 mortem;
1005 1171 1056 1226 id
1083 1180 1165 1225 est
1183 1210 1199 1235 ,
1227 1171 1470 1225 mandata
1493 1213 1506 1236 ,
1541 1181 1800 1240 praecepta
1829 1212 1844 1237 ,

272 1265 440 1335 legem
465 1307 484 1331 ,
514 1267 818 1334 prephetas.
850 1265 1068 1319 Etiamsi
1093 1264 1234 1319 enim
1268 1265 1406 1318 Deus
1437 1264 1551 1319 lucc
1578 1281 1847 1334 praecepe-

271 1356 357 1420 rit,
383 1366 612 1413 attamen
658 1355 774 1409 lucc
808 1355 947 1424 apud
987 1372 1079 1410 vos
1118 1372 1222 1409 non
1259 1366 1402 1419 sunt,
1435 1358 1554 1425 quia
1586 1357 1712 1410 mibi
1741 1369 1846 1413 non

269 1445 504 1500 creditis.
536 1445 645 1499 Etsi
669 1446 809 1498 enim
835 1445 1026 1515 passim
1049 1453 1103 1499 et
1121 1446 1312 1514 ubique
1339 1445 1515 1499 dicant
1537 1445 1842 1514 Scripturzc,

270 1534 396 1588 mibi
422 1549 540 1588 esse
565 1535 907 1599 credendum,
935 1549 1032 1587 vos
1055 1542 1229 1588 tamen
1258 1551 1360 1588 nou
1383 1535 1621 1599 creditis,
1648 1536 1847 1602 palam-

268 1644 371 1697 que
400 1637 482 1682 est
510 1628 728 1682 verbum
758 1628 874 1698 ejus
899 1643 928 1680 a
958 1627 1106 1681 vobis
1145 1627 1489 1681 abscessisse.
1538 1627 1659 1680 Ideo
1701 1627 1847 1680 addit

271 1720 456 1774 iterum
484 1737 498 1773 :
527 1718 658 1783 Quia
695 1719 739 1772 ei
777 1734 923 1787 quem
963 1719 1095 1771 misit
1123 1718 1208 1774 ille
1233 1732 1317 1769 vos
1346 1733 1446 1770 non
1478 1717 1698 1770 creditis.
1748 1717 1841 1769 De-

267 1809 386 1864 inde
407 1825 473 1863 ne
494 1809 752 1870 dicereut,
783 1806 1061 1874 Quomodo
1086 1807 1129 1860 si
1163 1821 1346 1862 vocem
1369 1809 1484 1874 ejus
1510 1822 1616 1862 non
1638 1806 1842 1861 audivi-

267 1916 402 1966 tnus,
438 1901 532 1954 tibi
560 1901 920 1954 testimonium
950 1898 1253 1968 perhibuit?
1277 1901 1352 1952 ait
1380 1900 1469 1952 ille
1495 1918 1507 1953 :
1532 1899 1844 1954 Scrutmnini

267 1993 590 2060 Scriptores;
619 1991 722 2045 illa
742 1992 871 2046 enim
890 2001 1004 2044 sunt
1023 2005 1134 2060 qua:
1147 1989 1484 2044 testimonium
1503 1991 1759 2059 perhibent
1782 1993 1844 2044 de

265 2098 340 2135 me
363 2081 544 2152 (Joan.
566 2081 620 2136 5.
651 2079 766 2151 39);
788 2081 1024 2135 indicans
1053 2095 1146 2149 per
1172 2081 1266 2134 has
1295 2082 1456 2136 Detnu
1480 2080 1838 2136 testimonium

264 2170 616 2239 perhibuisse.
647 2169 778 2224 Nam
809 2180 861 2223 et
888 2171 937 2222 in
959 2168 1191 2223 Jordane
1222 2177 1274 2222 et
1303 2171 1354 2223 in
1397 2179 1577 2224 monte
1604 2169 1842 2226 testimo-

262 2263 403 2316 nium
425 2261 711 2330 perhibuit.
739 2261 843 2315 Sed
871 2261 1014 2314 illam
1043 2275 1226 2314 vocem
1251 2276 1353 2312 non
1376 2259 1478 2315 fert
1503 2261 1554 2316 in
1581 2261 1833 2317 medium.

263 2351 524 2408 Fortassis
547 2353 687 2408 enim
713 2368 817 2406 nou
841 2352 1076 2408 creditus
1100 2352 1296 2406 luisset.
1323 2351 1453 2406 Nam
1474 2352 1632 2406 aliam
1653 2367 1835 2410 vocem

260 2461 363 2499 non
389 2446 689 2511 audierant,
713 2459 905 2514 nempe
926 2447 977 2498 in
999 2454 1208 2510 monte;
1233 2446 1391 2500 aliam
1413 2461 1538 2500 vero
1560 2446 1837 2502 audierant

256 2535 508 2605 quidem,
543 2534 636 2590 sed
667 2551 772 2589 non
797 2536 1153 2590 attendcraut.
1208 2534 1405 2588 Idcirco
1435 2537 1596 2590 mittit
1625 2537 1742 2590 illos
1767 2537 1834 2592 ad

257 2629 592 2696 Scripturas,
622 2625 908 2681 ostendens
941 2627 1110 2680 Patris
1129 2627 1145 2658 ⁸
1178 2626 1538 2680 testimonium
1566 2627 1688 2681 inde
1713 2641 1833 2693 esse

257 2717 574 2772 sumendum
599 2757 613 2782 ,
652 2717 871 2771 sublatis
902 2716 1048 2786 prius
1075 2717 1306 2786 antiquis
1334 2716 1385 2769 in
1412 2717 1602 2786 quibus
1629 2718 1831 2786 gloria-

258 2809 448 2862 bantur
471 2849 485 2872 ,
529 2808 611 2862 vel
655 2808 803 2877 quasi
836 2807 1092 2861 vidissent
1123 2807 1290 2861 Deum
1310 2847 1326 2872 ,
1360 2806 1438 2861 vel
1465 2808 1614 2877 quasi
1646 2824 1831 2864 vocem

257 2900 375 2968 ejus
395 2899 688 2953 audissent.
730 2898 861 2966 Quia
892 2913 1019 2953 vero
1045 2897 1294 2953 credibile
1314 2908 1425 2954 erat
1451 2900 1565 2969 ejus
1588 2901 1700 2954 voci
1724 2915 1827 2956 non

251 2989 550 3044 credituros
599 3005 751 3053 esse,
809 3004 976 3059 eaque
1025 2991 1401 3060 imaginaturos
1444 3007 1564 3048 esse
1612 3009 1732 3062 qua:
1775 2994 1826 3053 in

253 3091 433 3136 monte
472 3080 597 3136 Sina
640 3079 987 3144 acciderunt;
1024 3091 1262 3136 correcta
1289 3082 1436 3151 prius
1464 3097 1525 3138 ea
1553 3099 1670 3152 qua:
1695 3085 1826 3138 sub-

250 3171 374 3225 oriri
415 3180 619 3239 paterat
656 3185 718 3225 ea
759 3169 826 3224 de
867 3184 924 3224 re
968 3170 1290 3238 suspicione,
1318 3179 1372 3224 et
1409 3171 1698 3230 ostendens
1740 3174 1825 3228 illa

252 3276 344 3330 per
368 3261 745 3316 dentissioncm
773 3260 1056 3329 quamdam
1079 3259 1213 3315 facta
1243 3276 1381 3327 esse,
1424 3262 1566 3331 ipsos
1586 3264 1654 3320 ad
1677 3263 1820 3320 Scri-

249 3361 518 3420 pturarum
544 3351 902 3405 testimoiiiutn
931 3351 1107 3404 mittit.

313 3443 368 3496 4.
392 3441 577 3495 Contra
603 3443 859 3496 luereticos
887 3459 914 3496 e
953 3442 1232 3512 Scripturis
1259 3445 1608 3514 pugnandum.
1645 3445 1815 3513 Quas-

244 3532 360 3586 dam
389 3541 584 3586 tantum
607 3533 831 3598 virtutes,
865 3531 982 3586 aliis
1019 3535 1272 3602 neglectis,
1300 3551 1528 3589 exercere
1561 3553 1659 3588 non
1681 3537 1818 3606 sugi-

239 3625 325 3678 πίε.
356 3622 634 3678 Hominum
659 3641 926 3678 avarorum
967 3625 1581 3694 injustorumqueinsania
1611 3637 1656 3680 et
1687 3644 1813 3696 sup-

237 3716 447 3788 plicium
491 3721 742 3786 futurum.
788 3747 858 3758 —
901 3717 968 3771 Et
998 3733 1095 3774 nos
1135 3734 1346 3788 quoque
1387 3719 1601 3788 quando
1630 3729 1814 3774 contra

237 3805 522 3860 haereticos
550 3821 846 3876 pugnamus
880 3815 933 3861 et
961 3821 1233 3860 armantur
1253 3848 1269 3870 ,
1302 3807 1425 3862 hinc
1455 3822 1553 3863 nos
1584 3809 1813 3864 instrua-

235 3911 378 3954 mus.
399 3895 580 3952 Omnis
597 3899 728 3950 enim
753 3897 1041 3970 Scriptura,
1073 3899 1262 3968 inquit,
1289 3899 1528 3952 divinitus
1548 3901 1810 3969 inspirata,

234 3992 374 4046 utilis
402 4003 474 4044 est
491 3990 558 4044 ad
579 3991 875 4058 docendum,
897 3994 964 4045 ad
985 3993 1318 4063 urguendum,
1341 3994 1409 4046 ad
1437 3996 1810 4064 corrigendum,

233 4083 298 4135 ad
318 4081 690 4134 instituendum
715 4082 766 4134 in
787 4082 987 4150 justitia
1014 4123 1030 4149 ,
1060 4093 1112 4137 ut
1141 4083 1392 4153 perfectus
1415 4085 1482 4138 sit
1503 4083 1600 4139 Dei
1639 4086 1808 4152 homo,

237 4173 302 4224 ad
323 4188 473 4226 caute
492 4188 620 4242 opus
646 4171 830 4226 bonum
851 4173 1121 4228 instructus
1155 4174 1227 4244 (2.
1259 4173 1390 4228 Tim.
1413 4176 1467 4228 5.
1497 4174 1584 4230 16.
1611 4185 1656 4230 et
1683 4177 1746 4230 l7
1767 4177 1808 4247 ).

233 4262 347 4316 Non
374 4263 553 4318 utalia
585 4263 796 4330 habeat,
814 4265 932 4319 aliis
951 4276 1132 4320 careat
1159 4285 1173 4322 :
1202 4282 1323 4320 nam
1354 4267 1472 4320 talis
1501 4267 1661 4322 homo
1689 4283 1809 4336 per.

234 4353 398 4408 lectus
439 4368 543 4407 non
589 4364 748 4409 esset.
792 4357 922 4424 Qua:
965 4356 1184 4421 utilitas,
1238 4371 1458 4426 quaeso,
1505 4357 1551 4411 si
1597 4358 1810 4412 assidue

235 4451 494 4513 precetur,
552 4458 652 4500 nec
691 4445 1084 4516 eleemosyuam
1115 4446 1336 4516 largiter
1378 4449 1598 4516 eroget?
1647 4449 1725 4503 vel
1759 4449 1802 4502 si

234 4531 446 4602 largiter
471 4543 658 4604 eroget
680 4575 694 4598 ,
725 4535 819 4590 sed
849 4551 1015 4605 rapax
1062 4546 1116 4592 et
1146 4537 1408 4592 violentus
1446 4538 1556 4591 sit?
1579 4537 1660 4592 vel
1687 4539 1730 4590 si
1761 4538 1810 4592 id

233 4621 388 4681 faciat
423 4624 489 4678 ad
536 4627 949 4684 ostentationem
992 4635 1047 4682 et
1100 4643 1285 4683 vanam
1327 4627 1594 4700 gloriam?
1641 4629 1721 4684 vel
1766 4631 1809 4682 si

238 4725 420 4785 eroget
459 4715 672 4785 quidem
711 4725 960 4773 accurate
984 4761 1000 4784 ,
1047 4727 1102 4773 et
1139 4721 1206 4773 ad
1255 4720 1501 4788 placitum
1547 4718 1679 4784 Dei,
1716 4718 1809 4774 scd

233 4803 352 4860 inde
398 4819 517 4861 sese
555 4807 778 4862 extollat
822 4817 877 4866 et
923 4808 1090 4863 altum
1133 4810 1346 4879 sapiat?
1384 4811 1467 4865 vel
1513 4811 1555 4865 si
1597 4811 1812 4866 humilis

294 4942 306 4975 ι
343 4941 539 5000 Quidam
561 4943 760 5003 habent,
792 4943 1010 5008 Spiritus,
1038 4959 1139 5008 pro,
1169 4945 1341 4996 Patris.

1289 322 1350 378 IN
1387 319 1696 380 JOANNEM
1736 319 1964 377 IIOMIL.
2004 321 2140 378 XLI.
2181 325 2252 380 al.
2297 324 2401 381 XL.

3432 340 3534 395 27$

1958 435 2171 504 quidem
2212 439 2280 492 sit
2309 448 2358 492 ct
2382 439 2598 509 jejuniis
2642 457 2700 496 se
2727 453 2969 498 exerceat
2995 485 3007 506 ,
3037 459 3227 502 avarus
3276 457 3449 504 tamen
3479 462 3532 506 et

1959 533 2231 584 usurarius
2265 541 2318 585 et
2353 536 2578 588 terrenis
2605 535 2868 602 addictus,
2901 549 3231 611 matremque
3261 544 3519 600 malorum

1954 622 2194 676 omnium
2226 624 2277 676 in
2310 625 2541 679 animam
2584 643 2733 683 suam
2766 630 3020 685 inducat?
3045 636 3276 689 Avaritia
3305 651 3533 708 namque

1957 711 2106 764 radix
2151 714 2386 768 omnium
2428 717 2688 771 malorum
2715 730 2814 773 est.
2865 722 3007 777 lianc
3038 722 3402 794 formidemus,
3433 731 3532 784 hoc

1957 799 2218 869 fugiamus
2258 814 2554 873 peccatum.
2589 806 2712 861 lltrc
2742 809 2925 864 orbem
2969 822 3226 869 terrarum
3251 818 3528 885 subvertit,

1957 889 2070 946 haec
2095 893 2272 947 cnsilia
2319 896 2564 958 miscuit,
2597 897 2710 952 haec
2739 914 2768 951 a
2802 900 3104 954 beatissima
3133 905 3327 960 Chrisd
3359 911 3531 961 servi-

1957 990 2066 1036 tute
2091 998 2188 1037 nos
2216 983 2430 1039 abducit
2460 1003 2472 1038 :
2508 985 2626 1040 Non
2654 990 2856 1056 potestis
2882 1032 2895 1052 ,
2926 991 3112 1060 inquit,
3152 994 3254 1048 Deo
3283 999 3465 1051 servire
3485 1011 3530 1051 et

1954 1087 2220 1138 vicinante,
2268 1075 2355 1144 qui
2405 1074 2617 1132 Christo
2653 1081 2920 1134 contraria
2980 1085 3233 1152 prmcipit.
3285 1087 3528 1142 Christus

1952 1162 2146 1230 quippe
2176 1165 2322 1227 dicit,
2351 1165 2420 1218 Da
2451 1167 2810 1237 indigentibus
2835 1186 2848 1234 ;
2879 1171 2987 1233 ille,
3017 1172 3164 1243 Rape
3193 1175 3261 1228 ab
3289 1177 3530 1247 indigen-

1955 1253 2112 1308 tibus.
2143 1255 2389 1312 Christus
2419 1259 2564 1322 dicit,
2596 1259 2974 1316 lnsidiantibus
2997 1264 3110 1329 tibi,
3135 1275 3191 1320 et
3211 1266 3529 1325 lzedentibus

1953 1350 2004 1396 te
2033 1343 2096 1397 da
2126 1347 2330 1399 veniam
2357 1365 2370 1399 :
2400 1348 2484 1402 hic
2504 1359 2710 1413 contra,
2742 1353 2980 1420 Laqueus
3013 1369 3136 1422 para
3155 1355 3412 1412 adversus
3434 1375 3530 1414 eos

1952 1435 2122 1502 quite
2163 1436 2292 1490 nihil
2344 1438 2614 1493 hcserunt.
2671 1442 2916 1497 Christus
2959 1442 3107 1508 dicit,
3159 1445 3425 1517 Benignus
3471 1460 3526 1505 et

1951 1538 2255 1581 mansuetus
2306 1538 2456 1593 esto;
2511 1531 2594 1585 hic
2639 1548 2668 1585 c
2711 1535 3016 1596 eontrario,
3048 1535 3289 1593 Crudelis
3331 1551 3446 1594 esto
3474 1552 3528 1595 et

1954 1615 2292 1681 inhumanus,
2316 1628 2369 1673 et
2395 1620 2522 1676 nihil
2554 1637 2672 1676 esse
2719 1623 3018 1678 existimato
3046 1625 3306 1697 lacrymas
3330 1644 3528 1699 paupe-

1949 1720 2100 1769 rum;
2132 1717 2187 1760 ut
2215 1711 2265 1760 iu
2294 1709 2380 1762 illa
2407 1709 2496 1764 die
2512 1726 2757 1766 severum
2786 1715 2938 1767 nobis
2959 1719 3248 1772 constituat
3263 1720 3525 1788 judicent.

1949 1794 2097 1850 Tunc
2125 1797 2266 1850 enim
2295 1799 2446 1854 nobis
2472 1803 2650 1857 omnia
2677 1843 2692 1868 ,
2743 1819 2863 1873 quae
2905 1804 3127 1860 fecimus
3145 1849 3159 1871 ,
3193 1821 3316 1865 ante
3342 1814 3528 1868 oculos

1947 1887 2329 1952 versabuntur,
2363 1889 2581 1960 lit-sique
2624 1892 2698 1948 illi
2748 1904 2802 1948 et
2845 1895 3025 1950 nudati
3063 1913 3091 1948 a
3124 1899 3278 1954 nobis
3307 1915 3522 1957 omnem

1946 1977 2100 2029 nobis
2125 1978 2490 2034 defensionem
2520 1983 2891 2040 intercludant.
2922 1986 2976 2040 Si
3000 1989 3141 2044 enim
3172 1988 3406 2048 Lazarus
3430 1995 3522 2064 qui

1944 2066 2075 2122 nihil
2125 2068 2282 2124 laesus
2318 2070 2487 2126 fuerat
2514 2088 2544 2127 a
2571 2074 2734 2129 divite
2755 2116 2769 2140 ,
2807 2076 2900 2131 Sed
2933 2079 3131 2134 nullam
3175 2083 3244 2137 ab
3271 2099 3337 2139 eo
3367 2101 3522 2154 opem

1943 2169 2242 2227 acceperat,
2269 2162 2489 2217 acerbus
2511 2164 2626 2232 ejus
2653 2176 2930 2221 accusator
2955 2172 3180 2237 exstitit,
3209 2189 3308 2229 nec
3329 2179 3525 2244 permi-

1941 2249 2010 2304 sit
2041 2259 2098 2304 ut
2127 2253 2334 2306 veniam
2379 2254 2541 2311 ullam
2585 2270 3001 2328 consequeretur
3042 2280 3054 2314 :
3087 2278 3270 2333 quam,
3298 2283 3479 2337 quaeso
3499 2312 3515 2338 ,

1939 2340 2306 2398 defensionem
2337 2343 2644 2412 habebunt,
2696 2349 2782 2418 qui
2827 2350 3000 2406 aliena
3049 2354 3280 2422 rapiunt,
3323 2360 3517 2417 nedum

1938 2431 2336 2502 elcemosyuam
2381 2445 2633 2505 erogcnt,
2683 2439 3108 2510 pupillorumquc
3145 2443 3333 2500 domos
3357 2464 3520 2504 ever—

1941 2520 2095 2574 tunt?
2149 2521 2203 2575 Si
2244 2521 2319 2576 illi
2346 2525 2433 2593 qui
2480 2523 2745 2582 Christum
2791 2531 3110 2587 esurientem
3161 2549 3264 2588 non
3313 2541 3520 2594 nutrie-

1936 2620 2085 2674 runt,
2125 2621 2325 2668 tantum
2370 2615 2544 2684 ignem
2573 2617 2626 2670 in
2660 2630 2813 2687 caput
2841 2635 2992 2676 suum
3021 2632 3352 2682 attraxerant
3381 2647 3392 2681 :
3423 2634 3512 2700 qui

1935 2697 2106 2754 aliena
2132 2702 2364 2769 rapiunt,
2396 2706 2543 2760 mille
2568 2706 2685 2761 lites
2725 2719 2938 2764 movent
2959 2751 2974 2775 ,
3003 2714 3348 2786 onniiumquc
3377 2697 3512 2776 bona

1933 2791 2035 2844 sibi
2051 2793 2380 2861 adscribunt,
2409 2812 2513 2864 qua
2531 2801 2898 2856 consolatione
2919 2803 3198 2861 fruentur?
3217 2808 3360 2866 Hauc
3382 2829 3511 2883 ergo

1932 2884 2273 2953 cupiditatem
2303 2887 2600 2956 ejiciamus.
2648 2891 2934 2961 Ejiciemus
2963 2905 3140 2957 autem
3167 2940 3184 2966 ,
3217 2903 3259 2956 si
3305 2906 3504 2974 cogite-

1931 2990 2050 3030 mus
2071 2976 2296 3044 injustos
2320 2977 2566 3034 homines
2594 2990 2649 3036 et
2685 2997 2876 3038 avaros
2902 2987 2992 3056 qui
3019 2997 3140 3044 ante
3165 3006 3264 3046 nos
3294 2992 3508 3052 fuerunt

1930 3074 1984 3118 et
2009 3066 2274 3121 obierunt.
2309 3069 2501 3124 Annon
2551 3071 2638 3124 alii
2668 3087 2852 3130 eorum
2885 3081 3121 3144 pecuniis
3151 3090 3206 3136 et
3236 3084 3507 3144 laboribus

1929 3153 2192 3222 fruuntur,
2218 3158 2314 3226 ipsi
2343 3161 2602 3230 supplicio
2627 3205 2640 3225 ,
2667 3165 2902 3220 cruciatu
2949 3176 3003 3223 et
3028 3171 3178 3224 tnalis
3205 3172 3509 3231 intolerabi-

1928 3245 2069 3300 libus
2102 3248 2444 3315 plectuutur?
2470 3255 2662 3307 Annon
2701 3265 2958 3311 extrema:
2997 3258 3282 3316 dementia:
3309 3264 3504 3333 fuerit,

1927 3334 1978 3388 in
2006 3336 2364 3393 sollicitudine
2389 3350 2444 3394 et
2477 3342 2732 3396 :cnttnnis
2760 3348 2980 3410 versari,
3013 3357 3068 3402 ut
3107 3359 3160 3404 et
3190 3352 3240 3406 in
3275 3352 3370 3409 hac
3401 3358 3505 3412 vita

1927 3424 2195 3480 laboribus
2224 3435 2546 3494 atteramur,
2581 3439 2634 3485 et
2687 3431 2809 3488 hinc
2838 3435 3123 3505 migrantes
3153 3442 3505 3505 intolerabili-

1926 3513 2024 3568 bus
2082 3527 2424 3587 torqueamur
2474 3522 2751 3592 suppliciis
2810 3533 2968 3595 atque
3017 3528 3323 3600 laboribus,
3381 3553 3501 3591 cum

1923 3615 2197 3674 oporteret
2221 3618 2276 3662 et
2301 3609 2386 3663 hic
2414 3611 2464 3664 in
2496 3612 2700 3666 deliciis
2737 3615 2915 3671 vivere
2941 3617 3094 3684 (nihil
3125 3623 3268 3677 enim
3300 3633 3499 3682 tantam

1925 3696 2247 3764 voluptatem
2282 3701 2452 3766 parit,
2483 3713 2736 3771 quantam
2766 3707 3100 3781 elcemosyna
3125 3755 3139 3776 ,
3167 3717 3490 3774 conscientia

1923 3801 2050 3854 pura
2075 3788 2089 3818 ¹
2116 3785 2160 3860 ),
2187 3798 2239 3844 et
2263 3789 2543 3847 defunctos
2569 3795 2636 3848 ab
2654 3796 2898 3852 omnibus
2917 3801 3032 3855 erui
3061 3804 3231 3871 malis,
3256 3816 3309 3864 et
3340 3809 3500 3866 innu-

1919 3894 2064 3934 mera
2094 3885 2346 3953 consequi
2367 3884 2505 3940 bona
2527 3887 2550 3941 ?
2576 3887 2722 3944 Sicut
2742 3891 2883 3945 enim
2910 3895 3163 3964 nequitia,
3187 3900 3349 3954 etiam
3371 3915 3497 3960 ante

1917 3971 2216 4042 gehennam
2237 4015 2252 4039 ,
2285 3991 2380 4030 eos
2409 3979 2498 4047 qui
2530 3979 2674 4035 illam
2718 3994 2970 4038 exercent
2998 3990 3258 4056 supplicio
3288 3993 3499 4051 afﬁcere
3553 4045 3568 4058 ,

1917 4063 2055 4118 solet
2085 4082 2096 4116 :
2124 4065 2202 4120 sic
2228 4075 2281 4121 et
2311 4067 2511 4132 virtus,
2535 4071 2695 4124 etiam
2726 4083 2852 4127 ante
2872 4089 3092 4144 regnum
3115 4118 3131 4142 ,
3165 4079 3306 4133 illam
3337 4099 3497 4138 exer-

1916 4153 2161 4207 cautibus
2181 4155 2403 4209 delicias
2427 4168 2598 4225 parat,
2644 4159 2783 4214 bona
2815 4177 2908 4230 3pc
2935 4205 2950 4227 ,
2982 4167 3198 4232 perenni
3231 4171 3499 4240 voluptate

1921 4244 2075 4296 vitam
2105 4241 2367 4298 afficiens.
2393 4245 2460 4299 Ut
2481 4245 2616 4301 hanc
2638 4247 2814 4318 itaque
2842 4261 2897 4306 et
2927 4251 3012 4307 hic
3034 4262 3088 4306 ct
3113 4256 3164 4309 in
3192 4259 3366 4314 futura
3390 4263 3494 4317 vita

1915 4346 2322 4400 consequamur,
2353 4335 2504 4389 bonis
2534 4336 2900 4394 incumbamus
2929 4343 3198 4411 operibus.
3228 4346 3317 4403 Sic
3345 4353 3492 4407 enim

1915 4431 1968 4476 et
1994 4422 2195 4477 futuras
2221 4425 2576 4494 adipiscemur
2613 4442 2872 4495 coronas;
2899 4448 3032 4502 quas
3062 4436 3261 4494 utinam
3288 4456 3486 4498 conse-

1917 4531 2142 4584 quamur
2185 4532 2374 4572 omnes
2413 4521 2583 4588 gratia
2622 4531 2678 4576 et
2725 4521 3049 4594 benignitate
3089 4529 3296 4587 Domini
3326 4539 3495 4591 nostri

1915 4605 2044 4659 Jcsu
2071 4605 2291 4673 Christi,
2319 4625 2410 4678 per
2434 4626 2591 4679 quem
2617 4621 2670 4667 et
2695 4628 2815 4670 cum
2844 4633 2949 4686 quo
2975 4619 3114 4674 l’atri
3144 4623 3333 4691 gloria.
3367 4642 3500 4682 tuta-

1917 4713 2020 4767 que
2051 4697 2273 4768 Spiritui
2295 4712 2499 4768 sancto,
2525 4720 2663 4760 nunc
2689 4715 2744 4761 et
2767 4722 2994 4780 semper,
3021 4715 3146 4768 etin
3169 4718 3365 4774 saecula
3388 4735 3494 4776 sae-

1917 4791 2179 4845 culorum.
2213 4795 2402 4846 Amen.

1981 4885 1995 4914 ι
2022 4881 2183 4958 savii.
2192 4883 2301 4958 loco
2326 4881 2515 4958 illorum
2533 4895 2796 4958 ,quantant
2838 4891 3136 4958 eleemosyna
3155 4931 3169 4955 ,
3204 4900 3496 4953 conscientia

1917 4957 2058 5007 puro,
2086 4943 2224 5026 legit,
2249 4951 2476 5007 quantum
2497 4943 2811 5011 eleeiiiosyitw
2831 4943 3367 5016 erogtitwat‘oitscientia:

2253 5045 3481 5080 ._._______________

1573 5121 1918 5184 HOMILIA
1985 5119 2152 5181 XLI.

223 5243 312 5297 39.
365 5243 680 5300 Scrutamini
713 5246 1038 5310 Scriptores,
1079 5247 1195 5314 quia
1237 5260 1321 5297 ros
1367 5247 1549 5314 putatis
1593 5246 1644 5297 in
1683 5245 1806 5310 ipsis

293 5336 443 5389 citant
473 5347 716 5390 wternam
743 5335 924 5389 habere
956 5352 972 5388 :
1001 5346 1044 5389 et
1070 5337 1173 5388 illa:
1193 5346 1307 5387 sunt
1334 5352 1444 5404 qua:
1474 5335 1808 5387 testimonium

289 5426 552 5494 perhibent
583 5425 647 5479 de
677 5442 755 5478 me
783 5441 800 5480 :
829 5425 915 5480 40.
942 5435 1107 5478 etnon
1133 5425 1280 5478 vultis
1313 5425 1476 5478 uenire
1526 5423 1592 5476 ad
1621 5439 1714 5488 me,
1755 5433 1807 5474 nt

284 5519 441 5570 vitam
470 5528 722 5569 wternant
749 5517 994 5570 habeatis.

291 5609 341 5662 1.
373 5608 471 5661 Res
486 5605 779 5676 spiri'tuales
803 5608 948 5659 multi
964 5608 1227 5676 faciendus.
1262 5608 1550 5676 Scriplttt'as
1575 5623 1671 5658 non
1691 5621 1800 5673 per-

210 5697 466 5763 [imrtcric
523 5700 810 5772 legendum,
870 5702 1146 5767 prtvscrtim
1188 5701 1237 5752 in
1278 5699 1398 5751 locis
1449 5699 1514 5750 ad
1549 5698 1801 5752 Christum

1911 5241 2284 5312 pertinentibus.
2329 5244 2555 5301 Christus
2599 5255 2932 5320 pertinaciam
2978 5255 3281 5311 Judteoritm
3319 5261 3492 5316 redar-

1912 5337 2035 5405 guit,
2067 5341 2337 5391 maximam
2369 5339 2611 5395 adhibens
2651 5347 2972 5412 prudentiam
3009 5349 3381 5420 maximamque
3401 5371 3491 5407 aro

1914 5436 2258 5495 gumentorum
2290 5430 2386 5482 vim
2408 5445 2428 5494 ;
2457 5433 2683 5496 praedicit
2705 5436 2840 5504 ipsos
2866 5438 3230 5492 Antichristunt
3258 5453 3492 5510 receptu-

1914 5518 2355 5589 ros—Magnam,
2391 5519 2589 5584 dileCti,
2625 5522 2691 5576 dc
2718 5526 3080 5592 Spiritualibus
3108 5530 3369 5585 rationem
3403 5533 3494 5586 ha-

1928 5612 2178 5674 beamus,
2221 5626 2388 5678 neque
2419 5621 2592 5664 tamen
2648 5615 2798 5666 nobis
2849 5615 2912 5668 ad
2945 5617 3164 5672 salutem
3217 5623 3345 5674 satis
3377 5639 3493 5679 esse

1921 5713 2183 5769 putemus,
2209 5703 2249 5753 si
2282 5717 2343 5753 ea
2369 5711 2652 5769 utcumque
2685 5711 2991 5760 tractemus.
3016 5707 3152 5763 Nam
3174 5713 3217 5763 si
3251 5710 3301 5762 iu
3330 5727 3499 5765 sarcu-
