4104 6156
497 295 604 353 255

504 431 706 486 laribus
741 425 900 482 rebus
948 437 1106 478 nemo
1151 435 1400 490 magnum
1443 413 1715 486 quidpiam
1744 410 1940 466 lucrari
1986 407 2083 462 de-

510 517 859 588 prehenditur
885 555 901 583 ,
949 514 995 568 si
1042 512 1217 567 obiter
1259 519 1310 565 et
1345 505 1700 577 perfunctorie
1727 509 1879 572 agat,
1920 499 2088 552 multo

512 609 679 679 magis
707 608 757 660 in
786 603 1147 675 spiritualibus
1182 599 1343 654 rebus
1369 596 1420 651 id
1447 593 1675 657 eveniet,
1707 591 1830 660 quia
1861 589 1943 640 hic
1973 600 2086 639 ma-

503 673 625 768 jori
647 711 782 768 opus
816 673 1015 750 habent
1041 690 1332 762 diligentia.
1367 688 1491 742 Ideo
1508 683 1754 740 Christus
1777 679 1993 734 Indicos
2022 673 2090 729 ad

505 790 809 858 Scripturas
849 783 1161 847 remittens,
1210 795 1314 834 non
1345 777 1411 831 ad
1459 775 1753 844 simplicem
1784 769 2088 832 lectionem,

511 880 607 935 sed
635 878 700 933 ad
730 883 1040 932 accuratum
1067 887 1290 928 examen
1320 870 1440 923 illos
1464 865 1710 922 remittit.
1737 862 1924 931 Neque
1945 858 2091 914 enim

510 971 666 1036 dixit,
698 968 880 1036 Legite
899 965 1242 1034 Scripturas;
1277 960 1369 1014 sed
1397 1002 1410 1024 ,
1438 955 1749 1013 Scrutamini
1775 951 2090 1021 Scripturas.

509 1063 644 1130 Quia
673 1075 734 1115 ea
761 1100 775 1125 ,
803 1073 923 1128 quae
949 1055 1017 1111 de
1061 1055 1178 1124 ipso
1207 1052 1279 1107 ibi
1309 1050 1558 1107 dicuntur
1579 1088 1595 1112 ,
1639 1044 1806 1100 multa
1836 1055 1972 1110 opus
1999 1039 2097 1092 ha-

513 1129 642 1210 bent
665 1148 1074 1219 investigatione
1097 1145 1222 1215 (sub
1249 1143 1438 1197 umbra
1460 1140 1605 1194 enim
1634 1134 1861 1207 quadam
1890 1129 2096 1186 occulta

510 1243 784 1300 veteribus
808 1237 1036 1309 erant),
1077 1235 1199 1290 ideo
1250 1233 1371 1287 illos
1413 1235 1666 1285 accurate
1715 1225 1898 1280 fodere
1925 1222 2094 1292 jubet,

513 1343 573 1388 ut
601 1335 653 1388 in
684 1327 945 1401 profundo
1001 1325 1171 1395 posita
1209 1323 1448 1393 reperire
1497 1317 1722 1389 possint.
1752 1315 1933 1382 Neque
1955 1311 2097 1367 enim

515 1429 568 1482 in
597 1421 882 1493 superficie
911 1417 996 1472 vel
1027 1417 1080 1470 in
1119 1423 1412 1484 conspectu
1436 1411 1620 1480 jaceat
1640 1449 1655 1472 ,
1685 1406 1780 1461 sed
1811 1403 1964 1475 quasi
1993 1401 2101 1456 the-

514 1529 706 1570 sata-us
734 1509 993 1581 quispiam
1025 1504 1287 1575 profunde
1332 1500 1619 1555 admodum
1647 1494 1918 1552 recondita
1953 1499 2097 1546 sunt.

516 1609 619 1676 Qui
666 1617 794 1660 vero
825 1598 1090 1671 profunde
1120 1596 1289 1666 posita
1331 1593 1522 1664 quierit
1551 1631 1564 1654 ,
1597 1589 1700 1644 nisi
1731 1602 1850 1642 cum
1878 1583 2104 1654 diligen-

516 1700 589 1752 tia
609 1704 662 1752 et
691 1693 875 1749 labore
899 1699 1125 1761 quierat,
1150 1700 1439 1756 numquam
1467 1681 1610 1754 quod
1627 1679 1820 1750 quierit
1844 1678 2098 1733 inveniet.

516 1790 643 1844 Ideo
693 1792 973 1856 postquam
1002 1781 1160 1844 dixit,
1193 1774 1506 1833 Scrutamini
1547 1772 1866 1840 Scripturas,
1901 1767 2099 1832 intulit,

519 1879 655 1946 Quia
680 1893 766 1931 vos
797 1873 986 1945 putatis
1026 1872 1080 1924 in
1127 1869 1254 1939 ipsis
1279 1869 1431 1921 vitam
1469 1873 1712 1919 wternam
1757 1861 1959 1915 habere.
1987 1857 2103 1913 Non

517 1969 673 2030 dixit.
703 1965 924 2020 Habetis
949 2003 966 2030 ,
998 1961 1092 2016 sed
1146 1959 1346 2013 Putatis
1385 1957 1602 2022 habere,
1634 1953 1926 2009 ostendens
1961 1951 2107 2020 ipsos

521 2061 658 2115 nihil
705 2071 954 2128 magnum
983 2053 1176 2108 lucrari
1201 2093 1217 2117 ,
1253 2050 1380 2104 dum
1409 2054 1661 2118 putarent
1690 2060 1750 2101 se
1776 2059 1841 2099 ex
1870 2043 1985 2098 sola
2027 2042 2104 2096 le-

515 2153 690 2209 ctione
711 2150 826 2205 sine
854 2147 958 2202 fide
982 2159 1140 2216 posse
1155 2143 1378 2197 salutem
1400 2137 1676 2208 consequi.
1709 2136 1787 2191 Ac
1807 2135 1853 2191 si
1884 2133 2106 2196 diceret,

519 2223 711 2298 Annon
744 2238 1011 2293 miramini
1042 2233 1391 2303 Scripturas‘l
1417 2243 1595 2284 annon
1629 2227 1753 2281 vita:
1776 2225 1954 2280 fontes
1990 2238 2111 2279 esse

520 2329 891 2388 arbitramini?
924 2327 1018 2381 llis
1043 2326 1152 2396 jam
1184 2323 1328 2377 nitor
1357 2330 1411 2376 et
1452 2335 1573 2390 ego.
1602 2319 1694 2372 lla:
1721 2330 1952 2385 namque
1989 2320 2114 2368 sunt

521 2440 644 2495 qua:
671 2418 1036 2478 testimonium
1068 2414 1357 2486 perhibent
1390 2411 1459 2467 de
1483 2425 1569 2464 me
1590 2451 1605 2476 ,
1637 2417 1691 2463 ct
1731 2421 1839 2460 non
1864 2405 2019 2459 vultis
2046 2403 2112 2458 ad

523 2533 613 2573 tne
628 2515 811 2570 venire
829 2553 843 2579 ,
874 2522 934 2584 ut
947 2510 1106 2564 vitam
1131 2514 1386 2560 mternam
1408 2501 1667 2557 habeatis.
1685 2499 1712 2555 J
1720 2513 1812 2554 ure
1824 2513 1950 2568 ergo
1970 2496 2117 2550 dicc-

525 2609 636 2672 bat,
671 2603 768 2658 Vos
798 2602 986 2673 putatis
1009 2641 1024 2665 ,
1055 2596 1200 2668 quod
1225 2595 1428 2649 nollent
1454 2592 1555 2662 ipsi
1593 2591 1998 2660 obtemperare,
2022 2586 2116 2642 sed

528 2701 596 2754 de
622 2694 847 2767 simplici
880 2692 1108 2748 lectione
1137 2687 1511 2759 gloriarentur.
1539 2681 1741 2738 Deinde
1773 2695 1840 2736 ne
1859 2695 1924 2735 ex
1956 2679 2116 2733 nimia

530 2807 659 2846 cura
685 2791 738 2843 in
765 2802 914 2842 vana:
939 2784 1121 2856 gloria:
1147 2779 1506 2850 suspicionem
1543 2776 1790 2840 veniret,
1821 2787 1956 2828 neve
1977 2770 2119 2842 quod

533 2883 743 2936 illorum
795 2876 951 2931 fidem
1002 2874 1287 2943 exigeret,
1331 2875 1607 2939 putaretur
1645 2880 1765 2936 qua:
1814 2879 1908 2918 sua
1966 2868 2122 2917 erant

533 2982 728 3026 eum
747 2964 905 3039 (nam
927 2961 1216 3021 etloannis
1232 2973 1438 3024 vocem,
1462 2967 1516 3010 et
1542 2956 1632 3009 Dei
1658 2951 2042 3016 testimonium,
2068 2958 2124 3007 et

537 3075 702 3131 opera
748 3073 842 3113 sua
883 3055 1419 3114 commutent,
1462 3047 1732 3114 vitamque
1770 3043 2121 3112 promiserat;

541 3151 648 3206 illis
663 3149 912 3204 omnibus
925 3158 1073 3214 usus,
1087 3150 1146 3196 ut
1159 3154 1254 3197 eos
1265 3139 1332 3194 ad
1347 3153 1410 3193 se
1421 3136 1704 3204 alliceret):
1726 3139 1870 3207 quia,
1889 3134 2122 3202 inquam,

541 3238 801 3294 credibile
829 3244 948 3291 erat
967 3231 1165 3287 multos
1194 3230 1560 3298 snspicaturos
1580 3239 1702 3280 esse
1731 3223 1876 3292 quod
1903 3223 2128 3293 gloriam

542 3336 824 3401 captaret,
853 3324 977 3381 audi
998 3321 1125 3394 quid
1160 3320 1376 3391 adjiciat
1404 3336 1418 3374 :
1446 3318 1534 3373 41.
1571 3316 1800 3371 Gloriam
1826 3315 1888 3368 ab
1932 3315 2136 3366 homine

545 3441 646 3478 non
673 3420 906 3491 accipio;
939 3417 1040 3471 hoc
1064 3421 1167 3479 est,
1197 3412 1290 3467 llla
1309 3425 1414 3465 non
1440 3422 1592 3478 egeo.
1625 3405 1741 3461 Non
1769 3419 1908 3471 sum,
1938 3403 2126 3473 inquit,

554 3516 675 3570 talis
707 3524 932 3575 naturai,
963 3517 1021 3563 ut
1051 3506 1322 3561 hominum
1354 3503 1522 3573 gloria
1553 3514 1687 3571 opus
1712 3498 1936 3553 habeam
1960 3538 1974 3561 ,
1998 3495 2130 3551 Nam

551 3607 598 3660 si
628 3603 709 3659 sol
757 3617 786 3657 a
833 3601 1048 3655 lucerna
1095 3595 1235 3651 lucis
1277 3593 1698 3647 additamentum
1747 3604 1850 3643 non
1901 3586 2131 3657 accipit,

561 3695 730 3748 multo
771 3692 948 3746 minus
983 3703 1084 3759 ego
1113 3687 1342 3740 humana
1369 3683 1540 3753 egeho
1589 3682 1778 3750 gloria.
1809 3680 1874 3734 Et
1901 3694 1997 3733 cur
2021 3677 2137 3732 hinc

551 3787 706 3848 dicis,
730 3785 775 3839 si
804 3799 909 3838 non
939 3781 1138 3852 egeas?
1168 3779 1238 3834 Ut
1277 3792 1372 3830 vos
1399 3775 1533 3831 salvi
1565 3775 1702 3828 sitis.
1732 3772 1866 3827 illud
1897 3785 2024 3826 vero
2050 3785 2140 3824 su-

554 3892 651 3949 pra
679 3876 908 3937 dixerat,
936 3881 990 3926 et
1013 3871 1099 3924 hic
1131 3865 1493 3924 subindicavit
1522 3865 1606 3918 his
1634 3863 1831 3927 verbis,
1881 3861 1948 3916 Ut
1986 3863 2140 3915 vitam

486 4015 500 4032 .
555 3967 803 4024 habeatis.
849 3958 1019 4019 Ail‘ert
1060 3969 1116 4016 ct
1155 3959 1314 4014 aliam
1353 3972 1588 4014 causam.
1634 3955 1849 4023 Quam?
1898 3953 1987 4009 42.
2035 3953 2141 4009 Sed

555 4057 764 4131 cognovi
792 4071 898 4120 vos,
929 4053 1050 4124 quia
1077 4049 1401 4105 dilectionem
1429 4046 1525 4102 Dei
1561 4062 1663 4100 non
1693 4045 1885 4100 habetis
1909 4044 1963 4098 in
1983 4044 2140 4098 vobis.

558 4155 695 4219 Quia
725 4164 888 4220 strpe,
919 4145 1071 4218 quasi
1125 4144 1290 4198 Deum
1335 4141 1655 4212 diligerent,
1688 4136 2145 4209 persequebantur

558 4257 698 4308 eum,
727 4240 848 4311 quia
875 4237 1134 4308 aequalem
1161 4249 1220 4290 se
1247 4232 1474 4288 faciebat
1503 4232 1633 4297 Deo,
1661 4231 1972 4299 sciebatque
1997 4228 2146 4298 ipsos

564 4348 670 4388 tton
706 4330 808 4386 sibi
839 4328 1138 4384 credituros
1171 4340 1325 4385 esse:
1378 4338 1447 4379 ne
1486 4323 1606 4393 quis
1657 4322 1876 4386 diceret,
1915 4319 2025 4376 Cur
2075 4319 2147 4374 ita

565 4420 838 4492 loqueris?
891 4418 961 4474 Ut
1002 4432 1099 4472 vos
1149 4414 1574 4484 reprehendam,
1620 4413 1810 4482 inquit,
1863 4412 1983 4480 quia
2040 4426 2148 4465 non

567 4524 784 4586 propter
811 4509 1153 4564 dilectionem
1183 4506 1276 4560 Dei
1305 4519 1392 4560 me
1423 4503 1826 4573 persequimini.
1871 4501 2146 4572 Siquidem

568 4607 687 4676 ipse
731 4601 864 4658 mihi
908 4597 1270 4654 testimonium
1306 4595 1549 4665 perbibet
1575 4602 1628 4649 ct
1656 4609 1753 4664 per
1788 4608 1951 4663 opera
1975 4601 2030 4649 et
2056 4608 2152 4663 per

568 4694 892 4763 Scripturas.
941 4689 1092 4742 Sicut
1133 4701 1231 4756 ego
1283 4684 1510 4740 antehac
1567 4699 1687 4738 cum
1743 4684 2002 4752 putaretis
2067 4695 2155 4737 me

573 4782 686 4838 Deo
739 4777 1102 4833 adversarium
1143 4790 1283 4841 esse,
1340 4790 1427 4829 me
1469 4772 1816 4842 expellebatis
1853 4789 1866 4824 :
1897 4773 1966 4826 ita
2013 4787 2155 4828 nunc

573 4891 640 4931 ex
691 4887 799 4944 quo
860 4871 974 4926 hmo
1026 4867 1387 4925 demonstravi
1421 4908 1436 4932 ,
1489 4880 1772 4921 accurrere
1842 4879 1938 4918 vos
1990 4880 2155 4935 opor-

573 4970 758 5034 lebat,
815 4966 861 5021 si
921 4965 1085 5019 Deum
1136 4961 1467 5031 diligcrctis;
1521 4959 1615 5015 sed
1666 4973 1770 5013 non
1809 4956 2157 5028 verediligi-

572 5065 663 5120 tis.
711 5061 838 5116 Ideo
895 5059 1008 5113 hinc
1050 5056 1179 5117 dixi,
1236 5064 1294 5109 ut
1331 5052 1736 5122 comprobarem
1789 5064 1884 5104 vos
1924 5048 2060 5105 fastu
2103 5058 2159 5104 et

570 5152 822 5226 jactantia
867 5148 1012 5216 duci,
1057 5157 1113 5202 et
1151 5144 1399 5200 invidiam
1455 5152 1683 5198 vestram
1726 5141 1996 5211 obtegere.
2050 5139 2157 5196 Ne-

574 5260 678 5316 que
703 5260 769 5299 ex
800 5241 881 5296 his
929 5249 1132 5295 tantttm
1157 5279 1172 5304 ,
1203 5235 1299 5292 sed
1326 5251 1388 5290 ex
1429 5234 1620 5290 futuris
1663 5248 1874 5304 quoque
1919 5231 2022 5287 hoc
2060 5231 2160 5285 ad-

575 5338 765 5401 struit;
795 5349 916 5390 natn
947 5334 1022 5388 ait
1051 5349 1064 5387 :
1089 5331 1179 5387 45.
1224 5328 1335 5400 Ego
1375 5329 1486 5384 veni
1515 5329 1568 5382 in
1604 5327 1805 5381 nomine
1837 5324 2008 5379 Patris
2037 5324 2155 5391 inci,

577 5435 626 5478 et
665 5440 766 5478 non
798 5423 1056 5493 recepistis
1084 5437 1162 5476 me
1187 5436 1206 5475 :
1253 5420 1298 5475 si
1334 5420 1465 5474 alius
1503 5419 1688 5473 venerit
1725 5418 1780 5471 in
1823 5417 2023 5470 nomine
2047 5433 2159 5483 suo,

582 5513 732 5567 illum
759 5515 1032 5583 recipietis.
1074 5513 1260 5569 Viden’
1288 5512 1435 5567 illum
1465 5510 1661 5581 ubique
1680 5509 1859 5564 dicere
1879 5522 1938 5562 se
1966 5507 2032 5561 ad
2061 5508 2164 5562 hoc

582 5603 801 5657 missum
822 5616 964 5668 esse,
991 5613 1044 5656 et
1065 5619 1128 5656 ex
1157 5603 1310 5657 Patre
1325 5601 1582 5672 judicium
1604 5598 1894 5668 accepisse,
1918 5611 2014 5652 nec
2035 5596 2160 5664 quid

580 5708 738 5764 tuisse
791 5709 819 5748 a
864 5691 1180 5761 sctuetispso
1221 5693 1424 5758 facere,
1456 5702 1512 5748 ut
1543 5705 1757 5747 omnem
1810 5688 2159 5759 improbitatis

1202 282 1242 338 S
1293 277 1570 337 JOANNIS
1605 270 2075 332 Cill‘tYSOSTOMI
2115 270 2429 328 ARCHIEP.
2471 269 3002 328 CONSTANTINOP.

3673 270 3778 328 258

2199 423 2383 464 ansam
2429 409 2673 465 resecet?
2722 407 2829 465 Sed
2856 420 3143 479 quemnam
3171 404 3302 462 dicit
3348 405 3402 461 in
3430 419 3530 462 suo
3556 408 3777 477 proprio

2199 501 2416 555 nomine
2445 509 2730 555 venturum
2775 500 2940 557 esse?
2983 498 3373 555 Antichristum
3403 497 3493 554 hic
3535 498 3780 554 subindi-

2197 599 2318 657 cat,
2374 605 2669 659 eorumque
2721 591 3013 662 nequitiam
3069 589 3400 646 ineluctabili
3461 597 3781 659 argumento

2199 683 2550 737 demonstrat.
2580 683 2712 738 Nam
2740 685 2786 739 si
2817 692 3087 754 tamquam
3117 683 3210 737 Dei
3242 690 3513 737 amatores
3541 697 3628 738 me
3658 698 3783 753 pcr-

2199 776 2500 844 sequimini,
2531 777 2700 831 multo
2729 777 2896 847 magis
2923 775 3312 830 Antichristum
3345 773 3593 844 persequi
3621 788 3786 844 Opor-

2200 861 2379 914 tuerit.
2430 861 2523 915 Ille
2570 875 2798 931 namque
2827 859 2961 914 nihil
3007 859 3185 915 simile
3221 859 3478 929 proferet,
3527 873 3701 928 neque
3755 877 3784 914 a

2200 950 2358 1006 Patre
2385 966 2445 1007 se
2485 953 2740 1019 missum,
2787 965 2966 1021 neque
3008 966 3077 1006 ex
3120 950 3238 1020 ejus
3281 952 3554 1007 voluntate
3601 953 3789 1007 venire

2201 1041 2378 1096 dicet:
2407 1041 2502 1096 sed
2533 1049 2743 1109 contra,
2777 1056 2839 1095 ea
2863 1040 3141 1112 tyrannice
3178 1041 3350 1110 rapiet
3370 1056 3491 1112 quin
3510 1055 3617 1097 non
3637 1041 3702 1095 ad
3728 1055 3789 1096 se

2203 1132 2508 1203 pertinent,
2540 1147 2704 1202 seque
2731 1131 2891 1187 deum
2923 1132 3293 1186 universorum
3325 1133 3683 1202 protitebitur,
3731 1142 3789 1187 ut

2204 1224 2399 1279 Paulus
2423 1225 2500 1278 ait
2529 1240 2544 1280 :
2570 1224 2742 1293 Supra
2763 1239 2958 1277 onmem
2979 1222 3063 1291 qui
3091 1223 3275 1276 dicitur
3298 1221 3441 1278 Deus
3470 1232 3559 1276 aut
3579 1225 3784 1288 colitur,

2203 1315 2469 1368 ostendens
2507 1331 2560 1368 se
2589 1325 2844 1384 tamquam
2867 1313 2932 1367 sit
2967 1312 3110 1366 Deus
3131 1311 3205 1384 (2.
3243 1312 3421 1367 Thess.
3449 1313 3506 1367 2.
3556 1315 3644 1383 4).
3675 1315 3790 1369 lloc

2203 1404 2348 1459 enim
2380 1413 2462 1460 est
2491 1405 2542 1458 in
2563 1405 2777 1474 prOprio
2800 1404 3014 1458 nomine
3043 1404 3244 1458 venire.
3268 1405 3381 1473 Ego
3406 1419 3537 1459 vero
3558 1423 3663 1459 non
3688 1407 3786 1471 sic,

2205 1493 2301 1548 sed
2330 1494 2382 1548 in
2432 1496 2648 1550 nomine
2677 1495 2850 1549 Patris
2876 1494 2979 1548 mei
3011 1493 3224 1548 adveni.
3278 1493 3373 1549 Vel
3406 1493 3531 1549 hinc
3577 1495 3787 1549 ostendi

2207 1593 2415 1654 poterat
2441 1585 2585 1655 ipsos
2613 1602 2717 1640 non
2761 1601 2944 1641 amare
2980 1587 3146 1641 Deum
3172 1625 3188 1653 ,
3219 1586 3362 1656 quod
3393 1587 3564 1652 illum,
3607 1587 3697 1656 qni
3729 1603 3788 1641 se

2207 1679 2487 1734 diceretab
2509 1679 2599 1732 illo
2633 1679 2876 1743 missum,
2916 1693 3021 1733 non
3066 1679 3365 1748 reciperent
3397 1697 3408 1732 :
3435 1680 3542 1748 jam
3570 1693 3699 1732 vero
3722 1693 3790 1733 ex

2209 1772 2481 1826 contrario
2530 1771 2766 1826 ostendit
2817 1770 3028 1824 illorum
3083 1770 3464 1839 impudentiam
3521 1771 3668 1833 ‘,ex
3725 1785 3794 1825 eo

2209 1865 2351 1936 qttod
2385 1865 2766 1919 Anticltristum
2794 1864 3058 1933 recepturi
3082 1871 3287 1918 essent.
3310 1863 3444 1917 Cum
3469 1863 3612 1917 enim
3643 1878 3791 1928 eum,

2210 1957 2300 2026 qui
2329 1971 2360 2008 a
2393 1956 2502 2010 Deo
2538 1970 2596 2010 se
2616 1955 2840 2009 missum
2863 1955 3094 2021 dicebat,
3131 1970 3237 2009 non
3281 1955 3617 2024 reciperent;
3647 1971 3799 2010 eum-

2212 2059 2316 2114 que
2336 2045 2429 2115 qui
2465 2045 2628 2100 Deum
2658 2061 2762 2098 non
2789 2054 3034 2110 noverat,
3065 2045 3159 2099 sed
3195 2044 3548 2114 jactabundus
3573 2062 3632 2100 se
3676 2048 3798 2100 uni-

2213 2151 2487 2193 versorum
2518 2138 2674 2192 deum
2687 2137 2927 2204 dicebat,
2954 2137 3222 2192 adoraturi
3245 2149 3424 2192 essent
3456 2139 3658 2208 :palam
3687 2148 3802 2192 erat

2213 2245 2281 2286 ex
2307 2231 2502 2285 invidia
2528 2240 2584 2285 et
2612 2246 2678 2286 ex
2699 2231 2790 2285 Dei
2821 2231 2944 2285 odio
2968 2230 3439 2301 persequutionem
3460 2241 3630 2284 ortam
3654 2247 3798 2287 esse.

2217 2322 2341 2378 ideo
2382 2321 2516 2377 duas
2567 2322 2718 2392 ponit
2754 2321 3021 2376 dictorum
3065 2336 3256 2376 causas
3280 2363 3294 2387 ,
3345 2323 3580 2391 priorem
3612 2337 3803 2391 nempe

2219 2415 2365 2469 illam
2392 2431 2515 2485 quae
2543 2415 2727 2468 utilior
2757 2423 2904 2482 erat,
2938 2412 3006 2468 Ut
3031 2414 3158 2468 salvi
3182 2414 3293 2468 sitis
3323 2455 3338 2481 ,
3371 2422 3425 2468 et
3451 2412 3518 2468 Ut
3541 2415 3687 2467 vitam
3710 2414 3803 2466 ha-

2221 2507 2395 2560 beatis.
2419 2506 2550 2574 Quia
2571 2521 2700 2561 vero
2721 2507 2893 2575 ipsum
2917 2504 3122 2559 irrisuri
3143 2513 3319 2570 erant,
3347 2503 3806 2560 vehementiorem

2222 2600 2388 2668 ponit,
2420 2600 2723 2664 declarans,
2756 2599 2799 2652 si
2826 2597 3108 2652 audientes
3149 2613 3255 2651 non
3285 2597 3679 2667 obtemperent,
3714 2611 3808 2666 pro

2222 2707 2372 2748 more
2395 2704 2493 2745 suo
2527 2690 2690 2744 Deum
2719 2689 2912 2758 ubique
2942 2688 3200 2741 facturum
3223 2701 3366 2741 esse.

2293 2784 2348 2838 2.
2391 2782 2586 2837 Paulus
2611 2787 2758 2835 certe
2786 2779 2854 2833 de
2885 2777 3210 2833 Antichristo
3250 2777 3474 2848 loquens
3502 2776 3810 2847 prophetico

2223 2876 2352 2930 dicit
2381 2890 2395 2928 :
2430 2872 2594 2926 Mittet
2621 2871 2725 2925 illis
2746 2869 2885 2923 Deus
2908 2870 3247 2939 Operationem
3267 2867 3474 2934 erroris,
3507 2876 3562 2920 ut
3585 2866 3813 2933 iudicen-

2227 2978 2310 3023 tur
2338 2982 2508 3022 omnes
2533 2965 2618 3033 qui
2647 2980 2746 3018 non
2776 2963 3092 3033 crediderunt
3115 2960 3328 3027 veritati,
3349 2959 3438 3014 sed
3455 2968 3812 3013 consenserunt

2230 3057 2483 3129 iniquitati
2512 3032 2688 3126 (ibid.
2719 3071 2767 3107 υ.
2797 3054 2864 3108 to
2890 3063 2933 3107 et
2967 3053 3025 3107 ll
3051 3032 3093 3122 ἱ.
3121 3052 3366 3107 Christus
3391 3059 3566 3105 autem
3594 3064 3699 3104 non
3729 3049 3813 3103 di-

2230 3150 2303 3203 cit
2329 3159 2449 3202 esse
2475 3155 2793 3209 venturum;
2823 3143 2915 3198 sed
2939 3184 2953 3208 ,
2983 3142 3045 3198 Si
3068 3143 3252 3196 renerit
3268 3181 3284 3206 ,
3311 3138 3640 3195 auditoribus
3665 3153 3722 3194 se
3743 3148 3816 3192 at-

2233 3247 2536 3306 temperans
2555 3277 2571 3303 ,
2601 3235 2722 3306 quia
2751 3233 2986 3288 nondum
3026 3232 3288 3302 completa
3317 3230 3433 3286 erat
3459 3239 3569 3285 tota
3599 3229 3814 3284 illorum

2234 3329 2464 3400 “initia
2491 3346 2503 3381 :
2535 3326 2759 3396 ideoque
2787 3325 2928 3379 illius
2951 3323 3210 3378 adventus
3234 3336 3446 3377 causam
3476 3320 3657 3376 tacuit.
3682 3318 3818 3375 Pau-

2237 3422 2320 3476 lus
2349 3436 2487 3475 vero‘
2523 3415 2936 3488 intelligentibus
2973 3423 3155 3484 aperte
3194 3414 3334 3468 illam
3371 3412 3694 3476 declaravit;
3734 3412 3821 3466 ille

2236 3527 2462 3583 namque
2505 3521 2587 3567 est
2635 3511 2734 3580 qui
2761 3523 2975 3564 metu
3019 3507 3148 3578 ipsis
3190 3505 3360 3562 aufert
3402 3505 3820 3561 excusationem.

2243 3605 2443 3661 Deinde
2465 3601 2848 3658 incredulitatis
2869 3615 3060 3656 eorum
3076 3613 3290 3655 causam
3313 3597 3394 3650 his
3418 3596 3593 3650 verbis
3617 3595 3785 3664 aperit
3807 3611 3820 3648 :

2244 3699 2327 3754 M.
2363 3694 2626 3763 Quomodo
2655 3693 2858 3762 potestis
2894 3706 2982 3744 vos
3010 3689 3242 3751 credere,
3269 3688 3358 3758 qui
3376 3686 3589 3759 gloriam
3619 3686 3824 3740 invicem

2240 3788 2469 3857 accipitis
2487 3829 2502 3853 ,
2533 3795 2580 3840 et
2609 3784 2824 3856 gloriam
2849 3797 2962 3851 qua:
2987 3798 3018 3835 a
3044 3783 3151 3836 solo
3181 3781 3290 3835 Deo
3317 3788 3390 3834 est
3428 3796 3534 3833 non
3566 3777 3827 3849 queritis?

2242 3881 2367 3936 hinc
2406 3880 2596 3936 iterum
2636 3876 2925 3933 ostendens
2964 3889 3060 3930 eos
3102 3889 3207 3929 non
3250 3873 3337 3928 illa
3372 3888 3490 3943 quas
3531 3871 3696 3926 solius
3735 3870 3834 3926 Dei

2245 3979 2398 4027 erant
2424 3978 2668 4040 spectare
2687 4009 2704 4033 ,
2733 3965 2828 4023 sed
2855 3966 2956 4020 hoc
2985 3965 3203 4020 obtentu
3229 3963 3472 4019 eﬂ'cctum
3511 3976 3664 4017 suum
3695 3960 3834 4016 Velle

2248 4063 2405 4118 tueri.
2437 4062 2664 4117 Tantum
2695 4061 2836 4114 enim
2866 4059 3051 4114 aberat
3078 4058 3203 4126 quin
3235 4056 3350 4111 haec
3373 4055 3440 4110 ad
3483 4056 3573 4109 Dei
3609 4055 3832 4124 gloriam

2249 4155 2512 4220 facerent,
2543 4163 2602 4207 ut
2631 4151 2915 4208 humanam
2953 4149 3052 4205 sibi
3081 4148 3254 4219 potius
3279 4162 3438 4216 quam
3467 4145 3705 4200 divinam
3734 4162 3837 4216 op-

2251 4253 2445 4301 tarent.
2473 4243 2753 4312 Quomodo
2777 4258 2905 4314 ergo
2933 4249 3137 4296 tantum
3165 4238 3270 4294 odii
3303 4253 3397 4306 pro
3426 4237 3518 4292 Dei
3545 4237 3716 4307 gloria
3748 4254 3838 4292 su-

2251 4338 2550 4408 sciperent,
2585 4349 2742 4405 quam
2785 4348 2952 4401 usque
2989 4331 3124 4388 adeo
3163 4328 3606 4394 contemnebant,
3646 4337 3704 4382 nt
3735 4327 3836 4381 hu-

2253 4443 2464 4484 manam
2509 4427 2606 4496 ipsi
2651 4422 3015 4481 anteferrent?
3068 4421 3352 4490 Postquam
3404 4429 3580 4474 autem
3629 4417 3839 4472 dixerat

2255 4520 2400 4589 ipsos
2426 4517 2766 4572 dilectionem
2796 4514 2890 4569 Dei
2921 4528 3026 4569 non
3055 4512 3251 4567 habere
3270 4551 3286 4578 ,
3316 4520 3372 4566 et
3399 4510 3592 4580 duplici
3632 4508 3838 4563 ratione

2257 4610 2309 4664 id
2336 4609 2683 4679 probaverat,
2716 4617 2826 4662 tum
2857 4619 2949 4676 per
2975 4619 3039 4660 ea
3067 4619 3186 4675 qua:
3218 4604 3270 4656 in
3301 4617 3361 4657 se
3391 4601 3525 4656 facta
3546 4640 3562 4668 ,
3606 4608 3714 4653 tum
3746 4612 3839 4667 per

2257 4715 2318 4755 ea
2348 4715 2465 4769 qua:
2495 4698 2548 4752 in
2575 4696 2901 4752 Antichristo
2929 4694 3102 4750 futura
3141 4701 3326 4758 erant,
3369 4693 3690 4763 insuperque
3731 4688 3843 4743 cla-

2259 4789 2369 4844 rius
2395 4788 2882 4852 demonstraverat,
2913 4799 3034 4840 esse
3061 4785 3181 4840 illos
3201 4782 3348 4838 onmi
3373 4781 3526 4836 venia
3557 4779 3800 4850 indignos
3825 4795 3839 4833 :

2260 4881 2337 4936 sic
2369 4880 2486 4934 illos
2524 4877 2822 4949 redarguit,
2869 4877 3086 4947 Moysen
3125 4883 3492 4930 accusatorem
3529 4870 3842 4925 adducens:

2261 4973 2350 5029 45.
2385 4969 2561 5025 Nolite
2588 4979 2763 5039 putare
2790 4968 2926 5040 quod
2966 4983 3058 5038 ego
3094 4974 3422 5020 accusaturus
3457 4965 3553 5018 sim
3595 4978 3680 5017 vos
3707 4959 3847 5031 apud

2263 5063 2473 5120 Patrem
2501 5079 2521 5117 :
2551 5073 2621 5118 est
2645 5063 2731 5131 qui
2755 5069 2960 5117 accusat
2988 5076 3075 5114 vos
3104 5058 3340 5128 Moyses,
3382 5058 3437 5111 in
3475 5073 3574 5126 quo
3611 5071 3698 5110 eos
3731 5069 3846 5122 spe-

2263 5159 2432 5213 rastis.
2465 5156 2552 5212 46.
2582 5155 2644 5210 Si
2671 5155 2802 5209 enim
2826 5154 3094 5208 crederetis
3123 5149 3313 5222 Moysi,
3343 5149 3608 5204 crederetis
3636 5147 3851 5218 forsitan

2265 5259 2310 5304 et
2337 5249 2460 5302 mihi
2490 5265 2509 5302 :
2536 5248 2599 5301 de
2623 5264 2700 5300 me
2729 5246 2858 5301 enim
2889 5245 2977 5298 ille
3004 5244 3226 5314 scripsit.
3269 5243 3358 5296 47.
3406 5240 3468 5293 Si
3509 5247 3675 5290 autem
3714 5238 3854 5291 illius

2266 5341 2424 5394 literis
2454 5356 2554 5393 non
2580 5337 2811 5404 creditis,
2841 5334 3094 5406 quomodo
3123 5335 3246 5387 meis
3273 5331 3484 5386 credetis
3518 5327 3676 5382 verbis
3693 5329 3719 5381 ?
3745 5329 3857 5384 Hoc

2266 5439 2378 5496 est,
2408 5432 2546 5484 Ante
2576 5442 2661 5482 me
2687 5426 2773 5482 ille
2801 5425 3125 5482 Contumelia
3153 5423 3383 5477 atticitur
3413 5423 3465 5475 in
3494 5420 3557 5475 iis
3583 5436 3701 5490 qua:
3722 5432 3858 5474 con-

2269 5529 2348 5575 tra
2369 5534 2454 5575 me
2477 5518 2668 5574 facitis.
2695 5517 2862 5589 Moysi
2886 5516 3028 5572 enim
3053 5516 3220 5584 magis
3243 5513 3399 5569 fidem
3423 5513 3674 5583 negastis,
3697 5526 3857 5584 quam

2342 5675 2356 5705 ι
2395 5671 2554 5724 Morel.
2581 5672 2747 5735 habet,
2767 5670 3024 5736 invidiam,
3051 5684 3155 5736 pm,
3179 5669 3545 5736 impudentiam.
