4104 6156
465 250 569 303 239

1171 247 1225 302 S.
1266 242 1539 301 .lO.—\NNiS
1575 237 2042 297 CHRYSOSTOMI
2083 237 2394 298 ARCHIEP.
2437 243 2964 305 LONSTANTINOP.

663 392 2249 416 Μ

3620 256 3652 308 2

3668 256 3724 312 ill

2253 399 3711 428 Μ

1823 484 2169 547 HOMILIA
2213 492 2406 554 XLII.

459 647 584 702 CAP.
627 646 682 701 6.
713 662 764 700 v.
800 648 849 700 1.
896 645 1019 700 Post
1067 646 1173 699 lucc
1218 644 1337 698 abiit
1365 640 1516 694 Jesus
1547 650 1685 693 trans
1711 653 1847 691 mare
1883 635 2031 690 Gali-

525 739 633 791 fwte
661 739 712 791 in
746 747 911 806 partes
937 736 1215 790 Tiberiadis
1235 751 1252 798 ;
1273 735 1324 788 2.
1351 743 1394 787 et
1423 733 1716 803 sequebatur
1751 745 1861 781 eum
1897 728 2029 778 ntul-

522 830 684 883 titudo
707 845 889 899 magna
909 871 921 894 ,
943 829 1064 898 quia
1088 827 1316 880 videbant
1344 825 1490 896 signa
1510 839 1622 891 qua:
1652 822 1862 891 faciebat
1884 835 2032 886 super

524 920 583 973 iis
609 920 694 988 qtti
718 918 1126 986 in/irmabantur.
1157 917 1208 971 5.
1240 917 1374 969 Abiit
1398 932 1514 985 ergo
1537 915 1592 967 in
1617 922 1830 965 montent
1856 909 2027 970 Jesus,

522 1023 568 1066 et
594 1013 661 1065 ibi
683 1013 882 1066 sedebat
909 1029 1023 1065 cum
1052 1010 1314 1087 discipulis
1334 1011 1458 1063 suis.
1487 1009 1541 1064 4.
1568 1007 1692 1061 Erat
1713 1015 1875 1058 autem
1897 1019 2026 1072 pro-

519 1109 712 1159 :t'intunt
744 1104 946 1160 Pascha
970 1103 1290 1159 Judceorum.

520 1199 572 1250 1.
617 1195 750 1251 Cum
779 1196 1034 1266 improbis
1067 1196 1343 1262 noxiisque
1371 1194 1496 1248 viris
1523 1208 1588 1247 ne
1617 1205 1910 1256 versemur,
1941 1189 2026 1242 di-

452 1287 605 1350 lecti;
649 1287 738 1342 sed
777 1285 996 1355 quando
1028 1287 1273 1339 virtutem
1304 1293 1539 1338 nostram
1571 1297 1674 1336 non
1708 1281 1937 1345 laedent,
1970 1279 2022 1333 id

447 1396 711 1442 curemus,
741 1394 804 1432 ne
823 1393 1004 1432 eorum
1028 1375 1234 1430 insidiis
1256 1390 1318 1430 ac
1342 1375 1590 1444 nequitia:
1613 1375 1786 1427 locum
1810 1371 2018 1426 demus.

449 1471 516 1522 ltzt
545 1470 682 1522 enim
711 1469 884 1522 omnis
903 1469 1129 1534 impetus
1157 1466 1435 1534 frangitur.
1468 1466 1544 1518 Ac
1572 1462 2018 1533 quemadmodum

435 1555 610 1621 jztcnla
645 1553 851 1622 quando
892 1550 943 1605 in
970 1552 1162 1606 durum
1201 1549 1515 1618 firmumque
1542 1548 1715 1600 locum
1758 1545 2015 1612 incidunt,

443 1661 632 1713 magno
660 1644 855 1712 impetu
879 1643 930 1697 in
953 1657 1044 1696 eos
1069 1642 1156 1711 qui
1182 1640 1482 1711 iaculantur
1505 1640 1778 1703 resiliunt;
1805 1636 2019 1707 quando

440 1743 617 1788 autem
645 1733 906 1787 violenter
936 1733 1170 1786 immissa
1203 1730 1332 1784 nihil
1361 1730 1548 1784 durum
1575 1738 1629 1784 et
1657 1743 1899 1798 asperum
1930 1742 2019 1782 re-

444 1826 653 1891 periunt
679 1865 691 1890 ,
724 1827 832 1878 cito
862 1823 1113 1878 sedantur
1136 1832 1191 1878 et
1216 1821 1465 1878 desinunt
1495 1840 1508 1876 :
1542 1821 1610 1875 ita
1640 1821 1737 1874 feri
1767 1819 2018 1873 audaces-

439 1933 542 1986 que
566 1916 827 1983 homines,
859 1931 979 1971 cum
1001 1927 1376 1986 repugnamus,
1405 1915 1573 1984 magis
1598 1919 2011 1981 exasperantur;

438 2026 555 2062 cum
595 2024 725 2063 vero
765 2009 1032 2074 cedimus,
1067 2009 1275 2062 illorum
1317 2007 1548 2062 furorem
1591 2006 1697 2060 cito
1742 2003 2011 2058 sedamus.

436 2101 637 2154 Idcirco
663 2099 925 2167 Christus,
958 2115 1078 2154 cum
1108 2099 1382 2154 audissent
1412 2096 1663 2152 Pharisrei
1695 2099 1864 2166 ipsum
1894 2094 2012 2164 plu-

434 2207 521 2246 res
568 2207 724 2262 quam
767 2191 1024 2247 Joannem
1067 2190 1356 2261 discipulos
1398 2189 1681 2259 colligere,
1731 2187 2014 2255 pluresque

433 2285 722 2352 baptizare,
765 2284 910 2339 venit
960 2283 1011 2338 in
1062 2282 1356 2349 Galilteam,
1404 2291 1460 2335 ut
1505 2279 1754 2335 invidiam
1801 2278 2011 2331 illorum

429 2377 820 2448 exstingueret,
853 2385 907 2432 et
943 2376 1176 2432 furorem
1198 2417 1212 2443 ,
1247 2390 1402 2445 quem
1432 2375 1576 2445 ipsos
1605 2387 1673 2427 ex
1703 2385 1766 2426 ea
1796 2384 1855 2424 re
1881 2383 2011 2424 con-

427 2469 632 2536 cepisse
665 2469 952 2524 verisimile
980 2477 1116 2534 erat,
1147 2483 1243 2538 per
1270 2481 1540 2522 secessum
1566 2461 1790 2518 sedavit.
1840 2458 2012 2514 Caete-

424 2578 542 2616 rum
588 2562 639 2616 in
691 2562 961 2617 Galilaeam
1004 2576 1269 2627 reversus,
1308 2575 1413 2614 non
1464 2557 1648 2612 eadem
1688 2553 1798 2608 adit
1843 2551 2000 2608 loca:

429 2667 532 2707 non
561 2654 702 2708 enim
730 2654 780 2708 in
812 2652 954 2707 Cana
987 2653 1164 2715 venit,
1200 2652 1292 2706 sed
1323 2660 1467 2705 trans
1494 2665 1659 2704 mare.
1690 2647 1896 2703 Idcirco
1922 2660 2012 2701 se-

427 2743 725 2810 quebantur
767 2743 914 2796 illum
957 2743 1122 2797 turba:
1167 2742 1368 2806 multa},
1408 2756 1529 2795 cum
1573 2738 1814 2794 viderent
1855 2738 2005 2808 signa

425 2849 545 2902 quae
589 2833 832 2888 faciebat.
885 2833 1012 2903 Qua:
1062 2834 1250 2904 signa?
1297 2849 1392 2889 cur
1439 2833 1524 2887 illa
1567 2848 1671 2886 non
1725 2832 2005 2886 recenset?

426 2925 558 2994 Quia
590 2925 676 2981 hic
697 2927 1018 2998 evangelista
1044 2942 1288 2997 magnam
1314 2926 1434 2980 libri
1457 2926 1536 2978 sui
1563 2933 1766 2993 partem
1792 2924 2006 2978 concio-

426 3020 580 3074 nibus
605 3022 850 3090 replevit.
881 3021 1013 3076 Vide
1034 3036 1260 3090 namque
1285 3017 1554 3088 quomodo
1577 3033 1672 3086 per
1701 3031 1896 3070 annum
1925 3015 2003 3069 in-

415 3119 664 3180 tegrum,
703 3112 811 3166 imo
845 3112 898 3165 in
937 3110 1075 3166 festo
1112 3111 1328 3165 Pascha:
1369 3125 1474 3164 non
1504 3109 1643 3164 aliud
1689 3108 1999 3162 miraculum

425 3212 713 3270 memoret,
739 3219 894 3275 quam
927 3204 1274 3274 paralytieum
1302 3213 1354 3258 et
1385 3204 1548 3256 lilium
1572 3201 1738 3272 reguli
1766 3209 1996 3256 curatos.

423 3295 606 3365 Neque
627 3295 769 3349 enim
797 3295 974 3349 omnia
1006 3281 1222 3350 narrare
1253 3295 1437 3360 voluit,
1469 3294 1519 3348 id
1547 3294 1686 3364 quod
1716 3304 1859 3349 certe
1886 3293 1998 3348 fieri

421 3401 530 3439 non
564 3395 804 3455 poterat;
837 3385 929 3441 sed
970 3401 1034 3441 ex
1077 3387 1262 3441 multis
1291 3387 1601 3456 magnisque
1637 3400 1798 3455 pauca
1843 3385 1996 3440 dixit.

422 3475 487 3528 Et
512 3477 828 3546 sequebatur,
863 3478 1067 3548 inquit,
1097 3494 1209 3531 eum
1240 3479 1387 3531 turba
1413 3479 1570 3531 multa
1587 3519 1600 3543 ,
1624 3479 1743 3549 quia
1769 3477 1999 3531 uidebant

420 3570 562 3639 signa
591 3585 702 3635 qua:
723 3570 956 3639 faciebat.
989 3569 1105 3624 Non
1128 3569 1278 3624 firma
1306 3579 1483 3624 mente
1510 3569 1867 3639 sequebantur
1895 3585 1907 3621 :
1931 3567 1997 3622 ad

422 3671 622 3714 tantam
661 3663 801 3716 enim
847 3662 1142 3716 doctrinam
1171 3679 1234 3717 ex
1265 3663 1429 3732 signis
1462 3663 1635 3731 potius
1673 3660 2000 3716 induceban-

422 3761 535 3817 tur;
566 3751 706 3820 quod
737 3752 1015 3806 crassioris
1043 3762 1160 3806 erat
1183 3752 1366 3806 animi.
1400 3751 1564 3820 Signa
1589 3753 1721 3804 enim
1741 3792 1755 3815 ,
1789 3751 1994 3820 inquit,

421 3860 520 3896 non
548 3842 804 3911 ﬁdelibus,
833 3845 924 3897 sed
952 3843 1226 3897 incredulis
1269 3842 1346 3911 (I.
1381 3841 1498 3897 Cor.
1531 3844 1616 3896 M.
1643 3841 1761 3911 22).
1799 3841 1867 3896 At
1890 3857 1994 3896 non

419 3934 720 4004 hujusmodi
767 3935 991 4004 pupulas
1027 3934 1165 4004 apud
1203 3934 1508 3988 Mattlneum
1543 3951 1557 3988 :
1593 3933 1688 3987 sed
1713 3932 1838 3986 audi
1865 3947 1998 4001 quo-

415 4028 574 4083 modo
606 4045 618 4082 :
645 4027 929 4098 Stupebant
952 4044 1124 4082 omnes
1151 4027 1212 4080 de
1241 4027 1468 4081 doctrina
1497 4027 1606 4096 ejus
1624 4069 1640 4094 ,
1687 4025 1806 4096 quia
1849 4025 1996 4079 doce-

415 4120 497 4173 bat
526 4135 609 4173 eos
636 4128 892 4189 tamquam
913 4127 1202 4190 potestatem
1224 4117 1412 4172 habens
1433 4116 1648 4187 (Matth.
1675 4117 1727 4170 7.
1753 4116 1843 4171 28.
1867 4115 1988 4184 29).

413 4213 519 4266 Cur
569 4222 746 4267 autem
803 4222 1038 4269 montem
1084 4228 1226 4268 nunc
1249 4211 1399 4278 adiit,
1431 4219 1485 4267 et
1517 4211 1586 4266 ibi
1615 4210 1837 4267 sedebat
1872 4226 1993 4266 cum

409 4304 723 4374 discipulis?
757 4303 838 4360 0b
877 4304 1110 4359 futurum
1161 4306 1390 4374 signum.
1438 4303 1589 4369 Quod
1620 4311 1796 4358 autem
1828 4301 1992 4357 disci-

409 4394 522 4462 puli
567 4404 769 4450 tantum
807 4397 1167 4460 ascenderint,
1209 4397 1300 4450 illa
1346 4395 1528 4465 populi
1571 4410 1676 4448 non
1721 4394 1994 4465 sequentis

404 4491 568 4558 culpa
591 4497 691 4544 est.
720 4489 903 4558 Neque
929 4488 1029 4542 hac
1057 4488 1229 4542 solum
1254 4487 1322 4542 de
1345 4502 1506 4541 causa
1536 4497 1772 4542 montem
1800 4488 1951 4558 petiit
1975 4531 1990 4554 ,

410 4579 503 4632 sed
535 4581 695 4632 etiam
728 4587 784 4632 ut
811 4592 910 4632 nos
935 4578 1182 4644 doceret,
1221 4578 1505 4632 tumultum
1532 4587 1587 4632 et
1629 4579 1833 4633 turbam
1873 4595 1994 4636 esse

410 4667 679 4722 vitandam
699 4709 716 4734 ,
746 4679 905 4736 atque
941 4669 1186 4723 idoneam
1225 4667 1578 4738 philosophia:
1605 4685 1726 4725 esse
1751 4672 1994 4726 solitudi-

410 4773 556 4812 nem.
589 4757 743 4827 Smpe
783 4767 959 4813 autem
1000 4760 1114 4828 ipse
1156 4760 1304 4814 solus
1347 4767 1581 4814 montem
1626 4760 1894 4827 ascendit,
1941 4771 1994 4818 et

411 4859 685 4920 pet-nectat
716 4864 895 4914 orans,
921 4861 976 4904 ut
1008 4867 1103 4905 nos
1128 4851 1336 4916 doceat,
1365 4867 1487 4906 eum
1511 4852 1598 4922 qtti
1619 4853 1686 4906 ad
1711 4853 1873 4906 Deum
1902 4869 1991 4908 ac-

408 4943 570 5009 cedit,
600 4941 743 4996 omni
775 4941 998 4996 tumultu
1029 4957 1252 4997 vacuum
1285 4957 1423 5007 esse,
1459 4950 1513 4998 et
1540 4945 1879 5014 tranquillum
1911 4945 1991 5000 lo-

408 5053 529 5089 tum
560 5051 803 5106 qumrere
832 5033 1048 5091 debere.
1084 5035 1208 5089 Erat
1235 5046 1398 5089 autem
1430 5039 1714 5104 proximum
1744 5035 1947 5091 Pascha
1970 5079 1985 5103 ,

411 5129 515 5179 dies
537 5131 698 5197 [estus
731 5125 1052 5181 Iudaeorum.
1078 5127 1203 5193 Cur,
1238 5127 1463 5196 inquies,
1497 5145 1600 5182 non
1641 5130 1879 5184 ascendit
1923 5129 1988 5184 ad

409 5217 550 5270 diem
596 5217 823 5284 festum,
857 5219 950 5274 sed
991 5235 1110 5273 cum
1151 5233 1338 5273 omnes
1375 5219 1760 5292 Jerosolyntatn
1806 5238 1993 5293 perge-

413 5320 551 5376 rent,
591 5313 703 5380 ipse
741 5314 794 5368 in
835 5313 1104 5369 Galilteam
1144 5316 1324 5369 venit:
1360 5329 1530 5384 neque
1561 5315 1672 5383 ipse
1701 5315 1865 5378 solus,
1896 5315 1989 5368 sed

414 5415 536 5453 cum
567 5399 870 5471 discipulis,
895 5412 956 5474 et
985 5405 1108 5460 inde
1136 5405 1188 5459 in
1219 5403 1593 5474 Capernaunt?
1621 5403 1877 5456 Paulatim
1914 5403 1986 5457 le-

416 5505 534 5559 gem
565 5492 742 5560 solvit,
788 5510 855 5550 ex
900 5495 1205 5550 Judatorum
1250 5498 1481 5567 nequitia
1528 5497 1862 5550 occasionem
1906 5511 2005 5549 ea--

420 5590 596 5649 ptans.
649 5582 702 5638 5.
757 5583 822 5638 Et
869 5601 982 5639 cum
1028 5585 1328 5639 sublevasset
1382 5589 1572 5653 oculos,
1625 5587 1744 5639 vidit
1799 5585 1995 5638 turbam

417 5671 650 5730 multam.
706 5675 799 5730 llic
839 5676 1072 5731 ostendit
1119 5675 1290 5744 ipsum
1337 5695 1620 5748 numquam
1673 5680 1786 5732 sine
1835 5694 1994 5733 causa

2137 635 2340 691 sedisse
2377 655 2496 697 eum
2541 645 2849 717 discipulis;
2896 653 2988 709 sed
3035 654 3274 714 fortassis
3315 670 3372 715 ttt
3415 669 3714 724 accuratius

2135 724 2278 792 ipsos
2301 729 2663 799 alloqueretnr
2688 747 2743 792 et
2767 740 2999 808 duceret,
3027 761 3224 817 eosque
3250 751 3349 804 sibi
3377 752 3672 813 devinciret
3699 778 3710 812 :

2134 818 2274 872 ttnde
2308 821 2561 880 discimus
2605 840 2853 897 quantam
2895 835 3108 893 illorum
3142 843 3532 908 providentiam
3563 865 3716 918 gere-

2135 917 2242 1008 ret,
2278 928 2451 1008 quam
2499 928 2559 968 se
2596 919 2921 991 demitteret,
2969 937 3027 982 ut
3073 944 3131 984 se
3161 932 3266 988 illis
3304 917 3709 1008 attemperaret.

2134 1001 2402 1058 Sedebant
2431 1022 2557 1062 vero
2583 1009 2758 1075 simul,
2792 1030 2910 1070 sese
2942 1017 3166 1076 fortasse
3198 1033 3381 1080 mutuo
3411 1001 3710 1098 respicien-

2133 1101 2230 1146 tes.
2269 1093 2460 1150 Deinde
2492 1101 2760 1168 respiciens
2801 1107 2930 1161 videt
2966 1112 3339 1168 multitudinem
3369 1093 3707 1175 accedentem.

2202 1180 2537 1255 It‘rangetistte
2567 1193 2915 1248 conciliantur.
2951 1228 3020 1238 —
3043 1200 3233 1258 Caneri
3257 1209 3597 1277 evangelista:
3623 1211 3674 1266 di
3689 1241 3706 1252 -

2128 1281 2254 1325 eunt
2295 1273 2582 1345 discipulos
2620 1283 2931 1341 accedentes
2970 1304 3185 1359 rogasse
3217 1301 3272 1348 et
3299 1273 3612 1356 obsecrasse
3639 1303 3709 1357 il—

2125 1358 2236 1461 Ium
2284 1380 2350 1461 ne
2390 1366 2678 1461 dimitteret
2719 1389 2812 1428 eos
2850 1358 3099 1446 jejunus;
3134 1381 3220 1437 hic
3246 1400 3375 1440 vero
3403 1387 3703 1461 Philippum

2126 1453 2327 1510 inducit
2368 1472 2397 1511 a
2442 1459 2653 1516 Christo
2684 1465 3088 1537 interrogatum.
3127 1473 3424 1548 Utrumque
3450 1453 3704 1541 milii-ve-

2131 1560 2248 1599 rum
2282 1547 2505 1615 videtur,
2537 1553 2630 1607 sed
2670 1571 2774 1610 non
2816 1559 3004 1615 eodem
3036 1562 3152 1631 ipso
3193 1547 3428 1638 tempore
3457 1581 3696 1642 gestum;

2112 1639 2218 1693 sed
2267 1642 2408 1698 aliud
2455 1645 2678 1702 alterum
2726 1655 3084 1720 pra-cessisse,
3126 1657 3198 1710 ita
3241 1668 3296 1712 ttt
3346 1676 3433 1716 res
3461 1639 3696 1723 diversa-

2123 1742 2428 1791 narrentur.
2458 1737 2564 1791 Cur
2612 1753 2741 1810 ergo
2785 1741 3086 1812 Philippum
3129 1746 3456 1820 interrogat?
3486 1752 3698 1811 Sciebat

2122 1822 2209 1888 qui
2239 1822 2481 1892 discipuli
2516 1827 2635 1896 plus
2660 1829 2900 1886 doctrina
2932 1846 3166 1904 egerent.
3197 1837 3294 1894 llic
3321 1841 3464 1895 enim
3494 1854 3576 1899 est
3604 1848 3695 1916 qui

2123 1923 2300 1982 postea
2333 1916 2500 1972 dicit:
2537 1919 2754 1976 Ostende
2796 1926 2936 1979 nobis
2982 1926 3208 1995 Patrem,
3245 1940 3292 1984 et
3328 1931 3508 2002 sufﬁcit
3555 1938 3698 1991 nobis

2124 2004 2298 2073 (Joan.
2359 2008 2446 2063 H.
2497 2010 2572 2078 8).
2607 2011 2746 2067 Ideo
2790 2015 2935 2084 prius
2977 2016 3123 2071 illum
3173 2021 3422 2075 instituit.
3462 2022 3596 2078 Nam
3653 2027 3696 2079 si

2117 2098 2320 2168 absque
2369 2101 2476 2154 ullo
2515 2114 2768 2172 apparatu
2811 2105 3018 2177 signant
3060 2110 3260 2166 editum
3307 2113 3530 2182 fuisset,
3587 2133 3694 2171 non

2121 2198 2321 2244 tantum
2363 2196 2695 2262 apparuisset
2733 2198 3041 2253 miraculum
3075 2219 3086 2253 :
3118 2201 3226 2270 jam
3270 2219 3399 2258 vero
3430 2207 3574 2274 prius
3598 2223 3692 2262 cu-

2115 2289 2199 2335 rat
2221 2292 2276 2335 ut
2306 2285 2578 2350 penuriam
2605 2286 2940 2357 confiteatur,
2974 2300 3030 2343 nt
3058 2291 3181 2346 hinc
3209 2295 3381 2364 majus
3411 2297 3508 2365 ipsi
3538 2297 3692 2352 vidc-

2115 2385 2264 2426 retur
2294 2375 2628 2430 miraculum.
2677 2377 2809 2434 Vide
2826 2369 2979 2450 'quid
3013 2382 3154 2438 dicat
3184 2385 3274 2440 ille
3308 2404 3322 2442 :
3362 2385 3516 2441 Unde
3551 2390 3692 2442 nobis

2114 2471 2185 2517 tot
2205 2481 2380 2532 panes,
2427 2478 2482 2521 ut
2517 2467 2819 2522 manducent
2860 2471 2955 2524 hi?
2985 2472 3074 2526 Sic
3105 2474 3154 2528 in
3187 2476 3352 2530 veteri
3382 2477 3496 2547 lege
3522 2477 3689 2550 Moysi

2113 2555 2352 2622 dicebat,
2389 2556 2548 2628 idque
2583 2567 2865 2630 antequam
2893 2563 3204 2619 miraculum
3245 2576 3522 2636 patraret:
3555 2569 3692 2636 Quid

2110 2657 2184 2702 est
2209 2649 2260 2702 in
2287 2665 2441 2703 manu
2466 2651 2596 2721 tua(
2629 2652 2798 2707 Exod.
2821 2655 2874 2709 4.
2905 2656 3026 2726 2)?
3070 2658 3202 2725 Quia
3244 2660 3388 2715 enim
3430 2661 3682 2716 miracula

2109 2755 2227 2809 qua)
2258 2749 2478 2810 repente
2504 2743 2769 2811 accidunt,
2800 2745 3038 2814 priorum
3068 2749 3221 2805 nobis
3249 2749 3569 2806 oblivionem
3608 2753 3691 2806 in-

2109 2830 2304 2902 ducere
2332 2833 2524 2899 solent,
2559 2836 2732 2903 pritno
2753 2836 2898 2892 illum
2925 2839 3264 2895 confessione
3293 2857 3386 2896 sua
3409 2843 3681 2912 alligavit,

2108 2931 2161 2976 ut
2195 2939 2297 2977 non
2326 2924 2520 2980 deinde
2544 2937 2760 2996 stupore
2786 2931 3062 2998 perculsus
3089 2932 3347 2987 confessae
3370 2935 3445 2988 rei
3472 2949 3685 2988 mento-

2107 3015 2237 3068 riam
2280 3015 2554 3084 abjiecret,
2594 3027 2648 3072 et
2691 3018 2813 3073 hinc
2849 3023 3247 3090 comparatione
3275 3022 3411 3076 facta
3440 3023 3680 3077 miraculi

2105 3106 2522 3174 magnitudinem
2577 3107 2873 3174 edisceret;
2929 3112 3070 3181 quod
3124 3111 3206 3166 hic
3254 3112 3411 3165 etiam
3462 3112 3673 3166 accidit.

2106 3197 2492 3269 Interrogatus,
2523 3199 2611 3254 ille
2631 3203 2917 3273 respondet
2947 3221 2961 3257 :
2995 3205 3047 3258 7.
3080 3203 3417 3258 Ducentorum
3439 3205 3674 3260 denariu-

2104 3308 2218 3344 runt
2245 3309 2398 3360 panes
2424 3308 2524 3347 non
2550 3294 2797 3364 suﬁiciunt
2824 3295 2949 3362 illis,
2982 3307 3037 3348 ut
3067 3297 3403 3367 unusquisque
3427 3296 3678 3351 modicum

2102 3385 2224 3452 quid
2262 3386 2595 3456 accipiat.'6.
2647 3386 2760 3441 Hoc
2791 3399 2956 3442 autem
2997 3389 3189 3444 dicebat
3238 3398 3436 3444 tentans
3475 3390 3621 3444 illaut
3658 3403 3678 3443 .‘

2102 3476 2209 3546 ipse
2245 3477 2376 3530 enim
2413 3478 2595 3532 sciebat
2640 3479 2764 3549 quid
2799 3489 2921 3534 esset
2969 3483 3219 3552 facturus.
3260 3481 3392 3551 Quid
3416 3483 3513 3537 sibi
3543 3482 3677 3546 vult,

2105 3565 2323 3620 Tentans
2360 3567 2540 3622 illum?
2578 3584 2705 3623 num
2744 3569 3022 3640 ignorabat
3060 3570 3186 3642 quid
3223 3571 3460 3627 dicturus
3496 3572 3672 3626 esset?

2103 3656 2215 3711 Hoc
2242 3657 2346 3712 dici
2376 3659 2577 3728 nequit.

2171 3749 2224 3803 2.
2266 3750 2519 3818 Quaenam
2569 3765 2698 3823 ergo
2746 3762 2831 3808 est
2877 3754 3005 3810 dicti
3057 3755 3360 3811 sententia?
3388 3755 3467 3810 Ex
3507 3755 3677 3810 veteri

2102 3842 2218 3912 lege
2245 3857 2528 3912 possumus
2564 3844 2708 3899 illam
2736 3845 2997 3903 ediscere.
3027 3848 3158 3903 Nam
3193 3848 3263 3903 ibi
3303 3863 3514 3920 quoque
3543 3846 3678 3902 dici-

2104 3941 2187 3986 tur
2216 3952 2230 3987 :
2269 3932 2391 3986 Post
2436 3935 2542 3989 htec
2579 3937 2782 3990 tentavit
2810 3936 2950 3991 Deus
2983 3938 3260 4002 Abraham,
3290 3940 3458 3992 dicens
3487 3954 3506 3992 :
3535 3937 3680 3990 Tolle

2101 4024 2266 4092 ﬁlium
2296 4034 2436 4078 tuum
2460 4027 2791 4096 unigenitum,
2821 4045 2966 4096 queat
2995 4030 3186 4099 diligis,
3221 4029 3373 4083 Isaac
3402 4028 3548 4099 (Gen.
3582 4026 3675 4081 9.2.

2101 4117 2152 4170 1.
2173 4116 2248 4188 2).
2271 4116 2450 4187 Neque
2480 4119 2621 4172 enim
2639 4117 2691 4172 id
2705 4119 2854 4184 dixit,
2879 4129 2934 4172 ut
2963 4119 3298 4187 experiretur
3317 4134 3384 4171 an
3407 4118 3678 4188 obsequu-

2101 4218 2251 4264 turus
2298 4220 2458 4278 esset,
2504 4227 2700 4277 necne;
2736 4221 2918 4281 utpote
2957 4213 3046 4282 qui
3086 4212 3262 4266 omnia
3302 4211 3480 4266 videat
3524 4219 3679 4265 antc-
3752 4231 3760 4237 ι

2099 4317 2256 4371 quam
2277 4303 2402 4357 ﬁant
2419 4302 2581 4374 (Dan.
2603 4306 2687 4360 15.
2712 4303 2806 4374 42)
2833 4323 2846 4360 :
2871 4304 2963 4359 sed
2985 4306 3217 4358 humano
3234 4319 3382 4358 more
3397 4312 3679 4373 utrumque

2099 4392 2294 4447 dictum
2326 4403 2426 4448 est.
2454 4393 2522 4450 Ut
2557 4409 2677 4448 cum
2719 4395 2869 4460 dicit,
2914 4394 3184 4450 Scrutatur
3223 4395 3378 4448 corda
3420 4395 3678 4448 hominum

2100 4481 2272 4555 (Rom.
2307 4483 2360 4539 8.
2392 4485 2516 4555 27),
2552 4500 2657 4540 non
2698 4485 3048 4555 ignorantiam
3081 4526 3096 4551 ,
3128 4486 3222 4541 sed
3253 4495 3554 4540 accuratam
3585 4500 3678 4540 co-

2097 4579 2387 4647 gnitionem
2414 4578 2649 4645 indicat;
2675 4580 2756 4634 sic
2777 4593 2896 4633 cum
2919 4578 3068 4644 dicit,
3096 4579 3348 4645 Tentavit,
3379 4578 3505 4632 nihil
3533 4575 3675 4631 aliud

2098 4668 2196 4721 sibi
2244 4668 2375 4734 vult,
2427 4683 2586 4737 quam
2634 4669 2806 4739 ipsum
2851 4677 3100 4724 accurate
3146 4668 3377 4723 novisse.
3407 4666 3506 4722 Vel
3535 4665 3678 4721 aliud

2097 4760 2199 4814 dici
2246 4761 2432 4830 possit,
2482 4762 2653 4830 ipsum
2701 4776 2895 4831 nempe
2929 4759 3287 4830 probatiorem
3332 4775 3454 4814 eum
3500 4758 3678 4814 reddi-

2097 4851 2261 4918 disse,
2289 4850 2414 4905 dnm
2445 4862 2493 4906 et
2529 4863 2653 4908 tunc
2679 4852 3066 4925 Abrahamum,
3105 4859 3159 4904 et
3197 4865 3340 4904 nunc
3376 4850 3676 4918 Philippum

2097 4960 2191 5015 per
2221 4943 2688 5014 interrogationem
2721 4945 2774 4999 in
2817 4943 3076 5012 majorem
3123 4941 3260 5012 signi
3307 4941 3552 4995 notitiam
3583 4938 3681 4994 de-

2101 5040 2270 5095 duxit.
2300 5039 2632 5109 Quapropter
2670 5037 3022 5106 evangeltsm,
3059 5049 3126 5088 nc
3151 5049 3219 5088 ex
3245 5033 3390 5088 verbi
3423 5031 3680 5101 simplici-

2101 5141 2208 5187 tate
2229 5132 2354 5203 quid
2383 5131 2671 5184 absurdum
2697 5129 3049 5198 suspicareris
3073 5168 3088 5193 ,
3114 5124 3318 5179 addidit
3350 5137 3364 5178 :
3401 5122 3520 5193 Ipse
3547 5122 3681 5175 enim

2099 5227 2282 5280 sciebat
2308 5225 2428 5293 quid
2448 5235 2574 5278 esset
2603 5225 2850 5294 facturus.
2882 5219 3147 5276 Cancrum
3177 5215 3302 5272 illud
3329 5214 3558 5269 maxime
3586 5213 3682 5266 ob-

2105 5317 2456 5381 servandum,
2500 5313 2769 5384 quomodo
2813 5326 2937 5365 eum
2991 5325 3154 5379 prava
3208 5305 3440 5376 suspicio
3493 5302 3678 5367 adest,

2101 5407 2277 5461 Statim
2307 5422 2423 5460 eam
2454 5403 2776 5473 evangelista
2807 5401 3088 5471 diligenter
3111 5404 3374 5453 amoveat.
3427 5393 3498 5450 Ut
3526 5395 3685 5462 igitur

2103 5496 2203 5549 hoc
2232 5497 2350 5549 loco
2377 5511 2443 5548 ne
2467 5493 2593 5563 quid
2619 5493 2796 5546 simile
2822 5493 3226 5560 suspicarentur
3245 5486 3538 5548 auditores,
3564 5499 3685 5538 cor-

2103 5587 2392 5640 rectionem
2433 5583 2569 5639 hanc
2609 5583 2813 5637 addidit
2848 5600 2862 5636 :
2894 5581 2918 5634 Ι
2927 5598 3017 5653 pse
3042 5581 3175 5635 enim
3200 5579 3382 5634 sciebat
3411 5576 3532 5648 quid
3560 5582 3684 5630 esset

2105 5682 2374 5750 facturus;
2400 5678 2475 5732 sic
2501 5687 2554 5732 et
2584 5677 2684 5744 ibi,
2713 5691 2834 5731 cum
2865 5675 2938 5730 ait
2971 5691 2982 5725 :
3013 5672 3182 5729 Judaei
3214 5673 3361 5726 illum
3395 5682 3682 5741 perseque-
