4104 6156
514 286 621 341 239

1564 290 1626 343 ΙΝ
1665 289 1975 353 JOANNEM
2016 293 2248 350 IIOMIL.
2285 296 2446 363 XLII,
2480 301 2550 353 al.
2582 298 2717 353 XLI.

3640 302 3747 356 2m

1960 506 2204 562 ΟΜΙΛΙΑ
2240 508 2371 562 Μιγ.

509 596 670 653 Μετὰ
700 595 906 666 ταῦτα⁸
922 592 1195 661 ἀπῆλθεν
1224 597 1256 648 ὁ
1307 596 1535 663 Ἰησοῦς
1578 598 1765 665 πέραν
1814 597 1924 666 τῆς
1970 601 2071 652 θα-

574 670 819 731 λάσσης
844 663 953 736 τῆς
982 666 1305 736 Γαλιλαίας
1336 668 1423 732 εὶς
1452 668 1522 721 τὰ
1536 663 1685 735 μέρη
1714 663 2073 736 Τιϐεριάδος·

581 737 677 791 καί
726 734 1042 805 ἠκολούθει
1070 735 1229 798 αὐτῷ
1274 734 1457 803 ὄχλοι,-
1495 734 1709 798 πολὺς,
1749 734 1847 791 ὅτι
1884 737 2079 805 ἑώρων

582 808 652 861 τὰ
705 803 925 872 σημεῖα
981 801 1021 856 d
1072 805 1255 857 ἐποίει
1307 801 1410 858 ’ἐπὶ
1462 805 1581 857 τῶν
1638 801 2074 861 ἀσθενούντων.

592 871 842 942 Ἀπῆλθε
888 871 957 942 δὲ
1004 876 1091 942 είς
1123 875 1258 941 ὅρος
1301 877 1332 928 ό
1373 875 1622 940 Ἰησοῦς,
1657 876 1761 942 καί
1786 876 1916 930 ἐκεῖ
1936 876 2075 929 ἐκά-

576 940 725 1017 θητο
755 941 914 1017 ,μετά
963 940 1085 1017 τῶν
1099 940 1394 1017 -μαᾷητῶν
1420 946 1627 1002 αὐτοῦ.
1650 941 1760 1002 Ἦν
1799 946 1869 999 δὲ
1899 945 2077 1017 ἐγγὺς

580 1016 649 1068 τὸ
686 1012 894 1081 πάσχα
920 1011 1040 1065 τῶν
1073 1012 1395 1068 Ἰουδαίων.

578 1097 647 1154 α’.
673 1098 795 1161 Τοῖς
817 1096 1008 1158 δεινοῖς
1030 1095 1255 1168 ἀνδράσι
1275 1096 1348 1168 μὴ
1370 1097 1532 1167 ὁμόσε
1549 1098 1831 1169 χωρῶμεν,
1862 1099 2077 1170 ἀγαπη-

508 1183 609 1237 τοί·
658 1179 793 1234 ἀλλά
842 1179 1201 1249 μανθάνωμεν
1234 1191 1282 1242 ιι,
1321 1181 1446 1233 ὅταν
1489 1182 1654 1250 μηδὲν
1707 1182 2077 1256 παραϐλάπτῃ

508 1267 605 1336 τὴν
632 1263 903 1334 ἡμετέραν
938 1262 1161 1332 ἀρετὴν,
1191 1260 1387 1315 διδόναι
1433 1261 1595 1315 τόπον
1622 1263 1802 1316 αὐτῶν
1826 1268 1945 1328 ταῖς
1973 1283 2076 1318 πο-

508 1349 698 1418 νηραῖς
741 1344 1070 1407 ἐπιϐουλαῖς.
1107 1342 1265 1397 Οὕτω
1292 1344 1398 1416 γάρ
1431 1346 1662 1398 παύεται
1694 1347 1841 1399 πᾶσα
1872 1346 2075 1416 θρασύ-

506 1446 625 1499 της.
656 1429 767 1482 Καὶ
794 1426 944 1498 1248]
975 1425 1224 1497 καθάπερ
1248 1424 1315 1478 τά
1342 1426 1565 1481 ἀκόντια
1591 1428 1719 1481 ὅταν
1748 1430 1829 1491 είς
1856 1431 2073 1483 ἐντετα-

507 1512 669 1582 μένον
704 1512 733 1551 δ
767 1509 982 1580 ἐμπέσῃ
1010 1526 1064 1561 τι
1094 1509 1186 1562 καὶ
1212 1509 1445 1579 σκληρὸν
1469 1511 1563 1563 καὶ
1591 1510 1899 1576 ἀπιτυπές,
1938 1513 2075 1582 μετά

506 1594 706 1665 πολλῆς
743 1593 843 1663 τῆς
896 1592 1072 1664 ῥύμης
1109 1592 1505 1658 ἐξακοντίζεται
1545 1594 1636 1647 ἐπὶ
1665 1595 1789 1659 τοὺς
1819 1596 2072 1649 ἀποστεί-

505 1675 701 1739 λαντας
733 1675 912 1729 πάλιν·
946 1675 1074 1728 ὅταν
1100 1672 1158 1726 δέ
1182 1673 1243 1726 16
1276 1674 1526 1744 ῥαγδαῖον
1568 1678 1667 1746 τῆς
1713 1677 1957 1745 ἀφέσεως
1997 1679 2072 1750 μὴ

505 1759 603 1830 ἔχῃ
632 1758 694 1812 16
729 1756 1071 1821 ἀντιπίπτον,
1099 1755 1349 1810 ἐκλύεται
1373 1757 1583 1827 ταχέως
1614 1760 1707 1812 καὶ
1730 1760 1905 1832 λήγει·
1931 1762 2073 1816 οὕτω

442 1902 447 1905 μ
506 1842 603 1894 καὶ
630 1841 724 1894 ἐπὶ⁵
748 1839 856 1892 τῶν
881 1837 1290 1909 θρασυνομένων
1329 1839 1652 1910 ἀνθρώπων,
1691 1842 1820 1896 ὅταν
1853 1844 1950 1913 μὲν
1976 1845 2074 1898 αύ-

505 1928 622 1988 τοῖς
670 1925 836 1994 ὁμόσε
875 1923 1158 1994 χωρῶμεν,
1198 1922 1534 1993 ἀγριαίνουσι
1584 1925 1803 1995 μᾶλλον·
1839 1928 1968 1981 ὃταν
2015 1930 2074 1984 δέ

508 2010 745 2077 εἴκωμεν
777 2006 871 2059 καὶ
911 2005 1344 2077 παραχωρῶμεν,
1378 2005 1628 2076 καλῶμεν
1667 2008 1864 2080 ῥᾳδίως
1893 2011 2070 2065 πᾶσαν

506 2090 688 2143 αὐτῶν
712 2090 811 2160 τὴν
836 2088 1050 2159 μανίαν.
1078 2088 1174 2141 Διὰ
1191 2087 1248 2141 δέ
1275 2087 1546 2142 τοῦτοκαὶ
1567 2092 1596 2142 6
1622 2091 1856 2161 Χριστὸς
1886 2093 2069 2164 ἐπειδὴ

506 2176 755 2246 ἤκουσεν,
792 2173 873 2227 ὅτι
904 2173 1144 2242 ἡκουσαν
1164 2172 1214 2224 οί
1244 2172 1526 2242 Φαρισαῖοι
1557 2173 1637 2226 ὅτι
1665 2174 1873 2246 Ἰησοῦς
1902 2176 2073 2229 πλείο-

501 2275 598 2321 νας
630 2256 876 2327 μαθητάς
912 2258 1058 2309 ποιεῖ
1099 2256 1196 2309 καὶ
1234 2255 1485 2325 βαπτίζει
1525 2257 1558 2326 ἢ
1594 2256 1864 2330 Ἰωάννης,
1909 2256 2072 2332 ἦλθεν

499 2342 581 2404 εἰς
609 2339 717 2409 τήν
734 2338 1043 2405 Γαλιλαίαν,
1087 2338 1179 2392 τὸν
1226 2339 1417 2408 φθόνον
1462 2339 1642 2394 αὐτῶν
1688 2341 1927 2408 σϐεννὺς,
1976 2344 2072 2399 καὶ

501 2421 592 2474 16v
625 2422 815 2491 θυμὸν,
846 2420 905 2475 ὃν
937 2421 1080 2485 εἰκὸς
1108 2417 1176 2492 ἦν
1204 2421 1312 2475 ἀπὸ
1336 2421 1540 2476 τούτων
1566 2423 1821 2495 τεχθῆναι
1846 2425 1953 2480 τῶν
1980 2426 2070 2479 λό⁶

503 2523 635 2574 γων,
661 2506 748 2559 διά
774 2506 877 2575 τῆς
920 2507 1319 2576 ἀναχωρήσεως
1362 2507 1781 2580 καταπραΰνων.
1813 2509 1960 2581 Πλὴν
1991 2512 2070 2576 είς

505 2597 602 2660 την
646 2589 929 2644 Γαλιλαίαν
976 2589 1138 2642 πάλιν
1176 2589 1568 2660 ἀπερχόμενος,
1620 2593 1681 2645 οὑ
1727 2595 1840 2657 τοῖς
1889 2595 2071 2660 αὐτοῖς

503 2673 765 2726 ἐπιϐαίνει
794 2673 997 2736 τόποις·
1037 2673 1097 2725 ού
1134 2672 1242 2742 γάρ
1278 2674 1359 2736 είς
1391 2674 1546 2727 Κανᾶ
1575 2670 1755 2745 ἦλθεν,
1795 2676 1929 2729 ἀλλά
1974 2678 2071 2731 πέ-

504 2775 605 2827 ραν
630 2758 726 2827 τῆς
754 2757 1047 2827 θαλάσσης.
1091 2756 1182 2809 Διὸ
1220 2758 1316 2810 καὶ
1363 2757 1685 2827 ἠκολούθουν
1732 2758 1881 2830 αὐτῷ
1924 2761 2069 2830 ὄχλοι

502 2840 705 2903 πολλοὶ,
738 2839 1068 2912 θεωροῦντες
1098 2840 1261 2894 αὐτοῦ
1296 2840 1365 2894 τά
1400 2844 1597 2912 σημεῖα
1628 2841 1664 2895 ἃ.
1695 2842 1884 2895 ἐποίει.
1935 2844 2069 2898 Ποῖα

502 2926 730 2995 σημεῖα;
774 2922 915 2977 διατί
952 2923 1027 2995 μὴ
1067 2923 1208 2977 αύτά
1239 2923 1385 2989 λέγει
1418 2935 1441 2963 ε
1493 2926 1613 2978 κατ’
1649 2920 1970 2992 εἴδος;”οτι
2008 2928 2069 2980 16

502 3007 660 3060 πλέον
689 3005 783 3059 106
819 3005 1023 3076 βιϐλίου
1048 2998 1202 3069 0610;
1236 3007 1468 3076 μάλιστα
1505 3008 1534 3059 6
1570 3007 1965 3080 εὐαγγελιστὴς
2009 3011 2068 3063 ἐν

498 3094 608 3154 τοῖς
622 3091 800 3158 λόγοις
821 3090 915 3144 καὶ
942 3092 1060 3152 ταῖς
1087 3089 1450 3159 δημηγορίαις
1477 3090 1855 3144 καταναλῶσαι
1879 3091 2070 3144 ἐσπού-

496 3175 676 3229 δασεν.
701 3174 843 3245 Ὅρα
877 3172 1006 3241 γοῦν
1034 3172 1153 3235 πῶς
1191 3174 1249 3225 ἐν
1275 3173 1504 3243 ἐνιαυτῷ
1523 3173 1823 3245 ὁλοκλήρῳ,
1868 3174 2066 3245 μᾶλλον

497 3257 556 3311 δὲ
588 3256 705 3321 πῶς
733 3257 826 3310 καὶ
853 3254 948 3308 νῦν
979 3256 1036 3307 ἐν
1069 3258 1135 3326 τῇ
1170 3256 1328 3325 ἑορτῇ
1362 3253 1457 3307 τοῦ
1505 3257 1687 3325 πάσχα
1719 3257 1870 3311 οὐδὲν
1906 3258 2065 3310 πλέον

501 3342 647 3409 ἡμᾶς
681 3337 879 3402 ἐδίδαξε
916 3337 1154 3408 σημείων
1186 3338 1389 3402 ἕνεκεν,
1430 3338 1462 3408 ἢ
1510 3340 1591 3392 ὅτι
1620 3340 1712 3392 τὸν
1759 3341 2065 3412 παράλυτον

502 3423 660 3493 μόνον
687 3422 1041 3492 ἐθεράπευσε,
1077 3420 1170 3473 καὶ
1221 3420 1313 3473 τὸν
1362 3419 1473 3473 υἱόν
1502 3420 1595 3473 τοῦ
1648 3420 1947 3490 βασιλικοῦ.
1989 3424 2063 3476 Οὐ

500 3505 606 3576 γὰρ
652 3504 807 3558 τοῦτο
872 3501 1199 3566 ἐσπούδαζεν
1247 3502 1386 3556 ὥστε
1440 3503 1653 3558 ἅπαντα
1720 3504 2061 3573 καταλέγειν,

497 3589 678 3660 ἐπειδὴ
707 3588 840 3660 μηδὲ
882 3588 1104 3640 δυνατὸν
1132 3582 1220 3657 ἦν·
1261 3587 1376 3640 ἀλλ’
1426 3589 1490 3641 ἐκ
1529 3587 1736 3642 πολλῶν
1770 3589 1863 3642 καὶ
1896 3592 2065 3660 μεγά-

497 3671 602 3725 λων
655 3671 828 3739 ὀλίγα.
883 3670 990 3724 Καὶ
1040 3669 1373 3736 ἠκολούθει,
1429 3671 1612 3739 φησὶν,
1660 3671 1821 3736 αὐτῷ
1881 3673 2063 3741 ὄχλος

498 3755 710 3820 πολὺς,
747 3753 836 3806 ὅτι.
877 3752 1072 3821 ἐώρων
1102 3752 1174 3807 τὰ
1194 3752 1412 3821 σημεῖα
1440 3751 1477 3806 d
1507 3753 1713 3807 ἐποίει.
1747 3754 1821 3806 Οὐ
1858 3755 2062 3827 σφόδρα

503 3837 737 3906 βεϐαίας·
767 3835 1000 3898 διανοίας
1040 3837 1073 3906 ή
1122 3835 1474 3905 ἀκολούθησις
1522 3836 1571 3891 α.
1627 3836 1907 3907 Τοσαύτης
1954 3837 2063 3911 γὰρ

501 3919 847 3982 διδασκαλίας
891 3918 1311 3982 ἀπολαύσαντες,
1362 3919 1470 3971 ἀπὸ
1521 3919 1628 3973 τῶν
1687 3922 1926 3990 σημείων
1972 3922 2057 3975 ἐν·

504 4004 699 4073 ήγοντο
719 4001 935 4073 μᾶλλον·
964 4002 993 4055 6
1011 4003 1316 4073 παχυτέρας
1344 4001 1564 4073 γνώμης
1592 3996 1679 4074 ἦν.
1713 4005 1789 4058 Τὰ
1813 4005 1920 4075 γὰρ
1948 4022 2059 4073 ση-

494 4085 649 4155 μεῖα,
693 4086 842 4155 φησὶ,
875 4084 998 4151 τοῖς
1032 4085 1334 4152 ἀπίστοις,
1375 4086 1447 4139 οὐ
1487 4085 1612 4150 τοῖς
1642 4088 2056 4142 πιστεύουσιν.

510 4167 648 4221 Ἀλλ’
673 4169 772 4221 οὐκ
799 4169 1002 4231 ἐκεῖνος
1034 4170 1063 4220 6
1100 4167 1268 4238 δῆμος
1306 4170 1336 4220 6
1369 4168 1517 4237 παρά
1547 4167 1624 4237 τῷ
1662 4169 1927 4241 Ματθαίῳ
1967 4170 2061 4224 06-

493 4268 618 4316 τως,
646 4250 759 4305 ἀλλ’
787 4251 949 4305 ἄκουε
976 4249 1093 4312 πῶς
1116 4260 1161 4304 ο.
1200 4249 1691 4318 Ἐξεπλήσσοντο
1720 4251 1941 4316 πάντες
1959 4252 2058 4305 ἐπὶ

492 4330 568 4401 τῇ
596 4331 812 4402 διδαχῇ
835 4332 1043 4395 αὑτοῦ,
1062 4333 1246 4402 φησὶν,
1277 4329 1368 4385 ὅτι
1394 4330 1714 4385 ἐδίδασκεν
1738 4332 1957 4398 αυτοὺς
1979 4333 2060 4397 ὡς

491 4415 781 4481 ἐξουσίαν
802 4417 977 4485 ἔχων.
1002 4416 1065 4468 Τί
1093 4417 1289 4487 δήποτε
1323 4415 1379 4467 δέ
1415 4414 1477 4468 τὸ
1503 4415 1626 4485 ὅρος
1653 4414 2057 4486 καταλαμϐάνει

492 4497 602 4565 νῦν,
648 4499 744 4553 καὶ
791 4500 906 4551 ἐκεῖ
942 4498 1172 4567 κάθηται
1219 4498 1358 4568 μετὰ
1404 4497 1512 4550 τῶν
1543 4497 1838 4567 μαθητῶν;
1871 4498 1968 4552 Διά
1997 4499 2059 4552 16

495 4580 680 4649 μέλλον
708 4580 924 4635 ἔσεσθαι
949 4584 1194 4651 σημεῖον.
1229 4581 1303 4633 Τὸ
1334 4579 1390 4632 δὲ
1420 4579 1544 4642 τοὺς
1577 4580 1823 4651 μαθητάς
1854 4581 2058 4651 ἀναϐῆ-

490 4681 573 4717 ναι
602 4665 815 4734 μόνους,
845 4664 1145 4734 κατηγορία
1192 4663 1287 4716 τοῦ
1334 4663 1572 4733 πλήθους
1602 4660 1670 4735 ἦν
1697 4665 1798 4716 οὐκ
1833 4664 2057 4718 ἀκολου-

491 4748 751 4815 θήσαντος
784 4746 951 4816 αὐτῷ.
1008 4748 1082 4799 Οὐ
1131 4747 1319 4799 τούτου
1362 4747 1419 4800 δὲ
1462 4747 1649 4801 ἕνεκεν
1699 4748 1856 4818 μόνον
1898 4748 2056 4802 τοῦτο

489 4833 649 4893 ποιεῖ,
700 4830 761 4882 16
801 4830 925 4898 ὅρος
962 4829 1412 4899 καταλαμϐάνων,
1454 4830 1589 4882 ἀλλὰ
1641 4832 1736 4884 καὶ
1784 4832 2053 4886 παιδεύων

489 4912 632 4981 ἡμᾶς
669 4912 755 4964 ἀεὶ
788 4911 1212 4965 διαναπαύεσθαι
1257 4913 1366 4965 ἀπὸ
1408 4913 1515 4966 τῶν
1547 4913 1790 4983 θορύϐων
1833 4915 2054 4983 καὶτῆς

490 4995 544 5045 ἐν
575 4994 724 5064 μέσῳ
765 4994 1030 5064 ταραχῆς·
1078 4995 1378 5063 ἐπιτήδειον
1411 4995 1518 5065 γὰρ
1554 4997 1689 5066 πρὸς
1735 4996 2054 5067 φιλοσοφίαν

488 5078 707 5149 ἐρημία.
741 5078 1006 5140 Πολλάκις
1033 5077 1090 5129 δὲ
1124 5079 1216 5130 καὶ
1249 5078 1407 5147 μόνος
1449 5077 1608 5142 αὐτὸς
1634 5079 1695 5132 τὸ
1722 5080 1847 5152 ὅρος
1887 5099 2055 5134 κατα-

484 5160 767 5231 λαμϐάνει,
794 5161 890 5214 καὶ
933 5160 1333 5230 διανυκτερεύει
1376 5160 1469 5212 καὶ
1508 5159 1744 5231 εὔχεται,
1787 5164 2053 5217 διδάσκων

487 5245 628 5313 ἡμᾶς
673 5245 755 5297 ὅτι
801 5243 890 5295 τὸν
933 5242 1167 5310 μάλιστα
1200 5241 1318 5311 Θεῷ
1349 5242 1638 5312 προσιόντα
1667 5244 1846 5314 πάσης
1880 5246 2054 5315 ἀπηλ-

484 5325 675 5396 λάχθαι
707 5326 788 5378 δεῖ
817 5327 1083 5394 ταραχῆς,
1133 5324 1227 5376 καὶ
1275 5326 1464 5394 καιρὸν
1494 5326 1584 5377 καὶ
1621 5325 1783 5378 τόπον
1825 5328 2051 5398 θορύϐου

482 5409 716 5479 καθαρὸν
771 5407 1066 5475 ἐπιζητεῖν.
1116 5406 1228 5459 Kal
1271 5403 1348 5477 ἦν
1393 5407 1570 5476 ἐγγὺς
1619 5408 1682 5460 τὸ
1726 5409 1959 5478 Πάσχα,
2011 5414 2048 5480 ἠ

480 5490 652 5559 ἑορτὴ
682 5491 802 5543 τῶν
834 5491 1159 5544 Ἰουδαίων.
1196 5490 1318 5554 Πῶς
1367 5487 1459 5543 οὖν
1504 5491 1603 5544 οὐκ
1651 5492 1926 5546 ἀναϐαίνει
1973 5498 2053 5557 είς

479 5572 576 5643 τὴν
599 5575 812 5644 ἑορτὴν,
842 5575 1025 5642 φησὶν,
1061 5574 1196 5626 ἀλλά
1240 5575 1452 5628 πάντων
1481 5576 1847 5646 ἐπειγομένων
1875 5578 1955 5641 είς
1984 5579 2054 5631 τά

490 5655 856 5727 Ἰεροσόλυμα,
897 5656 1060 5718 αὐτὸς
1105 5659 1182 5720 εἰς
1234 5656 1329 5726 τὴν
1370 5658 1657 5712 Γαλιλαίαν
1684 5659 1920 5730 ἔρχεται.
1957 5664 2052 5713 καὶ.

542 5744 565 5767 ⁸
593 5739 899 5804 Ματρί-ἀλλά
913 5741 1222 5804 ιΞιγαιιτιῷμενἨ
1238 5740 1266 5778 ὶ)
1288 5739 1383 5804 Alii
1406 5743 1469 5795 εἰς
1489 5743 1835 5804 διατεταμένον.
1892 5747 1914 5775 ο
1938 5743 2053 5799 Qui-

480 5802 587 5873 dium
606 5803 791 5873 .halm’nl
815 5802 993 5873 λέγεις.⁸
1097 5802 1252 5873 sivi}.-
1272 5800 1336 5873 οὐΔ
1361 5804 1539 5873 σρόδρα
1569 5800 1834 5873 ςριλοσόιοου
1864 5806 2054 5873 γνώμχς

480 5864 559 5968 τό)
580 5863 840 5934 εἰρημένον.
913 5863 936 5889 ε
970 5863 1067 5911 Alii
1104 5863 1175 5923 τῷ
1207 5865 1432 5927 Ματθαίῳ
1465 5863 1696 5920 τοιοῦτος.
1736 5863 1854 5914 Ibid.
1877 5863 2046 5913 ‘Sux‘il.

484 5939 540 5968 ιι.
561 5939 600 5968 ,α
622 5941 738 5968 πως.

484 5939 600 5970 αλια
622 5941 738 5979 πως.

2186 599 2285 652 οὐκ
2313 600 2472 664 0616;
2504 602 2681 670 μόνος,
2710 604 2843 658 ἀλλά
2879 605 2972 658 καὶ
3000 605 3124 667 τοὺς
3175 605 3420 674 μαθητάς
3454 605 3623 673 ἄγων.
3660 610 3752 660 καὶ

2185 682 2392 736 ἐκεῖθεν
2439 686 2518 747 είς
2562 686 2966 757 Καπερναούμ;
3012 686 3220 757 Ἦρέμα
3268 687 3451 741 λοιπὸν
3490 688 3750 755 ύπεξέλυε

2184 764 2274 817 τὸν
2317 766 2498 835 νόμον,
2538 768 2789 840 ἀφορμὴν
2833 770 3122 840 λαμϐάνων
3162 771 3269 824 ἀπὸ
3310 774 3407 841 τῆς
3457 772 3752 842 Ἰουδαϊκῆς

2186 850 2468 918 πονηρίας.
2517 850 2626 903 Kal
2679 853 3027 920 ἀναϐλέψας
3080 854 3205 919 τοῖς
3254 854 3597 924 ὀφθαλμοῖς,
3644 856 3751 924 ὁρᾷ

2185 929 2373 997 ὄχλον
2421 934 2635 986 πολὺν.
2688 934 2948 987 Ἐνταῦθα
3020 934 3290 987 δείκνυσιν
3353 936 3435 988 ὅτι
3498 937 3750 990 οὐδέποτε

2181 1013 2369 1076 ἁπλῶς
2398 1014 2633 1086 ἐκάθητο
2663 1018 2801 1086 μετά
2832 1017 2941 1070 τῶν
2975 1017 3251 1088 μαθητῶν,
3293 1016 3443 1089 [ἳιίθ]
3489 1018 3603 1072 ἀλλ’
3624 1020 3752 1082 ἴσως

2183 1096 2705 1169 ἀκριϐολογούμενός
2751 1117 2803 1153 τι
2856 1101 2991 1172 πρὸς
3038 1100 3233 1163 αὐτοὺς
3270 1101 3366 1152 καὶ
3403 1099 3665 1153 διδάσκων
3704 1100 3751 1162 ί,

2183 1180 2276 1233 καὶ
2300 1180 2642 1251 ἐπιστρέφων
2684 1183 2880 1246 αὐτοὺς
2907 1182 3039 1253 πρὸς
3064 1184 3273 1248 ἑαυτὸν,
3307 1174 3366 1235 06
3394 1181 3627 1251 μάλιστα
3657 1182 3753 1235 καὶ

2182 1265 2429 1318 ἐντεῦθεν
2458 1266 2557 1336 τὴν
2589 1267 2915 1337 κηδεμονίαν
2945 1267 3057 1320 ἐστι
3094 1268 3306 1336 μαθεῖν,
3338 1266 3433 1320 καὶ
3469 1266 3528 1320 16
3561 1283 3751 1318 ταπει-

2181 1347 2269 1399 νὸν
2294 1348 2389 1401 καὶ
2419 1349 2887 1416 συγκαταϐατικδν
2930 1349 2991 1401 τὸ
3041 1349 3176 1420 πρὸς
3210 1350 3468 1412 ἐκείνους.
3515 1349 3750 1402 Συνεκά-

2182 1428 2344 1498 θηντο
2375 1431 2483 1502 γάρ
2511 1432 2659 1502 αύτῷ
2689 1432 2829 1502 τάχα
2858 1433 2993 1502 πρὸς
3022 1431 3286 1502 ἀλλήλους
3321 1432 3578 1501 ὁρῶντες.
3606 1425 3752 1484 Εἶτα

2179 1514 2526 1583 ἀναϐλέψας
2571 1513 2679 1582 ὁρᾷ
2708 1514 2817 1568 τόν
2845 1513 3033 1582 ὄχλον
3077 1515 3552 1584 παραγινόμενον
3601 1513 3751 1579 πρὸς

2178 1599 2384 1652 αὐτόν.
3078 1622 3083 1627 ·

2249 1682 2311 1734 Οί
2340 1681 2439 1751 μὲν
2468 1678 2561 1734 οὖν
2588 1680 2734 1734 ἄλλοι
2761 1678 3143 1747 εύαγγελισταὶ
3166 1680 3291 1742 τοὺς
3322 1677 3568 1749 μαθητάς
3616 1694 3750 1745 φασι

2179 1763 2574 1834 προσελθόντας
2593 1763 2799 1832 ἐρωτᾷν
2823 1763 2914 1814 καὶ
2944 1759 3302 1829 παρακαλεῖν,
3336 1760 3476 1813 ὥστε
3510 1761 3582 1832 μὴ
3611 1762 3748 1814 ἀπο-

2177 1847 2335 1900 λῦσαι
2361 1845 2557 1909 αὐτοὺς
2594 1846 2826 1915 νήστεις·
2862 1837 3019 1905 οὗτος
3055 1843 3112 1896 δὲ
3141 1844 3348 1911 εἰσάγει
3376 1841 3465 1895 τὸν
3488 1843 3749 1895 Φίλιππον

2177 1929 2514 2001 ἐρωτηθῆναι
2544 1926 2693 1998 παρὰ
2730 1926 2822 1980 106
2850 1924 3105 1994 Χριστοῦ.
3134 1925 3240 1979 Καί
3276 1943 3366 1995 μοι
3394 1925 3541 1979 δοκεῖ
3569 1924 3748 1995 ἀμφό-

2176 2029 2310 2083 τερα
2335 2008 2473 2064 εἶναι
2503 2010 2698 2080 ἀληθῆ,
2734 2010 2834 2062 ούκ
2876 2009 2968 2061 ἐπὶ
3003 2006 3109 2061 τῶν
3150 2008 3331 2061 αύτῶν
3380 2009 3646 2078 γενόμενα
3689 2006 3748 2061 66

2178 2095 2327 2165 ὅμως
2357 2103 2381 2142 8
2413 2091 2639 2164 καιρῶν,
2669 2091 2785 2145 ἀλλ’
2823 2092 3005 2144 ἐκεῖνα
3035 2090 3237 2143 τούτων
3271 2086 3411 2143 εἶναι
3445 2090 3746 2161 πρεσϐύτε-

2184 2194 2270 2246 ρα·
2304 2176 2444 2229 ὥστε
2477 2176 2637 2245 ἐτερα
2675 2174 2774 2244 μὲν
2810 2175 2990 2227 ἐκεῖνα
3029 2171 3233 2240 λοιπὸν,
3283 2172 3445 2243 ἔτερα
3471 2173 3528 2226 δὲ
3573 2172 3749 2225 ταῦτά

2178 2261 2313 2312 ἐστι.
2343 2259 2499 2322 Τίνος
2547 2254 2639 2311 οὖν
2682 2258 2865 2310 ἐνεκεν
2908 2257 2997 2309 τὸν
3037 2257 3301 2310 Φίλιππον
3344 2257 3559 2328 ἐρωτᾷ;
3593 2256 3746 2327 ¹ᾙδει

2174 2341 2282 2395 τῶν
2318 2341 2573 2412 μαθητῶν
2597 2341 2719 2403 τοὺς
2754 2339 2988 2410 μάλιστα
3020 2336 3260 2403 πλείονος
3293 2339 3577 2409 δεομένους
3603 2339 3747 2393 διδα-

2179 2425 2421 2488 σκαλίας.
2450 2420 2618 2489 U610;
2645 2423 2753 2495 γάρ
2784 2425 2929 2477 ἐστιν
2963 2424 2991 2476 6
3024 2422 3162 2494 μετά
3193 2421 3369 2477 ταῦτα
3393 2423 3587 2491 λέγων·
3620 2423 3744 2476 Δεῖ-

2177 2508 2289 2573 ξον
2319 2509 2463 2576 ἡμῖν
2495 2508 2602 2560 τὸν
2628 2506 2879 2574 Πατέρα,
2919 2505 3017 2560 καὶ
3059 2505 3235 2573 ἀρκεῖ
3260 2505 3420 2574 ἡμῖν.
3462 2506 3559 2559 Διά
3587 2506 3746 2558 τοῦτο

2175 2590 2379 2646 ἄνωθεν
2401 2590 2560 2643 αὑτὸν
2587 2588 2932 2661 ἐρρύθμιζεν.
2970 2590 3031 2642 Εἰ
3066 2589 3163 2656 μὲν
3194 2588 3302 2660 γὰρ
3341 2588 3526 2652 ἁπλῶς
3553 2589 3613 2642 16
3645 2606 3744 2658 ση-

2179 2677 2326 2744 μεῖον
2355 2673 2588 2741 ἐγένετο,
2626 2673 2727 2725 ούκ
2754 2672 2819 2725 ἂν
2849 2671 3097 2725 τοσοῦτον
3124 2672 3295 2741 ἐφάνη
3327 2671 3388 2724 16
3416 2671 3616 2742 θαῦμα·
3649 2672 3745 2725 νῦν

2174 2757 2230 2810 δέ
2257 2757 2518 2827 πρότερον
2545 2756 2707 2809 αὑτὸν
2728 2756 3027 2824 ἀναγκάζει
3062 2755 3391 2826 ὁμολογῆσαι
3437 2756 3537 2826 τὴν
3579 2751 3743 2809 οὖσαν

2178 2841 2391 2899 σπάνιν.
2424 2840 2509 2892 ἴνα
2558 2840 2718 2907 γνοὺς
2763 2841 2820 2892 ἐν
2860 2839 3000 2892 τίσιν
3032 2834 3120 2909 ἦν,
3167 2839 3556 2910 ἀκριϐέστερον
3601 2838 3743 2893 οὕτω

2178 2922 2323 2993 μάθῃ
2349 2920 2443 2975 τοῦ
2492 2921 2770 2990 μέλλοντος
2803 2920 3043 2989 γίνεσθαι
3071 2921 3347 2991 θαύματος
3385 2922 3446 2974 τὸ
3490 2922 3738 2992 μέγεθος.

2174 3007 2282 3060 Καὶ
2309 3007 2410 3075 ὅρα
2445 3004 2497 3058 τί
2522 3020 2682 3074 φησιν
2712 3006 2940 3066 ἐκεῖνος·
2961 3005 3152 3057 Πόθεν
3171 3004 3315 3074 ἡμῖν
3340 3004 3503 3072 ἄρτοι
3534 3003 3742 3058 τοσοῦ-

2173 3108 2280 3151 τοι,
2308 3089 2407 3141 ἵνα
2437 3087 2709 3157 φάγωσιν
2741 3081 2941 3151 οὗτοι;
2992 3086 3147 3140 Οὕτω
3196 3087 3290 3139 καὶ
3333 3088 3389 3140 ἐν
3420 3090 3484 3157 τῇ
3528 3087 3741 3157 Παλαιᾷ

2175 3173 2308 3243 πρὸς
2337 3171 2427 3224 τὸν
2455 3169 2691 3224 Μωῦσέα
2737 3169 2938 3237 ἔλεγεν.
2978 3169 3053 3221 Ού
3087 3168 3194 3239 γάρ
3242 3170 3504 3240 πρότερον
3541 3170 3602 3222 16
3644 3186 3740 3239 ση-

2174 3261 2324 3329 μεῖον
2378 3257 2649 3327 ἐποίησεν,
2695 3255 2799 3319 ἕως
2850 3253 2915 3309 ἂν
2963 3255 3123 3309 αὑτὸν
3176 3255 3448 3326 ἠρώτησε,
3496 3257 3557 3309 Ti
3594 3255 3740 3310 ποτέ

2170 3343 2339 3395 ἐστιν
2370 3341 2437 3394 ἑν
2476 3338 2548 3409 τῇ
2588 3340 2738 3408 χειρί
2777 3354 2929 3403 σου;
2973 3339 3189 3410 Ἐπειδὴ
3222 3339 3328 3411 γὰρ
3356 3341 3424 3394 τὰ
3462 3341 3740 3411 παράδοξα.

2172 3425 2264 3477 καὶ
2288 3423 2481 3494 ἀθρόον
2511 3421 2894 3492 συμϐαίνοντα,
2922 3421 3027 3475 τῶν
3057 3422 3335 3493 προτέρων
3362 3423 3509 3493 ἡμᾶς
3538 3426 3616 3487 εἰς
3644 3423 3738 3494 λή-

2172 3506 2270 3578 θην
2300 3504 2555 3577 ἐμϐαλεῖν
2589 3504 2769 3568 εἴωθε,
2801 3504 3060 3575 πρότερον
3090 3505 3251 3558 αὐτὸν
3283 3506 3340 3557 ἐν
3375 3509 3441 3576 τῇ
3469 3507 3560 3559 106
3594 3525 3736 3578 παρ-

2169 3588 2321 3652 όντος
2366 3586 2658 3657 κατέδησεν
2700 3586 2976 3657 ὁμολογίᾳ,
3002 3587 3089 3639 ἵνα
3118 3588 3216 3656 τῆς
3250 3586 3559 3658 ἐκπλήξεως
3585 3606 3735 3657 γενο-

2173 3670 2359 3741 μένης,
2390 3671 2489 3738 τὴν
2534 3669 2752 3741 μνήμην
2779 3666 2886 3720 τῶν
2918 3667 3358 3739 ὁμολογηθέντων
3409 3670 3484 3742 μὴ
3529 3672 3730 3744 δυνηθῇ

2169 3754 2351 3807 λοιπὸν
2399 3751 2667 3804 ἐκϐαλεῖν·
2726 3747 2822 3805 εἶθ’
2876 3750 3048 3815 οὕτως
3097 3753 3204 3805 ἀπὸ
3244 3754 3342 3822 τῆς
3394 3755 3734 3826 συγκρίσεως

2172 3837 2315 3909 μάθῃ
2347 3837 2441 3889 καὶ
2470 3834 2563 3888 τοῦ
2590 3833 2814 3905 σημείου
2844 3833 2902 3887 16
2932 3834 3176 3905 μέγεθος·
3204 3836 3231 3888 6
3263 3836 3326 3906 δὴ
3366 3838 3458 3891 καὶ
3500 3838 3734 3893 ἐνταῦθα

2167 3921 2395 3993 γίνεται.
2427 3918 2538 3973 Καὶ
2579 3917 2873 3988 ἐρωτηθεὶς
2900 3918 3250 3987 ἀποκρίνεται
3278 3919 3481 3987 λέγων·
3527 3926 3732 3975 Διακο-

2167 4002 2318 4056 σίων
2343 4001 2640 4070 δηναρίων
2679 3999 2840 4068 ᾶρτοι
2879 4003 2989 4053 οὐκ
3018 4001 3329 4068 ἀρκοῦσιν,
3360 4000 3458 4053 ἵνα
3477 4002 3734 4069 ἕκαστος

2161 4088 2361 4155 βραχύ
2389 4104 2445 4139 τι
2481 4087 2658 4152 λάϐῃ.
2689 4085 2867 4137 Τοῦτο
2898 4084 2964 4137 δὲ
3009 4084 3180 4153 ἔλεγε
3205 4084 3489 4152 πειράζων
3510 4089 3730 4141 αὐτόν·

2166 4168 2347 4234 αὐτὸς
2379 4168 2486 4236 γὰρ
2521 4165 2651 4235 ᾔδει
2687 4166 2746 4218 τί
2788 4166 3004 4234 ἔμελλε
3028 4168 3238 4219 ποιεῖν.
3272 4166 3336 4218 Τί
3365 4168 3500 4230 ἐστι,
3531 4168 3734 4235 Πειρά-

2168 4252 2276 4313 ζων
2304 4251 2523 4313 αὑτόν;
2559 4245 2667 4318 ἆρα
2710 4247 2817 4318 γὰρ
2864 4246 3050 4316 ἠγνόει
3099 4248 3161 4300 16
3219 4248 3409 4319 μέλλον
3440 4249 3529 4301 ὑπ’
3566 4251 3730 4305 αὑτοῦ

2170 4330 2528 4404 mammam;
2564 4330 2677 4383 Ούκ
2701 4329 2814 4382 ἔστι
2856 4329 3011 4382 τοῦτο
3041 4331 3235 4385 εἰπεῖν.

2239 4414 2304 4485 β’,
2339 4413 2497 4467 ’Λλλά
2520 4412 2601 4476 τίς
2627 4429 2755 4465 ποτε
2788 4412 2886 4482 τῆς
2912 4411 3109 4478 λέξεως
3135 4416 3169 4483 ή
3190 4413 3423 4478 διάνοια;
3460 4414 3592 4467 Ἀπὸ
3618 4416 3720 4487 τῆς

2166 4499 2406 4561 Παλαιᾶς
2424 4495 2645 4550 δυνατὸν
2666 4496 2834 4565 αὐτὴν
2856 4495 3209 4566 καταμαθεῖν.
3237 4497 3346 4550 Καὶ
3366 4497 3472 4568 γὰρ
3499 4498 3591 4550 καὶ
3616 4500 3733 4553 ἐκεῖ

2165 4599 2348 4653 φησιν·
2373 4580 2484 4634 Kal
2521 4579 2754 4650 ἐγένετο
2791 4579 2940 4649 μετὰ
2997 4581 3071 4634 τὰ
3111 4580 3349 4650 ῥήματα
3398 4580 3603 4646 ταῦτα,
3631 4582 3732 4635 καί

2163 4662 2463 4735 ἐπείραζεν
2503 4666 2536 4717 ὀ
2586 4664 2727 4729 Θεὸς
2764 4662 3029 4731 Ἀϐραὰμ,
3076 4663 3173 4717 καί
3216 4659 3404 4728 εἶπεν,
3436 4663 3592 4719 Λάϐε
3624 4666 3732 4717 τὸν

2160 4750 2296 4803 υἱόν
2350 4764 2465 4802 σου
2525 4748 2632 4801 τὸν
2696 4748 3026 4817 ἀγαπητὸν,
3091 4747 3161 4801 ὃν
3225 4748 3565 4818 ἠγάπησας,
3625 4749 3732 4802 τὸν

2174 4831 2389 4885 Ἰσαάκ.
2418 4831 2550 4885 Ούδέ
2569 4829 2676 4900 γὰρ
2698 4832 2812 4882 ἐκεῖ
2837 4829 2994 4882 10610
3020 4830 3191 4898 λέγων
3218 4832 3485 4899 φαίνεται,
3512 4833 3593 4884 ὅτι
3622 4831 3730 4885 ἀπὸ

2160 4918 2258 4985 τῆς
2291 4914 2478 4982 πείρας
2510 4913 2767 4982 ἀνέμενεν
2804 4913 2930 4965 ἰδεῖν
2974 4912 3034 4965 16
3081 4913 3251 4976 τέλος,
3283 4916 3393 4967 εἴτε
3426 4913 3728 4966 ὑπακούσε-

2159 5015 2271 5061 ται,
2305 4997 2413 5048 εῖτε
2445 4996 2540 5065 μή·
2571 4993 2710 5065 (πῶς
2740 4994 2849 5066 γὰρ
2888 4996 2917 5046 6
2954 4994 3019 5047 τά
3042 4996 3217 5048 πάντα
3243 4994 3396 5057 εἰδὼς
3424 4996 3551 5065 πρὶν
3583 4997 3730 5061 γενέ-

2161 5098 2298 5142 σεως
2327 5081 2355 5120 h
2389 5079 2618 5148 αύτῶν;)
2654 5077 2766 5131 ἀλλ’
2793 5077 3147 5151 ἀνθρωπίνως
3178 5078 3460 5146 ἀμφότερα
3488 5076 3724 5147 εἴρηται.

2162 5165 2371 5234 Ὥσπερ
2402 5161 2509 5232 γὰρ
2554 5162 2681 5214 ὅταν
2736 5160 2888 5232 λέγῃ,
2931 5161 3011 5212 ὅτι
3047 5159 3286 5228 Ἐρευνᾷ
3332 5159 3440 5224 τὰς
3480 5159 3728 5226 καρδίας

2160 5246 2277 5299 τῶν
2308 5243 2645 5313 ἀνθρώπων.
2680 5245 2778 5296 οὐκ
2805 5244 3021 5311 ἀγνοίας
3049 5244 3146 5312 τὴν
3177 5242 3398 5311 ἔρευναν
3430 5240 3724 5309 δείκνυσιν,

2158 5329 2274 5381 ἀλλ’
2300 5325 2557 5397 ἀκριϐοῦς
2593 5324 2865 5396 είδήσεως·
2920 5325 3061 5377 οὕτω
3093 5324 3154 5393 δὴ
3184 5325 3276 5376 καὶ
3318 5324 3446 5376 ὅταν
3476 5323 3609 5397 λέγῃ
3645 5327 3725 5379 ὃτι

2171 5412 2537 5478 Ἐπείρασεν.
2577 5410 2726 5462 οὐδὲν
2753 5407 2880 5461 ἄλλο
2920 5407 3104 5476 φησὶν,
3137 5405 3249 5458 ἀλλ’
3279 5406 3312 5475 ἦ
3348 5406 3428 5459 ὃτι
3458 5408 3724 5476 ἠπίστατο

2158 5494 2418 5564 ἀκριϐῶς.
2454 5493 2565 5545 Κᾶν
2585 5493 2767 5559 ἓτερον
2792 5489 2847 5541 66
2871 5488 3018 5541 ἔστιν
3043 5490 3233 5551 εἰπεῖν,
3257 5489 3337 5542 ὅτι
3360 5490 3724 5563 δοκιμώτεροι)

2158 5577 2319 5630 αὐτὸν
2345 5575 2645 5643 εἰργάζετο.
2672 5572 2860 5640 ὥσπερ
2884 5567 2974 5623 οὖν
3001 5571 3092 5624 τὸν
3128 5572 3376 5644 Ἀϐραὰμ
3407 5574 3550 5640 τότε,
3582 5575 3724 5628 οὕτω

2161 5661 2251 5712 καὶ
2279 5657 2464 5710 τοῦτον
2485 5656 2573 5707 δ·ἀ
2596 5654 2693 5724 τῆς
2725 5653 2980 5726 τοιαύτης
3012 5658 3330 5728 ἐρωτήσεως
3375 5659 3582 5726 ἐνάγων
3628 5659 3723 5710 νῦν

2227 5740 2244 5776 f
2275 5736 2855 5803 δῃνῑιηκαζπροσέχων.
2902 5742 2950 5803 778
2973 5740 3131 5788 Verba
3177 5742 3228 5789 δὲ
3268 5742 3414 5803 ὅμως,
3439 5753 3552 5803 cum
3571 5741 3723 5788 Savil.

2158 5799 2671 5863 οςριιιιςεξιιιιιιηιίυιτ.
2740 5802 2765 5834 ιι
2797 5799 2946 5849 Salvi].
2990 5808 3127 5862 putat
3167 5799 3432 5863 legendum
3475 5802 3566 5859 πε.ηό
3598 5802 3725 5863 γενέ-

2159 5860 2294 5916 σεως.
2332 5860 2448 5909 Non
2476 5860 2681 5908 advertit
2707 5872 2884 5921 nempe
2930 5860 3477 5912 ιιιῚιὶεῑυιτὶιίὸυεςιιιιιω
3499 5865 3569 5906 sic
3605 5861 3722 5919 legi,

2167 5936 2210 5971 γ.
2236 5928 2310 5972 42.
