  <div class='ocr_page' id='page_1' title='image "/cluster/home/n/w/nwhite01/storage/ocr_20150623/59/mdp.39015009383640/239.png"; bbox 0 0 4104 6156; ppageno 0'>
   <div class='ocr_carea' id='block_1_1' title="bbox 388 289 488 343">
    <p class='ocr_par' dir='ltr' id='par_1_1' title="bbox 388 289 488 343">
     <span class='ocr_line' id='line_1_1' title="bbox 388 289 488 343; baseline -0.01 0"><span class='ocrx_word' id='word_1_1' title='bbox 388 289 488 343; x_wconf 67' lang='grc' dir='ltr'>ΞΠ</span> 
     </span>
    </p>
   </div>
   <div class='ocr_carea' id='block_1_2' title="bbox 384 405 1967 482">
    <p class='ocr_par' dir='ltr' id='par_1_2' title="bbox 384 405 1967 482">
     <span class='ocr_line' id='line_1_2' title="bbox 384 405 1967 482; baseline 0.001 -23"><span class='ocrx_word' id='word_1_2' title='bbox 384 408 466 471; x_wconf 89' lang='grc' dir='ltr'>είς</span> <span class='ocrx_word' id='word_1_3' title='bbox 494 406 593 478; x_wconf 78' lang='grc' dir='ltr'>τὴν</span> <span class='ocrx_word' id='word_1_4' title='bbox 619 406 821 479; x_wconf 87' lang='grc' dir='ltr'>ἀκριϐῆ</span> <span class='ocrx_word' id='word_1_5' title='bbox 852 405 945 459; x_wconf 88' lang='grc' dir='ltr'>τοῦ</span> <span class='ocrx_word' id='word_1_6' title='bbox 977 408 1203 477; x_wconf 81' lang='grc' dir='ltr'>σημείου</span> <span class='ocrx_word' id='word_1_7' title='bbox 1237 409 1459 476; x_wconf 88' lang='grc' dir='ltr'>γνῶσιν.</span> <span class='ocrx_word' id='word_1_8' title='bbox 1488 409 1587 463; x_wconf 86' lang='grc' dir='ltr'>Διά</span> <span class='ocrx_word' id='word_1_9' title='bbox 1610 409 1674 482; x_wconf 82' lang='grc' dir='ltr'>δὴ</span> <span class='ocrx_word' id='word_1_10' title='bbox 1695 410 1851 463; x_wconf 88' lang='grc' dir='ltr'>τοῦτο</span> <span class='ocrx_word' id='word_1_11' title='bbox 1873 409 1967 463; x_wconf 75' lang='grc' dir='ltr'>καὶ</span> 
     </span>
    </p>
   </div>
   <div class='ocr_carea' id='block_1_3' title="bbox 383 489 1964 564">
    <p class='ocr_par' dir='ltr' id='par_1_3' title="bbox 383 489 1964 564">
     <span class='ocr_line' id='line_1_3' title="bbox 383 489 1964 564; baseline 0.001 -22"><span class='ocrx_word' id='word_1_12' title='bbox 383 489 415 542; x_wconf 88' lang='lat'>6</span> <span class='ocrx_word' id='word_1_13' title='bbox 442 490 852 560; x_wconf 82' lang='grc' dir='ltr'>εὑαγγελιστὴς,</span> <span class='ocrx_word' id='word_1_14' title='bbox 884 490 972 543; x_wconf 81' lang='grc' dir='ltr'>ἵνα</span> <span class='ocrx_word' id='word_1_15' title='bbox 1014 489 1090 563; x_wconf 81' lang='grc' dir='ltr'>μὴ</span> <span class='ocrx_word' id='word_1_16' title='bbox 1118 494 1183 563; x_wconf 82' lang='grc' dir='ltr'>τῇ</span> <span class='ocrx_word' id='word_1_17' title='bbox 1229 492 1486 564; x_wconf 83' lang='grc' dir='ltr'>ἀσθενείᾳ</span> <span class='ocrx_word' id='word_1_18' title='bbox 1515 494 1614 563; x_wconf 86' lang='grc' dir='ltr'>τῆς</span> <span class='ocrx_word' id='word_1_19' title='bbox 1647 492 1843 557; x_wconf 85' lang='grc' dir='ltr'>λέξεως</span> <span class='ocrx_word' id='word_1_20' title='bbox 1879 494 1964 544; x_wconf 83' lang='grc' dir='ltr'>ὲν-</span> 
     </span>
    </p>
   </div>
   <div class='ocr_carea' id='block_1_4' title="bbox 385 570 1962 648">
    <p class='ocr_par' dir='ltr' id='par_1_4' title="bbox 385 570 1962 648">
     <span class='ocr_line' id='line_1_4' title="bbox 385 570 1962 648; baseline 0.001 -22"><span class='ocrx_word' id='word_1_21' title='bbox 385 572 705 642; x_wconf 88' lang='grc' dir='ltr'>απομείνας,</span> <span class='ocrx_word' id='word_1_22' title='bbox 736 570 1081 646; x_wconf 76' lang='grc' dir='ltr'>ὑποπτεύσῃς</span> <span class='ocrx_word' id='word_1_23' title='bbox 1105 592 1157 628; x_wconf 90' lang='grc' dir='ltr'>τι</span> <span class='ocrx_word' id='word_1_24' title='bbox 1185 574 1338 648; x_wconf 73' lang='lat'>[250]</span> <span class='ocrx_word' id='word_1_25' title='bbox 1362 578 1562 631; x_wconf 82' lang='grc' dir='ltr'>ἄτοπον</span> <span class='ocrx_word' id='word_1_26' title='bbox 1587 576 1717 647; x_wconf 75' lang='grc' dir='ltr'>περὶ</span> <span class='ocrx_word' id='word_1_27' title='bbox 1749 575 1857 628; x_wconf 86' lang='grc' dir='ltr'>τῶν</span> <span class='ocrx_word' id='word_1_28' title='bbox 1885 576 1962 628; x_wconf 84' lang='grc' dir='ltr'>εί-</span> 
     </span>
    </p>
   </div>
   <div class='ocr_carea' id='block_1_5' title="bbox 389 655 1964 730">
    <p class='ocr_par' dir='ltr' id='par_1_5' title="bbox 389 655 1964 730">
     <span class='ocr_line' id='line_1_5' title="bbox 389 655 1964 730; baseline 0.004 -25"><span class='ocrx_word' id='word_1_29' title='bbox 389 655 659 725; x_wconf 83' lang='grc' dir='ltr'>ρημένων,</span> <span class='ocrx_word' id='word_1_30' title='bbox 707 655 1006 726; x_wconf 76' lang='grc' dir='ltr'>ἐπήγαγεν·</span> <span class='ocrx_word' id='word_1_31' title='bbox 1054 657 1243 724; x_wconf 85' lang='grc' dir='ltr'>Αὐτὸς</span> <span class='ocrx_word' id='word_1_32' title='bbox 1290 661 1400 729; x_wconf 77' lang='grc' dir='ltr'>γὰρ</span> <span class='ocrx_word' id='word_1_33' title='bbox 1453 661 1583 730; x_wconf 67' lang='grc' dir='ltr'>ᾔδει</span> <span class='ocrx_word' id='word_1_34' title='bbox 1631 660 1688 713; x_wconf 82' lang='grc' dir='ltr'><strong><em>τί</em></strong></span> <span class='ocrx_word' id='word_1_35' title='bbox 1746 660 1964 729; x_wconf 64' lang='grc' dir='ltr'>ἔμελλε</span> 
     </span>
    </p>
   </div>
   <div class='ocr_carea' id='block_1_6' title="bbox 384 736 1962 813">
    <p class='ocr_par' dir='ltr' id='par_1_6' title="bbox 384 736 1962 813">
     <span class='ocr_line' id='line_1_6' title="bbox 384 736 1962 813; baseline 0.003 -24"><span class='ocrx_word' id='word_1_36' title='bbox 384 736 595 791; x_wconf 78' lang='grc' dir='ltr'>ποιεῖν.</span> <span class='ocrx_word' id='word_1_37' title='bbox 643 737 790 809; x_wconf 85' lang='grc' dir='ltr'>Πλὴν</span> <span class='ocrx_word' id='word_1_38' title='bbox 824 740 1004 793; x_wconf 86' lang='grc' dir='ltr'>ἐκεῖνο</span> <span class='ocrx_word' id='word_1_39' title='bbox 1057 744 1396 813; x_wconf 79' lang='grc' dir='ltr'>παρατηρεῖν</span> <span class='ocrx_word' id='word_1_40' title='bbox 1448 742 1766 813; x_wconf 83' lang='grc' dir='ltr'>ἀναγκαῖον,</span> <span class='ocrx_word' id='word_1_41' title='bbox 1823 742 1962 809; x_wconf 84' lang='grc' dir='ltr'>πῶς,</span> 
     </span>
    </p>
   </div>
   <div class='ocr_carea' id='block_1_7' title="bbox 382 817 1965 897">
    <p class='ocr_par' dir='ltr' id='par_1_7' title="bbox 382 817 1965 897">
     <span class='ocr_line' id='line_1_7' title="bbox 382 817 1965 897; baseline 0.003 -22"><span class='ocrx_word' id='word_1_42' title='bbox 382 822 511 876; x_wconf 83' lang='grc' dir='ltr'>ὅταν</span> <span class='ocrx_word' id='word_1_43' title='bbox 607 822 834 877; x_wconf 81' lang='grc' dir='ltr'>ὑπόνοια</span> <span class='ocrx_word' id='word_1_44' title='bbox 860 823 1097 895; x_wconf 80' lang='grc' dir='ltr'>πονηρὰ,</span> <span class='ocrx_word' id='word_1_45' title='bbox 1122 824 1286 888; x_wconf 80' lang='grc' dir='ltr'>εὑθὺς</span> <span class='ocrx_word' id='word_1_46' title='bbox 1312 826 1483 897; x_wconf 85' lang='grc' dir='ltr'>αὑτὴν</span> <span class='ocrx_word' id='word_1_47' title='bbox 1516 828 1544 880; x_wconf 97' lang='lat'>6</span> <span class='ocrx_word' id='word_1_48' title='bbox 1574 824 1965 897; x_wconf 81' lang='grc' dir='ltr'>εὑαγγελιστὴς</span> 
     </span>
    </p>
   </div>
   <div class='ocr_carea' id='block_1_8' title="bbox 387 904 1963 979">
    <p class='ocr_par' dir='ltr' id='par_1_8' title="bbox 387 904 1963 979">
     <span class='ocr_line' id='line_1_8' title="bbox 387 904 1963 979; baseline 0.001 -22"><span class='ocrx_word' id='word_1_49' title='bbox 387 904 527 975; x_wconf 84' lang='grc' dir='ltr'>μετά</span> <span class='ocrx_word' id='word_1_50' title='bbox 573 905 773 977; x_wconf 85' lang='grc' dir='ltr'>πολλῆς</span> <span class='ocrx_word' id='word_1_51' title='bbox 819 905 1218 979; x_wconf 87' lang='grc' dir='ltr'>ἐπιδιορθοῦται</span> <span class='ocrx_word' id='word_1_52' title='bbox 1264 919 1291 948; x_wconf 74' lang='grc' dir='ltr'>ι</span> <span class='ocrx_word' id='word_1_53' title='bbox 1336 909 1433 978; x_wconf 88' lang='grc' dir='ltr'>τῆς</span> <span class='ocrx_word' id='word_1_54' title='bbox 1476 909 1732 979; x_wconf 88' lang='grc' dir='ltr'>σπουδῆς.</span> <span class='ocrx_word' id='word_1_55' title='bbox 1752 909 1963 979; x_wconf 83' lang='grc' dir='ltr'>Ὥσπερ</span> 
     </span>
    </p>
   </div>
   <div class='ocr_carea' id='block_1_9' title="bbox 381 985 1964 1061">
    <p class='ocr_par' dir='ltr' id='par_1_9' title="bbox 381 985 1964 1061">
     <span class='ocr_line' id='line_1_9' title="bbox 381 985 1964 1061; baseline 0.001 -19"><span class='ocrx_word' id='word_1_56' title='bbox 381 985 476 1043; x_wconf 81' lang='grc' dir='ltr'>οὖν</span> <span class='ocrx_word' id='word_1_57' title='bbox 525 990 779 1055; x_wconf 89' lang='grc' dir='ltr'>ἐνταῦθα,</span> <span class='ocrx_word' id='word_1_58' title='bbox 821 991 908 1045; x_wconf 77' lang='grc' dir='ltr'>ἵνα</span> <span class='ocrx_word' id='word_1_59' title='bbox 954 992 1028 1061; x_wconf 88' lang='grc' dir='ltr'>μή</span> <span class='ocrx_word' id='word_1_60' title='bbox 1072 1009 1127 1045; x_wconf 89' lang='grc' dir='ltr'>τι</span> <span class='ocrx_word' id='word_1_61' title='bbox 1170 993 1411 1046; x_wconf 85' lang='grc' dir='ltr'>τοιοῦτον</span> <span class='ocrx_word' id='word_1_62' title='bbox 1456 993 1868 1047; x_wconf 88' lang='grc' dir='ltr'>ὑποπτεύσωσιν</span> <span class='ocrx_word' id='word_1_63' title='bbox 1915 993 1964 1045; x_wconf 90' lang='grc' dir='ltr'>οί</span> 
     </span>
    </p>
   </div>
   <div class='ocr_carea' id='block_1_10' title="bbox 376 1072 1966 1148">
    <p class='ocr_par' dir='ltr' id='par_1_10' title="bbox 376 1072 1966 1148">
     <span class='ocr_line' id='line_1_10' title="bbox 376 1072 1966 1148; baseline 0.003 -23"><span class='ocrx_word' id='word_1_64' title='bbox 376 1072 693 1138; x_wconf 79' lang='grc' dir='ltr'>ἀκούοντες,</span> <span class='ocrx_word' id='word_1_65' title='bbox 723 1075 1036 1146; x_wconf 87' lang='grc' dir='ltr'>προσέθηκε</span> <span class='ocrx_word' id='word_1_66' title='bbox 1066 1076 1165 1146; x_wconf 86' lang='grc' dir='ltr'>τὴν</span> <span class='ocrx_word' id='word_1_67' title='bbox 1196 1075 1597 1148; x_wconf 86' lang='grc' dir='ltr'>ἐπιδιόρθωσιν,</span> <span class='ocrx_word' id='word_1_68' title='bbox 1631 1074 1818 1130; x_wconf 84' lang='grc' dir='ltr'>εἰπών·</span> <span class='ocrx_word' id='word_1_69' title='bbox 1851 1077 1966 1129; x_wconf 83' lang='grc' dir='ltr'>Αὐ-</span> 
     </span>
    </p>
   </div>
   <div class='ocr_carea' id='block_1_11' title="bbox 382 1156 1967 1227">
    <p class='ocr_par' dir='ltr' id='par_1_11' title="bbox 382 1156 1967 1227">
     <span class='ocr_line' id='line_1_11' title="bbox 382 1156 1967 1227; baseline 0.003 -18"><span class='ocrx_word' id='word_1_70' title='bbox 382 1157 487 1223; x_wconf 78' lang='grc' dir='ltr'>τὸς</span> <span class='ocrx_word' id='word_1_71' title='bbox 519 1158 631 1226; x_wconf 79' lang='grc' dir='ltr'>γὰρ</span> <span class='ocrx_word' id='word_1_72' title='bbox 663 1156 793 1227; x_wconf 72' lang='grc' dir='ltr'>ᾔδει</span> <span class='ocrx_word' id='word_1_73' title='bbox 823 1158 881 1211; x_wconf 84' lang='grc' dir='ltr'>τι</span> <span class='ocrx_word' id='word_1_74' title='bbox 910 1158 1131 1227; x_wconf 77' lang='grc' dir='ltr'>ἔμελλε</span> <span class='ocrx_word' id='word_1_75' title='bbox 1164 1159 1379 1213; x_wconf 80' lang='grc' dir='ltr'>ποιεῖν·</span> <span class='ocrx_word' id='word_1_76' title='bbox 1418 1158 1561 1212; x_wconf 80' lang='grc' dir='ltr'>οὕτω</span> <span class='ocrx_word' id='word_1_77' title='bbox 1605 1159 1703 1212; x_wconf 74' lang='grc' dir='ltr'>καὶ</span> <span class='ocrx_word' id='word_1_78' title='bbox 1733 1161 1849 1212; x_wconf 86' lang='grc' dir='ltr'>ἐκεῖ</span> <span class='ocrx_word' id='word_1_79' title='bbox 1881 1158 1967 1213; x_wconf 90' lang='grc' dir='ltr'>λέ-</span> 
     </span>
    </p>
   </div>
   <div class='ocr_carea' id='block_1_12' title="bbox 383 1241 1966 1312">
    <p class='ocr_par' dir='ltr' id='par_1_12' title="bbox 383 1241 1966 1312">
     <span class='ocr_line' id='line_1_12' title="bbox 383 1241 1966 1312; baseline 0.001 -18"><span class='ocrx_word' id='word_1_80' title='bbox 383 1258 515 1308; x_wconf 82' lang='grc' dir='ltr'>γων,</span> <span class='ocrx_word' id='word_1_81' title='bbox 539 1242 622 1295; x_wconf 80' lang='grc' dir='ltr'>ὅτι</span> <span class='ocrx_word' id='word_1_82' title='bbox 655 1241 875 1295; x_wconf 81' lang='grc' dir='ltr'>ἐδίωκον</span> <span class='ocrx_word' id='word_1_83' title='bbox 914 1243 1076 1296; x_wconf 83' lang='grc' dir='ltr'>αὑτὸν</span> <span class='ocrx_word' id='word_1_84' title='bbox 1121 1244 1170 1296; x_wconf 92' lang='grc' dir='ltr'>οἱ</span> <span class='ocrx_word' id='word_1_85' title='bbox 1214 1243 1478 1308; x_wconf 83' lang='grc' dir='ltr'>Ἰουδαῖοι,</span> <span class='ocrx_word' id='word_1_86' title='bbox 1532 1244 1615 1297; x_wconf 82' lang='grc' dir='ltr'>Οὐ</span> <span class='ocrx_word' id='word_1_87' title='bbox 1647 1244 1840 1312; x_wconf 84' lang='grc' dir='ltr'>μόνον</span> <span class='ocrx_word' id='word_1_88' title='bbox 1877 1243 1966 1296; x_wconf 85' lang='grc' dir='ltr'>ὅτι</span> 
     </span>
    </p>
   </div>
   <div class='ocr_carea' id='block_1_13' title="bbox 381 1324 1966 1395">
    <p class='ocr_par' dir='ltr' id='par_1_13' title="bbox 381 1324 1966 1395">
     <span class='ocr_line' id='line_1_13' title="bbox 381 1324 1966 1395; baseline 0.001 -16"><span class='ocrx_word' id='word_1_89' title='bbox 381 1326 526 1379; x_wconf 73' lang='grc' dir='ltr'>ἔλυε</span> <span class='ocrx_word' id='word_1_90' title='bbox 562 1325 628 1379; x_wconf 80' lang='grc' dir='ltr'>τό</span> <span class='ocrx_word' id='word_1_91' title='bbox 681 1324 1003 1390; x_wconf 80' lang='grc' dir='ltr'>σάϐϐατον,</span> <span class='ocrx_word' id='word_1_92' title='bbox 1053 1326 1193 1380; x_wconf 76' lang='grc' dir='ltr'>ἀλλ’</span> <span class='ocrx_word' id='word_1_93' title='bbox 1240 1325 1330 1380; x_wconf 87' lang='grc' dir='ltr'>ὅτι</span> <span class='ocrx_word' id='word_1_94' title='bbox 1379 1328 1476 1380; x_wconf 79' lang='grc' dir='ltr'>καὶ</span> <span class='ocrx_word' id='word_1_95' title='bbox 1534 1327 1765 1395; x_wconf 82' lang='grc' dir='ltr'>Πατέρα</span> <span class='ocrx_word' id='word_1_96' title='bbox 1810 1326 1966 1380; x_wconf 81' lang='grc' dir='ltr'>ίδιον</span> 
     </span>
    </p>
   </div>
   <div class='ocr_carea' id='block_1_14' title="bbox 380 1408 1964 1480">
    <p class='ocr_par' dir='ltr' id='par_1_14' title="bbox 380 1408 1964 1480">
     <span class='ocr_line' id='line_1_14' title="bbox 380 1408 1964 1480; baseline 0.001 -18"><span class='ocrx_word' id='word_1_97' title='bbox 380 1409 553 1480; x_wconf 75' lang='grc' dir='ltr'>ἔλεγε</span> <span class='ocrx_word' id='word_1_98' title='bbox 597 1409 703 1462; x_wconf 82' lang='grc' dir='ltr'>τὸν</span> <span class='ocrx_word' id='word_1_99' title='bbox 741 1409 908 1474; x_wconf 86' lang='grc' dir='ltr'>Θεὸν,</span> <span class='ocrx_word' id='word_1_100' title='bbox 937 1408 1077 1462; x_wconf 76' lang='grc' dir='ltr'>ἴσον</span> <span class='ocrx_word' id='word_1_101' title='bbox 1114 1409 1326 1463; x_wconf 83' lang='grc' dir='ltr'>ἑαυτὸν</span> <span class='ocrx_word' id='word_1_102' title='bbox 1370 1408 1559 1463; x_wconf 77' lang='grc' dir='ltr'>ποιῶν</span> <span class='ocrx_word' id='word_1_103' title='bbox 1588 1410 1667 1475; x_wconf 85' lang='grc' dir='ltr'>τῷ</span> <span class='ocrx_word' id='word_1_104' title='bbox 1708 1408 1864 1474; x_wconf 80' lang='grc' dir='ltr'>θεῷ·</span> <span class='ocrx_word' id='word_1_105' title='bbox 1915 1410 1964 1463; x_wconf 89' lang='grc' dir='ltr'>εί</span> 
     </span>
    </p>
   </div>
   <div class='ocr_carea' id='block_1_15' title="bbox 382 1487 1964 1564">
    <p class='ocr_par' dir='ltr' id='par_1_15' title="bbox 382 1487 1964 1564">
     <span class='ocr_line' id='line_1_15' title="bbox 382 1487 1964 1564; baseline 0.001 -20"><span class='ocrx_word' id='word_1_106' title='bbox 382 1492 459 1563; x_wconf 82' lang='grc' dir='ltr'>μὴ</span> <span class='ocrx_word' id='word_1_107' title='bbox 501 1492 774 1561; x_wconf 75' lang='grc' dir='ltr'>ἀπόφασις</span> <span class='ocrx_word' id='word_1_108' title='bbox 816 1487 885 1562; x_wconf 77' lang='grc' dir='ltr'>ἦν</span> <span class='ocrx_word' id='word_1_109' title='bbox 914 1490 1080 1545; x_wconf 88' lang='grc' dir='ltr'>αὑτοῦ</span> <span class='ocrx_word' id='word_1_110' title='bbox 1114 1493 1208 1545; x_wconf 87' lang='grc' dir='ltr'>τοῦ</span> <span class='ocrx_word' id='word_1_111' title='bbox 1259 1493 1496 1564; x_wconf 86' lang='grc' dir='ltr'>Χριστοῦ</span> <span class='ocrx_word' id='word_1_112' title='bbox 1526 1492 1617 1547; x_wconf 83' lang='grc' dir='ltr'>διὰ</span> <span class='ocrx_word' id='word_1_113' title='bbox 1645 1492 1755 1546; x_wconf 84' lang='grc' dir='ltr'>τῶν</span> <span class='ocrx_word' id='word_1_114' title='bbox 1789 1492 1964 1563; x_wconf 74' lang='grc' dir='ltr'>ἔργων</span> 
     </span>
    </p>
   </div>
   <div class='ocr_carea' id='block_1_16' title="bbox 382 1575 1965 1648">
    <p class='ocr_par' dir='ltr' id='par_1_16' title="bbox 382 1575 1965 1648">
     <span class='ocr_line' id='line_1_16' title="bbox 382 1575 1965 1648; baseline 0.001 -20"><span class='ocrx_word' id='word_1_115' title='bbox 382 1575 762 1647; x_wconf 82' lang='grc' dir='ltr'>βεϐαιουμένη,</span> <span class='ocrx_word' id='word_1_116' title='bbox 797 1575 1138 1647; x_wconf 81' lang='grc' dir='ltr'>προσέθηκεν</span> <span class='ocrx_word' id='word_1_117' title='bbox 1168 1575 1233 1630; x_wconf 88' lang='grc' dir='ltr'>ἂν</span> <span class='ocrx_word' id='word_1_118' title='bbox 1263 1578 1424 1629; x_wconf 84' lang='grc' dir='ltr'>κάκεῖ</span> <span class='ocrx_word' id='word_1_119' title='bbox 1455 1575 1552 1647; x_wconf 85' lang='grc' dir='ltr'>τὴν</span> <span class='ocrx_word' id='word_1_120' title='bbox 1586 1575 1965 1648; x_wconf 87' lang='grc' dir='ltr'>ἐπιδιόρθωσιν</span> 
     </span>
    </p>
   </div>
   <div class='ocr_carea' id='block_1_17' title="bbox 378 1653 1965 1730">
    <p class='ocr_par' dir='ltr' id='par_1_17' title="bbox 378 1653 1965 1730">
     <span class='ocr_line' id='line_1_17' title="bbox 378 1653 1965 1730; baseline 0 -18"><span class='ocrx_word' id='word_1_121' title='bbox 378 1659 603 1729; x_wconf 89' lang='grc' dir='ltr'>ταύτην.</span> <span class='ocrx_word' id='word_1_122' title='bbox 633 1661 695 1712; x_wconf 73' lang='lat' dir='ltr'>El</span> <span class='ocrx_word' id='word_1_123' title='bbox 732 1659 844 1730; x_wconf 89' lang='lat'>7&amp;9</span> <span class='ocrx_word' id='word_1_124' title='bbox 871 1659 927 1713; x_wconf 90' lang='grc' dir='ltr'>ἐν</span> <span class='ocrx_word' id='word_1_125' title='bbox 953 1653 1034 1721; x_wconf 76' lang='grc' dir='ltr'>οἷς</span> <span class='ocrx_word' id='word_1_126' title='bbox 1064 1660 1225 1721; x_wconf 85' lang='grc' dir='ltr'>αὑτὸς</span> <span class='ocrx_word' id='word_1_127' title='bbox 1251 1659 1422 1727; x_wconf 83' lang='grc' dir='ltr'>λέγει,</span> <span class='ocrx_word' id='word_1_128' title='bbox 1460 1660 1726 1730; x_wconf 80' lang='grc' dir='ltr'>ὑφορᾶται</span> <span class='ocrx_word' id='word_1_129' title='bbox 1751 1662 1779 1713; x_wconf 90' lang='lat'>6</span> <span class='ocrx_word' id='word_1_130' title='bbox 1804 1660 1965 1728; x_wconf 89' lang='grc' dir='ltr'>εὑαγ-</span> 
     </span>
    </p>
   </div>
   <div class='ocr_carea' id='block_1_18' title="bbox 378 1736 1966 1813">
    <p class='ocr_par' dir='ltr' id='par_1_18' title="bbox 378 1736 1966 1813">
     <span class='ocr_line' id='line_1_18' title="bbox 378 1736 1966 1813; baseline 0.001 -18"><span class='ocrx_word' id='word_1_131' title='bbox 378 1742 651 1812; x_wconf 82' lang='grc' dir='ltr'>γελιστὴς,</span> <span class='ocrx_word' id='word_1_132' title='bbox 707 1744 781 1813; x_wconf 89' lang='grc' dir='ltr'>μή</span> <span class='ocrx_word' id='word_1_133' title='bbox 817 1758 901 1804; x_wconf 90' lang='grc' dir='ltr'>τις</span> <span class='ocrx_word' id='word_1_134' title='bbox 946 1740 1295 1813; x_wconf 81' lang='grc' dir='ltr'>ὑποπτεύσῃ·</span> <span class='ocrx_word' id='word_1_135' title='bbox 1334 1741 1515 1812; x_wconf 80' lang='grc' dir='ltr'>πολλῷ</span> <span class='ocrx_word' id='word_1_136' title='bbox 1558 1742 1757 1812; x_wconf 82' lang='grc' dir='ltr'>μᾶλλον</span> <span class='ocrx_word' id='word_1_137' title='bbox 1793 1744 1851 1795; x_wconf 88' lang='grc' dir='ltr'>ἐν</span> <span class='ocrx_word' id='word_1_138' title='bbox 1884 1736 1966 1805; x_wconf 78' lang='grc' dir='ltr'>οἷς</span> 
     </span>
    </p>
   </div>
   <div class='ocr_carea' id='block_1_19' title="bbox 378 1812 1962 1898">
    <p class='ocr_par' dir='ltr' id='par_1_19' title="bbox 378 1812 1962 1898">
     <span class='ocr_line' id='line_1_19' title="bbox 378 1812 1962 1898; baseline -0.001 -19"><span class='ocrx_word' id='word_1_139' title='bbox 378 1828 557 1898; x_wconf 67' lang='grc' dir='ltr'>ἕτεροι</span> <span class='ocrx_word' id='word_1_140' title='bbox 584 1825 714 1896; x_wconf 68' lang='grc' dir='ltr'>περὶ</span> <span class='ocrx_word' id='word_1_141' title='bbox 752 1812 917 1877; x_wconf 86' lang='grc' dir='ltr'>αὑτοῦ</span> <span class='ocrx_word' id='word_1_142' title='bbox 960 1823 1119 1877; x_wconf 89' lang='grc' dir='ltr'>τοῦτο</span> <span class='ocrx_word' id='word_1_143' title='bbox 1150 1812 1357 1893; x_wconf 76' lang='grc' dir='ltr'>ἑλέγον,</span> <span class='ocrx_word' id='word_1_144' title='bbox 1391 1825 1641 1877; x_wconf 80' lang='grc' dir='ltr'>ὑπείδετο</span> <span class='ocrx_word' id='word_1_145' title='bbox 1664 1823 1754 1889; x_wconf 83' lang='grc' dir='ltr'>ἂν,</span> <span class='ocrx_word' id='word_1_146' title='bbox 1800 1826 1848 1877; x_wconf 89' lang='grc' dir='ltr'>εί</span> <span class='ocrx_word' id='word_1_147' title='bbox 1889 1824 1962 1896; x_wconf 80' lang='grc' dir='ltr'>μὴ</span> 
     </span>
    </p>
   </div>
   <div class='ocr_carea' id='block_1_20' title="bbox 382 1906 1962 1981">
    <p class='ocr_par' dir='ltr' id='par_1_20' title="bbox 382 1906 1962 1981">
     <span class='ocr_line' id='line_1_20' title="bbox 382 1906 1962 1981; baseline -0.001 -19"><span class='ocrx_word' id='word_1_148' title='bbox 382 1910 765 1981; x_wconf 82' lang='grc' dir='ltr'>προσήκουσαν</span> <span class='ocrx_word' id='word_1_149' title='bbox 798 1906 943 1979; x_wconf 87' lang='grc' dir='ltr'>ἐώρα</span> <span class='ocrx_word' id='word_1_150' title='bbox 976 1907 1104 1977; x_wconf 79' lang='grc' dir='ltr'>περὶ</span> <span class='ocrx_word' id='word_1_151' title='bbox 1145 1908 1310 1960; x_wconf 89' lang='grc' dir='ltr'>αὑτοῦ</span> <span class='ocrx_word' id='word_1_152' title='bbox 1343 1906 1652 1979; x_wconf 87' lang='grc' dir='ltr'>κρατοῦσαν</span> <span class='ocrx_word' id='word_1_153' title='bbox 1683 1907 1962 1966; x_wconf 87' lang='grc' dir='ltr'>ὑπόνοιαν.</span> 
     </span>
    </p>
   </div>
   <div class='ocr_carea' id='block_1_21' title="bbox 391 1987 1966 2062">
    <p class='ocr_par' dir='ltr' id='par_1_21' title="bbox 391 1987 1966 2062">
     <span class='ocr_line' id='line_1_21' title="bbox 391 1987 1966 2062; baseline 0.001 -19"><span class='ocrx_word' id='word_1_154' title='bbox 391 1991 530 2044; x_wconf 86' lang='grc' dir='ltr'>Ἀλλ’</span> <span class='ocrx_word' id='word_1_155' title='bbox 563 1991 665 2044; x_wconf 90' lang='grc' dir='ltr'>οὑκ</span> <span class='ocrx_word' id='word_1_156' title='bbox 697 1990 970 2061; x_wconf 84' lang='grc' dir='ltr'>ἐποίησεν·</span> <span class='ocrx_word' id='word_1_157' title='bbox 1004 1990 1120 2061; x_wconf 76' lang='grc' dir='ltr'>ᾔδει</span> <span class='ocrx_word' id='word_1_158' title='bbox 1152 1989 1261 2061; x_wconf 86' lang='lat'>7&amp;9</span> <span class='ocrx_word' id='word_1_159' title='bbox 1294 1990 1459 2045; x_wconf 90' lang='grc' dir='ltr'>αὑτοῦ</span> <span class='ocrx_word' id='word_1_160' title='bbox 1496 1989 1594 2062; x_wconf 79' lang='grc' dir='ltr'>τὴν</span> <span class='ocrx_word' id='word_1_161' title='bbox 1621 1989 1849 2062; x_wconf 83' lang='grc' dir='ltr'>γνώμην</span> <span class='ocrx_word' id='word_1_162' title='bbox 1874 1987 1966 2044; x_wconf 81' lang='grc' dir='ltr'>οῦ-</span> 
     </span>
    </p>
   </div>
   <div class='ocr_carea' id='block_1_22' title="bbox 381 2072 1965 2144">
    <p class='ocr_par' dir='ltr' id='par_1_22' title="bbox 381 2072 1965 2144">
     <span class='ocr_line' id='line_1_22' title="bbox 381 2072 1965 2144; baseline 0.001 -17"><span class='ocrx_word' id='word_1_163' title='bbox 381 2091 480 2128; x_wconf 90' lang='grc' dir='ltr'>σαν</span> <span class='ocrx_word' id='word_1_164' title='bbox 502 2074 660 2128; x_wconf 89' lang='grc' dir='ltr'>τοῦτο</span> <span class='ocrx_word' id='word_1_165' title='bbox 684 2074 776 2127; x_wconf 79' lang='grc' dir='ltr'>καὶ</span> <span class='ocrx_word' id='word_1_166' title='bbox 795 2072 973 2144; x_wconf 75' lang='grc' dir='ltr'>ψῆφον</span> <span class='ocrx_word' id='word_1_167' title='bbox 994 2072 1272 2143; x_wconf 89' lang='grc' dir='ltr'>ἀκίνητον.</span> <span class='ocrx_word' id='word_1_168' title='bbox 1296 2072 1396 2126; x_wconf 88' lang='grc' dir='ltr'>Διά</span> <span class='ocrx_word' id='word_1_169' title='bbox 1415 2073 1573 2128; x_wconf 91' lang='grc' dir='ltr'>τοῦτο</span> <span class='ocrx_word' id='word_1_170' title='bbox 1592 2072 1965 2137; x_wconf 83' lang='grc' dir='ltr'>εἰπὼν,¹’Ῑσον</span> 
     </span>
    </p>
   </div>
   <div class='ocr_carea' id='block_1_23' title="bbox 377 2153 1963 2230">
    <p class='ocr_par' dir='ltr' id='par_1_23' title="bbox 377 2153 1963 2230">
     <span class='ocr_line' id='line_1_23' title="bbox 377 2153 1963 2230; baseline 0 -19"><span class='ocrx_word' id='word_1_171' title='bbox 377 2156 602 2212; x_wconf 82' lang='grc' dir='ltr'>ἑαυτὸν</span> <span class='ocrx_word' id='word_1_172' title='bbox 630 2157 816 2212; x_wconf 82' lang='grc' dir='ltr'>ποιῶν</span> <span class='ocrx_word' id='word_1_173' title='bbox 841 2155 922 2221; x_wconf 84' lang='grc' dir='ltr'>τῷ</span> <span class='ocrx_word' id='word_1_174' title='bbox 952 2153 1094 2221; x_wconf 85' lang='grc' dir='ltr'>Θεῷ,</span> <span class='ocrx_word' id='word_1_175' title='bbox 1139 2156 1238 2210; x_wconf 86' lang='grc' dir='ltr'>οὐκ</span> <span class='ocrx_word' id='word_1_176' title='bbox 1272 2157 1545 2229; x_wconf 84' lang='grc' dir='ltr'>ἐχρήσατο</span> <span class='ocrx_word' id='word_1_177' title='bbox 1584 2156 1963 2230; x_wconf 83' lang='grc' dir='ltr'>ἐπιδιορθώσει</span> 
     </span>
    </p>
   </div>
   <div class='ocr_carea' id='block_1_24' title="bbox 376 2236 1963 2313">
    <p class='ocr_par' dir='ltr' id='par_1_24' title="bbox 376 2236 1963 2313">
     <span class='ocr_line' id='line_1_24' title="bbox 376 2236 1963 2313; baseline 0 -19"><span class='ocrx_word' id='word_1_178' title='bbox 376 2242 485 2295; x_wconf 70' lang='grc' dir='ltr'>τινὶ</span> <span class='ocrx_word' id='word_1_179' title='bbox 516 2240 758 2313; x_wconf 86' lang='grc' dir='ltr'>τοιαύτῃ·</span> <span class='ocrx_word' id='word_1_180' title='bbox 782 2239 843 2294; x_wconf 86' lang='grc' dir='ltr'>οὑ</span> <span class='ocrx_word' id='word_1_181' title='bbox 869 2240 977 2312; x_wconf 89' lang='lat'>7&amp;9</span> <span class='ocrx_word' id='word_1_182' title='bbox 1002 2240 1225 2295; x_wconf 79' lang='grc' dir='ltr'>ἐκείνων</span> <span class='ocrx_word' id='word_1_183' title='bbox 1252 2236 1319 2312; x_wconf 78' lang='grc' dir='ltr'>ἦν</span> <span class='ocrx_word' id='word_1_184' title='bbox 1348 2241 1571 2294; x_wconf 78' lang='grc' dir='ltr'>ὑπόνοια</span> <span class='ocrx_word' id='word_1_185' title='bbox 1593 2240 1963 2313; x_wconf 82' lang='grc' dir='ltr'>διεφθαρμένη</span> 
     </span>
    </p>
   </div>
   <div class='ocr_carea' id='block_1_25' title="bbox 376 2322 1965 2397">
    <p class='ocr_par' dir='ltr' id='par_1_25' title="bbox 376 2322 1965 2397">
     <span class='ocr_line' id='line_1_25' title="bbox 376 2322 1965 2397; baseline 0 -19"><span class='ocrx_word' id='word_1_186' title='bbox 376 2325 439 2378; x_wconf 85' lang='grc' dir='ltr'>τὸ</span> <span class='ocrx_word' id='word_1_187' title='bbox 474 2324 789 2395; x_wconf 88' lang='grc' dir='ltr'>λεγόμενον,</span> <span class='ocrx_word' id='word_1_188' title='bbox 837 2322 952 2376; x_wconf 85' lang='grc' dir='ltr'>ἀλλ’</span> <span class='ocrx_word' id='word_1_189' title='bbox 987 2324 1261 2393; x_wconf 85' lang='grc' dir='ltr'>ἀπόφασις</span> <span class='ocrx_word' id='word_1_190' title='bbox 1290 2323 1452 2377; x_wconf 87' lang='grc' dir='ltr'>αὑτοῦ</span> <span class='ocrx_word' id='word_1_191' title='bbox 1487 2324 1848 2397; x_wconf 87' lang='grc' dir='ltr'>κεκυρωμένη</span> <span class='ocrx_word' id='word_1_192' title='bbox 1876 2325 1965 2378; x_wconf 76' lang='grc' dir='ltr'>διὰ</span> 
     </span>
    </p>
   </div>
   <div class='ocr_carea' id='block_1_26' title="bbox 376 2406 1964 2480">
    <p class='ocr_par' dir='ltr' id='par_1_26' title="bbox 376 2406 1964 2480">
     <span class='ocr_line' id='line_1_26' title="bbox 376 2406 1964 2480; baseline -0.001 -18"><span class='ocrx_word' id='word_1_193' title='bbox 376 2409 485 2462; x_wconf 84' lang='grc' dir='ltr'>τῶν</span> <span class='ocrx_word' id='word_1_194' title='bbox 519 2408 715 2480; x_wconf 80' lang='grc' dir='ltr'>ἔργων.</span> <span class='ocrx_word' id='word_1_195' title='bbox 753 2406 1153 2479; x_wconf 86' lang='grc' dir='ltr'>Ἐρωτηθέντος</span> <span class='ocrx_word' id='word_1_196' title='bbox 1199 2407 1379 2460; x_wconf 81' lang='grc' dir='ltr'>τοίνυν</span> <span class='ocrx_word' id='word_1_197' title='bbox 1407 2407 1500 2460; x_wconf 81' lang='grc' dir='ltr'>τοῦ</span> <span class='ocrx_word' id='word_1_198' title='bbox 1530 2407 1816 2469; x_wconf 83' lang='grc' dir='ltr'>Φιλίππου,</span> <span class='ocrx_word' id='word_1_199' title='bbox 1846 2411 1964 2477; x_wconf 81' lang='grc' dir='ltr'>Φη-</span> 
     </span>
    </p>
   </div>
   <div class='ocr_carea' id='block_1_27' title="bbox 377 2489 1964 2560">
    <p class='ocr_par' dir='ltr' id='par_1_27' title="bbox 377 2489 1964 2560">
     <span class='ocr_line' id='line_1_27' title="bbox 377 2489 1964 2560; baseline -0.001 -15"><span class='ocrx_word' id='word_1_200' title='bbox 377 2492 486 2545; x_wconf 81' lang='grc' dir='ltr'>σὶν</span> <span class='ocrx_word' id='word_1_201' title='bbox 518 2490 789 2560; x_wconf 78' lang='grc' dir='ltr'>Ἀνδρέας</span> <span class='ocrx_word' id='word_1_202' title='bbox 812 2493 846 2544; x_wconf 84' lang='grc' dir='ltr'>ό</span> <span class='ocrx_word' id='word_1_203' title='bbox 876 2490 1139 2560; x_wconf 72' lang='grc' dir='ltr'>ἀδελφὸς</span> <span class='ocrx_word' id='word_1_204' title='bbox 1170 2491 1436 2559; x_wconf 82' lang='grc' dir='ltr'>Σίμωνος</span> <span class='ocrx_word' id='word_1_205' title='bbox 1463 2489 1688 2558; x_wconf 80' lang='grc' dir='ltr'>Πέτρου</span> <span class='ocrx_word' id='word_1_206' title='bbox 1708 2507 1722 2520; x_wconf 94' lang='grc'>·</span> <span class='ocrx_word' id='word_1_207' title='bbox 1758 2492 1964 2544; x_wconf 72' lang='grc' dir='ltr'>Ἔστιν</span> 
     </span>
    </p>
   </div>
   <div class='ocr_carea' id='block_1_28' title="bbox 376 2568 1964 2644">
    <p class='ocr_par' dir='ltr' id='par_1_28' title="bbox 376 2568 1964 2644">
     <span class='ocr_line' id='line_1_28' title="bbox 376 2568 1964 2644; baseline -0.001 -16"><span class='ocrx_word' id='word_1_208' title='bbox 376 2568 493 2629; x_wconf 84' lang='grc' dir='ltr'>ὧδε</span> <span class='ocrx_word' id='word_1_209' title='bbox 521 2573 839 2643; x_wconf 77' lang='grc' dir='ltr'>παιδάριον</span> <span class='ocrx_word' id='word_1_210' title='bbox 869 2574 1016 2644; x_wconf 80' lang='grc' dir='ltr'>ἕχον</span> <span class='ocrx_word' id='word_1_211' title='bbox 1060 2574 1239 2627; x_wconf 79' lang='grc' dir='ltr'>πέντε</span> <span class='ocrx_word' id='word_1_212' title='bbox 1268 2573 1487 2641; x_wconf 80' lang='grc' dir='ltr'>ἄρτους</span> <span class='ocrx_word' id='word_1_213' title='bbox 1517 2574 1838 2643; x_wconf 81' lang='grc' dir='ltr'>κριθίνους,</span> <span class='ocrx_word' id='word_1_214' title='bbox 1865 2572 1964 2628; x_wconf 75' lang='grc' dir='ltr'>καὶ</span> 
     </span>
    </p>
   </div>
   <div class='ocr_carea' id='block_1_29' title="bbox 377 2658 1962 2729">
    <p class='ocr_par' dir='ltr' id='par_1_29' title="bbox 377 2658 1962 2729">
     <span class='ocr_line' id='line_1_29' title="bbox 377 2658 1962 2729; baseline -0.002 -15"><span class='ocrx_word' id='word_1_215' title='bbox 377 2660 488 2714; x_wconf 83' lang='grc' dir='ltr'>δύο</span> <span class='ocrx_word' id='word_1_216' title='bbox 516 2661 753 2729; x_wconf 77' lang='grc' dir='ltr'>ὀψάρια·</span> <span class='ocrx_word' id='word_1_217' title='bbox 791 2659 953 2714; x_wconf 78' lang='grc' dir='ltr'>ἀλλὰ</span> <span class='ocrx_word' id='word_1_218' title='bbox 992 2658 1178 2713; x_wconf 78' lang='grc' dir='ltr'>ταῦτα</span> <span class='ocrx_word' id='word_1_219' title='bbox 1206 2660 1263 2712; x_wconf 84' lang='grc' dir='ltr'>τί</span> <span class='ocrx_word' id='word_1_220' title='bbox 1292 2660 1463 2713; x_wconf 87' lang='grc' dir='ltr'>ἐστιν</span> <span class='ocrx_word' id='word_1_221' title='bbox 1489 2660 1575 2724; x_wconf 82' lang='grc' dir='ltr'>εὶς</span> <span class='ocrx_word' id='word_1_222' title='bbox 1599 2659 1962 2724; x_wconf 86' lang='grc' dir='ltr'>τοσούτους;</span> 
     </span>
    </p>
   </div>
   <div class='ocr_carea' id='block_1_30' title="bbox 388 2741 1961 2815">
    <p class='ocr_par' dir='ltr' id='par_1_30' title="bbox 388 2741 1961 2815">
     <span class='ocr_line' id='line_1_30' title="bbox 388 2741 1961 2815; baseline -0.003 -18"><span class='ocrx_word' id='word_1_223' title='bbox 388 2745 753 2815; x_wconf 63' lang='grc' dir='ltr'>’Υψηλότερος</span> <span class='ocrx_word' id='word_1_224' title='bbox 796 2745 892 2815; x_wconf 88' lang='grc' dir='ltr'>μέν</span> <span class='ocrx_word' id='word_1_225' title='bbox 937 2744 1030 2797; x_wconf 89' lang='grc' dir='ltr'>τοῦ</span> <span class='ocrx_word' id='word_1_226' title='bbox 1062 2744 1331 2797; x_wconf 81' lang='grc' dir='ltr'>Φιλίππου</span> <span class='ocrx_word' id='word_1_227' title='bbox 1358 2744 1390 2796; x_wconf 84' lang='grc' dir='ltr'><strong>ὁ</strong></span> <span class='ocrx_word' id='word_1_228' title='bbox 1426 2741 1701 2814; x_wconf 83' lang='grc' dir='ltr'>Ἀνδρέας,</span> <span class='ocrx_word' id='word_1_229' title='bbox 1740 2743 1801 2795; x_wconf 89' lang='grc' dir='ltr'>οὑ</span> <span class='ocrx_word' id='word_1_230' title='bbox 1853 2741 1961 2813; x_wconf 79' lang='grc' dir='ltr'>μὴν</span> 
     </span>
    </p>
   </div>
   <div class='ocr_carea' id='block_1_31' title="bbox 378 2823 1963 2898">
    <p class='ocr_par' dir='ltr' id='par_1_31' title="bbox 378 2823 1963 2898">
     <span class='ocr_line' id='line_1_31' title="bbox 378 2823 1963 2898; baseline -0.003 -16"><span class='ocrx_word' id='word_1_231' title='bbox 378 2832 458 2893; x_wconf 84' lang='grc' dir='ltr'>εἱς</span> <span class='ocrx_word' id='word_1_232' title='bbox 488 2829 549 2881; x_wconf 85' lang='grc' dir='ltr'>τὸ</span> <span class='ocrx_word' id='word_1_233' title='bbox 584 2830 691 2883; x_wconf 79' lang='grc' dir='ltr'>πᾶν</span> <span class='ocrx_word' id='word_1_234' title='bbox 743 2828 967 2898; x_wconf 73' lang='grc' dir='ltr'>ἔφθασε.</span> <span class='ocrx_word' id='word_1_235' title='bbox 1016 2823 1184 2898; x_wconf 82' lang='grc' dir='ltr'>Οἶμαι</span> <span class='ocrx_word' id='word_1_236' title='bbox 1222 2828 1278 2881; x_wconf 84' lang='grc' dir='ltr'>δὲ</span> <span class='ocrx_word' id='word_1_237' title='bbox 1321 2827 1455 2898; x_wconf 90' lang='grc' dir='ltr'>μηδέ</span> <span class='ocrx_word' id='word_1_238' title='bbox 1492 2826 1677 2891; x_wconf 84' lang='grc' dir='ltr'>ἀπλῶς</span> <span class='ocrx_word' id='word_1_239' title='bbox 1705 2826 1861 2880; x_wconf 90' lang='grc' dir='ltr'>τοῦτο</span> <span class='ocrx_word' id='word_1_240' title='bbox 1888 2827 1963 2878; x_wconf 86' lang='grc' dir='ltr'>εί-</span> 
     </span>
    </p>
   </div>
   <div class='ocr_carea' id='block_1_32' title="bbox 381 2908 1966 2985">
    <p class='ocr_par' dir='ltr' id='par_1_32' title="bbox 381 2908 1966 2985">
     <span class='ocr_line' id='line_1_32' title="bbox 381 2908 1966 2985; baseline -0.002 -20"><span class='ocrx_word' id='word_1_241' title='bbox 381 2914 522 2973; x_wconf 85' lang='grc' dir='ltr'>πεῖν,</span> <span class='ocrx_word' id='word_1_242' title='bbox 555 2912 670 2966; x_wconf 88' lang='grc' dir='ltr'>ἀλλ’</span> <span class='ocrx_word' id='word_1_243' title='bbox 710 2912 986 2985; x_wconf 76' lang='grc' dir='ltr'>ἀκηκοότα</span> <span class='ocrx_word' id='word_1_244' title='bbox 1024 2911 1185 2964; x_wconf 84' lang='grc' dir='ltr'>αὑτὸν</span> <span class='ocrx_word' id='word_1_245' title='bbox 1214 2910 1323 2963; x_wconf 90' lang='grc' dir='ltr'>τῶν</span> <span class='ocrx_word' id='word_1_246' title='bbox 1350 2909 1645 2982; x_wconf 78' lang='grc' dir='ltr'>προφητῶν</span> <span class='ocrx_word' id='word_1_247' title='bbox 1669 2910 1697 2950; x_wconf 72' lang='grc' dir='ltr'>δ</span> <span class='ocrx_word' id='word_1_248' title='bbox 1731 2910 1799 2964; x_wconf 91' lang='grc' dir='ltr'>τά</span> <span class='ocrx_word' id='word_1_249' title='bbox 1840 2908 1966 2963; x_wconf 73' lang='grc' dir='ltr'>θαύο</span> 
     </span>
    </p>
   </div>
   <div class='ocr_carea' id='block_1_33' title="bbox 381 2990 1964 3066">
    <p class='ocr_par' dir='ltr' id='par_1_33' title="bbox 381 2990 1964 3066">
     <span class='ocr_line' id='line_1_33' title="bbox 381 2990 1964 3066; baseline -0.003 -17"><span class='ocrx_word' id='word_1_250' title='bbox 381 3011 550 3066; x_wconf 82' lang='grc' dir='ltr'>ματα,</span> <span class='ocrx_word' id='word_1_251' title='bbox 586 2994 680 3049; x_wconf 84' lang='grc' dir='ltr'><strong>καί</strong></span> <span class='ocrx_word' id='word_1_252' title='bbox 709 2995 826 3059; x_wconf 86' lang='grc' dir='ltr'>πῶς</span> <span class='ocrx_word' id='word_1_253' title='bbox 866 2994 1169 3056; x_wconf 83' lang='grc' dir='ltr'>Ἐλισσαῖος</span> <span class='ocrx_word' id='word_1_254' title='bbox 1197 2992 1417 3063; x_wconf 81' lang='grc' dir='ltr'>ἐποίησε</span> <span class='ocrx_word' id='word_1_255' title='bbox 1447 2991 1508 3045; x_wconf 84' lang='grc' dir='ltr'>τὸ</span> <span class='ocrx_word' id='word_1_256' title='bbox 1537 2992 1630 3045; x_wconf 73' lang='grc' dir='ltr'>ἐπὶ</span> <span class='ocrx_word' id='word_1_257' title='bbox 1659 2990 1765 3045; x_wconf 87' lang='grc' dir='ltr'>τῶν</span> <span class='ocrx_word' id='word_1_258' title='bbox 1785 2992 1964 3060; x_wconf 79' lang='grc' dir='ltr'>ἄρτων</span> 
     </span>
    </p>
   </div>
   <div class='ocr_carea' id='block_1_34' title="bbox 380 3070 1965 3151">
    <p class='ocr_par' dir='ltr' id='par_1_34' title="bbox 380 3070 1965 3151">
     <span class='ocr_line' id='line_1_34' title="bbox 380 3070 1965 3151; baseline -0.001 -19"><span class='ocrx_word' id='word_1_259' title='bbox 380 3080 627 3151; x_wconf 79' lang='grc' dir='ltr'>σημεῖον.</span> <span class='ocrx_word' id='word_1_260' title='bbox 668 3080 766 3133; x_wconf 86' lang='grc' dir='ltr'>Διά</span> <span class='ocrx_word' id='word_1_261' title='bbox 808 3079 873 3150; x_wconf 84' lang='grc' dir='ltr'>δὴ</span> <span class='ocrx_word' id='word_1_262' title='bbox 903 3070 1061 3131; x_wconf 88' lang='grc' dir='ltr'>τοῦτο</span> <span class='ocrx_word' id='word_1_263' title='bbox 1091 3077 1259 3148; x_wconf 89' lang='grc' dir='ltr'>ἀνέϐη</span> <span class='ocrx_word' id='word_1_264' title='bbox 1291 3077 1388 3147; x_wconf 89' lang='grc' dir='ltr'>μέν</span> <span class='ocrx_word' id='word_1_265' title='bbox 1413 3075 1507 3128; x_wconf 88' lang='grc' dir='ltr'>ἐπί</span> <span class='ocrx_word' id='word_1_266' title='bbox 1536 3092 1589 3128; x_wconf 89' lang='grc' dir='ltr'>τι</span> <span class='ocrx_word' id='word_1_267' title='bbox 1617 3074 1751 3146; x_wconf 75' lang='grc' dir='ltr'>ὕψος</span> <span class='ocrx_word' id='word_1_268' title='bbox 1781 3086 1834 3142; x_wconf 76' lang='grc' dir='ltr'>ο,</span> <span class='ocrx_word' id='word_1_269' title='bbox 1865 3076 1965 3130; x_wconf 83' lang='grc' dir='ltr'>οὑκ</span> 
     </span>
    </p>
   </div>
   <div class='ocr_carea' id='block_1_35' title="bbox 372 3158 1698 3234">
    <p class='ocr_par' dir='ltr' id='par_1_35' title="bbox 372 3158 1698 3234">
     <span class='ocr_line' id='line_1_35' title="bbox 372 3158 1698 3234; baseline -0.003 -18"><span class='ocrx_word' id='word_1_270' title='bbox 372 3161 570 3234; x_wconf 74' lang='grc' dir='ltr'>ἴσχυσε</span> <span class='ocrx_word' id='word_1_271' title='bbox 606 3161 665 3215; x_wconf 83' lang='grc' dir='ltr'>δέ</span> <span class='ocrx_word' id='word_1_272' title='bbox 704 3161 841 3233; x_wconf 83' lang='grc' dir='ltr'>πρὸς</span> <span class='ocrx_word' id='word_1_273' title='bbox 878 3160 1045 3232; x_wconf 85' lang='grc' dir='ltr'>αὐτὴν</span> <span class='ocrx_word' id='word_1_274' title='bbox 1073 3159 1274 3230; x_wconf 82' lang='grc' dir='ltr'>φθάσαι</span> <span class='ocrx_word' id='word_1_275' title='bbox 1307 3158 1406 3230; x_wconf 78' lang='grc' dir='ltr'>τὴν</span> <span class='ocrx_word' id='word_1_276' title='bbox 1431 3159 1698 3231; x_wconf 85' lang='grc' dir='ltr'>κορυφήν.</span> 
     </span>
    </p>
   </div>
   <div class='ocr_carea' id='block_1_36' title="bbox 450 3240 1963 3317">
    <p class='ocr_par' dir='ltr' id='par_1_36' title="bbox 450 3240 1963 3317">
     <span class='ocr_line' id='line_1_36' title="bbox 450 3240 1963 3317; baseline -0.002 -18"><span class='ocrx_word' id='word_1_277' title='bbox 450 3244 730 3317; x_wconf 87' lang='grc' dir='ltr'>Μάθωμεν</span> <span class='ocrx_word' id='word_1_278' title='bbox 763 3243 1010 3298; x_wconf 88' lang='grc' dir='ltr'>ἐντεῦθεν</span> <span class='ocrx_word' id='word_1_279' title='bbox 1036 3244 1085 3296; x_wconf 82' lang='grc' dir='ltr'>οἱ</span> <span class='ocrx_word' id='word_1_280' title='bbox 1128 3245 1195 3314; x_wconf 79' lang='grc' dir='ltr'>τῇ</span> <span class='ocrx_word' id='word_1_281' title='bbox 1226 3245 1404 3314; x_wconf 84' lang='grc' dir='ltr'>τρυφῇ</span> <span class='ocrx_word' id='word_1_282' title='bbox 1433 3242 1815 3313; x_wconf 87' lang='grc' dir='ltr'>προσέχοντες,</span> <span class='ocrx_word' id='word_1_283' title='bbox 1843 3240 1963 3296; x_wconf 89' lang='grc' dir='ltr'>τίνα</span> 
     </span>
    </p>
   </div>
   <div class='ocr_carea' id='block_1_37' title="bbox 377 3324 1961 3398">
    <p class='ocr_par' dir='ltr' id='par_1_37' title="bbox 377 3324 1961 3398">
     <span class='ocr_line' id='line_1_37' title="bbox 377 3324 1961 3398; baseline -0.003 -16"><span class='ocrx_word' id='word_1_284' title='bbox 377 3327 657 3382; x_wconf 76' lang='grc' dir='ltr'>ἐσιτοῦντο</span> <span class='ocrx_word' id='word_1_285' title='bbox 696 3328 745 3381; x_wconf 93' lang='grc' dir='ltr'>οί</span> <span class='ocrx_word' id='word_1_286' title='bbox 791 3325 1095 3398; x_wconf 80' lang='grc' dir='ltr'>θαυμαστοὶ</span> <span class='ocrx_word' id='word_1_287' title='bbox 1125 3326 1316 3397; x_wconf 80' lang='grc' dir='ltr'>ἄνδρες</span> <span class='ocrx_word' id='word_1_288' title='bbox 1355 3327 1551 3379; x_wconf 83' lang='grc' dir='ltr'>ἐκεῖνοι</span> <span class='ocrx_word' id='word_1_289' title='bbox 1581 3326 1676 3379; x_wconf 85' lang='grc' dir='ltr'>καὶ</span> <span class='ocrx_word' id='word_1_290' title='bbox 1713 3324 1961 3396; x_wconf 85' lang='grc' dir='ltr'>μεγάλοι,</span> 
     </span>
    </p>
   </div>
   <div class='ocr_carea' id='block_1_38' title="bbox 379 3407 1963 3484">
    <p class='ocr_par' dir='ltr' id='par_1_38' title="bbox 379 3407 1963 3484">
     <span class='ocr_line' id='line_1_38' title="bbox 379 3407 1963 3484; baseline -0.004 -17"><span class='ocrx_word' id='word_1_291' title='bbox 379 3413 476 3467; x_wconf 83' lang='grc' dir='ltr'>καὶ</span> <span class='ocrx_word' id='word_1_292' title='bbox 501 3415 567 3484; x_wconf 84' lang='grc' dir='ltr'>τῇ</span> <span class='ocrx_word' id='word_1_293' title='bbox 602 3411 861 3481; x_wconf 77' lang='grc' dir='ltr'>ποσότητι</span> <span class='ocrx_word' id='word_1_294' title='bbox 886 3407 913 3447; x_wconf 73' lang='grc' dir='ltr'>ιι</span> <span class='ocrx_word' id='word_1_295' title='bbox 937 3410 1043 3464; x_wconf 88' lang='grc' dir='ltr'>τῶν</span> <span class='ocrx_word' id='word_1_296' title='bbox 1062 3408 1474 3481; x_wconf 78' lang='grc' dir='ltr'>ἐπιφερομένων</span> <span class='ocrx_word' id='word_1_297' title='bbox 1502 3408 1597 3462; x_wconf 62' lang='grc' dir='ltr'>καὶ⁸</span> <span class='ocrx_word' id='word_1_298' title='bbox 1625 3411 1691 3481; x_wconf 79' lang='grc' dir='ltr'>τῇ</span> <span class='ocrx_word' id='word_1_299' title='bbox 1719 3409 1963 3480; x_wconf 82' lang='grc' dir='ltr'>ποιότητι</span> 
     </span>
    </p>
   </div>
   <div class='ocr_carea' id='block_1_39' title="bbox 377 3493 1964 3568">
    <p class='ocr_par' dir='ltr' id='par_1_39' title="bbox 377 3493 1964 3568">
     <span class='ocr_line' id='line_1_39' title="bbox 377 3493 1964 3568; baseline -0.001 -19"><span class='ocrx_word' id='word_1_300' title='bbox 377 3498 477 3568; x_wconf 84' lang='grc' dir='ltr'>τὴν</span> <span class='ocrx_word' id='word_1_301' title='bbox 516 3496 792 3550; x_wconf 86' lang='grc' dir='ltr'>εὐτέλειαν</span> <span class='ocrx_word' id='word_1_302' title='bbox 835 3495 1016 3550; x_wconf 86' lang='grc' dir='ltr'>αὑτῶν</span> <span class='ocrx_word' id='word_1_303' title='bbox 1063 3495 1164 3566; x_wconf 87' lang='grc' dir='ltr'>τῆς</span> <span class='ocrx_word' id='word_1_304' title='bbox 1217 3493 1498 3566; x_wconf 80' lang='grc' dir='ltr'>τραπέζης</span> <span class='ocrx_word' id='word_1_305' title='bbox 1549 3493 1745 3565; x_wconf 76' lang='grc' dir='ltr'>ἴδωμέν</span> <span class='ocrx_word' id='word_1_306' title='bbox 1775 3511 1836 3548; x_wconf 90' lang='grc' dir='ltr'>τε</span> <span class='ocrx_word' id='word_1_307' title='bbox 1868 3494 1964 3549; x_wconf 82' lang='grc' dir='ltr'>καὶ</span> 
     </span>
    </p>
   </div>
   <div class='ocr_carea' id='block_1_40' title="bbox 370 3578 1965 3652">
    <p class='ocr_par' dir='ltr' id='par_1_40' title="bbox 370 3578 1965 3652">
     <span class='ocr_line' id='line_1_40' title="bbox 370 3578 1965 3652; baseline -0.004 -13"><span class='ocrx_word' id='word_1_308' title='bbox 370 3580 772 3652; x_wconf 37' lang='grc' dir='ltr'>νμιμησώμεθα.</span> <span class='ocrx_word' id='word_1_309' title='bbox 809 3580 891 3635; x_wconf 81' lang='grc' dir='ltr'>Τά</span> <span class='ocrx_word' id='word_1_310' title='bbox 938 3579 1070 3649; x_wconf 90' lang='grc' dir='ltr'>γοῦν</span> <span class='ocrx_word' id='word_1_311' title='bbox 1116 3579 1248 3649; x_wconf 79' lang='grc' dir='ltr'>ἑξῆς</span> <span class='ocrx_word' id='word_1_312' title='bbox 1288 3579 1495 3633; x_wconf 86' lang='grc' dir='ltr'>τούτων</span> <span class='ocrx_word' id='word_1_313' title='bbox 1537 3579 1738 3649; x_wconf 91' lang='grc' dir='ltr'>πολλῆς</span> <span class='ocrx_word' id='word_1_314' title='bbox 1804 3578 1965 3633; x_wconf 90' lang='grc' dir='ltr'>ἀσθε-</span> 
     </span>
    </p>
   </div>
   <div class='ocr_carea' id='block_1_41' title="bbox 378 3661 1964 3735">
    <p class='ocr_par' dir='ltr' id='par_1_41' title="bbox 378 3661 1964 3735">
     <span class='ocr_line' id='line_1_41' title="bbox 378 3661 1964 3735; baseline 0 -18"><span class='ocrx_word' id='word_1_315' title='bbox 378 3664 547 3727; x_wconf 88' lang='grc' dir='ltr'>νείας.</span> <span class='ocrx_word' id='word_1_316' title='bbox 572 3665 728 3718; x_wconf 84' lang='grc' dir='ltr'>Μετὰ</span> <span class='ocrx_word' id='word_1_317' title='bbox 752 3663 860 3735; x_wconf 91' lang='lat'>7&amp;9</span> <span class='ocrx_word' id='word_1_318' title='bbox 886 3663 946 3717; x_wconf 90' lang='lat'>16</span> <span class='ocrx_word' id='word_1_319' title='bbox 970 3665 1165 3729; x_wconf 74' lang='grc' dir='ltr'>εἰπεῖν,</span> <span class='ocrx_word' id='word_1_320' title='bbox 1199 3664 1358 3733; x_wconf 83' lang='grc' dir='ltr'>Ἔχει</span> <span class='ocrx_word' id='word_1_321' title='bbox 1386 3661 1567 3717; x_wconf 83' lang='grc' dir='ltr'>πέντε</span> <span class='ocrx_word' id='word_1_322' title='bbox 1591 3663 1810 3731; x_wconf 79' lang='grc' dir='ltr'>ἄρτους</span> <span class='ocrx_word' id='word_1_323' title='bbox 1840 3681 1964 3731; x_wconf 86' lang='grc' dir='ltr'>κρι-</span> 
     </span>
    </p>
   </div>
   <div class='ocr_carea' id='block_1_42' title="bbox 381 3747 1964 3818">
    <p class='ocr_par' dir='ltr' id='par_1_42' title="bbox 381 3747 1964 3818">
     <span class='ocr_line' id='line_1_42' title="bbox 381 3747 1964 3818; baseline -0.001 -16"><span class='ocrx_word' id='word_1_324' title='bbox 381 3749 609 3814; x_wconf 86' lang='grc' dir='ltr'>θίνους,</span> <span class='ocrx_word' id='word_1_325' title='bbox 642 3749 940 3818; x_wconf 85' lang='grc' dir='ltr'>ἐπήγαγεν·</span> <span class='ocrx_word' id='word_1_326' title='bbox 979 3749 1151 3803; x_wconf 78' lang='grc' dir='ltr'>Ἀλλὰ</span> <span class='ocrx_word' id='word_1_327' title='bbox 1208 3747 1397 3802; x_wconf 75' lang='grc' dir='ltr'>ταῦτα</span> <span class='ocrx_word' id='word_1_328' title='bbox 1434 3748 1492 3801; x_wconf 85' lang='grc' dir='ltr'>τι</span> <span class='ocrx_word' id='word_1_329' title='bbox 1542 3747 1712 3802; x_wconf 82' lang='grc' dir='ltr'>ἐστιν</span> <span class='ocrx_word' id='word_1_330' title='bbox 1742 3750 1829 3813; x_wconf 89' lang='grc' dir='ltr'>είς</span> <span class='ocrx_word' id='word_1_331' title='bbox 1866 3764 1964 3801; x_wconf 87' lang='grc' dir='ltr'>το-</span> 
     </span>
    </p>
   </div>
   <div class='ocr_carea' id='block_1_43' title="bbox 374 3828 1962 3901">
    <p class='ocr_par' dir='ltr' id='par_1_43' title="bbox 374 3828 1962 3901">
     <span class='ocr_line' id='line_1_43' title="bbox 374 3828 1962 3901; baseline -0.001 -17"><span class='ocrx_word' id='word_1_332' title='bbox 374 3831 676 3896; x_wconf 83' lang='grc' dir='ltr'>σούτους;</span> <span class='ocrx_word' id='word_1_333' title='bbox 708 3828 953 3899; x_wconf 77' lang='grc' dir='ltr'>Ἐνόμιζε</span> <span class='ocrx_word' id='word_1_334' title='bbox 971 3829 1079 3901; x_wconf 91' lang='lat'>7&amp;9</span> <span class='ocrx_word' id='word_1_335' title='bbox 1105 3831 1184 3883; x_wconf 86' lang='grc' dir='ltr'>ὅτι</span> <span class='ocrx_word' id='word_1_336' title='bbox 1218 3829 1327 3883; x_wconf 80' lang='grc' dir='ltr'>ἀπὸ</span> <span class='ocrx_word' id='word_1_337' title='bbox 1362 3830 1458 3900; x_wconf 80' lang='grc' dir='ltr'>μὲν</span> <span class='ocrx_word' id='word_1_338' title='bbox 1485 3830 1782 3883; x_wconf 86' lang='grc' dir='ltr'>ἐλαττόνων</span> <span class='ocrx_word' id='word_1_339' title='bbox 1807 3830 1962 3884; x_wconf 81' lang='grc' dir='ltr'>ἐλάτ-</span> 
     </span>
    </p>
   </div>
   <div class='ocr_carea' id='block_1_44' title="bbox 380 3912 1964 3984">
    <p class='ocr_par' dir='ltr' id='par_1_44' title="bbox 380 3912 1964 3984">
     <span class='ocr_line' id='line_1_44' title="bbox 380 3912 1964 3984; baseline -0.001 -16"><span class='ocrx_word' id='word_1_340' title='bbox 380 3931 531 3978; x_wconf 87' lang='grc' dir='ltr'>τονα,</span> <span class='ocrx_word' id='word_1_341' title='bbox 555 3914 665 3967; x_wconf 81' lang='grc' dir='ltr'>ἀπὸ</span> <span class='ocrx_word' id='word_1_342' title='bbox 693 3913 749 3967; x_wconf 84' lang='grc' dir='ltr'>δὲ</span> <span class='ocrx_word' id='word_1_343' title='bbox 793 3912 1050 3967; x_wconf 89' lang='grc' dir='ltr'>πλειόνων</span> <span class='ocrx_word' id='word_1_344' title='bbox 1087 3912 1308 3966; x_wconf 86' lang='grc' dir='ltr'>πλείονα</span> <span class='ocrx_word' id='word_1_345' title='bbox 1338 3912 1530 3984; x_wconf 79' lang='grc' dir='ltr'>ἔμελλε</span> <span class='ocrx_word' id='word_1_346' title='bbox 1574 3915 1749 3967; x_wconf 86' lang='grc' dir='ltr'>ποιεῖν</span> <span class='ocrx_word' id='word_1_347' title='bbox 1773 3917 1801 3967; x_wconf 88' lang='lat'>6</span> <span class='ocrx_word' id='word_1_348' title='bbox 1834 3913 1964 3967; x_wconf 76' lang='grc' dir='ltr'>θαυο</span> 
     </span>
    </p>
   </div>
   <div class='ocr_carea' id='block_1_45' title="bbox 382 3990 1961 4069">
    <p class='ocr_par' dir='ltr' id='par_1_45' title="bbox 382 3990 1961 4069">
     <span class='ocr_line' id='line_1_45' title="bbox 382 3990 1961 4069; baseline -0.002 -18"><span class='ocrx_word' id='word_1_349' title='bbox 382 3996 731 4069; x_wconf 80' lang='grc' dir='ltr'>ματουργῶν·</span> <span class='ocrx_word' id='word_1_350' title='bbox 765 3997 902 4069; x_wconf 82' lang='grc' dir='ltr'>ὅπερ</span> <span class='ocrx_word' id='word_1_351' title='bbox 932 3997 1031 4049; x_wconf 91' lang='grc' dir='ltr'>οὑκ</span> <span class='ocrx_word' id='word_1_352' title='bbox 1068 3991 1156 4068; x_wconf 78' lang='grc' dir='ltr'>ἦν.</span> <span class='ocrx_word' id='word_1_353' title='bbox 1197 3996 1430 4068; x_wconf 83' lang='grc' dir='ltr'>Ὁμοίως</span> <span class='ocrx_word' id='word_1_354' title='bbox 1454 3995 1560 4068; x_wconf 88' lang='lat'>7&amp;9</span> <span class='ocrx_word' id='word_1_355' title='bbox 1598 3990 1666 4068; x_wconf 80' lang='grc' dir='ltr'>ἦν</span> <span class='ocrx_word' id='word_1_356' title='bbox 1691 3995 1840 4067; x_wconf 87' lang='grc' dir='ltr'>αὑτῷ</span> <span class='ocrx_word' id='word_1_357' title='bbox 1868 3994 1961 4049; x_wconf 79' lang='grc' dir='ltr'>εὑο</span> 
     </span>
    </p>
   </div>
   <div class='ocr_carea' id='block_1_46' title="bbox 380 4080 1963 4153">
    <p class='ocr_par' dir='ltr' id='par_1_46' title="bbox 380 4080 1963 4153">
     <span class='ocr_line' id='line_1_46' title="bbox 380 4080 1963 4153; baseline -0.001 -18"><span class='ocrx_word' id='word_1_358' title='bbox 380 4081 536 4135; x_wconf 89' lang='grc' dir='ltr'>κολον</span> <span class='ocrx_word' id='word_1_359' title='bbox 573 4081 680 4135; x_wconf 90' lang='grc' dir='ltr'>ἀπό</span> <span class='ocrx_word' id='word_1_360' title='bbox 727 4099 789 4135; x_wconf 89' lang='grc' dir='ltr'>τε</span> <span class='ocrx_word' id='word_1_361' title='bbox 821 4080 1101 4144; x_wconf 85' lang='grc' dir='ltr'>πλειόνων,</span> <span class='ocrx_word' id='word_1_362' title='bbox 1143 4081 1251 4134; x_wconf 91' lang='grc' dir='ltr'>ἀπό</span> <span class='ocrx_word' id='word_1_363' title='bbox 1294 4097 1353 4133; x_wconf 90' lang='grc' dir='ltr'>τε</span> <span class='ocrx_word' id='word_1_364' title='bbox 1398 4080 1696 4134; x_wconf 86' lang='grc' dir='ltr'>ἐλαττόνων</span> <span class='ocrx_word' id='word_1_365' title='bbox 1740 4080 1963 4153; x_wconf 88' lang='grc' dir='ltr'>ποιῆσαι</span> 
     </span>
    </p>
   </div>
   <div class='ocr_carea' id='block_1_47' title="bbox 380 4164 1963 4237">
    <p class='ocr_par' dir='ltr' id='par_1_47' title="bbox 380 4164 1963 4237">
     <span class='ocr_line' id='line_1_47' title="bbox 380 4164 1963 4237; baseline -0.001 -17"><span class='ocrx_word' id='word_1_366' title='bbox 380 4165 627 4237; x_wconf 86' lang='grc' dir='ltr'>πηγάσαι</span> <span class='ocrx_word' id='word_1_367' title='bbox 658 4166 765 4219; x_wconf 84' lang='grc' dir='ltr'>τῶν</span> <span class='ocrx_word' id='word_1_368' title='bbox 800 4164 981 4237; x_wconf 83' lang='grc' dir='ltr'>ἀρτων</span> <span class='ocrx_word' id='word_1_369' title='bbox 1020 4167 1120 4237; x_wconf 80' lang='grc' dir='ltr'>τὴν</span> <span class='ocrx_word' id='word_1_370' title='bbox 1159 4165 1342 4235; x_wconf 87' lang='grc' dir='ltr'>φύσιν.</span> <span class='ocrx_word' id='word_1_371' title='bbox 1390 4165 1465 4218; x_wconf 79' lang='grc' dir='ltr'>θὺ</span> <span class='ocrx_word' id='word_1_372' title='bbox 1492 4165 1602 4236; x_wconf 80' lang='grc' dir='ltr'>γὰρ</span> <span class='ocrx_word' id='word_1_373' title='bbox 1631 4164 1764 4237; x_wconf 85' lang='grc' dir='ltr'>ὑλης</span> <span class='ocrx_word' id='word_1_374' title='bbox 1796 4165 1963 4219; x_wconf 88' lang='grc' dir='ltr'>ἐδεῖτο</span> 
     </span>
    </p>
   </div>
   <div class='ocr_carea' id='block_1_48' title="bbox 378 4248 1966 4322">
    <p class='ocr_par' dir='ltr' id='par_1_48' title="bbox 378 4248 1966 4322">
     <span class='ocr_line' id='line_1_48' title="bbox 378 4248 1966 4322; baseline 0.001 -19"><span class='ocrx_word' id='word_1_375' title='bbox 378 4250 480 4320; x_wconf 87' lang='grc' dir='ltr'>τῆς</span> <span class='ocrx_word' id='word_1_376' title='bbox 513 4249 900 4321; x_wconf 85' lang='grc' dir='ltr'>ὑποκειμένης·</span> <span class='ocrx_word' id='word_1_377' title='bbox 932 4249 1047 4303; x_wconf 87' lang='grc' dir='ltr'>ἀλλ’</span> <span class='ocrx_word' id='word_1_378' title='bbox 1076 4249 1217 4303; x_wconf 79' lang='grc' dir='ltr'>ὥστε</span> <span class='ocrx_word' id='word_1_379' title='bbox 1258 4248 1332 4321; x_wconf 83' lang='grc' dir='ltr'>μὴ</span> <span class='ocrx_word' id='word_1_380' title='bbox 1363 4249 1512 4313; x_wconf 83' lang='grc' dir='ltr'>δόξαι</span> <span class='ocrx_word' id='word_1_381' title='bbox 1539 4250 1639 4322; x_wconf 84' lang='grc' dir='ltr'>τὴν</span> <span class='ocrx_word' id='word_1_382' title='bbox 1662 4251 1840 4304; x_wconf 89' lang='grc' dir='ltr'>κτίσιν</span> <span class='ocrx_word' id='word_1_383' title='bbox 1872 4250 1966 4304; x_wconf 88' lang='grc' dir='ltr'>ἀλ-</span> 
     </span>
    </p>
   </div>
   <div class='ocr_carea' id='block_1_49' title="bbox 380 4329 1963 4405">
    <p class='ocr_par' dir='ltr' id='par_1_49' title="bbox 380 4329 1963 4405">
     <span class='ocr_line' id='line_1_49' title="bbox 380 4329 1963 4405; baseline 0.001 -20"><span class='ocrx_word' id='word_1_384' title='bbox 380 4331 598 4405; x_wconf 84' lang='grc' dir='ltr'>λοτρίαν</span> <span class='ocrx_word' id='word_1_385' title='bbox 628 4329 767 4388; x_wconf 72' lang='grc' dir='ltr'>εἶναι</span> <span class='ocrx_word' id='word_1_386' title='bbox 806 4332 907 4403; x_wconf 88' lang='grc' dir='ltr'>τῆς</span> <span class='ocrx_word' id='word_1_387' title='bbox 954 4332 1119 4387; x_wconf 85' lang='grc' dir='ltr'>αὑτοῦ</span> <span class='ocrx_word' id='word_1_388' title='bbox 1166 4333 1376 4401; x_wconf 79' lang='grc' dir='ltr'>σοφίας,</span> <span class='ocrx_word' id='word_1_389' title='bbox 1403 4331 1481 4396; x_wconf 83' lang='grc' dir='ltr'>ὡς</span> <span class='ocrx_word' id='word_1_390' title='bbox 1526 4334 1574 4385; x_wconf 82' lang='grc' dir='ltr'>οἱ</span> <span class='ocrx_word' id='word_1_391' title='bbox 1620 4333 1762 4403; x_wconf 86' lang='grc' dir='ltr'>μετά</span> <span class='ocrx_word' id='word_1_392' title='bbox 1792 4334 1963 4388; x_wconf 89' lang='grc' dir='ltr'>ταῦτα</span> 
     </span>
    </p>
   </div>
   <div class='ocr_carea' id='block_1_50' title="bbox 378 4414 1961 4487">
    <p class='ocr_par' dir='ltr' id='par_1_50' title="bbox 378 4414 1961 4487">
     <span class='ocr_line' id='line_1_50' title="bbox 378 4414 1961 4487; baseline 0.001 -17"><span class='ocrx_word' id='word_1_393' title='bbox 378 4415 761 4480; x_wconf 85' lang='grc' dir='ltr'>διαϐάλλοντες</span> <span class='ocrx_word' id='word_1_394' title='bbox 800 4417 850 4470; x_wconf 83' lang='grc' dir='ltr'>οί</span> <span class='ocrx_word' id='word_1_395' title='bbox 891 4414 961 4469; x_wconf 88' lang='grc' dir='ltr'>τά</span> <span class='ocrx_word' id='word_1_396' title='bbox 998 4416 1322 4486; x_wconf 84' lang='grc' dir='ltr'>Μαρκίωνος</span> <span class='ocrx_word' id='word_1_397' title='bbox 1373 4417 1702 4487; x_wconf 83' lang='grc' dir='ltr'>νοσήσαντες</span> <span class='ocrx_word' id='word_1_398' title='bbox 1756 4416 1961 4485; x_wconf 76' lang='grc' dir='ltr'>ἔλεγον,</span> 
     </span>
    </p>
   </div>
   <div class='ocr_carea' id='block_1_51' title="bbox 381 4496 1967 4571">
    <p class='ocr_par' dir='ltr' id='par_1_51' title="bbox 381 4496 1967 4571">
     <span class='ocr_line' id='line_1_51' title="bbox 381 4496 1967 4571; baseline 0 -18"><span class='ocrx_word' id='word_1_399' title='bbox 381 4500 522 4571; x_wconf 81' lang='grc' dir='ltr'>αὑτῇ</span> <span class='ocrx_word' id='word_1_400' title='bbox 553 4503 618 4570; x_wconf 79' lang='grc' dir='ltr'>τῇ</span> <span class='ocrx_word' id='word_1_401' title='bbox 649 4500 825 4553; x_wconf 88' lang='grc' dir='ltr'>κτίσει</span> <span class='ocrx_word' id='word_1_402' title='bbox 852 4497 1116 4569; x_wconf 87' lang='grc' dir='ltr'>κέχρηται</span> <span class='ocrx_word' id='word_1_403' title='bbox 1142 4496 1273 4567; x_wconf 81' lang='grc' dir='ltr'>πρὸς</span> <span class='ocrx_word' id='word_1_404' title='bbox 1297 4497 1395 4567; x_wconf 81' lang='grc' dir='ltr'>τὴν</span> <span class='ocrx_word' id='word_1_405' title='bbox 1423 4498 1677 4551; x_wconf 89' lang='grc' dir='ltr'>ὑπόθεσιν</span> <span class='ocrx_word' id='word_1_406' title='bbox 1709 4498 1818 4553; x_wconf 87' lang='grc' dir='ltr'>τῶν</span> <span class='ocrx_word' id='word_1_407' title='bbox 1842 4501 1967 4555; x_wconf 87' lang='grc' dir='ltr'>θαυ-</span> 
     </span>
    </p>
   </div>
   <div class='ocr_carea' id='block_1_52' title="bbox 387 4578 1963 4656">
    <p class='ocr_par' dir='ltr' id='par_1_52' title="bbox 387 4578 1963 4656">
     <span class='ocr_line' id='line_1_52' title="bbox 387 4578 1963 4656; baseline 0.001 -21"><span class='ocrx_word' id='word_1_408' title='bbox 387 4584 595 4656; x_wconf 83' lang='grc' dir='ltr'>μάτων.</span> <span class='ocrx_word' id='word_1_409' title='bbox 632 4583 784 4635; x_wconf 74' lang='grc' dir='ltr'>Ἐπεὶ</span> <span class='ocrx_word' id='word_1_410' title='bbox 814 4578 906 4634; x_wconf 86' lang='grc' dir='ltr'>οὑν</span> <span class='ocrx_word' id='word_1_411' title='bbox 931 4580 1256 4647; x_wconf 84' lang='grc' dir='ltr'>ἀπέγνωσαν</span> <span class='ocrx_word' id='word_1_412' title='bbox 1291 4580 1589 4651; x_wconf 81' lang='grc' dir='ltr'>ἀμφότεροι</span> <span class='ocrx_word' id='word_1_413' title='bbox 1619 4582 1668 4633; x_wconf 89' lang='grc' dir='ltr'>οί</span> <span class='ocrx_word' id='word_1_414' title='bbox 1701 4581 1963 4651; x_wconf 77' lang='grc' dir='ltr'>μαθηταὶ,</span> 
     </span>
    </p>
   </div>
   <div class='ocr_carea' id='block_1_53' title="bbox 382 4660 1966 4737">
    <p class='ocr_par' dir='ltr' id='par_1_53' title="bbox 382 4660 1966 4737">
     <span class='ocr_line' id='line_1_53' title="bbox 382 4660 1966 4737; baseline -0.001 -18"><span class='ocrx_word' id='word_1_415' title='bbox 382 4665 506 4719; x_wconf 88' lang='grc' dir='ltr'>τότε</span> <span class='ocrx_word' id='word_1_416' title='bbox 541 4664 949 4733; x_wconf 88' lang='grc' dir='ltr'>θαυματουργεῖ</span> <span class='ocrx_word' id='word_1_417' title='bbox 980 4662 1162 4714; x_wconf 91' lang='grc' dir='ltr'>λοιπόν</span> <span class='ocrx_word' id='word_1_418' title='bbox 1183 4680 1196 4692; x_wconf 91' lang='grc'>·</span> <span class='ocrx_word' id='word_1_419' title='bbox 1234 4660 1376 4715; x_wconf 83' lang='grc' dir='ltr'>οῦτω</span> <span class='ocrx_word' id='word_1_420' title='bbox 1408 4661 1518 4733; x_wconf 88' lang='grc' dir='ltr'>γὰρ</span> <span class='ocrx_word' id='word_1_421' title='bbox 1570 4663 1769 4733; x_wconf 81' lang='grc' dir='ltr'>μᾶλλον</span> <span class='ocrx_word' id='word_1_422' title='bbox 1808 4664 1966 4737; x_wconf 84' lang='grc' dir='ltr'>ἐκέρ-</span> 
     </span>
    </p>
   </div>
   <div class='ocr_carea' id='block_1_54' title="bbox 383 4743 1966 4817">
    <p class='ocr_par' dir='ltr' id='par_1_54' title="bbox 383 4743 1966 4817">
     <span class='ocr_line' id='line_1_54' title="bbox 383 4743 1966 4817; baseline -0.002 -15"><span class='ocrx_word' id='word_1_423' title='bbox 383 4748 572 4809; x_wconf 85' lang='grc' dir='ltr'>δαναν,</span> <span class='ocrx_word' id='word_1_424' title='bbox 611 4745 872 4817; x_wconf 87' lang='grc' dir='ltr'>πρότερον</span> <span class='ocrx_word' id='word_1_425' title='bbox 905 4743 1339 4816; x_wconf 79' lang='grc' dir='ltr'>ὁμολογήσαντες</span> <span class='ocrx_word' id='word_1_426' title='bbox 1372 4744 1465 4798; x_wconf 89' lang='grc' dir='ltr'>τοῦ</span> <span class='ocrx_word' id='word_1_427' title='bbox 1514 4745 1837 4817; x_wconf 86' lang='grc' dir='ltr'>πράγματος</span> <span class='ocrx_word' id='word_1_428' title='bbox 1868 4748 1966 4816; x_wconf 82' lang='grc' dir='ltr'>τὴν</span> 
     </span>
    </p>
   </div>
   <div class='ocr_carea' id='block_1_55' title="bbox 383 4826 1967 4900">
    <p class='ocr_par' dir='ltr' id='par_1_55' title="bbox 383 4826 1967 4900">
     <span class='ocr_line' id='line_1_55' title="bbox 383 4826 1967 4900; baseline -0.002 -15"><span class='ocrx_word' id='word_1_429' title='bbox 383 4829 691 4894; x_wconf 81' lang='grc' dir='ltr'>δυσκολίαν,</span> <span class='ocrx_word' id='word_1_430' title='bbox 735 4828 822 4881; x_wconf 82' lang='grc' dir='ltr'>ἴνα</span> <span class='ocrx_word' id='word_1_431' title='bbox 857 4828 985 4882; x_wconf 81' lang='grc' dir='ltr'>ὅταν</span> <span class='ocrx_word' id='word_1_432' title='bbox 1020 4828 1265 4899; x_wconf 89' lang='grc' dir='ltr'>γένηται,</span> <span class='ocrx_word' id='word_1_433' title='bbox 1305 4826 1518 4899; x_wconf 89' lang='grc' dir='ltr'>μάθωσι</span> <span class='ocrx_word' id='word_1_434' title='bbox 1560 4827 1651 4881; x_wconf 91' lang='grc' dir='ltr'>τοῦ</span> <span class='ocrx_word' id='word_1_435' title='bbox 1696 4828 1830 4882; x_wconf 89' lang='grc' dir='ltr'>Θεοῦ</span> <span class='ocrx_word' id='word_1_436' title='bbox 1867 4830 1967 4900; x_wconf 77' lang='grc' dir='ltr'>τὴν</span> 
     </span>
    </p>
   </div>
   <div class='ocr_carea' id='block_1_56' title="bbox 384 4910 1968 4986">
    <p class='ocr_par' dir='ltr' id='par_1_56' title="bbox 384 4910 1968 4986">
     <span class='ocr_line' id='line_1_56' title="bbox 384 4910 1968 4986; baseline 0.001 -21"><span class='ocrx_word' id='word_1_437' title='bbox 384 4915 633 4986; x_wconf 79' lang='grc' dir='ltr'>δύναμιν.</span> <span class='ocrx_word' id='word_1_438' title='bbox 684 4911 903 4985; x_wconf 82' lang='grc' dir='ltr'>Ἐπειδὴ</span> <span class='ocrx_word' id='word_1_439' title='bbox 950 4910 1059 4983; x_wconf 88' lang='lat'>7&amp;9</span> <span class='ocrx_word' id='word_1_440' title='bbox 1101 4910 1342 4979; x_wconf 85' lang='grc' dir='ltr'>γίνεσθαι</span> <span class='ocrx_word' id='word_1_441' title='bbox 1395 4913 1620 4982; x_wconf 86' lang='grc' dir='ltr'>σημεῖον</span> <span class='ocrx_word' id='word_1_442' title='bbox 1667 4911 1859 4983; x_wconf 79' lang='grc' dir='ltr'>ἔμελλε</span> <span class='ocrx_word' id='word_1_443' title='bbox 1906 4912 1968 4967; x_wconf 86' lang='lat'>16</span> 
     </span>
    </p>
   </div>
   <div class='ocr_carea' id='block_1_57' title="bbox 386 4993 1966 5071">
    <p class='ocr_par' dir='ltr' id='par_1_57' title="bbox 386 4993 1966 5071">
     <span class='ocr_line' id='line_1_57' title="bbox 386 4993 1966 5071; baseline -0.001 -18"><span class='ocrx_word' id='word_1_444' title='bbox 386 5001 482 5055; x_wconf 80' lang='grc' dir='ltr'>καὶ</span> <span class='ocrx_word' id='word_1_445' title='bbox 511 4999 818 5071; x_wconf 83' lang='grc' dir='ltr'>προφήταις</span> <span class='ocrx_word' id='word_1_446' title='bbox 838 4993 1202 5069; x_wconf 59' lang='grc' dir='ltr'>ωτορθωθέν,</span> <span class='ocrx_word' id='word_1_447' title='bbox 1224 4995 1273 5047; x_wconf 82' lang='grc' dir='ltr'>εἰ</span> <span class='ocrx_word' id='word_1_448' title='bbox 1298 4995 1392 5047; x_wconf 82' lang='grc' dir='ltr'>καὶ</span> <span class='ocrx_word' id='word_1_449' title='bbox 1423 4995 1499 5065; x_wconf 85' lang='grc' dir='ltr'>μὴ</span> <span class='ocrx_word' id='word_1_450' title='bbox 1524 4995 1744 5066; x_wconf 87' lang='grc' dir='ltr'>ὁμοίως·</span> <span class='ocrx_word' id='word_1_451' title='bbox 1773 4994 1966 5068; x_wconf 78' lang='grc' dir='ltr'>ἔμελλε</span> 
     </span>
    </p>
   </div>
   <div class='ocr_carea' id='block_1_58' title="bbox 386 5077 1966 5154">
    <p class='ocr_par' dir='ltr' id='par_1_58' title="bbox 386 5077 1966 5154">
     <span class='ocr_line' id='line_1_58' title="bbox 386 5077 1966 5154; baseline -0.001 -19"><span class='ocrx_word' id='word_1_452' title='bbox 386 5083 442 5136; x_wconf 76' lang='grc' dir='ltr'>δὲ</span> <span class='ocrx_word' id='word_1_453' title='bbox 472 5082 564 5138; x_wconf 76' lang='grc' dir='ltr'>καὶ</span> <span class='ocrx_word' id='word_1_454' title='bbox 606 5081 1012 5154; x_wconf 81' lang='grc' dir='ltr'>εὐχαριστήσας</span> <span class='ocrx_word' id='word_1_455' title='bbox 1062 5078 1197 5133; x_wconf 80' lang='grc' dir='ltr'>αὑτὸ</span> <span class='ocrx_word' id='word_1_456' title='bbox 1237 5077 1502 5150; x_wconf 83' lang='grc' dir='ltr'>πρότερον</span> <span class='ocrx_word' id='word_1_457' title='bbox 1541 5082 1736 5133; x_wconf 83' lang='grc' dir='ltr'>ποιεῖν·</span> <span class='ocrx_word' id='word_1_458' title='bbox 1768 5080 1854 5134; x_wconf 78' lang='grc' dir='ltr'>ἵνα</span> <span class='ocrx_word' id='word_1_459' title='bbox 1892 5081 1966 5153; x_wconf 82' lang='grc' dir='ltr'>μὴ</span> 
     </span>
    </p>
   </div>
   <div class='ocr_carea' id='block_1_59' title="bbox 386 5160 1967 5238">
    <p class='ocr_par' dir='ltr' id='par_1_59' title="bbox 386 5160 1967 5238">
     <span class='ocr_line' id='line_1_59' title="bbox 386 5160 1967 5238; baseline -0.002 -19"><span class='ocrx_word' id='word_1_460' title='bbox 386 5169 467 5229; x_wconf 81' lang='grc' dir='ltr'>είς</span> <span class='ocrx_word' id='word_1_461' title='bbox 516 5166 718 5238; x_wconf 79' lang='grc' dir='ltr'>ἀσθενῆ</span> <span class='ocrx_word' id='word_1_462' title='bbox 773 5182 897 5220; x_wconf 91' lang='grc' dir='ltr'>τινα</span> <span class='ocrx_word' id='word_1_463' title='bbox 949 5163 1333 5218; x_wconf 86' lang='grc' dir='ltr'>καταπέσωσιν</span> <span class='ocrx_word' id='word_1_464' title='bbox 1380 5160 1658 5225; x_wconf 88' lang='grc' dir='ltr'>ὑπόνοιαν,</span> <span class='ocrx_word' id='word_1_465' title='bbox 1709 5162 1811 5234; x_wconf 86' lang='grc' dir='ltr'>δρα</span> <span class='ocrx_word' id='word_1_466' title='bbox 1850 5163 1967 5227; x_wconf 86' lang='grc' dir='ltr'>πῶς</span> 
     </span>
    </p>
   </div>
   <div class='ocr_carea' id='block_1_60' title="bbox 387 5243 1965 5321">
    <p class='ocr_par' dir='ltr' id='par_1_60' title="bbox 387 5243 1965 5321">
     <span class='ocr_line' id='line_1_60' title="bbox 387 5243 1965 5321; baseline 0 -20"><span class='ocrx_word' id='word_1_467' title='bbox 387 5248 520 5302; x_wconf 78' lang='grc' dir='ltr'>αὐτὸ</span> <span class='ocrx_word' id='word_1_468' title='bbox 546 5251 641 5302; x_wconf 68' lang='grc' dir='ltr'>καὶ</span> <span class='ocrx_word' id='word_1_469' title='bbox 673 5248 754 5320; x_wconf 85' lang='grc' dir='ltr'>τῷ</span> <span class='ocrx_word' id='word_1_470' title='bbox 780 5249 967 5321; x_wconf 86' lang='grc' dir='ltr'>τρόπῳ</span> <span class='ocrx_word' id='word_1_471' title='bbox 1004 5246 1095 5301; x_wconf 82' lang='grc' dir='ltr'>διὰ</span> <span class='ocrx_word' id='word_1_472' title='bbox 1112 5244 1268 5319; x_wconf 68' lang='grc' dir='ltr'>[εει]</span> <span class='ocrx_word' id='word_1_473' title='bbox 1295 5243 1512 5300; x_wconf 85' lang='grc' dir='ltr'>πάντων</span> <span class='ocrx_word' id='word_1_474' title='bbox 1539 5245 1711 5318; x_wconf 88' lang='grc' dir='ltr'>ἐπῆρε</span> <span class='ocrx_word' id='word_1_475' title='bbox 1746 5248 1840 5301; x_wconf 78' lang='grc' dir='ltr'>καὶ</span> <span class='ocrx_word' id='word_1_476' title='bbox 1869 5248 1965 5319; x_wconf 82' lang='grc' dir='ltr'>τὴν</span> 
     </span>
    </p>
   </div>
   <div class='ocr_carea' id='block_1_61' title="bbox 386 5328 1963 5402">
    <p class='ocr_par' dir='ltr' id='par_1_61' title="bbox 386 5328 1963 5402">
     <span class='ocr_line' id='line_1_61' title="bbox 386 5328 1963 5402; baseline -0.003 -16"><span class='ocrx_word' id='word_1_477' title='bbox 386 5333 650 5402; x_wconf 73' lang='grc' dir='ltr'>διαφορὰν</span> <span class='ocrx_word' id='word_1_478' title='bbox 692 5333 910 5398; x_wconf 72' lang='grc' dir='ltr'>ἔδειξεν.</span> <span class='ocrx_word' id='word_1_479' title='bbox 953 5329 1122 5385; x_wconf 82' lang='grc' dir='ltr'>Οὑπω</span> <span class='ocrx_word' id='word_1_480' title='bbox 1153 5329 1263 5400; x_wconf 85' lang='grc' dir='ltr'>γὰρ</span> <span class='ocrx_word' id='word_1_481' title='bbox 1306 5328 1415 5382; x_wconf 89' lang='grc' dir='ltr'>τῶν</span> <span class='ocrx_word' id='word_1_482' title='bbox 1444 5329 1623 5397; x_wconf 84' lang='grc' dir='ltr'>ἄρτων</span> <span class='ocrx_word' id='word_1_483' title='bbox 1662 5330 1963 5400; x_wconf 75' lang='grc' dir='ltr'>φανέντων,</span> 
     </span>
    </p>
   </div>
   <div class='ocr_carea' id='block_1_62' title="bbox 388 5411 1964 5485">
    <p class='ocr_par' dir='ltr' id='par_1_62' title="bbox 388 5411 1964 5485">
     <span class='ocr_line' id='line_1_62' title="bbox 388 5411 1964 5485; baseline -0.002 -16"><span class='ocrx_word' id='word_1_484' title='bbox 388 5416 450 5469; x_wconf 83' lang='grc' dir='ltr'>τὸ</span> <span class='ocrx_word' id='word_1_485' title='bbox 483 5415 667 5485; x_wconf 87' lang='grc' dir='ltr'>θαῦμα</span> <span class='ocrx_word' id='word_1_486' title='bbox 709 5419 871 5480; x_wconf 84' lang='grc' dir='ltr'>ποιεῖ,</span> <span class='ocrx_word' id='word_1_487' title='bbox 905 5417 993 5470; x_wconf 80' lang='grc' dir='ltr'>ἴνα</span> <span class='ocrx_word' id='word_1_488' title='bbox 1028 5412 1206 5485; x_wconf 82' lang='grc' dir='ltr'>μάθῃς</span> <span class='ocrx_word' id='word_1_489' title='bbox 1234 5414 1317 5466; x_wconf 85' lang='grc' dir='ltr'>ὅτι</span> <span class='ocrx_word' id='word_1_490' title='bbox 1354 5411 1423 5465; x_wconf 84' lang='grc' dir='ltr'>τὰ</span> <span class='ocrx_word' id='word_1_491' title='bbox 1461 5411 1536 5483; x_wconf 82' lang='grc' dir='ltr'>μὴ</span> <span class='ocrx_word' id='word_1_492' title='bbox 1564 5411 1693 5467; x_wconf 74' lang='grc' dir='ltr'>ὄντα</span> <span class='ocrx_word' id='word_1_493' title='bbox 1732 5412 1807 5477; x_wconf 83' lang='grc' dir='ltr'>ὡς</span> <span class='ocrx_word' id='word_1_494' title='bbox 1836 5414 1964 5466; x_wconf 76' lang='grc' dir='ltr'>ὄντα</span> 
     </span>
    </p>
   </div>
   <div class='ocr_carea' id='block_1_63' title="bbox 391 5495 1969 5570">
    <p class='ocr_par' dir='ltr' id='par_1_63' title="bbox 391 5495 1969 5570">
     <span class='ocr_line' id='line_1_63' title="bbox 391 5495 1969 5570; baseline -0.002 -17"><span class='ocrx_word' id='word_1_495' title='bbox 391 5498 542 5569; x_wconf 84' lang='grc' dir='ltr'>αὑτῷ</span> <span class='ocrx_word' id='word_1_496' title='bbox 589 5499 882 5570; x_wconf 85' lang='grc' dir='ltr'>ὑφέστηκε,</span> <span class='ocrx_word' id='word_1_497' title='bbox 925 5497 1176 5569; x_wconf 88' lang='grc' dir='ltr'>καθάπερ</span> <span class='ocrx_word' id='word_1_498' title='bbox 1208 5499 1237 5551; x_wconf 88' lang='lat'>6</span> <span class='ocrx_word' id='word_1_499' title='bbox 1270 5495 1481 5559; x_wconf 85' lang='grc' dir='ltr'>Παῦλός</span> <span class='ocrx_word' id='word_1_500' title='bbox 1521 5511 1705 5566; x_wconf 88' lang='grc' dir='ltr'>φησιν·</span> <span class='ocrx_word' id='word_1_501' title='bbox 1748 5497 1811 5549; x_wconf 91' lang='lat'>&#39;0</span> <span class='ocrx_word' id='word_1_502' title='bbox 1864 5513 1969 5550; x_wconf 83' lang='grc' dir='ltr'>κα-</span> 
     </span>
    </p>
   </div>
   <div class='ocr_carea' id='block_1_64' title="bbox 389 5580 1967 5651">
    <p class='ocr_par' dir='ltr' id='par_1_64' title="bbox 389 5580 1967 5651">
     <span class='ocr_line' id='line_1_64' title="bbox 389 5580 1967 5651; baseline -0.003 -13"><span class='ocrx_word' id='word_1_503' title='bbox 389 5582 517 5638; x_wconf 71' lang='grc' dir='ltr'>λῶν</span> <span class='ocrx_word' id='word_1_504' title='bbox 564 5582 636 5637; x_wconf 80' lang='grc' dir='ltr'>τὰ</span> <span class='ocrx_word' id='word_1_505' title='bbox 673 5581 763 5651; x_wconf 82' lang='grc' dir='ltr'>μὴ</span> <span class='ocrx_word' id='word_1_506' title='bbox 812 5582 956 5635; x_wconf 82' lang='grc' dir='ltr'>ὄντα</span> <span class='ocrx_word' id='word_1_507' title='bbox 990 5582 1071 5647; x_wconf 85' lang='grc' dir='ltr'>ὡς</span> <span class='ocrx_word' id='word_1_508' title='bbox 1126 5581 1291 5634; x_wconf 78' lang='grc' dir='ltr'>ὄντα.</span> <span class='ocrx_word' id='word_1_509' title='bbox 1330 5581 1418 5644; x_wconf 85' lang='grc' dir='ltr'>Ὠς</span> <span class='ocrx_word' id='word_1_510' title='bbox 1474 5580 1690 5650; x_wconf 80' lang='grc' dir='ltr'>ἐτοίμου</span> <span class='ocrx_word' id='word_1_511' title='bbox 1733 5581 1842 5651; x_wconf 88' lang='lat'>7&amp;9</span> <span class='ocrx_word' id='word_1_512' title='bbox 1875 5582 1967 5634; x_wconf 76' lang='grc' dir='ltr'>καὶ</span> 
     </span>
    </p>
   </div>
   <div class='ocr_carea' id='block_1_65' title="bbox 391 5661 1967 5737">
    <p class='ocr_par' dir='ltr' id='par_1_65' title="bbox 391 5661 1967 5737">
     <span class='ocr_line' id='line_1_65' title="bbox 391 5661 1967 5737; baseline -0.002 -17"><span class='ocrx_word' id='word_1_513' title='bbox 391 5661 914 5737; x_wconf 81' lang='grc' dir='ltr'>παρεσκευασμένης</span> <span class='ocrx_word' id='word_1_514' title='bbox 956 5662 1054 5733; x_wconf 85' lang='grc' dir='ltr'>τῆς</span> <span class='ocrx_word' id='word_1_515' title='bbox 1100 5662 1402 5733; x_wconf 76' lang='grc' dir='ltr'>τραπέζης,</span> <span class='ocrx_word' id='word_1_516' title='bbox 1453 5662 1736 5717; x_wconf 85' lang='grc' dir='ltr'>ἐκέλευσεν</span> <span class='ocrx_word' id='word_1_517' title='bbox 1769 5664 1967 5728; x_wconf 75' lang='grc' dir='ltr'>αὐτοὺς</span> 
     </span>
    </p>
   </div>
   <div class='ocr_carea' id='block_1_66' title="bbox 474 5772 1969 5840">
    <p class='ocr_par' dir='ltr' id='par_1_66' title="bbox 474 5772 1969 5840">
     <span class='ocr_line' id='line_1_66' title="bbox 474 5772 1969 5840; baseline -0.004 -9"><span class='ocrx_word' id='word_1_518' title='bbox 474 5781 501 5811; x_wconf 78' lang='grc'>⁸</span> <span class='ocrx_word' id='word_1_519' title='bbox 533 5778 675 5830; x_wconf 75' lang='lat' dir='ltr'><strong>Alius</strong></span> <span class='ocrx_word' id='word_1_520' title='bbox 726 5774 1058 5840; x_wconf 72' lang='grc' dir='ltr'>ἀποκρούεται.</span> <span class='ocrx_word' id='word_1_521' title='bbox 1217 5772 1493 5840; x_wconf 19' lang='grc' dir='ltr'>ΑΑιίἰμλοῖμαι</span> <span class='ocrx_word' id='word_1_522' title='bbox 1531 5776 1621 5839; x_wconf 82' lang='grc' dir='ltr'>γὰρ</span> <span class='ocrx_word' id='word_1_523' title='bbox 1660 5776 1801 5840; x_wconf 71' lang='grc' dir='ltr'>αὑτὸν</span> <span class='ocrx_word' id='word_1_524' title='bbox 1822 5780 1969 5840; x_wconf 21' lang='grc' dir='ltr'>γείσε-</span> 
     </span>
    </p>
   </div>
   <div class='ocr_carea' id='block_1_67' title="bbox 389 5836 1967 5901">
    <p class='ocr_par' dir='ltr' id='par_1_67' title="bbox 389 5836 1967 5901">
     <span class='ocr_line' id='line_1_67' title="bbox 389 5836 1967 5901; baseline -0.01 -8"><span class='ocrx_word' id='word_1_525' title='bbox 389 5842 635 5901; x_wconf 63' lang='grc' dir='ltr'>ὶηλνθίναι</span> <span class='ocrx_word' id='word_1_526' title='bbox 658 5841 753 5890; x_wconf 86' lang='grc' dir='ltr'>τῶν</span> <span class='ocrx_word' id='word_1_527' title='bbox 772 5836 911 5901; x_wconf 78' lang='grc' dir='ltr'>πρόφ.</span> <span class='ocrx_word' id='word_1_528' title='bbox 980 5840 1001 5867; x_wconf 68' lang='grc'>’³</span> <span class='ocrx_word' id='word_1_529' title='bbox 1031 5836 1386 5901; x_wconf 64' lang='grc' dir='ltr'>Οιιὶιίηῐιιάνέϐη</span> <span class='ocrx_word' id='word_1_530' title='bbox 1410 5838 1491 5901; x_wconf 82' lang='grc' dir='ltr'>μὲν</span> <span class='ocrx_word' id='word_1_531' title='bbox 1513 5836 1790 5898; x_wconf 73' lang='grc' dir='ltr'>περαιτέρω.</span> <span class='ocrx_word' id='word_1_532' title='bbox 1819 5839 1967 5887; x_wconf 77' lang='lat' dir='ltr'>Paulo</span> 
     </span>
    </p>
   </div>
   <div class='ocr_carea' id='block_1_68' title="bbox 392 5893 1967 5968">
    <p class='ocr_par' dir='ltr' id='par_1_68' title="bbox 392 5893 1967 5968">
     <span class='ocr_line' id='line_1_68' title="bbox 392 5893 1967 5968; baseline -0.004 -15"><span class='ocrx_word' id='word_1_533' title='bbox 392 5893 503 5968; x_wconf 53' lang='grc' dir='ltr'>νόει</span> <span class='ocrx_word' id='word_1_534' title='bbox 534 5903 685 5954; x_wconf 77' lang='lat' dir='ltr'>Savil.</span> <span class='ocrx_word' id='word_1_535' title='bbox 723 5893 945 5966; x_wconf 71' lang='grc' dir='ltr'>μάθωμεν</span> <span class='ocrx_word' id='word_1_536' title='bbox 981 5901 1132 5945; x_wconf 72' lang='grc' dir='ltr'>τοίνυν</span> <span class='ocrx_word' id='word_1_537' title='bbox 1175 5899 1234 5943; x_wconf 76' lang='grc' dir='ltr'>οἱ.</span> <span class='ocrx_word' id='word_1_538' title='bbox 1299 5893 1326 5932; x_wconf 70' lang='grc' dir='ltr'><em>ά</em></span> <span class='ocrx_word' id='word_1_539' title='bbox 1350 5893 1497 5943; x_wconf 56' lang='grc' dir='ltr'>δυ’κιι.</span> <span class='ocrx_word' id='word_1_540' title='bbox 1522 5893 1601 5943; x_wconf 76' lang='grc' dir='ltr'>καὶ</span> <span class='ocrx_word' id='word_1_541' title='bbox 1647 5893 1717 5955; x_wconf 67' lang='grc' dir='ltr'>τί.⁷</span> <span class='ocrx_word' id='word_1_542' title='bbox 1735 5901 1967 5956; x_wconf 85' lang='grc' dir='ltr'>ποσότητι</span> 
     </span>
    </p>
   </div>
   <div class='ocr_carea' id='block_1_69' title="bbox 396 5970 575 6028">
    <p class='ocr_par' dir='ltr' id='par_1_69' title="bbox 396 5970 575 6028">
     <span class='ocr_line' id='line_1_69' title="bbox 396 5970 575 6028; baseline 0.034 -14"><span class='ocrx_word' id='word_1_543' title='bbox 396 5970 477 6015; x_wconf 77' lang='grc' dir='ltr'>καὶ</span> <span class='ocrx_word' id='word_1_544' title='bbox 501 5973 575 6028; x_wconf 73' lang='grc' dir='ltr'>τῇ.</span> 
     </span>
    </p>
   </div>
   <div class='ocr_carea' id='block_1_70' title="bbox 1044 289 2911 349">
    <p class='ocr_par' dir='ltr' id='par_1_70' title="bbox 1044 289 2911 349">
     <span class='ocr_line' id='line_1_70' title="bbox 1044 289 2911 349; baseline 0.004 -8"><span class='ocrx_word' id='word_1_545' title='bbox 1044 291 1101 344; x_wconf 83' lang='lat' dir='ltr'>S.</span> <span class='ocrx_word' id='word_1_546' title='bbox 1136 291 1428 347; x_wconf 64' lang='lat' dir='ltr'>IOANNIS</span> <span class='ocrx_word' id='word_1_547' title='bbox 1464 290 1953 347; x_wconf 60' lang='lat' dir='ltr'>CHRYSOSTOSH</span> <span class='ocrx_word' id='word_1_548' title='bbox 1994 289 2319 349; x_wconf 71' lang='lat' dir='ltr'>ARCHIEP.</span> <span class='ocrx_word' id='word_1_549' title='bbox 2359 290 2911 349; x_wconf 74' lang='lat' dir='ltr'>CONSTANTINOP.</span> 
     </span>
    </p>
   </div>
   <div class='ocr_carea' id='block_1_71' title="bbox 3556 293 3665 348">
    <p class='ocr_par' dir='ltr' id='par_1_71' title="bbox 3556 293 3665 348">
     <span class='ocr_line' id='line_1_71' title="bbox 3556 293 3665 348; baseline -0.009 0"><span class='ocrx_word' id='word_1_550' title='bbox 3556 293 3665 348; x_wconf 65' lang='grc' dir='ltr'>ΞΗ</span> 
     </span>
    </p>
   </div>
   <div class='ocr_carea' id='block_1_72' title="bbox 2073 407 3651 477">
    <p class='ocr_par' dir='ltr' id='par_1_72' title="bbox 2073 407 3651 477">
     <span class='ocr_line' id='line_1_72' title="bbox 2073 407 3651 477; baseline 0.001 -18"><span class='ocrx_word' id='word_1_551' title='bbox 2073 408 2277 474; x_wconf 74' lang='grc' dir='ltr'>εὐθέως</span> <span class='ocrx_word' id='word_1_552' title='bbox 2306 410 2620 465; x_wconf 87' lang='grc' dir='ltr'>ἀναπεσεῖν.</span> <span class='ocrx_word' id='word_1_553' title='bbox 2645 409 2802 463; x_wconf 86' lang='grc' dir='ltr'>Οῦτω</span> <span class='ocrx_word' id='word_1_554' title='bbox 2833 411 2928 464; x_wconf 75' lang='grc' dir='ltr'>καὶ</span> <span class='ocrx_word' id='word_1_555' title='bbox 2950 408 3037 462; x_wconf 83' lang='grc' dir='ltr'>διὰ</span> <span class='ocrx_word' id='word_1_556' title='bbox 3063 407 3257 461; x_wconf 84' lang='grc' dir='ltr'>τούτου</span> <span class='ocrx_word' id='word_1_557' title='bbox 3284 408 3383 477; x_wconf 84' lang='grc' dir='ltr'>τὴν</span> <span class='ocrx_word' id='word_1_558' title='bbox 3410 407 3651 462; x_wconf 86' lang='grc' dir='ltr'>διάνοιαν</span> 
     </span>
    </p>
   </div>
   <div class='ocr_carea' id='block_1_73' title="bbox 2070 490 3653 564">
    <p class='ocr_par' dir='ltr' id='par_1_73' title="bbox 2070 490 3653 564">
     <span class='ocr_line' id='line_1_73' title="bbox 2070 490 3653 564; baseline -0.001 -19"><span class='ocrx_word' id='word_1_559' title='bbox 2070 490 2178 545; x_wconf 88' lang='grc' dir='ltr'>τῶν</span> <span class='ocrx_word' id='word_1_560' title='bbox 2226 492 2486 564; x_wconf 83' lang='grc' dir='ltr'>μαθητῶν</span> <span class='ocrx_word' id='word_1_561' title='bbox 2531 492 2846 564; x_wconf 83' lang='grc' dir='ltr'>ἀνέστησεν.</span> <span class='ocrx_word' id='word_1_562' title='bbox 2882 493 3003 545; x_wconf 84' lang='grc' dir='ltr'>’Ὀτι</span> <span class='ocrx_word' id='word_1_563' title='bbox 3043 491 3100 545; x_wconf 85' lang='grc' dir='ltr'>δέ</span> <span class='ocrx_word' id='word_1_564' title='bbox 3152 502 3175 529; x_wconf 76' lang='grc' dir='ltr'>θ</span> <span class='ocrx_word' id='word_1_565' title='bbox 3214 490 3309 543; x_wconf 79' lang='grc' dir='ltr'>καὶ</span> <span class='ocrx_word' id='word_1_566' title='bbox 3356 491 3653 562; x_wconf 86' lang='grc' dir='ltr'>ἐκέρδαναν</span> 
     </span>
    </p>
   </div>
   <div class='ocr_carea' id='block_1_74' title="bbox 2067 574 3654 648">
    <p class='ocr_par' dir='ltr' id='par_1_74' title="bbox 2067 574 3654 648">
     <span class='ocr_line' id='line_1_74' title="bbox 2067 574 3654 648; baseline 0.001 -20"><span class='ocrx_word' id='word_1_567' title='bbox 2067 576 2176 629; x_wconf 82' lang='grc' dir='ltr'>ἀπὸ</span> <span class='ocrx_word' id='word_1_568' title='bbox 2223 577 2324 645; x_wconf 89' lang='grc' dir='ltr'>τῆς</span> <span class='ocrx_word' id='word_1_569' title='bbox 2363 577 2705 648; x_wconf 82' lang='grc' dir='ltr'>ἐρωτήσεως,</span> <span class='ocrx_word' id='word_1_570' title='bbox 2751 575 2952 638; x_wconf 86' lang='grc' dir='ltr'>εὑθέως</span> <span class='ocrx_word' id='word_1_571' title='bbox 2999 576 3337 645; x_wconf 83' lang='grc' dir='ltr'>ὑπήκουσαν,</span> <span class='ocrx_word' id='word_1_572' title='bbox 3397 574 3492 628; x_wconf 76' lang='grc' dir='ltr'>καὶ</span> <span class='ocrx_word' id='word_1_573' title='bbox 3554 576 3654 629; x_wconf 77' lang='grc' dir='ltr'>οὑκ</span> 
     </span>
    </p>
   </div>
   <div class='ocr_carea' id='block_1_75' title="bbox 2066 657 3654 729">
    <p class='ocr_par' dir='ltr' id='par_1_75' title="bbox 2066 657 3654 729">
     <span class='ocr_line' id='line_1_75' title="bbox 2066 657 3654 729; baseline 0 -19"><span class='ocrx_word' id='word_1_574' title='bbox 2066 658 2497 729; x_wconf 84' lang='grc' dir='ltr'>ἐθορυϐήθησαν,</span> <span class='ocrx_word' id='word_1_575' title='bbox 2534 658 2656 712; x_wconf 80' lang='grc' dir='ltr'>οὐδὲ</span> <span class='ocrx_word' id='word_1_576' title='bbox 2706 657 2877 713; x_wconf 73' lang='grc' dir='ltr'>εἷπον·</span> <span class='ocrx_word' id='word_1_577' title='bbox 2911 661 2964 713; x_wconf 93' lang='grc' dir='ltr'>τί</span> <span class='ocrx_word' id='word_1_578' title='bbox 2995 677 3125 713; x_wconf 89' lang='grc' dir='ltr'>ποτε</span> <span class='ocrx_word' id='word_1_579' title='bbox 3163 658 3325 713; x_wconf 90' lang='grc' dir='ltr'>τοῦτό</span> <span class='ocrx_word' id='word_1_580' title='bbox 3349 659 3495 723; x_wconf 89' lang='grc' dir='ltr'>ἐστι;</span> <span class='ocrx_word' id='word_1_581' title='bbox 3533 658 3654 719; x_wconf 90' lang='grc' dir='ltr'>πῶς</span> 
     </span>
    </p>
   </div>
   <div class='ocr_carea' id='block_1_76' title="bbox 2065 742 3651 814">
    <p class='ocr_par' dir='ltr' id='par_1_76' title="bbox 2065 742 3651 814">
     <span class='ocr_line' id='line_1_76' title="bbox 2065 742 3651 814; baseline -0.002 -18"><span class='ocrx_word' id='word_1_582' title='bbox 2065 742 2306 806; x_wconf 82' lang='grc' dir='ltr'>κελεύεις</span> <span class='ocrx_word' id='word_1_583' title='bbox 2344 744 2658 805; x_wconf 82' lang='grc' dir='ltr'>ἀναπεσεῖν,</span> <span class='ocrx_word' id='word_1_584' title='bbox 2685 743 2898 806; x_wconf 75' lang='grc' dir='ltr'>οὐδενὸς</span> <span class='ocrx_word' id='word_1_585' title='bbox 2924 744 2981 796; x_wconf 92' lang='grc' dir='ltr'>ἐν</span> <span class='ocrx_word' id='word_1_586' title='bbox 3008 742 3087 812; x_wconf 83' lang='grc' dir='ltr'>τῷ</span> <span class='ocrx_word' id='word_1_587' title='bbox 3113 742 3263 814; x_wconf 82' lang='grc' dir='ltr'>μέσῳ</span> <span class='ocrx_word' id='word_1_588' title='bbox 3289 742 3651 811; x_wconf 74' lang='grc' dir='ltr'>φαινομένους</span> 
     </span>
    </p>
   </div>
   <div class='ocr_carea' id='block_1_77' title="bbox 2067 823 3654 897">
    <p class='ocr_par' dir='ltr' id='par_1_77' title="bbox 2067 823 3654 897">
     <span class='ocr_line' id='line_1_77' title="bbox 2067 823 3654 897; baseline -0.002 -19"><span class='ocrx_word' id='word_1_589' title='bbox 2067 824 2224 879; x_wconf 78' lang='grc' dir='ltr'>Οὕτω</span> <span class='ocrx_word' id='word_1_590' title='bbox 2250 826 2345 879; x_wconf 78' lang='grc' dir='ltr'>καὶ</span> <span class='ocrx_word' id='word_1_591' title='bbox 2374 826 2480 897; x_wconf 83' lang='grc' dir='ltr'>πρὸ</span> <span class='ocrx_word' id='word_1_592' title='bbox 2504 825 2604 896; x_wconf 85' lang='grc' dir='ltr'>τῆς</span> <span class='ocrx_word' id='word_1_593' title='bbox 2627 827 2804 895; x_wconf 65' lang='grc' dir='ltr'>ὅψεως</span> <span class='ocrx_word' id='word_1_594' title='bbox 2841 824 2935 878; x_wconf 81' lang='grc' dir='ltr'>τοῦ</span> <span class='ocrx_word' id='word_1_595' title='bbox 2969 825 3200 895; x_wconf 89' lang='grc' dir='ltr'>σημείου</span> <span class='ocrx_word' id='word_1_596' title='bbox 3233 823 3511 877; x_wconf 85' lang='grc' dir='ltr'>πιστεύειν</span> <span class='ocrx_word' id='word_1_597' title='bbox 3553 824 3654 894; x_wconf 83' lang='grc' dir='ltr'>ῆρ-</span> 
     </span>
    </p>
   </div>
   <div class='ocr_carea' id='block_1_78' title="bbox 2069 906 3655 979">
    <p class='ocr_par' dir='ltr' id='par_1_78' title="bbox 2069 906 3655 979">
     <span class='ocr_line' id='line_1_78' title="bbox 2069 906 3655 979; baseline -0.001 -18"><span class='ocrx_word' id='word_1_598' title='bbox 2069 907 2227 973; x_wconf 83' lang='grc' dir='ltr'>ξαντο</span> <span class='ocrx_word' id='word_1_599' title='bbox 2256 908 2277 947; x_wconf 81' lang='grc' dir='ltr'>ῐ</span> <span class='ocrx_word' id='word_1_600' title='bbox 2310 910 2358 962; x_wconf 84' lang='grc' dir='ltr'>οί</span> <span class='ocrx_word' id='word_1_601' title='bbox 2396 908 2547 977; x_wconf 83' lang='grc' dir='ltr'>παρά</span> <span class='ocrx_word' id='word_1_602' title='bbox 2595 909 2691 979; x_wconf 75' lang='grc' dir='ltr'>τὴν</span> <span class='ocrx_word' id='word_1_603' title='bbox 2732 908 2909 979; x_wconf 83' lang='grc' dir='ltr'>ἀρχὴν</span> <span class='ocrx_word' id='word_1_604' title='bbox 2953 906 3205 962; x_wconf 88' lang='grc' dir='ltr'>τοσοῦτον</span> <span class='ocrx_word' id='word_1_605' title='bbox 3246 908 3655 977; x_wconf 80' lang='grc' dir='ltr'>ἀπιστήσαντες</span> 
     </span>
    </p>
   </div>
   <div class='ocr_carea' id='block_1_79' title="bbox 2066 989 3657 1061">
    <p class='ocr_par' dir='ltr' id='par_1_79' title="bbox 2066 989 3657 1061">
     <span class='ocr_line' id='line_1_79' title="bbox 2066 989 3657 1061; baseline -0.001 -18"><span class='ocrx_word' id='word_1_606' title='bbox 2066 990 2141 1054; x_wconf 85' lang='grc' dir='ltr'>ὡς</span> <span class='ocrx_word' id='word_1_607' title='bbox 2166 992 2359 1057; x_wconf 83' lang='grc' dir='ltr'>εἰπεῖν,</span> <span class='ocrx_word' id='word_1_608' title='bbox 2384 994 2576 1046; x_wconf 84' lang='grc' dir='ltr'>Πόθεν</span> <span class='ocrx_word' id='word_1_609' title='bbox 2595 990 2974 1061; x_wconf 77' lang='grc' dir='ltr'>ἀγοράσομεν</span> <span class='ocrx_word' id='word_1_610' title='bbox 2998 990 3253 1057; x_wconf 80' lang='grc' dir='ltr'>ἀρτους;</span> <span class='ocrx_word' id='word_1_611' title='bbox 3288 992 3371 1043; x_wconf 88' lang='grc' dir='ltr'>ὄτι</span> <span class='ocrx_word' id='word_1_612' title='bbox 3398 991 3490 1042; x_wconf 72' lang='grc' dir='ltr'>καὶ</span> <span class='ocrx_word' id='word_1_613' title='bbox 3516 989 3657 1058; x_wconf 86' lang='grc' dir='ltr'>μετά</span> 
     </span>
    </p>
   </div>
   <div class='ocr_carea' id='block_1_80' title="bbox 2067 1072 3652 1145">
    <p class='ocr_par' dir='ltr' id='par_1_80' title="bbox 2067 1072 3652 1145">
     <span class='ocr_line' id='line_1_80' title="bbox 2067 1072 3652 1145; baseline -0.001 -19"><span class='ocrx_word' id='word_1_614' title='bbox 2067 1072 2377 1145; x_wconf 87' lang='grc' dir='ltr'>προθυμίας</span> <span class='ocrx_word' id='word_1_615' title='bbox 2417 1074 2702 1128; x_wconf 84' lang='grc' dir='ltr'>ἀνέκλιναν</span> <span class='ocrx_word' id='word_1_616' title='bbox 2740 1073 2866 1137; x_wconf 82' lang='grc' dir='ltr'>τοὺς</span> <span class='ocrx_word' id='word_1_617' title='bbox 2916 1073 3127 1143; x_wconf 79' lang='grc' dir='ltr'>δχλους.</span> <span class='ocrx_word' id='word_1_618' title='bbox 3163 1072 3322 1126; x_wconf 78' lang='grc' dir='ltr'>Ἀλλά</span> <span class='ocrx_word' id='word_1_619' title='bbox 3353 1072 3405 1125; x_wconf 86' lang='grc' dir='ltr'>τί</span> <span class='ocrx_word' id='word_1_620' title='bbox 3452 1073 3652 1144; x_wconf 87' lang='grc' dir='ltr'>δήποτε</span> 
     </span>
    </p>
   </div>
   <div class='ocr_carea' id='block_1_81' title="bbox 2063 1154 3653 1228">
    <p class='ocr_par' dir='ltr' id='par_1_81' title="bbox 2063 1154 3653 1228">
     <span class='ocr_line' id='line_1_81' title="bbox 2063 1154 3653 1228; baseline -0.001 -19"><span class='ocrx_word' id='word_1_621' title='bbox 2063 1157 2155 1209; x_wconf 81' lang='grc' dir='ltr'>τὸν</span> <span class='ocrx_word' id='word_1_622' title='bbox 2183 1156 2549 1228; x_wconf 83' lang='grc' dir='ltr'>παραλυτικὸν</span> <span class='ocrx_word' id='word_1_623' title='bbox 2574 1157 2783 1227; x_wconf 85' lang='grc' dir='ltr'>μέλλων</span> <span class='ocrx_word' id='word_1_624' title='bbox 2815 1155 3076 1228; x_wconf 78' lang='grc' dir='ltr'>ἀνορθοῦν</span> <span class='ocrx_word' id='word_1_625' title='bbox 3112 1156 3212 1208; x_wconf 89' lang='grc' dir='ltr'>οὑκ</span> <span class='ocrx_word' id='word_1_626' title='bbox 3255 1155 3497 1225; x_wconf 85' lang='grc' dir='ltr'>εὑχεται,</span> <span class='ocrx_word' id='word_1_627' title='bbox 3532 1154 3653 1208; x_wconf 83' lang='grc' dir='ltr'>οὑδὲ</span> 
     </span>
    </p>
   </div>
   <div class='ocr_carea' id='block_1_82' title="bbox 2064 1239 3655 1312">
    <p class='ocr_par' dir='ltr' id='par_1_82' title="bbox 2064 1239 3655 1312">
     <span class='ocr_line' id='line_1_82' title="bbox 2064 1239 3655 1312; baseline -0.001 -17"><span class='ocrx_word' id='word_1_628' title='bbox 2064 1240 2156 1295; x_wconf 85' lang='lat' dir='ltr'><em>16v</em></span> <span class='ocrx_word' id='word_1_629' title='bbox 2182 1242 2374 1312; x_wconf 88' lang='grc' dir='ltr'>νεκρὸν</span> <span class='ocrx_word' id='word_1_630' title='bbox 2402 1241 2652 1311; x_wconf 87' lang='grc' dir='ltr'>ἐγείρων,</span> <span class='ocrx_word' id='word_1_631' title='bbox 2685 1240 2805 1294; x_wconf 78' lang='grc' dir='ltr'>οὑδὲ</span> <span class='ocrx_word' id='word_1_632' title='bbox 2830 1241 2928 1311; x_wconf 81' lang='grc' dir='ltr'>τὴν</span> <span class='ocrx_word' id='word_1_633' title='bbox 2962 1239 3233 1294; x_wconf 87' lang='grc' dir='ltr'>θάλατταν</span> <span class='ocrx_word' id='word_1_634' title='bbox 3270 1239 3521 1309; x_wconf 82' lang='grc' dir='ltr'>χαλινῶν·</span> <span class='ocrx_word' id='word_1_635' title='bbox 3566 1241 3655 1293; x_wconf 87' lang='grc' dir='ltr'>ἐν-</span> 
     </span>
    </p>
   </div>
   <div class='ocr_carea' id='block_1_83' title="bbox 2064 1322 3651 1393">
    <p class='ocr_par' dir='ltr' id='par_1_83' title="bbox 2064 1322 3651 1393">
     <span class='ocr_line' id='line_1_83' title="bbox 2064 1322 3651 1393; baseline -0.002 -16"><span class='ocrx_word' id='word_1_636' title='bbox 2064 1323 2240 1377; x_wconf 83' lang='grc' dir='ltr'>ταῦθα</span> <span class='ocrx_word' id='word_1_637' title='bbox 2271 1324 2329 1377; x_wconf 88' lang='grc' dir='ltr'>δέ</span> <span class='ocrx_word' id='word_1_638' title='bbox 2368 1325 2461 1376; x_wconf 71' lang='grc' dir='ltr'>ἐπὶ</span> <span class='ocrx_word' id='word_1_639' title='bbox 2499 1324 2606 1375; x_wconf 89' lang='grc' dir='ltr'>τῶν</span> <span class='ocrx_word' id='word_1_640' title='bbox 2649 1324 2827 1393; x_wconf 84' lang='grc' dir='ltr'>ἄρτων</span> <span class='ocrx_word' id='word_1_641' title='bbox 2876 1322 3036 1376; x_wconf 88' lang='grc' dir='ltr'>τοῦτο</span> <span class='ocrx_word' id='word_1_642' title='bbox 3080 1325 3251 1390; x_wconf 87' lang='grc' dir='ltr'>ποιεῖ;</span> <span class='ocrx_word' id='word_1_643' title='bbox 3310 1323 3535 1385; x_wconf 83' lang='grc' dir='ltr'>Δεικνὺς</span> <span class='ocrx_word' id='word_1_644' title='bbox 3568 1324 3651 1376; x_wconf 84' lang='grc' dir='ltr'>ὅτι</span> 
     </span>
    </p>
   </div>
   <div class='ocr_carea' id='block_1_84' title="bbox 2022 1406 3650 1480">
    <p class='ocr_par' dir='ltr' id='par_1_84' title="bbox 2022 1406 3650 1480">
     <span class='ocr_line' id='line_1_84' title="bbox 2022 1406 3650 1480; baseline -0.001 -19"><span class='ocrx_word' id='word_1_645' title='bbox 2022 1424 2031 1431; x_wconf 75' lang='grc'><strong>“</strong></span> <span class='ocrx_word' id='word_1_646' title='bbox 2064 1407 2192 1472; x_wconf 77' lang='grc' dir='ltr'>τοὺς</span> <span class='ocrx_word' id='word_1_647' title='bbox 2220 1408 2429 1480; x_wconf 83' lang='grc' dir='ltr'>τροφῆς</span> <span class='ocrx_word' id='word_1_648' title='bbox 2453 1408 2787 1479; x_wconf 81' lang='grc' dir='ltr'>ἀρχομένους</span> <span class='ocrx_word' id='word_1_649' title='bbox 2812 1408 3152 1478; x_wconf 82' lang='grc' dir='ltr'>εὐχαριστεῖν</span> <span class='ocrx_word' id='word_1_650' title='bbox 3174 1407 3255 1460; x_wconf 85' lang='grc' dir='ltr'>δεῖ</span> <span class='ocrx_word' id='word_1_651' title='bbox 3273 1406 3350 1477; x_wconf 84' lang='grc' dir='ltr'>τῷ</span> <span class='ocrx_word' id='word_1_652' title='bbox 3370 1406 3506 1477; x_wconf 83' lang='grc' dir='ltr'>Θεῷ.</span> <span class='ocrx_word' id='word_1_653' title='bbox 3540 1408 3650 1460; x_wconf 85' lang='grc' dir='ltr'>Καὶ</span> 
     </span>
    </p>
   </div>
   <div class='ocr_carea' id='block_1_85' title="bbox 2065 1488 3651 1560">
    <p class='ocr_par' dir='ltr' id='par_1_85' title="bbox 2065 1488 3651 1560">
     <span class='ocr_line' id='line_1_85' title="bbox 2065 1488 3651 1560; baseline -0.003 -13"><span class='ocrx_word' id='word_1_654' title='bbox 2065 1491 2238 1554; x_wconf 81' lang='grc' dir='ltr'>ἄλλως</span> <span class='ocrx_word' id='word_1_655' title='bbox 2262 1492 2337 1554; x_wconf 83' lang='grc' dir='ltr'>δὲ,</span> <span class='ocrx_word' id='word_1_656' title='bbox 2372 1491 2465 1543; x_wconf 69' lang='grc' dir='ltr'>ἐπὶ</span> <span class='ocrx_word' id='word_1_657' title='bbox 2497 1490 2605 1543; x_wconf 90' lang='grc' dir='ltr'>τῶν</span> <span class='ocrx_word' id='word_1_658' title='bbox 2633 1489 2928 1543; x_wconf 88' lang='grc' dir='ltr'>ἐλαττόνων</span> <span class='ocrx_word' id='word_1_659' title='bbox 2962 1489 3092 1544; x_wconf 83' lang='grc' dir='ltr'>αὐτὸ</span> <span class='ocrx_word' id='word_1_660' title='bbox 3145 1488 3376 1560; x_wconf 89' lang='grc' dir='ltr'>μάλιστα</span> <span class='ocrx_word' id='word_1_661' title='bbox 3420 1489 3651 1560; x_wconf 82' lang='grc' dir='ltr'>ἐργάζε-</span> 
     </span>
    </p>
   </div>
   <div class='ocr_carea' id='block_1_86' title="bbox 2065 1567 3650 1646">
    <p class='ocr_par' dir='ltr' id='par_1_86' title="bbox 2065 1567 3650 1646">
     <span class='ocr_line' id='line_1_86' title="bbox 2065 1567 3650 1646; baseline -0.003 -18"><span class='ocrx_word' id='word_1_662' title='bbox 2065 1593 2172 1638; x_wconf 84' lang='grc' dir='ltr'>ται,</span> <span class='ocrx_word' id='word_1_663' title='bbox 2210 1574 2297 1627; x_wconf 83' lang='grc' dir='ltr'>ἴνα</span> <span class='ocrx_word' id='word_1_664' title='bbox 2328 1572 2508 1646; x_wconf 83' lang='grc' dir='ltr'>μάθῃς</span> <span class='ocrx_word' id='word_1_665' title='bbox 2552 1574 2634 1626; x_wconf 83' lang='grc' dir='ltr'>ὅτι</span> <span class='ocrx_word' id='word_1_666' title='bbox 2667 1574 2728 1626; x_wconf 91' lang='grc' dir='ltr'>οὑ</span> <span class='ocrx_word' id='word_1_667' title='bbox 2764 1573 3018 1643; x_wconf 83' lang='grc' dir='ltr'>δεόμενος</span> <span class='ocrx_word' id='word_1_668' title='bbox 3055 1572 3187 1625; x_wconf 84' lang='grc' dir='ltr'>αὑτὸ</span> <span class='ocrx_word' id='word_1_669' title='bbox 3235 1574 3396 1625; x_wconf 87' lang='grc' dir='ltr'>ποιεῖ.</span> <span class='ocrx_word' id='word_1_670' title='bbox 3444 1567 3507 1625; x_wconf 79' lang='grc' dir='ltr'>Εἰ</span> <span class='ocrx_word' id='word_1_671' title='bbox 3539 1573 3650 1643; x_wconf 83' lang='grc' dir='ltr'>γὰρ</span> 
     </span>
    </p>
   </div>
   <div class='ocr_carea' id='block_1_87' title="bbox 2064 1653 3649 1727">
    <p class='ocr_par' dir='ltr' id='par_1_87' title="bbox 2064 1653 3649 1727">
     <span class='ocr_line' id='line_1_87' title="bbox 2064 1653 3649 1727; baseline -0.003 -16"><span class='ocrx_word' id='word_1_672' title='bbox 2064 1658 2338 1727; x_wconf 87' lang='grc' dir='ltr'>δεόμενος,</span> <span class='ocrx_word' id='word_1_673' title='bbox 2380 1655 2563 1727; x_wconf 84' lang='grc' dir='ltr'>πολλῷ</span> <span class='ocrx_word' id='word_1_674' title='bbox 2608 1656 2809 1725; x_wconf 81' lang='grc' dir='ltr'>μᾶλλον</span> <span class='ocrx_word' id='word_1_675' title='bbox 2842 1656 2934 1707; x_wconf 73' lang='grc' dir='ltr'>ἐπὶ</span> <span class='ocrx_word' id='word_1_676' title='bbox 2963 1654 3071 1706; x_wconf 88' lang='grc' dir='ltr'>τῶν</span> <span class='ocrx_word' id='word_1_677' title='bbox 3106 1653 3365 1724; x_wconf 78' lang='grc' dir='ltr'>μειζόνων</span> <span class='ocrx_word' id='word_1_678' title='bbox 3406 1654 3472 1707; x_wconf 86' lang='grc' dir='ltr'>ἂν</span> <span class='ocrx_word' id='word_1_679' title='bbox 3514 1654 3649 1707; x_wconf 77' lang='grc' dir='ltr'>αθτὸ</span> 
     </span>
    </p>
   </div>
   <div class='ocr_carea' id='block_1_88' title="bbox 2067 1736 3647 1811">
    <p class='ocr_par' dir='ltr' id='par_1_88' title="bbox 2067 1736 3647 1811">
     <span class='ocr_line' id='line_1_88' title="bbox 2067 1736 3647 1811; baseline -0.001 -19"><span class='ocrx_word' id='word_1_680' title='bbox 2067 1739 2341 1811; x_wconf 82' lang='grc' dir='ltr'>ἐποίησεν.</span> <span class='ocrx_word' id='word_1_681' title='bbox 2383 1737 2441 1791; x_wconf 87' lang='lat'>&#39;0</span> <span class='ocrx_word' id='word_1_682' title='bbox 2490 1739 2548 1791; x_wconf 89' lang='grc' dir='ltr'>δέ</span> <span class='ocrx_word' id='word_1_683' title='bbox 2598 1739 2783 1791; x_wconf 85' lang='grc' dir='ltr'>ἐκεῖνα</span> <span class='ocrx_word' id='word_1_684' title='bbox 2833 1736 3090 1808; x_wconf 75' lang='grc' dir='ltr'>αὑθεντία</span> <span class='ocrx_word' id='word_1_685' title='bbox 3137 1738 3389 1807; x_wconf 85' lang='grc' dir='ltr'>ποιήσας,</span> <span class='ocrx_word' id='word_1_686' title='bbox 3426 1736 3647 1808; x_wconf 76' lang='grc' dir='ltr'>εὔδηλον</span> 
     </span>
    </p>
   </div>
   <div class='ocr_carea' id='block_1_89' title="bbox 2064 1819 3304 1891">
    <p class='ocr_par' dir='ltr' id='par_1_89' title="bbox 2064 1819 3304 1891">
     <span class='ocr_line' id='line_1_89' title="bbox 2064 1819 3304 1891; baseline -0.002 -15"><span class='ocrx_word' id='word_1_687' title='bbox 2064 1824 2144 1877; x_wconf 80' lang='grc' dir='ltr'>ὅτι</span> <span class='ocrx_word' id='word_1_688' title='bbox 2179 1822 2467 1875; x_wconf 71' lang='grc' dir='ltr'>καὶταῦτα</span> <span class='ocrx_word' id='word_1_689' title='bbox 2506 1819 2989 1889; x_wconf 87' lang='grc' dir='ltr'>συγκαταϐατικῶς</span> <span class='ocrx_word' id='word_1_690' title='bbox 3018 1820 3304 1891; x_wconf 79' lang='grc' dir='ltr'>ἔπραττεν.</span> 
     </span>
    </p>
   </div>
   <div class='ocr_carea' id='block_1_90' title="bbox 2135 1900 3650 1977">
    <p class='ocr_par' dir='ltr' id='par_1_90' title="bbox 2135 1900 3650 1977">
     <span class='ocr_line' id='line_1_90' title="bbox 2135 1900 3650 1977; baseline -0.001 -17"><span class='ocrx_word' id='word_1_691' title='bbox 2135 1908 2333 1976; x_wconf 83' lang='grc' dir='ltr'>γ’.Ἔτι</span> <span class='ocrx_word' id='word_1_692' title='bbox 2357 1923 2416 1958; x_wconf 88' lang='grc' dir='ltr'>τε</span> <span class='ocrx_word' id='word_1_693' title='bbox 2441 1906 2535 1959; x_wconf 80' lang='grc' dir='ltr'>καὶ</span> <span class='ocrx_word' id='word_1_694' title='bbox 2550 1906 2631 1958; x_wconf 81' lang='grc' dir='ltr'>ὅτι</span> <span class='ocrx_word' id='word_1_695' title='bbox 2656 1905 2809 1975; x_wconf 77' lang='grc' dir='ltr'>ὄχλος</span> <span class='ocrx_word' id='word_1_696' title='bbox 2830 1900 3076 1975; x_wconf 78' lang='grc' dir='ltr'>πολὺςῆν</span> <span class='ocrx_word' id='word_1_697' title='bbox 3093 1904 3281 1975; x_wconf 86' lang='grc' dir='ltr'>παρὼν</span> <span class='ocrx_word' id='word_1_698' title='bbox 3302 1905 3349 1967; x_wconf 71' lang='grc'>⁸,</span> <span class='ocrx_word' id='word_1_699' title='bbox 3374 1905 3467 1957; x_wconf 71' lang='grc' dir='ltr'>καὶ</span> <span class='ocrx_word' id='word_1_700' title='bbox 3483 1906 3650 1977; x_wconf 81' lang='grc' dir='ltr'>ἐχρῆν</span> 
     </span>
    </p>
   </div>
   <div class='ocr_carea' id='block_1_91' title="bbox 2062 1985 3649 2060">
    <p class='ocr_par' dir='ltr' id='par_1_91' title="bbox 2062 1985 3649 2060">
     <span class='ocr_line' id='line_1_91' title="bbox 2062 1985 3649 2060; baseline -0.001 -18"><span class='ocrx_word' id='word_1_701' title='bbox 2062 1989 2260 2052; x_wconf 76' lang='grc' dir='ltr'>αὑτοὺς</span> <span class='ocrx_word' id='word_1_702' title='bbox 2311 1988 2618 2058; x_wconf 87' lang='grc' dir='ltr'>πεισθῆναι,</span> <span class='ocrx_word' id='word_1_703' title='bbox 2659 1989 2741 2040; x_wconf 83' lang='grc' dir='ltr'>ὅτι</span> <span class='ocrx_word' id='word_1_704' title='bbox 2792 1986 2935 2040; x_wconf 88' lang='grc' dir='ltr'>κατά</span> <span class='ocrx_word' id='word_1_705' title='bbox 2980 1985 3205 2058; x_wconf 79' lang='grc' dir='ltr'>γνώμην</span> <span class='ocrx_word' id='word_1_706' title='bbox 3236 1988 3371 2042; x_wconf 84' lang='grc' dir='ltr'>Θεοῦ</span> <span class='ocrx_word' id='word_1_707' title='bbox 3413 1989 3649 2060; x_wconf 80' lang='grc' dir='ltr'>παρεγέ-</span> 
     </span>
    </p>
   </div>
   <div class='ocr_carea' id='block_1_92' title="bbox 2064 2069 3652 2142">
    <p class='ocr_par' dir='ltr' id='par_1_92' title="bbox 2064 2069 3652 2142">
     <span class='ocr_line' id='line_1_92' title="bbox 2064 2069 3652 2142; baseline -0.001 -18"><span class='ocrx_word' id='word_1_708' title='bbox 2064 2088 2204 2125; x_wconf 89' lang='grc' dir='ltr'>νετο.</span> <span class='ocrx_word' id='word_1_709' title='bbox 2232 2073 2330 2127; x_wconf 86' lang='grc' dir='ltr'>Διά</span> <span class='ocrx_word' id='word_1_710' title='bbox 2360 2071 2517 2125; x_wconf 89' lang='grc' dir='ltr'>τοῦτο</span> <span class='ocrx_word' id='word_1_711' title='bbox 2548 2072 2676 2124; x_wconf 85' lang='grc' dir='ltr'>ὅταν</span> <span class='ocrx_word' id='word_1_712' title='bbox 2708 2070 2807 2141; x_wconf 89' lang='grc' dir='ltr'>μέν</span> <span class='ocrx_word' id='word_1_713' title='bbox 2839 2069 2998 2140; x_wconf 89' lang='grc' dir='ltr'>μόνος</span> <span class='ocrx_word' id='word_1_714' title='bbox 3024 2074 3149 2141; x_wconf 82' lang='grc' dir='ltr'>ποιῇ</span> <span class='ocrx_word' id='word_1_715' title='bbox 3186 2089 3237 2123; x_wconf 91' lang='grc' dir='ltr'>τι</span> <span class='ocrx_word' id='word_1_716' title='bbox 3280 2074 3525 2142; x_wconf 88' lang='grc' dir='ltr'>σημεῖον,</span> <span class='ocrx_word' id='word_1_717' title='bbox 3559 2073 3652 2123; x_wconf 75' lang='grc' dir='ltr'>οὐ·</span> 
     </span>
    </p>
   </div>
   <div class='ocr_carea' id='block_1_93' title="bbox 2064 2152 3649 2207">
    <p class='ocr_par' dir='ltr' id='par_1_93' title="bbox 2064 2152 3649 2207">
     <span class='ocr_line' id='line_1_93' title="bbox 2064 2152 3649 2207; baseline -0.001 0"><span class='ocrx_word' id='word_1_718' title='bbox 2064 2154 2151 2207; x_wconf 88' lang='grc' dir='ltr'>δέν</span> <span class='ocrx_word' id='word_1_719' title='bbox 2177 2154 2412 2207; x_wconf 90' lang='grc' dir='ltr'>τοιοῦτον</span> <span class='ocrx_word' id='word_1_720' title='bbox 2458 2152 2846 2205; x_wconf 85' lang='grc' dir='ltr'>ἐπιδείκνυται·</span> <span class='ocrx_word' id='word_1_721' title='bbox 2881 2153 3009 2205; x_wconf 87' lang='grc' dir='ltr'>ὅταν</span> <span class='ocrx_word' id='word_1_722' title='bbox 3053 2152 3109 2205; x_wconf 85' lang='grc' dir='ltr'>δὲ</span> <span class='ocrx_word' id='word_1_723' title='bbox 3140 2154 3234 2205; x_wconf 76' lang='grc' dir='ltr'>ἐπὶ</span> <span class='ocrx_word' id='word_1_724' title='bbox 3273 2154 3483 2207; x_wconf 86' lang='grc' dir='ltr'>πολλῶν</span> <span class='ocrx_word' id='word_1_725' title='bbox 3515 2154 3649 2207; x_wconf 83' lang='grc' dir='ltr'>αὑτὸ</span> 
     </span>
    </p>
   </div>
   <div class='ocr_carea' id='block_1_94' title="bbox 2064 2236 3649 2310">
    <p class='ocr_par' dir='ltr' id='par_1_94' title="bbox 2064 2236 3649 2310">
     <span class='ocr_line' id='line_1_94' title="bbox 2064 2236 3649 2310; baseline -0.003 -19"><span class='ocrx_word' id='word_1_726' title='bbox 2064 2240 2214 2310; x_wconf 82' lang='grc' dir='ltr'>ποιῇ,</span> <span class='ocrx_word' id='word_1_727' title='bbox 2267 2236 2408 2290; x_wconf 84' lang='grc' dir='ltr'>ὥστε</span> <span class='ocrx_word' id='word_1_728' title='bbox 2438 2236 2724 2289; x_wconf 88' lang='grc' dir='ltr'>πιστεῦσαι</span> <span class='ocrx_word' id='word_1_729' title='bbox 2773 2237 2968 2300; x_wconf 79' lang='grc' dir='ltr'>αὑτοὺς</span> <span class='ocrx_word' id='word_1_730' title='bbox 3021 2237 3103 2290; x_wconf 81' lang='grc' dir='ltr'>ὅτι</span> <span class='ocrx_word' id='word_1_731' title='bbox 3146 2238 3246 2290; x_wconf 90' lang='grc' dir='ltr'>οὑκ</span> <span class='ocrx_word' id='word_1_732' title='bbox 3292 2237 3537 2301; x_wconf 85' lang='grc' dir='ltr'>άντίθεός</span> <span class='ocrx_word' id='word_1_733' title='bbox 3564 2236 3649 2299; x_wconf 87' lang='grc' dir='ltr'>τίς</span> 
     </span>
    </p>
   </div>
   <div class='ocr_carea' id='block_1_95' title="bbox 2064 2319 3651 2394">
    <p class='ocr_par' dir='ltr' id='par_1_95' title="bbox 2064 2319 3651 2394">
     <span class='ocr_line' id='line_1_95' title="bbox 2064 2319 3651 2394; baseline 0.001 -21"><span class='ocrx_word' id='word_1_734' title='bbox 2064 2322 2231 2387; x_wconf 87' lang='grc' dir='ltr'>ἐστιν,</span> <span class='ocrx_word' id='word_1_735' title='bbox 2266 2321 2385 2374; x_wconf 78' lang='grc' dir='ltr'>οὐδὲ</span> <span class='ocrx_word' id='word_1_736' title='bbox 2411 2319 2650 2383; x_wconf 81' lang='grc' dir='ltr'>ἐναντίος</span> <span class='ocrx_word' id='word_1_737' title='bbox 2671 2319 2748 2391; x_wconf 82' lang='grc' dir='ltr'>τῷ</span> <span class='ocrx_word' id='word_1_738' title='bbox 2768 2320 3141 2391; x_wconf 88' lang='grc' dir='ltr'>γεγεννηκότι,</span> <span class='ocrx_word' id='word_1_739' title='bbox 3172 2321 3260 2375; x_wconf 86' lang='grc' dir='ltr'>διὰ</span> <span class='ocrx_word' id='word_1_740' title='bbox 3300 2325 3400 2393; x_wconf 83' lang='grc' dir='ltr'>τῆς</span> <span class='ocrx_word' id='word_1_741' title='bbox 3432 2323 3651 2394; x_wconf 78' lang='grc' dir='ltr'>εὐχαρι-</span> 
     </span>
    </p>
   </div>
   <div class='ocr_carea' id='block_1_96' title="bbox 2058 2403 3649 2476">
    <p class='ocr_par' dir='ltr' id='par_1_96' title="bbox 2058 2403 3649 2476">
     <span class='ocr_line' id='line_1_96' title="bbox 2058 2403 3649 2476; baseline 0.003 -22"><span class='ocrx_word' id='word_1_742' title='bbox 2058 2406 2219 2468; x_wconf 81' lang='grc' dir='ltr'>,στίας</span> <span class='ocrx_word' id='word_1_743' title='bbox 2244 2405 2460 2476; x_wconf 85' lang='grc' dir='ltr'>ἀναιρεῖ</span> <span class='ocrx_word' id='word_1_744' title='bbox 2490 2405 2589 2475; x_wconf 80' lang='grc' dir='ltr'>τὴν</span> <span class='ocrx_word' id='word_1_745' title='bbox 2618 2403 2873 2472; x_wconf 70' lang='grc' dir='ltr'>ὑποψίαν.</span> <span class='ocrx_word' id='word_1_746' title='bbox 2907 2404 3013 2458; x_wconf 78' lang='lat' dir='ltr'>Kal</span> <span class='ocrx_word' id='word_1_747' title='bbox 3044 2404 3229 2459; x_wconf 80' lang='grc' dir='ltr'>ἔδωκε</span> <span class='ocrx_word' id='word_1_748' title='bbox 3259 2405 3385 2473; x_wconf 86' lang='grc' dir='ltr'>τοῖς</span> <span class='ocrx_word' id='word_1_749' title='bbox 3412 2407 3649 2460; x_wconf 76' lang='grc' dir='ltr'>ἀνακει-</span> 
     </span>
    </p>
   </div>
   <div class='ocr_carea' id='block_1_97' title="bbox 2059 2486 3647 2559">
    <p class='ocr_par' dir='ltr' id='par_1_97' title="bbox 2059 2486 3647 2559">
     <span class='ocr_line' id='line_1_97' title="bbox 2059 2486 3647 2559; baseline 0 -17"><span class='ocrx_word' id='word_1_750' title='bbox 2059 2488 2290 2559; x_wconf 80' lang='grc' dir='ltr'>μένοις,</span> <span class='ocrx_word' id='word_1_751' title='bbox 2340 2488 2437 2542; x_wconf 78' lang='grc' dir='ltr'>καὶ</span> <span class='ocrx_word' id='word_1_752' title='bbox 2483 2486 2979 2554; x_wconf 74' lang='grc' dir='ltr'>ἐνεπλήσθησαν.</span> <span class='ocrx_word' id='word_1_753' title='bbox 3039 2487 3194 2550; x_wconf 78' lang='grc' dir='ltr'>Εἶδες</span> <span class='ocrx_word' id='word_1_754' title='bbox 3243 2488 3406 2542; x_wconf 88' lang='grc' dir='ltr'>πόσον</span> <span class='ocrx_word' id='word_1_755' title='bbox 3461 2489 3647 2542; x_wconf 88' lang='grc' dir='ltr'>δούλου</span> 
     </span>
    </p>
   </div>
   <div class='ocr_carea' id='block_1_98' title="bbox 2063 2570 3647 2646">
    <p class='ocr_par' dir='ltr' id='par_1_98' title="bbox 2063 2570 3647 2646">
     <span class='ocr_line' id='line_1_98' title="bbox 2063 2570 3647 2646; baseline 0.001 -22"><span class='ocrx_word' id='word_1_756' title='bbox 2063 2571 2159 2625; x_wconf 72' lang='grc' dir='ltr'>καὶ</span> <span class='ocrx_word' id='word_1_757' title='bbox 2185 2571 2444 2626; x_wconf 87' lang='grc' dir='ltr'>δεσπότου</span> <span class='ocrx_word' id='word_1_758' title='bbox 2476 2570 2536 2624; x_wconf 88' lang='lat'>16</span> <span class='ocrx_word' id='word_1_759' title='bbox 2587 2571 2781 2642; x_wconf 87' lang='grc' dir='ltr'>μέσον;</span> <span class='ocrx_word' id='word_1_760' title='bbox 2831 2573 3058 2624; x_wconf 85' lang='grc' dir='ltr'>Ἐκεῖνοι</span> <span class='ocrx_word' id='word_1_761' title='bbox 3089 2572 3188 2642; x_wconf 81' lang='grc' dir='ltr'>μὲν</span> <span class='ocrx_word' id='word_1_762' title='bbox 3214 2571 3320 2644; x_wconf 88' lang='lat'>7&amp;9</span> <span class='ocrx_word' id='word_1_763' title='bbox 3354 2574 3417 2625; x_wconf 91' lang='grc' dir='ltr'>ἐκ</span> <span class='ocrx_word' id='word_1_764' title='bbox 3450 2573 3647 2646; x_wconf 86' lang='grc' dir='ltr'>μέτρου</span> 
     </span>
    </p>
   </div>
   <div class='ocr_carea' id='block_1_99' title="bbox 2063 2654 3649 2727">
    <p class='ocr_par' dir='ltr' id='par_1_99' title="bbox 2063 2654 3649 2727">
     <span class='ocr_line' id='line_1_99' title="bbox 2063 2654 3649 2727; baseline 0.003 -19"><span class='ocrx_word' id='word_1_765' title='bbox 2063 2656 2277 2726; x_wconf 72' lang='grc' dir='ltr'>ἔχοντες</span> <span class='ocrx_word' id='word_1_766' title='bbox 2300 2654 2398 2726; x_wconf 78' lang='grc' dir='ltr'>τὴν</span> <span class='ocrx_word' id='word_1_767' title='bbox 2422 2655 2601 2726; x_wconf 84' lang='grc' dir='ltr'>χάριν,</span> <span class='ocrx_word' id='word_1_768' title='bbox 2637 2654 2810 2718; x_wconf 80' lang='grc' dir='ltr'>οὑτως</span> <span class='ocrx_word' id='word_1_769' title='bbox 2844 2654 3346 2727; x_wconf 86' lang='grc' dir='ltr'>ἐθαυματούργουν·</span> <span class='ocrx_word' id='word_1_770' title='bbox 3379 2659 3407 2711; x_wconf 94' lang='lat'>6</span> <span class='ocrx_word' id='word_1_771' title='bbox 3429 2657 3487 2709; x_wconf 84' lang='grc' dir='ltr'>δὲ</span> <span class='ocrx_word' id='word_1_772' title='bbox 3516 2659 3649 2723; x_wconf 80' lang='grc' dir='ltr'>Θεὸς</span> 
     </span>
    </p>
   </div>
   <div class='ocr_carea' id='block_1_100' title="bbox 2062 2738 3651 2812">
    <p class='ocr_par' dir='ltr' id='par_1_100' title="bbox 2062 2738 3651 2812">
     <span class='ocr_line' id='line_1_100' title="bbox 2062 2738 3651 2812; baseline 0.003 -19"><span class='ocrx_word' id='word_1_773' title='bbox 2062 2739 2437 2812; x_wconf 73' lang='grc' dir='ltr'>ἀπολελυμένη</span> <span class='ocrx_word' id='word_1_774' title='bbox 2484 2740 2709 2809; x_wconf 85' lang='grc' dir='ltr'>δυνάμει</span> <span class='ocrx_word' id='word_1_775' title='bbox 2755 2738 2943 2803; x_wconf 86' lang='grc' dir='ltr'>ποιῶν,</span> <span class='ocrx_word' id='word_1_776' title='bbox 3004 2741 3144 2810; x_wconf 86' lang='grc' dir='ltr'>μετά</span> <span class='ocrx_word' id='word_1_777' title='bbox 3191 2741 3389 2812; x_wconf 88' lang='grc' dir='ltr'>πολλῆς</span> <span class='ocrx_word' id='word_1_778' title='bbox 3434 2743 3651 2797; x_wconf 81' lang='grc' dir='ltr'>ἅπαντα</span> 
     </span>
    </p>
   </div>
   <div class='ocr_carea' id='block_1_101' title="bbox 2065 2818 3644 2894">
    <p class='ocr_par' dir='ltr' id='par_1_101' title="bbox 2065 2818 3644 2894">
     <span class='ocr_line' id='line_1_101' title="bbox 2065 2818 3644 2894; baseline 0.001 -17"><span class='ocrx_word' id='word_1_779' title='bbox 2065 2822 2348 2893; x_wconf 77' lang='grc' dir='ltr'>εἰργάζετο</span> <span class='ocrx_word' id='word_1_780' title='bbox 2371 2822 2471 2892; x_wconf 87' lang='grc' dir='ltr'>τῆς</span> <span class='ocrx_word' id='word_1_781' title='bbox 2500 2822 2836 2893; x_wconf 84' lang='grc' dir='ltr'>περιουσίας.</span> <span class='ocrx_word' id='word_1_782' title='bbox 2876 2821 2984 2875; x_wconf 73' lang='grc' dir='ltr'>Καὶ</span> <span class='ocrx_word' id='word_1_783' title='bbox 3011 2818 3142 2877; x_wconf 78' lang='grc' dir='ltr'>εἶπε</span> <span class='ocrx_word' id='word_1_784' title='bbox 3171 2824 3297 2891; x_wconf 82' lang='grc' dir='ltr'>τοῖς</span> <span class='ocrx_word' id='word_1_785' title='bbox 3331 2826 3644 2894; x_wconf 81' lang='grc' dir='ltr'>μαθηταῖς·</span> 
     </span>
    </p>
   </div>
   <div class='ocr_carea' id='block_1_102' title="bbox 2065 2906 3649 2978">
    <p class='ocr_par' dir='ltr' id='par_1_102' title="bbox 2065 2906 3649 2978">
     <span class='ocr_line' id='line_1_102' title="bbox 2065 2906 3649 2978; baseline 0.001 -16"><span class='ocrx_word' id='word_1_786' title='bbox 2065 2906 2440 2977; x_wconf 76' lang='grc' dir='ltr'>Συναγάγετε</span> <span class='ocrx_word' id='word_1_787' title='bbox 2481 2907 2553 2960; x_wconf 86' lang='grc' dir='ltr'>τὰ</span> <span class='ocrx_word' id='word_1_788' title='bbox 2600 2907 3094 2973; x_wconf 82' lang='grc' dir='ltr'>περισσεύσαντα</span> <span class='ocrx_word' id='word_1_789' title='bbox 3126 2908 3443 2978; x_wconf 66' lang='grc' dir='ltr'>κλάσματα</span> <span class='ocrx_word' id='word_1_790' title='bbox 3482 2909 3533 2962; x_wconf 75' lang='grc' dir='ltr'>ιι.</span> <span class='ocrx_word' id='word_1_791' title='bbox 3582 2913 3649 2963; x_wconf 75' lang='lat' dir='ltr'>UI</span> 
     </span>
    </p>
   </div>
   <div class='ocr_carea' id='block_1_103' title="bbox 2066 2989 3641 3061">
    <p class='ocr_par' dir='ltr' id='par_1_103' title="bbox 2066 2989 3641 3061">
     <span class='ocr_line' id='line_1_103' title="bbox 2066 2989 3641 3061; baseline 0.001 -16"><span class='ocrx_word' id='word_1_792' title='bbox 2066 2991 2134 3045; x_wconf 77' lang='grc' dir='ltr'>δὲ</span> <span class='ocrx_word' id='word_1_793' title='bbox 2185 2991 2555 3061; x_wconf 72' lang='grc' dir='ltr'>συνήγαγον,</span> <span class='ocrx_word' id='word_1_794' title='bbox 2600 2990 2699 3043; x_wconf 82' lang='grc' dir='ltr'>καὶ</span> <span class='ocrx_word' id='word_1_795' title='bbox 2737 2989 3024 3060; x_wconf 83' lang='grc' dir='ltr'>ἐγέμισαν</span> <span class='ocrx_word' id='word_1_796' title='bbox 3065 2990 3293 3046; x_wconf 83' lang='grc' dir='ltr'>δώδεκα</span> <span class='ocrx_word' id='word_1_797' title='bbox 3331 2993 3641 3061; x_wconf 63' lang='grc' dir='ltr'>κοφίνους.</span> 
     </span>
    </p>
   </div>
   <div class='ocr_carea' id='block_1_104' title="bbox 2067 3069 3647 3147">
    <p class='ocr_par' dir='ltr' id='par_1_104' title="bbox 2067 3069 3647 3147">
     <span class='ocr_line' id='line_1_104' title="bbox 2067 3069 3647 3147; baseline 0.001 -19"><span class='ocrx_word' id='word_1_798' title='bbox 2067 3076 2181 3129; x_wconf 88' lang='grc' dir='ltr'>Οὑκ</span> <span class='ocrx_word' id='word_1_799' title='bbox 2211 3074 2468 3139; x_wconf 80' lang='grc' dir='ltr'>ἐπίδειξις</span> <span class='ocrx_word' id='word_1_800' title='bbox 2518 3069 2584 3145; x_wconf 81' lang='grc' dir='ltr'>ῆν</span> <span class='ocrx_word' id='word_1_801' title='bbox 2625 3072 2784 3127; x_wconf 89' lang='grc' dir='ltr'>τοῦτο</span> <span class='ocrx_word' id='word_1_802' title='bbox 2816 3074 3063 3145; x_wconf 81' lang='grc' dir='ltr'>περιττὴ,</span> <span class='ocrx_word' id='word_1_803' title='bbox 3096 3076 3211 3128; x_wconf 86' lang='grc' dir='ltr'>ἀλλ’</span> <span class='ocrx_word' id='word_1_804' title='bbox 3232 3075 3371 3129; x_wconf 82' lang='grc' dir='ltr'>ὥστε</span> <span class='ocrx_word' id='word_1_805' title='bbox 3405 3077 3480 3147; x_wconf 86' lang='grc' dir='ltr'>μὴ</span> <span class='ocrx_word' id='word_1_806' title='bbox 3509 3094 3647 3145; x_wconf 87' lang='grc' dir='ltr'>φαν-</span> 
     </span>
    </p>
   </div>
   <div class='ocr_carea' id='block_1_105' title="bbox 2063 3157 3645 3230">
    <p class='ocr_par' dir='ltr' id='par_1_105' title="bbox 2063 3157 3645 3230">
     <span class='ocr_line' id='line_1_105' title="bbox 2063 3157 3645 3230; baseline 0.001 -18"><span class='ocrx_word' id='word_1_807' title='bbox 2063 3158 2256 3213; x_wconf 90' lang='grc' dir='ltr'>τασίαν</span> <span class='ocrx_word' id='word_1_808' title='bbox 2288 3157 2609 3229; x_wconf 88' lang='grc' dir='ltr'>νομισθῆναι</span> <span class='ocrx_word' id='word_1_809' title='bbox 2643 3157 2704 3211; x_wconf 96' lang='lat'>16</span> <span class='ocrx_word' id='word_1_810' title='bbox 2735 3158 2989 3229; x_wconf 81' lang='grc' dir='ltr'>πρᾶγμα·</span> <span class='ocrx_word' id='word_1_811' title='bbox 3020 3157 3105 3212; x_wconf 80' lang='grc' dir='ltr'>διὰ</span> <span class='ocrx_word' id='word_1_812' title='bbox 3153 3157 3217 3230; x_wconf 79' lang='grc' dir='ltr'>δὴ</span> <span class='ocrx_word' id='word_1_813' title='bbox 3258 3158 3416 3213; x_wconf 89' lang='grc' dir='ltr'>τοῦτο</span> <span class='ocrx_word' id='word_1_814' title='bbox 3458 3161 3553 3214; x_wconf 75' lang='grc' dir='ltr'>καὶ</span> <span class='ocrx_word' id='word_1_815' title='bbox 3585 3160 3645 3227; x_wconf 80' lang='grc' dir='ltr'>ἐξ</span> 
     </span>
    </p>
   </div>
   <div class='ocr_carea' id='block_1_106' title="bbox 2064 3239 3644 3313">
    <p class='ocr_par' dir='ltr' id='par_1_106' title="bbox 2064 3239 3644 3313">
     <span class='ocr_line' id='line_1_106' title="bbox 2064 3239 3644 3313; baseline 0.001 -20"><span class='ocrx_word' id='word_1_816' title='bbox 2064 3241 2430 3312; x_wconf 85' lang='grc' dir='ltr'>ὑποκειμένης</span> <span class='ocrx_word' id='word_1_817' title='bbox 2489 3239 2621 3311; x_wconf 81' lang='grc' dir='ltr'>ὑλης</span> <span class='ocrx_word' id='word_1_818' title='bbox 2666 3240 3009 3313; x_wconf 88' lang='grc' dir='ltr'>δημιουργεῖ.</span> <span class='ocrx_word' id='word_1_819' title='bbox 3046 3241 3201 3305; x_wconf 76' lang='grc' dir='ltr'>Τίνος</span> <span class='ocrx_word' id='word_1_820' title='bbox 3244 3241 3301 3295; x_wconf 90' lang='grc' dir='ltr'>δέ</span> <span class='ocrx_word' id='word_1_821' title='bbox 3341 3242 3527 3296; x_wconf 77' lang='grc' dir='ltr'>ἕνεκεν</span> <span class='ocrx_word' id='word_1_822' title='bbox 3580 3243 3644 3298; x_wconf 90' lang='grc' dir='ltr'>οὑ</span> 
     </span>
    </p>
   </div>
   <div class='ocr_carea' id='block_1_107' title="bbox 2063 3323 3645 3397">
    <p class='ocr_par' dir='ltr' id='par_1_107' title="bbox 2063 3323 3645 3397">
     <span class='ocr_line' id='line_1_107' title="bbox 2063 3323 3645 3397; baseline 0.002 -20"><span class='ocrx_word' id='word_1_823' title='bbox 2063 3327 2177 3387; x_wconf 87' lang='grc' dir='ltr'>τοῖς</span> <span class='ocrx_word' id='word_1_824' title='bbox 2205 3323 2382 3395; x_wconf 75' lang='grc' dir='ltr'>ὄχλοις</span> <span class='ocrx_word' id='word_1_825' title='bbox 2428 3323 2625 3378; x_wconf 81' lang='grc' dir='ltr'>ἔδωκεν</span> <span class='ocrx_word' id='word_1_826' title='bbox 2676 3324 2963 3396; x_wconf 83' lang='grc' dir='ltr'>βαστάσαι,</span> <span class='ocrx_word' id='word_1_827' title='bbox 3005 3323 3142 3378; x_wconf 87' lang='grc' dir='ltr'>ἀλλά</span> <span class='ocrx_word' id='word_1_828' title='bbox 3187 3326 3298 3388; x_wconf 87' lang='grc' dir='ltr'>τοῖς</span> <span class='ocrx_word' id='word_1_829' title='bbox 3345 3325 3645 3397; x_wconf 82' lang='grc' dir='ltr'>μαθηταῖς;</span> 
     </span>
    </p>
   </div>
   <div class='ocr_carea' id='block_1_108' title="bbox 2068 3409 3649 3481">
    <p class='ocr_par' dir='ltr' id='par_1_108' title="bbox 2068 3409 3649 3481">
     <span class='ocr_line' id='line_1_108' title="bbox 2068 3409 3649 3481; baseline 0.001 -18"><span class='ocrx_word' id='word_1_830' title='bbox 2068 3411 2189 3463; x_wconf 88' lang='grc' dir='ltr'>Ὅτι</span> <span class='ocrx_word' id='word_1_831' title='bbox 2223 3409 2456 3481; x_wconf 87' lang='grc' dir='ltr'>μάλιστα</span> <span class='ocrx_word' id='word_1_832' title='bbox 2487 3410 2711 3473; x_wconf 90' lang='grc' dir='ltr'>τούτους</span> <span class='ocrx_word' id='word_1_833' title='bbox 2745 3409 3033 3463; x_wconf 88' lang='grc' dir='ltr'>παιδεῦσαι</span> <span class='ocrx_word' id='word_1_834' title='bbox 3067 3409 3328 3479; x_wconf 74' lang='grc' dir='ltr'>ἠϐούλετο</span> <span class='ocrx_word' id='word_1_835' title='bbox 3352 3411 3477 3474; x_wconf 82' lang='grc' dir='ltr'>τοὺς</span> <span class='ocrx_word' id='word_1_836' title='bbox 3520 3411 3649 3481; x_wconf 89' lang='grc' dir='ltr'>μέλ-</span> 
     </span>
    </p>
   </div>
   <div class='ocr_carea' id='block_1_109' title="bbox 2063 3488 3647 3565">
    <p class='ocr_par' dir='ltr' id='par_1_109' title="bbox 2063 3488 3647 3565">
     <span class='ocr_line' id='line_1_109' title="bbox 2063 3488 3647 3565; baseline 0 -18"><span class='ocrx_word' id='word_1_837' title='bbox 2063 3493 2255 3557; x_wconf 90' lang='grc' dir='ltr'>λοντας</span> <span class='ocrx_word' id='word_1_838' title='bbox 2283 3488 2423 3547; x_wconf 75' lang='grc' dir='ltr'>εἶναι</span> <span class='ocrx_word' id='word_1_839' title='bbox 2447 3493 2797 3557; x_wconf 84' lang='grc' dir='ltr'>διδασκάλους</span> <span class='ocrx_word' id='word_1_840' title='bbox 2821 3492 2922 3563; x_wconf 83' lang='grc' dir='ltr'>τῆς</span> <span class='ocrx_word' id='word_1_841' title='bbox 2950 3493 3296 3564; x_wconf 77' lang='grc' dir='ltr'>οἰκουμένης.</span> <span class='ocrx_word' id='word_1_842' title='bbox 3323 3492 3395 3547; x_wconf 88' lang='lat' dir='ltr'><em>T6</em></span> <span class='ocrx_word' id='word_1_843' title='bbox 3420 3494 3519 3564; x_wconf 89' lang='grc' dir='ltr'>μέν</span> <span class='ocrx_word' id='word_1_844' title='bbox 3537 3493 3647 3565; x_wconf 84' lang='lat'>7&amp;9</span> 
     </span>
    </p>
   </div>
   <div class='ocr_carea' id='block_1_110' title="bbox 2065 3576 3648 3650">
    <p class='ocr_par' dir='ltr' id='par_1_110' title="bbox 2065 3576 3648 3650">
     <span class='ocr_line' id='line_1_110' title="bbox 2065 3576 3648 3650; baseline 0 -18"><span class='ocrx_word' id='word_1_845' title='bbox 2065 3578 2270 3650; x_wconf 88' lang='grc' dir='ltr'>πλῆθος</span> <span class='ocrx_word' id='word_1_846' title='bbox 2297 3578 2449 3632; x_wconf 79' lang='grc' dir='ltr'>οὐδὲν</span> <span class='ocrx_word' id='word_1_847' title='bbox 2481 3578 2623 3649; x_wconf 90' lang='grc' dir='ltr'>μέγα</span> <span class='ocrx_word' id='word_1_848' title='bbox 2649 3577 2839 3650; x_wconf 78' lang='grc' dir='ltr'>ἔμελλε</span> <span class='ocrx_word' id='word_1_849' title='bbox 2864 3576 3265 3648; x_wconf 84' lang='grc' dir='ltr'>καρπώσασθαι</span> <span class='ocrx_word' id='word_1_850' title='bbox 3291 3580 3355 3632; x_wconf 91' lang='grc' dir='ltr'>ἐκ</span> <span class='ocrx_word' id='word_1_851' title='bbox 3383 3578 3491 3632; x_wconf 90' lang='grc' dir='ltr'>τῶν</span> <span class='ocrx_word' id='word_1_852' title='bbox 3516 3578 3648 3634; x_wconf 86' lang='grc' dir='ltr'>θαυ-</span> 
     </span>
    </p>
   </div>
   <div class='ocr_carea' id='block_1_111' title="bbox 2068 3660 3647 3733">
    <p class='ocr_par' dir='ltr' id='par_1_111' title="bbox 2068 3660 3647 3733">
     <span class='ocr_line' id='line_1_111' title="bbox 2068 3660 3647 3733; baseline 0 -17"><span class='ocrx_word' id='word_1_853' title='bbox 2068 3662 2251 3733; x_wconf 82' lang='grc' dir='ltr'>μάτων</span> <span class='ocrx_word' id='word_1_854' title='bbox 2279 3662 2434 3725; x_wconf 88' lang='grc' dir='ltr'>τέως·</span> <span class='ocrx_word' id='word_1_855' title='bbox 2470 3660 2674 3724; x_wconf 75' lang='grc' dir='ltr'>εὐθέως</span> <span class='ocrx_word' id='word_1_856' title='bbox 2716 3660 2846 3730; x_wconf 90' lang='grc' dir='ltr'>γοῦν</span> <span class='ocrx_word' id='word_1_857' title='bbox 2896 3661 3317 3716; x_wconf 83' lang='grc' dir='ltr'>ἐπελανθάνοντο</span> <span class='ocrx_word' id='word_1_858' title='bbox 3343 3662 3518 3727; x_wconf 73' lang='grc' dir='ltr'>αὐτοὶ,</span> <span class='ocrx_word' id='word_1_859' title='bbox 3551 3663 3647 3717; x_wconf 84' lang='grc' dir='ltr'>καὶ</span> 
     </span>
    </p>
   </div>
   <div class='ocr_carea' id='block_1_112' title="bbox 2062 3740 3665 3819">
    <p class='ocr_par' dir='ltr' id='par_1_112' title="bbox 2062 3740 3665 3819">
     <span class='ocr_line' id='line_1_112' title="bbox 2062 3740 3665 3819; baseline 0.001 -20"><span class='ocrx_word' id='word_1_860' title='bbox 2062 3746 2227 3819; x_wconf 73' lang='grc' dir='ltr'>ᾔτουν</span> <span class='ocrx_word' id='word_1_861' title='bbox 2256 3746 2442 3816; x_wconf 72' lang='grc' dir='ltr'>ἕτερον</span> <span class='ocrx_word' id='word_1_862' title='bbox 2476 3744 2681 3816; x_wconf 90' lang='grc' dir='ltr'>θαῦμα·</span> <span class='ocrx_word' id='word_1_863' title='bbox 2728 3740 2872 3798; x_wconf 82' lang='grc' dir='ltr'>οὑτοι</span> <span class='ocrx_word' id='word_1_864' title='bbox 2899 3746 2955 3798; x_wconf 86' lang='grc' dir='ltr'>δέ</span> <span class='ocrx_word' id='word_1_865' title='bbox 2983 3746 3043 3799; x_wconf 89' lang='grc' dir='ltr'>οὑ</span> <span class='ocrx_word' id='word_1_866' title='bbox 3073 3745 3141 3800; x_wconf 85' lang='grc' dir='ltr'>τὰ</span> <span class='ocrx_word' id='word_1_867' title='bbox 3169 3747 3397 3817; x_wconf 90' lang='grc' dir='ltr'>τυχόντα</span> <span class='ocrx_word' id='word_1_868' title='bbox 3428 3746 3665 3816; x_wconf 70' lang='grc' dir='ltr'>κερδαί-,</span> 
     </span>
    </p>
   </div>
   <div class='ocr_carea' id='block_1_113' title="bbox 2065 3822 3665 3902">
    <p class='ocr_par' dir='ltr' id='par_1_113' title="bbox 2065 3822 3665 3902">
     <span class='ocr_line' id='line_1_113' title="bbox 2065 3822 3665 3902; baseline 0.001 -20"><span class='ocrx_word' id='word_1_869' title='bbox 2065 3846 2175 3883; x_wconf 90' lang='grc' dir='ltr'>νειν</span> <span class='ocrx_word' id='word_1_870' title='bbox 2214 3828 2456 3900; x_wconf 74' lang='grc' dir='ltr'>ἔμελλον.</span> <span class='ocrx_word' id='word_1_871' title='bbox 2481 3823 2592 3881; x_wconf 83' lang='grc' dir='ltr'>Ἦν</span> <span class='ocrx_word' id='word_1_872' title='bbox 2624 3827 2679 3881; x_wconf 89' lang='grc' dir='ltr'>δὲ</span> <span class='ocrx_word' id='word_1_873' title='bbox 2710 3827 2805 3881; x_wconf 73' lang='grc' dir='ltr'>καὶ</span> <span class='ocrx_word' id='word_1_874' title='bbox 2829 3826 2907 3899; x_wconf 81' lang='grc' dir='ltr'>τῷ</span> <span class='ocrx_word' id='word_1_875' title='bbox 2939 3828 3108 3901; x_wconf 73' lang='grc' dir='ltr'>Ἰούδα</span> <span class='ocrx_word' id='word_1_876' title='bbox 3134 3829 3453 3902; x_wconf 83' lang='grc' dir='ltr'>κατάκριμα</span> <span class='ocrx_word' id='word_1_877' title='bbox 3473 3829 3533 3884; x_wconf 85' lang='lat'>16</span> <span class='ocrx_word' id='word_1_878' title='bbox 3559 3822 3665 3901; x_wconf 60' lang='lat' dir='ltr'>71--t</span> 
     </span>
    </p>
   </div>
   <div class='ocr_carea' id='block_1_114' title="bbox 2065 3911 3649 3983">
    <p class='ocr_par' dir='ltr' id='par_1_114' title="bbox 2065 3911 3649 3983">
     <span class='ocr_line' id='line_1_114' title="bbox 2065 3911 3649 3983; baseline 0.003 -17"><span class='ocrx_word' id='word_1_879' title='bbox 2065 3913 2287 3983; x_wconf 82' lang='grc' dir='ltr'>νόμενον</span> <span class='ocrx_word' id='word_1_880' title='bbox 2314 3912 2374 3965; x_wconf 90' lang='grc' dir='ltr'>οὑ</span> <span class='ocrx_word' id='word_1_881' title='bbox 2399 3912 2461 3965; x_wconf 91' lang='lat'>16</span> <span class='ocrx_word' id='word_1_882' title='bbox 2490 3911 2672 3982; x_wconf 86' lang='grc' dir='ltr'>τυχὸν,</span> <span class='ocrx_word' id='word_1_883' title='bbox 2703 3911 3023 3982; x_wconf 71' lang='grc' dir='ltr'>βαστάζοντΊ⁸</span> <span class='ocrx_word' id='word_1_884' title='bbox 3056 3914 3146 3968; x_wconf 84' lang='grc' dir='ltr'>τὸν</span> <span class='ocrx_word' id='word_1_885' title='bbox 3177 3915 3417 3983; x_wconf 79' lang='grc' dir='ltr'>κόφινον.</span> <span class='ocrx_word' id='word_1_886' title='bbox 3438 3916 3560 3970; x_wconf 86' lang='grc' dir='ltr'>Ὅτι</span> <span class='ocrx_word' id='word_1_887' title='bbox 3592 3916 3649 3971; x_wconf 88' lang='grc' dir='ltr'>δέ</span> 
     </span>
    </p>
   </div>
   <div class='ocr_carea' id='block_1_115' title="bbox 2064 3993 3648 4067">
    <p class='ocr_par' dir='ltr' id='par_1_115' title="bbox 2064 3993 3648 4067">
     <span class='ocr_line' id='line_1_115' title="bbox 2064 3993 3648 4067; baseline 0.003 -19"><span class='ocrx_word' id='word_1_888' title='bbox 2064 3995 2166 4067; x_wconf 89' lang='grc' dir='ltr'>τῆς</span> <span class='ocrx_word' id='word_1_889' title='bbox 2194 3993 2375 4048; x_wconf 85' lang='grc' dir='ltr'>αὑτῶν</span> <span class='ocrx_word' id='word_1_890' title='bbox 2406 3994 2741 4057; x_wconf 88' lang='grc' dir='ltr'>παιδεύσεως</span> <span class='ocrx_word' id='word_1_891' title='bbox 2778 3996 2964 4048; x_wconf 73' lang='grc' dir='ltr'>ἕνεκεν</span> <span class='ocrx_word' id='word_1_892' title='bbox 2994 3995 3169 4050; x_wconf 90' lang='grc' dir='ltr'>ταῦτα</span> <span class='ocrx_word' id='word_1_893' title='bbox 3201 3998 3438 4065; x_wconf 87' lang='grc' dir='ltr'>ἐγένετο,</span> <span class='ocrx_word' id='word_1_894' title='bbox 3462 4000 3526 4052; x_wconf 84' lang='grc' dir='ltr'>ἐκ</span> <span class='ocrx_word' id='word_1_895' title='bbox 3553 4000 3648 4052; x_wconf 87' lang='grc' dir='ltr'>τοῦ</span> 
     </span>
    </p>
   </div>
   <div class='ocr_carea' id='block_1_116' title="bbox 2066 4074 3649 4153">
    <p class='ocr_par' dir='ltr' id='par_1_116' title="bbox 2066 4074 3649 4153">
     <span class='ocr_line' id='line_1_116' title="bbox 2066 4074 3649 4153; baseline 0.001 -19"><span class='ocrx_word' id='word_1_896' title='bbox 2066 4078 2357 4152; x_wconf 78' lang='grc' dir='ltr'>εἰρημένου</span> <span class='ocrx_word' id='word_1_897' title='bbox 2403 4076 2628 4151; x_wconf 77' lang='grc' dir='ltr'>ὕστερον</span> <span class='ocrx_word' id='word_1_898' title='bbox 2669 4079 2845 4151; x_wconf 87' lang='grc' dir='ltr'>δῆλον,</span> <span class='ocrx_word' id='word_1_899' title='bbox 2884 4074 3049 4152; x_wconf 82' lang='grc' dir='ltr'>οὑπερ</span> <span class='ocrx_word' id='word_1_900' title='bbox 3094 4081 3401 4153; x_wconf 85' lang='grc' dir='ltr'>ἀνέμνησεν</span> <span class='ocrx_word' id='word_1_901' title='bbox 3450 4083 3649 4146; x_wconf 74' lang='grc' dir='ltr'>αὑτοὺς</span> 
     </span>
    </p>
   </div>
   <div class='ocr_carea' id='block_1_117' title="bbox 2065 4160 3648 4232">
    <p class='ocr_par' dir='ltr' id='par_1_117' title="bbox 2065 4160 3648 4232">
     <span class='ocr_line' id='line_1_117' title="bbox 2065 4160 3648 4232; baseline 0.002 -16"><span class='ocrx_word' id='word_1_902' title='bbox 2065 4163 2256 4232; x_wconf 86' lang='grc' dir='ltr'>λέγων·</span> <span class='ocrx_word' id='word_1_903' title='bbox 2299 4162 2473 4217; x_wconf 80' lang='grc' dir='ltr'>Οὔπω</span> <span class='ocrx_word' id='word_1_904' title='bbox 2514 4160 2706 4217; x_wconf 83' lang='grc' dir='ltr'>νοεῖτε</span> <span class='ocrx_word' id='word_1_905' title='bbox 2751 4165 2984 4228; x_wconf 81' lang='grc' dir='ltr'>πόσους</span> <span class='ocrx_word' id='word_1_906' title='bbox 3028 4162 3319 4230; x_wconf 63' lang='grc' dir='ltr'>κοφίνους</span> <span class='ocrx_word' id='word_1_907' title='bbox 3365 4163 3648 4230; x_wconf 71' lang='grc' dir='ltr'>ἐλάθετες</span> 
     </span>
    </p>
   </div>
   <div class='ocr_carea' id='block_1_118' title="bbox 2066 4244 3650 4320">
    <p class='ocr_par' dir='ltr' id='par_1_118' title="bbox 2066 4244 3650 4320">
     <span class='ocr_line' id='line_1_118' title="bbox 2066 4244 3650 4320; baseline 0.001 -19"><span class='ocrx_word' id='word_1_908' title='bbox 2066 4249 2175 4301; x_wconf 79' lang='grc' dir='ltr'>Καὶ</span> <span class='ocrx_word' id='word_1_909' title='bbox 2207 4248 2267 4301; x_wconf 84' lang='lat'>16</span> <span class='ocrx_word' id='word_1_910' title='bbox 2318 4246 2636 4320; x_wconf 75' lang='grc' dir='ltr'>ἰσαρίθμους</span> <span class='ocrx_word' id='word_1_911' title='bbox 2683 4244 2820 4301; x_wconf 73' lang='grc' dir='ltr'>εἶναι</span> <span class='ocrx_word' id='word_1_912' title='bbox 2867 4249 2980 4309; x_wconf 80' lang='grc' dir='ltr'>τοῖς</span> <span class='ocrx_word' id='word_1_913' title='bbox 3026 4245 3294 4319; x_wconf 84' lang='grc' dir='ltr'>μαθηταῖς</span> <span class='ocrx_word' id='word_1_914' title='bbox 3327 4248 3454 4312; x_wconf 78' lang='grc' dir='ltr'>τοὺς</span> <span class='ocrx_word' id='word_1_915' title='bbox 3495 4249 3650 4318; x_wconf 88' lang='grc' dir='ltr'>κοφί-</span> 
     </span>
    </p>
   </div>
   <div class='ocr_carea' id='block_1_119' title="bbox 2067 4329 3674 4402">
    <p class='ocr_par' dir='ltr' id='par_1_119' title="bbox 2067 4329 3674 4402">
     <span class='ocr_line' id='line_1_119' title="bbox 2067 4329 3674 4402; baseline 0.002 -18"><span class='ocrx_word' id='word_1_916' title='bbox 2067 4348 2189 4394; x_wconf 84' lang='grc' dir='ltr'>νους</span> <span class='ocrx_word' id='word_1_917' title='bbox 2219 4331 2327 4385; x_wconf 89' lang='grc' dir='ltr'>τῶν</span> <span class='ocrx_word' id='word_1_918' title='bbox 2346 4332 2636 4402; x_wconf 66' lang='grc' dir='ltr'>λειψάνων,</span> <span class='ocrx_word' id='word_1_919' title='bbox 2665 4331 2763 4401; x_wconf 87' lang='grc' dir='ltr'>τῆς</span> <span class='ocrx_word' id='word_1_920' title='bbox 2785 4330 2954 4399; x_wconf 84' lang='grc' dir='ltr'>αὑτῆς</span> <span class='ocrx_word' id='word_1_921' title='bbox 2983 4329 3166 4383; x_wconf 77' lang='grc' dir='ltr'>ἕνεκεν</span> <span class='ocrx_word' id='word_1_922' title='bbox 3193 4332 3374 4395; x_wconf 83' lang='grc' dir='ltr'>αἰτίας</span> <span class='ocrx_word' id='word_1_923' title='bbox 3402 4332 3645 4401; x_wconf 89' lang='grc' dir='ltr'>γέγονεν.</span> <span class='ocrx_word' id='word_1_924' title='bbox 3668 4331 3674 4337; x_wconf 78' lang='grc'><em>’</em></span> 
     </span>
    </p>
   </div>
   <div class='ocr_carea' id='block_1_120' title="bbox 2068 4413 3647 4486">
    <p class='ocr_par' dir='ltr' id='par_1_120' title="bbox 2068 4413 3647 4486">
     <span class='ocr_line' id='line_1_120' title="bbox 2068 4413 3647 4486; baseline 0.002 -19"><span class='ocrx_word' id='word_1_925' title='bbox 2068 4414 2334 4485; x_wconf 83' lang='grc' dir='ltr'>’Υστερον</span> <span class='ocrx_word' id='word_1_926' title='bbox 2363 4416 2418 4468; x_wconf 83' lang='grc' dir='ltr'>δὲ</span> <span class='ocrx_word' id='word_1_927' title='bbox 2444 4414 2630 4486; x_wconf 80' lang='grc' dir='ltr'>ἐπειδὴ</span> <span class='ocrx_word' id='word_1_928' title='bbox 2660 4413 3079 4485; x_wconf 83' lang='grc' dir='ltr'>ἐπαιδεύθησαν,</span> <span class='ocrx_word' id='word_1_929' title='bbox 3100 4415 3198 4466; x_wconf 86' lang='grc' dir='ltr'>οὑκ</span> <span class='ocrx_word' id='word_1_930' title='bbox 3232 4414 3312 4468; x_wconf 83' lang='grc' dir='ltr'>ἐτι</span> <span class='ocrx_word' id='word_1_931' title='bbox 3342 4416 3647 4481; x_wconf 84' lang='grc' dir='ltr'>τοσούτους,</span> 
     </span>
    </p>
   </div>
   <div class='ocr_carea' id='block_1_121' title="bbox 2066 4495 3653 4569">
    <p class='ocr_par' dir='ltr' id='par_1_121' title="bbox 2066 4495 3653 4569">
     <span class='ocr_line' id='line_1_121' title="bbox 2066 4495 3653 4569; baseline 0.002 -19"><span class='ocrx_word' id='word_1_932' title='bbox 2066 4496 2202 4550; x_wconf 89' lang='grc' dir='ltr'>ἀλλά</span> <span class='ocrx_word' id='word_1_933' title='bbox 2238 4497 2501 4568; x_wconf 88' lang='grc' dir='ltr'>σπυρίδας</span> <span class='ocrx_word' id='word_1_934' title='bbox 2531 4496 2690 4551; x_wconf 88' lang='grc' dir='ltr'>ἐπτά.</span> <span class='ocrx_word' id='word_1_935' title='bbox 2730 4495 2872 4563; x_wconf 83' lang='grc' dir='ltr'>Ἐγὼ</span> <span class='ocrx_word' id='word_1_936' title='bbox 2901 4496 2956 4549; x_wconf 89' lang='grc' dir='ltr'>δέ</span> <span class='ocrx_word' id='word_1_937' title='bbox 2988 4497 3048 4549; x_wconf 84' lang='grc' dir='ltr'>ού</span> <span class='ocrx_word' id='word_1_938' title='bbox 3076 4497 3136 4550; x_wconf 88' lang='lat'>16</span> <span class='ocrx_word' id='word_1_939' title='bbox 3165 4496 3367 4567; x_wconf 85' lang='grc' dir='ltr'>πλῆθος</span> <span class='ocrx_word' id='word_1_940' title='bbox 3391 4497 3653 4569; x_wconf 81' lang='grc' dir='ltr'>θαυμάζω</span> 
     </span>
    </p>
   </div>
   <div class='ocr_carea' id='block_1_122' title="bbox 2066 4579 3653 4653">
    <p class='ocr_par' dir='ltr' id='par_1_122' title="bbox 2066 4579 3653 4653">
     <span class='ocr_line' id='line_1_122' title="bbox 2066 4579 3653 4653; baseline 0.001 -20"><span class='ocrx_word' id='word_1_941' title='bbox 2066 4580 2176 4634; x_wconf 85' lang='grc' dir='ltr'>τῶν</span> <span class='ocrx_word' id='word_1_942' title='bbox 2221 4580 2521 4649; x_wconf 76' lang='grc' dir='ltr'>γεγονότοιν</span> <span class='ocrx_word' id='word_1_943' title='bbox 2564 4580 2744 4650; x_wconf 81' lang='grc' dir='ltr'>ἀρτων</span> <span class='ocrx_word' id='word_1_944' title='bbox 2775 4579 2927 4651; x_wconf 63' lang='lat'>[25%]</span> <span class='ocrx_word' id='word_1_945' title='bbox 2966 4580 3146 4651; x_wconf 89' lang='grc' dir='ltr'>μόνον,</span> <span class='ocrx_word' id='word_1_946' title='bbox 3190 4581 3325 4634; x_wconf 81' lang='grc' dir='ltr'>ἀλλὰ</span> <span class='ocrx_word' id='word_1_947' title='bbox 3371 4583 3478 4652; x_wconf 75' lang='grc' dir='ltr'>μὴν</span> <span class='ocrx_word' id='word_1_948' title='bbox 3517 4582 3653 4653; x_wconf 87' lang='grc' dir='ltr'>μετά</span> 
     </span>
    </p>
   </div>
   <div class='ocr_carea' id='block_1_123' title="bbox 2067 4663 3650 4736">
    <p class='ocr_par' dir='ltr' id='par_1_123' title="bbox 2067 4663 3650 4736">
     <span class='ocr_line' id='line_1_123' title="bbox 2067 4663 3650 4736; baseline 0 -18"><span class='ocrx_word' id='word_1_949' title='bbox 2067 4663 2161 4719; x_wconf 91' lang='grc' dir='ltr'>τοῦ</span> <span class='ocrx_word' id='word_1_950' title='bbox 2191 4663 2425 4735; x_wconf 83' lang='grc' dir='ltr'>πλήθους</span> <span class='ocrx_word' id='word_1_951' title='bbox 2457 4664 2551 4717; x_wconf 71' lang='grc' dir='ltr'>καὶ</span> <span class='ocrx_word' id='word_1_952' title='bbox 2570 4665 2670 4736; x_wconf 82' lang='grc' dir='ltr'>τὴν</span> <span class='ocrx_word' id='word_1_953' title='bbox 2694 4663 2979 4734; x_wconf 86' lang='grc' dir='ltr'>ἀκρίϐειαν</span> <span class='ocrx_word' id='word_1_954' title='bbox 3008 4664 3102 4718; x_wconf 91' lang='grc' dir='ltr'>τοῦ</span> <span class='ocrx_word' id='word_1_955' title='bbox 3136 4666 3574 4736; x_wconf 85' lang='grc' dir='ltr'>περισσεύματος</span> <span class='ocrx_word' id='word_1_956' title='bbox 3603 4663 3650 4731; x_wconf 76' lang='grc' dir='ltr'>ι,</span> 
     </span>
    </p>
   </div>
   <div class='ocr_carea' id='block_1_124' title="bbox 2067 4745 3651 4819">
    <p class='ocr_par' dir='ltr' id='par_1_124' title="bbox 2067 4745 3651 4819">
     <span class='ocr_line' id='line_1_124' title="bbox 2067 4745 3651 4819; baseline 0.001 -20"><span class='ocrx_word' id='word_1_957' title='bbox 2067 4747 2150 4800; x_wconf 84' lang='grc' dir='ltr'>ὅτι</span> <span class='ocrx_word' id='word_1_958' title='bbox 2179 4745 2303 4799; x_wconf 86' lang='grc' dir='ltr'>οὑτε</span> <span class='ocrx_word' id='word_1_959' title='bbox 2334 4747 2515 4799; x_wconf 89' lang='grc' dir='ltr'>πλεῖον</span> <span class='ocrx_word' id='word_1_960' title='bbox 2541 4745 2666 4800; x_wconf 74' lang='grc' dir='ltr'>οὔτε</span> <span class='ocrx_word' id='word_1_961' title='bbox 2701 4746 2920 4803; x_wconf 75' lang='grc' dir='ltr'>ἔλαττον</span> <span class='ocrx_word' id='word_1_962' title='bbox 2942 4748 3167 4819; x_wconf 82' lang='grc' dir='ltr'>ἐποίησε</span> <span class='ocrx_word' id='word_1_963' title='bbox 3198 4750 3651 4819; x_wconf 87' lang='grc' dir='ltr'>περισσευθῆναι,</span> 
     </span>
    </p>
   </div>
   <div class='ocr_carea' id='block_1_125' title="bbox 2068 4829 3654 4903">
    <p class='ocr_par' dir='ltr' id='par_1_125' title="bbox 2068 4829 3654 4903">
     <span class='ocr_line' id='line_1_125' title="bbox 2068 4829 3654 4903; baseline 0.002 -21"><span class='ocrx_word' id='word_1_964' title='bbox 2068 4830 2201 4883; x_wconf 86' lang='grc' dir='ltr'>ἀλλὰ</span> <span class='ocrx_word' id='word_1_965' title='bbox 2227 4829 2489 4902; x_wconf 51' lang='grc' dir='ltr'>τοσοῦτον,</span> <span class='ocrx_word' id='word_1_966' title='bbox 2510 4831 2630 4885; x_wconf 84' lang='grc' dir='ltr'>ὅσον</span> <span class='ocrx_word' id='word_1_967' title='bbox 2656 4833 2926 4899; x_wconf 82' lang='grc' dir='ltr'>ἐϐούλετο,</span> <span class='ocrx_word' id='word_1_968' title='bbox 2965 4832 3229 4903; x_wconf 81' lang='grc' dir='ltr'>προειδὼς</span> <span class='ocrx_word' id='word_1_969' title='bbox 3268 4833 3408 4885; x_wconf 87' lang='grc' dir='ltr'>πόσα</span> <span class='ocrx_word' id='word_1_970' title='bbox 3438 4831 3654 4886; x_wconf 77' lang='grc' dir='ltr'>ἀναλῶ-</span> 
     </span>
    </p>
   </div>
   <div class='ocr_carea' id='block_1_126' title="bbox 2072 4913 3653 4988">
    <p class='ocr_par' dir='ltr' id='par_1_126' title="bbox 2072 4913 3653 4988">
     <span class='ocr_line' id='line_1_126' title="bbox 2072 4913 3653 4988; baseline 0.001 -22"><span class='ocrx_word' id='word_1_971' title='bbox 2072 4920 2274 4967; x_wconf 83' lang='grc' dir='ltr'>σουσιν·</span> <span class='ocrx_word' id='word_1_972' title='bbox 2307 4914 2443 4985; x_wconf 81' lang='grc' dir='ltr'>ὅπερ</span> <span class='ocrx_word' id='word_1_973' title='bbox 2488 4915 2698 4983; x_wconf 87' lang='grc' dir='ltr'>ἀφάτου</span> <span class='ocrx_word' id='word_1_974' title='bbox 2730 4917 3011 4988; x_wconf 87' lang='grc' dir='ltr'>δυνάμεως</span> <span class='ocrx_word' id='word_1_975' title='bbox 3043 4913 3127 4987; x_wconf 81' lang='grc' dir='ltr'>ῆν.</span> <span class='ocrx_word' id='word_1_976' title='bbox 3180 4916 3501 4970; x_wconf 87' lang='grc' dir='ltr'>Ἐπιστοῦτο</span> <span class='ocrx_word' id='word_1_977' title='bbox 3552 4918 3653 4987; x_wconf 76' lang='grc' dir='ltr'>μὲν</span> 
     </span>
    </p>
   </div>
   <div class='ocr_carea' id='block_1_127' title="bbox 2070 4994 3652 5072">
    <p class='ocr_par' dir='ltr' id='par_1_127' title="bbox 2070 4994 3652 5072">
     <span class='ocr_line' id='line_1_127' title="bbox 2070 4994 3652 5072; baseline 0.003 -22"><span class='ocrx_word' id='word_1_978' title='bbox 2070 4994 2163 5051; x_wconf 81' lang='grc' dir='ltr'>οὑν</span> <span class='ocrx_word' id='word_1_979' title='bbox 2190 4998 2257 5050; x_wconf 83' lang='grc' dir='ltr'>τά</span> <span class='ocrx_word' id='word_1_980' title='bbox 2292 4997 2582 5069; x_wconf 87' lang='grc' dir='ltr'>κλάσματα</span> <span class='ocrx_word' id='word_1_981' title='bbox 2611 4999 2673 5053; x_wconf 89' lang='lat'>16</span> <span class='ocrx_word' id='word_1_982' title='bbox 2705 5001 2950 5070; x_wconf 87' lang='grc' dir='ltr'>γεγονὸς,</span> <span class='ocrx_word' id='word_1_983' title='bbox 2982 5001 3265 5072; x_wconf 84' lang='grc' dir='ltr'>ἀμφότερα</span> <span class='ocrx_word' id='word_1_984' title='bbox 3298 5002 3652 5071; x_wconf 87' lang='grc' dir='ltr'>ἐμφαίνοντα.</span> 
     </span>
    </p>
   </div>
   <div class='ocr_carea' id='block_1_128' title="bbox 2070 5080 3654 5155">
    <p class='ocr_par' dir='ltr' id='par_1_128' title="bbox 2070 5080 3654 5155">
     <span class='ocr_line' id='line_1_128' title="bbox 2070 5080 3654 5155; baseline 0 -20"><span class='ocrx_word' id='word_1_985' title='bbox 2070 5082 2163 5136; x_wconf 71' lang='grc' dir='ltr'>καὶ</span> <span class='ocrx_word' id='word_1_986' title='bbox 2196 5082 2279 5135; x_wconf 84' lang='grc' dir='ltr'>ὅτι</span> <span class='ocrx_word' id='word_1_987' title='bbox 2308 5083 2368 5135; x_wconf 92' lang='grc' dir='ltr'>οὑ</span> <span class='ocrx_word' id='word_1_988' title='bbox 2406 5083 2678 5152; x_wconf 85' lang='grc' dir='ltr'>φαντασία</span> <span class='ocrx_word' id='word_1_989' title='bbox 2705 5102 2787 5149; x_wconf 90' lang='grc' dir='ltr'>τις</span> <span class='ocrx_word' id='word_1_990' title='bbox 2834 5080 2901 5155; x_wconf 79' lang='grc' dir='ltr'>ἦν</span> <span class='ocrx_word' id='word_1_991' title='bbox 2949 5083 3019 5137; x_wconf 88' lang='grc' dir='ltr'>τά</span> <span class='ocrx_word' id='word_1_992' title='bbox 3048 5084 3409 5154; x_wconf 89' lang='grc' dir='ltr'>γεγενημένα,</span> <span class='ocrx_word' id='word_1_993' title='bbox 3456 5084 3547 5137; x_wconf 75' lang='grc' dir='ltr'>καὶ</span> <span class='ocrx_word' id='word_1_994' title='bbox 3571 5084 3654 5135; x_wconf 84' lang='grc' dir='ltr'>ὃτι</span> 
     </span>
    </p>
   </div>
   <div class='ocr_carea' id='block_1_129' title="bbox 2070 5160 3651 5239">
    <p class='ocr_par' dir='ltr' id='par_1_129' title="bbox 2070 5160 3651 5239">
     <span class='ocr_line' id='line_1_129' title="bbox 2070 5160 3651 5239; baseline -0.001 -22"><span class='ocrx_word' id='word_1_995' title='bbox 2070 5163 2129 5229; x_wconf 76' lang='grc' dir='ltr'>ἐξ</span> <span class='ocrx_word' id='word_1_996' title='bbox 2172 5165 2394 5218; x_wconf 87' lang='grc' dir='ltr'>ἐκείνων</span> <span class='ocrx_word' id='word_1_997' title='bbox 2422 5162 2491 5235; x_wconf 82' lang='grc' dir='ltr'>ῆν</span> <span class='ocrx_word' id='word_1_998' title='bbox 2536 5160 2611 5221; x_wconf 83' lang='grc' dir='ltr'>ὧν</span> <span class='ocrx_word' id='word_1_999' title='bbox 2659 5167 2997 5239; x_wconf 78' lang='grc' dir='ltr'>ἐτράφησαν.</span> <span class='ocrx_word' id='word_1_1000' title='bbox 3054 5166 3128 5219; x_wconf 89' lang='lat' dir='ltr'><em>T6</em></span> <span class='ocrx_word' id='word_1_1001' title='bbox 3172 5166 3227 5219; x_wconf 90' lang='grc' dir='ltr'>δέ</span> <span class='ocrx_word' id='word_1_1002' title='bbox 3276 5166 3387 5219; x_wconf 89' lang='grc' dir='ltr'>τῶν</span> <span class='ocrx_word' id='word_1_1003' title='bbox 3434 5164 3651 5235; x_wconf 78' lang='grc' dir='ltr'>ἰχθύων,</span> 
     </span>
    </p>
   </div>
   <div class='ocr_carea' id='block_1_130' title="bbox 2067 5247 3655 5321">
    <p class='ocr_par' dir='ltr' id='par_1_130' title="bbox 2067 5247 3655 5321">
     <span class='ocr_line' id='line_1_130' title="bbox 2067 5247 3655 5321; baseline 0.001 -21"><span class='ocrx_word' id='word_1_1004' title='bbox 2067 5248 2189 5301; x_wconf 90' lang='grc' dir='ltr'>τότε</span> <span class='ocrx_word' id='word_1_1005' title='bbox 2227 5249 2327 5319; x_wconf 82' lang='grc' dir='ltr'>μὲν</span> <span class='ocrx_word' id='word_1_1006' title='bbox 2351 5250 2725 5321; x_wconf 90' lang='grc' dir='ltr'>ὑποκειμένων</span> <span class='ocrx_word' id='word_1_1007' title='bbox 2755 5251 2993 5319; x_wconf 85' lang='grc' dir='ltr'>ἐγένετο·</span> <span class='ocrx_word' id='word_1_1008' title='bbox 3027 5249 3255 5319; x_wconf 79' lang='grc' dir='ltr'>ὕστερον</span> <span class='ocrx_word' id='word_1_1009' title='bbox 3286 5249 3342 5302; x_wconf 86' lang='grc' dir='ltr'>δέ</span> <span class='ocrx_word' id='word_1_1010' title='bbox 3384 5248 3521 5319; x_wconf 87' lang='grc' dir='ltr'>μετά</span> <span class='ocrx_word' id='word_1_1011' title='bbox 3556 5247 3655 5320; x_wconf 68' lang='grc' dir='ltr'>τῂν</span> 
     </span>
    </p>
   </div>
   <div class='ocr_carea' id='block_1_131' title="bbox 2068 5327 3656 5400">
    <p class='ocr_par' dir='ltr' id='par_1_131' title="bbox 2068 5327 3656 5400">
     <span class='ocr_line' id='line_1_131' title="bbox 2068 5327 3656 5400; baseline -0.001 -19"><span class='ocrx_word' id='word_1_1012' title='bbox 2068 5328 2384 5393; x_wconf 77' lang='grc' dir='ltr'>ἀνάστασιν,</span> <span class='ocrx_word' id='word_1_1013' title='bbox 2416 5330 2516 5383; x_wconf 90' lang='grc' dir='ltr'>οὑκ</span> <span class='ocrx_word' id='word_1_1014' title='bbox 2553 5329 2632 5382; x_wconf 83' lang='grc' dir='ltr'>ἐτι</span> <span class='ocrx_word' id='word_1_1015' title='bbox 2664 5328 2723 5395; x_wconf 82' lang='grc' dir='ltr'>ἐξ</span> <span class='ocrx_word' id='word_1_1016' title='bbox 2767 5328 2901 5400; x_wconf 79' lang='grc' dir='ltr'>ὕλης</span> <span class='ocrx_word' id='word_1_1017' title='bbox 2927 5329 3315 5400; x_wconf 84' lang='grc' dir='ltr'>ὑποκειμένης.</span> <span class='ocrx_word' id='word_1_1018' title='bbox 3346 5327 3501 5391; x_wconf 91' lang='grc' dir='ltr'>Τίνος</span> <span class='ocrx_word' id='word_1_1019' title='bbox 3536 5328 3656 5381; x_wconf 79' lang='grc' dir='ltr'>ἐνε-</span> 
     </span>
    </p>
   </div>
   <div class='ocr_carea' id='block_1_132' title="bbox 2072 5407 3657 5483">
    <p class='ocr_par' dir='ltr' id='par_1_132' title="bbox 2072 5407 3657 5483">
     <span class='ocr_line' id='line_1_132' title="bbox 2072 5407 3657 5483; baseline 0.002 -26"><span class='ocrx_word' id='word_1_1020' title='bbox 2072 5423 2166 5457; x_wconf 86' lang='grc' dir='ltr'>κεν</span> <span class='ocrx_word' id='word_1_1021' title='bbox 2190 5424 2204 5470; x_wconf 76' lang='grc' dir='ltr'>ς</span> <span class='ocrx_word' id='word_1_1022' title='bbox 2242 5407 2359 5461; x_wconf 81' lang='grc' dir='ltr'>Ἵνα</span> <span class='ocrx_word' id='word_1_1023' title='bbox 2389 5407 2565 5480; x_wconf 79' lang='grc' dir='ltr'>μάθῃς</span> <span class='ocrx_word' id='word_1_1024' title='bbox 2605 5409 2687 5461; x_wconf 85' lang='grc' dir='ltr'>ὅτι</span> <span class='ocrx_word' id='word_1_1025' title='bbox 2715 5409 2809 5462; x_wconf 80' lang='grc' dir='ltr'>καὶ</span> <span class='ocrx_word' id='word_1_1026' title='bbox 2833 5408 2928 5462; x_wconf 92' lang='grc' dir='ltr'>νῦν</span> <span class='ocrx_word' id='word_1_1027' title='bbox 2950 5412 3017 5480; x_wconf 75' lang='grc' dir='ltr'>τῇ</span> <span class='ocrx_word' id='word_1_1028' title='bbox 3048 5408 3152 5483; x_wconf 81' lang='grc' dir='ltr'>ῦλῃ</span> <span class='ocrx_word' id='word_1_1029' title='bbox 3177 5409 3463 5480; x_wconf 85' lang='grc' dir='ltr'>ἐκέχρητο,</span> <span class='ocrx_word' id='word_1_1030' title='bbox 3491 5408 3552 5461; x_wconf 92' lang='grc' dir='ltr'>οὑ</span> <span class='ocrx_word' id='word_1_1031' title='bbox 3588 5407 3657 5460; x_wconf 83' lang='grc' dir='ltr'>δι’</span> 
     </span>
    </p>
   </div>
   <div class='ocr_carea' id='block_1_133' title="bbox 2069 5483 3658 5557">
    <p class='ocr_par' dir='ltr' id='par_1_133' title="bbox 2069 5483 3658 5557">
     <span class='ocr_line' id='line_1_133' title="bbox 2069 5483 3658 5557; baseline 0.002 -22"><span class='ocrx_word' id='word_1_1032' title='bbox 2069 5483 2297 5541; x_wconf 75' lang='grc' dir='ltr'>ἔνδειαν.</span> <span class='ocrx_word' id='word_1_1033' title='bbox 2329 5485 2447 5538; x_wconf 83' lang='grc' dir='ltr'>οὑδὲ</span> <span class='ocrx_word' id='word_1_1034' title='bbox 2470 5485 2723 5555; x_wconf 88' lang='grc' dir='ltr'>δεόμενος</span> <span class='ocrx_word' id='word_1_1035' title='bbox 2758 5485 3100 5557; x_wconf 87' lang='grc' dir='ltr'>ὑποϐάθρας,</span> <span class='ocrx_word' id='word_1_1036' title='bbox 3137 5485 3251 5543; x_wconf 84' lang='grc' dir='ltr'>ἀλλ’</span> <span class='ocrx_word' id='word_1_1037' title='bbox 3281 5486 3422 5539; x_wconf 84' lang='grc' dir='ltr'>ὥστε</span> <span class='ocrx_word' id='word_1_1038' title='bbox 3454 5485 3523 5538; x_wconf 83' lang='grc' dir='ltr'>τά</span> <span class='ocrx_word' id='word_1_1039' title='bbox 3548 5485 3658 5538; x_wconf 89' lang='grc' dir='ltr'>τῶν</span> 
     </span>
    </p>
   </div>
   <div class='ocr_carea' id='block_1_134' title="bbox 2070 5562 3653 5634">
    <p class='ocr_par' dir='ltr' id='par_1_134' title="bbox 2070 5562 3653 5634">
     <span class='ocr_line' id='line_1_134' title="bbox 2070 5562 3653 5634; baseline -0.001 -19"><span class='ocrx_word' id='word_1_1040' title='bbox 2070 5562 2359 5631; x_wconf 77' lang='grc' dir='ltr'>αἱρετικῶν</span> <span class='ocrx_word' id='word_1_1041' title='bbox 2385 5563 2657 5633; x_wconf 79' lang='grc' dir='ltr'>ἐμφράξαι</span> <span class='ocrx_word' id='word_1_1042' title='bbox 2688 5565 2954 5633; x_wconf 88' lang='grc' dir='ltr'>στόματα.</span> <span class='ocrx_word' id='word_1_1043' title='bbox 2990 5568 3053 5618; x_wconf 78' lang='lat' dir='ltr'>Ol</span> <span class='ocrx_word' id='word_1_1044' title='bbox 3081 5564 3149 5616; x_wconf 81' lang='grc' dir='ltr'>δέ</span> <span class='ocrx_word' id='word_1_1045' title='bbox 3178 5563 3349 5633; x_wconf 80' lang='grc' dir='ltr'>ὄχλοι</span> <span class='ocrx_word' id='word_1_1046' title='bbox 3372 5566 3584 5634; x_wconf 69' lang='grc' dir='ltr'>ἔλεγον</span> <span class='ocrx_word' id='word_1_1047' title='bbox 3608 5574 3653 5627; x_wconf 79' lang='grc' dir='ltr'>ι,</span> 
     </span>
    </p>
   </div>
   <div class='ocr_carea' id='block_1_135' title="bbox 2071 5636 3657 5713">
    <p class='ocr_par' dir='ltr' id='par_1_135' title="bbox 2071 5636 3657 5713">
     <span class='ocr_line' id='line_1_135' title="bbox 2071 5636 3657 5713; baseline 0.001 -21"><span class='ocrx_word' id='word_1_1048' title='bbox 2071 5640 2160 5693; x_wconf 85' lang='grc' dir='ltr'>ὅτι</span> <span class='ocrx_word' id='word_1_1049' title='bbox 2186 5636 2375 5705; x_wconf 81' lang='grc' dir='ltr'>Οὗτός</span> <span class='ocrx_word' id='word_1_1050' title='bbox 2405 5641 2579 5694; x_wconf 86' lang='grc' dir='ltr'>ἐστιν</span> <span class='ocrx_word' id='word_1_1051' title='bbox 2613 5642 2853 5711; x_wconf 69' lang='grc' dir='ltr'>ἀληθῶς</span> <span class='ocrx_word' id='word_1_1052' title='bbox 2891 5647 2925 5699; x_wconf 88' lang='grc' dir='ltr'><em>ὁ</em></span> <span class='ocrx_word' id='word_1_1053' title='bbox 2966 5642 3301 5712; x_wconf 70' lang='grc' dir='ltr'>προφήτης.</span> <span class='ocrx_word' id='word_1_1054' title='bbox 3340 5645 3405 5695; x_wconf 82' lang='grc' dir='ltr'>Ὢ</span> <span class='ocrx_word' id='word_1_1055' title='bbox 3435 5659 3657 5713; x_wconf 54' lang='grc' dir='ltr'>γαστριμ</span> 
     </span>
    </p>
   </div>
   <div class='ocr_carea' id='block_1_136' title="bbox 2137 5719 3661 5788">
    <p class='ocr_par' dir='ltr' id='par_1_136' title="bbox 2137 5719 3661 5788">
     <span class='ocr_line' id='line_1_136' title="bbox 2137 5719 3661 5788; baseline 0.001 -16"><span class='ocrx_word' id='word_1_1056' title='bbox 2137 5735 2161 5765; x_wconf 74' lang='grc' dir='ltr'>ο</span> <span class='ocrx_word' id='word_1_1057' title='bbox 2196 5722 2401 5788; x_wconf 15' lang='grc' dir='ltr'>ΑΙίἱνδτι</span> <span class='ocrx_word' id='word_1_1058' title='bbox 2432 5725 2537 5788; x_wconf 84' lang='grc' dir='ltr'>γάρ.</span> <span class='ocrx_word' id='word_1_1059' title='bbox 2574 5724 2744 5774; x_wconf 79' lang='lat' dir='ltr'>Morel.</span> <span class='ocrx_word' id='word_1_1060' title='bbox 2777 5719 2857 5774; x_wconf 85' lang='grc' dir='ltr'>ὅτε</span> <span class='ocrx_word' id='word_1_1061' title='bbox 2889 5728 2959 5776; x_wconf 80' lang='grc' dir='ltr'>δέ.</span> <span class='ocrx_word' id='word_1_1062' title='bbox 3031 5726 3052 5765; x_wconf 67' lang='grc' dir='ltr'>ί</span> <span class='ocrx_word' id='word_1_1063' title='bbox 3080 5726 3179 5776; x_wconf 82' lang='lat' dir='ltr'><strong>Alii</strong></span> <span class='ocrx_word' id='word_1_1064' title='bbox 3216 5723 3304 5773; x_wconf 79' lang='grc' dir='ltr'>τοῦ</span> <span class='ocrx_word' id='word_1_1065' title='bbox 3340 5729 3543 5788; x_wconf 80' lang='grc' dir='ltr'>σημείου</span> <span class='ocrx_word' id='word_1_1066' title='bbox 3577 5731 3661 5782; x_wconf 78' lang='grc' dir='ltr'>τῆς</span> 
     </span>
    </p>
   </div>
   <div class='ocr_carea' id='block_1_137' title="bbox 2070 5786 3663 5850">
    <p class='ocr_par' dir='ltr' id='par_1_137' title="bbox 2070 5786 3663 5850">
     <span class='ocr_line' id='line_1_137' title="bbox 2070 5786 3663 5850; baseline 0.004 -18"><span class='ocrx_word' id='word_1_1067' title='bbox 2070 5786 2274 5850; x_wconf 66' lang='grc' dir='ltr'>πίστεως</span> <span class='ocrx_word' id='word_1_1068' title='bbox 2295 5786 2511 5850; x_wconf 71' lang='grc' dir='ltr'>ἤρξαντο.</span> <span class='ocrx_word' id='word_1_1069' title='bbox 2580 5789 2606 5827; x_wconf 71' lang='grc' dir='ltr'><em>ε</em></span> <span class='ocrx_word' id='word_1_1070' title='bbox 2633 5788 2783 5850; x_wconf 73' lang='lat' dir='ltr'><strong>Savii.</strong></span> <span class='ocrx_word' id='word_1_1071' title='bbox 2819 5788 2974 5845; x_wconf 84' lang='grc' dir='ltr'>ἄλλως</span> <span class='ocrx_word' id='word_1_1072' title='bbox 3004 5789 3153 5838; x_wconf 79' lang='grc' dir='ltr'>δὲκαὶ</span> <span class='ocrx_word' id='word_1_1073' title='bbox 3180 5789 3206 5837; x_wconf 84' lang='lat'>6</span> <span class='ocrx_word' id='word_1_1074' title='bbox 3234 5788 3373 5850; x_wconf 75' lang='grc' dir='ltr'>ὄχλος</span> <span class='ocrx_word' id='word_1_1075' title='bbox 3392 5786 3663 5850; x_wconf 34' lang='grc' dir='ltr'>κῆνο-π.</span> 
     </span>
    </p>
   </div>
   <div class='ocr_carea' id='block_1_138' title="bbox 2074 5844 3662 5920">
    <p class='ocr_par' dir='ltr' id='par_1_138' title="bbox 2074 5844 3662 5920">
     <span class='ocr_line' id='line_1_138' title="bbox 2074 5844 3662 5920; baseline 0.001 -27"><span class='ocrx_word' id='word_1_1076' title='bbox 2074 5844 2099 5883; x_wconf 78' lang='lat' dir='ltr'><strong>h</strong></span> <span class='ocrx_word' id='word_1_1077' title='bbox 2122 5844 2545 5920; x_wconf 50' lang='grc' dir='ltr'>υυὶύίιζηίιξιμρεηε</span> <span class='ocrx_word' id='word_1_1078' title='bbox 2551 5848 2839 5920; x_wconf 73' lang='grc' dir='ltr'>περιουσίας.</span> <span class='ocrx_word' id='word_1_1079' title='bbox 2876 5844 2972 5898; x_wconf 70' lang='grc' dir='ltr'>Καὶ</span> <span class='ocrx_word' id='word_1_1080' title='bbox 2997 5844 3326 5920; x_wconf 59' lang='grc' dir='ltr'>ἐπερίσσευσε,</span> <span class='ocrx_word' id='word_1_1081' title='bbox 3353 5844 3662 5920; x_wconf 29' lang='grc' dir='ltr'>φησίέκλάσ⁴</span> 
     </span>
    </p>
   </div>
   <div class='ocr_carea' id='block_1_139' title="bbox 2072 5907 3663 5971">
    <p class='ocr_par' dir='ltr' id='par_1_139' title="bbox 2072 5907 3663 5971">
     <span class='ocr_line' id='line_1_139' title="bbox 2072 5907 3663 5971; baseline 0 -16"><span class='ocrx_word' id='word_1_1082' title='bbox 2072 5925 2210 5968; x_wconf 77' lang='grc' dir='ltr'>ματα.</span> <span class='ocrx_word' id='word_1_1083' title='bbox 2284 5907 2299 5946; x_wconf 79' lang='grc' dir='ltr'>ί</span> <span class='ocrx_word' id='word_1_1084' title='bbox 2334 5909 2434 5971; x_wconf 71' lang='grc' dir='ltr'>Αιἱί</span> <span class='ocrx_word' id='word_1_1085' title='bbox 2464 5908 2550 5957; x_wconf 85' lang='grc' dir='ltr'>τοῦ</span> <span class='ocrx_word' id='word_1_1086' title='bbox 2593 5907 3011 5971; x_wconf 81' lang='grc' dir='ltr'>περισσεύσαντος.</span> <span class='ocrx_word' id='word_1_1087' title='bbox 3082 5907 3097 5963; x_wconf 83' lang='lat' dir='ltr'>i</span> <span class='ocrx_word' id='word_1_1088' title='bbox 3150 5911 3321 5962; x_wconf 79' lang='lat' dir='ltr'>Morel.</span> <span class='ocrx_word' id='word_1_1089' title='bbox 3363 5907 3415 5957; x_wconf 82' lang='grc' dir='ltr'>ὀί</span> <span class='ocrx_word' id='word_1_1090' title='bbox 3457 5907 3539 5956; x_wconf 83' lang='grc' dir='ltr'>οὖν</span> <span class='ocrx_word' id='word_1_1091' title='bbox 3578 5909 3663 5955; x_wconf 85' lang='grc' dir='ltr'>ἆν-</span> 
     </span>
    </p>
   </div>
   <div class='ocr_carea' id='block_1_140' title="bbox 2074 5970 3236 6036">
    <p class='ocr_par' dir='ltr' id='par_1_140' title="bbox 2074 5970 3236 6036">
     <span class='ocr_line' id='line_1_140' title="bbox 2074 5970 3236 6036; baseline 0.006 -22"><span class='ocrx_word' id='word_1_1092' title='bbox 2074 5972 2248 6033; x_wconf 74' lang='grc' dir='ltr'>θρωποι</span> <span class='ocrx_word' id='word_1_1093' title='bbox 2272 5970 2447 6026; x_wconf 81' lang='grc' dir='ltr'>ἰδόντες</span> <span class='ocrx_word' id='word_1_1094' title='bbox 2471 5971 2526 6018; x_wconf 86' lang='grc' dir='ltr'>τὸ</span> <span class='ocrx_word' id='word_1_1095' title='bbox 2549 5970 2765 6033; x_wconf 74' lang='grc' dir='ltr'>σημεῖον,</span> <span class='ocrx_word' id='word_1_1096' title='bbox 2792 5970 2971 6036; x_wconf 75' lang='grc' dir='ltr'>ἔλεγον.</span> <span class='ocrx_word' id='word_1_1097' title='bbox 3127 5980 3135 5984; x_wconf 78' lang='grc'><strong><em>“</em></strong></span> <span class='ocrx_word' id='word_1_1098' title='bbox 3230 5975 3236 5981; x_wconf 87' lang='grc'><em>’</em></span> 
     </span>
    </p>
   </div>
  </div>
