4104 6156
442 355 548 415 ΞΜ

440 472 656 536 bantur,
687 466 809 523 Non
835 469 998 524 solum
1026 470 1144 542 quia
1172 468 1389 525 solvebat
1413 471 1673 527 sabbatum
1694 515 1709 540 ,
1749 473 1838 531 sed
1874 475 2024 528 etiam

438 565 559 630 quia
600 559 812 618 Patrem
845 580 993 618 suum
1034 564 1228 619 dicebat
1270 563 1427 620 Deum
1446 607 1462 633 ,
1488 568 1730 636 aequalem
1753 586 1808 624 se
1833 570 2025 642 faciens

442 653 549 708 Deo
588 670 608 709 :
645 656 745 710 nisi
771 670 836 711 ea
863 665 1008 712 esset
1039 657 1202 726 ipsius
1235 656 1431 714 Christi
1465 662 1730 717 sententia
1771 664 2024 732 operibus

441 747 786 812 confirmata,
840 748 1137 803 addidisset
1191 757 1245 805 et
1297 749 1368 807 ibi
1411 753 1800 809 correctionem
1857 755 2019 810 ilhnn.

438 835 566 890 Nam
607 838 652 891 si
696 839 748 892 in
785 838 962 893 verbis
993 838 1120 895 Jesu
1153 839 1302 897 timet
1340 844 1662 913 evangelista
1695 860 1762 901 ne
1788 846 1907 914 quis
1930 862 2021 901 su-

437 928 729 997 spicionem
762 929 950 986 habeat
979 972 995 996 ,
1023 932 1190 986 multo
1222 934 1390 1004 magis
1411 936 1464 989 in
1488 936 1552 990 iis
1574 951 1694 1006 qua:
1716 936 1783 992 de
1809 937 1905 992 illo
1929 937 2023 992 alii

374 1064 381 1069 .
436 1022 677 1078 dicerent
704 1025 1006 1094 suspicatus
1032 1026 1250 1091 fuisset,
1280 1029 1457 1083 sinon
1488 1029 1708 1085 vidisset
1736 1046 1912 1085 veram
1947 1030 2020 1087 de

438 1112 528 1167 illo
555 1113 859 1182 opinionem
891 1114 1094 1171 haberi.
1126 1117 1231 1173 Sed
1267 1119 1395 1181 nihil
1424 1119 1554 1173 dixit
1575 1163 1590 1186 ,
1632 1122 1834 1180 sciebat
1876 1123 2023 1183 enim

435 1203 632 1259 Cluiin
679 1207 1001 1261 sententiam
1038 1218 1092 1263 et
1139 1209 1409 1269 immobile
1449 1212 1741 1267 decretum.
1791 1213 2020 1285 hleoque

435 1296 827 1362 cum‘dixisset,
861 1298 1142 1370 £qaatem
1171 1318 1225 1355 se
1252 1304 1447 1372 faciens
1479 1303 1606 1371 Deo,
1643 1321 1747 1359 non
1779 1321 1906 1361 usus
1936 1315 2019 1362 est

436 1387 522 1441 illa
567 1394 937 1458 correctione;
996 1407 1102 1447 non
1153 1395 1294 1453 enim
1339 1407 1587 1466 corrupta
1635 1398 1846 1457 illorum
1901 1410 2019 1456 erat

435 1479 635 1548 opinio,
656 1480 753 1536 sed
780 1496 906 1536 vera
926 1482 994 1538 de
1015 1482 1108 1538 illo
1130 1487 1393 1541 sententia
1418 1488 1664 1557 operibus
1681 1504 1780 1545 con
1790 1490 2015 1546 firmata.

432 1568 566 1625 Cum
607 1587 734 1641 ergo
760 1571 1065 1643 Philippum
1098 1576 1499 1648 interrogasset,
1542 1580 1595 1636 8.
1627 1580 1763 1635 Dicit
1785 1581 2017 1639 Andreas

434 1663 592 1731 frater
613 1664 838 1721 Simonis
873 1665 1016 1721 Petri
1046 1668 1148 1724 ιο.
1184 1667 1277 1726 Est
1307 1688 1433 1741 puer
1451 1690 1584 1729 unus
1608 1676 1712 1740 hic,
1746 1676 1834 1746 qui
1865 1678 2015 1732 liabet

432 1758 650 1828 quinque
670 1776 825 1829 panes
849 1762 1170 1828 hordeaceae,
1194 1774 1239 1819 et
1262 1766 1392 1823 duos
1417 1768 1577 1837 pisces
1601 1784 1621 1833 ,°
1643 1771 1732 1824 sed
1756 1773 1865 1826 lucc
1890 1772 2017 1843 quid

433 1859 549 1901 sunt
585 1850 720 1904 inter
746 1853 955 1906 tantos?
994 1852 1284 1911 Sublimius
1326 1858 1525 1927 cogitat
1567 1860 1809 1915 Andreas
1853 1878 2011 1932 quam

436 1938 734 2010 Philippus,
763 1958 934 2013 neque
973 1954 1146 2001 tamen
1174 1948 1382 2016 penitus
1414 1965 1527 2005 rem
1558 1950 1843 2007 intellexit.
1877 1953 2011 2010 Puto

435 2038 615 2085 autem
650 2032 799 2088 illum
828 2050 933 2089 non
958 2036 1073 2093 sine
1103 2053 1261 2095 causa
1294 2040 1363 2093 ita
1393 2040 1535 2110 loqui
1563 2058 1578 2106 ;
1617 2042 1712 2097 sed
1754 2059 1873 2105 cum
1918 2060 2013 2099 au-

432 2119 599 2175 disset
628 2124 1004 2192 prophetarum
1036 2129 1308 2198 miracula,
1342 2140 1399 2189 ut
1436 2133 1612 2188 Elismi
1639 2135 1778 2190 circa
1811 2151 2008 2205 panes;

432 2214 554 2269 hinc
579 2217 815 2272 ascendit
834 2219 1048 2287 quidem
1064 2221 1133 2276 ad
1160 2224 1447 2293 quamdam
1477 2225 1884 2296 sublimitatem,
1913 2230 2008 2286 sed

432 2320 534 2360 non
557 2306 623 2361 ad
648 2307 860 2364 culmen
892 2314 1154 2379 pervenit.

509 2399 679 2456 Victus
718 2401 987 2473 frugalitas
1022 2408 1419 2464 commendatur.
1451 2409 1894 2468 Marciouistarum
1916 2430 2014 2468 ενα

429 2510 532 2548 cor.
556 2495 777 2551 —Hinc
809 2496 1078 2553 discamus
1107 2501 1196 2570 qui
1233 2501 1441 2557 deliciis
1466 2518 1648 2558 sumus
1669 2504 1852 2572 dediti,
1890 2509 2007 2577 quis

428 2587 578 2642 cibus
619 2598 763 2646 esset
802 2599 912 2646 tam
956 2593 1279 2651 mirabilium
1327 2597 1585 2664 virorum,
1618 2615 1774 2668 quam
1809 2604 2000 2670 tenuis,

428 2693 576 2747 euntis
602 2683 839 2750 generis,
870 2684 1117 2754 ipsosque
1151 2686 1201 2740 in
1233 2703 1430 2743 mensa:
1456 2689 1754 2759 frugalitate
1779 2703 1831 2746 et
1872 2711 2003 2749 eon-

389 2838 401 2848 _
424 2772 623 2827 ditione
648 2775 939 2830 imitemur.
967 2776 1251 2848 Sequentia
1284 2780 1500 2835 multam
1530 2781 1804 2838 declarant
1832 2786 2002 2841 imbe-

425 2865 715 2921 cillitatem.
742 2867 875 2922 Nam
906 2880 1181 2939 postquam
1208 2872 1437 2939 dixerat,
1473 2872 1636 2927 [labet
1663 2877 1881 2946 quinque
1906 2896 2001 2948 pa-

426 2971 509 3010 nes
537 2957 855 3021 Itordeaceos,
888 2960 1091 3016 addidit
1122 2979 1136 3015 :
1170 2961 1277 3017 Sed
1302 2963 1409 3017 lucc
1431 2966 1555 3034 quid
1583 2977 1701 3021 sunt
1725 2970 1855 3021 inter
1881 2970 1999 3024 tan-

423 3049 532 3101 tos?
568 3050 791 3104 Putabat
820 3052 959 3106 enim
991 3053 1372 3109 miraculorum
1397 3055 1656 3111 editorem
1687 3073 1751 3113 ex
1783 3062 2001 3129 paucio-

423 3140 565 3195 ribus
593 3144 863 3210 pauciora,
897 3161 960 3198 cx
991 3146 1229 3213 pluribus
1253 3147 1401 3216 plura
1432 3147 1695 3205 facturum
1718 3167 1873 3220 esse;
1903 3153 1997 3208 si-d

422 3249 525 3287 non
558 3235 627 3289 ita
654 3252 741 3291 res
769 3251 827 3292 se
851 3237 1099 3293 habebat.
1121 3238 1254 3296 Nam
1286 3241 1504 3308 perinde
1537 3243 1610 3297 illi
1634 3256 1750 3298 erat
1785 3261 1847 3300 ex
1879 3247 1996 3316 plu-

421 3327 566 3381 ribus
592 3337 646 3383 et
668 3343 733 3383 ex
776 3331 1118 3401 paucioribus
1147 3333 1414 3404 ingentem
1445 3351 1636 3404 panum
1664 3338 1871 3408 copiam
1901 3357 1997 3410 pa-

421 3436 557 3475 rcre.
584 3422 762 3493 Neque
806 3425 947 3479 enim
997 3425 1236 3494 subjecta
1278 3430 1497 3483 materia
1551 3445 1685 3499 opus
1728 3431 1990 3501 habebat;

343 3498 349 3507 ’
416 3512 510 3566 sed
558 3528 623 3568 ne
658 3524 901 3570 creatura
943 3516 1215 3571 videretur
1257 3518 1428 3573 aliena
1460 3534 1580 3575 esse
1614 3521 1682 3575 ab
1710 3522 1875 3592 ipsius
1910 3539 1995 3579 sa-

418 3605 628 3671 pientia,
656 3607 706 3662 id
734 3609 875 3678 quod
906 3625 1184 3679 perperam
1208 3611 1558 3667 Marcitmistm
1579 3615 1847 3680 dicebant,
1881 3619 1990 3687 ipsa

412 3706 655 3752 creatura
699 3699 764 3752 ad
807 3700 1058 3755 miracula
1104 3704 1360 3771 patranda
1404 3720 1529 3759 usus
1569 3717 1669 3761 est.
1701 3708 1833 3762 Cum
1863 3727 1990 3780 ergo

412 3786 570 3840 ambo
599 3787 844 3856 discipuli
874 3805 977 3843 non
1006 3804 1307 3861 sperarent,
1342 3803 1467 3850 tunc
1496 3797 1806 3854 miraculum
1834 3800 1943 3854 edit
1971 3818 1986 3856 :

413 3878 492 3932 sic
522 3880 662 3933 enim
693 3882 859 3950 magis
886 3883 957 3937 illi
982 3884 1169 3939 luet-ali
1197 3896 1321 3940 sunt
1344 3929 1357 3950 ,
1393 3903 1512 3942 cum
1548 3892 1690 3958 prius
1730 3893 1804 3948 rei
1851 3893 1988 3948 dil‘ii-

409 3970 663 4024 uilitatem
682 3972 920 4028 confessi
949 3986 1145 4043 essent,
1179 3989 1236 4033 ut
1266 3996 1321 4033 re
1347 3990 1558 4048 peracta
1600 3983 1691 4037 Dei
1736 3985 1983 4041 virtutem

410 4074 648 4119 nossent.
697 4066 828 4132 Quia
867 4069 1006 4124 enim
1048 4070 1281 4125 futurum
1315 4073 1522 4142 signum
1567 4088 1715 4140 erat,
1757 4079 1899 4147 quod
1954 4095 1981 4135 a

406 4154 681 4224 prophetis
719 4157 919 4212 editum
952 4160 1158 4222 fuerat,
1192 4164 1398 4217 etiamsi
1431 4180 1534 4217 non
1566 4167 1678 4234 pari
1710 4168 1889 4234 modo,
1932 4179 1986 4224 et

405 4250 677 4316 praemissa
723 4252 1012 4320 gratiarum
1042 4256 1251 4309 actione
1281 4256 1451 4325 ipsum
1479 4257 1718 4312 editurus
1744 4269 1886 4325 erat,
1918 4277 1984 4315 ne

404 4338 651 4396 imbecilli
697 4342 748 4396 in
787 4345 1143 4412 suspicionem
1191 4347 1516 4411 inciderent;
1565 4348 1685 4403 Vide
1715 4350 1981 4418 quomodo

404 4445 498 4499 per
522 4432 695 4485 omnia
740 4444 944 4487 mentes
988 4435 1157 4504 erigat
1208 4446 1259 4490 et
1312 4436 1661 4491 dill'crcntiam
1712 4441 1977 4496 Ostendat.

399 4520 528 4575 Cum
546 4525 685 4578 enim
704 4524 937 4578 nondum
962 4542 1123 4594 panes
1145 4536 1477 4596 apparerent,
1506 4529 1815 4584 miraculum
1839 4531 1976 4599 edit;

401 4625 455 4669 ut
483 4618 742 4687 intelligas
768 4634 829 4674 ea
860 4636 979 4690 qua:
1010 4636 1116 4675 non
1145 4622 1409 4675 exsistunt
1432 4661 1444 4682 ,
1478 4630 1534 4675 ut
1574 4637 1634 4676 ea
1675 4639 1792 4693 qua:
1817 4634 1974 4692 sunt,

401 4709 496 4777 ipsi
525 4711 732 4766 subdita
756 4727 898 4780 esse,
929 4724 987 4766 ut
1015 4714 1207 4768 Paulus
1237 4715 1311 4769 ait
1342 4731 1356 4768 :
1387 4712 1487 4778 Qui
1506 4725 1645 4769 vocat
1666 4732 1723 4769 ea
1742 4732 1855 4785 qua:
1875 4734 1977 4771 non

398 4811 510 4855 sunt
538 4843 553 4867 ,
596 4818 656 4856 ac
685 4804 727 4856 si
773 4814 932 4857 essent
962 4803 1134 4874 (Rom.
1161 4817 1211 4859 4.
1240 4807 1350 4875 17).
1380 4809 1456 4861 Ac
1485 4807 1528 4860 si
1560 4808 1700 4861 enim
1724 4819 1971 4878 apparata

397 4908 575 4948 mensa
602 4904 765 4960 esset,
816 4894 976 4965 jussit
1020 4912 1114 4951 eos
1156 4898 1330 4952 statim
1379 4899 1738 4967 discumbere,
1794 4902 1979 4973 sicque

395 4986 769 5056 discipulorum
800 4997 1033 5044 mentem
1059 4992 1244 5044 erexit.
1280 4991 1411 5045 Cum
1444 5002 1620 5047 autem
1650 5010 1713 5048 ex
1745 4994 1970 5048 interro-

393 5077 599 5146 gatione
624 5081 811 5136 luerati
839 5091 1040 5149 essent,
1074 5085 1248 5136 statim
1279 5094 1599 5152 paruerunt,
1650 5102 1748 5142 nec
1778 5089 1971 5143 turbati

391 5178 531 5235 sunt,
563 5186 734 5239 neque
761 5171 1011 5226 dixerunt
1039 5189 1051 5224 :
1082 5172 1217 5240 Quid
1247 5173 1345 5226 hoc
1376 5174 1493 5227 est?
1515 5191 1609 5229 cur
1633 5175 1971 5233 discumbere

388 5257 567 5327 jubes,
612 5277 731 5316 cum
775 5263 904 5316 nihil
946 5264 998 5316 in
1030 5263 1204 5316 taedio
1237 5266 1527 5332 appareat?
1570 5267 1656 5321 Sic
1685 5278 1966 5338 antequam

388 5351 591 5421 signum
615 5354 878 5419 viderent,
903 5354 1124 5409 credere
1149 5365 1445 5422 creperum,
1470 5359 1556 5426 qui
1587 5358 1735 5413 initio
1764 5360 1831 5413 ita
1861 5354 1986 5416 non.

385 5443 694 5512 credebant,
748 5456 804 5500 ut
860 5447 1120 5512 dicerent,
1173 5447 1320 5501 Unde
1359 5465 1575 5503 ememus
1620 5454 1818 5518 panes?
1858 5453 1967 5508 lmo

385 5533 632 5588 alacriter
677 5536 858 5591 turbas
901 5537 1237 5594 discumbere
1278 5539 1574 5609 jusserunt.
1608 5542 1713 5598 Sed
1744 5558 1840 5599 cur
1869 5561 1964 5615 pa-

386 5625 663 5695 ralyticum
705 5638 1011 5697 sanaturus,
1071 5640 1337 5686 mortuum
1382 5632 1759 5696 suscitaturus,
1816 5652 1964 5691 mare

383 5717 660 5772 sedaturus
679 5756 696 5786 ,
728 5732 832 5773 non
862 5730 1151 5790 precatur;
1189 5723 1274 5777 hic
1304 5738 1431 5779 vero
1451 5765 1464 5790 ,
1497 5738 1617 5779 cum
1647 5724 1712 5780 de
1738 5727 1962 5795 panibus

385 5807 570 5879 agitur,
616 5809 668 5866 id
712 5808 870 5866 facit?
903 5812 970 5869 Ut
1015 5814 1223 5889 doceat,
1252 5829 1372 5876 ante
1403 5820 1577 5877 cibum
1614 5820 1810 5892 gratias
1837 5832 1960 5874 esse

1507 356 1571 411 ΙΝ
1610 356 1927 414 JOANNEM'
1962 358 2194 419 IIOMIE.
2238 364 2399 428 XL",
2438 369 2507 424 al.
2548 372 2683 427 XLI.

3603 385 3710 440 2&2

2134 478 2243 535 Deo
2282 484 2532 553 agendas.
2578 488 2823 559 Alioquin
2863 500 3037 548 autem
3079 493 3130 549 in
3178 496 3409 552 minimis
3440 498 3488 575 id
3537 498 3709 556 facere

2128 574 2298 644 Solet,
2332 587 2388 632 ut
2416 578 2592 636 discas
2620 582 2765 638 illum
2794 600 2898 640 non
2944 588 3084 656 quod
3116 589 3377 659 indigeat,
3409 574 3479 646 ita
3510 590 3704 649 facere.

2065 741 2071 754 Χ
2127 666 2185 722 Si
2225 670 2365 724 enim
2410 671 2755 742 indiguisset,
2785 680 2956 746 potius
2985 680 3037 734 id
3067 682 3116 735 in
3150 681 3439 752 majoribus
3471 686 3703 739 fecisset.

2060 760 2067 777 ’
2125 753 2225 824 Qui
2261 775 2389 817 vero
2434 762 2525 816 illa
2560 778 2678 818 cum
2710 770 3024 826 auctoritate
3055 771 3205 839 fecit,
3250 772 3363 828 haec
3401 790 3521 831 sese
3564 776 3719 831 haud:

2124 850 2283 910 dubie
2309 854 2638 923 demittenda
2663 863 2889 931 peregit.

2193 945 2247 1001 3.
2288 946 2369 1002 Ad
2398 948 2516 1004 haec
2546 936 2673 1006 vero
2700 953 2852 1008 turba
2889 969 3078 1028 magna
3106 955 3326 1024 aderat,
3361 959 3445 1013 cui
3479 976 3705 1029 persua-

2122 1034 2352 1092 dendum
2383 1049 2499 1095 erat
2523 1081 2538 1105 ,
2570 1056 2631 1097 se
2666 1044 2957 1099 secundum
2989 1046 3078 1101 Dei
3120 1047 3444 1103 voluntatem
3468 1050 3697 1108 venisse.

2122 1129 2456 1203 Quapropter
2504 1137 2717 1206 quando
2767 1140 2914 1194 solus
2959 1140 3169 1210 signum
3215 1140 3499 1211 quodpiam
3553 1142 3713 1210 edit,

2123 1220 2252 1275 nihil
2280 1222 2581 1293 hujusmodi
2616 1227 2866 1287 exhibet:
2900 1231 3113 1300 quando
3143 1239 3317 1286 autem
3353 1232 3531 1286 multis
3564 1247 3703 1302 pra:-

2122 1314 2362 1368 sentilms
2384 1314 2435 1381 id
2474 1318 2618 1387 agit,
2654 1327 2710 1373 ut
2745 1320 2849 1375 illis
2876 1320 3095 1376 suadeat
3117 1337 3306 1377 senon
3333 1337 3453 1379 esse
3472 1322 3581 1378 Deo
3603 1322 3703 1377 ad-

2127 1406 2417 1460 versarium
2442 1449 2456 1471 ,
2485 1423 2659 1479 neque
2708 1410 2851 1466 Patri
2883 1414 3206 1467 contrarium
3227 1455 3242 1475 ,
3290 1429 3382 1484 per
3407 1413 3701 1484 gratiarum

2120 1497 2384 1549 actionem
2436 1497 2579 1553 illam
2620 1501 2976 1570 susmcionem
3025 1502 3176 1557 tollit.
3211 1504 3297 1557 11.
3329 1501 3395 1555 Et
3433 1503 3570 1557 dedit
3596 1503 3703 1557 dis-

2117 1588 2474 1654 cumb’entibus,
2500 1600 2557 1645 et
2575 1592 2771 1661 impleti
2793 1604 2927 1648 sunt.
2960 1593 3144 1649 Viden’
3174 1593 3533 1649 differentiam
3560 1594 3699 1649 inter

2117 1695 2330 1736 servum
2351 1691 2407 1737 et
2433 1683 2705 1739 dominum
2737 1685 2761 1739 ἲ
2791 1686 2867 1740 Illi
2903 1701 3155 1756 namque,
3181 1694 3242 1741 ut
3268 1686 3354 1757 qui
3385 1687 3449 1740 ad
3479 1703 3696 1742 mensur-

2116 1785 2230 1829 ram
2252 1772 2476 1842 gratiam
2508 1775 2783 1843 haberent,
2814 1777 2893 1832 sic
2921 1777 3173 1832 miracula
3201 1777 3479 1847 patrabant
3507 1793 3522 1842 ;
3558 1778 3697 1833 Deus

2115 1874 2292 1922 autem
2345 1867 2586 1925 absoluta
2635 1884 2799 1941 agens
2855 1878 3158 1939 potestate,
3206 1885 3328 1924 cum
3379 1870 3696 1925 auctoritate

2112 1958 2291 2013 omnia
2350 1959 2683 2029 operabatur.
2721 1961 2805 2015 12.
2855 1960 2921 2015 Et
2949 1961 3078 2016 dixit
3124 1960 3389 2031 discipulis
3415 1977 3433 2014 :
3462 1959 3697 2032 Colligite

2113 2049 2417 2121 fragmenta.
2448 2053 2536 2106 15.
2582 2051 2673 2106 Illi
2727 2068 2842 2107 vero
2895 2052 3240 2123 collegerunt,
3282 2062 3329 2107 et
3368 2053 3697 2123 impleverunt

2113 2134 2375 2189 duodecim
2399 2137 2665 2206 cophinos.
2701 2136 2825 2192 ιιωε
2855 2151 2959 2192 non
3000 2145 3117 2191 erat
3158 2134 3429 2206 superflua
3457 2145 3693 2191 ostenta-

2113 2227 2186 2281 tio
2210 2243 2225 2292 ;
2252 2227 2344 2283 sed
2376 2228 2497 2284 ideo
2527 2228 2719 2284 factum
2745 2271 2759 2293 ,
2795 2244 2861 2283 ne
2889 2229 3171 2299 praestigiae
3196 2228 3503 2283 viderentur
3525 2244 3643 2285 esse
3675 2246 3694 2295 ;

2112 2320 2337 2392 ideoque
2380 2337 2443 2377 ex
2486 2322 2722 2390 subjecta
2755 2322 2973 2377 materia
3017 2333 3182 2377 creat.
3215 2322 3324 2377 Cur
3372 2337 3477 2377 non
3525 2322 3693 2377 turbis

2109 2414 2364 2484 gestanda
2396 2415 2539 2470 dedit
2569 2416 2678 2477 illa,
2710 2415 2802 2470 sed
2832 2414 3154 2484 discipulis?
3180 2414 3311 2480 Quia
3344 2413 3441 2467 hos
3463 2415 3694 2468 maxime

2111 2508 2386 2563 instituere
2416 2507 2628 2563 volebat
2652 2550 2666 2575 ,
2694 2507 2784 2578 qui
2826 2508 2984 2561 futuri
3034 2515 3188 2562 erant
3236 2504 3485 2561 doctores
3523 2505 3686 2559 orbis.

2108 2596 2389 2652 Multitudo
2437 2613 2667 2668 namque
2712 2614 2817 2652 non
2865 2612 3113 2667 magnum
3161 2595 3333 2651 adhuc
3377 2596 3579 2650 lucrum
3624 2610 3688 2650 ex

2107 2688 2377 2743 miraculis
2400 2697 2730 2759 reportatum
2755 2697 2872 2743 erat
2897 2704 2911 2753 ;
2936 2687 3113 2742 statim
3140 2686 3339 2757 quippe
3362 2694 3487 2741 sunt
3515 2684 3687 2748 obliti,

2104 2763 2353 2848 aliudque
2381 2778 2694 2834 miraculum
2724 2777 3083 2848 requisierunt
3111 2795 3123 2831 :
3154 2776 3399 2848 discipuli
3429 2791 3556 2830 vero
3582 2791 3688 2831 non

2107 2885 2321 2937 parvam
2372 2870 2496 2924 hinc
2542 2870 2818 2924 utilitatem
2868 2868 3139 2938 accepturi
3171 2876 3345 2925 erant.
3382 2866 3491 2923 Nec
3525 2884 3686 2937 parra

2105 2961 2235 3016 hinc
2261 2962 2532 3016 damnatio
2561 2962 2711 3017 .Iuda:
2739 2963 2866 3029 fuit,
2911 2962 3049 3032 quod
3094 2961 3383 3032 cophinum
3431 2969 3685 3030 gestaret.

2101 3054 2252 3122 Quod
2283 3063 2459 3110 autem
2490 3054 2620 3110 illud
2646 3056 2712 3109 ad
2738 3071 2922 3110 eorum
2952 3055 3338 3110 institutionem
3372 3053 3568 3109 factum
3592 3054 3681 3118 sit,

2101 3147 2266 3218 liquet
2286 3163 2354 3203 ex
2384 3164 2448 3203 eo
2473 3148 2612 3219 quod
2644 3157 2912 3218 postremo
2933 3148 3155 3215 dicitur,
3185 3147 3326 3218 quod
3355 3146 3460 3202 illis
3489 3146 3541 3199 in
3572 3162 3685 3200 me-

2100 3240 2325 3295 moriam
2375 3242 2704 3296 revocaverit
2746 3241 2975 3296 dicens:
3008 3238 3255 3293 Nondum
3292 3239 3522 3310 cogitatis
3565 3247 3685 3308 quot

2099 3314 2345 3402 cophinos
2387 3335 2648 3404 accepistis
2691 3332 2918 3408 (Matth.
2965 3335 3049 3389 16.
3099 3334 3131 3389 9
3158 3334 3225 3406 )7
3266 3333 3573 3405 Eademque
3615 3332 3684 3387 de

2098 3441 2256 3480 causa
2279 3425 2472 3480 factum
2515 3436 2596 3480 est
2646 3434 2703 3480 ut
2728 3425 2944 3496 cephini
2976 3425 3249 3494 discipulis
3274 3440 3501 3481 numero
3527 3438 3681 3493 pares

2097 3528 2296 3572 essent.
2328 3519 2529 3573 Deinde
2565 3532 2693 3572 vero
2722 3520 2972 3589 quoniam
3008 3518 3230 3571 instituti
3266 3518 3478 3572 fuerant
3511 3557 3527 3582 ,
3572 3532 3677 3571 non

2099 3622 2174 3664 tot
2213 3609 2635 3681 superfuerunt,
2674 3609 2767 3664 scd
2813 3618 3008 3680 sporta:
3048 3618 3251 3678 septem
3294 3608 3403 3676 (Id.
3436 3609 3521 3664 15.
3562 3606 3676 3680 57).

2094 3704 2206 3771 Ego
2238 3718 2363 3757 vero
2391 3718 2494 3759 non
2530 3701 2686 3755 tnodo
2719 3701 2882 3756 miror
2925 3717 3118 3771 panum
3160 3701 3363 3771 cepiam
3387 3742 3400 3767 ,
3434 3700 3525 3754 sed
3555 3715 3674 3754 cum

2092 3794 2244 3863 copia
2287 3793 2699 3865 iragmentorum
2740 3793 3201 3862 numeri-quoque
3242 3792 3632 3846 accurationem
3660 3832 3674 3852 ,

2091 3886 2232 3956 quod
2262 3901 2435 3955 neque
2477 3886 2592 3955 plus
2616 3900 2789 3955 neque
2817 3885 2993 3939 minus
3022 3883 3322 3939 redundare
3361 3882 3629 3937 curaverit
3655 3922 3675 3947 ,

2090 3981 2183 4034 sed
2207 3989 2460 4050 quantum
2486 3979 2690 4043 voluit,
2723 3977 2865 4048 quod
2910 3978 3185 4048 pricsciret
3222 3987 3474 4046 quantum
3524 3976 3672 4028 insn-

2092 4070 2340 4125 mendum
2368 4070 2542 4134 foret;
2574 4068 2715 4136 quod
2746 4067 3028 4122 ineffabilis
3055 4076 3170 4122 erat
3203 4067 3498 4135 potestatis.
3525 4066 3670 4119 Con-

2091 4164 2365 4215 lirmarunt
2391 4161 2569 4229 itaque
2595 4158 2893 4228 fragmenta
2925 4167 3207 4226 utrumque
3238 4158 3589 4222 miraculum,
3619 4169 3671 4213 et

2086 4252 2375 4323 probarunt
2407 4266 2518 4304 rem
2553 4265 2656 4303 non
2688 4265 2808 4304 esse
2851 4248 3251 4319 imaginariam,
3282 4256 3335 4301 et
3366 4264 3431 4301 ex
3459 4249 3522 4303 iis
3552 4264 3669 4318 qua:

2085 4344 2427 4399 eomederant
2493 4340 2839 4412 superfuisse.
2895 4340 3123 4394 Piscium
3169 4355 3297 4393 vero
3352 4340 3664 4393 miraculum

2087 4446 2211 4490 tunc
2232 4450 2294 4490 ex
2334 4434 2585 4505 subjectis
2609 4433 2842 4504 piscibus
2884 4433 3076 4486 factum
3103 4442 3180 4487 est
3213 4450 3225 4482 :
3256 4440 3377 4502 post
3421 4446 3664 4486 resurre-

2082 4528 2314 4582 ctionem
2346 4543 2490 4593 vero,
2524 4542 2627 4580 non
2679 4542 2742 4579 ex
2793 4524 3029 4594 subjecta
3078 4524 3319 4578 materia.
3356 4523 3567 4591 Quare?
3597 4523 3667 4580 Ut

2081 4619 2256 4675 discas
2297 4620 2473 4689 ipsum
2495 4620 2652 4674 etiam
2696 4634 2838 4673 nunc
2879 4616 3096 4672 materia
3136 4631 3291 4671 usum
3327 4615 3523 4680 fuisse;
3557 4633 3661 4669 non

2079 4712 2217 4782 quod
2246 4712 2333 4766 illa
2370 4721 2423 4766 ut
2457 4711 2798 4766 fundamento
2824 4720 3002 4781 egeret
3029 4751 3043 4776 ,
3087 4711 3179 4765 sed
3205 4718 3261 4764 ut
3287 4708 3661 4764 hmreticorum

2078 4820 2169 4859 ora
2196 4805 2515 4858 Obstrueret.

2149 4898 2317 4951 Juda'i
2358 4914 2456 4951 non
2497 4908 2597 4950 tam
2631 4913 2692 4950 er
2737 4895 2984 4950 evidentia
3028 4896 3258 4950 miraculi
3285 4913 3435 4965 quant
3460 4913 3486 4949 e
3512 4906 3656 4948 satu—

2076 4991 2285 5044 rationis
2310 4990 2497 5061 gaudio
2522 4989 2587 5042 ad
2611 4989 2866 5043 Christum
2909 4988 3152 5042 conversi.
3196 4986 3477 5056 Dignitates
3517 5002 3657 5053 sper-

2075 5084 2263 5137 nendus
2289 5084 2429 5136 decet
2451 5081 2694 5136 Clu-istas.
2720 5112 2790 5122 —
2814 5082 2897 5136 M.
2939 5078 3126 5133 Turba:
3155 5088 3323 5130 autem
3352 5076 3579 5131 dicebant
3614 5078 3653 5141 ',

2077 5178 2205 5245 Quia
2225 5178 2305 5230 hic
2318 5188 2385 5230 est
2406 5191 2516 5228 rere
2542 5176 2805 5244 prepheta.
2825 5172 2871 5227 0
2891 5172 3027 5242 gula:
3049 5168 3351 5223 aviditatem
3373 5167 3386 5220 Ξ
3407 5166 3654 5220 Innume-

2071 5285 2130 5324 ra
2163 5269 2403 5323 ediderat
2434 5267 2514 5319 his
2544 5264 2863 5319 mirabiliora
2891 5303 2903 5326 ,
2933 5269 2987 5315 et
3014 5274 3272 5328 nusquam
3293 5256 3393 5311 hoc
3418 5256 3648 5312 confessi

2072 5371 2227 5425 sunt,
2262 5362 2361 5414 nisi
2407 5376 2526 5413 cum
2567 5367 2751 5413 essent.
2787 5353 3100 5409 exsaturati.
3134 5351 3263 5406 lude
3310 5366 3438 5422 ergo
3484 5352 3652 5423 liquet

2072 5457 2214 5523 ipSnS
2259 5453 2568 5522 prophetam
2604 5448 2886 5520 quemdam
2938 5444 3185 5499 eximium
3232 5446 3650 5514 exspectavissc.

2070 5547 2199 5601 Nam
2234 5548 2305 5600 illi
2337 5545 2624 5609 dicebant,
2660 5541 2733 5593 Tu
2758 5557 2805 5592 cs
2831 5537 3151 5606 prop/ieta’?
3177 5535 3227 5591 hi
3252 5554 3378 5592 vero
3407 5579 3426 5602 ,
3452 5537 3546 5590 llic
3574 5547 3647 5592 est

2134 5703 2152 5735 ι
2186 5699 2331 5749 Morel
2341 5736 2358 5764 ._
2376 5697 2545 5764 habet,
2566 5694 2895 5764 turbwqutqrn
2920 5691 3132 5764 uidentes
3156 5693 3611 5764 siqnztntldicebant.

2100 5767 2148 5875 μ’
2185 5763 2233 5811 Id
2238 5775 2321 5853 (pm
2345 5760 2468 5821 legit
2491 5769 2503 5805 :
2535 5765 2695 5819 Itaque
2718 5754 2791 5808 illi
2812 5755 3032 5807 dicebant
3068 5768 3087 5807 .'
3119 5774 3140 5804 α
3163 5754 3323 5806 .Vonnc
3344 5755 3422 5805 Itz'c
3445 5762 3513 5806 cst
3537 5767 3642 5818 pro-

2065 5837 2097 5883 υ
2131 5831 2206 5874 Clit
2234 5861 2245 5873 .
2278 5838 2299 5866 υ
