4104 6156
386 324 494 379 245

388 523 491 576 turi
518 532 658 576 erant
684 529 738 572 ut
763 525 992 587 raperent
1019 532 1133 568 eum
1157 557 1170 578 ,
1207 525 1251 567 et
1278 515 1501 582 facerent
1518 529 1628 566 eum
1656 527 1821 582 regem
1845 551 1860 575 ,
1889 527 1968 564 se-

391 613 538 667 cessit
563 613 744 664 iterum
769 612 820 662 in
843 618 1078 662 montem.
1110 607 1286 675 Papm,
1311 615 1504 675 quanta
1535 605 1670 674 gulm
1694 603 1967 675 tyrannis!

391 713 584 774 quanta
627 701 926 756 volubilitas
987 699 1196 752 animi!
1238 698 1352 752 Non
1394 697 1531 751 ultra
1578 696 1746 766 legem
1797 693 1970 748 vindi-

387 802 513 849 cant
543 836 557 858 ,
589 809 693 847 non
737 793 880 846 ultra
928 791 1223 844 violatum‘
1257 789 1534 844 sabbatum
1581 795 1812 852 curant,
1864 799 1969 839 non

391 887 526 941 ultra
561 886 653 939 Dei
677 885 792 939 zelo
836 891 1117 936 moventur
1147 923 1161 947 ,
1212 881 1305 936 sed
1335 881 1538 950 repleto
1563 888 1749 934 ventre
1796 877 1972 932 omnia

389 981 717 1047 abjecerunt.
748 977 881 1030 Tum
925 974 1183 1047 propheta
1209 973 1348 1043 apud
1373 973 1491 1026 illos
1526 979 1674 1038 erat,
1713 978 1767 1026 et
1792 983 1970 1038 regem

390 1079 544 1126 erant
585 1067 888 1124 coronaturi
920 1082 932 1120 :
962 1067 1202 1122 Christus
1244 1074 1420 1121 autem
1458 1063 1609 1133 fugit.
1650 1063 1868 1130 Quare?
1908 1060 1974 1116 Ut

393 1179 490 1218 nos
516 1163 708 1218 doceat
749 1161 1074 1232 spernendos
1131 1174 1250 1214 esse
1289 1158 1574 1228 dignitates
1600 1199 1614 1223 ,
1644 1166 1699 1211 et
1727 1155 1975 1211 ostendat

392 1272 452 1311 sc
481 1256 622 1311 nulla
663 1270 728 1310 ex
773 1254 998 1308 terrenis
1051 1252 1210 1306 rebus
1259 1266 1394 1320 opus
1442 1250 1660 1304 habere.
1702 1248 1834 1303 Nam
1883 1249 1971 1318 qui

391 1348 568 1403 omnia
609 1347 731 1401 vilia
759 1345 955 1415 elegit,
991 1351 1045 1399 et
1084 1353 1338 1406 matrem,
1369 1351 1422 1396 et
1452 1342 1666 1395 domum
1695 1382 1710 1405 ,
1740 1341 1928 1393 urbem
1953 1381 1968 1404 ,

391 1437 781 1499 educationem,
813 1435 1150 1499 vestimenta,
1181 1448 1284 1488 non
1306 1448 1370 1488 ex
1397 1432 1625 1487 terrenis
1653 1431 1973 1500 conspicuus

391 1529 599 1584 futurus
638 1537 772 1585 erat.
804 1527 936 1582 Nam
983 1526 1216 1582 czciestia
1258 1526 1400 1581 clara
1435 1539 1728 1595 magnaque
1771 1533 1923 1578 erant
1955 1565 1971 1591 ,

391 1621 600 1692 angeli,
627 1620 783 1675 stella
803 1660 817 1685 ,
848 1619 1006 1673 Pater
1051 1618 1291 1672 clamans
1315 1657 1329 1682 ,
1360 1615 1591 1685 Spiritus
1637 1616 1929 1670 teStilicans
1956 1655 1972 1681 ,

395 1715 669 1785 pmpheta:
692 1714 801 1784 jam
828 1712 955 1768 olim
976 1713 1366 1782 przedicantes:
1402 1709 1452 1764 in
1483 1718 1625 1764 terra
1653 1716 1829 1762 autem
1852 1706 1974 1760 vilia

400 1809 581 1863 omnia
612 1816 786 1874 erant,
833 1814 892 1861 ut
939 1806 1018 1860 sic
1047 1805 1162 1874 ejus
1202 1812 1436 1873 potestas
1465 1801 1633 1872 magis
1675 1806 1976 1870 appareret.

394 1900 552 1956 Venit
594 1907 740 1954 certe
779 1913 875 1952 nos
918 1896 1290 1961 instituturus,
1321 1902 1377 1948 ut
1415 1901 1821 1948 contemnamus
1843 1906 1979 1961 prte-

393 1991 588 2057 sentia,
616 2003 791 2059 neque
827 1987 1154 2042 admiremur
1180 2001 1241 2040 ea
1283 1999 1400 2054 quze
1431 1985 1482 2037 in
1514 1982 1612 2037 hac
1655 1981 1760 2035 vita
1795 1982 1976 2051 spien-

393 2083 516 2138 dida
543 2080 828 2146 videntur;
869 2078 964 2134 sed
1006 2093 1068 2133 ea
1106 2077 1286 2132 omnia
1325 2075 1665 2140 irrideamus,
1696 2073 1978 2142 futuraque

393 2190 655 2230 amemus.
677 2172 810 2227 Nam
837 2173 926 2242 qui
957 2170 1241 2241 praesentia
1266 2169 1488 2222 miratur
1513 2209 1528 2232 ,
1552 2183 1658 2222 non
1701 2166 1980 2220 mirabitur

395 2281 457 2319 ea
482 2279 600 2334 quae
631 2263 681 2317 in
709 2262 853 2318 caelis
894 2271 1039 2317 sunt.
1079 2261 1202 2315 Ideo
1255 2259 1468 2314 dicebat
1510 2259 1716 2312 Pilato:
1749 2257 1980 2328 Regnum

393 2375 560 2412 meum
586 2374 684 2411 non
710 2367 780 2410 est
819 2355 882 2408 de
908 2355 1003 2408 hoc
1035 2353 1224 2407 mundo
1255 2351 1432 2424 (Joau.
1463 2350 1550 2405 18.
1578 2348 1690 2420 '56);
1722 2364 1790 2402 nc
1831 2347 1979 2403 vide-

395 2459 542 2503 retur
583 2449 814 2502 humano
864 2455 1008 2500 metu
1053 2453 1108 2500 et
1157 2445 1392 2514 potentia
1445 2443 1511 2497 ad
1552 2440 1978 2512 persuadendum

396 2542 490 2596 uti.
521 2541 628 2595 Cur
655 2555 782 2610 ergo
810 2538 938 2593 dicit
967 2537 1228 2608 propheta
1259 2555 1270 2591 :
1310 2535 1439 2589 Ecce
1466 2551 1556 2588 rex
1582 2544 1697 2587 tuus
1733 2534 1862 2587 venit
1894 2533 1982 2586 tibi

396 2641 688 2685 mansuetus
708 2672 725 2697 ,
742 2631 921 2685 sedens
945 2647 1096 2700 super
1114 2626 1432 2700 subjugalem
1462 2625 1647 2698 (Zaclt.
1675 2625 1729 2680 9.
1754 2626 1855 2695 9)?
1887 2624 1983 2679 llic

398 2731 468 2777 dc
497 2738 660 2792 regno
689 2722 922 2790 loquitur
951 2721 1150 2775 caelesti
1173 2761 1187 2785 ,
1218 2736 1322 2774 non
1351 2719 1417 2774 de
1442 2729 1676 2773 terreno.
1711 2716 1834 2771 Ideo
1863 2731 1983 2770 rur-

397 2830 516 2868 sum
547 2811 756 2868 dicebat
780 2829 792 2862 :
825 2811 1050 2866 Gloriam
1077 2812 1140 2863 ab
1167 2811 1370 2864 homine
1391 2826 1489 2862 non
1511 2808 1727 2878 accipio.

472 2907 525 2959 4.
572 2903 749 2957 Gloria
773 2920 875 2957 non
901 2905 1069 2974 ﬂuxa,
1092 2902 1180 2956 sed
1198 2900 1496 2954 immortalis
1520 2900 1763 2952 amanda.
1796 2897 1986 2953 Contra

399 2993 711 3062 spectacula.
735 3023 805 3033 ——
831 2993 1106 3048 Discamus
1131 3007 1289 3059 ergo,
1323 2991 1540 3056 dilecti,
1574 2990 1835 3044 humanos
1887 2990 1986 3043 ho-

399 3101 562 3139 nores
619 3099 897 3153 spernere,
950 3098 1054 3136 non
1113 3081 1442 3136 desiderare.
1499 3081 1712 3136 Honore
1757 3096 1986 3150 namque

401 3190 596 3245 magno
641 3173 924 3237 efﬁcimur,
977 3174 1062 3227 cui
1111 3182 1451 3242 comparatus
1494 3173 1757 3227 humanus
1812 3174 1988 3227 honor

400 3267 722 3324 contumelia
764 3275 845 3321 est
868 3308 882 3331 ,
913 3266 1054 3320 risus
1080 3274 1135 3321 et
1159 3265 1420 3321 comoedia
1447 3282 1462 3330 ;
1497 3277 1553 3320 ut
1579 3274 1634 3320 et.
1658 3266 1855 3320 divitia:
1882 3275 1990 3320 ter-

403 3374 550 3414 rena:
599 3358 704 3413 illis
748 3367 1070 3428 comparate
1116 3367 1401 3428 paupertas
1437 3366 1604 3421 sunt,
1637 3366 1690 3412 et
1732 3358 1836 3411 vita
1875 3357 1990 3412 lucc

403 3455 519 3509 sine
557 3452 645 3508 illa
696 3468 844 3507 mors
884 3462 966 3507 est
1009 3451 1217 3524 (Siue‘,
1252 3453 1440 3523 inquit,
1497 3462 1722 3505 mortuos
1768 3451 1990 3522 sepelire

402 3559 628 3602 mortuos
666 3565 783 3601 suos
811 3545 1024 3620 [ΜαιιΙι.
1064 3547 1118 3601 8.
1143 3546 1237 3620 22]
1259 3545 1278 3615 )
1304 3564 1316 3599 :
1349 3547 1428 3601 sic
1453 3546 1619 3616 gloria
1652 3546 1768 3600 hare
1792 3587 1806 3610 ,
1849 3546 1893 3600 si
1923 3544 1990 3600 ad

404 3639 549 3692 illam
577 3637 884 3692 conferatur
909 3677 924 3704 ,
955 3638 1126 3707 pudor
1168 3648 1250 3691 est
1277 3647 1331 3692 et
1371 3635 1530 3693 risus'.
1560 3637 1636 3692 Ne
1667 3639 1823 3707 igitur
1852 3636 1992 3691 hanc

406 3743 755 3797 aucupemur.
782 3727 912 3781 Nam
940 3728 984 3782 si
1011 3729 1044 3782 ii
1081 3729 1171 3798 qui
1202 3729 1330 3782 dant
1360 3730 1499 3782 illam
1534 3729 1716 3784 umbra
1749 3740 1803 3783 ct
1844 3744 1992 3782 som-

415 3821 520 3875 niis
563 3831 687 3874 sunt
733 3820 947 3875 viliores
974 3861 986 3884 ,
1030 3821 1197 3875 multo
1244 3822 1412 3890 magis
1439 3823 1550 3891 ipsa
1581 3822 1748 3890 gloria
1779 3839 1791 3874 :
1820 3821 1995 3875 Gloria

408 3913 540 3966 enim
560 3913 776 3967 hominis
799 3923 1054 3982 tamquam
1075 3914 1172 3982 [Ias
1192 3913 1312 3983 {teni
1331 3913 1481 3982 (lsai.
1502 3912 1590 3966 40.
1609 3913 1685 3983 6).
1709 3911 1846 3980 Quid
1865 3911 1996 3966 ﬂore

406 4006 535 4062 faeni
566 4008 720 4062 vilius
749 4007 907 4061 fuerit
928 4005 1154 4077 (i.Petr.
1188 4007 1238 4060 1.
1261 4005 1379 4078 24)ἳ
1401 4006 1504 4061 Sed
1521 4007 1727 4061 etiamsi
1749 4006 1995 4060 diuturna

413 4107 591 4162 esset,
648 4098 772 4168 quid
823 4096 948 4152 hinc
996 4098 1188 4153 anima:
1229 4099 1402 4153 lucri?
1433 4097 1617 4162 Nihil;
1670 4098 1776 4151 imo
1811 4097 1997 4151 admo«

407 4192 531 4245 dum
559 4200 715 4246 nocet
735 4232 750 4256 ,
777 4200 831 4245 et
856 4205 1042 4246 servos
1063 4191 1257 4258 efficit,
1289 4190 1544 4260 emptitiis
1567 4191 1734 4245 servis
1759 4189 1994 4244 deterio-

409 4298 516 4349 res,
551 4282 638 4352 qui
665 4297 770 4336 non
805 4283 892 4336 uni
921 4281 1138 4336 domino
1162 4325 1178 4344 ,
1207 4281 1303 4336 sed
1341 4282 1548 4337 duobus
1573 4322 1590 4348 ,
1630 4282 1797 4336 tribus
1824 4324 1839 4347 ,
1871 4281 1994 4336 mil-

408 4377 550 4430 libus
574 4418 588 4440 ,
636 4376 849 4430 diversa
885 4375 1261 4429 mandantibus
1287 4376 1542 4429 serviant.
1569 4374 1779 4440 Quanto
1802 4374 1992 4428 melius

408 4478 495 4522 est
527 4467 751 4521 liberum
781 4481 924 4533 esse,
957 4481 1114 4536 quam
1143 4481 1355 4520 servum
1381 4482 1396 4520 :
1428 4467 1653 4520 liberum
1681 4467 1895 4534 quidem
1926 4466 1994 4518 ab

411 4559 685 4612 hominum
737 4558 995 4612 servitute
1020 4599 1034 4624 ,
1064 4573 1276 4612 servum
1309 4559 1591 4627 imperanti
1635 4558 1788 4612 Deo?
1828 4559 1881 4614 Si
1913 4559 1993 4612 vis

412 4649 624 4704 tandem
654 4663 835 4703 amare
862 4651 1085 4719 gloriam
1109 4691 1123 4713 ,
1148 4664 1266 4704 ama
1285 4691 1300 4713 ,
1331 4649 1422 4703 sed
1453 4649 1829 4702 immortalem.
1860 4648 1991 4702 Nam

411 4744 529 4814 ejus
553 4753 605 4798 et
631 4744 990 4814 spectaculum
1018 4742 1348 4812 splendidius
1385 4751 1467 4797 est
1495 4783 1510 4806 ,
1544 4750 1600 4797 et
1643 4741 1848 4795 lucrum
1876 4756 1993 4794 ma-

409 4835 516 4907 jus.
549 4835 609 4889 ili
653 4845 703 4890 te
738 4833 930 4903 jubent
965 4833 1245 4903 dispendio
1277 4842 1365 4887 tuo
1393 4833 1521 4904 ipsis
1551 4834 1797 4902 placere:
1842 4831 1992 4886 Chri-

413 4939 529 4986 stus
555 4945 682 4985 vero
709 4937 891 4983 contra
919 4927 1222 4996 centuplum
1245 4926 1504 4980 donorum
1532 4926 1625 4980 tibi
1647 4925 1913 4989 retribuit,
1943 4934 1996 4979 et

411 5020 496 5077 bis
527 5021 686 5076 vitam
714 5015 970 5075 aeternam
1001 5017 1167 5071 addit.
1195 5017 1331 5084 Quid
1358 5030 1487 5086 ergo
1513 5016 1736 5081 melius,
1770 5016 1820 5069 in
1855 5025 1992 5071 terra

413 5127 480 5167 an
533 5112 584 5166 in
633 5111 819 5176 cadis,
853 5109 1156 5164 hominibus
1199 5122 1265 5160 an
1310 5107 1419 5162 Deo
1464 5105 1802 5161 admirationi
1827 5105 1994 5162 esse?

413 5203 610 5260 damno
631 5219 696 5256 an
723 5203 869 5258 lucro
898 5201 1033 5257 tuo?
1059 5199 1307 5256 coronari
1332 5199 1398 5254 ad
1423 5215 1580 5254 unam
1619 5200 1757 5254 diem
1781 5241 1796 5260 ,
1828 5215 1894 5253 an
1925 5197 1992 5252 ad

481 5315 496 5376 ξ
536 5311 839 5376 Aliilegunt,
864 5313 1084 5374 solutum,
1110 5326 1216 5376 pro,
1243 5311 1485 5363 t‘iolﬂltttti.

479 5375 500 5408 ⁸
522 5374 662 5425 savii.
683 5374 822 5436 legit,
845 5376 1002 5427 sinite.

1163 310 1216 365 S.
1259 285 1534 365 JOANNIS
1570 303 2048 364 CllliYSOSTOMI
2090 303 2400 360 ARCHIEP.
2443 305 2972 362 CONSTANTINOP.

388 430 657 501 propheta.
689 430 774 483 15.
807 426 956 480 Jcsus
984 433 1148 476 autem
1175 463 1188 487 ,
1224 440 1336 476 cum
1363 423 1671 493 cognovissrt
1701 422 1820 490 quia
1850 436 1970 472 ven-
2011 442 2013 444 ·

3555 308 3657 370 2-H

2081 420 2283 474 infinita
2310 424 2548 476 saecula?
2581 425 2652 479 Da
2673 426 2843 495 egenti
2866 469 2880 493 ,
2913 441 3016 479 non
3049 425 3354 493 tripudiauti
3379 471 3393 493 ,
3441 445 3510 484 ne
3536 446 3658 487 cum

2079 513 2319 581 pecuniis
2364 515 2470 568 tuis
2519 516 2750 570 animam
2796 518 2936 570 illius
2981 517 3195 586 perdas.
3226 518 3306 573 Tu
3331 522 3473 575 enim
3518 524 3660 593 quod

2078 603 2196 658 haec
2234 606 2478 661 studiose
2505 616 2559 661 et
2605 609 2974 676 intempestive
3020 609 3163 664 colas
3189 651 3203 675 ,
3238 613 3492 680 perniciei
3525 614 3663 669 illius

2078 708 2365 751 auctores.
2417 697 2471 751 Si
2515 697 2715 751 scirent
2753 699 2894 752 enim
2927 699 3024 762 illi,
3058 700 3147 767 qui
3193 700 3486 756 orchestra:
3537 703 3663 757 dant

2078 803 2316 858 operam,
2350 804 2420 843 ex
2465 797 2580 842 arte
2621 788 2754 843 nihil
2784 790 2885 844 sibi
2935 789 3049 843 fore
3095 792 3226 844 lucri
3257 833 3272 857 ,
3316 792 3424 861 jam
3458 794 3660 862 pridem

2079 879 2440 936 destitissent:
2469 895 2588 935 cum
2611 890 2789 936 autem
2817 889 2868 936 te
2888 881 3069 935 vident
3092 883 3451 951 plaudentem,
3478 901 3663 941 accur-

2078 982 2308 1038 rentem,
2339 985 2583 1044 sumptus
2611 973 3017 1044 profundentem
3049 1015 3062 1038 ,
3098 983 3184 1028 tua
3215 977 3616 1031 exhaurientem
3640 1021 3655 1041 ,

2079 1065 2292 1120 etiamsi
2321 1065 2525 1119 nollent
2554 1079 2774 1134 pergere
2799 1105 2814 1130 ,
2846 1064 2977 1120 lucri
3010 1065 3258 1133 cupidine
3301 1074 3567 1122 tenentur.
3603 1068 3660 1123 Si

2079 1158 2280 1213 scirent
2308 1199 2324 1225 ,
2368 1158 2633 1212 neminem
2679 1172 2772 1211 sua
2803 1157 3138 1212 laudaturum
3187 1173 3306 1213 esse
3329 1201 3343 1224 ,
3377 1161 3484 1214 cito
3517 1161 3660 1216 desi-

2081 1259 2288 1306 sterent
2335 1265 2365 1304 a
2397 1250 2667 1305 laboribus
2692 1291 2708 1316 ,
2739 1250 2888 1304 lucro
2924 1258 3169 1304 cessante
3199 1268 3213 1306 :
3241 1265 3361 1304 cum
3391 1267 3516 1306 vero
3543 1269 3658 1308 rem

2080 1341 2419 1396 admirationi
2448 1343 2628 1398 multis
2650 1355 2770 1397 esse
2799 1340 3022 1406 vident,
3057 1342 3365 1397 inescantur
3393 1344 3654 1398 laudibus.

2077 1433 2362 1490 Cessemus
2386 1435 2640 1488 inutiliter
2660 1433 2967 1504 impendere
2987 1451 3002 1488 :
3025 1435 3290 1490 discamus
3316 1451 3416 1506 qua
3440 1438 3493 1490 in
3520 1453 3576 1490 re
3606 1447 3660 1492 et

2079 1525 2290 1595 quando
2337 1525 2650 1595 impendere
2691 1533 2979 1594 oporteat:
3007 1541 3074 1580 ne
3115 1527 3366 1596 utrinque
3399 1528 3563 1580 Deum
3590 1527 3655 1581 ad

2079 1619 2212 1672 iram
2237 1632 2606 1687 provocemus,
2634 1625 2687 1672 et
2712 1617 3084 1687 congregando
3111 1619 3250 1673 unde
3278 1634 3380 1673 non
3409 1619 3530 1673 licet
3559 1660 3575 1684 ,
3602 1629 3659 1673 et

2080 1709 2436 1780 dispergendo
2467 1711 2519 1764 in
2547 1725 2666 1780 qua:
2700 1726 2808 1764 non
2832 1719 3122 1779 oporteret.
3149 1710 3261 1778 Qua
3291 1710 3519 1766 vindicta
3551 1728 3656 1766 non

2081 1804 2270 1874 dignus
2300 1818 2360 1858 es
2393 1845 2407 1870 ,
2437 1817 2557 1858 cum
2605 1817 2891 1872 pauperem
2933 1813 3353 1873 przctercurrens
3391 1805 3658 1859 meretrici

2082 1894 2293 1964 largiris
2317 1895 2340 1947 ?
2365 1893 2586 1948 Etiamsi
2616 1894 2757 1948 enim
2787 1909 2854 1948 ex
2879 1893 3043 1963 justis
3073 1894 3341 1948 laboribus
3367 1909 3616 1964 erogares
3643 1937 3659 1962 ,

2083 2003 2260 2043 annon
2281 1987 2433 2057 culpa
2460 1995 2638 2055 esset,
2668 1988 2921 2058 nequitiae
2959 1987 3260 2043 mercedem
3287 1988 3418 2044 dare
3441 2029 3456 2054 ,
3487 1997 3540 2043 et
3569 2004 3666 2057 pro

2081 2079 2272 2132 merita
2326 2092 2484 2148 pcena
2535 2077 2794 2132 honorem
2838 2078 3149 2148 impendere
3175 2079 3197 2132 ?
3226 2076 3357 2132 Cum
3385 2095 3515 2134 vero
3541 2095 3666 2149 spo-

2049 2194 2051 2197 -
2082 2170 2223 2225 liatis
2248 2170 2479 2240 pupillis,
2510 2171 2832 2240 senibusque
2855 2170 3092 2236 nudatis,
3123 2170 3352 2226 lascivos
3375 2171 3493 2236 alis,
3521 2173 3664 2240 cogi-

2082 2272 2133 2318 ta
2162 2264 2282 2333 quis
2341 2264 2476 2333 ignis
2531 2271 2681 2317 tanto
2733 2261 2925 2318 sceleri
2952 2263 3022 2317 sit
3059 2271 3298 2332 paratus.
3355 2263 3492 2318 Audi
3537 2263 3663 2332 quid

2083 2357 2225 2412 dicat
2270 2356 2502 2411 Paulus:
2540 2355 2662 2410 Non
2698 2364 2894 2409 tantum
2935 2356 3020 2425 qui
3065 2356 3172 2409 haec
3201 2357 3394 2427 faciunt
3424 2399 3438 2424 ,
3470 2357 3557 2410 sed
3583 2374 3665 2425 qui

2084 2449 2296 2504 laudant
2343 2450 2584 2520 facientes
2620 2447 2796 2521 (Rom.
2828 2449 2879 2502 1.
2910 2447 3035 2517 32).
3065 2448 3315 2503 Fortasse
3363 2448 3539 2502 acrius
3569 2462 3664 2502 vos

2085 2542 2441 2607 incessimus;
2475 2541 2570 2597 sed
2607 2544 2650 2596 si
2697 2557 2794 2597 nos
2826 2557 2933 2596 non
2980 2542 3310 2597 incessamus
3336 2583 3350 2606 ,
3407 2541 3666 2611 supplicia

2085 2643 2303 2690 manent
2332 2649 2425 2688 eos
2452 2635 2540 2704 qui
2573 2649 2861 2704 numquam
2889 2633 3264 2689 emendantur.
3295 2634 3432 2700 Quid
3457 2637 3668 2704 jnvaret

2084 2741 2180 2780 vos
2214 2726 2446 2798 gratiose
2478 2726 2674 2794 alloqui
2702 2766 2717 2790 ,
2770 2726 2943 2795 reipsa
2965 2726 3227 2796 supplicio
3256 2735 3480 2796 propter
3506 2740 3667 2794 opera

2086 2817 2438 2872 afﬁciendos?
2477 2817 2685 2872 Laudas
2737 2817 3017 2871 saltantem
3049 2858 3063 2881 ,
3091 2817 3331 2872 celebras
3361 2859 3374 2881 ,
3411 2817 3669 2872 miraris?

2086 2910 2226 2980 Ergo
2253 2910 2346 2963 illo
2378 2908 2544 2963 factus
2572 2925 2631 2964 es
2652 2909 2908 2964 deterior.
2931 2908 3085 2963 illum
3111 2917 3392 2978 paupertas
3414 2924 3669 2962 exeusare

2088 3001 2318 3063 videtur,
2371 3001 2582 3055 etiamsi
2631 3017 2735 3054 non
2782 3000 2935 3069 culpa
2989 3001 3057 3054 sit
3099 2999 3385 3062 immunis;
3439 3007 3492 3051 tu
3540 3014 3668 3052 vero

2087 3093 2249 3147 etiam
2289 3093 2390 3147 hac
2429 3091 2740 3146 defensione
2788 3107 2960 3146 cares.
3006 3091 3155 3144 Illum
3207 3089 3250 3142 si
3300 3089 3621 3158 interrogem
3649 3129 3664 3152 ,

2089 3183 2194 3239 Cur
2245 3185 2362 3238 aliis
2404 3183 2606 3238 relictis
2643 3184 2847 3238 artibus
2871 3223 2886 3248 ,
2948 3181 3084 3235 hanc
3114 3181 3371 3249 impuram
3412 3189 3467 3234 et
3508 3194 3668 3234 exse—

2089 3275 2342 3332 crandam
2387 3274 2652 3330 sectaris?
2699 3271 3068 3342 respondebit,
3102 3271 3234 3339 Quia
3263 3285 3478 3340 possum
3507 3285 3671 3339 parvo

2092 3368 2276 3422 labore
2306 3367 2529 3420 multum
2563 3365 2783 3419 lucrari.
2812 3363 2887 3418 Te
2916 3377 3043 3417 vero
3071 3362 3117 3416 si
3159 3363 3479 3430 interrogem
3505 3401 3519 3426 ,
3566 3360 3673 3414 Cur

2091 3461 2349 3516 lascivum
2380 3459 2590 3512 miraris
2618 3500 2633 3525 ,
2663 3458 2751 3527 qui
2780 3456 2846 3510 ad
2873 3457 3160 3510 multorum
3184 3454 3472 3525 perniciem
3502 3456 3664 3506 vitam

2092 3552 2284 3608 ducit?
2319 3566 2422 3605 non
2453 3550 2651 3621 poteris
2684 3549 2751 3602 ad
2792 3548 3035 3604 eamdem
3068 3547 3436 3602 defensionem
3483 3544 3674 3601 confu-

2094 3660 2221 3714 gere
2249 3684 2266 3712 ,
2299 3643 2395 3698 sed
2423 3642 2632 3712 cogeris
2657 3641 2893 3695 demisso
2912 3639 3058 3693 vultu
3086 3639 3423 3694 erubescere.
3452 3635 3600 3703 Quod
3629 3636 3673 3688 si

2096 3735 2250 3789 nobis
2276 3735 2535 3789 rationem
2563 3732 2919 3802 exigentibus,
2954 3746 3022 3786 ne
3047 3731 3241 3785 mutire
3259 3730 3468 3799 quidem
3499 3737 3673 3796 potes:

2096 3827 2307 3898 quando
2339 3825 2664 3880 horrendum
2693 3823 2824 3879 illud
2850 3833 2904 3877 et
2929 3823 3239 3878 inevitabile
3261 3821 3486 3875 tribunal
3518 3834 3678 3888 appa-

2099 3920 2272 3984 rebit,
2307 3919 2394 3972 ubi
2446 3927 2500 3972 et
2543 3918 2924 3987 cogitationum
2952 3925 3007 3970 ct
3045 3925 3257 3970 actuum
3287 3914 3541 3968 reddituri
3590 3927 3680 3966 su—

2098 4029 2217 4067 mus
2247 4012 2553 4077 rationem,
2598 4009 2865 4080 quomodo
2920 4018 3062 4062 stare
3112 4007 3448 4078 poterimus?
3487 4007 3679 4075 quibus

2100 4103 2268 4157 oculis
2308 4102 2542 4172 iudicem
2594 4099 2986 4170 respicicmus?
3038 4098 3163 4168 quid
3208 4096 3488 4150 dicemus?
3519 4111 3678 4164 quam

2099 4196 2463 4251 defensionem
2505 4193 2880 4265 proferemus?
2928 4206 3084 4261 quam
3135 4187 3532 4244 excusationem
3582 4200 3680 4254 ap-

2100 4298 2208 4344 tam
2234 4331 2248 4354 ,
2280 4289 2513 4358 ineptam
2542 4286 2898 4341 habebimus?
2942 4299 3010 4338 an
3043 4297 3140 4337 nos
3168 4281 3217 4335 id
3249 4283 3425 4335 facere
3453 4295 3550 4348 pro
3577 4279 3682 4331 im-

2102 4397 2281 4452 pensa,
2312 4397 2410 4452 pro
2443 4381 2737 4451 voluptate,
2765 4394 2863 4447 pro
2889 4377 3113 4430 aliarum
3143 4373 3380 4443 pernicie
3403 4413 3417 4436 ,
3447 4385 3582 4440 quos
3629 4370 3680 4422 in

2100 4475 2189 4529 illa
2215 4482 2329 4528 arte
2358 4473 2534 4542 perire
2581 4473 2820 4540 cogimus
2847 4469 2869 4521 ?
2898 4468 3037 4522 Nihil
3071 4476 3218 4521 certe
3256 4464 3551 4534 poterimus
3597 4462 3682 4515 div

2099 4581 2262 4630 cere;
2297 4565 2390 4619 sed
2419 4564 2721 4618 necessario
2753 4563 3032 4631 punientur
3054 4602 3068 4625 ,
3099 4557 3363 4627 supplicio
3394 4569 3679 4624 numquam

2102 4655 2339 4710 finiendo
2366 4695 2380 4719 ,
2415 4671 2702 4723 numquam
2733 4650 3087 4706 terminamio.
3121 4647 3273 4716 Quod
3327 4663 3394 4701 ne
3441 4646 3643 4699 accidat
3667 4686 3681 4704 ,

2105 4748 2191 4802 hic
2215 4747 2324 4817 jam
2353 4760 2564 4799 summo
2605 4744 2780 4798 studio
2805 4755 3090 4797 caveamus
3113 4781 3127 4805 ,
3181 4747 3241 4792 ut
3266 4754 3386 4793 cum
3416 4738 3550 4791 bona
3592 4751 3685 4804 Spe

2103 4840 2228 4894 hinc
2279 4839 2612 4908 migrantes,
2661 4846 2857 4889 (eterna
2904 4835 3040 4888 bona
3090 4846 3484 4898 consequamur
3524 4843 3685 4896 :qum

2103 4935 2300 4988 utinam
2331 4945 2520 4986 omnes
2541 4931 2920 4998 adipiscamur,
2945 4927 3111 4997 gratia
3139 4936 3191 4977 et
3219 4923 3548 4991 benignitate
3581 4922 3686 4973 [)0-

2101 5025 2228 5080 mini
2252 5025 2416 5080 nostri
2444 5023 2568 5078 Jesn
2598 5022 2795 5077 Christi
2822 5061 2838 5086 ,
2873 5037 2966 5090 per
2991 5035 3147 5089 quem
3179 5027 3232 5071 et
3261 5032 3381 5070 cum
3411 5030 3516 5083 quo
3547 5012 3685 5066 Patri

2101 5119 2266 5189 gloria
2292 5158 2309 5184 ,
2341 5117 2605 5186 simulque
2632 5114 2852 5184 Spiritui
2883 5123 3071 5166 sancto
3097 5153 3110 5176 ,
3140 5123 3284 5164 nunc
3310 5117 3363 5162 ct
3392 5120 3608 5174 semper
3633 5109 3688 5158 et

2102 5211 2154 5265 in
2184 5209 2374 5265 saecula
2421 5209 2760 5264 sa-cnlorum.
2798 5207 2990 5259 Amen.
