4104 6156
431 284 534 344 9.25

1457 281 1524 336 ΙΝ
1558 280 1866 339 JOANNEM
1906 282 2134 340 HOMIL.
2181 287 2357 343 XLI”.
2401 293 2472 346 al.
2516 290 2675 348 XLII.

3596 311 3703 371 2i6

438 429 3692 468 .MM

1753 508 2100 573 HOMILIA
2139 512 2367 581 XLIII.

432 642 559 716 Cn.
587 659 643 715 ϐ.
684 674 741 713 v.
766 656 854 713 16.
888 656 956 714 Ut
981 664 1148 711 autem
1168 672 1280 710 sero
1306 661 1492 728 factum
1508 666 1579 711 est
1596 699 1611 725 ,
1649 658 2013 713 descenderunt

502 751 739 821 discipuli
767 750 880 819 ejus
906 748 975 801 ad
1000 764 1156 801 mare.
1188 747 1273 801 17.
1311 747 1511 800 Etcum
1543 749 1884 802 ascendissent
1919 764 2015 801 na-

500 859 606 898 uem
628 883 642 908 ,
673 850 910 894 venerunt
938 848 1076 893 trans
1116 855 1252 891 mare
1288 838 1341 891 in
1378 836 1715 907 Capernaum.
1764 838 1831 891 Et
1872 848 2012 893 tene-

502 934 606 988 brte
640 935 753 1002 jam
796 936 945 1002 facta
985 940 1146 997 erant,
1177 940 1223 983 et
1247 947 1345 984 non
1375 942 1573 984 venerat
1601 931 1667 984 ad
1700 931 1815 984 illos
1841 931 2009 986 Jesus.

503 1026 590 1082 18.
628 1025 774 1078 Mare
800 1033 967 1077 autem
987 1065 1002 1091 ,
1034 1034 1179 1077 vento
1204 1040 1386 1092 magno
1412 1024 1569 1092 ﬂante
1595 1065 1610 1089 ,
1640 1023 1957 1093 exsurgebat.

504 1119 557 1173 1.
586 1117 812 1172 Christus
835 1116 985 1168 etiam
1008 1114 1182 1169 absens
1204 1131 1405 1168 suorum
1436 1115 1642 1168 utilitati
1663 1116 1847 1169 studet.
1885 1114 2014 1180 Qua:

430 1210 573 1279 signa
593 1205 828 1275 discipuli
852 1206 947 1260 soli
963 1205 1383 1259 viderint—Non
1410 1221 1646 1275 prmsens
1670 1214 1868 1260 tantum
1891 1221 2011 1261 cor-

432 1299 681 1370 poraliter
699 1298 972 1366 discipulis
993 1296 1171 1363 Jesus,
1206 1296 1302 1351 sed
1332 1298 1489 1352 etiam
1518 1297 1711 1352 absens
1737 1306 1791 1352 et
1817 1298 2000 1367 procul

433 1407 652 1447 versans
677 1432 693 1458 ,
723 1405 909 1445 eorum
946 1388 1125 1443 studet
1149 1389 1382 1442 utilitati.
1404 1386 1536 1442 Cum
1565 1390 1705 1443 enim
1733 1397 1786 1444 et
1815 1399 2005 1459 potens

432 1486 502 1539 sit
542 1492 597 1539 et
641 1498 833 1553 sagax,
882 1496 978 1550 per
1028 1480 1295 1535 contraria
1341 1479 1479 1533 idem
1522 1480 1693 1548 ipsum
1735 1489 2005 1549 operatur.

434 1574 813 1631 Animadverte
842 1587 1071 1641 namque
1092 1571 1218 1640 quid
1248 1570 1334 1625 hic
1361 1579 1500 1640 agat.
1526 1570 1747 1625 Relictis
1776 1570 2008 1639 discipu-

431 1668 496 1723 lis
519 1710 534 1734 ,
563 1666 806 1723 ascendit
828 1666 881 1720 in
912 1673 1166 1719 montem.
1198 1662 1277 1717 illi
1305 1678 1462 1730 vero,
1491 1663 1708 1717 absente
1729 1664 2001 1732 magistro,

431 1770 488 1814 ut
511 1774 637 1814 sero
662 1758 858 1813 factum
886 1766 1000 1821 est,
1033 1754 1425 1810 descenderunt
1453 1754 1520 1807 ad
1544 1769 1691 1808 mare
1719 1769 1734 1817 ;
1763 1762 1817 1807 et
1838 1769 2004 1822 usque

430 1852 497 1906 ad
540 1864 819 1918 vesperam
858 1855 1166 1902 manserunt
1206 1844 1377 1899 donec
1417 1844 1633 1898 rediret.
1670 1843 2003 1898 Adveniente

429 1955 656 2011 vespera
678 1982 693 2007 ,
721 1954 828 1994 non
858 1939 993 1992 ultra
1014 1953 1070 1992 se
1095 1937 1372 1991 continere
1397 1943 1681 2004 potuerunt
1706 1976 1721 2001 ,
1749 1935 1872 2004 quia
1915 1934 2000 2003 ip-

430 2048 549 2087 sum
594 2038 891 2102 qutererent
923 2046 936 2082 :
966 2036 1109 2083 tanto
1153 2027 1268 2096 ejus
1314 2041 1495 2081 amore
1537 2026 1847 2095 ﬂagrabant.
1884 2025 2000 2079 Non

430 2125 649 2188 dicunt,
680 2123 913 2191 Vespera
937 2121 1043 2189 jam
1074 2128 1188 2183 est,
1216 2134 1325 2173 nox
1354 2117 1542 2183 adest,
1574 2133 1678 2187 quo
1720 2132 1859 2171 nunc
1904 2116 2001 2170 ibi-

425 2214 577 2270 mus?
602 2214 771 2279 locus,
796 2212 928 2265 hora
954 2210 1185 2281 periculo
1213 2225 1321 2263 non
1348 2218 1539 2265 vacant
1574 2224 1586 2261 :
1621 2207 1715 2263 sed
1736 2207 2000 2262 desiderio

426 2307 625 2363 incensi
646 2347 661 2372 ,
695 2320 883 2359 navem
912 2302 1296 2359 conscendunt.
1324 2302 1507 2371 Neque
1533 2301 1673 2356 enim
1701 2301 1814 2355 sine.
1840 2314 2000 2355 causa

424 2398 751 2468 evangelista
783 2406 991 2466 tempus
1017 2395 1210 2449 indicat
1234 2436 1248 2460 ,
1283 2394 1375 2449 sed
1402 2403 1458 2448 ut
1484 2393 1584 2448 boc
1614 2400 1766 2461 pacto
1787 2393 2000 2447 ferven-

427 2500 531 2545 tem
552 2490 768 2544 illorum
796 2503 1036 2543 amorem
1062 2487 1317 2541 declaret.
1345 2486 1452 2541 Cur
1480 2500 1605 2555 ergo
1631 2484 1866 2538 dimissis
1897 2483 2000 2537 illis

425 2581 573 2637 abit?
595 2582 701 2635 imo
726 2596 821 2635 cur
851 2581 999 2635 solus
1021 2595 1232 2633 rursum
1257 2586 1476 2648 apparet
1504 2592 1661 2645 supra
1694 2590 1841 2630 mare
1879 2590 1997 2629 am-

424 2674 652 2729 bulans?
682 2674 880 2738 Primo,
914 2682 970 2726 ut
996 2672 1212 2727 doceret
1234 2672 1386 2736 illos,
1438 2684 1595 2740 quam
1648 2683 1807 2737 grave
1854 2674 1999 2721 esset

422 2766 565 2822 solos
583 2765 832 2835 relinqui,
862 2772 1021 2833 atque
1042 2764 1162 2818 hinc
1184 2762 1503 2818 desiderium
1553 2771 1835 2829 augeretur
1869 2778 1881 2813 :
1908 2775 1997 2814 se-

423 2857 597 2913 cundo
621 2897 638 2923 ,
668 2864 726 2910 ut
750 2856 1038 2925 potentiam
1089 2855 1396 2910 ostenderet
1436 2868 1607 2907 suam.
1642 2850 1998 2919 Quemadmo-

425 2948 549 3001 dum
575 2948 715 3002 enim
745 2962 851 3001 non
881 2961 1096 3000 omnem
1126 2945 1421 3001 doctrinam
1460 2960 1578 2999 cum
1618 2943 1769 2997 turba
1811 2942 1995 2996 audie-

424 3039 551 3093 bant
568 3081 582 3105 ,
618 3040 695 3093 sic
720 3054 825 3093 non
857 3039 1034 3092 omnia
1060 3038 1208 3108 signa
1226 3050 1344 3091 cum
1364 3036 1517 3107 plebe
1539 3035 1805 3089 videbant.
1830 3033 1996 3101 Opor-

428 3131 570 3185 lebat
618 3131 759 3184 enim
806 3144 936 3192 eos,
991 3128 1182 3198 quibus
1228 3126 1637 3182 committendus
1675 3125 1818 3180 orbis
1846 3133 1994 3190 erat,

422 3221 619 3292 aliquid
648 3221 877 3290 amplius
909 3220 1106 3275 habere
1132 3234 1289 3288 quam
1314 3226 1557 3272 exteros.
1588 3218 1765 3286 Ecqua
1808 3216 1958 3283 signa
1978 3257 1994 3281 ,

425 3314 633 3382 inquies
658 3354 672 3378 ,
714 3311 815 3366 soli
845 3310 1126 3365 viderunt?
1157 3309 1691 3391 Transfigurationem
1716 3310 1766 3361 in
1795 3315 1995 3374 monte,

427 3405 530 3460 hoc
556 3405 863 3459 miraculum
888 3405 940 3457 in
973 3402 1143 3470 mari,
1176 3403 1337 3455 multa
1368 3410 1421 3455 et
1460 3400 1698 3455 miranda
1739 3410 1857 3469 post
1907 3413 1997 3453 re-

423 3497 843 3561 surrectionem;
876 3504 1038 3564 atque
1061 3536 1075 3560 ,
1112 3502 1169 3547 ut
1192 3493 1453 3559 arbitror,
1484 3491 1648 3546 multa
1674 3492 1795 3545 alia.
1830 3490 1999 3545 Vene-

422 3597 545 3641 runt
563 3597 739 3643 autem
760 3587 1122 3656 Capernaum,
1154 3601 1261 3640 non
1289 3584 1439 3655 gnari
1466 3584 1679 3654 quidem
1699 3626 1713 3650 ,
1743 3584 1836 3638 sed
1868 3599 1991 3653 spe-

423 3686 601 3733 rantes
628 3693 687 3733 se
712 3679 883 3746 ipsum
913 3676 984 3732 ibi
1016 3684 1321 3745 reperturos
1369 3691 1488 3730 esse
1533 3676 1618 3729 vel
1671 3675 1810 3729 inter
1851 3674 2000 3728 navi-

424 3768 673 3837 gandum.
706 3768 817 3823 Hoc
846 3767 1198 3824 subindicavit
1225 3766 1458 3821 Joannes
1483 3809 1496 3833 ,
1545 3781 1666 3819 cum
1710 3765 1844 3820 dixit
1887 3765 1997 3835 jam

427 3873 704 3926 vesperam
732 3858 924 3923 fuisse,
959 3857 1181 3913 necdum
1226 3859 1437 3912 venisse
1484 3858 1704 3925 Iesum,
1754 3866 1808 3912 et
1851 3872 1999 3913 mare

426 3964 621 4018 magno
661 3949 878 4004 reﬂante
912 3958 1066 4005 vento
1112 3950 1445 4004 intumuisse.
1476 3951 1580 4005 Cur
1610 3966 1736 4020 ergo
1769 3950 1996 4005 turban-

428 4040 553 4094 tur?
580 4040 743 4095 multa
771 4048 917 4095 certe
949 4050 1098 4096 erant
1138 4058 1257 4112 quae
1304 4043 1424 4097 illos
1476 4043 1953 4112 perterrefacerent
1982 4060 1995 4096 :

425 4141 663 4201 tempus,
695 4132 928 4187 tenebra:
957 4148 1187 4202 namque
1227 4144 1420 4198 erant;
1475 4145 1759 4204 tempestas
1788 4177 1802 4202 ,
1853 4150 1999 4189 mare

424 4242 650 4295 namque
679 4226 1037 4290 intumuerat;
1066 4228 1216 4281 locus
1236 4269 1251 4293 ,
1284 4244 1388 4281 non
1416 4229 1555 4281 enim
1587 4244 1753 4297 pr0pe
1801 4238 1998 4282 terram

422 4328 572 4372 erant
596 4359 611 4384 ,
640 4320 731 4373 sed
754 4359 769 4385 ,
794 4319 884 4374 i9.
915 4317 1041 4372 Cum
1067 4322 1394 4391 remigassent
1440 4322 1582 4387 quasi
1620 4323 1785 4374 stadia
1829 4323 2000 4393 viginti

420 4411 665 4480 quinque;
699 4410 912 4465 tandem
931 4410 1081 4466 adest
1103 4428 1188 4467 res
1218 4414 1578 4481 inexspectata
1610 4431 1621 4466 :
1660 4412 1838 4468 Vident
1857 4418 1998 4470 enim

420 4520 531 4557 eum
560 4504 901 4557 ambulantem
928 4521 1080 4573 super
1117 4521 1287 4572 mare,
1339 4505 1508 4574 iisque
1554 4506 1840 4561 admodum
1889 4524 2001 4578 per-

422 4594 643 4649 turbatis
664 4594 799 4648 dixit
826 4594 952 4650 :20.
989 4595 1095 4665 Ego
1121 4612 1233 4650 sum
1259 4638 1272 4663 ,
1299 4597 1452 4650 nolite
1486 4597 1677 4650 timere.
1721 4598 1827 4652 Cur
1872 4615 1999 4669 ergo

421 4677 696 4756 apparuit?
727 4685 799 4762 Ut
825 4687 1136 4742 ostenderet
1176 4703 1235 4743 se
1266 4689 1597 4759 tempestatis
1634 4690 1881 4745 sedanda:
1909 4707 2001 4745 au-

420 4778 638 4830 ctorem.
661 4776 773 4831 Hoc
797 4777 1061 4846 signiﬁcat
1089 4781 1410 4851 evangelista
1435 4797 1554 4835 cum
1577 4781 1706 4837 dicit
1734 4800 1747 4837 :
1775 4784 1866 4838 2i.
1900 4782 2002 4838 Vo-

423 4865 621 4920 luerunt
646 4868 874 4935 accipere
898 4884 1011 4922 eum
1040 4869 1094 4921 in
1124 4872 1327 4935 navim;
1357 4883 1402 4925 et
1448 4876 1616 4927 statim
1666 4876 1807 4929 navis
1847 4891 2002 4947 prape

423 4964 601 5011 ttrram
627 4960 741 5030 fuit.
769 4959 883 5014 Non
913 4960 1074 5015 modo
1098 4963 1242 5016 enim
1277 4970 1445 5017 tutam‘
1464 5006 1478 5029 ,
1508 4966 1602 5021 sed
1628 4968 1789 5022 etiam
1812 4985 2002 5024 secun-

423 5047 540 5103 dam
566 5051 697 5119 ipsis
719 5052 1113 5121 navigationem
1147 5054 1390 5123 prtebuit.
1435 5056 1627 5112 Turbae
1667 5070 1843 5116 autem
1892 5078 1999 5118 non

422 5153 477 5192 se
514 5140 873 5196 ambulantem
924 5158 1087 5212 super
1127 5160 1275 5199 mare
1326 5148 1760 5215 conspiciendum
1805 5152 1997 5207 dedit:

424 5243 541 5285 nam
569 5232 744 5301 majus
784 5234 993 5303 signum
1044 5244 1189 5300 erat,
1238 5250 1395 5305 quam
1437 5254 1622 5292 eorum
1664 5241 2002 5301 imbecillitas

424 5316 602 5377 ferret.
631 5321 739 5379 Sed
759 5340 935 5393 neque
958 5325 1233 5397 discipulis
1260 5343 1319 5382 se
1345 5328 1416 5382 ita
1443 5330 1530 5383 diu
1554 5330 1838 5388 videndum
1867 5352 2002 5404 pra:-

426 5409 701 5471 buitzsed
748 5417 910 5471 simul
951 5426 1005 5472 et
1049 5419 1197 5473 visus
1241 5430 1356 5486 est,
1403 5431 1457 5474 et
1502 5423 1742 5477 recessit.
1777 5424 1999 5482 Videtur

428 5515 583 5568 porro
605 5507 731 5562 mihi
759 5508 903 5563 aliud
931 5508 1000 5563 ab
1020 5524 1084 5563 eo
1109 5512 1319 5580 signum
1350 5528 1468 5568 esse
1493 5555 1506 5579 ,
1539 5516 1677 5584 quod
1701 5519 1840 5587 apud
1869 5519 2001 5575 Mat-

427 5592 616 5651 tlncum
645 5610 896 5655 narratur
924 5617 941 5666 ;
965 5602 1074 5657 imo
1098 5604 1262 5657 multa
1290 5606 1516 5673 probant
1557 5607 1824 5666 diversum
1856 5629 1997 5670 esse.

426 5682 684 5744 Cantatum
711 5705 852 5760 saepe
870 5693 1062 5749 eadem
1090 5696 1237 5765 signa
1272 5695 1430 5764 facit,
1463 5708 1518 5753 nt
1550 5716 1613 5754 ne
1662 5703 1875 5762 insolita
1919 5708 1999 5761 vi-

2119 658 2377 715 derentur
2405 667 2789 736 spectantibus,
2819 670 2913 726 sed
2945 672 3033 727 illa
3060 688 3182 731 cum
3207 676 3309 732 fide
3355 694 3542 750 magna
3582 697 3701 739 sus-

2117 751 2376 820 ciperem.
2407 752 2517 826 Ego
2538 774 2668 825 sum,
2697 761 2853 815 nolite
2879 765 3071 819 timere.
3118 767 3293 822 Verbo
3339 772 3583 827 timorem
3631 790 3695 828 ex

2116 855 2303 897 eorum
2331 845 2511 901 animo
2547 850 2698 917 pellit
2729 868 2743 902 :
2770 867 2877 906 non
2915 854 2987 908 ita
3015 857 3170 921 alibi,
3212 874 3333 912 eum
3373 861 3561 917 Petrus
3614 865 3696 915 rii-

2117 932 2309 987 cebat:
2340 933 2577 1004 Domine,
2605 941 2650 993 si
2678 949 2730 994 tu
2758 959 2828 1007 es,
2849 944 2977 1014 jube
3015 963 3091 999 me
3117 952 3281 1001 venire
3306 952 3372 1002 ad
3399 961 3444 1005 tc
3469 952 3691 1022 (Matt/1.

2115 1024 2203 1080 14.
2226 1025 2360 1095 28).
2389 1025 2496 1083 Cur
2523 1045 2651 1101 ergo
2680 1042 2802 1088 tunc
2834 1052 2937 1089 non
2965 1039 3142 1092 statim
3189 1039 3290 1093 hoc
3331 1055 3652 1111 acceperunt
3678 1086 3691 1107 ,

2114 1131 2258 1174 nunc
2285 1131 2462 1175 autem
2490 1124 2869 1181 crediderunt?
2916 1129 3177 1196 Quoniam
3231 1141 3356 1186 tunc
3406 1144 3694 1203 tempestas

2115 1216 2492 1281 perseverabat
2529 1219 2865 1290 agitabatque
2904 1238 3135 1289 navem;
3188 1240 3329 1279 nunc
3368 1235 3546 1281 autem
3591 1244 3690 1283 vox

2115 1307 2544 1376 tranquillitatem
2571 1313 2797 1381 peperit.
2820 1314 2873 1369 Si
2904 1331 2989 1370 res
3037 1332 3141 1371 non
3183 1319 3250 1372 ita
3293 1320 3398 1385 sit,
3448 1321 3499 1375 id
3547 1334 3692 1377 certe

2114 1398 2216 1452 erit
2236 1401 2376 1468 quod
2407 1416 2566 1472 supra
2594 1403 2701 1458 dixi
2726 1447 2740 1471 ,
2778 1407 2922 1461 illum
2951 1424 3091 1478 sarpe
3117 1411 3300 1466 eadem
3333 1413 3491 1469 edere
3521 1415 3693 1484 signa,

2115 1495 2174 1542 ut
2203 1504 2266 1543 ex
2295 1491 2560 1559 prioribus
2588 1495 2818 1549 secunda
2846 1498 3184 1553 credibiliora
3210 1501 3335 1555 sint.
3373 1502 3480 1557 Cur
3512 1516 3689 1558 autem

2110 1596 2216 1636 non
2233 1584 2472 1639 ascendit
2492 1585 2544 1639 in
2576 1589 2804 1643 navem?
2834 1589 2899 1644 Ut
2920 1590 3127 1660 signum
3154 1592 3325 1660 majus
3351 1606 3686 1663 Operaretur,

2108 1672 2374 1743 simulque
2394 1675 2724 1733 divinitatem
2752 1696 2901 1734 suam
2928 1682 3125 1738 clarius
3156 1686 3495 1753 ostenderet,
3528 1698 3686 1759 atque

2109 1762 2534 1833 demonstraret,
2566 1783 2625 1823 se
2651 1785 2769 1823 cum
2798 1772 2992 1840 gratias
3023 1776 3159 1844 egit,
3190 1792 3293 1831 non
3322 1780 3461 1848 quod
3490 1782 3689 1843 auxilio

2106 1865 2290 1924 egeret
2312 1857 2362 1911 id
2391 1857 2602 1927 fecisse,
2630 1862 2725 1917 sed
2754 1872 2808 1917 ut
2836 1879 2894 1919 se
2923 1865 3026 1921 illis
3053 1875 3456 1939 attemperaret.
3484 1873 3688 1928 Permi-

2107 1947 2282 2015 sitque
2312 1958 2679 2019 tempestatem
2706 1957 2963 2022 excitari,
3008 1967 3065 2013 ut
3111 1974 3169 2015 se
3218 1977 3432 2033 semper
3480 1982 3688 2034 quaere«

2105 2049 2261 2105 rent;
2294 2043 2579 2113 statimque
2604 2047 2846 2114 sedavit,
2882 2056 2942 2103 ut
2978 2054 3212 2120 potentia
3253 2070 3347 2110 sua
3397 2071 3686 2127 cognosce-

2104 2138 2290 2197 retur;
2324 2148 2430 2186 non
2459 2135 2699 2190 ascendit
2727 2147 2902 2193 autem
2928 2140 2980 2193 in
3009 2142 3185 2195 navim
3212 2186 3227 2211 ,
3262 2153 3319 2199 ut
3361 2147 3534 2217 majus
3581 2150 3684 2203 mi-

2104 2223 2338 2277 raculum
2353 2223 2572 2282 faceret.
2605 2229 2693 2284 22.
2720 2229 2894 2286 Altera
2918 2243 3085 2288 autem
3112 2235 3193 2291 die
3213 2237 3359 2292 turba
3381 2256 3493 2310 quia
3517 2243 3681 2296 stabat

2102 2312 2201 2380 ibi,
2231 2315 2400 2370 videns
2419 2319 2538 2388 quia
2559 2321 2791 2375 navicula
2813 2324 2915 2377 alia
2940 2342 3040 2379 non
3060 2337 3166 2380 erat
3195 2328 3295 2395 ibi,
3328 2330 3424 2385 nisi
3454 2348 3556 2385 una
3575 2374 3589 2401 ,
3627 2334 3681 2388 in

2101 2420 2252 2473 quant
2275 2409 2601 2464 ascenderant
2623 2411 2855 2482 discipuli
2879 2417 2988 2486 ejus
3007 2457 3020 2483 ,
3051 2426 3098 2470 et
3121 2420 3241 2489 quia
3269 2420 3419 2475 Jesus
3462 2440 3563 2478 non
3603 2426 3684 2478 in-

2104 2499 2300 2551 troisset
2330 2516 2443 2553 cum
2466 2501 2728 2572 discipulis
2756 2507 2861 2560 suis
2895 2508 2947 2560 in
2977 2510 3145 2563 navim
3177 2527 3195 2564 :
3231 2513 3585 2571 ascenderunt
3632 2525 3678 2571 cl

2103 2589 2199 2657 ipsi
2223 2592 2274 2644 in
2303 2592 2436 2647 alias
2463 2595 2734 2650 naviculas
2781 2614 2900 2667 qua:
2950 2612 3205 2657 venerant
3254 2620 3318 2660 ex
3371 2605 3677 2664 Tiberiade.

2101 2682 2209 2735 Cur
2248 2682 2365 2738 inec
2391 2686 2689 2742 minutatim
2717 2689 2948 2747 Joannes
2973 2707 3249 2761 recenset;
3292 2698 3399 2753 imo
3438 2715 3534 2755 cur
3573 2718 3679 2756 non

2100 2772 2270 2842 dixit,
2303 2776 2468 2831 altera
2499 2778 2584 2834 die
2619 2781 2798 2836 turbas
2827 2787 3231 2843 transfretantes
3254 2791 3492 2846 abiisse?
3522 2794 3680 2848 Aliud

2100 2866 2370 2936 quidpiam
2404 2885 2500 2923 nos
2530 2871 2644 2925 vult
2672 2874 2886 2931 docere.
2911 2877 3046 2944 Quid
3076 2880 3248 2935 illud?
3277 2883 3546 2939 Christum
3582 2888 3681 2940 etsi

2101 2971 2207 3011 non
2233 2959 2427 3027 palam,
2461 2963 2762 3018 clanculum
2789 2976 2963 3022 tamen
2997 2972 3166 3026 turbis
3210 2974 3259 3027 id
3305 2978 3681 3045 suspicandum

2102 3051 2382 3121 reliquisse
2415 3071 2427 3107 :
2459 3070 2579 3109 nam
2608 3057 2682 3110 ait
2710 3074 2724 3111 :
2766 3059 2897 3113 Vidit
2929 3063 3074 3116 turba
3094 3106 3108 3129 ,
3137 3067 3256 3135 quia
3302 3071 3537 3123 navicula
3579 3073 3682 3125 alia

2101 3157 2200 3195 non
2230 3153 2336 3196 erat
2360 3145 2427 3197 ibi
2452 3186 2467 3211 ,
2492 3147 2587 3200 nisi
2620 3164 2760 3214 una;
2787 3160 2840 3205 et
2869 3154 3008 3221 quod
3036 3155 3191 3211 Jesus
3219 3174 3325 3213 non
3354 3163 3682 3217 ascendisset

2100 3248 2220 3287 eum
2266 3236 2369 3291 illis
2395 3277 2409 3301 ,
2452 3248 2504 3292 et
2530 3242 2835 3296 conscensis
2863 3246 3118 3301 naviculis
3147 3265 3211 3302 ex
3252 3250 3550 3319 Tiberiade,
3583 3254 3675 3308 2i.

2110 3322 2361 3380 Venerunt
2415 3327 2733 3399 Capernaum
2781 3348 3055 3404 quwrentes
3098 3339 3296 3399 Jesum.
3356 3345 3490 3411 Quid
3539 3349 3680 3401 enim

2101 3416 2245 3471 aliud
2275 3421 2646 3489 suspicandum
2680 3426 3080 3495 relinquebatur
3102 3473 3115 3496 ,
3146 3450 3302 3503 quam
3350 3440 3490 3506 quod
3536 3458 3682 3496 mare

2101 3507 2325 3576 pedibus
2355 3511 2665 3579 trajiciendo
2696 3517 2972 3573 venisset?
3016 3520 3130 3575 Non
3159 3525 3300 3577 enim
3332 3526 3435 3580 dici
3478 3539 3684 3596 poterat

2101 3599 2273 3668 ipsum
2328 3602 2379 3655 in
2428 3602 2532 3656 alia
2574 3605 2694 3659 navi
2745 3608 3016 3676 trajecisse
3050 3629 3062 3663 :
3094 3628 3213 3666 nam
3266 3614 3418 3681 Una,
3472 3619 3680 3689 inquit,

2102 3701 2217 3745 erat
2266 3693 2318 3747 in
2362 3710 2516 3763 quam
2573 3696 2797 3767 ingressi
2842 3711 2967 3755 sunt
2996 3703 3239 3775 discipuli
3263 3706 3397 3777 ejus.
3433 3712 3680 3768 Attamen

2103 3793 2221 3852 post
2244 3793 2444 3840 tantum
2475 3790 2787 3844 miraculum
2822 3807 2926 3847 non
2956 3795 3350 3868 interrogarunt
3384 3818 3504 3856 eum
3544 3820 3681 3874 quo-

2103 3876 2261 3932 modo
2291 3880 2628 3948 trajecisset,
2661 3899 2762 3938 nec
2814 3885 2881 3940 de
2932 3895 3077 3942 tanto
3127 3894 3384 3949 miraculo
3435 3897 3685 3966 inquisie-

2101 3978 2227 4022 runt
2256 3983 2271 4022 :
2303 3970 2395 4024 sed
2427 3972 2551 4037 quid
2583 3973 2810 4029 dicunt?
2834 3977 2924 4032 25.
2971 3980 3166 4048 Ilabbi,
3199 3986 3401 4049 quando
3446 3988 3542 4040 huc
3586 4005 3685 4043 tte—-

2102 4060 2269 4114 nisti?
2297 4060 2407 4115 Nisi
2435 4065 2551 4132 quis
2578 4067 2805 4122 fortasse
2831 4070 2973 4124 dicat
3015 4073 3101 4127 bic
3152 4075 3365 4139 Quando
3415 4081 3537 4147 poni
3587 4097 3684 4150 pro

2103 4154 2389 4221 quomodo.
3672 4162 3679 4168 ’

2172 4247 2225 4299 2.
2257 4245 2443 4316 Operae
2473 4250 2700 4320 pretium
2724 4262 2901 4309 autem
2930 4268 3013 4311 est
3034 4257 3121 4313 bic
3154 4262 3487 4330 perpendere
3531 4267 3681 4322 volu-

2102 4337 2262 4391 bilem
2296 4338 2508 4393 illorum
2543 4342 2885 4398 voluntatem.
2936 4346 3070 4402 Nam
3111 4351 3198 4419 qui
3247 4351 3533 4424 dixerant,
3583 4358 3685 4413 llic

2103 4437 2173 4481 est
2197 4429 2599 4502 prapheta;qui
2630 4434 2945 4491 studuerant
2971 4439 3118 4493 illum
3167 4457 3356 4511 rapere
3407 4454 3457 4499 et
3505 4463 3682 4517 regem

2104 4536 2255 4575 suum
2284 4523 2612 4579 constituere
2638 4567 2651 4592 ,
2681 4536 2961 4598 postquam
2996 4531 3138 4587 illum
3169 4534 3489 4593 invenerunt
3509 4582 3521 4605 ,
3552 4539 3683 4595 nihil

2105 4611 2411 4683 hujusmodi
2437 4617 2711 4687 cogitant,
2741 4619 2837 4675 sed
2861 4622 3065 4693 abjecta
3110 4626 3351 4682 miraculi
3392 4631 3683 4691 memoria.

2104 4713 2161 4758 ut
2207 4715 2373 4775 puto,
2437 4725 2541 4763 non
2590 4709 2740 4765 illum
2792 4712 2861 4767 ita
2905 4715 3130 4771 ulterius
3160 4720 3440 4775 mirantur.
3472 4723 3537 4776 Et
3566 4723 3686 4779 ideo

2105 4794 2346 4852 fortassis
2395 4799 2543 4854 illum
2590 4802 3008 4872 perquirebant,
3062 4818 3118 4861 ut
3163 4809 3286 4865 cibo
3340 4811 3683 4881 fruerentur,

2106 4886 2242 4941 sicut
2280 4898 2455 4943 antea.
2488 4890 2631 4946 Mare
2655 4891 2894 4948 Rubrum
2924 4898 3245 4966 trajecerunt
3270 4943 3283 4967 ,
3310 4902 3490 4973 Moyse
3517 4905 3649 4959 duce
3668 4947 3683 4972 ,

2106 4975 2313 5044 Judmi;
2346 4979 2439 5035 sed
2468 4996 2656 5051 magna
2686 4983 2773 5038 hic
2816 4996 2930 5039 erat
2957 4987 3283 5044 differentia.
3327 4991 3417 5046 Ille
3458 5009 3688 5064 namque

2108 5086 2331 5138 prqcans
2380 5081 2437 5125 ut
2483 5089 2669 5129 servus
2726 5078 2905 5133 omnia
2956 5079 3215 5147 faciebat;
3266 5082 3351 5137 hic
3397 5099 3524 5140 vero
3567 5102 3686 5143 cum

2107 5163 2251 5215 omni
2284 5172 2570 5231 potestate.
2604 5164 2719 5220 Illic
2746 5167 2907 5224 ﬂante
2934 5181 3060 5225 noto
3082 5173 3245 5226 cessit
3290 5188 3461 5243 aqua,
3516 5176 3585 5230 ita
3637 5188 3691 5235 ut

2107 5266 2203 5322 per
2233 5254 2429 5308 siccum
2463 5258 2688 5312 transire
2715 5260 3016 5327 potuerint;
3047 5261 3133 5316 hic
3163 5272 3337 5318 autem
3378 5266 3551 5337 majus
3594 5269 3691 5326 fuit

2109 5345 2446 5399 miraculum.
2481 5350 2627 5418 Aqua
2658 5351 2799 5403 enim
2825 5353 2874 5405 iu
2919 5367 3013 5405 sua
3062 5368 3285 5409 manens
3333 5367 3517 5414 natura
3545 5401 3560 5427 ,
3615 5363 3691 5417 sic

2110 5435 2390 5490 Dominum
2423 5438 2582 5492 dorso
2608 5454 2704 5494 suo
2752 5442 3016 5510 gestavit,
3067 5444 3265 5500 dictum
3318 5447 3443 5504 illud
3491 5454 3690 5507 conﬁr-

2108 5543 2260 5582 mans
2284 5545 2298 5581 :
2319 5528 2593 5582 Ambulans
2619 5547 2777 5599 supra
2802 5549 2941 5586 mare
2965 5544 3217 5603 tamquam
3242 5556 3397 5610 supra
3425 5544 3687 5611 pavimen-

2108 5628 2214 5671 tum
2245 5620 2379 5690 (Job
2407 5621 2458 5673 9.
2504 5622 2596 5691 8.)
2626 5620 2752 5677 Jure
2789 5630 2964 5680 autem
3012 5628 3065 5681 in
3109 5628 3441 5700 Capernaum
3488 5634 3690 5703 ingres-

2108 5724 2265 5765 surus
2292 5750 2305 5771 ,
2335 5711 2521 5766 duram
2544 5722 2598 5767 et
2619 5712 3016 5788 immorigeram
3043 5722 3342 5793 civitatem,
3372 5724 3685 5781 miraculum
