4104 6156
432 334 537 405 et?

438 478 633 533 pannum
658 462 824 518 edidit
850 477 863 526 ;
894 468 951 513 ut
980 474 1084 513 non
1113 457 1273 512 modo
1301 472 1366 511 ex
1395 454 1663 510 miraculis
1690 467 1810 523 quae
1842 451 1891 505 in
1937 451 2017 505 ci~

433 551 598 608 vitale
621 594 638 620 ,
670 552 762 609 sed
791 552 952 608 etiam
980 566 1049 605 ex
1079 549 1141 604 iis
1170 564 1289 618 qua:
1311 558 1465 603 extra
1487 546 1754 600 civitatem
1782 543 1979 598 fecerat
1997 584 2012 608 ,

436 650 551 714 ejus
578 646 771 700 civium
815 641 1217 712 immorigerum
1265 641 1501 694 animum
1552 636 1835 692 emolliret.
1884 633 2015 689 Nam

434 736 575 806 quod
608 744 768 791 tanta:
803 734 969 790 turbae
992 735 1046 788 in
1075 734 1342 788 civitatem
1363 731 1507 784 illam
1525 728 2014 784 adventarentcum

437 837 581 882 tanto
606 828 852 893 fervore,
883 842 1043 897 quem
1089 825 1318 895 lapidem
1362 839 1468 878 non
1517 821 1906 876 emollit-isset?
1952 821 2017 875 At

435 920 509 974 illi
537 919 670 973 nihil
697 917 998 987 bujusmodi
1039 916 1181 986 passi
1228 924 1390 979 sunt;
1442 913 1535 968 sed
1585 913 1761 968 cibum
1811 913 2016 968 solum-

435 1009 596 1065 modo
621 1023 937 1078 corporeum
966 1007 1279 1076 cupiebant;
1311 1005 1534 1074 ideoque
1571 1018 1600 1057 a
1648 1003 1773 1058 Jesu
1822 1017 2011 1071 repre-

436 1099 759 1155 henduntur.
778 1099 904 1153 Haec
923 1113 1043 1153 cum
1065 1098 1315 1160 sciamus,
1345 1095 1544 1159 dilecti,
1576 1095 1772 1164 gratias
1797 1107 2016 1164 agamus

437 1191 548 1244 Deo
570 1231 585 1254 ,
637 1205 743 1243 non
794 1187 952 1241 modo
988 1202 1086 1256 pro
1124 1185 1463 1240 sensibilihus
1485 1226 1497 1247 ,
1530 1183 1624 1238 sed
1656 1183 1822 1237 multo
1848 1183 2016 1252 magis

438 1295 535 1351 pro
585 1278 947 1348 spiritualibus
993 1276 1166 1331 donis.
1217 1275 1303 1330 Sic
1354 1275 1496 1328 enim
1546 1280 1606 1327 et
1657 1272 1746 1327 ille
1788 1272 1934 1334 vult,
1963 1281 2018 1325 ct

436 1378 655 1440 propter
685 1368 796 1422 lucc
826 1368 911 1421 illa
947 1381 1155 1436 quoque
1184 1365 1308 1427 dat,
1335 1363 1778 1430 sensibilibusque
1821 1364 2014 1430 imper-

436 1460 685 1515 femiores
705 1459 867 1512 allicit
892 1471 945 1512 et
975 1465 1293 1526 praemonet,
1330 1464 1510 1524 utpote
1531 1454 1618 1524 qui
1653 1452 1809 1522 hujus
1831 1453 2011 1506 mundi

432 1552 592 1605 rebus
615 1549 785 1604 adhuc
814 1549 1037 1604 inhient.
1065 1547 1259 1602 Verum
1283 1548 1325 1601 si
1351 1546 1433 1620 his
1456 1545 1709 1615 acceptis,
1742 1545 1794 1598 itt
1823 1544 2013 1599 iisdem

435 1659 468 1711 p
503 1650 812 1704 rsevereut,
862 1638 1324 1710 reprehenduntur
1367 1646 1423 1693 et
1461 1637 1827 1705 increpantur.
1877 1635 2011 1690 Nam

435 1734 721 1805 paralytico
752 1734 877 1787 illud
910 1734 1133 1800 primum
1166 1733 1295 1786 dare
1336 1731 1536 1792 voluit;
1588 1728 1682 1783 sed
1731 1730 1818 1798 qui
1872 1743 2010 1797 prm-

429 1813 610 1880 sentes
636 1833 808 1890 erant,
842 1824 890 1878 id
915 1840 1019 1878 non
1054 1823 1404 1892 patiebantur.
1431 1820 1564 1875 Cum
1596 1820 1738 1875 enim
1768 1819 2009 1887 dixisset,

428 1915 758 1971 licmittuntm
819 1915 908 1969 tibi
951 1925 1187 1985 peccata,
1241 1914 1531 1968 dicebant:
1566 1911 1665 1965 llic
1700 1910 2011 1981 blasphcmat

429 2009 655 2080 (Matth.
685 2010 741 2067 9.
768 2009 821 2062 2.
857 2011 889 2064 5
912 2009 952 2071 ).
1173 2069 1181 2077 _

503 2103 748 2170 Qtuenam
776 2119 806 2156 α
838 2101 942 2156 Deo
974 2102 1185 2171 retanda
1213 2103 1330 2156 sint.
1348 2131 1422 2142 —
1448 2101 1556 2165 Ne,
1590 2116 1770 2171 qumso
1791 2142 1805 2163 ,
1838 2102 2011 2157 simile

428 2195 700 2266 quidpiam
753 2195 1054 2264 patiamur;
1105 2194 1457 2263 spiritualium
1510 2193 1662 2247 nubis
1717 2194 1892 2262 potior
1942 2195 2011 2247 sit

427 2290 587 2344 ratio.
614 2288 828 2356 Quare?
857 2288 987 2355 Quia
1017 2287 1059 2340 si
1091 2286 1383 2355 spiritualia
1412 2286 1623 2353 adsint,
1655 2285 1784 2339 nihil
1829 2285 2006 2340 damni

427 2400 493 2439 cx
520 2383 874 2453 corporalium
903 2380 1194 2450 privatione
1222 2388 1510 2449 sequetur;
1541 2379 1584 2433 si
1636 2379 1840 2442 absint,
1891 2394 2009 2448 qua:

430 2474 588 2529 nobis
614 2473 716 2528 erit
744 2472 914 2542 spes?
939 2486 1057 2541 quae
1085 2469 1419 2524 consolatio?
1448 2470 1783 2539 Quapropter
1809 2485 1906 2538 pro
1931 2470 2009 2526 bis

428 2580 643 2635 semper
669 2564 829 2619 Deum
859 2578 1046 2634 rogare
1071 2569 1316 2632 Oportet,
1339 2571 1393 2615 et
1417 2561 1529 2615 haec
1552 2560 1841 2631 postulare.
1887 2561 2010 2615 ll:re

428 2658 655 2728 petenda
687 2673 806 2712 esse
832 2657 1073 2712 Christus
1094 2654 1294 2709 docuit.
1334 2654 1399 2709 Et
1439 2654 1485 2708 si
1523 2655 1668 2708 illam
1708 2654 2006 2709 orationem

427 2751 789 2811 excutiamus,
844 2747 975 2802 nihil
1018 2749 1069 2800 in
1112 2747 1196 2800 illa
1238 2746 1453 2801 carnale
1500 2747 1864 2816 reperiemus,
1912 2746 2005 2801 sed

429 2842 606 2896 omnia
636 2840 950 2910 spiritualia.
981 2840 1111 2893 Illud
1145 2855 1303 2907 porro
1331 2837 1595 2892 modicum
1623 2838 1818 2892 sensile
1865 2837 2006 2907 quod

429 2933 501 2987 ibi
531 2933 758 3004 petitur,
795 2947 859 2986 ex
888 2931 1048 2986 modo
1078 2930 1354 3000 spirituale
1401 2929 1646 2984 efﬁcitur.
1694 2929 1826 2983 Nam
1876 2929 2006 2983 nihil

429 3025 655 3095 amplius
725 3034 908 3094 petere
974 3038 1134 3094 quam
1204 3037 1392 3092 panem
1445 3021 2006 3089 supersubstantialem

429 3120 451 3190 (
481 3118 664 3173 Matth.
702 3119 755 3171 6.
789 3118 844 3171 11
869 3115 889 3187 )
917 3157 933 3181 ,
967 3114 1067 3168 hoc
1115 3123 1196 3168 est
1219 3156 1233 3179 ,
1273 3112 1669 3183 quotidianum,
1721 3112 2008 3181 spiritualis

1205 338 1481 399 ,ῖυςκΝΝιδ
1520 322 1993 395 ettnvsosroni
2034 336 2350 394 ARCIIIEP.
2389 338 2922 397 CONSTANTINOP.

3609 340 3714 405 2&8

2125 460 2179 505 et
2218 450 2567 522 phiIOSOphici
2611 453 2775 507 animi
2830 452 3008 510 fuerit.
3060 452 3191 520 Quae
3234 468 3363 511 vero
3403 463 3712 528 prmeednnt

2124 542 2403 598 considera
2436 562 2449 598 :
2484 544 2840 614 Sancti/icctur
2882 560 3063 600 nomen
3118 555 3302 611 tuum;
3331 550 3591 629 .adveniat
3628 572 3713 609 re-

2121 651 2279 706 gnum
2297 637 2485 703 ‘tuum;
2513 637 2603 705 ﬁat
2632 639 2863 693 voluntas
2903 650 2991 694 tua
3014 682 3029 708 ,
3081 643 3211 697 sicut
3251 645 3306 699 in
3352 648 3477 702 uelo
3501 690 3517 716 ,
3563 660 3611 704 et
3658 654 3710 707 in

2124 735 2254 778 terra
2294 723 2440 797 (Luc.
2469 727 2556 780 11.
2582 729 2635 782 5.
2666 726 2853 783 Matth.
2884 729 2938 786 6.
2967 730 3020 787 9.
3052 732 3166 804 10).
3202 734 3402 792 Deinde
3427 748 3706 811 postquam

2124 814 2252 868 illud
2281 816 2530 872 sensibile
2558 819 2770 887 posuit,
2802 821 2904 876 hoc
2928 825 3199 891 prmterilo
3227 829 3406 882 statim
3437 833 3501 885 ad
3549 834 3710 902 spiri-

2125 908 2318 963 tualem
2346 909 2642 965 doctrinam
2671 913 2807 967 redit
2840 931 2853 966 :
2896 914 3106 971 Dimitte
3133 918 3275 974 nobis
3305 922 3473 977 debita
3498 935 3671 979 nostra
3690 970 3705 987 .

2121 999 2250 1052 sicut
2277 1010 2320 1053 et
2351 1018 2441 1054 nos
2471 1002 2767 1059 dimittimus
2792 1005 3098 1064 debitoribus
3134 1014 3320 1067 nostris
3373 1014 3604 1087 (Matth.
3649 1021 3704 1074 6.

2122 1089 2255 1157 η).
2284 1090 2398 1146 Non
2428 1095 2778 1164 principatum
2805 1141 2818 1165 ,
2849 1115 2953 1153 non
2984 1099 3198 1159 divitias
3220 1145 3237 1172 ,
3282 1122 3388 1161 non
3436 1109 3661 1179 gloriam
3682 1152 3698 1177 ,

2121 1194 2227 1235 non
2257 1185 2547 1251 potentiam
2574 1227 2589 1251 ,
2620 1187 2716 1242 sed
2747 1191 2924 1244 omnia
2956 1207 3076 1262 qua:
3103 1194 3169 1248 ad
3199 1197 3481 1254 utilitatem
3506 1190 3705 1258 anima:

2120 1273 2467 1328 conferebant
2488 1319 2502 1339 ,
2536 1277 2586 1330 in
2614 1280 2856 1334 oratione
2885 1283 3062 1350 posuit
3090 1301 3104 1337 :
3135 1285 3265 1341 nihil
3290 1296 3584 1357 terrenum,
3607 1293 3702 1348 sed

2119 1365 2298 1419 omnia
2328 1367 2581 1422 emlestia.
2610 1369 2663 1425 Si
2691 1385 2819 1440 ergo
2838 1373 3089 1443 juhemur
3114 1378 3383 1438 abstinere
3411 1398 3437 1437 a
3471 1401 3704 1454 praesen-

2121 1455 2259 1510 tibus
2290 1456 2443 1527 hujus
2473 1462 2594 1515 vitae
2617 1464 2809 1531 rebus,
2840 1482 2997 1536 quam
3026 1470 3207 1526 miseri
3237 1474 3436 1528 erimus
3458 1519 3472 1540 ,
3519 1493 3562 1532 δι
3609 1479 3700 1535 illa

2118 1557 2363 1617 petamus
2383 1566 2411 1605 a
2437 1552 2565 1621 Deo,
2598 1570 2716 1624 qua:
2737 1558 2781 1611 si
2807 1557 3119 1629 habeamus,
3155 1563 3244 1619 ille
3265 1564 3695 1637 jussitabjicere,

2118 1652 2175 1695 ut
2206 1659 2302 1699 nos
2328 1661 2358 1699 a
2388 1649 2530 1703 curis
2559 1650 2786 1718 eximat;
2828 1663 2883 1708 et
2920 1655 2963 1708 si
2996 1672 3116 1726 qua:
3156 1658 3242 1713 ille
3285 1668 3471 1729 petere
3499 1662 3693 1731 jussit,

2120 1736 2266 1791 nullo
2291 1738 2449 1793 modo
2477 1756 2747 1809 curemus,
2776 1747 2883 1801 imo
2904 1763 2972 1802 ne
2991 1750 3265 1820 cupiamus
3289 1753 3501 1822 quidem
3523 1755 3546 1808 ’ἒ
3565 1756 3694 1811 Illud

2117 1836 2264 1883 certe
2288 1839 2370 1884 est
2385 1835 2652 1901 superﬂue
2669 1837 2832 1907 loqui.
2854 1840 3189 1912 Quapropter
3203 1845 3404 1900 orando
3426 1847 3552 1902 nihil
3577 1863 3696 1917 pcr-

2118 1920 2344 1976 ﬁcimus.
2368 1923 2649 1991 Quomodo
2676 1944 2824 1999 ergo,
2857 1931 3062 2003 inquies
3087 1976 3101 2001 ,
3135 1935 3369 2005 improbi
3389 1937 3696 1994 ditcscum?

2116 2013 2387 2078 quomodo
2409 2016 2609 2087 iniqui,
2642 2021 2893 2088 scelesti,
2930 2034 3208 2092 raptores,
3252 2036 3379 2083 sunt
3416 2032 3697 2099 opulenti?

2116 2100 2230 2155 Non
2278 2103 2384 2159 Deo
2413 2108 2683 2176 praebente
2708 2153 2722 2177 ,
2752 2113 2908 2168 absit.
2938 2115 3118 2189 Et_eur
3145 2119 3193 2170 id
3218 2119 3369 2174 Dens
3398 2124 3698 2190 permittit?

2116 2190 2363 2249 Permisit
2387 2207 2441 2252 et
2467 2197 2643 2266 diviti,
2679 2210 2736 2256 nt
2756 2203 2821 2258 ad
2851 2206 3018 2275 majus
3040 2207 3186 2262 illum
3218 2225 3521 2269 reservaret
3565 2230 3695 2285 sup-

2117 2283 2351 2351 plicium.
2380 2288 2515 2343 Audi
2543 2293 2668 2360 quid
2697 2292 2906 2349 dicatur
2951 2298 3024 2351 illi
3059 2315 3074 2352 :
3104 2298 3210 2353 Fili
3229 2343 3243 2368 ,
3286 2306 3526 2373 accepisti
3567 2283 3697 2360 bona

2116 2383 2232 2437 tun,
2262 2385 2306 2430 et
2335 2377 2564 2434 Lazarus
2600 2384 2735 2437 mula
2761 2400 2780 2437 :
2807 2403 2941 2441 nunc
2968 2396 3136 2443 autem
3164 2392 3246 2445 hic
3269 2395 3563 2450 consolatur
3585 2438 3598 2460 ,
3641 2408 3695 2450 tu

2115 2482 2229 2519 vero
2260 2470 2501 2525 cruciaris
2533 2472 2696 2545 (Luc.
2724 2476 2809 2531 16.
2836 2477 2906 2532 25
2928 2477 2969 2547 ).
3002 2480 3081 2535 Ne
3105 2490 3282 2537 autem
3326 2484 3379 2538 et
3422 2499 3518 2539 nos
3560 2485 3696 2541 hanc

2117 2572 2300 2612 vocem
2327 2561 2636 2629 audiamus,
2670 2568 2757 2635 qui
2790 2567 2841 2621 iu
2887 2568 3092 2625 deliciis
3134 2572 3327 2629 frustra
3370 2577 3597 2633 vivimus
3642 2587 3696 2633 et

2116 2660 2327 2718 peccata
2360 2654 2592 2721 peccatis
2618 2656 2866 2714 addimus
2886 2702 2900 2727 ,
2933 2677 3087 2718 veras
3111 2664 3323 2722 divitias
3345 2709 3361 2735 ,
3392 2679 3693 2724 accutatam

2116 2741 2504 2812 pltiIoSOphiam
2535 2755 2839 2816 sectemur,
2893 2762 2948 2805 ut
2999 2758 3256 2823 promissa
3305 2772 3696 2830 consequamur

2117 2824 2289 2900 boua';
2320 2851 2546 2906 quorum
2578 2839 2775 2895 utinam
2804 2858 3081 2901 consortes
3109 2847 3296 2914 simus,
3326 2852 3493 2921 gratia
3520 2862 3575 2907 et
3606 2853 3698 2909 he-

2117 2930 2373 2998 uignitate
2409 2933 2613 2986 Domini
2648 2940 2813 2990 nostri
2843 2938 2971 2994 Jesu
3001 2939 3237 3007 Christi,
3290 2960 3385 3013 per
3430 2961 3586 3016 quem
3639 2959 3694 3003 et

2115 3034 2235 3073 cum
2259 3037 2365 3090 quo
2392 3022 2532 3077 Patri
2560 3026 2726 3095 gloria
2757 3071 2772 3094 ,
2805 3046 3014 3102 unaque
3039 3042 3225 3088 sancto
3251 3034 3502 3105 Spiritui,
3552 3055 3692 3095 nunc

2114 3120 2169 3165 et
2197 3127 2412 3182 semper
2436 3156 2450 3181 ,
2480 3125 2533 3170 et
2559 3118 2610 3171 in
2640 3120 2833 3175 saecula
2862 3124 3197 3179 saeculorum.
3223 3130 3415 3181 Amen.

442 3250 3693 3282 Wa

1788 3322 2134 3383 HOMILIA
2178 3322 2398 3385 XLIV.

430 3468 656 3531 CAP..6.
698 3487 747 3526 v.
778 3470 868 3525 ‘26.
903 3467 1182 3541 Respondit
1226 3467 1297 3521 eis
1319 3467 1490 3532 Jesus,
1531 3477 1578 3521 et
1617 3467 1743 3521 dixit
1768 3483 1787 3520 :
1813 3463 2007 3531 Amen,

499 3577 644 3615 amen
666 3560 778 3614 dico
799 3560 957 3625 uobis,
977 3558 1199 3630 qua'ritis
1221 3574 1318 3623 nte,
1342 3574 1440 3611 non
1469 3559 1589 3628 quia
1617 3557 1812 3611 uidistis
1841 3558 2008 3626 signa,

500 3655 589 3709 sed
616 3655 733 3725 quia
763 3652 1104 3706 manducastis
1149 3667 1211 3705 ea:
1246 3650 1493 3721 panibus,
1540 3659 1588 3703 et
1634 3649 1848 3703 saturati
1872 3650 2008 3703 estis.

500 3752 591 3804 27.
627 3748 917 3819 Operemini
959 3763 1059 3800 non
1090 3745 1255 3799 cibum
1279 3747 1361 3816 qui
1385 3747 1548 3816 perit,
1577 3746 1671 3799 sed
1692 3746 1780 3815 qui
1808 3761 2007 3815 permu-

503 3851 584 3896 net
612 3842 666 3894 iu
693 3840 847 3894 vitam
874 3846 1132 3893 aeternam.

506 3936 556 3988 1.
585 3930 877 3987 Clementia
905 3936 961 3984 et
998 3928 1191 3983 lenitas
1234 3944 1338 3983 non
1377 3928 1570 3998 ubique
1601 3927 1745 3983 utilis
1773 3937 1887 3993 est,
1915 3928 2011 3982 sed

433 4024 699 4083 interdum
731 4022 984 4093 magister
1012 4020 1221 4077 acriore
1248 4037 1383 4092 opus
1405 4021 1563 4077 habet
1584 4036 1852 4078 sermone.
1880 4022 2009 4076 Nam

430 4134 550 4173 eum
601 4116 820 4188 ignavus
871 4114 1207 4185 crassiorque
1249 4122 1330 4169 est
1369 4114 1697 4184 discipulus,
1757 4115 2011 4171 utemlnm

430 4208 668 4272 stimulo,
697 4207 785 4276 qui
817 4215 1013 4261 tantam
1042 4204 1299 4277 ignaviam
1346 4214 1563 4276 pungat.
1593 4205 1647 4260 id
1679 4205 1761 4262 hic
1788 4216 1842 4262 et
1887 4208 2011 4262 alibi

432 4316 575 4369 sazpe
609 4299 728 4355 fecit
772 4298 936 4353 Filius
988 4298 1101 4352 Dei.
1146 4297 1538 4353 Accedentibus
1564 4300 1705 4354 enim
1734 4300 1800 4355 ad
1827 4299 2009 4355 Jesum

433 4393 636 4456 turbis,
684 4390 1020 4445 adulantibus
1044 4432 1059 4456 ,
1096 4389 1500 4461 dicentibusque
1535 4409 1548 4445 :
1584 4391 1747 4447 Rabbi
1767 4431 1780 4459 ,
1810 4394 2012 4462 quando

433 4488 530 4538 huc
558 4483 775 4539 venisti?
806 4491 862 4536 ut
887 4481 1134 4537 ostendat
1172 4496 1231 4536 se
1263 4482 1496 4538 honores
1533 4493 1877 4539 contemnere
1908 4485 2008 4539 lto-

432 4577 636 4632 minum
662 4615 676 4638 ,
706 4581 761 4627 et
803 4587 987 4627 eorum
1035 4580 1237 4626 tantum
1270 4572 1496 4626 salutem
1540 4586 1783 4642 spectare
1805 4616 1820 4642 ,
1851 4592 2010 4647 aspe-

431 4666 544 4720 rius
575 4661 895 4730 respondet,
927 4676 1032 4716 non
1057 4669 1116 4715 ut
1140 4661 1371 4731 corrigat
1393 4662 1583 4727 modo;
1621 4664 1715 4718 sed
1745 4672 1802 4718 ut
1827 4680 2011 4720 eorum

435 4762 669 4808 mentem
692 4750 891 4805 revelet
922 4760 975 4805 et
1001 4751 1053 4805 in
1081 4751 1312 4807 medium
1336 4751 1550 4808 referat.
1576 4753 1714 4819 Quid
1741 4770 1883 4810 emm
1906 4757 2012 4811 ait?

434 4844 591 4898 Amen
613 4885 627 4907 ,
658 4857 804 4896 amen
826 4840 939 4895 dico
965 4841 1121 4907 vobis,
1155 4841 1455 4899 deﬁnientis
1480 4853 1535 4900 et
1559 4844 1871 4902 aﬂirmantis
1895 4862 2015 4902 mo-

433 4951 512 4998 re,
542 4934 766 5008 queritis
785 4950 895 4996 me,
924 4950 1024 4988 nou
1045 4934 1165 5005 quia
1190 4933 1386 4990 vidistis
1424 4936 1590 5007 signa,
1619 4937 1707 4991 sed
1733 4939 1852 5009 quia
1879 4955 2016 4994 com-

434 5028 606 5083 edistis
648 5027 712 5081 de
749 5025 998 5097 panibus,
1039 5034 1087 5081 et
1136 5028 1349 5081 saturati
1391 5029 1527 5082 estis.
1576 5028 1692 5084 Non
1753 5028 1823 5086 ita
1857 5032 2017 5089 vehe-

436 5127 676 5185 menter,
707 5116 801 5174 sed
841 5133 964 5173 cum
1010 5116 1337 5188 indulgentia
1367 5119 1494 5190 agit.
1526 5120 1641 5175 Non
1671 5121 1813 5177 enim
1838 5122 1973 5178 dixit
1999 5140 2014 5178 :

435 5209 481 5262 0
509 5209 755 5265 lurcoues
779 5250 793 5274 ,
827 5224 860 5264 ο
889 5209 1147 5265 voraces!
1189 5217 1267 5264 tot
1310 5210 1560 5266 miracula
1588 5212 1768 5280 edidi,
1800 5230 1898 5270 nec
1926 5229 2017 5271 se-

436 5301 585 5371 quuti
617 5318 702 5357 me
726 5344 741 5369 ,
774 5318 873 5359 nec
911 5303 1148 5375 prodigia
1174 5303 1421 5359 admirati
1464 5306 1624 5372 estis;
1651 5307 1745 5362 sed
1771 5308 2018 5365 modera-

442 5391 545 5444 tius
573 5400 628 5446 et
668 5393 1013 5460 clementius,
1070 5395 1309 5463 Qureritis
1357 5413 1473 5465 nte,
1519 5415 1619 5453 non
1656 5401 1776 5469 quia
1823 5402 2017 5456 vidistis

443 5481 610 5550 signa,
636 5483 723 5534 sed
746 5483 865 5552 quia
892 5487 1176 5541 comedistis
1200 5486 1262 5541 de
1290 5488 1523 5556 panibus,
1553 5498 1598 5542 et
1626 5491 1841 5544 saturati
1861 5492 1979 5546 estis
1996 5532 2012 5558 ,

445 5587 549 5624 non
578 5570 643 5624 de
672 5575 952 5640 praneritis
977 5577 1172 5644 solum,
1196 5578 1288 5634 sed
1312 5579 1474 5634 etiam
1499 5580 1567 5634 de
1590 5582 1836 5649 prteseuti
1865 5581 2019 5652 signo

445 5662 702 5732 loquens;
731 5677 794 5719 ae
821 5664 867 5719 si
892 5664 1094 5721 diceret
1124 5684 1137 5719 :
1168 5666 1283 5723 Non
1305 5685 1400 5725 vos
1425 5670 1740 5726 miraculum
1767 5671 2016 5742 perculit,

446 5751 542 5809 scd
570 5751 693 5825 quia
718 5756 939 5811 saturati
984 5756 1115 5813 estis
1138 5796 1153 5826 ,
1181 5763 1451 5818 acceditis.
1486 5763 1637 5830 Quod
1684 5774 1859 5822 autem
1888 5764 2018 5822 illud

2118 3481 2223 3522 non
2252 3483 2347 3539 per
2373 3472 2733 3542 conjecturam
2764 3479 2985 3551 diceret,
3009 3488 3186 3542 statim
3219 3489 3293 3545 illi
3323 3494 3693 3551 ostenderunt.

2114 3559 2247 3615 Nam
2288 3563 2411 3620 ideo
2439 3584 2647 3624 rursum
2676 3584 3051 3645 accesserunt,
3097 3588 3154 3634 ut
3180 3582 3366 3638 eodem
3399 3586 3698 3644 fruerentur

2118 3651 2277 3707 bnnn.
2312 3655 2433 3712 Ideo
2460 3674 2688 3731 namque
2722 3662 2970 3720 dicebant
3008 3685 3022 3721 :
3057 3667 3240 3726 Patres
3279 3677 3437 3729 nostri
3470 3680 3697 3734 comede-

2088 3754 2233 3801 .runt
2258 3750 2511 3804 mmmaiu
2539 3752 2735 3807 deserto
2766 3755 2941 3823 (Joau.
2972 3759 3025 3814 6.
3050 3762 3161 3833 51).
3198 3764 3402 3821 Rursus
3429 3770 3695 3824 carnalem

2096 3836 2291 3892 cibum
2322 3851 2596 3911 expetunt,
2629 3861 2740 3901 rem
2775 3862 2904 3905 sane
2951 3854 3129 3909 multa
3160 3859 3581 3927 reprehensione
3611 3864 3699 3918 di-

2115 3942 2295 3996 gnam.
2316 3931 2510 3987 Verum
2536 3936 2624 3991 ille
2646 3955 2751 3993 non
2779 3942 2831 3995 in
2855 3944 3275 4012 reprehensione
3296 3952 3434 4006 sistit
3452 3955 3697 4023 gradum,

2118 4018 2212 4073 sed
2242 4020 2537 4079 doctrinam
2566 4026 2749 4097 adjicit
2793 4032 2876 4087 his
2920 4034 3096 4090 verbis
3128 4051 3142 4086 :
3179 4018 3479 4108 Operemiui
3498 4062 3601 4099 non
3628 4018 3701 4101 ci;

2120 4112 2235 4165 bum
2284 4115 2370 4182 qui
2419 4118 2567 4185 perit,
2594 4120 2684 4173 sed
2715 4122 2804 4190 qui
2838 4136 3094 4192 permanet
3126 4127 3180 4180 in
3224 4130 3376 4183 vitam
3419 4145 3659 4190 aeternam
3681 4180 3695 4201 ,

2117 4220 2266 4274 quem
2288 4204 2458 4262 Filius
2483 4210 2699 4265 hominis
2721 4215 2807 4267 dat
2826 4215 2980 4269 vobis.
3012 4214 3164 4271 lluuc
3189 4220 3321 4273 enim
3352 4220 3504 4278 Pater
3527 4227 3700 4297 signa-

2118 4296 2186 4349 vit
2216 4295 2372 4351 Deus.
2416 4298 2472 4353 ld
2501 4309 2622 4364 est,
2668 4301 2745 4357 Ne
2777 4305 2933 4359 talem
2978 4308 3197 4375 cibum,
3242 4312 3336 4367 sed
3368 4295 3696 4384 spiritualcm

2119 4388 2335 4442 curetis.
2384 4389 2576 4445 Verum
2607 4394 2726 4463 quia
2775 4397 3047 4462 nonnulli,
3079 4410 3138 4453 ut
3167 4403 3335 4458 otiose
3359 4407 3569 4473 vivant,
3599 4409 3700 4466 hoc

2119 4494 2366 4536 sermone
2383 4482 2689 4551 abutuntur,
2711 4502 2785 4566 ac.
2801 4488 2846 4543 si
2872 4488 3118 4548 Christus
3138 4509 3270 4564 opus
3296 4513 3549 4556 manuum
3578 4518 3698 4558 sus-

2121 4570 2340 4665 tulerit:
2363 4585 2662 4645 opportune
2698 4579 2824 4647 ipsis
2864 4583 3282 4653 respondeatur;
3314 4597 3480 4646 totum
3507 4595 3700 4665 quippe

2119 4661 2584 4720 Christianismum
2620 4669 3045 4735 calumniantur,
3081 4682 3136 4728 et
3166 4674 3218 4730 id
3248 4661 3700 4748 efﬁciunt,_utex

2120 4751 2323 4809 desidia
2368 4756 2690 4813 traducatur.
2735 4760 2840 4814 Sed
2889 4762 3062 4831 primo
3125 4766 3320 4823 Paulus
3383 4774 3699 4829 audiendus.

2120 4842 2257 4910 Quid
2288 4846 2380 4900 ille
2427 4848 2539 4902 ait?
2584 4850 2945 4907 Recardamini
2972 4854 3184 4912 Domini
3210 4860 3442 4931 dicentis,
3497 4864 3703 4921 Bantius

2122 4945 2191 4992 est
2245 4937 2369 4993 dare
2403 4957 2555 5010 quant
2596 4946 2825 5014 accipere
2853 4946 3007 5018 (Act.
3049 4950 3140 5006 20.
3170 4953 3303 5025 55).
3362 4958 3524 5028 Atqui
3564 4961 3705 5015 unde

2121 5032 2213 5088 det
2239 5034 2329 5104 qui
2362 5035 2492 5089 nihil
2526 5036 2723 5093 habet?
2747 5038 3028 5106 Quomodo
3055 5058 3184 5115 ergo
3213 5046 3431 5104 Martha:
3460 5051 3590 5106 dicit
3616 5053 3706 5108 Je-

2122 5141 2215 5182 sus
2238 5143 2252 5179 :
2278 5126 2514 5182 Sollicita
2542 5146 2595 5183 es
2618 5139 2666 5184 et
2688 5132 2904 5186 turbaris
2924 5149 3044 5203 erga
3071 5136 3294 5205 plurima
3324 5156 3343 5194 :
3371 5158 3524 5210 porro
3550 5158 3704 5196 unum

2123 5228 2195 5273 est
2214 5221 2580 5285 necessarium;
2602 5220 2773 5276 Maria
2789 5225 3034 5293 optimam
3054 5237 3248 5294 partem
3268 5230 3415 5300 elegit
3437 5230 3586 5299 (Luc.
3617 5232 3705 5287 10.

2123 5310 2213 5364 41.
2244 5311 2393 5383 42)⁴ἶ
2421 5320 2474 5367 et
2518 5328 2736 5378 rursus,
2783 5312 2961 5369 Nolite
3005 5317 3213 5371 solliciti
3256 5335 3362 5372 esse
3399 5319 3461 5371 de
3486 5322 3710 5378 crastino

2125 5401 2144 5475 (
2174 5401 2358 5459 Matth.
2394 5405 2447 5460 6.
2475 5404 2602 5478 54)?
2628 5404 2819 5476 Operae
2849 5409 3074 5476 pretium
3103 5409 3265 5467 fuerit
3289 5411 3355 5465 ad
3385 5410 3500 5467 inec
3530 5416 3710 5470 omnia

2124 5496 2470 5565 respondere,
2501 5512 2606 5552 non
2629 5498 2791 5554 modo
2817 5510 2875 5555 ut
2898 5503 3080 5571 pigros
3107 5504 3426 5573 excitemus,
3459 5507 3504 5561 si
3532 5515 3706 5562 tamen

2124 5584 2323 5649 velint;
2346 5586 2441 5640 sed
2465 5588 2624 5642 etiam
2653 5605 2721 5645 ne
2747 5590 3023 5663 Scriptura
3052 5593 3237 5649 divina
3262 5607 3448 5652 secum
3474 5610 3707 5668 pugnare

2125 5672 2388 5729 videatur.
2419 5675 2631 5733 Etenim
2659 5679 2784 5737 alibi
2809 5682 2885 5738 ait
2905 5686 3180 5754 apostolus
3205 5701 3221 5740 :
3251 5683 3518 5757 Rogamus
3542 5694 3706 5741 autent

2127 5783 2214 5824 vos
2244 5778 2301 5824 ut
2323 5770 2588 5827 abundetis
2606 5814 2623 5844 ,
2646 5782 2691 5830 et
2710 5790 2918 5847 operum
2945 5776 3074 5832 detis
3113 5786 3167 5831 ut
3190 5779 3347 5851 quieti
3382 5779 3516 5841 sitis,
3548 5786 3598 5829 rt
3621 5791 3708 5832 ne-
