4104 6156
441 293 547 349 259

435 393 818 469 κωμῳδεῖσθαι
850 393 1348 464 παρασκευάζουσι,
1411 393 1684 464 Πρότερον
1732 392 1790 469 δέ
1843 395 2016 448 εἰπεῖν

436 486 730 554 ἀναγκαῖον
755 481 814 533 τὸ
842 477 935 530 τοῦ
967 477 1200 532 Παύλου.
1233 479 1298 530 Τί
1326 477 1384 532 δέ
1413 478 1621 541 ἐκεῖνός
1649 495 1818 548 φησι;
1855 481 2018 547 Μνη-

430 562 715 634 μονεύετε
755 557 862 612 τοῦ
895 559 1117 624 Κυρίου
1155 557 1495 625 εἰρηκότοςο
1547 556 1854 624 Μακάριόν
1883 558 2014 612 ἐστι

420 633 664 695 ,διδόναι
694 635 936 706 μᾶλλον
963 635 1000 703 ἢ
1032 635 1378 704 λαμϐάνειν.
1403 633 1594 688 Καίτοι
1620 635 1782 689 πόθεν
1817 635 1884 688 ἂν
1917 637 2013 704 γέ-

432 733 576 771 νοιτο
629 714 824 766 διδόναι
861 711 938 784 τῷ
971 714 1071 766 οὐκ
1111 713 1321 783 ἐχοντι;
1383 713 1507 776 Πῶς
1535 710 1628 766 οὖν
1661 716 1725 784 τῇ
1757 715 1958 785 Μάρθα
1988 717 2016 768 ὁ

442 795 650 867 ΖΙησοῦς
676 791 826 848 εἶπεν
851 809 864 823 ·
898 793 1202 862 Μεριμνςὶς
1235 793 1334 850 καὶ
1355 791 1606 867 τυρϐάζη
1638 793 1770 859 περὶ
1793 793 2012 857 πολλὰ,

345 875 571 941 κοὲνὸς
592 873 660 926 δέ
683 873 816 928 ἐστι
837 875 1010 942 χρεία
1029 889 1042 902 ·
1079 873 1276 941 Μαρία
1296 872 1364 925 δὲ
1395 872 1510 940 τὴν
1551 871 1786 940 ἀγαθὴν
1801 871 2018 940 μερίδα

431 953 752 1020 ἐξελέξατο
777 969 791 983 °
832 953 924 1006 καὶ
965 953 1153 1016 πάλιν,
1192 951 1289 1020 Μὴ
1333 951 1742 1021 μεριμνήσητε
1787 953 1875 1014 εἰς
1902 951 2019 1018 τὴν

431 1035 663 1104 αὔριον.
703 1033 1020 1102 Ἀναγκαῖον
1038 1033 1145 1104 γάρ
1162 1033 1338 1087 πάντα
1358 1033 1452 1087 νῦν
1485 1031 1657 1085 ταῦτα
1689 1031 1940 1085 ἐπιλῦσαι
1961 1045 2010 1097 ο,

433 1115 530 1186 οὐχ
557 1114 644 1167 ἴνα
683 1112 840 1184 μόνον
880 1113 1178 1180 παύσωμεν
1229 1113 1426 1174 αὐτοὺς
1455 1110 1780 1181 ἀργοῦντας,
1812 1113 1861 1164 εἰ
1894 1111 2020 1181 βού-

403 1191 628 1257 -λοιντο,
665 1192 778 1245 ἀλλ’
805 1191 892 1244 ἵνα
926 1192 998 1262 μὴ
1029 1193 1206 1261 μάχην
1235 1192 1474 1259 εἰσάγειν
1505 1189 1627 1247 τινὰ
1660 1189 1924 1260 δείξωμεν
1949 1191 2022 1244 τά

433 1272 587 1340 λόγια
615 1269 709 1324 τοῦ
739 1269 894 1324 Θεοῦ.
931 1271 1039 1325 Καὶ
1065 1272 1170 1340 γὰρ
1196 1271 1288 1323 καὶ
1315 1269 1549 1340 ἀλλαχοῦ
1597 1285 1760 1340 φησιν
1781 1271 1808 1322 6
1855 1269 2016 1322 Ἀπό-

435 1351 617 1414 στολος
640 1367 654 1381 ⁸
691 1347 1158 1418 Παρακαλοῦμεν
1195 1349 1263 1402 δὲ
1303 1348 1458 1419 ὑμᾶς
1485 1350 1874 1417 περισσεύειν
1917 1349 2018 1403 καὶ

432 1429 882 1499 φιλοτιμεῖσθαι,
929 1428 1253 1497 ἡσυχάζειν
1298 1429 1394 1492 καί
1445 1428 1749 1499 πράσσειν
1771 1430 1844 1482 τὰ
1872 1429 2010 1491 ἴδια,

433 1509 532 1562 ἵνα
553 1507 941 1576 εὐσχημόνως
967 1508 1330 1578 περιπατῆτε
1375 1511 1525 1576 πρὸς
1555 1509 1694 1574 τοὺς
1725 1508 1840 1572 ἔξω
1861 1525 1874 1538 ·
1923 1509 2015 1561 καὶ

433 1587 612 1649 πάλιν,
648 1589 700 1637 Ὀ
729 1585 1023 1649 κλέπτων,
1059 1587 1273 1656 μηκέτι
1314 1589 1619 1644 κλεπτέτω
1643 1603 1662 1617 "
1679 1586 1920 1656 μᾶλλον
1949 1587 2016 1641 δὲ

431 1668 689 1720 κοπιάτω
717 1665 1099 1736 ἐργαζόμενος
1130 1667 1257 1732 ταῖς
1295 1666 1472 1732 ἰδίαις
1497 1668 1730 1736 χερσὶν,
1761 1668 1860 1719 ἵνα
1901 1667 2012 1736 ἔχῃ

425 1743 806 1814 μεταδιδόναι
856 1741 936 1807 τῷ
986 1744 1200 1811 χρείαν
1255 1744 1477 1814 ἔχοντι.
1543 1745 1806 1798 Ἐνταῦθα
1853 1747 2016 1814 γάρὸ

433 1824 644 1886 Παῦλος
673 1823 792 1876 οὐδέ
827 1823 1010 1886 ἁπλῶς
1038 1822 1370 1892 ἐργάζεσθαι
1392 1825 1697 1890 ἐκέλευσεν,
1733 1825 1845 1878 ἀλλ’
1875 1825 2016 1880 οὕτω

435 1903 573 1974 μετὰ
599 1902 781 1966 πόνου,
806 1902 877 1963 ὡς
902 1901 1042 1971 ἔχειν
1071 1903 1318 1956 ἐντεῦθεν
1340 1905 1431 1956 καὶ
1458 1903 1628 1974 ἑτέρῳ
1655 1904 2012 1974 μεταδιδόναι.

433 1983 543 2035 Καὶ
579 1981 800 2050 ἑτέρωθι
843 1981 1000 2034 πάλιν
1033 1983 1061 2032 ὁ
1087 1981 1247 2044 αὐτὸς
1290 1982 1456 2050 λέγει,
1491 1982 1624 2048 Ταῖς
1653 1985 1878 2054 χρείαις
1896 2001 2015 2051 μου

432 2061 530 2114 καί
561 2059 682 2125 τοῖς
709 2055 848 2114 οὖσι
869 2058 994 2128 μετ’
1015 2058 1162 2126 ἐμοῦ
1187 2059 1576 2128 ὑπηρέτησαν
1602 2065 1658 2114 αί
1689 2062 1885 2130 χεῖρες
1907 2058 2014 2116 ιιῦ-

431 2156 544 2192 ται.
583 2139 690 2193 Καὶ
719 2137 1026 2210 Κορινθίοις
1070 2139 1126 2190 δέ
1169 2139 1498 2192 ἐπιστέλλων
1543 2139 1729 2208 ἔλεγε·
1769 2143 1864 2205 Τίς
1903 2139 2016 2196 οὗν

425 2218 532 2286 μοί
559 2217 728 2270 ἐστιν
757 2220 788 2270 ό
809 2217 1057 2286 μισθόιῃ
1089 2217 1222 2269 Ἵνα
1245 2217 1762 2287 εὐαγγελιζόμενος
1784 2221 2014 2274 ἀδάπα-

430 2314 544 2350 νον
565 2295 729 2362 θήσω
748 2294 1208 2364 τὸΕὐαγγέλιον.
1249 2298 1357 2349 Καὶ
1390 2301 1446 2350 ἐν
1475 2301 1540 2368 τῇ
1566 2298 1720 2350 πόλει
1751 2299 1808 2352 δὲ
1831 2300 2014 2372 ἐκείνῃ

431 2375 741 2444 γενόμενος.
777 2375 984 2441 Ἔμενε
1010 2375 1160 2442 πρὸς
1212 2375 1464 2428 Ἀκύλαν
1493 2377 1593 2430 καὶ
1617 2377 2010 2446 Πρίσκιλλαν,

432 2457 529 2510 καὶ
559 2455 868 2524 εἰργάζετο.
893 2449 1088 2508 1rHa’cw
1108 2454 1219 2522 γὰρ
1247 2456 1598 2524 σκηνοποιοὶ
1624 2457 1738 2525 τὴν
1768 2457 2008 2528 τέχνην,

445 2535 604 2588 Ἀλλὰ
637 2533 807 2588 ταῦτα
836 2533 933 2604 τὴν
969 2533 1148 2604 μάχην
1192 2535 1430 2588 δείκνυσι
1478 2535 1836 2606 σφοδροτέραν
1875 2538 2014 2591 κατὰ

431 2613 495 2667 τὸ
515 2615 694 2685 ῥητόν.
731 2612 936 2666 Οὐκοῦν
959 2613 1168 2682 ἀνάγκη
1193 2613 1375 2665 λοιπὸν
1405 2615 1498 2684 τὴν
1519 2612 1670 2666 λύσιν
1693 2617 2009 2683 ἐπαγαγεῖν.

503 2692 568 2744 Τί
594 2687 686 2745 οὖν
721 2690 785 2744 ἂν
822 2691 1066 2758 εἴποιμεν
1101 2691 1236 2758 πρὸς
1281 2690 1490 2754 ταῦτα;
1540 2693 1659 2744 Ὅτι
1706 2691 1766 2741 τὸ
1815 2693 1887 2762 μὴ
1921 2709 2016 2762 με-

436 2773 632 2842 ριμνᾷν
655 2771 716 2822 οὐ
745 2769 804 2820 τὸ
832 2773 904 2838 μὴ
941 2768 1266 2836 ἐργάζεσθαί
1297 2770 1463 2832 ἐστιν,
1485 2769 1690 2822 ani-:2)
1707 2769 1780 2840 μὴ
1805 2788 2012 2842 προση-

435 2851 637 2903 λῶσθαι
683 2851 790 2912 τοῖς
845 2849 1113 2916 βιωτικοῖς
1161 2849 1484 2918 πράγμασισ
1531 2856 1798 2912 τουτέστι,
1838 2850 1897 2901 τὸ
1939 2850 2014 2922 μὴ

439 2929 703 2983 ποιεῖσθαι
732 2926 981 2997 φροντίδα
1015 2927 1140 2998 περὶ
1172 2930 1272 2994 τῆς
1304 2929 1382 2989 εἰς
1413 2926 1598 2996 αὔριον
1627 2927 2012 2995 ἀναπαύσεως,

436 3008 574 3062 ἀλλὰ
603 3007 873 3077 πάρεργον
929 3005 1094 3075 αὐτὴν
1145 3001 1283 3057 εἶναι
1317 3005 1577 3075 νομίζειν.
1641 3006 1855 3057 ’Ἑνεστι
1903 3007 2013 3078 γὰρ

437 3089 529 3142 καὶ
560 3089 918 3156 ἐργαζόμενον
943 3125 957 3148 ,
993 3083 1156 3154 μηδὲν
1187 3085 1265 3144 εἰς
1294 3083 1392 3152 τὴν
1425 3083 1616 3154 αὐρον
1646 3084 2012 3154 θησαυρίζειν,

437 3167 533 3218 καὶ
577 3167 778 3217 ἐνεστιν
833 3163 1218 3232 ἐργαζόμενον,
1254 3162 1418 3232 μηδὲν
1473 3165 1760 3233 μεριμνᾷν.
1795 3165 1868 3215 Οὐ
1907 3163 2014 3236 γὰρ

435 3244 630 3297 ταύτόν
675 3243 789 3294 ἐστι
823 3241 1062 3312 μέριμνα
1098 3240 1189 3292 καὶ
1223 3241 1474 3312 ἐργασία.
1508 3241 1644 3294 Οὐδὲ
1689 3243 1796 3314 γάρ
1837 3242 1910 3306 ῶς
1939 3243 2016 3314 τῷ

439 3324 582 3396 ἔργῳ
633 3319 848 3391 θαρρῶν
889 3319 1178 3390 ἐργάζεταί
1239 3338 1342 3382 τις,
1403 3321 1518 3374 ἀλλ’
1557 3320 1644 3374 ἵνα
1677 3320 1890 3392 μεταδῷ
1939 3323 2015 3392 τῷ

437 3404 623 3474 χρείαν
649 3401 842 3471 ἔχοντι.
893 3399 1001 3452 Καὶ
1033 3399 1093 3450 τὸ
1123 3400 1257 3471 πρὸς
1287 3399 1518 3470 Μάρθαν
1551 3399 1606 3452 δέ
1633 3401 1922 3472 εἰρημένον
1953 3401 2014 3453 οὐ

437 3483 565 3553 περί
594 3480 754 3552 ἔργου
787 3479 880 3532 καὶ
929 3478 1189 3550 ἐργασίας
1223 3479 1388 3542 ἐστὶν,
1439 3479 1574 3532 ἀλλὰ
1609 3481 1738 3550 περὶ
1777 3477 1869 3531 τοῦ
1907 3479 2015 3532 δεῖν

435 3560 622 3631 καιρὸν
667 3559 904 3621 εἰδέναι,
943 3560 1038 3611 καὶ
1087 3556 1161 3628 μὴ
1205 3557 1296 3609 τὸν
1327 3557 1429 3626 τῆς
1467 3558 1784 3628 ἀκροάσεως
1825 3557 2015 3628 χρόνον

439 3640 574 3706 πηὸς
605 3638 674 3692 τὰ
708 3636 1085 3710 σαρκικώτερα
1109 3636 1438 3691 ἀναλίσκειν.
1479 3637 1553 3690 Οὐ
1586 3637 1764 3691 τοίνυν
1795 3639 1875 3701 εἰς
1913 3638 2016 3708 ἀρ-

437 3719 561 3786 γίαν
583 3718 751 3788 αὐτὴν
774 3718 1077 3788 ἐμϐάλλων,
1101 3716 1274 3770 ταῦτα
1325 3717 1526 3786 ἔλεγεν,
1563 3718 1700 3770 ἀλλά
1725 3717 2014 3789 προσηλῶν

438 3802 504 3870 τῇ
528 3799 806 3868 ἀκροάσει.
845 3795 1252 3866 Παρεγενόμην,
1289 3797 1476 3866 φησὶν,
1523 3797 1746 3862 διδάξων
1776 3799 1920 3868 ὑμᾶς
1951 3797 2018 3851 τὰ

435 3879 656 3932 δέονταο
691 3877 756 3930 σύ
778 3876 834 3930 δέ
861 3876 990 3946 περὶ
1019 3875 1238 3946 ἄριστον
1287 3877 1624 3940 ἐσπούδακας
1649 3894 1664 3944 ;
1727 3877 2016 3942 ’Υποδέξαη

442 3956 565 4011 σθαί
596 3973 663 4028 με
695 3955 895 4027 βούλει,
922 3955 1016 4008 καὶ
1047 3953 1311 4026 πολυτελῆ
1354 3957 1770 4026 παρασκευάσαι
1809 3956 2014 4028 τράπε-

439 4035 569 4100 ζαν;
616 4035 839 4106 Ἑτέραν
866 4034 1287 4108 παρασκεύασον
1316 4037 1578 4099 ἑστίασιν,
1611 4035 1708 4106 τὴν
1727 4037 1864 4106 μετὰ
1885 4053 2019 4106 προ-

434 4111 635 4183 θυμίας
672 4113 932 4186 ἀκρόασίν
966 4133 1056 4186 μοι
1082 4115 1454 4189 παρεχομένη,
1506 4115 1600 4168 καὶ
1627 4119 1717 4167 τὸν
1741 4115 1837 4184 τῆς
1865 4114 2019 4168 ἀδελ-

433 4194 542 4264 φῆς
573 4195 878 4268 μιμουμένη
913 4195 1095 4252 πόθον.
1146 4196 1283 4250 Οὔτε
1318 4192 1410 4250 οὖν
1447 4195 1546 4266 τὴν
1583 4191 1886 4264 φιλοξενίαν
1913 4211 2019 4247 κω-

434 4273 576 4328 λύων
611 4273 786 4328 ταῦτα
809 4274 991 4346 ἔλεγεν
1013 4295 1026 4308 ·
1067 4277 1244 4346 ἄπαγε
1265 4293 1278 4307 ·
1333 4275 1448 4340 πῶς
1479 4277 1626 4346 γάρ;
1661 4274 1797 4328 ἀλλά
1840 4273 1903 4327 τὸ
1938 4275 2012 4346 μὴ

431 4354 541 4408 δεῖν
562 4356 619 4406 ἐν
647 4354 962 4425 ἀκροάσεως
991 4357 1170 4427 καιρῷ
1193 4357 1320 4426 περὶ
1353 4357 1515 4424 ἐτερα
1556 4355 1910 4426 ἡσχολῆσθαι.
1939 4354 2013 4407 Τὸ

430 4433 490 4488 δέ
527 4433 727 4502 λέγειν,
757 4434 855 4502 Μὴ
903 4435 1217 4504 ἐργάζεσθε
1245 4435 1360 4499 τὴν
1409 4434 1646 4503 ,βρῶσιν
1677 4433 1793 4500 τὴν
1824 4434 2016 4488 ἀπολ-

430 4511 724 4580 λυμένην,
763 4513 912 4584 [260]
961 4513 1022 4566 οὐ
1071 4513 1230 4566 τοῦτό
1263 4515 1408 4566 ἐστιν
1441 4511 1834 4580 αἰνιττομένου,
1871 4511 2012 4563 ὥστε

430 4589 542 4642 δεῖν
571 4591 760 4662 ἀργεῖν
779 4608 793 4621 η
825 4591 920 4645 καὶ
945 4591 1053 4661 γὰρ
1083 4595 1178 4645 καὶ
1205 4590 1361 4644 τοῦτο
1389 4591 1625 4661 μάλιστα
1666 4589 2012 4658 ἀπολλυμένη

435 4665 638 4738 βρῶσίς
667 4670 802 4722 ἐστι·
837 4666 1080 4738 (Πᾶσαν
1105 4668 1213 4741 γὰρ
1253 4669 1367 4738 τὴν
1392 4669 1610 4724 κακίαν
1669 4667 1944 4730 ἐδίδαξεν
1975 4667 2012 4735 ἠ

430 4749 631 4818 ἀργία)
649 4765 662 4779 ·
681 4749 795 4803 ἀλλ’
825 4750 964 4806 ὥστε
991 4752 1315 4824 ἐργάζεσθαι
1336 4751 1429 4806 καὶ¹
1461 4749 1815 4824 μεταδιδόναι,
1844 4747 2016 4802 Τοῦτο

431 4827 544 4898 γὰρ
588 4827 688 4882 οὐκ
725 4822 1066 4900 ἀπολλυμένη
1101 4829 1303 4902 βρῶσίς
1333 4833 1449 4884 ἐστι
1495 4827 1700 4881 λοιπόν.
1763 4822 1824 4902 ῌί
1847 4826 1904 4879 δέ
1931 4847 2016 4893 τις

433 4905 618 4977 ἀργῶν
643 4899 986 4978 γαστρίζοιτο
1020 4899 1113 4962 καῖ
1138 4899 1351 4979 τρυφῆς
1383 4905 1710 4977 ἐπιμελοῖτο,
1745 4899 1899 4970 οὗτος
1916 4907 2014 4979 τὴν

433 4983 636 5056 βρῶσιν
691 4987 980 5059 ἐργάζεται
1027 4987 1125 5057 τὴν
1178 4986 1592 5058 ἀπολλυμένην·
1627 4985 1814 5059 ὥσπερ
1853 4988 1907 5040 εί
1932 5005 2016 5052 τις

431 5063 797 5134 ἐργαζόμενος
823 5064 914 5120 τὸν
939 5065 1170 5138 Χριστὸν
1188 5067 1396 5136 τρέφοι,
1414 5067 1508 5120 καὶ
1539 5067 1766 5132 ποτίζοι,
1801 5068 1893 5122 καὶ
1927 5070 2015 5122 ἐν-

433 5141 564 5208 δύοι,
598 5145 774 5208 οὐδεὶς
818 5144 990 5210 οὕτως
1035 5145 1360 5218 ἀναίσθητος
1420 5147 1515 5200 καὶ
1564 5147 1780 5218 ἀμαθὴς
1829 5148 1880 5207 1).
1938 5149 2014 5214 ὡς

432 5221 626 5287 εἰπεῖν,
655 5223 1034 5297 ἀπολλυμένην
1061 5224 1262 5296 βρῶσιν
1289 5225 1617 5298 ἐργάξεσθαι
1637 5226 1728 5279 τὸν
1751 5226 2010 5294 τοιοῦτον,

432 5299 500 5351 δι’
525 5301 590 5369 ἣν
611 5302 709 5371 τῆς
745 5302 1022 5372 βασιλείας
1047 5306 1080 5377 ἠ
1129 5304 1424 5374 ἐπαγγελία
1459 5305 1560 5374 τῆς
1592 5304 1891 5376 μελλούσης
1918 5307 2012 5359 καὶ

433 5377 542 5456 τῶν
573 5380 790 5446 ἀγαθῶν
834 5383 1076 5438 ἐκείνων.
1109 5384 1256 5456 Αὐτη
1307 5383 1415 5456 γάρ
1466 5385 1616 5454 μένει
1662 5383 1924 5454 διηνεκῶς
1974 5387 2006 5456 ἡ

437 5453 656 5526 βρῶσις.
688 5459 892 5526 ’Δλλως
919 5463 996 5526 δὲ,
1028 5465 1122 5518 καὶ
1163 5453 1282 5517 τότε
1327 5453 1394 5516 δὲ⁷
1425 5453 1611 5533 ἐπειδὴ
1641 5453 1743 5531 τῆς
1777 5465 1877 5531 μὲν
1921 5453 2014 5516 πίῤ

435 5551 603 5599 στεως
655 5538 843 5592 οὐδένα
902 5542 1060 5610 λόγον
1096 5545 1408 5608 ἐποιοῦντο,
1441 5543 1562 5596 οὐδὲ
1611 5542 1878 5595 ἐσκόπουν
1909 5560 2012 5613 μα-

435 5617 564 5679 θιῖν,
595 5616 676 5678 τίς
701 5618 729 5670 ό
754 5618 926 5672 ταῦτα
950 5622 1332 5692 ἐργαζόμενος,
1359 5623 1453 5676 καὶ
1484 5623 1612 5692 ποίᾳ
1656 5622 1881 5692 δυνάμει
1906 5663 1918 5685 ,
1952 5621 2011 5675 ἒν

429 5692 486 5748 δὲ
519 5696 680 5764 μόνον
721 5696 1021 5762 ἐϐούλοντο,
1067 5701 1456 5770 γαστρίζεσθαι
1513 5701 1678 5771 μηδὲν
1710 5701 2008 5764 ποιοῦντες,

429 5775 530 5847 τὴν
555 5775 814 5849 τοιαύτην
857 5779 1064 5848 τροφὴν
1119 5779 1342 5840 εἰκότως
1394 5777 1595 5848 βρῶσιν
1632 5779 2009 5850 ἀπολλυμένην

491 5866 517 5896 ⁸
545 5865 696 5946 ξείνη.
720 5868 784 5932 μὴ
805 5868 1322 5932 μεριμνᾶτε,πφησὶν,...
1359 5865 1599 5917 διαλῦσαι.
1674 5870 1698 5908 Ιι
1739 5867 1892 5917 SaVil.
1921 5869 2000 5917 καί

433 5943 641 5988 μικιωοη
647 5947 681 5986 ς.

1117 283 1173 336 S.
1213 279 1495 336 JOANNIS
1531 277 2014 334 CIIRYSOSTOBII
2055 279 2374 336 ABCHIEP.
2411 279 2962 338 CONSTA'NTINOP.

3597 287 3704 344 930

2117 395 2396 449 ἐκάλεσεν.
2432 395 2675 465 Ἔθρεψα
2704 395 2857 466 ὐμῶν
2886 394 2956 448 τὰ
2989 394 3238 466 σώματα,
3263 395 3449 466 φησὶν,
3486 397 3574 452 ἵνα
3599 403 3725 454 ἀπὸ·

2114 474 2304 528 τούτου
2323 475 2421 546 τὴν
2443 475 2635 546 ἑτέραν
2653 474 3019 544 ἐπιζητήσητε
3039 474 3268 544 τροφὴν,
3291 475 3390 544 τὴν
3417 477 3706 546 μένουσαν,

2118 552 2217 622 τὴν
2241 553 2546 624 τρέφουσαν
2575 551 2728 623 ὑμῶν
2753 552 2849 623 τὴν
2879 553 3056 623 ψυχήν
3078 567 3090 580 °
3127 553 3284 622 ὑμεῖς
3317 554 3374 606 δέ
3421 556 3585 610 πάλιν
3615 561 3707 611 ἐπὶ

2117 631 2218 702 τὴν
2251 632 2446 702 γηῖνην
2479 631 2718 701 τρέχετε.
2740 631 2840 686 Διά
2867 630 3025 684 τοῦτο
3050 631 3110 683 οὐ
3139 630 3348 684 συνίετε
3373 633 3455 686 ὅτι
3488 637 3589 688 οὐκ
3616 639 3708 690 ἐπὶ

2117 713 2318 781 ταύτην
2353 713 2495 783 ὑμᾶς
2515 713 2634 780 ἄγω
2657 713 2757 783 τὴν
2786 712 2972 784 ἀτελῆ,
3007 713 3122 766 ἀλλ’
3150 715 3236 766 ἐπ’
3267 715 3484 787 ἐκείνην
3515 719 3614 789 τὴν
3645 721 3708 773 οὐ

2118 793 2448 864 πρόσκαιρον
2487 791 2834 863 παρέχουσαν
2865 792 3030 864 ζωὴν,
3068 793 3189 870 ἀλλ’
3245 794 3484 860 αἰώνιον,
3517 799 3616 870 τὴν
3645 801 3708 853 οὐ

2119 871 2298 942 σῶμα,
2323 870 2460 924 ἁλλά
2483 870 2660 941 ψυχὴν
2680 871 3005 942 τρέφουσαν.
3024 867 3156 926 Εἶτα
3185 873 3542 944 ἐπειδὴούτω
3565 867 3709 946 μέγα
3735 912 3740 918 .

2117 951 2244 1020 περὶ
2271 951 2463 1005 ἐαυτοῦ
2490 950 2812 1020 ἐφθέγξατο,
2839 953 2934 1006 καὶ
2965 950 3164 1023 ἐφησεν
3194 953 3356 1018 αὐτὸς
3385 955 3576 1009 δώσειν
3608 957 3711 1016 abs
3767 951 3784 962 ’

2115 1029 2237 1098 τὴν,
2273 1030 2359 1082 ἵνα
2395 1030 2469 1100 μὴ
2505 1029 2660 1082 πάλιν
2685 1029 2869 1092 αὐτοῖς
2893 1032 3102 1100 προστῇ
3129 1031 3189 1083 τὸ
3215 1031 3531 1103 λεγόμενον,
3553 1034 3706 1100 ἀξιότ

2117 1125 2307 1162 πιστον
2328 1109 2420 1162 τὸν
2437 1109 2595 1178 λόγον
2629 1108 2820 1186 ποιῶν,
2848 1111 2940 1162 ἐπὶ
2969 1109 3060 1163 τὸν
3079 1110 3300 1181 Πατέρα
3321 1113 3418 1183 τὴν
3437 1115 3706 1186 χορηγίαν

2117 1188 2286 1258 αὐτῆς
2318 1185 2722 1256 ἀνάγει.Εἰπὼν
2752 1187 2880 1258 γάρ,
2907 1191 3022 1242 ’Ἦν
3041 1191 3072 1243 ό
3109 1189 3242 1255 Υἱός
3256 1191 3364 1246 τοῦ
3391 1185 3708 1260 ἀνθρώπου

2119 1265 2296 1320 δώσει
2329 1267 2491 1336 ὑμῖν,
2516 1268 2786 1338 ἐπήγαγε,
2813 1267 3033 1324 Τοῦτον
3061 1269 3172 1337 γὰρ
3193 1272 3225 1322 ό
3248 1269 3451 1338 Πατὴρ
3479 1269 3706 1340 ἐσφράε

2119 1359 2292 1415 γισεν
2318 1349 2350 1399 ό
2383 1346 2526 1411 Θεός
2545 1361 2562 1378 ·
2596 1345 2899 1407 τουτέστιν,
2925 1345 3020 1398 ἐπὶ
3052 1345 3226 1417 τούτῳ
3252 1347 3466 1418 ἔπεμψε
3499 1349 3723 1422 ταύτην·

2119 1424 2246 1493 ὑμῖν
2277 1425 2572 1494 κομίζοντα
2597 1425 2698 1494 τὴν
2723 1425 2952 1496 τροφήν.
2986 1424 3148 1494 Δηλοῖ
3170 1426 3226 1478 δὲ
3257 1429 3348 1480 καὶ
3379 1427 3574 1498 ἑτέραν
3611 1429 3706 1500 ἐρ-

2122 1501 2344 1575 μηνείαν
2377 1506 2409 1574 ἡ
2437 1503 2600 1572 λέξις.
2633 1505 2744 1558 Καὶ
2781 1504 2891 1574 γὰρ
2921 1505 3014 1558 καὶ
3047 1503 3279 1576 ἀλλαχοῦ
3312 1522 3476 1577 φησιν
3506 1509 3534 1560 ὀ
3574 1507 3707 1579 Χρι-

2119 1583 2272 1644 στός·
2321 1582 2381 1634 Ὀ
2412 1583 2649 1636 ἀκούων
2660 1600 2780 1652 μου
2805 1583 2948 1649 τοὺς
2979 1582 3219 1652 λόγους,
3240 1585 3456 1638 τοῦτον
3476 1585 3705 1654 ἐσφρά-

2117 1677 2289 1732 γισεν
2313 1665 2346 1714 ό
2365 1661 2586 1729 Πατὴρ,
2615 1661 2704 1724 ὅτι
2728 1664 2760 1714 ό
2782 1661 2927 1727 Θεὸς
2954 1661 3184 1730 ἀληθής
3215 1663 3346 1717 ἐστι
3363 1680 3378 1694 ·
3397 1664 3706 1730 τουτέστιν,

2118 1740 2397 1804 ἀπέδειξεν
2425 1741 2832 1814 ἀναντιρρήτως
2853 1757 2866 1770 ·
2894 1740 2922 1794 ὂ
2959 1741 3023 1812 δὴ
3063 1759 3152 1811 μοι
3179 1741 3328 1794 δοκεῖ
3351 1742 3706 1799 καὶ-ἐνταῦθα

2119 1820 2152 1888 ἡ
2177 1815 2318 1882 λέξις
2338 1819 2690 1872 αἰνίττεσθαι.
2711 1819 2877 1872 Οὐδέν
2899 1817 3007 1890 γάρ
3039 1822 3188 1873 ἐστιν
3205 1819 3331 1874 ἄλλο
3350 1823 3431 1886 τὸ,
3445 1821 3707 1890 Ἐσςρρά-

2119 1916 2290 1968 γισεν
2319 1903 2351 1953 ό
2373 1899 2600 1968 Πατὴρ,
2628 1898 2742 1953 ἀλλ’
2773 1899 2807 1970 ἢ
2831 1897 3132 1964 ἀπέδειξεν,
3164 1899 3464 1970 ἐξεκάλυψε
3495 1900 3584 1953 διά
3605 1901 3704 1970 τῆς

2117 1978 2282 2030 αὐτοῦ
2319 1979 2644 2048 μαρτυρίας.
2673 1977 2880 2044 Ἔδειξε
2910 1977 3007 2047 μὲν
3041 1976 3150 2048 γάρ
3171 1979 3264 2031 καὶ
3293 1979 3455 2042 αὐτὸς
3490 1979 3702 2032 ἑαυτόν·

2117 2057 2382 2128 ἐπειδὴδὲ
2407 2059 2543 2128 πρὸς
2577 2057 2860 2120 Ἰουδαίους
2890 2055 3160 2124 διελέγετο
3179 2095 3194 2121 ,
3221 2056 3322 2127 τὴν
3359 2055 3454 2111 τοῦ
3489 2056 3724 2130 ΠατρὸςΔ

2119 2137 2426 2207 μαρτυρίαν
2461 2138 2540 2200 εἰς
2581 2137 2746 2207 μέσον
2773 2137 2968 2208 ἤγαγε.

2189 2216 2253 2284 β’.
2287 2215 2559 2284 Μάθωμεν
2602 2215 2782 2268 τοίνυν
2807 2255 2822 2280 ,
2861 2215 3152 2285 ἀγαπητοὶ,
3186 2213 3362 2269 ταῦτα
3385 2217 3558 2269 αἰτεῖν
3602 2213 3696 2270 τὸν

2116 2294 2268 2358 Θεὸν,
2299 2295 2335 2348 ἀ
2382 2295 2530 2360 ἄξιόν
2585 2295 2699 2348 ἐστι
2757 2296 2888 2366 παρ’
2919 2293 3082 2348 αὐτοῦ
3113 2296 3304 2349 αἰτεῖν.
3353 2295 3564 2351 Ἐκεῖνα
3600 2295 3705 2365 μὲν

2116 2372 2246 2444 γάρ,
2280 2374 2428 2438 ὅπως
2455 2373 2522 2427 ἀν
2544 2371 2704 2445 τύχῃ,
2733 2373 2803 2426 τά
2839 2373 3067 2444 βιωτικά
3099 2372 3267 2441 λέγω,
3317 2371 3521 2444 βλάϐην
3546 2373 3698 2426 οὐδε-

2117 2454 2248 2523 μίαν
2278 2453 2453 2525 φέρει.
2486 2454 2585 2508 "Av
2615 2471 2674 2508 τε
2705 2453 2814 2524 γάρ
2837 2453 3252 2525 πλουτήσωμεν,
3285 2453 3518 2509 ἐνταῦθα
3540 2455 3712 2527 μόνον·

2113 2533 2533 2602 ἀπολαυσόμεθα
2557 2534 2658 2604 τῆς
2681 2532 2892 2604 τρυφῆς
2912 2549 2926 2564 ’
2951 2533 3016 2586 ἄν
3043 2549 3103 2586 τε
3123 2535 3206 2598 εἰς
3235 2531 3426 2587 πενίαν
3457 2535 3698 2588 καταπέ-

2117 2629 2317 2682 σωμεν,
2341 2613 2492 2667 οὐδὲν
2521 2612 2824 2683 πεισόμεθα
2854 2612 3044 2666 δεινόν.
3081 2611 3219 2665 Οὔτε
3242 2613 3354 2684 γὰρ
3374 2613 3444 2665 τά
3470 2613 3716 2686 λαμπρά

2113 2690 2206 2743 τοῦ
2243 2691 2507 2763 παρόντος
2537 2692 2678 2762 βίου,
2710 2689 2836 2744 οὔτε
2864 2691 2933 2744 τά
2973 2691 3194 2764 λυπηρὰ
3225 2693 3305 2755 εἰς
3337 2693 3576 2764 ἀθυμίας
3607 2694 3700 2747 καὶ

2113 2771 2310 2842 ἡδονῆς
2358 2771 2515 2840 λόγον
2562 2771 2676 2841 ἔχει
2701 2771 2800 2842 τὴν
2833 2773 3004 2842 ἰσχὺν,
3041 2771 3153 2824 ἀλλ’
3178 2771 3416 2842 ἑκάτερα
3468 2773 3704 2826 εὐκατα-

2117 2849 2376 2920 φρόνητα,
2413 2851 2507 2902 καὶ
2535 2850 2672 2920 μετά
2713 2847 2914 2918 πολλῆς
2945 2851 3223 2921 παραρρεῖ
3240 2851 3340 2919 τῆς
3371 2851 3697 2920 ταχυτῆτος.

2115 2929 2206 2982 Διὸ
2240 2929 2332 2982 καὶ
2357 2929 2475 2992 ὁδὸς
2504 2929 2768 3000 κέκληται
2812 2929 3036 2993 εἰκότως
3071 2929 3166 2982 ἇτε
3190 2929 3575 3000 παροδεύοντα,
3603 2935 3707 2984 καὶ

2117 3009 2210 3060 ἐπὶ
2236 3007 2486 3060 πλεῖστον
2525 3008 2705 3078 μένειν
2733 3007 2792 3060 οὐ
2823 3009 3135 3078 πεφυκότα·
3185 3007 3254 3060 τά
3317 3007 3372 3060 δὲ
3435 3009 3703 3079 μέλλοντα,

2117 3085 2352 3156 ἑκάτερα
2391 3085 2634 3138 ἀθάνατα
2675 3087 2846 3157 μένει,
2898 3089 2966 3141 τά
2997 3105 3055 3140 τε
3085 3085 3376 3150 κολάσεως,
3415 3087 3484 3140 τά
3515 3103 3573 3138 τε
3599 3088 3698 3158 τῆς

2118 3161 2418 3233 βασιλείας.
2463 3163 2634 3235 Ὑπέρ
2679 3165 2900 3218 ἐκείνων
2949 3165 3127 3218 τοίνυν
3178 3163 3374 3234 πολλὴν
3412 3163 3698 3234 ποιώμεθα

2118 3242 2374 3314 σπουδὴν,
2405 3241 2547 3296 ὥστε
2577 3243 2646 3297 τὰ
2677 3244 2775 3315 μὲν
2809 3247 3019 3314 φυγεῖν,
3050 3243 3192 3298 τὰδὲ
3221 3241 3460 3298 ἐλέσθαι.
3497 3243 3562 3296 Τί
3590 3244 3698 3318 γὰρ

2116 3322 2214 3391 τῆς
2246 3321 2478 3376 ἐνταῦθα
2509 3323 2722 3394 τρυφῆς
2749 3324 2972 3392 δφελοςς
3021 3322 3269 3394 Σήμερόν
3307 3325 3444 3390 ἐστι,
3477 3324 3573 3377 καὶ
3603 3324 3708 3378 αὓ-

2119 3417 2232 3470 ριον
2285 3399 2436 3473 [261]
2472 3403 2571 3456 οὐκ
2621 3403 2766 3457 ἐστι·
2825 3405 3062 3476 σήμερον
3104 3402 3264 3468 ἄνθος
3299 3403 3572 3475 λαμπρὸν,
3607 3405 3702 3458 καὶ

2117 3478 2306 3550 αὔριον
2335 3481 2481 3545 κόνις
2506 3482 2907 3553 σκεδαννυμένη
2929 3499 2943 3514 ·
2973 3483 3216 3554 σήμερον
3246 3481 3358 3554 πῦρ
3383 3483 3700 3553 καιόμενον,

2117 3561 2213 3613 καὶ
2238 3559 2426 3632 αὔριον
2462 3562 2636 3632 τέφρα
2659 3562 3156 3634 κατασϐεννυμένη.
3195 3563 3335 3616 Ἀλλ’
3355 3564 3417 3616 οὐ
3439 3565 3508 3617 τὰ
3539 3580 3705 3616 πνευ-

2121 3639 2326 3709 ματικὰ
2352 3640 2596 3704 τοιαῦτα,
2616 3641 2732 3695 ἀλλ’
2758 3643 2844 3694 ἀεὶ
2876 3643 3028 3712 μένει
3052 3642 3355 3713 λάμποντα,
3373 3643 3466 3696 καὶ
3482 3641 3706 3696 ἀνθοῦν-

2116 3735 2184 3770 τα
2201 3757 2214 3782 ,
2243 3719 2338 3773 καὶ
2360 3719 2686 3792 φαιδρότερα
2724 3721 2982 3790 γινόμενα
3007 3721 3345 3792 καθημέραν.
3389 3723 3447 3774 '0
3475 3721 3704 3784 πλοῦτος

2117 3799 2325 3862 ἐκεῖνος
2360 3798 2615 3853 οὐδέποτε
2665 3799 2982 3866 ἀπόλλυται,
3037 3800 3292 3854 οὐδέποτε
3351 3800 3698 3870 μεθίσταται,

2117 3875 2368 3930 οὐδέποτε
2392 3878 2568 3947 λήγει,
2597 3878 2851 3933 οὐδέποτε
2881 3879 3078 3949 ἐπάγει
3103 3879 3358 3951 φροντίδα
3387 3881 3481 3933 καὶ
3511 3879 3702 3949 φθόνον

2117 3955 2212 4009 καὶ
2239 3958 2596 4029 κατηγορίαν,
2640 3959 2701 4011 οὐ
2755 3959 2912 4030 σῶμα
2959 3959 3256 4028 ἐξόλλυσιν,
3285 3959 3346 4013 οὐ
3376 3960 3552 4031 ψυχὴν
3592 3960 3701 4012 δια-

2120 4035 2350 4104 φθείρει,
2375 4036 2434 4088 οὐ
2471 4036 2664 4106 φθόνον
2697 4037 2808 4109 ἔχει
2835 4080 2850 4105 ,
2891 4038 2950 4092 οὐ
2998 4038 3298 4109 βασκανίαν
3351 4037 3701 4108 ἐπισωρεύει,

2119 4111 2262 4187 ἂπερ
2295 4115 2511 4170 ἅπαντα
2537 4116 2711 4171 ταῦτα
2751 4117 2828 4188 τῷ
2858 4117 3070 4187 πλούτῳ
3115 4117 3426 4188 πρόσεστιν.
3482 4115 3544 4168 Ἢ
3571 4117 3702 4182 δόξα

2119 4195 2300 4264 ἐκείνη
2331 4197 2430 4250 οὐκ
2460 4198 2538 4260 εἰς
2559 4197 2813 4253 ἀπόνοιαν
2842 4199 3004 4270 αῖρει,
3039 4197 3096 4250 οὐ
3129 4195 3480 4266 φλεγμαίνειν
3517 4211 3702 4266 παρα-

2122 4273 2397 4338 σκευάζει,
2431 4275 2685 4330 οὐδέποτε
2739 4277 2994 4340 παύεται,
3026 4275 3147 4340 οὐδὲ
3177 4273 3533 4346 ἀμαυροτέρα
3563 4273 3704 4342 γίνε-

2118 4370 2224 4408 ται.
2273 4355 2338 4406 Ἥ
2365 4353 2550 4418 ἄνεσις
2581 4357 2729 4426 καὶὴ
2763 4357 2942 4428 τρυφὴ
2973 4355 3068 4410 ἐπὶ
3108 4356 3222 4418 τοῖς
3253 4355 3503 4425 οὐρανοῖς
3541 4353 3702 4405 πάλιν

2122 4433 2292 4503 μένει,
2336 4435 2430 4487 καὶ
2481 4433 2619 4506 αὕτη
2669 4427 2942 4505 διηνεκὴς,
2979 4435 3066 4488 ἀεὶ
3115 4435 3370 4506 ἀκίνητος
3425 4427 3559 4485 οὖσα
3607 4432 3702 4486 καὶ

2117 4511 2384 4574 ἀθάνατος
2405 4529 2418 4543 ·
2437 4513 2536 4566 οὐκ
2555 4515 2670 4567 ἐστι
2697 4515 2805 4586 γὰρ
2828 4515 3000 4586 πέρας
3024 4515 3193 4584 αὐτῆς
3211 4513 3304 4566 καὶ
3326 4511 3479 4575 τέλος
3498 4511 3698 4582 εὑρεῖν.

2118 4591 2356 4662 Ταύτην,
2387 4592 2710 4664 παρακαλῶ,
2763 4595 3089 4666 ποθήσωμεν
3121 4593 3221 4662 τὴν
3256 4590 3422 4662 ζωήν.
3457 4592 3554 4645 Ἂν
3591 4589 3698 4662 γὰρ

2118 4670 2444 4740 ποθήσωμεν
2470 4673 2658 4744 αὐτὴν,
2691 4673 2880 4727 οὐδένα
2911 4673 3019 4726 τῶν
3048 4672 3336 4742 παρόντων
3366 4670 3703 4741 ποιησόμεθα

2115 4746 2294 4816 λόγον,
2331 4748 2466 4802 ἀλλά
2508 4753 2995 4822 καταφρονήσομεν
3049 4750 3254 4804 τούτων
3309 4749 3565 4802 ἁπάντων
3607 4747 3702 4800 καὶ

2119 4827 2624 4898 καταγελασόμεθα,
2677 4829 2782 4882 κᾶν
2813 4831 2893 4893 εἰς
2923 4829 3208 4900 βασιλικὰς
3245 4827 3416 4890 αὐλάς
3443 4843 3527 4888 τις
3555 4827 3700 4896 ἡμᾶς

2117 4907 2378 4960 εἰσελθεῖν
2433 4907 2648 4978 κελεύῃ,
2684 4909 2782 4978 οὐχ
2834 4906 3176 4980 αἱρησόμεθα
3223 4905 3440 4976 ἐκείνην
3479 4905 3700 4974 ἔχοντες

2115 4989 2215 5058 τὴν
2241 4985 2430 5040 ἐλπίδα
2449 5005 2462 5018 ·
2497 4987 2674 5042 καίτοι
2702 4989 2891 5042 τούτου
2923 4987 3077 5041 οὐδὲν
3111 4984 3526 5058 μακαριώτερον
3559 4981 3698 5037 εῖναι

2115 5063 2277 5126 δοκεῖ,
2312 5063 2446 5117 ἀλλά
2471 5066 2583 5127 τοῖς
2614 5063 3006 5137 κατεχομένοις
3027 5063 3106 5134 τῷ
3132 5064 3240 5118 τῶν
3267 5060 3514 5130 οὐρανῶν
3539 5059 3702 5130 ἔρωτι

2115 5145 2209 5198 καὶ
2245 5143 2404 5197 τοῦτο
2441 5143 2632 5213 μικρὸν
2660 5145 2754 5198 καὶ
2782 5143 3000 5208 εὐτελὲς
3047 5143 3144 5198 καὶ
3191 5141 3404 5202 οὐδενὸς
3435 5139 3584 5202 ἄξιον
3611 5137 3704 5188 λό-

2113 5241 2238 5294 γου.
2272 5225 2388 5278 Πᾶν
2420 5223 2529 5294 γὰρ
2559 5221 2588 5274 ὃ
2627 5222 2780 5287 τέλος
2813 5223 2947 5294 ἐχει,
2981 5224 3043 5277 οὐ
3085 5221 3288 5292 σφόδρα
3337 5213 3703 5294 περισπούδα-

2117 5321 2272 5358 στον·
2308 5304 2417 5358 πᾶν
2440 5302 2468 5355 ὂ
2494 5293 2748 5368 παύεται,
2794 5293 2890 5357 καὶ
2942 5303 3179 5375 σήμερόν
3210 5304 3344 5367 ἐστι,
3380 5295 3477 5350 καὶ
3506 5293 3704 5375 αὔριον

2111 5383 2212 5436 οὐκ
2261 5382 2398 5448 ἐστι,
2430 5383 2532 5434 κᾶν
2567 5381 2772 5452 σφόδρα
2918 5373 3323 5450 μέγα,ίσφόδρα
3377 5375 3572 5446 μικρὸν
3605 5373 3703 5428 καὶ

2113 5460 2580 5530 εὐκαταφρόνητον
2608 5457 2746 5513 εἶναι
2773 5462 2941 5515 δοκεῖ.
2975 5460 3066 5532 Μὴ
3111 5459 3287 5512 τοίνυν
3325 5455 3436 5509 τῶν
3460 5454 3692 5524 φευγόνο

2111 5555 2220 5592 των
2248 5537 2620 5607 ἀντεχώμεθα,
2649 5539 2782 5610 μηδέ
2821 5539 2930 5594 τῶν
2957 5537 3383 5611 παραρρεόντων
3413 5535 3508 5588 καὶ
3529 5534 3702 5611 ἀπεργ-

2112 5617 2376 5687 χομένων,
2401 5613 2539 5668 ἀλλὰ
2559 5616 2667 5670 τῶν
2701 5619 2971 5689 μενόντων
3005 5610 3100 5672 καὶ
3138 5617 3442 5687 ἀκινήτων,
3492 5613 3577 5666 ἵνα
3604 5610 3700 5689 καὶ

2111 5685 2290 5747 αὐτῶν
2317 5692 2633 5764 δυνηθῶμεν
2659 5685 2956 5768 ἐπιτυχεῖν,
2981 5697 3162 5766 χάριτι
3195 5685 3702 5768 καὶ-φιλανθρωπίέ

2111 5771 2204 5824 τοῦ
2233 5758 2446 5844 Κυρίου
2469 5758 2628 5840 ἡμῶν
2671 5758 2853 5844 Ἰησοῗῖ
2874 5758 3135 5844 Χριστοῦ,
3165 5773 3232 5826 δι’
3266 5758 3452 5826 οἷίκαὶ
3488 5758 3608 5839 μεθ’
3635 5758 3699 5844 οὗ

2109 5849 2186 5920 τῷ
2220 5851 2396 5922 Πατρὶ
2439 5850 2473 5920 ἡ
2501 5850 2647 5916 δόξα,
2683 5843 2800 5923 ἅμα
2834 5851 2910 5923 τῷ
2932 5843 3078 5922 ἀγίῳ
3125 5851 3426 5920 Πνεύματι,
3471 5845 3567 5904 νῦν
3597 5843 3693 5900 καὶ

2113 5931 2219 5997 ἀεὶ,
2247 5932 2338 5986 καὶ
2375 5931 2455 5992 εἰς
2481 5931 2603 5995 τοὺς
2627 5933 2828 5996 αἰῶνας
2850 5931 2957 5985 τῶν
2981 5929 3210 5986 αἰώνων’
3261 5929 3453 6000 ’ΛΜΨ
