4104 6156
335 322 435 383 249

335 436 527 509 gotium
556 426 776 487 vestrum
805 424 1002 498 agatis,
1034 431 1082 479 et
1122 423 1394 495 aperemini
1436 421 1665 475 manibus
1700 421 1907 486 vestris,

339 539 391 583 ut
417 527 621 581 honeste
645 519 910 575 ambuletis
933 516 1003 570 ad
1028 531 1111 570 eos
1140 514 1225 585 qui
1255 516 1378 585 foris
1406 522 1522 568 sunt
1553 512 1629 584 (1.
1653 511 1827 566 Thess.
1856 511 1912 565 4.

336 617 424 673 10.
459 614 581 686 11);
609 622 663 669 et
688 625 922 673 rursum,
959 608 1057 674 Qui
1086 605 1350 679 furabatur
1374 646 1389 671 ,
1417 607 1526 675 jam
1555 621 1653 658 non
1687 606 1916 675 furatur:

336 709 497 781 magis
524 716 693 761 autem
722 704 916 758 laboret
936 700 1195 771 operando
1230 698 1462 752 manibus
1491 698 1615 762 suis,
1649 706 1700 750 ut
1733 696 1913 751 habeat

338 801 471 853 unde
496 797 681 851 tribuat
705 793 1045 849 necessitatem
1087 790 1297 860 patienti
1320 792 1337 858 (
1365 788 1550 858 Epltes.
1574 788 1628 842 4.
1660 787 1730 841 28
1751 786 1792 859 ).
1823 787 1919 840 llic

339 892 530 969 Paulus
576 905 684 944 non
726 886 1043 956 ‘simpliciter
1091 882 1331 953 praecipit
1368 882 1612 950 operari,
1654 879 1749 934 sed
1794 894 1914 933 cum

338 994 485 1040 tanto
517 982 735 1045 labore,
767 987 824 1034 ut
849 976 1196 1033 subveniatur
1223 974 1495 1045 indigenti.
1542 973 1608 1026 Et
1634 972 1757 1026 alibi
1786 985 1917 1040 quo-

337 1092 439 1148 que
465 1076 579 1141 ait,
629 1069 1022 1127 Necessitatibus
1067 1068 1228 1134 meis,
1265 1073 1310 1120 et
1352 1080 1524 1119 eorum
1572 1063 1659 1133 qui
1715 1077 1913 1115 mecum

335 1180 484 1234 sunt,
509 1168 914 1223 ministraverunt
940 1177 1120 1215 manus
1149 1160 1260 1212 ista:
1289 1157 1421 1227 (Act.
1456 1154 1546 1209 20.
1578 1154 1689 1224 54).
1724 1154 1785 1207 Et
1811 1153 1915 1208 C0-

336 1260 550 1317 riuthiis
575 1258 784 1314 dicebat
815 1273 828 1308 :
865 1255 992 1321 Qum
1015 1261 1085 1307 est
1110 1268 1227 1322 ergo
1253 1265 1439 1303 merces
1483 1248 1639 1301 mea?
1670 1245 1738 1301 Ut
1764 1263 1917 1300 evan-

338 1352 524 1422 gelium
570 1347 894 1418 praedicans,
945 1345 1055 1397 sine
1100 1348 1306 1410 sumptu
1353 1354 1541 1408 ponam
1605 1336 1917 1406 euangelium

338 1442 434 1513 (l.
467 1439 585 1495 Cor.
616 1437 668 1493 9.
699 1434 812 1507 18).
842 1435 909 1489 Et
937 1434 988 1488 in
1012 1433 1280 1487 civitatem
1308 1429 1451 1483 illam
1483 1428 1723 1489 veniens,
1761 1425 1917 1478 Man.

336 1534 401 1587 sit
430 1529 568 1601 apud
597 1528 832 1593 Aquilam
867 1535 912 1579 et
941 1522 1232 1577 Priscillam
1275 1562 1290 1587 ,
1324 1531 1371 1573 et
1403 1520 1725 1589 aperabatur.
1755 1517 1919 1570 Erant

338 1621 471 1675 enim
492 1617 865 1690 scenofactoria:
898 1615 1022 1668 artis
1047 1612 1198 1682 (Act.
1231 1611 1319 1667 18.
1348 1610 1382 1663 2
1404 1608 1444 1682 ).
1477 1609 1601 1663 [lare
1627 1615 1812 1662 contra
1840 1607 1921 1661 di-

338 1722 483 1766 ctum
532 1709 662 1764 illud
700 1721 934 1778 pugnare
980 1704 1210 1758 maxime
1251 1701 1499 1757 videntur
1532 1700 1680 1769 :jam
1723 1700 1919 1753 solutio

338 1806 625 1860 releratur.

415 1892 812 1955 Laborandum,
852 1889 938 1943 sed
985 1890 1089 1943 sine
1132 1886 1489 1942 sollicitudine.
1515 1884 1741 1951 —Quid
1790 1898 1919 1953 ergo

337 1983 827 2056 respondebimus?
849 1980 963 2036 Non
1003 1996 1122 2036 esse
1161 1980 1448 2035 sollicitum
1480 1994 1585 2033 non
1614 1966 1916 2048 significat,

339 2092 369 2130 a
401 2076 588 2130 labore
615 2088 861 2137 cessare;
892 2071 981 2126 sed
1002 2113 1018 2137 ,
1066 2071 1223 2141 hujus
1255 2070 1435 2124 mundi
1481 2070 1641 2125 rebus
1672 2085 1776 2124 non
1807 2069 1920 2122 hae-

338 2180 462 2221 rere
482 2205 497 2231 ,
527 2164 577 2217 id
604 2173 720 2229 est,
750 2176 853 2217 non
884 2175 1002 2215 esse
1032 2159 1317 2213 sollicitum
1356 2159 1423 2214 de
1461 2159 1693 2213 crastina
1719 2159 1916 2228 quiete,

263 2298 277 2315 .
338 2258 433 2312 sed
481 2257 623 2310 illam
655 2268 836 2310 curam
887 2267 1267 2321 supervacuam
1307 2260 1513 2320 putare.
1569 2251 1749 2305 Potest
1776 2250 1918 2305 enim

340 2350 427 2419 qui
459 2357 711 2417 operatur
747 2360 852 2399 non
895 2344 947 2397 in
988 2343 1278 2397 crastinum
1312 2342 1673 2396 thesaurizare
1707 2360 1716 2394 :
1748 2350 1923 2410 potest

342 2443 429 2513 qui
461 2441 669 2495 laborat
697 2452 802 2493 non
855 2435 1112 2490 sollicitus
1142 2449 1303 2489 esse:
1354 2449 1459 2487 non
1502 2434 1643 2487 enim
1691 2432 1921 2502 idipsum

344 2541 424 2586 est
474 2546 602 2587 cura
649 2536 704 2583 et
749 2527 1008 2597 operatio.
1058 2525 1172 2580 Non
1218 2534 1275 2579 ut
1305 2524 1453 2594 operi
1499 2522 1774 2577 confidens
1804 2523 1921 2592 quis

343 2630 615 2692 operetur,
646 2617 736 2673 sed
759 2627 816 2672 ut
842 2616 932 2671 det
957 2616 1152 2685 egenti.
1182 2614 1333 2682 Quod
1362 2624 1536 2668 autem
1563 2613 1629 2667 ad
1660 2611 1920 2668 Martham

345 2715 565 2779 dicitur,
612 2726 717 2765 non
758 2709 998 2764 laborem
1021 2716 1075 2762 et
1130 2706 1495 2777 Operationem
1540 2704 1797 2773 respicit:
1827 2701 1923 2757 sed

349 2818 555 2878 tempus
581 2801 1025 2860 considerandum
1052 2814 1172 2855 esse
1200 2799 1413 2864 statuit,
1450 2813 1624 2868 neque
1651 2795 1924 2850 concionis

348 2910 555 2969 tempus
580 2898 717 2953 circa
744 2895 979 2951 carnalia
1007 2891 1414 2963 expendendum
1451 2906 1591 2945 esse.
1620 2890 1734 2944 Non
1767 2888 1925 2957 igitur

351 2992 461 3044 iure
487 2988 649 3056 dicit,
680 2996 737 3042 ut
767 2987 822 3041 in
861 2984 1118 3040 desidiam
1167 2982 1313 3037 illam
1343 2980 1619 3051 conjiciat,
1648 2980 1743 3035 sed
1774 2989 1830 3033 ut
1857 2978 1923 3033 ad

349 3079 664 3135 audiendum
696 3084 991 3133 convertat.
1022 3073 1194 3139 Veni,
1224 3072 1423 3141 inquit,
1464 3061 1525 3125 ut
1550 3087 1645 3125 vos
1677 3084 1926 3125 necessa-

342 3177 420 3229 ria
449 3175 669 3228 doceam
694 3188 710 3237 ;
740 3179 797 3225 tu
839 3169 907 3225 de
935 3166 1160 3237 prandio
1187 3164 1411 3220 sollicita
1442 3164 1541 3219 es?
1567 3162 1647 3218 Me
1675 3166 1755 3217 vis
1783 3162 1925 3217 exci-

350 3282 495 3337 pere,
528 3275 583 3321 et
610 3265 808 3318 lautam
840 3274 1026 3331 parare
1048 3256 1325 3313 mensam?
1351 3256 1527 3310 Alium
1557 3270 1682 3325 para
1711 3255 1886 3308 cibum
1905 3293 1920 3318 ,

350 3358 482 3412 meis
506 3353 722 3409 attende
745 3350 1118 3416 sermonibus,
1150 3348 1349 3403 sororis
1385 3346 1707 3401 desiderium
1746 3345 1924 3399 imita-

348 3463 427 3502 rc.
472 3443 590 3501 Non
620 3458 748 3514 ergo
773 3441 1131 3512 hospitalitate
1161 3439 1406 3503 cohibet;
1453 3437 1626 3502 absit,
1668 3435 1718 3490 id
1747 3452 1815 3491 ne
1841 3435 1925 3489 di-

348 3549 525 3603 catur;
569 3528 662 3592 scd
692 3537 849 3591 docet
892 3534 1151 3589 doctrina:
1193 3540 1431 3601 tempore
1461 3538 1654 3586 caetera
1694 3528 1925 3584 curanda

351 3650 452 3688 non
482 3647 624 3688 esse.
650 3629 783 3685 Cum
816 3644 975 3698 porro
1004 3625 1166 3693 dicit,
1203 3623 1496 3694 Operemini
1525 3640 1626 3677 non
1652 3622 1815 3675 cibum
1842 3622 1929 3687 qui

349 3729 507 3798 perit,
538 3741 645 3779 non
685 3722 974 3793 significat,
1002 3721 1055 3773 in
1099 3716 1302 3772 desidia
1332 3731 1451 3770 esse
1482 3714 1765 3768 vivendum
1801 3733 1813 3767 :
1843 3713 1930 3768 hic

348 3821 491 3875 enim
539 3816 769 3871 maxime
809 3812 955 3869 cibus
981 3819 1063 3865 est
1110 3808 1201 3878 qui
1241 3807 1413 3876 perit,
1447 3806 1467 3878 (
1497 3805 1707 3859 Omnem
1736 3805 1930 3875 quippe

346 3910 603 3964 malitiam
646 3905 813 3958 docuit
841 3901 1031 3955 desidia
1057 3892 1245 3965 [Eccli.
1276 3899 1365 3952 55.
1392 3895 1482 3968 ‘29]
1505 3895 1524 3966 )
1549 3913 1564 3962 ;
1595 3896 1689 3950 sed
1736 3895 1930 3950 indicat

347 3998 685 4071 operandum
715 4003 769 4049 et
812 3990 1131 4061 erogandum
1162 4003 1300 4044 esse.
1330 3986 1427 4042 Hic
1452 4002 1613 4057 porro
1642 3986 1793 4041 cibus
1824 4001 1930 4039 non

352 4095 512 4167 perit.
547 4093 601 4147 Si
628 4091 747 4160 quis
785 4103 944 4159 porro
971 4087 1173 4143 otiosus
1199 4086 1373 4141 ventri
1404 4092 1457 4139 et
1484 4083 1688 4139 deliciis
1719 4080 1931 4135 deditus

351 4189 454 4249 sit.
482 4186 530 4241 is
570 4190 821 4253 operatur
846 4180 1022 4235 cibum
1051 4179 1140 4249 qui
1181 4178 1352 4248 perit;
1400 4185 1582 4230 contra
1627 4175 1670 4228 si
1719 4176 1838 4242 quis
1867 4188 1931 4226 ex

357 4274 541 4329 labore
573 4289 670 4327 suo
713 4271 928 4337 cibum,
968 4278 1185 4339 potum,
1227 4276 1426 4322 vestem
1457 4266 1669 4320 Christo
1695 4264 1957 4333 dederit,‘

356 4367 494 4422 hunc
525 4379 685 4420 nemo
713 4378 857 4417 sana:
897 4361 1089 4416 mentis
1118 4360 1257 4414 dicat
1286 4358 1495 4427 operari
1526 4357 1700 4411 cibum
1726 4355 1813 4423 qui
1843 4369 1934 4423 pe-

356 4458 422 4512 rit
442 4454 638 4523 ,‘i'ujus
660 4451 762 4507 cibi
791 4467 949 4505 causa
979 4451 1305 4520 promittitur
1332 4462 1553 4517 regnum
1578 4487 1591 4510 ,
1626 4443 1937 4514 promittun-

358 4565 441 4609 tur
470 4556 560 4609 illa
606 4554 762 4608 bona.
794 4550 892 4605 llic
919 4550 1066 4603 cibus
1097 4557 1354 4601 aeternum
1398 4550 1596 4597 manet.
1624 4541 1774 4596 Tune
1813 4540 1935 4609 quia

357 4646 428 4701 illi
458 4646 659 4700 nullam
684 4642 803 4697 fidei
834 4641 1092 4695 rationem
1124 4638 1377 4703 habuere,
1406 4650 1577 4704 neque
1600 4633 1807 4687 discere
1826 4645 1938 4685 Slu-

358 4736 589 4792 duerunt
608 4735 726 4805 quis
753 4733 868 4786 inec
888 4732 1118 4793 fecisset,
1144 4745 1246 4799 qua
1276 4735 1554 4797 potestate,
1579 4725 1670 4778 sed
1702 4723 1751 4777 id
1777 4738 1938 4776 unum

358 4829 615 4883 curabant
642 4834 703 4879 ut
728 4823 859 4878 nihil
891 4820 1167 4891 operando
1194 4828 1436 4873 ventrem
1482 4816 1796 4885 implerent;
1841 4813 1938 4868 hoc

359 4918 673 4973 alimentum
719 4917 842 4985 jure
890 4912 1099 4967 vocavit
1140 4910 1314 4964 cibum
1362 4909 1450 4977 qui
1494 4908 1648 4977 perit.
1702 4905 1939 4974 Corpora

364 5019 568 5075 vestra,
618 5006 824 5076 inquit,
868 5003 1128 5066 enutrivi,
1171 5010 1230 5053 ut
1278 4999 1402 5052 hinc
1445 4999 1599 5051 aliam
1631 4996 1942 5067 qua-teretis

363 5116 536 5155 escam
569 5108 875 5154 manentem
901 5140 917 5164 ,
961 5112 1079 5165 qure
1120 5093 1352 5147 animum
1383 5100 1613 5144 vestram
1645 5090 1901 5143 enutt'irct
1928 5106 1940 5140 :

362 5206 456 5246 vos
500 5202 681 5247 autem
726 5202 941 5245 rursum
986 5186 1050 5240 ad
1097 5196 1360 5239 terrenam
1392 5181 1623 5235 curritis.
1675 5179 1797 5234 Ideo
1838 5193 1942 5232 non

364 5287 652 5358 intelligitis
684 5300 769 5340 me
798 5298 907 5338 non
932 5281 997 5335 ad
1027 5281 1175 5334 illam
1200 5291 1295 5332 vos
1323 5274 1522 5329 ducere
1552 5272 1942 5342 imperfectam,

366 5377 457 5431 sed
483 5379 550 5431 ad
583 5377 728 5432 illam
759 5390 869 5429 non
896 5382 1295 5441 temporaneam
1316 5407 1331 5432 ,
1373 5381 1491 5435 quae
1520 5365 1678 5418 vitam
1712 5364 1948 5434 praibeat

369 5479 617 5524 aeternam
640 5512 652 5534 ,
682 5484 803 5540 qua:
826 5482 932 5521 non
954 5478 1172 5533 corpus,
1205 5459 1300 5514 sed
1326 5459 1557 5512 animam
1589 5457 1714 5509 alat.
1748 5456 1948 5511 Deinde

370 5560 487 5627 quia
515 5559 794 5630 magnifice
821 5557 890 5611 de
918 5570 977 5610 se
1005 5556 1254 5624 loquutus
1282 5550 1484 5611 fuerat,
1512 5562 1634 5602 cum
1662 5546 1863 5601 diceret
1886 5560 1947 5600 se

372 5646 613 5708 datutum
640 5667 656 5719 ;
683 5664 752 5707 ne
776 5649 969 5705 iterum
999 5645 1105 5702 hoc
1132 5643 1276 5700 dicto
1302 5640 1696 5696 oll'cndcrcnlur
1715 5681 1728 5705 ,
1762 5648 1819 5693 ut
1848 5638 1943 5707 ipsi

1318 308 1384 365 IN
1421 306 1730 365 JOANNEM
1769 306 1999 363 llOXllL.
2036 306 2224 363 XLIV.
2266 309 2335 364 al.
2377 310 2561 368 XLI".

3498 324 3603 382 Ξῧῦ

2023 419 2179 476 ﬁdem
2213 421 2418 480 faceret
2439 466 2453 488 .
2496 425 2693 481 donum
2719 426 2785 482 ad
2813 428 3022 484 Patrem
3054 429 3237 487 refert.
3270 430 3404 488 Cum
3429 434 3600 491 dixis-

2020 521 2103 569 set
2138 515 2278 569 enim
2305 559 2319 583 ,
2348 517 2507 583 Quem
2536 517 2704 573 Filius
2729 520 2945 576 hominis
2973 522 3107 576 vobis
3135 523 3313 592 dabit;
3343 526 3597 595 subdidit,

2022 604 2175 659 Hunc
2202 608 2334 660 enim
2359 607 2516 662 Pater
2558 611 2774 680 signavit
2801 611 2937 666 Deus
2960 630 2978 667 :
3010 613 3110 669 hoc
3149 623 3265 681 est,
3312 615 3598 687 Propterea

2022 697 2167 751 misit
2196 699 2283 767 qui
2312 699 2453 755 hunc
2478 700 2628 754 vobis
2653 702 2827 756 cibum
2856 703 3039 759 ferret.
3063 704 3213 772 Quod
3240 707 3396 761 aliter
3428 719 3599 777 potest

2024 788 2297 857 explicari.
2331 789 2462 843 Nam
2495 791 2619 845 alibi
2653 808 2862 862 quoque
2892 794 3134 849 Christus
3160 796 3288 851 dicit
3319 816 3331 849 :
3369 799 3467 864 Qui
3506 817 3600 853 au-

2022 880 2094 933 dit
2136 899 2387 936 sermones
2426 900 2560 938 nteos
2588 926 2603 950 ,
2644 886 2776 938 hunc
2809 887 3025 956 signavit
3076 886 3268 953 Pater,
3300 892 3417 958 quia
3463 891 3600 947 Deus

2020 986 2172 1025 uerax
2194 982 2264 1026 est
2287 972 2304 1041 (
2327 973 2484 1027 Joan.
2516 975 2568 1029 '5.
2599 974 2725 1045 5'5);
2758 974 2859 1029 hoc
2886 987 2962 1030 est
2986 1018 2999 1041 ,
3029 976 3306 1031 Manifesta
3332 981 3599 1047 ostendit;

2022 1062 2073 1117 id
2095 1064 2233 1149 quod
2272 1063 2399 1118 mihi
2427 1075 2481 1119 et
2525 1064 2612 1120 hic
2637 1066 2845 1121 videtur
2885 1066 3229 1124 subindicari.
3276 1068 3417 1123 Nihil
3459 1071 3600 1124 enim

2020 1157 2161 1211 aliud
2192 1166 2306 1223 est,
2350 1157 2583 1228 Signavit
2626 1158 2804 1227 Pater,
2834 1175 2991 1230 quam
3037 1160 3309 1228 ostendit,
3341 1162 3603 1217 revelavit

2025 1249 2325 1304 testimonio
2352 1264 2467 1303 suo.
2500 1250 2569 1305 Se
2599 1250 2741 1305 enim
2770 1251 2884 1320 ipse
2906 1250 3140 1306 ostendit
3164 1268 3178 1317 ;
3209 1252 3332 1322 quia
3360 1268 3487 1307 vero
3508 1252 3603 1307 Ju-

2023 1341 2170 1396 dreos
2199 1342 2605 1413 alloquebatur,
2641 1343 2814 1400 Patris
2861 1344 3226 1399 testimonium
3275 1345 3328 1399 in
3368 1344 3601 1400 medium

2023 1432 2263 1486 adduxit.

2092 1526 2147 1581 2.
2206 1525 2251 1580 Α
2302 1526 2409 1580 Deo
2464 1542 2576 1596 qua:
2630 1536 2794 1597 petere
2855 1536 3244 1580 consentaneum
3286 1534 3382 1592 est,
3436 1535 3606 1596 peten-

2024 1619 2164 1671 dum.
2195 1617 2532 1672 Prwsentium
2589 1635 2756 1672 rerum
2793 1621 3005 1672 vanitas.
3056 1617 3259 1672 Futura
3297 1619 3605 1673 immortalia

2022 1717 2174 1772 sunt,
2202 1708 2302 1761 sive
2342 1709 2629 1777 supplicia,
2661 1708 2762 1761 sive
2806 1710 3034 1778 prtcmia.
3070 1738 3142 1748 —
3185 1709 3462 1763 Discamus
3510 1709 3606 1763 ita-

2019 1812 2127 1867 que
2151 1836 2168 1863 ,
2197 1796 2406 1863 dilecti,
2439 1797 2529 1851 illa
2558 1812 2586 1851 a
2613 1798 2727 1852 Deo
2756 1806 2939 1868 petere
2973 1813 3091 1867 qua:
3118 1797 3295 1852 abillo
3319 1808 3607 1853 consenta-

2024 1905 2181 1943 neum
2236 1896 2317 1942 est
2360 1896 2564 1958 petere.
2610 1888 2895 1942 Saecularia
2945 1889 3127 1955 enim,
3181 1904 3394 1958 quoquo
3444 1889 3606 1943 modo

2023 1978 2299 2044 accidant,
2334 1978 2467 2032 nihil
2509 1978 2740 2032 aderunt
2786 1980 3113 2032 nocumenti.
3163 1978 3300 2042 Nam,
3339 1981 3382 2033 si
3414 1980 3608 2034 ditabi-

2024 2088 2143 2126 mur
2161 2115 2176 2139 ,
2208 2072 2294 2126 hic
2322 2079 2524 2125 tantum
2552 2072 2755 2126 deliciis
2786 2072 3021 2127 fruemur
3044 2090 3058 2126 :
3086 2073 3130 2127 si
3158 2074 3211 2126 in
3239 2083 3606 2142 paupertatem

2024 2165 2368 2220 inciderimus
2388 2207 2403 2230 ,
2436 2165 2566 2219 nihil
2594 2166 2804 2219 molesti
2837 2167 3116 2235 patiemur.
3163 2166 3287 2222 Sive
3316 2184 3566 2238 prospera
3590 2211 3605 2234 ,

2026 2256 2138 2311 sive
2164 2257 2330 2310 tristia
2370 2256 2648 2323 accidant,
2680 2259 2784 2310 vim
2831 2259 3027 2311 nullam
3059 2258 3126 2312 ad
3156 2259 3480 2329 voluptatem
3522 2262 3607 2315 vel

2026 2348 2295 2403 tristitiam
2323 2349 2555 2417 habent,
2585 2349 2679 2404 sed
2708 2358 2929 2420 utraque
2955 2352 3379 2417 contemnenda,
3406 2363 3458 2406 ut
3488 2368 3607 2421 qua:

2024 2456 2186 2510 quam
2212 2441 2491 2496 celerrime
2532 2450 2824 2496 transeant.
2857 2442 2980 2496 Ideo
3008 2442 3123 2497 haec
3150 2443 3272 2513 jure
3299 2444 3379 2496 via
3411 2459 3608 2498 vocan-

2027 2540 2133 2599 tur,
2163 2532 2302 2601 quod
2326 2542 2665 2602 praetereant,
2691 2548 2789 2587 nec
2809 2532 2898 2587 diu
2924 2543 3192 2587 maneant.
3226 2534 3421 2588 Futura
3445 2550 3570 2589 vero
3589 2535 3605 2566 ⁸

2028 2637 2250 2697 utraque
2277 2626 2596 2681 immortalia
2627 2634 2782 2690 sunt,
2819 2633 2924 2678 tam
2967 2626 3307 2695 supplicium,
3334 2641 3489 2695 quam
3516 2642 3609 2681 re-

2026 2733 2210 2788 gnum.
2244 2718 2399 2771 Circa
2429 2717 2546 2771 huic
2592 2732 2835 2786 magnam
2878 2731 3124 2786 geramus
3161 2717 3605 2784 sollicitudinem,

2029 2819 2087 2864 ut
2117 2811 2203 2863 illa
2235 2810 2497 2878 fugiamus
2522 2850 2535 2874 ,
2569 2806 2685 2862 hrcc
2726 2822 3095 2877 assequamur.
3126 2807 3261 2874 Quid
3294 2808 3436 2861 enim
3464 2809 3609 2861 utili-

2032 2903 2152 2955 tatis
2181 2916 2246 2954 ex
2290 2900 2641 2970 praesentibus
2666 2898 2916 2953 deliciis?
2944 2898 3111 2952 llodie
3142 2908 3265 2952 sunt
3286 2939 3298 2961 .
3332 2914 3452 2952 cras
3477 2914 3608 2953 avo-

2030 2992 2217 3047 labunt
2247 3008 2261 3045 :
2288 2990 2446 3045 hodie
2477 2990 2576 3045 llos
2602 3000 2723 3044 sunt
2754 2990 3086 3060 splendidus,
3109 3006 3228 3045 cras
3255 3001 3409 3045 erunt
3435 2992 3609 3060 pulvis

2029 3086 2334 3156 dispersus:
2362 3083 2517 3139 hodie
2545 3084 2679 3154 ignis
2700 3098 2976 3147 accensus,
3001 3098 3120 3137 cras
3140 3084 3274 3137 cinis
3295 3085 3608 3138 exstinctus.

2030 3178 2335 3247 Spiritualia
2384 3192 2511 3231 vero
2552 3191 2659 3231 non
2709 3175 3013 3246 hujusmodi
3051 3186 3207 3240 sunt;
3253 3176 3346 3230 sed
3380 3191 3610 3252 semper

2031 3273 2170 3326 clara
2190 3280 2243 3325 et
2264 3270 2470 3336 ﬂorida,
2494 3269 2722 3338 atquein
2746 3268 2860 3324 dies
2881 3267 3239 3338 splendidiora
3257 3268 3506 3322 evadunt.
3534 3268 3611 3322 Di-

2030 3366 2169 3418 vitia:
2190 3364 2293 3419 illa:
2317 3379 2600 3433 numquam
2620 3372 2860 3433 pereunt,
2882 3378 3166 3432 numquam
3193 3360 3604 3427 transferuntur,

2031 3458 2116 3510 vel
2152 3465 2383 3523 cessant,
2405 3470 2690 3524 numquam
2714 3453 3146 3516 sollicitudinem,
3171 3452 3418 3506 invidiam
3445 3464 3496 3505 et
3521 3468 3612 3506 ca-

2034 3547 2288 3601 lumniam
2320 3545 2552 3600 aﬂ‘erunt
2574 3585 2589 3608 ,
2634 3558 2742 3598 non
2769 3558 2962 3612 corpus
3000 3542 3243 3611 perdunt,
3264 3542 3614 3597 nonanimam

2032 3646 2404 3706 corrumpunt,
2426 3650 2529 3690 non
2551 3636 2772 3689 livorem
2793 3634 2873 3688 vel
2903 3632 3153 3687 invidiam
3176 3630 3469 3692 attrahunt;
3494 3646 3613 3700 quze

2035 3729 2217 3785 omnia
2246 3729 2297 3782 in
2330 3727 2476 3782 hisce
2507 3727 2845 3793 reperiuntur
2865 3723 3081 3777 divitiis.
3107 3722 3285 3778 Gloria
3316 3722 3404 3776 illa
3429 3737 3533 3775 non
3561 3721 3615 3777 in

2034 3821 2392 3893 arrogantiam
2424 3819 2666 3883 extollit,
2700 3832 2805 3872 non
2832 3825 3093 3871 tumorem
3122 3815 3293 3887 parit.
3324 3828 3612 3882 numquam

2035 3922 2243 3978 cessat,
2274 3912 2360 3967 vel
2391 3913 2727 3966 obscuratur.
2760 3908 2920 3976 Quies
2949 3917 3107 3976 atque
3134 3905 3338 3960 deliciae
3385 3904 3436 3957 in
3483 3903 3616 3957 caelo

2036 4017 2308 4079 perpetua:
2350 4013 2603 4069 manent,
2653 4017 2865 4070 semper
2911 4001 3145 4054 immota:
3193 4006 3248 4051 et
3290 3996 3617 4050 immortales

2037 4102 2153 4155 sine
2175 4100 2281 4153 ullo
2309 4097 2414 4150 fine
2441 4096 2527 4149 vel
2551 4093 2799 4147 termino.
2832 4091 2979 4144 llanc
2999 4131 3012 4152 ,
3042 4089 3267 4143 obsecro
3292 4128 3305 4149 ,
3333 4088 3492 4140 vitam
3527 4084 3620 4139 de-

2038 4189 2354 4245 sideremus.
2384 4184 2437 4239 Si
2467 4184 2607 4238 enim
2632 4181 2799 4249 ipsam
2827 4180 3121 4247 cupiamus,
3157 4177 3353 4229 nuflam
3378 4188 3619 4245 pratsen-

2041 4280 2170 4334 tium
2202 4278 2461 4332 rationem
2510 4272 2822 4327 habebimus
2842 4312 2856 4335 ,
2910 4270 3004 4323 sed
3035 4269 3148 4323 haec
3176 4268 3353 4321 omnia
3399 4281 3618 4335 sperne-

2041 4385 2160 4424 mus
2207 4377 2263 4424 et
2308 4367 2690 4421 deridebimus.
2749 4363 2973 4417 Etiamsi
3004 4362 3123 4431 quis
3167 4376 3263 4414 nos
3316 4360 3370 4413 in
3418 4360 3616 4429 regiam

2042 4467 2248 4525 evocet,
2271 4473 2377 4527 quo
2405 4456 2535 4510 nihil
2560 4454 2764 4510 beatius
2785 4453 3137 4514 existimatur,
3168 4465 3271 4504 non
3299 4465 3618 4513 annuemus,

2044 4551 2136 4604 tali
2177 4563 2367 4617 nempe
2412 4545 2527 4611 fulti
2556 4560 2688 4614 spe;
2719 4559 2839 4597 nam
2871 4543 2936 4596 iis
2957 4584 2969 4606 ,
2999 4544 3086 4612 qui
3119 4543 3405 4595 cmlestium
3437 4556 3622 4594 amore

2044 4642 2181 4710 capti
2230 4648 2391 4705 sunt,
2422 4638 2472 4692 id
2509 4637 2614 4691 vile
2640 4645 2693 4690 et
2719 4635 2917 4688 nullius
2944 4632 3095 4701 pretii
3142 4642 3434 4703 reputatur.
3460 4630 3623 4698 Quid-

2045 4731 2171 4803 quid
2199 4731 2338 4786 enim
2386 4728 2545 4783 finem
2594 4726 2784 4790 habet,
2816 4740 2919 4779 non
2951 4724 3232 4778 admodum
3262 4724 3621 4793 expetendum

2046 4832 2127 4877 est
2171 4839 2185 4875 :
2237 4821 2377 4890 quod
2426 4828 2634 4884 cessat,
2676 4827 2729 4871 et
2777 4816 2936 4870 hodie
2983 4824 3092 4882 est,
3133 4826 3185 4869 et
3229 4831 3347 4870 cras
3392 4815 3624 4881 desinit,

2048 4914 2255 4969 etiamsi
2285 4912 2596 4975 maximum,
2628 4923 2875 4978 perquam
2907 4909 3179 4961 minimum
3209 4918 3260 4961 et
3282 4916 3626 4961 contemnen-

2050 5006 2174 5061 dum
2203 5004 2435 5059 videtur.
2454 5002 2533 5056 Ne
2563 5001 2720 5070 igitur
2745 5015 2806 5053 ea
2833 5016 2952 5069 quae
2982 4999 3186 5067 fugiunt
3212 5008 3262 5051 et
3289 4998 3627 5059 dilabuntur,

2051 5095 2145 5151 sed
2172 5111 2289 5163 quae
2318 5094 2534 5147 immota
2562 5101 2781 5145 manent
2822 5100 3093 5145 sectemur
3118 5129 3131 5152 ,
3162 5098 3218 5140 ut
3249 5087 3339 5139 illa
3372 5088 3626 5154 consequi

2051 5189 2318 5257 possimus
2343 5226 2357 5248 .
2388 5185 2555 5255 gratia
2585 5193 2639 5237 et
2685 5182 3009 5251 benignitate
3057 5178 3265 5231 Domini
3306 5176 3473 5229 nostri
3503 5175 3628 5232 Jesu

2050 5282 2279 5346 Christi,
2314 5297 2407 5350 per
2432 5294 2585 5350 quem
2613 5288 2667 5331 et
2694 5292 2813 5330 cum
2839 5290 2944 5345 quo
2974 5272 3112 5327 Patri
3143 5270 3307 5341 gloria
3332 5310 3346 5337 ,
3369 5269 3630 5339 simulque

2053 5375 2268 5446 Spiritui
2295 5382 2479 5429 sancto
2502 5414 2516 5436 ,
2549 5384 2689 5424 nunc
2717 5376 2771 5423 et
2795 5381 3006 5436 semper
3025 5405 3040 5431 ,
3077 5372 3130 5418 et
3157 5363 3208 5416 in
3238 5361 3432 5417 smcula
3457 5376 3627 5416 83301-

2052 5468 2245 5521 lorum.
2283 5466 2473 5518 Amen.

2118 5601 2228 5652 ‘Alu
2247 5602 2426 5649 habent
2451 5612 2463 5646 :
2496 5594 2721 5645 Ideolm'c
2747 5606 2774 5639 η
2802 5601 2894 5641 nco
2919 5591 2991 5639 ria
3018 5595 3264 5649 vocantur,
3289 5588 3362 5638 tia
3383 5585 3498 5646 lata,
3520 5583 3623 5635 rit:—

2055 5679 2143 5728 qnc
2166 5671 2364 5724 angusta
2384 5669 2429 5708 et
2452 5659 2701 5717 (mpm-itum
2726 5655 2881 5716 plena.
2911 5662 3090 5703 Futura
3111 5664 3235 5700 vero.
