4104 6156
437 329 536 384 255!

1186 307 1245 363 S.
1270 298 1547 361 JOANNIS
1568 286 2042 352 CIIRYSOSTOMI
2079 284 2397 340 ARCIIIEP.
2424 281 2952 340 CONSTANTINOP.

3601 285 3703 342 2333

447 412 3722 471 Mm"

1825 493 2174 558 HOMILIA
2213 492 2409 554 XLV.

449 671 580 726 CAP.
628 667 682 723 6.
709 681 764 719 ν.
807 662 899 719 28.
940 659 1192 715 Dixerunt
1234 667 1352 723 ergo
1384 648 1453 704 ad
1504 662 1618 701 eum
1645 660 1664 698 :
1695 640 1831 709 Quid
1871 637 2030 710 facie-

522 777 634 814 mus
655 800 668 824 ,
701 766 757 810 ut
778 767 1043 826 operemur
1063 761 1217 817 Opera
1246 742 1376 797 Dei?
1393 739 1485 794 29.
1513 736 1577 791 Et
1600 734 1728 789 dixit
1755 733 1824 787 eis
1843 728 2033 826 {es-us:

529 848 639 904 Hoc
656 817 739 903 est
767 817 894 915 opus
921 841 1047 905 Dei,
1074 846 1127 892 ut
1154 833 1371 889 credatis
1391 831 1444 884 in
1464 843 1578 883 eum
1598 839 1744 892 quem
1768 820 1902 875 misit
1925 817 2032 872 ille.

528 942 619 999 '50.
650 913 903 994 Dixerunt
932 949 1049 1003 ergo
1080 929 1123 983 ei
1154 945 1173 981 :
1206 923 1354 992 Quod
1371 936 1489 991 ergo
1513 927 1565 971 tu
1581 916 1708 988 facis
1731 913 1950 984 signum,
1983 915 2037 960 ut

529 1036 788 1089 videamus
814 1040 859 1084 et
881 1026 1146 1082 credamus
1168 1018 1297 1074 tibi?
1317 1014 1440 1087 quid
1474 1008 1698 1081 operaris
1712 1006 1739 1059 .’

530 1127 582 1182 ’t.
615 1122 763 1180 Gula:
789 1120 1052 1193 pernicies.
1083 1144 1154 1155 —
1178 1109 1323 1166 Nihil
1343 1107 1463 1178 gula
1488 1100 1745 1193 deterius,
1773 1094 1905 1151 nihil
1926 1102 2042 1147 tur-

461 1219 600 1288 pius.
624 1217 750 1272 "tce
778 1188 1028 1269 obtusum
1051 1215 1105 1262 et
1127 1216 1364 1260 crassum
1388 1194 1676 1266 ingenium,
1703 1188 1819 1242 haec
1847 1196 2041 1286 carna-

462 1275 564 1368 lem
588 1310 817 1363 animam
848 1300 1043 1365 reddit,
1073 1298 1188 1352 huic
1202 1297 1453 1354 excaecat,
1485 1299 1582 1341 nec
1601 1281 1728 1336 sinit
1751 1275 2040 1368 respicere.

461 1365 842 1458 Animadverte
882 1388 1151 1463 quomodo
1191 1385 1307 1440 haec
1329 1378 1528 1436 Judaeis
1569 1369 1880 1463 acciderint.
1906 1365 2042 1463 cum

461 1493 605 1548 enim
632 1489 768 1560 gulae
799 1484 1086 1542 inhiantes,
1119 1472 1397 1532 srecularia
1422 1467 1593 1525 solum
1620 1461 1857 1560 nihilque
1883 1455 2046 1558 spiri-

465 1546 606 1636 tuale
625 1546 943 1649 cogitarent,
975 1567 1159 1625 multis
1190 1564 1307 1619 illos
1346 1558 1591 1614 Christus
1609 1550 1788 1606 verbis
1813 1546 2044 1609 excitat,

463 1641 754 1728 acrimonia
781 1676 835 1722 et
860 1657 1187 1732 indulgentia
1216 1653 1409 1726 plenis.
1430 1648 1616 1718 Neque
1640 1655 1817 1698 tamen
1849 1641 2048 1732 sicex-

467 1767 722 1829 citantur,
765 1758 860 1813 sed
905 1729 1080 1809 adhuc
1123 1745 1272 1803 humi
1317 1744 1516 1813 jaceat.
1548 1736 1796 1792 Animum
1822 1729 2047 1791 adhibe,

468 1819 921 1925 qumso;dixet'at
959 1844 1037 1899 eis
1066 1858 1081 1896 ε
1106 1834 1346 1905 Quteritis
1392 1846 1507 1895 me,
1535 1844 1638 1881 non
1686 1824 1806 1895 quia
1858 1819 2052 1876 vidistis

468 1910 634 2015 signa,
658 1910 744 1995 sed
765 1938 883 2009 quia
900 1928 1241 1988 manducastis
1265 1941 1326 1978 ea:
1350 1919 1579 1993 panibus,
1604 1926 1650 1970 et
1673 1913 1887 1969 saturali
1913 1910 2049 1965 estis.

472 2004 691 2090 lticessit
735 2004 854 2084 illos
895 2012 1463 2096 arguendo:ostendit
1510 2022 1762 2080 qua‘nam
1818 2004 1887 2058 sit
1931 2016 2054 2057 esca

471 2122 779 2196 qua-renda,
810 2135 930 2174 cum
961 2116 1055 2180 ait,
1089 2106 1396 2182 Operemini,
1444 2119 1543 2156 non
1572 2100 1734 2154 cibum
1762 2096 1846 2168 qui
1879 2093 2005 2163 perit
2038 2107 2057 2146 :

475 2188 624 2271 addit
659 2212 933 2284 praemium
962 2208 1046 2262 his
1074 2201 1270 2266 verbis,
1303 2197 1408 2254 Sed
1431 2196 1513 2267 qui
1544 2200 1797 2265 permanet
1826 2191 1877 2243 in
1906 2188 2058 2242 vitam

478 2278 716 2363 «eterna-in
752 2321 769 2356 :
794 2299 988 2358 deinde
1011 2309 1198 2353 eorum
1230 2289 1519 2361 objectioni
1549 2283 1797 2347 occurrit,
1831 2278 2059 2335 dicendo

476 2414 535 2453 se
561 2414 589 2452 a
618 2396 775 2452 Patre
796 2393 1017 2448 missum
1045 2400 1164 2443 esse
1186 2382 1285 2453 (a).
1318 2380 1454 2449 Quid
1479 2393 1607 2449 ergo
1638 2375 1751 2430 iili?
1779 2371 1938 2440 Quasi
1975 2371 2059 2424 ni-

481 2489 552 2543 hil
576 2486 872 2551 audissent,
905 2478 1042 2545 Quid
1070 2493 1188 2547 ergo
1228 2474 1489 2545 faciemus,
1515 2468 1778 2539 inquiunt,
1801 2472 1853 2517 ut
1883 2478 2059 2532 opere-

479 2596 593 2633 ntur
622 2593 776 2646 opera
803 2572 934 2628 Dei?
962 2570 1085 2625 lltcc
1108 2579 1269 2638 porro
1293 2563 1562 2628 dicebant,
1591 2575 1697 2614 non
1717 2568 1772 2612 ul
1795 2557 2064 2611 discerent

479 2680 534 2725 et
563 2644 820 2732 iacerent,
848 2673 906 2719 ut
926 2658 1201 2730 sequentia
1231 2654 1552 2718 ostendunt;
1574 2649 1668 2706 sed
1700 2657 1758 2704 ut
1783 2660 1968 2702 rursus
1996 2644 2063 2699 ad

480 2763 658 2816 cibum
685 2752 1024 2829 praebendum
1042 2750 1376 2813 inducerent,
1401 2755 1457 2800 et
1479 2743 1654 2798 denuo
1673 2746 2062 2796 salurareutur.

483 2850 619 2918 Quid
640 2828 772 2918 ergo
809 2841 1093 2900 Christus?
1121 2838 1233 2893 Hoc
1275 2847 1346 2891 est
1373 2852 1501 2904 opus
1530 2832 1646 2898 Dei,
1674 2840 1725 2884 ut
1751 2830 1968 2885 credatis
2012 2828 2066 2881 in

484 2959 601 2998 euut
627 2956 776 3011 quem
802 2936 936 2990 misit
963 2934 1066 2988 ille.
1106 2930 1186 2985 Ad
1219 2930 1334 2983 haec
1361 2926 1433 2981 illi
1466 2943 1480 2978 :
1512 2924 1660 2989 Quod
1684 2923 1885 2993 signum
1916 2919 2063 2991 facis,

486 3048 540 3091 ut
569 3035 823 3087 videamus
850 3037 895 3081 et
922 3021 1226 3079 credamus?
1246 3021 1335 3072 3t.
1369 3016 1551 3070 Patres
1579 3013 1737 3067 nostri
1783 3011 2067 3065 manduca-

485 3132 658 3182 oerunt
681 3136 867 3174 manna
913 3118 967 3170 in
1006 3115 1220 3168 deserto.
1250 3109 1392 3165 Nihil
1425 3107 1507 3161 his
1554 3104 1909 3176 insipientius,
1938 3104 2068 3158 nihil

487 3216 721 3272 stultius.
744 3210 876 3267 Cum
908 3209 1118 3276 signum
1139 3202 1313 3258 adhuc
1334 3201 1386 3255 in
1415 3197 1584 3254 oculis
1606 3207 1765 3262 esset,
1794 3212 1856 3252 ac
1874 3197 1919 3252 si
1949 3196 2070 3251 nul-

488 3309 600 3363 lum
624 3304 820 3359 factum
848 3305 1010 3363 esset,
1028 3293 1294 3359 dicebant,
1322 3288 1471 3358 Quod
1497 3289 1698 3360 signum
1717 3287 1877 3359 facis?
1899 3302 2072 3357 neque

495 3397 599 3469 ipsi
627 3394 897 3465 optionem
942 3385 1079 3458 signi
1105 3383 1440 3453 relinquunt;
1471 3380 1565 3435 sed
1594 3387 1778 3449 putant
1804 3393 1860 3435 se
1880 3377 1946 3433 ad
1976 3392 2072 3433 nc-

489 3493 791 3549 cessitatem
821 3486 969 3541 ἱιιιιιιι
1002 3481 1318 3538 reducturos
1334 3491 1474 3544 esse,
1501 3484 1557 3530 ut
1581 3489 1686 3529 non
1702 3472 1847 3529 aliud
1866 3472 2073 3544 signum

490 3586 710 3649 faceret,
771 3595 929 3650 quam
980 3573 1121 3646 quod
1176 3571 1441 3641 majorum
1495 3582 1712 3624 suorum
1744 3566 2074 3637 temporibus

494 3680 689 3733 factum
712 3685 814 3730 est.
840 3672 965 3727 ldeo
988 3669 1171 3724 dicunt
1199 3683 1212 3719 :
1241 3662 1424 3716 Patres
1467 3659 1624 3715 nostri
1649 3658 2077 3712 manducaverunt

497 3783 685 3821 manna
709 3766 759 3817 in
782 3763 976 3816 deserto
993 3776 1012 3823 ;
1034 3757 1135 3811 hoc
1158 3754 1316 3809 modo
1344 3767 1403 3807 se
1432 3751 1579 3805 ἱΙΙιιιιι
1608 3750 1933 3804 excitaturos
1959 3763 2079 3803 esse

497 3865 766 3931 putantes,
812 3864 864 3909 ut
921 3846 1224 3919 hujusmodi
1274 3845 1481 3914 signum
1516 3842 1733 3906 faceret,
1782 3840 1922 3910 quod
1962 3841 2080 3893 illos

496 3949 784 4006 carnaliter
828 3942 972 3999 alere
1000 3946 1202 4010 posset.
1231 3937 1338 3991 Cur
1368 3934 1509 3989 enim
1540 3948 1649 3987 non
1676 3931 1815 3987 aliud
1839 3948 1901 3987 ex
1932 3933 2080 4002 prio-

498 4043 646 4097 ribus
684 4037 849 4108 signis
888 4034 1379 4089 commemorarunt
1402 4045 1414 4079 :
1439 4025 1539 4080 etsi
1571 4024 1734 4079 multa
1778 4032 1903 4077 tunc
1951 4026 2081 4077 facta

500 4134 721 4189 l‘uissent
758 4130 811 4183 in
840 4126 1094 4196 Egypto,
1127 4123 1179 4175 in
1210 4118 1367 4183 mari,
1396 4118 1448 4171 in
1479 4116 1727 4180 deserto;
1766 4115 1860 4169 sed
1909 4114 2081 4167 solum

500 4238 691 4278 manna
724 4214 1041 4289 proferunt?
1071 4227 1245 4266 annon
1273 4208 1395 4279 quia
1421 4204 1624 4261 ventris
1663 4202 1942 4276 tyrannide
1986 4203 2084 4257 ad-

501 4314 713 4370 modum
734 4305 1089 4365 tenebautur?
1112 4301 1389 4372 Quomodo
1415 4308 1591 4355 autem
1614 4313 1710 4352 vos
1739 4298 1826 4367 qui
1852 4295 2087 4367 prophe-

502 4418 608 4461 tam
637 4404 783 4459 illum
811 4399 1060 4461 vocastis,
1096 4396 1182 4465 qui
1215 4408 1395 4464 regem
1424 4392 1595 4460 ipsum
1642 4390 1972 4444 constituere
1996 4404 2088 4441 vo-

502 4499 695 4562 luistis,
718 4494 839 4563 quia
868 4491 1077 4558 signum
1106 4485 1378 4549 videratis,
1410 4498 1554 4536 nunc
1574 4496 1637 4535 ac
1663 4482 1708 4535 si
1736 4482 1866 4534 nihil
1892 4481 2085 4535 factum

504 4591 592 4647 sit.
621 4584 813 4657 ingrati
832 4590 887 4636 et
917 4577 1098 4648 perﬁdi
1124 4576 1270 4637 estis,
1319 4583 1374 4627 et
1418 4574 1626 4641 signum
1654 4572 1853 4639 petitis,
1884 4572 2088 4641 parasi-

509 4690 681 4732 torum
704 4684 757 4728 et
777 4686 967 4727 canum
995 4667 1354 4720 iamelicorum
1379 4678 1561 4717 vocem
1587 4662 1931 4715 amittentes?
1953 4677 2093 4715 nunc

506 4768 662 4823 vobis
691 4777 881 4818 manna
907 4756 1245 4813 admirationi
1273 4762 1374 4816 est,
1398 4769 1518 4807 cum
1539 4752 1713 4806 anima
1745 4761 1916 4806 vestra
1953 4752 2088 4806 deﬁ—

511 4861 584 4915 cit
609 4857 665 4911 ‘?
701 4855 767 4910 Et
798 4851 1013 4908 adverte
1042 4849 1285 4903 ironiam.
1312 4845 1427 4900 Non
1456 4845 1723 4907 dixerunt,
1754 4841 1962 4913 Moyses
1994 4845 2094 4898 hoc

512 4953 631 5009 fecit
660 4950 892 5019 signum,
921 4952 976 4998 tu
1006 4940 1131 5012 quid
1161 4938 1324 4994 facis?
1346 4955 1413 4993 ne
1441 4939 1585 4991 illum
1607 4936 1974 5000 concitarent;
2000 4936 2093 4990 sed

510 5018 803 5102 honorilice
840 5034 1127 5091 admodum
1182 5030 1527 5101 compellant,
1568 5018 1743 5083 cibum
1785 5035 2096 5097 exspectan-

575 5178 649 5241 (τι)
682 5170 1064 5241 oﬂ‘eudebantur
1086 5164 1243 5241 {miti
1260 5162 1395 5241 quod.
1413 5168 1644 5241 putarent
1668 5160 1912 5241 Cbgistum
1935 5173 1998 5232 es
2021 5172 2087 5209 se

515 5221 803 5302 ηιὲῖὶίιὼρἐ
839 5247 901 5283 ex
921 5229 1220 5302 auctoritate
1226 5221 1428 5302 propria
1450 5224 1579 5285 loqui
1611 5224 1772 5302 Lquod
1798 5221 1990 5302 etiamsi
2018 5235 2100 5302 ve-

516 5284 794 5354 finiam,
817 5303 872 5344 ut
892 5304 1026 5353 Step8
1048 5290 1166 5339 dicit
1187 5284 1558 5350 Clirysostomus
1572 5322 1585 5345 ,
1611 5284 1829 5354 Christus
1858 5291 2019 5354 tamen
2043 5284 2102 5332 il-

516 5344 1020 5408 idiiitﬁ'iiﬁiiecunuin
1043 5366 1101 5401 se
1130 5344 1486 5410 attemperaus,
1513 5360 1621 5396 cum
1661 5344 1870 5395 nondum
1910 5352 2101 5406 tempus

515 5431 549 5470 e
574 5428 654 5469 set
696 5420 996 5467 divinitatem
1033 5426 1168 5463 suam
1214 5408 1572 5462 ntanii‘estandi.
1596 5420 1656 5456 se
1692 5419 1719 5455 a
1758 5414 1858 5455 Deo
1883 5412 1940 5470 et
1961 5413 2100 5455 Patre

520 5467 715 5540 nussum
737 5479 960 5538 dicebat,
986 5475 1114 5540 quod
1138 5472 1335 5540 quidem
1360 5472 1664 5540 verissimum
1690 5474 1830 5529 erat;
1970 5475 2104 5540 tace-

521 5543 600 5590 bat
626 5539 757 5597 illud,
782 5553 838 5587 se
856 5530 958 5587 non'
986 5530 1137 5585 P'atﬂs
1155 5530 1319 5597 modo,
1353 5533 1441 5581 sed
1466 5545 1553 5581 sua
1575 5542 1773 5593 quoque
1807 5530 2101 5597 auctoritate

518 5590 870 5713 aperturi/Hoc
910 5600 1068 5660 ipsum
1097 5610 1193 5644 non
1226 5594 1366 5654 facit,
1407 5608 1518 5642 cum
1557 5590 1613 5641 se
1647 5590 1857 5639 a’l‘atre
1902 5590 2103 5637 missum

558 5675 612 5712 ιω
641 5702 652 5712 .

558 5669 652 5712 ictt.

588 5710 603 5755 λ
640 5710 779 5785 savii.
807 5719 947 5781 legit,
971 5730 1098 5785 nunc
1122 5715 1248 5785 rubis
1280 5729 1454 5767 nummi
1491 5711 1801 5766 admirationi
1831 5718 1902 5764 est
1930 5710 1955 5762 .’
1979 5711 2092 5773 jam

514 5794 613 5837 non
634 5781 798 5833 anima
819 5779 971 5833 ucstra
994 5779 1175 5841 deficit.

2140 642 2237 688 tes.
2270 633 2452 703 Neque
2478 633 2637 688 etiam
2688 632 2958 699 dixerunt,
2990 633 3131 689 Deus
3158 632 3263 689 hoc
3317 635 3457 693 fecit.
3497 647 3550 693 tu
3594 654 3726 695 vero

2137 723 2263 794 quid
2317 723 2489 777 facis?
2544 739 2611 778 ne
2657 722 2967 778 viderentur
3023 724 3172 777 illum
3216 726 3338 781 IDeo
3405 743 3722 800 exmquare;

2141 829 2315 885 neque
2339 811 2573 885 Moysem
2600 822 2920 883 memorant,
2965 830 3033 870 ne
3074 815 3360 872 videantur
3387 818 3725 878 humiliorem

2140 904 2315 961 facere
2337 922 2352 972 ;
2375 905 2469 962 sed
2499 906 2554 961 in
2579 907 2754 961 medio
2778 905 2831 960 id
2868 918 3181 975 posuerunt,
3231 909 3510 966 dicentes:
3545 912 3728 970 Patres

2142 1000 2302 1053 nostri
2331 999 2756 1053 manducaverunt
2792 1015 2978 1052 manna
3003 999 3056 1052 in
3078 999 3292 1066 deserto.
3340 1002 3558 1059 Poterat
3601 1021 3729 1061 vero

2143 1089 2387 1145 Christus
2413 1090 2614 1156 dicere,
2637 1090 2806 1160 Majus
2848 1105 2989 1145 nunc
3016 1080 3329 1147 miraculum
3376 1095 3541 1163 edidi,
3570 1112 3728 1167 quam

2144 1182 2374 1252 Moyses,
2405 1197 2503 1237 nec
2536 1183 2678 1253 virga
2700 1224 2715 1249 ,
2749 1197 2850 1237 nec
2897 1185 3207 1253 precatione
3240 1201 3376 1255 opus
3408 1188 3598 1255 habeo,
3635 1191 3729 1246 sed

2146 1274 2323 1327 omnia
2351 1289 2380 1327 a
2401 1273 2606 1343 meipso
2636 1273 2736 1328 l'eei
2768 1293 2780 1328 :
2809 1274 2951 1343 quod
2983 1275 3027 1329 si
3056 1290 3249 1330 manna
3276 1283 3732 1350 commemoratis,

2148 1380 2274 1420 ecce
2306 1381 2494 1434 panem
2540 1365 2691 1420 vobis
2720 1366 2939 1436 prtebui.
2969 1365 3167 1421 Verum
3205 1384 3308 1423 non
3343 1380 3472 1426 tunc
3525 1382 3734 1443 tempus

2149 1467 2264 1511 erat
2307 1457 2377 1511 ita
2407 1458 2679 1527 loquendi,
2712 1458 2805 1512 sed
2835 1474 2996 1512 unum
3033 1461 3273 1528 curabat,
3306 1470 3363 1516 ut
3389 1464 3509 1518 illos
3536 1464 3603 1519 ad
3628 1468 3738 1536 Spi-

2148 1547 2394 1601 ritualem
2434 1548 2609 1603 cibum
2649 1547 2956 1604 deduceret.
3014 1548 3080 1604 Et
3123 1551 3241 1606 vide
3282 1568 3441 1622 quam
3474 1553 3734 1611 immensa

2151 1653 2269 1692 cum
2298 1638 2575 1709 prudentia
2605 1641 2919 1709 respondeat
2953 1658 2966 1694 :
2996 1641 3088 1697 32.
3120 1641 3241 1697 Non
3263 1642 3463 1713 Moyses
3489 1644 3627 1700 dedit
3645 1661 3736 1701 vo-

2153 1729 2227 1783 bis
2248 1747 2428 1800 panem
2454 1732 2517 1785 de
2540 1732 2681 1796 rtelo,
2729 1732 2818 1785 sed
2839 1731 2998 1786 Pater
3032 1749 3172 1787 meus
3202 1733 3287 1787 dat
3310 1734 3447 1788 vobis
3473 1752 3653 1805 panem
3674 1737 3739 1791 de

2156 1823 2280 1877 cwlo
2320 1840 2508 1877 verum.
2546 1822 2652 1877 Cur
2684 1839 2788 1877 non
2816 1823 2968 1892 dixit,
3015 1824 3132 1879 Non
3181 1825 3391 1895 Moyses
3441 1825 3606 1895 dedit,
3641 1827 3737 1883 sed

2157 1930 2256 1984 ego
2280 1931 2294 1979 ;
2317 1915 2410 1969 sed
2439 1930 2534 1985 pro
2560 1915 2740 1986 Moyse
2765 1916 2949 1979 Deum,
2992 1930 3089 1985 pro
3137 1931 3327 1969 manna
3359 1917 3595 1987 scipsum
3642 1932 3741 1988 pn-

2158 2008 2295 2061 suit?
2321 2007 2453 2072 Quia
2483 2008 2645 2062 multa
2673 2019 2789 2061 erat
2829 2008 3129 2062 auditorum
3178 2010 3548 2076 imbecillitas,
3596 2022 3650 2065 ut
3677 2028 3741 2065 ex

2160 2098 2506 2169 sequentibus
2535 2100 2714 2169 liquet.
2766 2099 2974 2154 Etenim
3006 2116 3106 2154 non
3135 2100 3255 2156 illos
3285 2100 3369 2157 his
3402 2103 3580 2157 verbis
3598 2103 3746 2157 col-i-

2161 2188 2293 2255 buit,
2318 2190 2526 2243 tametsi
2576 2189 2726 2243 initio
2752 2189 2976 2254 dixerat,
3014 2189 3253 2257 Quaeritis
3274 2209 3373 2258 me,
3404 2208 3503 2246 non
3531 2194 3648 2260 quia
3674 2192 3771 2245 ri—-

2162 2282 2307 2336 distis
2325 2282 2489 2353 signa,
2518 2281 2607 2335 sed
2627 2283 2745 2347 quia
2767 2282 3051 2336 comedistis
3068 2297 3130 2336 ea:
3159 2284 3376 2353 panibus
3414 2298 3432 2338 :
3457 2294 3502 2338 et
3530 2287 3745 2338 suturmi
3816 2288 3830 2301 '

2163 2375 2298 2428 estis.
2328 2374 2459 2441 Quia
2487 2387 2613 2428 vero
2640 2373 2691 2428 id
2718 2373 3052 2443 quarrebant,
3083 2373 3136 2428 in
3158 2375 3507 2444 sequentibus
3536 2391 3748 2447 quoque

2165 2466 2310 2536 ipsos
2333 2467 2585 2532 correxit,
2616 2480 2788 2534 neque
2830 2474 3005 2520 tamen
3051 2465 3129 2520 illi
3180 2466 3520 2524 destiterunt.
3553 2470 3746 2526 Verum

2165 2575 2284 2615 cum
2312 2558 2658 2614 Samaritana:
2688 2572 2747 2612 se
2771 2571 2961 2626 aquam
2989 2556 3234 2612 daturum
3265 2558 3620 2629 polliwretur,
3649 2563 3748 2618 Pa-

2168 2663 2301 2709 trem
2329 2670 2433 2708 non
2460 2652 2794 2718 memoravit,
2819 2650 2915 2706 sed
2943 2652 3015 2706 ita
3056 2651 3309 2723 loquutus
3338 2663 3457 2710 est:
3485 2656 3546 2711 Si
3600 2660 3750 2715 scires

2167 2746 2276 2816 quis
2297 2755 2368 2800 est
2392 2745 2479 2814 qui
2498 2744 2619 2798 dicit
2641 2743 2749 2809 tibi,
2778 2741 2863 2797 Da
2888 2743 3012 2797 mihi
3029 2743 3213 2812 bibere,
3238 2755 3291 2799 tu
3315 2745 3528 2816 forsitan
3544 2748 3748 2818 petisses

2167 2839 2229 2892 ab
2257 2855 2337 2902 eo,
2365 2848 2410 2891 et
2440 2837 2656 2891 dedisset
2679 2836 2767 2891 tibi
2805 2853 2991 2908 aquam
3019 2837 3222 2903 vivam;
3262 2847 3318 2893 et
3369 2854 3574 2903 rursus,
3607 2841 3752 2911 Aqua

2169 2946 2320 3001 quam
2362 2945 2453 2998 ego
2481 2927 2649 2991 dabo;
2685 2941 2785 2982 nec
2829 2926 3055 2982 remittit
3104 2926 3171 2982 ad
3219 2928 3454 2984 Patrem.
3506 2929 3601 2985 llic
3626 2947 3754 2987 vero

2171 3022 2382 3077 Patrem
2410 3030 2686 3087 memorat,
2732 3028 2790 3075 ut
2825 3019 2999 3076 discas
3025 3031 3220 3091 quanta
3241 3031 3384 3078 esset
3409 3023 3754 3079 Samaritana:

2174 3114 2340 3177 ﬁdes,
2373 3121 2569 3182 quanta
2619 3111 2925 3167 Judasorum
2976 3111 3326 3167 imbecillitas.
3354 3110 3469 3166 Non
3513 3129 3641 3183 ergo
3688 3114 3757 3170 de

2173 3204 2304 3260 caelo
2354 3218 2546 3256 hianna
2601 3212 2715 3257 erat
2743 3220 2757 3256 :
2787 3202 3058 3273 quomodo
3108 3202 3265 3272 igitur
3312 3202 3380 3258 de
3408 3202 3535 3258 curio
3565 3204 3758 3258 dicitur

2175 3295 2329 3350 esse?
2362 3291 2820 3360 Quemadmodum
2861 3291 3100 3347 Volucres
3127 3292 3238 3346 creti
3266 3290 3446 3364 (Psal.
3471 3293 3523 3349 8.
3552 3294 3648 3362 9),
3679 3294 3760 3349 di-

2175 3387 2247 3440 cit
2267 3385 2573 3455 Scriptura;
2603 3399 2667 3439 ac
2690 3399 2926 3453 rursum,
2954 3383 3022 3437 Et
3045 3384 3264 3439 intonuit
3305 3386 3367 3439 de
3416 3386 3539 3441 cado
3578 3384 3761 3440 Domi-

2178 3493 2273 3531 nus
2298 3474 2478 3548 (Psul.
2510 3476 2597 3530 17.
2624 3475 2689 3530 14
2713 3475 2751 3545 ).
2776 3474 2974 3530 Panem
2997 3484 3176 3531 autem
3200 3491 3387 3531 verum
3413 3486 3568 3532 vocat
3594 3477 3759 3542 illum,

2181 3586 2286 3626 non
2316 3569 2455 3640 quod
2478 3567 2668 3623 falsum
2688 3577 2831 3623 esset
2853 3568 3166 3623 miraculum
3186 3569 3253 3624 de
3275 3570 3599 3638 manna,sed
3629 3585 3762 3641 quo-

2183 3665 2323 3717 niam
2370 3665 2471 3717 hoc
2528 3672 2683 3733 typus
2723 3670 2858 3724 erat,
2907 3674 3011 3713 non
3067 3660 3181 3729 ipsa
3225 3661 3439 3715 veritas.
3483 3661 3613 3716 Cum
3642 3677 3765 3715 vero

2182 3755 2375 3827 Moysis
2398 3754 2746 3816 tueminisset,
2773 3766 2876 3806 non
2901 3766 2960 3806 se
2985 3751 3059 3804 illi
3079 3753 3310 3820 praetulit
3333 3769 3346 3818 ;
3372 3751 3603 3807 nondum
3626 3751 3768 3806 enim

2184 3847 2355 3916 ipsum
2390 3844 2557 3916 Moysi
2586 3842 2973 3908 antelcrebanl,
3007 3843 3114 3896 imo
3139 3842 3373 3913 Moysem
3402 3842 3576 3898 adhuc
3605 3841 3772 3912 majo-

2184 3952 2295 3991 rem
2328 3936 2600 4005 putabant.
2632 3934 2755 3989 ldeo
2783 3948 2903 3987 cum
2933 3933 3174 3999 dixisset,
3214 3931 3338 3987 Non
3382 3933 3587 4004 Moyses
3612 3933 3771 3999 dedit,

2187 4044 2293 4084 non
2323 4027 2541 4098 adjecit,
2569 4028 2680 4097 Ego
2702 4026 2790 4092 do,
2816 4025 2909 4080 sed
2933 4026 3143 4081 Patrem
3167 4026 3300 4080 dare
3326 4025 3475 4080 dicit.
3508 4026 3641 4080 Tum
3671 4025 3770 4089 illi,

2190 4119 2269 4173 Da
2298 4120 2441 4173 nobis
2456 4135 2636 4189 panem
2665 4118 2797 4171 hunc
2825 4117 2893 4170 ad
2912 4115 3340 4169 manducandum.
3393 4116 3585 4170 Adhuc
3629 4117 3773 4170 enim

2188 4227 2302 4267 rem
2332 4224 2451 4265 esse
2477 4209 2729 4265 sensilcm
2753 4209 3026 4279 putabant,
3058 4205 3230 4260 adhuc
3260 4216 3501 4260 ventrem
3551 4209 3778 4276 implere

2188 4301 2568 4371 exspectabant
2599 4319 2613 4355 :
2645 4301 2842 4356 idcirco
2867 4301 3022 4356 citius
3043 4306 3410 4355 accurrerunt.
3460 4298 3598 4365 Quid
3648 4315 3779 4369 ergo

2190 4392 2628 4448 Christus?lllos
2658 4391 2911 4462 paulatim
2933 4392 3147 4462 erigens
3182 4389 3365 4460 adjicit
3418 4408 3431 4444 :
3476 4389 3567 4444 53.
3619 4387 3782 4442 Panis

2194 4485 2291 4540 Dei
2314 4495 2386 4540 est
2408 4485 2494 4556 qui
2524 4484 2783 4539 descendit
2806 4483 2869 4537 de
2896 4482 3041 4549 caelo,
3067 4492 3113 4535 et
3139 4481 3225 4535 dat
3251 4482 3401 4534 vitam
3427 4480 3654 4545 mundo;
3675 4494 3781 4533 non

2193 4577 2395 4633 Jttduris
2424 4585 2649 4643 tantum,
2680 4573 2774 4630 sed
2799 4574 3048 4628 universo
3074 4572 3210 4636 orbi,
3240 4573 3430 4641 inquit.
3459 4571 3642 4640 Neque
3664 4569 3783 4623 sim-

2196 4669 2402 4737 pliciter
2430 4668 2630 4734 cibum,
2664 4666 2757 4721 sed
2786 4665 2947 4719 vitam
2970 4663 3100 4719 dicit
3118 4664 3343 4718 alteram
3391 4671 3447 4718 et
3492 4662 3783 4720 diversam.

2198 4759 2370 4812 Vitam
2418 4767 2594 4812 autem
2625 4757 2772 4820 dicit,
2830 4755 2954 4825 quia
3002 4769 3192 4810 omnes
3238 4755 3434 4810 mortui
3485 4764 3659 4810 erant.
3703 4751 3781 4807 llli

2197 4867 2328 4905 vero
2348 4850 2521 4904 adhuc
2547 4859 2703 4903 terrae
2753 4846 3032 4901 adhaerent
3058 4860 3120 4902 ac
3148 4845 3369 4902 dicunt:
3395 4846 3483 4901 54.
3511 4845 3595 4900 Du
3644 4842 3787 4896 nobis

2200 4942 2332 4996 hunc
2355 4957 2554 5010 panem.
2581 4939 2769 5010 Arguit
2792 4950 2971 4995 autem
2994 4940 3114 4994 illos
3139 4939 3279 5009 quod
3306 4936 3557 5008 quamdiu
3603 4934 3780 4989 sensi-

2201 5033 2306 5089 lem
2353 5031 2755 5100 suspicabantur
2796 5045 2918 5086 esse
2967 5044 3229 5093 mensam,
3254 5027 3614 5092 accurrerint;
3669 5040 3790 5078 eum

2200 5128 2377 5173 autem
2408 5115 2709 5172 didicerunt
2734 5129 2975 5170 mensam
3006 5129 3127 5169 esse
3147 5112 3505 5181 spiritualem,
3545 5110 3655 5178 jam
3687 5120 3793 5161 non

2202 5211 2488 5276 accedant;
2514 5210 2748 5277 dicitque
2772 5224 2785 5260 :
2809 5208 2899 5263 55.
2921 5206 3034 5276 Ego
3061 5223 3174 5261 sum
3201 5205 3349 5274 panis
3373 5205 3487 5256 vita
3510 5216 3529 5254 :
3556 5200 3645 5269 qui
3663 5198 3797 5252 venit

2202 5305 2270 5359 ad
2298 5320 2394 5368 me,
2424 5318 2523 5356 non
2545 5300 2764 5363 esuriet;
2796 5309 2841 5352 et
2866 5298 2953 5368 qui
2985 5297 3142 5351 credit
3170 5300 3220 5349 in
3250 5311 3327 5347 me
3347 5334 3360 5358 ,
3395 5308 3494 5345 non
3524 5290 3658 5344 sitiet
3680 5305 3796 5342 um-

2203 5412 2376 5465 quam.
2405 5394 2493 5449 56.
2530 5391 2637 5447 Sed
2664 5391 2774 5445 dixi
2802 5389 3098 5458 vobis,quia
3136 5399 3186 5442 et
3225 5385 3419 5439 vidistis
3466 5399 3574 5449 me,
3626 5392 3675 5436 et
3698 5397 3801 5435 non

2204 5487 2403 5543 creditis
2445 5485 2587 5538 ini/ti.

2275 5579 2310 5631 ‘2.
2368 5578 2480 5640 Qua
2509 5585 2671 5628 mente
2692 5574 2923 5628 Christus
2964 5587 3114 5626 suum
3149 5569 3487 5624 testimonium
3530 5582 3562 5619 a
3594 5563 3821 5618 nemine-

2206 5669 2368 5737 accipi
2412 5666 2609 5720 Judwis
2646 5667 2848 5720 diceret.
2876 5664 3036 5717 Panis
3059 5664 3177 5718 vita:
3213 5662 3337 5732 quid
3379 5662 3463 5715 sit.
3486 5687 3559 5701 ——
3585 5656 3697 5711 lloc
3744 5663 3801 5710 et

2208 5761 2442 5817 Joatmes
2468 5759 2714 5829 superius
2741 5758 2923 5813 dicere
2966 5762 3356 5827 praeverterat:
3389 5749 3539 5820 Quod
3564 5747 3698 5804 novit
3719 5745 3799 5800 to-
