4104 6156
438 312 544 371 Ξΰῦ

438 431 655 493 δεικνὺς
683 429 766 484 ὅτι
805 430 866 482 οὐ
896 427 1152 499 ταράττει
1190 428 1254 481 τὸ
1290 431 1523 499 πρᾶγμα
1555 428 1734 489 αὑτὸν,
1781 425 1901 479 οὐδέ
1932 423 2015 476 δό-

443 514 541 583 ξης
574 513 799 583 ἐφίεται,
846 512 966 565 οὐδὲ
999 512 1183 579 ἀγνοεῖ
1221 512 1290 565 τὰ
1321 514 1608 584 ἀπόρρητα
1651 514 1746 582 τῆς
1778 509 2014 570 διανοίας

442 597 639 657 αὐτῶν,
685 594 805 649 οὔτε
848 595 916 648 τὰ
951 597 1226 674 παρόντα,
1271 594 1395 648 οὔτε
1439 597 1508 650 τά
1545 595 1821 666 μέλλοντα.
1867 590 2013 660 Ἐγώ

329 687 333 689 “
441 684 554 750 εἰμι
600 683 633 733 ὁ
671 679 845 748 ἄρτος
872 679 982 747 τῆς
1012 678 1179 747 ζωῆς.
1228 680 1429 733 Μέλλει
1457 680 1640 733 λοιπὸν
1672 681 1751 741 είς
1776 678 1874 748 τὴν
1907 676 2013 728 τῶν

445 763 755 834 μυστηρίων
788 762 1045 832 ἐμϐαλεῖν
1093 762 1412 832 παράδοσιν.
1468 762 1579 814 Kal
1631 761 1844 831 πρῶτον
1887 758 2014 829 περὶ

440 844 538 915 τῆς
567 846 815 916 θεότητος
846 845 1005 898 αὐτοῦ
1024 844 1175 916 [264]
1195 846 1496 913 διαλέγεται
1514 845 1705 912 λέγων.
1737 841 1882 913 Ἐγώ
1898 844 2014 911 ειμι

442 931 476 985 ὁ
504 931 680 997 ἄρτος
694 929 805 998 τῆς
826 927 994 997 ζωῆς.
1010 929 1145 982 Οὐδέ
1177 929 1286 1001 γάρ
1311 948 1376 982 πε
1387 931 1439 999 pl
1461 928 1556 982 τοῦ
1589 928 1839 999 σώματος
1859 925 2014 979 τοῦτο

440 1016 657 1084 εἴρηται
692 1015 841 1083 (περὶ
867 1013 974 1084 γὰρ
1001 1015 1214 1067 ἐκείνου
1243 1013 1376 1084 πρὸς
1407 1012 1484 1083 τῷ
1508 1013 1658 1066 τέλει
1686 1013 1868 1080 λέγει·
1905 1010 2011 1064 Καὶ

441 1099 476 1150 ὁ
496 1096 673 1164 ἄρτος
694 1096 780 1163 δὲ,
808 1097 879 1149 ὃν
897 1097 1010 1164 ἐγὼ
1037 1095 1227 1160 δώσω,
1256 1098 1293 1164 ή
1323 1096 1480 1163 σάρξ
1497 1113 1616 1164 μου
1635 1095 1859 1162 ἐστίν)·
1878 1090 2013 1146 ἀλλά

442 1178 577 1240 τέως
613 1179 740 1248 περὶ
793 1179 893 1247 τῆς
937 1179 1204 1247 θεότητος.
1255 1181 1365 1231 Kal
1413 1178 1519 1248 γὰρ
1559 1180 1737 1245 ἐκείνη
1791 1176 1877 1229 διὰ
1923 1176 2014 1228 τὸν

439 1261 572 1313 Θεὸν
609 1261 778 1328 Λόγον
811 1262 970 1331 ἄρτος
1001 1261 1174 1314 ἐστίν·
1208 1260 1396 1331 ὥσπερ
1427 1256 1518 1313 οὖν
1549 1261 1641 1312 καὶ⁸
1673 1255 1823 1320 οὗτος
1848 1261 1876 1311 0
1914 1257 2013 1326 ἀρ-

440 1362 532 1405 τος
568 1344 654 1396 διὰ
682 1342 742 1395 τὸ
770 1342 1064 1409 ἐπιφοιτῶν
1104 1342 1252 1413 αὐτῷ
1292 1343 1518 1413 Πνεῦμα
1560 1340 1723 1414 ἄρτος
1764 1340 2012 1412 οὐράνιος

441 1426 666 1494 γίνεται.
702 1424 965 1477 Ἐνταῦθα
992 1425 1047 1477 δέ
1075 1425 1135 1477 οὐ
1176 1425 1438 1495 κέχρηται
1473 1424 1727 1494 μάρτυσι,
1760 1421 2012 1491 καθάπερ

438 1509 532 1560 ἐπὶ
560 1508 655 1576 τῆς
693 1506 963 1578 προτέρας
1006 1506 1373 1577 δημηγορίας·
1408 1506 1522 1577 εἶχε
1555 1507 1663 1576 γὰρ
1707 1504 1836 1558 αὐτὸ
1872 1520 2012 1574 μαρ-

437 1590 633 1661 τυροῦν
669 1590 729 1643 τὸ
782 1590 940 1661 ἔργον
975 1590 1080 1642 τῶν
1112 1590 1311 1660 ἄρτων,
1347 1592 1439 1642 καὶ
1484 1591 1621 1653 τέως
1649 1587 2013 1659 ὑποκρινομέ-

437 1690 558 1736 νους
602 1672 750 1742 αὐτῷ
793 1671 1096 1726 πείθεσθαι.
1137 1674 1284 1725 Ἐκεῖ
1311 1672 1367 1724 δέ
1400 1672 1682 1740 ἀντέλεγον
1709 1672 1802 1725 καὶ
1827 1672 2013 1723 ἐνεκά-

436 1756 593 1808 λουν’
643 1754 732 1808 διὰ
779 1756 935 1808 τοῦτο
979 1755 1210 1808 ἐνταῦθα
1257 1756 1351 1808 καὶ
1411 1755 1791 1824 ἀποφαίνεται.
1844 1754 1907 1805 Οἱ
1955 1752 2011 1805 δέ

438 1838 626 1908 ἐπειδὴ
670 1837 1011 1908 προσεδόκων
1042 1838 1337 1900 ἑστιάσεως
1376 1837 1775 1890 ἀπολαύσεσθαι
1825 1853 2013 1907 σαρκι-

439 1922 561 1991 κῆς,
594 1920 836 1990 μένουσι,
891 1921 984 1973 καὶ
1027 1920 1087 1972 οὐ
1138 1923 1510 1991 ταράττονται,
1548 1920 1693 1982 ἓωςι
1740 1921 1826 1971 ὅτε
1873 1918 2010 1989 μετά

435 2005 607 2057 ταῦτα
638 2004 962 2073 ἀπέγνωσαν
996 2005 1097 2074 τῆς
1126 2004 1352 2068 ἐλπίδος.
1381 2004 1526 2075 Πλὴν
1556 2002 1675 2056 οὐδὲ
1704 2000 1874 2065 οὕτως
1908 2001 2012 2053 ἐσί-

434 2103 603 2156 γησεν
629 2089 656 2139 ὁ
684 2086 944 2158 Χριστὸς,
980 2086 1112 2139 ἀλλά
1142 2089 1233 2140 καὶ
1278 2087 1444 2140 πολλὰ
1485 2083 1811 2156 ὲντρεπτικά
1838 2084 2006 2151 λέγει.
2052 2128 2075 2149 ,

435 2170 498 2223 Οἱ
529 2170 616 2234 δέ,
666 2170 828 2241 ἡνίκα
861 2170 1068 2241 ἤσθιον,
1103 2172 1389 2242 προφήτην
1418 2170 1576 2223 αὑτὸν
1605 2168 1854 2236 λέγοντες
1875 2209 1888 2228 ,
1925 2168 2010 2220 ἐν-

434 2253 607 2305 ταῦθα
661 2253 1130 2317 σκανδαλίζονται,
1188 2254 1281 2307 καὶ
1330 2252 1423 2305 τοῦ
1479 2252 1731 2314 τέκτονος
1786 2251 2010 2304 καλοῦσι

437 2336 550 2387 υἱόν
570 2352 581 2363 ·
612 2333 726 2388 ἀλλ’
766 2336 863 2407 οὐχ
896 2337 983 2389 ὅτε
1011 2336 1137 2399 τοὺς
1166 2336 1362 2406 ἄρτους
1395 2335 1601 2404 ἤσθιον,
1645 2334 1781 2398 ἀλλ’,
1819 2330 2010 2399 Οὗτός

432 2417 605 2471 ἐστιν
633 2422 665 2472 ὁ
697 2419 1031 2488 προφήτης,
1065 2419 1271 2487 ἔλεγον,
1306 2419 1402 2472 καὶ
1451 2418 1640 2489 ἤθελον
1665 2418 1825 2471 αὑτὸν
1851 2418 2009 2488 ποιῆ-

436 2516 526 2551 σαι
562 2500 804 2569 βασιλέα.
846 2502 1093 2554 Ἑδόκουν
1133 2502 1230 2571 μὲν
1273 2498 1364 2555 οὖν
1405 2502 1751 2570 ἀγανακτεῖν,
1798 2502 1890 2554 ἐπὶ
1931 2499 2010 2569 τῷ

426 2583 607 2651 λέγειν
650 2584 808 2638 αὐτὸν
842 2588 905 2638 ἐκ
954 2585 1045 2638 τοῦ
1086 2587 1313 2657 ούρανοῦ
1363 2586 1826 2656 καταϐεϐηκέναιο
1861 2585 1921 2640 1:0
1953 2585 2009 2638 δέ

432 2667 651 2737 ἀληθὲς,
679 2669 737 2720 οὐ
761 2669 916 2721 τοῦτο
944 2664 1011 2740 ἦν
1040 2669 1100 2722 τὸ
1123 2669 1310 2723 ποιοῦν
1333 2669 1430 2739 τὴν
1460 2670 1853 2740 ἀγανάκτησιν,
1874 2669 2009 2721 ἀλλά

434 2748 493 2800 70
519 2750 591 2819 μὴ
609 2751 912 2822 προσδοκᾷν
943 2752 1346 2804 ἀπολαύσεσθαι
1372 2752 1649 2823 τραπέζης
1669 2752 2005 2822 σωματικῆς.

444 2831 597 2885 Ἐπεὶ
624 2835 672 2885 εί
711 2833 878 2898 ὅντως
915 2837 1275 2905 ἠγανάκτουν,
1317 2838 1483 2907 ἐχρῆν
1509 2839 1718 2907 ἐρωτᾷν
1746 2836 1839 2890 καὶ
1872 2853 2008 2888 πυν-

435 2913 710 2981 θάνεσθαι,
743 2917 858 2980 πῶς
889 2918 1048 2988 ἄρτος
1080 2918 1222 2988 ζωῆς
1249 2920 1385 2976 ἐστι,
1416 2918 1534 2981 πῶς
1565 2921 1629 2971 ἐκ
1655 2919 1746 2971 τοῦ
1776 2917 2005 2989 ούρανοῦ

432 2998 808 3071 καταϐέϐηκε·
860 3000 954 3053 νῦν
1002 3002 1058 3055 δὲ
1093 3001 1249 3057 τοῦτο
1285 3002 1383 3070 μὲν
1427 3003 1487 3054 οὐ
1524 3001 1759 3063 ποιοῦσι,
1804 3001 2006 3070 γογγύ-

431 3081 584 3145 ζουσι
606 3082 682 3136 δέ.
715 3086 824 3137 Kal
852 3085 934 3136 ὅτι
963 3084 1021 3136 οὐ
1051 3083 1211 3136 τοῦτο
1242 3084 1439 3146 αὐτοὺς
1460 3083 2007 3154 ἐσκανδάλιζε,δῆλον

431 3164 659 3218 ἐκεῖθεν.
710 3166 969 3228 Εἰπόντος
1002 3167 1111 3236 γὰρ
1151 3168 1232 3219 ὅτι
1288 3168 1350 3219 '0
1377 3165 1577 3233 Πατήρ
1601 3184 1720 3235 μου
1760 3167 2010 3220 δίδωσιν

430 3247 575 3315 ὑμῖν
606 3249 714 3301 τὸν
749 3249 953 3316 ἄρτον,
994 3251 1092 3303 οὐκ
1133 3246 1305 3313 εἷπον,
1352 3250 1744 3319 Παρακάλεσον
1787 3249 1873 3303 ἵνα
1900 3251 2004 3321 δῷ’

430 3330 565 3383 ἀλλὰ
589 3332 642 3384 τί
663 3350 675 3397 ;
702 3331 812 3398 Δὸς
840 3332 983 3401 ἡμῖν
1008 3335 1114 3388 τὸν
1149 3334 1350 3402 ἄρτον.
1390 3334 1582 3386 Καίτοι
1608 3335 1707 3387 οὐκ
1732 3331 1903 3398 εἶπεν,
1926 3335 2008 3387 ὄτι

442 3414 582 3482 Ἐγὼ
610 3415 823 3486 δίδωμι,
863 3416 998 3481 ἀλλ’,
1046 3418 1127 3471 ὅτι
1164 3419 1227 3471 '0
1258 3417 1460 3485 Πατήρ
1497 3435 1616 3487 μου
1646 3417 1911 3473 δίδωσιν.
1944 3418 2007 3470 Oi

427 3498 483 3551 δὲ
528 3498 793 3570 ἐπιθυμία
822 3500 922 3570 τῆς
948 3502 1154 3571 τροφῆς
1200 3502 1294 3555 καὶ
1322 3501 1482 3554 αὐτὸν
1522 3501 1832 3567 ἀξιόπιστον
1867 3498 2006 3555 εῖναι

427 3582 684 3651 ἐνόμισαν
719 3583 854 3655 πρὸς
901 3585 998 3655 τὴν
1045 3586 1329 3656 χορηγίαν.
1379 3588 1440 3639 Οἱ
1476 3586 1653 3639 τοίνυν
1696 3587 2006 3653 ἀξιόπιστον

427 3662 566 3717 εἶναι
596 3667 916 3736 νομίσαντες
940 3668 1076 3739 πρὸς
1123 3668 1183 3721 τὸ
1210 3668 1415 3734 δοῦναι,
1465 3669 1582 3733 πῶς
1612 3669 1833 3741 ἔμελλον
1866 3670 2005 3741 μετὰ

426 3746 602 3801 ταῦτα
643 3748 1107 3813 σκανδαλίζεσθαι,
1142 3753 1234 3804 καὶ
1262 3752 1431 3804 ταῦτα
1461 3740 1793 3817 ἀκούσαντες
1821 3740 1902 3808 ὅτι
1943 3755 2004 3807 '0

428 3828 632 3896 Πατὴρ
655 3829 900 3895 δίδωσι;
930 3832 994 3884 Τί
1030 3829 1121 3885 οὖν
1145 3836 1258 3886 ἐστι
1286 3834 1347 3887 τὸ
1376 3836 1548 3887 αἴτιον
1568 3852 1582 3900 ;
1600 3836 1818 3906 Ἐπειδὴ
1843 3837 2005 3906 ἡκου-

429 3928 526 3964 σαν
560 3913 640 3965 ὃτι
672 3917 865 3983 φαγεῖν
895 3915 995 3967 οὐκ
1031 3913 1140 3979 ἔνι,
1172 3916 1334 3969 πάλιν
1375 3916 1706 3990 ἠπίστησαν,
1740 3920 1834 3972 καὶ
1872 3936 2004 3990 προ-

428 3995 718 4049 ϐάλλονται
750 3997 908 4067 δῆθεν
940 4000 1041 4069 τῆς
1074 4000 1330 4064 ἀπιστίας
1375 4002 1747 4073 προκάλυμμα
1772 4003 1833 4056 τὸ
1874 4002 2005 4072 ὑψη-

427 4077 515 4131 λὸν
544 4074 683 4132 εἶναι
715 4080 805 4133 τὸν
834 4080 1007 4149 λόγον.
1042 4082 1141 4136 Διά
1168 4083 1327 4137 τοῦτό
1357 4102 1511 4155 φησι,
1551 4086 1662 4139 Καὶ
1709 4084 2006 4153 ἑωράκατέ

422 4177 520 4231 με,
552 4162 649 4215 καὶ
680 4165 750 4216 οὺ
778 4166 1116 4234 πιστεύετε·
1141 4166 1314 4237 τούτῳ
1340 4167 1436 4237 μὲν
1456 4167 1523 4220 τὰ
1544 4171 1743 4239 σημεῖα
1772 4169 2004 4222 αἰνιττό-

433 4261 613 4313 μενος,
658 4246 830 4317 τούτῳ
875 4247 930 4300 δὲ
964 4248 1061 4321 τὴν
1105 4250 1212 4302 ἀπὸ
1250 4251 1358 4303 τῶν
1400 4251 1631 4322 Γραφῶν
1674 4251 1999 4322 μαρτυρίαν.

444 4328 688 4383 Ἐκεῖναι
736 4330 846 4400 γάρ
894 4334 1035 4399 εἱσι,
1082 4334 1264 4402 φησὶν,
1311 4338 1370 4388 αἱ
1418 4336 1827 4404 μαρτυροῦσαι
1870 4334 2004 4402 περὶ

426 4411 598 4479 ἐγιοῦο
630 4416 744 4477 καὶ,
772 4415 900 4468 ’Ὅτι
933 4413 1124 4485 ἦλθον
1152 4418 1222 4471 ἐν
1250 4417 1329 4481 τῷ
1368 4420 1611 4488 ὀνόματι
1643 4420 1748 4473 τοῦ
1774 4421 2003 4486 Πατρός

422 4511 561 4563 μου,
597 4496 693 4548 καὶ
719 4500 790 4549 οὑ
814 4498 1148 4565 λαμϐάνετέ
1172 4516 1278 4568 με·
1313 4501 1427 4563 καὶ,
1461 4502 1592 4567 Πῶς
1623 4502 1887 4558 δύνασθε
1911 4517 2005 4555 πι-

426 4580 685 4643 στεύειν,
733 4580 921 4642 δόξαν
965 4583 1126 4648 παρὰ
1167 4583 1500 4649 ἀλλήλωνδ
1562 4587 2001 4655 λτιμϐάνοντεςς

428 4661 559 4714 Πᾶν
586 4661 616 4714 ὃ
651 4661 863 4716 δίδωσί
894 4682 998 4732 μοι
1044 4670 1076 4719 ό
1114 4666 1339 4735 Πατὴρ,
1388 4668 1538 4735 πρὸς
1570 4670 1673 4738 ἐμὲ
1702 4670 1856 4735 ἥξει,
1906 4669 2005 4722 καὶ

429 4741 535 4795 τὸν
562 4744 889 4813 ἐρχόμενον
923 4750 1073 4814 πρός
1092 4767 1187 4818 με,
1229 4753 1300 4804 οὺ
1322 4751 1407 4819 μὴ
1434 4752 1664 4805 ἐκϐάλω
1692 4752 1827 4816 ἕξω.
1861 4754 2002 4824 Ὅρα

428 4827 544 4892 πῶς
571 4829 747 4883 πάντα
782 4834 925 4885 ποιεῖ
958 4833 1046 4887 διά
1076 4837 1201 4898 τοὺς
1234 4836 1591 4907 σωζομένους.
1628 4840 1725 4889 Διά
1758 4838 1818 4910 δὴ
1848 4838 2004 4891 τοῦτο

426 4914 521 4966 καὶ
542 4915 840 4986 ἐπήγαγεν,
874 4917 960 4970 ἵνα
997 4919 1070 4989 μὴ
1098 4918 1224 4992 δόξῃ
1250 4922 1726 4991 περιεργάζεσθαι,
1754 4923 1847 4975 καὶ
1879 4923 1999 4995 εἰκῆ

426 4998 597 5053 ταῦτα
626 5000 824 5068 λέγειν.
856 5002 920 5054 Τί
944 5002 1003 5055 δέ
1030 5005 1177 5056 ἐστιν
1204 5006 1231 5056 ὂ
1256 5021 1420 5074 φησι;
1455 5005 1584 5062 Πᾶν
1618 5008 1648 5060 ὂ
1673 5008 1884 5062 δίδωσί
1899 5030 2001 5081 μοι

423 5082 458 5135 ό
479 5083 700 5153 Πατὴρ,
734 5085 883 5154 πρὸς
902 5085 1007 5155 ἐμὲ
1037 5085 1190 5153 ἣξει,
1216 5087 1313 5140 καὶ
1333 5090 1658 5155 ἀναστήσω
1678 5094 1866 5147 αὑτὸν
1885 5106 1906 5133 ε
1926 5095 2002 5165 τῇ

423 5167 655 5237 ἐσχάτῃ
680 5169 888 5239 ἡμέρᾳ.
928 5171 1083 5235 Τίνος
1107 5171 1163 5224 δὲ
1187 5172 1371 5227 ἕνεκεν
1400 5174 1495 5228 καὶ
1522 5174 1617 5246 τῆς
1648 5178 1834 5248 κοινῆς
1866 5181 1999 5234 ἀνα-

426 5252 686 5332 στάσεως,
737 5248 805 5325 ἦς
848 5256 942 5309 καὶ
972 5253 1186 5319 ἀσεϐεῖς
1235 5257 1576 5328 μετέχουσιν,
1609 5261 1684 5323 ὡς
1721 5261 1999 5332 ἐξαιρέτου

425 5329 595 5417 δώρου
621 5336 891 5406 μέμνηται
921 5339 1028 5392 τῶν
1059 5343 1425 5395 πιστευόντων
1452 5345 1531 5407 είς
1559 5329 1883 5411 αὑτόνςὊτι
1903 5346 2001 5417 οὐχ

426 5413 609 5497 ἁπλῶς
633 5418 980 5497 ἀναστάσεως
1017 5426 1311 5497 μέμνηται,
1340 5425 1475 5480 ἀλλά
1504 5427 1603 5497 τῆς
1633 5429 1841 5481 τοιᾶσδε
1865 5413 2000 5482 ὀιναζ

426 5491 686 5565 στάσεως.
724 5491 992 5565 Πρότερον
1019 5491 1134 5565 γᾶρ
1170 5491 1360 5557 εἰπὼν,
1394 5500 1476 5550 Οὐ
1516 5491 1602 5565 μὴ
1628 5499 1862 5551 ἐκϐάλω
1896 5501 2001 5553 αύ-

425 5553 549 5637 τιῗν,
579 5557 688 5614 καὶ.
724 5553 804 5610 Ui)
829 5553 915 5629 μῆ
943 5553 1224 5618 ἀπολὲσω
1264 5567 1332 5630 ἐξ
1350 5553 1567 5628 ἀὺτοῦ,
1588 5553 1718 5620 τότε
1756 5565 1873 5621 εἷπε
1901 5570 2001 5637 τὴν

451 5637 575 5710 26.3]
616 5640 929 5698 ἀνάστασιν.
970 5647 1057 5699 Ἐν
1090 5648 1197 5719 γὰρ
1238 5654 1302 5721 τῇ
1348 5654 1640 5706 ἀναστάσει
1680 5656 1727 5705 οἱ
1769 5654 1866 5723 μὲν
1905 5656 1998 5705 ἐκ·

484 5868 669 5940 ⁸ξιιγξί.
693 5880 935 5940 σαρκικῆςη
965 5875 1204 5940 Διάτοῦτο
1222 5878 1308 5927 οὐκ
1331 5881 1651 5940 ἐταράττοντο,
1669 5883 1769 5934 ἕως.
1808 5883 1835 5921 b
1851 5885 1995 5933 Szu'il.

422 5933 552 5995 παρά
582 5933 854 5999 ἀνθρώπων.
923 5941 944 5967 ί
972 5938 1098 5985 Λύτὸ
1132 5942 1281 5988 Sani.
1321 5933 1449 5991 (.qu
1496 5945 1584 5989 76.0
1619 5933 1667 5991 0L
1701 5933 1818 5991 bibi.

1138 312 1199 367 S.
1235 309 1520 367 JOANNIS
1555 306 2039 364 CHRYSOSTOMI
2080 306 2402 369 ARCHIEP.
2445 309 2999 367 CONSTANTINOP.

3588 307 3700 365 εει

2120 421 2422 489 ϐάλλονται,
2442 425 2515 487 ὡς
2542 424 2656 478 ἔστι
2675 427 2864 495 μαθεῖν
2889 430 2952 479 ἐκ
2968 424 3296 492 τοῦ,”Αρατε
3310 422 3338 464 ἀ
3364 422 3572 490 αὑτὸν,
3595 423 3698 481 καί

2116 506 2401 561 ἐκϐάλετε
2418 509 2604 561 αὑτὸν
2633 512 2717 575 εὶς
2751 513 2816 563 τὸ
2851 512 3071 575 σκότος
3100 508 3168 562 τὸ
3195 508 3486 576 ἐξώτερον
3504 526 3519 539 ·
3554 511 3603 562 οἱ
3638 510 3697 564 δὲ

2119 589 2466 656 ἀπόλλυνται,
2514 591 2589 654 ὡς
2636 594 2730 645 καὶ
2775 593 2906 645 αὐτὸ
2946 593 3222 646 δείκνυται
3252 594 3314 644 ἐκ
3344 592 3461 652 τοῦ,
3505 592 3692 658 Φοϐή-

2116 676 2260 740 θητε
2303 674 2371 726 δὲ
2406 675 2650 743 μᾶλλον
2689 676 2795 729 τὸν
2822 675 3161 745 δυνάμενον
3202 676 3295 727 καὶ
3347 675 3560 744 ψυχὴν
3597 678 3692 729 καὶ

2115 756 2285 826 σῶμα
2319 759 2388 811 ἐν
2428 760 2644 827 γεέννῃ
2675 759 2991 813 ἀπολέσαι.
3039 760 3198 810 Ὥστε
3231 759 3311 822 τὸ,
3360 758 3531 824 Ζωὴν
3563 757 3697 810 αἰώ-

2114 858 2247 895 νιον
2286 841 2522 911 δίδωμι,
2555 842 2712 896 τοῦτο
2741 843 2920 913 δηλοῖ·
2966 843 3473 909 Ἐκπορεύσονται
3501 841 3609 911 γάρ
3641 844 3695 894 οἱ

2108 924 2226 992 μὲν
2250 924 2321 977 τὰ
2350 925 2554 994 φαῦλα
2575 926 2912 992 πράξαντες
2931 927 3018 990 εἰς
3042 924 3384 979 ἀνάστασιν
3418 926 3692 991 κρίσεως,

2115 1011 2168 1060 οἱ
2189 1007 2257 1060 δὲ
2282 1009 2352 1061 τὰ
2377 1009 2587 1077 ἀγαθὰ,
2606 1011 2693 1073 εἰς
2710 1008 3051 1062 ἀνάστασιν
3073 1006 3240 1073 ζωῆς.
3268 1007 3484 1075 Ταύτην
3514 1006 3694 1061 τοίνυν

2114 1091 2212 1159 τὴν
2244 1092 2537 1144 ἀνάστασιν
2570 1092 2833 1160 ἐδήλωσεν
2872 1091 3107 1144 ἐνταῦθα
3147 1090 3244 1161 τὴν
3280 1091 3371 1143 ἐπὶ
3407 1092 3520 1152 τοῖς
3553 1090 3691 1157 ἀγα-

2117 1174 2250 1236 θοῖς.
2303 1175 2368 1226 Τί
2414 1175 2469 1227 δέ
2501 1175 2743 1243 βούλεται
2775 1174 2943 1237 δεῖξαι
2989 1174 3076 1227 διὰ
3122 1174 3213 1226 τοῦ
3249 1174 3446 1241 λέγειν.
3497 1171 3627 1226 Πᾶν
3657 1172 3689 1225 ὃ

2114 1256 2324 1309 δίδωσι
2347 1275 2448 1325 μοι
2490 1260 2524 1311 ὀ
2565 1257 2788 1325 Πατὴρ,
2828 1257 2977 1326 πρὸς
3006 1258 3109 1326 ἐμὲ
3143 1257 3311 1323 ἢξει;
3339 1257 3692 1311 Καθάπτεται

2114 1339 2214 1408 τῆς
2262 1339 2518 1403 ἀπιστίας
2556 1341 2756 1403 αὐτῶν,
2804 1343 2900 1395 καὶ
2949 1341 3219 1394 δείκνυσιν
3271 1342 3351 1393 ὅτι
3399 1343 3427 1394 0
3480 1340 3552 1410 μὴ
3600 1359 3692 1393 πι-

2117 1421 2318 1475 στεύων
2353 1423 2536 1493 αῦτῷ,
2573 1424 2633 1476 τὸ
2679 1423 2891 1493 θέλημα
2944 1426 3269 1495 παραϐαίνει
3316 1425 3409 1478 τοῦ
3453 1425 3688 1494 Πατρός.

2114 1506 2224 1558 Kal
2258 1505 2398 1558 οὕτω
2441 1506 2539 1575 μέν
2564 1507 2695 1559 αὐτὸ
2716 1509 2935 1576 γυμνῶς
2960 1508 3021 1560 ού
3063 1509 3244 1577 φησὶν,
3272 1508 3576 1576 ὑφειμένως
3600 1507 3656 1560 δέ
3674 1524 3687 1535 ·

2114 1588 2208 1640 καὶ
2252 1588 2526 1659 πανταχοῦ
2569 1589 2726 1641 τοῦτο
2775 1590 3029 1643 ποιοῦντα
3076 1590 3195 1658 ὄψει
3238 1590 3415 1652 αὐτὸν,
3468 1589 3687 1643 θέλοντα

2113 1672 2280 1737 δεῖξαι
2301 1672 2395 1724 καὶ
2416 1673 2492 1741 τῷ
2512 1672 2686 1742 Πατρὶ
2709 1675 3220 1744 προσκεκρουκότας
3244 1675 3368 1735 τοὺς
3397 1674 3689 1725 ἀπιστοῦν-

2113 1770 2231 1815 τας,
2278 1755 2377 1805 οὐκ
2420 1754 2566 1823 αύτῷ
2599 1758 2762 1825 μόνῳ.
2814 1757 2873 1808 El
2920 1756 3028 1827 γὰρ
3078 1757 3288 1825 θέλημα
3321 1755 3480 1808 αὑτοῦ
3528 1756 3687 1809 τοῦτό

2114 1836 2259 1901 ἐστι,
2295 1836 2386 1888 καὶ
2419 1836 2508 1888 διά
2539 1837 2696 1890 τοῦτο
2736 1834 2918 1909 ἦλθεν,
2960 1840 3047 1893 ἵνα
3077 1839 3224 1910 σώσῃ
3263 1840 3440 1892 πάντα
3477 1839 3565 1890 τὸν
3595 1839 3687 1892 κό-

2116 1935 2251 1986 σμον
2277 1930 2326 1982 ο,
2365 1920 2414 1971 οί
2455 1919 2528 1990 μὴ
2560 1921 2923 1986 πιστεύοντες,
2960 1922 3020 1974 τὸ
3062 1922 3271 1992 θέλημα
3310 1921 3472 1975 αὐτοῦ
3513 1939 3689 1993 παρα-

2115 1999 2407 2053 ϐαίνουσιν.
2452 2004 2620 2055 Ὅταν
2653 1998 2765 2065 οὖν,
2814 2005 2996 2074 φησὶν,
3031 2006 3059 2056 0
3103 2005 3291 2076 Πατὴρ
3333 2006 3498 2076 ὁδηγῇ
3543 2022 3687 2072 τινα,

2110 2085 2262 2136 οὐδέν
2283 2087 2399 2137 ἐστι
2426 2085 2486 2137 τὸ
2512 2085 2721 2138 κωλύον
2746 2087 2908 2139 αὐτὸν
2937 2086 3109 2141 ἐλθεῖν
3133 2088 3267 2157 πρός
3298 2105 3385 2157 με.
3408 2088 3576 2141 Τοῦτο
3599 2088 3691 2142 καὶ

2114 2168 2321 2237 προῖὼν
2370 2168 2540 2235 λέγει,
2591 2168 2801 2234 Οὐδεὶς
2845 2169 3095 2223 δύναται
3145 2171 3348 2224 ἐλθεῖν
3396 2172 3545 2238 πρός
3592 2188 3688 2239 με,

2112 2250 2219 2302 ἐὰν
2239 2250 2324 2319 μὴ
2357 2254 2391 2307 ὀ
2411 2252 2612 2319 Πατὴρ
2641 2253 2873 2321 ἐλκύσῃ
2898 2246 3104 2307 αὐτόν.
3122 2253 3178 2306 '0
3207 2253 3261 2305 δὲ
3283 2253 3494 2316 Παῦλος
3517 2250 3689 2318 εἶπεν,

2112 2333 2192 2385 ὃτι
2218 2334 2378 2397 αὐτὸς
2405 2335 2767 2405 παραδίδωσιν
2799 2338 2997 2400 αὐτοὺς
3030 2337 3106 2404 τῷ
3138 2337 3312 2409 Πατρί
3333 2354 3345 2367 ·
3372 2339 3550 2391 Ὅταν
3580 2341 3690 2407 γὰρ

2110 2416 2354 2483 πειραδῴ
2384 2416 2498 2483 τὴν
2526 2419 2856 2482 ,ϐασιλείαν
2874 2417 2952 2483 τῷ
2980 2418 3100 2484 Θεῷ
3123 2420 3219 2473 καὶ
3256 2423 3459 2489 Πατρί.
3481 2422 3690 2493 Ὥσπερ

2111 2494 2202 2552 οὖν
2239 2501 2334 2552 καὶ
2359 2501 2532 2565 διδοὺς
2562 2504 2589 2554 0
2618 2502 2827 2574 Πατὴρ,
2859 2504 2958 2557 οὐκ
2986 2504 3302 2575 ἀποστερῶν
3337 2505 3529 2558 ἑαυτὸν
3556 2505 3688 2575 πρό·

2110 2600 2264 2654 τερον
2294 2584 2451 2637 τοῦτο
2498 2589 2666 2638 ποιεῖ·
2700 2586 2840 2639 οὕτω
2870 2588 2964 2639 καὶ
2990 2588 3319 2658 παραδιδοὺς
3358 2591 3385 2641 0
3411 2589 3557 2654 Υἱὸς,
3591 2590 3692 2642 οὐκ

2110 2667 2387 2722 ἐκϐάλλων
2422 2669 2611 2721 ἐαυτὸν
2645 2668 2802 2722 τοῦτο
2847 2672 3010 2723 ποιεῖ.
3052 2671 3285 2737 Λέγεται
3314 2671 3371 2724 δὲ
3399 2671 3690 2743 παραδιδό-

2111 2768 2218 2813 ναι,
2249 2753 2331 2804 ὅτι
2361 2752 2427 2806 δι’
2454 2751 2619 2806 αὑτοῦ
2645 2752 2742 2823 τὴν
2771 2754 3138 2824 προσαγωγὴν
3166 2756 3498 2825 ἐσχήκαμεν.

2178 2833 2247 2903 γ’.
2268 2836 2340 2887 Τὸ
2368 2835 2447 2902 δὲ,
2479 2832 2835 2901 Δι”οὗ,τοῦτο
2849 2838 2941 2889 καὶ
2967 2836 3059 2889 ἐπὶ
3086 2836 3181 2888 τοῦ
3213 2838 3426 2908 Πατρὸς
3454 2839 3687 2910 εἴρηται,

2110 2916 2296 2987 ὥσπερ
2326 2918 2450 2971 ὅταν
2484 2918 2618 2991 λέγῃ
2640 2934 2653 2947 ·
2696 2920 2775 2972 Δι’
2816 2915 2888 2974 οὗ
2921 2919 3215 2986 ἐκλήθητε
3249 2922 3337 2985 εις
3370 2922 3689 2973 κοινωνίαν

2109 3001 2216 3054 τοῦ
2251 3001 2385 3054 Υίοῦ
2425 3001 2644 3055 αὐτοῦ’
2693 3002 2957 3065 τουτέστι,
2988 3002 3076 3055 διὰ
3114 3002 3207 3055 τοῦ
3248 3002 3552 3072 θελήματος
3592 3001 3687 3055 τοῦ

2111 3084 2323 3154 Πατρός
2344 3100 2355 3111 ·
2383 3084 2477 3136 καὶ
2508 3084 2688 3145 πάλιν,
2723 3084 3026 3152 Μακάριος
3045 3080 3116 3148 εἴ,
3147 3086 3341 3153 Σψων
3368 3084 3684 3152 ΒὰρἸωνᾶ,
3710 3142 3737 3161 ο

2110 3165 2199 3217 ὅτι
2223 3164 2382 3233 σὰρξ
2415 3164 2511 3218 καὶ
2540 3161 2683 3235 αἷμα
2715 3168 2825 3220 οὐκ
2854 3166 3209 3235 ἀπεκάλυψέ
3237 3183 3354 3221 σοι.
3399 3168 3463 3220 Ὃ
3505 3166 3562 3220 δὲ
3602 3168 3687 3219 αἰ-

2110 3249 2344 3303 νίττεται
2375 3250 2629 3315 ἐνταῦθα,
2678 3250 2958 3320 μονονουχὶ
2984 3249 3141 3303 τοῦτό
3181 3252 3355 3303 ἐστιν·
3396 3249 3470 3303 υὺ
3505 3250 3564 3303 τὸ
3595 3266 3687 3303 τυ-

2109 3332 2200 3402 χὸν
2244 3335 2540 3405 πρᾶγμαὴ
2580 3334 2763 3397 πίστις
2808 3335 2840 3402 ἡ
2877 3336 2956 3397 εἰς
2995 3334 3115 3404 ἐμὲ,
3166 3334 3301 3387 ἀλλά
3343 3333 3444 3404 τῆς
3479 3333 3688 3388 ἀνωθεν

2108 3416 2276 3473 δεῖται
2309 3419 2503 3489 ῥοπῆς.
2547 3418 2655 3471 Kal
2704 3418 2860 3471 τοῦτο
2892 3419 2959 3471 δι’
3003 3418 3123 3471 ὅλου
3159 3418 3558 3480 κατασκευάζει
3589 3416 3685 3471 τοῦ

2107 3501 2288 3569 λόγου,
2328 3501 2539 3564 δεικνὺς
2583 3501 2664 3555 ὅτι
2700 3501 2881 3571 ψυχῆς
2910 3502 3165 3569 γενναίας
3207 3502 3353 3563 τινὸς
3390 3500 3559 3564 ὄντως
3592 3500 3686 3553 καὶ

2106 3584 2207 3654 τῆς
2245 3584 2395 3655 παρά
2419 3584 2513 3638 τοῦ
2547 3584 2682 3636 Θεοῦ
2709 3584 3077 3654 ἐφελκομένης
3104 3582 3122 3620 ί
3161 3583 3298 3653 αὕτη
3325 3579 3495 3635 δεῖται
3522 3584 3555 3652 ἡ
3591 3582 3685 3634 πί-

2109 3686 2245 3732 στις.
2282 3668 2421 3722 Ἀλλ’
2453 3670 2584 3732 ἴσως
2613 3670 2730 3738 ἐρεῖ
2755 3669 2868 3730 τίς·
2903 3670 2964 3720 Εἰ
2986 3669 3092 3721 πᾶν
3117 3668 3145 3720 ὃ
3176 3667 3389 3720 δίδωσιν
3417 3668 3445 3719 0
3471 3668 3682 3738 Πατὴρ,

2105 3751 2323 3823 ἔρχεται
2352 3753 2489 3824 πρὸς
2515 3753 2597 3818 σὲ,
2626 3754 2720 3805 καὶ
2743 3751 2835 3814 οὓς
2865 3752 2930 3805 ἂν
2960 3751 3181 3822 ἐλκύσῃ,
3214 3752 3306 3803 καὶ⁸
3333 3750 3503 3813 οὐδεὶς
3527 3750 3686 3804 δύνα-

2103 3854 2192 3889 ται
2232 3837 2407 3891 ἐλθεῖν
2437 3838 2575 3910 πρὸς
2608 3838 2688 3901 σὲ,
2746 3836 2841 3890 ἐὰν
2883 3836 2956 3907 μὴ
3047 3835 3326 3905 δεδομένον
3366 3834 3513 3905 αὐτῷ
3546 3836 3711 3889 ἄνω--

2106 3920 2217 3984 θεν,
2266 3922 2446 3991 πάσης
2481 3921 2663 3984 αἰτίας
2712 3920 2850 3973 εἰσὶν
2892 3920 2987 3972 καὶ
3036 3919 3399 3989 ἐγκλημάτων
3445 3920 3686 3990 ἀπηλλα-

2105 4004 2294 4073 γμένοι
2324 3998 2405 4067 οἷς
2424 4005 2484 4058 οὐ
2501 4005 2716 4057 δίδωσιν
2740 4006 2768 4057 0
2794 4004 3003 4072 Πατήρ.
3035 4003 3197 4070 Λόγοι
3224 4002 3394 4055 ταῦτα
3417 4002 3562 4071 ψιλοὶ
3592 4004 3686 4057 καὶ

2107 4088 2662 4158 πρόφασις·Δεόμεθα
2688 4087 2796 4157 γὰρ
2822 4086 3029 4155 καὶτῆς
3049 4086 3260 4139 οἴκοθεν
3290 4087 3682 4156 προαιρέσεως

2105 4172 2167 4224 τὸ
2201 4171 2309 4242 γὰρ
2341 4171 2709 4230 διδάσκεσθαι.
2763 4167 3137 4242 προαιρέσεώς
3183 4169 3322 4232 ἐστι,
3357 4170 3450 4221 καὶ
3482 4170 3544 4222 τὸ
3595 4188 3688 4223 πι-

2109 4253 2339 4308 στεύειν.
2383 4253 2647 4308 Ἐνταῦθα
2690 4254 2744 4306 δὲ
2780 4253 2933 4307 οὐδὲν
2979 4251 3109 4305 ἄλλο
3146 4250 3400 4321 ἐμφαίνει
3443 4251 3532 4305 διὰ
3562 4251 3681 4319 τοῦ,

2111 4340 2181 4391 Ὃ
2212 4338 2424 4392 δίδωσί
2450 4355 2556 4407 μοι
2609 4341 2642 4392 ό
2692 4337 2931 4406 Πατὴρ,
2982 4336 3096 4389 ἀλλ’
3128 4336 3161 4406 ἢ
3188 4337 3270 4389 ὅτι
3310 4336 3386 4389 Οὐ
3427 4336 3487 4389 τὸ
3523 4336 3686 4406 τυχὸν

2106 4422 2341 4492 πρᾶγμά
2372 4424 2489 4475 ἐστι
2522 4421 2582 4474 τὺ
2616 4420 2905 4475 πιστεῦσαι
2951 4422 3027 4483 εἰς
3076 4419 3199 4489 ἐμὲ,
3253 4420 3373 4472 οὐδὲ
3408 4419 3684 4489 λογισμῶν

2105 4496 2480 4576 ἀνθρωπίνων.
2513 4504 2646 4557 ἀλλά
2679 4503 2769 4557 καὶ
2794 4503 2895 4572 τῆς
2918 4502 3126 4558 ἀνωθεν
3161 4502 3557 4571 ἀποκαλύψεως
3583 4503 3681 4568 δεῖ,

2105 4588 2199 4641 καὶ¹
2229 4589 2406 4657 ψυχῆς
2430 4586 2792 4657 εὐγνωμόνως
2836 4587 3134 4656 δεχομένης
3182 4585 3280 4655 τὴν
3322 4585 3679 4654 ἀποκάλυψιν.

2104 4673 2215 4724 Kal
2237 4673 2315 4737 τὸ,
2337 4673 2387 4723 '0
2410 4673 2735 4741 ἐρχόμενος
2755 4670 2822 4724 δὲ
2845 4672 2993 4738 πρός
3027 4686 3122 4738 με,
3151 4668 3510 4735 σωθήσεται,
3530 4668 3684 4722 τοῦτο

2103 4755 2285 4825 δηλοῖ·
2324 4756 2671 4825 Ἐπιμελείας
2694 4755 3062 4809 ἀπολαύσεται
3098 4753 3318 4824 πολλῆς.
3370 4754 3543 4823 ’Υπὲρ
3576 4753 3684 4825 γὰρ

2103 4839 2310 4891 τούτων
2340 4840 2434 4892 καὶ
2461 4840 2865 4911 παρεγενόμην,
2888 4839 3043 4909 φησὶ,
3074 4838 3169 4890 καὶ
3191 4837 3372 4907 σάρκα
3401 4837 3682 4902 ἀνέλαϐον,

2104 4922 2199 4975 καὶ
2223 4922 2320 4992 τὴν
2349 4922 2441 4975 τοῦ
2473 4922 2659 4981 δούλου
2707 4923 2923 4993 μορφὴν
2952 4920 3213 4991 ὑπῆλθον.
3248 4916 3383 4974 Εἶτα
3415 4923 3682 4992 ἐπήγαγε,

2104 5006 2391 5072 ΙΩιτέϐην,
2408 5008 2519 5075 οὐχ
2542 5008 2639 5060 ἵνα
2663 5006 2728 5059 τὸ
2750 5007 2897 5075 ἐμὸν
2915 5004 3067 5078 [266]
3091 5004 3319 5073 θέλημα
3347 5004 3687 5067 nclama

2102 5090 2170 5145 τὸ
2212 5093 2442 5159 θέλημα
2482 5093 2588 5146 τοῦ
2627 5092 2981 5161 πέμψαντός
3018 5106 3115 5159 με.
3152 5089 3216 5142 Τί
3244 5089 3456 5156 λέγεις;
3500 5088 3687 5158 ἕτερον

2103 5172 2209 5243 γὰρ
2262 5174 2320 5226 τὸ
2368 5175 2457 5227 σὺν
2480 5176 2526 5239 ε,
2574 5177 2669 5229 καὶ
2715 5175 2903 5245 ἕτερον
2932 5173 2994 5226 τὸ
3026 5174 3268 5237 ἐκείνους
3302 5172 3417 5227 Ἵνα
3470 5166 3563 5223 οῦν
3610 5171 3685 5240 μὴ

2102 5257 2258 5309 τοῦτό
2310 5276 2392 5321 τις
2426 5258 2776 5328 ὑποπτεύσῃ,
2812 5259 2879 5327 τῇ
2911 5258 3174 5326 ἐπαγωγῇ
3205 5253 3497 5324 θεραπεύει
3530 5252 3686 5315 αὐτὸ,

2102 5341 2274 5409 λέγων
2294 5360 2306 5372 ·
2344 5344 2523 5396 Τοῦτο
2552 5342 2619 5395 δέ
2651 5342 2782 5395 ἐστι
2825 5341 2892 5394 τὸ
2927 5341 3157 5410 θέλημα
3186 5338 3292 5393 τοῦ
3334 5336 3690 5406 πέμψαντός

2097 5444 2193 5494 με,
2226 5427 2325 5478 ἵνα
2346 5426 2465 5491 πᾶς
2492 5428 2525 5478 ὀ
2548 5423 2780 5492 θεωρῶν
2800 5424 2909 5477 τὸν
2947 5426 3105 5488 Υἱόν,
3143 5423 3240 5478 καὶ
3272 5423 3576 5475 πιστεύων
3601 5422 3685 5487 είς

2103 5511 2309 5571 αὑτὸν,
2341 5509 2452 5576 ἔχῃ
2485 5508 2638 5575 ζὶοὶιν
2665 5510 2928 5563 αἰώνιον.
2965 5509 3137 5562 Τοῦτο
3181 5504 3275 5561 οῦν
3309 5507 3410 5560 οὐκ
3447 5505 3565 5559 ἔστι
3597 5506 3690 5561 σὺν

2105 5592 2347 5660 θέλημα;
2374 5589 2487 5643 Kal
2521 5593 2637 5667 πῶς
2669 5588 2762 5645 οῦν
2800 5591 3035 5663 ἀλλαχοῦ
3068 5592 3247 5659 λέγεις
3268 5607 3281 5619 ·
3331 5590 3459 5658 Πῦρ
3498 5586 3692 5660 ἦλθον

2164 5699 2188 5769 f1
2219 5703 2283 5749 Ha
2311 5701 2478 5769 Mure].
2497 5703 2688 5769 ;__Sa}jil.
2720 5705 3028 5769 ἐπιϐάλλονται
3053 5720 3064 5731 ·
3097 5702 3323 5769 Ἄρατε.-
3368 5711 3400 5769 ξ
3431 5693 3584 5769 εξνξι.
3609 5697 3690 5769 τὸ·

2102 5765 2361 5828 ἄνθρωπον.
2436 5762 2460 5828 ί,
2499 5766 2649 5813 Savil.
2686 5768 2809 5828 τινος
2847 5767 3048 5828 καὶτῆς
3242 5760 3329 5810 τοῦ
3368 5760 3492 5828 Θεοῦ
3528 5760 3687 5828 ἐτελκ.

2107 5829 2131 5864 8
2176 5819 2289 5872 Hm:
2330 5838 2419 5884 per
2453 5825 2890 5887 interrogninnem
2925 5819 3164 5876 dicimlur'
3204 5840 3215 5871 :
3258 5819 3569 5887 quaprop_lel_"
3601 5819 3691 5882 γάρ

2107 5837 2129 5864 δ
2176 5837 2289 5872 nam
2330 5838 2419 5884 per
2453 5837 2890 5887 InterrogJunnem
2925 5837 3157 5876 mcunlur
3204 5840 3215 5871 :
3258 5837 3352 5886 qua
3391 5837 3560 5882 l'Oplel'
3601 5837 3689 5882 γαρ

2103 5898 2521 5948 supervm-aumnm
2566 5901 2675 5935 esse
2723 5888 2953 5948 videtur,
3002 5888 3089 5938 sed
3122 5890 3173 5937 in
3214 5837 3445 5936 omniﬁus
3479 5880 3689 5931 habetur

2109 5946 2495 6007 exrnmlnnbus.
