4104 6156
382 327 488 386 2.53

380 443 569 511 quitur,
593 451 642 498 et
677 444 814 515 quod
851 445 974 499 uidit
1017 426 1342 517 testificatur,
1388 459 1433 504 et
1475 453 1812 509 testimonium
1859 460 1968 528 ejus

377 549 521 586 nemo
542 535 744 601 accipit.
771 535 838 589 Et
870 551 1056 594 rursus
1081 538 1325 594 Christus
1357 557 1372 594 :
1407 541 1558 608 Quod
1590 545 1774 599 scimus
1801 547 1966 616 loqui-

377 638 506 687 mur,
542 624 742 692 etquod
761 625 978 679 uidimus
1008 635 1271 695 testamur,
1301 639 1348 682 et
1378 633 1714 688 testimonium
1741 647 1966 691 nostrum

375 729 475 766 non
502 715 732 783 accipitis
755 716 790 769 ¹.
820 715 1064 786 illudque
1099 719 1227 787 agit,
1282 729 1342 775 ut
1387 736 1714 791 prtemoneat
1739 729 1880 788 illos.
1911 741 1965 786 et

374 804 641 871 ostendat,
667 821 728 861 se
754 821 860 860 non
888 809 976 862 illa
999 824 1059 864 re
1089 809 1316 877 turbari,
1360 829 1534 884 neque
1561 817 1781 886 gloriam
1812 837 1961 891 qua:-

376 912 517 960 rere,
544 898 627 951 vel
675 899 919 967 ignorare
970 912 1178 956 secreta
1209 905 1402 960 mentis
1440 923 1655 975 eorum,
1693 911 1803 965 sive
1828 928 1962 981 pra:-

369 988 564 1051 scntia,
591 989 704 1042 sive
735 991 928 1044 futura.
960 989 1076 1062 Ego
1100 1008 1210 1046 sum
1235 996 1380 1064 panis
1410 999 1540 1051 uitw.
1573 999 1690 1054 Jam
1739 1003 1791 1056 in
1843 1021 1960 1075 my-

368 1079 654 1133 steriorum
712 1077 1051 1136 traditionem
1107 1093 1366 1140 venturus
1422 1098 1523 1143 est.
1577 1090 1646 1146 Et
1674 1093 1844 1161 primo
1888 1096 1957 1152 de

367 1168 648 1223 divinitate
675 1184 767 1223 sua
795 1171 1262 1242 disputatdicens,
1311 1176 1422 1248 Ego
1467 1197 1579 1233 sum
1627 1184 1774 1251 panis
1820 1187 1949 1242 uiue.

364 1257 550 1328 Neque
579 1261 721 1314 enim
747 1261 846 1316 hoc
874 1263 944 1319 de
987 1281 1214 1334 corpore
1255 1267 1457 1323 dictutn
1502 1281 1582 1326 est
1654 1275 1756 1344 (de
1783 1277 1873 1332 illo
1900 1280 1951 1336 in

368 1348 474 1402 ﬁne
504 1350 739 1418 loquitur
768 1368 781 1404 :
811 1351 876 1404 Et
891 1355 1036 1421 panis
1063 1370 1210 1423 quem
1238 1373 1328 1420 eqo
1354 1358 1504 1425 dabo,
1535 1378 1652 1416 caro
1672 1381 1781 1418 mea
1808 1369 1951 1438 est);

368 1437 463 1492 sed
494 1439 666 1494 adhuc
709 1440 776 1495 de
817 1443 1094 1498 divinitate
1142 1446 1270 1515 agit.
1327 1448 1538 1504 Etenim
1593 1454 1685 1508 ille
1737 1437 1954 1527 propter

367 1527 530 1582 Deum
560 1530 788 1584 Verbum
818 1533 965 1599 panis
996 1542 1097 1601 est,
1148 1538 1594 1604 quemadmodum
1624 1543 1711 1600 hic
1737 1557 1952 1617 propter

361 1620 736 1676 advenientem
785 1623 1038 1690 Spiritum
1091 1627 1241 1693 panis
1283 1629 1514 1685 cmlestis
1560 1634 1808 1694 efficitur.
1852 1638 1950 1695 llic

362 1725 522 1779 porro
563 1728 668 1766 non
701 1713 868 1768 utitur
897 1715 1117 1769 testibus
1137 1757 1151 1781 ,
1183 1726 1242 1771 ut
1270 1718 1322 1772 in
1360 1723 1614 1790 superiori
1645 1732 1901 1786 concione
1929 1748 1944 1786 :

360 1817 428 1855 eo
457 1803 598 1871 quod
625 1804 849 1859 haberet
874 1815 892 1858 t
929 1807 1233 1862 stimonimn
1264 1825 1482 1879 panum,
1510 1823 1563 1868 et
1588 1816 1660 1870 illi
1685 1819 1857 1876 adhuc
1885 1838 1944 1878 se

357 1892 581 1947 credere
605 1894 946 1950 simularent.
979 1895 1088 1951 Illic
1115 1913 1243 1953 vero
1269 1903 1706 1962 eontradieebant
1728 1951 1743 1976 ,
1776 1921 1830 1964 et
1853 1928 1943 1966 ar-

355 1981 626 2050 guebant;
654 1983 881 2054 ideoque
904 1985 988 2040 hic
1011 1989 1326 2042 sententiam
1348 1991 1568 2059 profert.
1605 1995 1683 2049 Illi
1707 2013 1801 2066 spe
1821 2015 1943 2055 car-

357 2073 496 2126 nalis
518 2074 620 2127 cibi
650 2085 885 2142 manent,
910 2092 1080 2147 neque
1105 2079 1385 2135 turbantur
1403 2123 1419 2147 ,
1443 2083 1612 2139 donec
1636 2099 1818 2156 postea
1847 2108 1942 2162 spe

353 2163 485 2231 lapsi
509 2175 649 2219 sunt.
673 2165 869 2221 Verum
898 2183 1069 2238 neque
1092 2170 1168 2224 sic
1188 2171 1346 2225 etiam
1367 2171 1611 2230 Christus
1638 2180 1816 2248 tacuit,
1844 2183 1940 2238 sed

351 2255 620 2325 redarguit
645 2267 698 2312 et
728 2258 987 2329 increpat.
1017 2261 1099 2314 llli
1131 2277 1256 2316 vero
1278 2264 1390 2332 qui,
1419 2264 1545 2320 dum
1569 2272 1934 2344 comederent,

349 2350 662 2416 prophetam
733 2350 880 2404 illum
921 2362 1193 2420 vocarant,
1227 2354 1311 2409 hic
1351 2356 1460 2424 jam
1483 2358 1852 2431 offenduntur,
1883 2375 1938 2421 et

346 2437 478 2491 fabri
509 2440 675 2493 tilium
705 2449 916 2495 vocant.
944 2441 1060 2496 Non
1087 2443 1165 2498 sic
1211 2460 1340 2500 vero
1369 2462 1488 2501 cum
1519 2464 1682 2518 panes
1711 2455 1935 2510 mandu-

345 2540 547 2594 carent,
588 2529 681 2583 sed
709 2529 978 2598 dicebant,
1005 2531 1106 2586 Hic
1127 2544 1199 2586 est
1236 2535 1323 2589 ille
1368 2539 1631 2608 propheta,
1655 2542 1944 2615 ipsumque.

344 2634 526 2688 regem
567 2621 892 2676 constituere
943 2623 1212 2678 volebant.
1263 2626 1526 2696 lndignari
1586 2647 1746 2702 porro
1776 2636 1928 2693 vide.

345 2707 551 2775 bantur,
581 2725 700 2764 cum
731 2711 937 2766 diceret
961 2727 1018 2768 se
1047 2713 1113 2768 de
1141 2716 1274 2770 caelo
1295 2715 1638 2776 descendisse
1664 2738 1677 2787 ;
1701 2725 1794 2779 sed
1821 2743 1927 2782 non

343 2798 456 2852 haec
481 2815 600 2853 vera
631 2809 746 2854 erat
775 2800 1159 2871 indignationis
1183 2819 1364 2872 causa,
1408 2809 1502 2862 scd
1529 2811 1667 2876 quod
1715 2830 1818 2868 non
1848 2817 1928 2871 ul-

344 2897 423 2941 tra
450 2899 723 2958 sperarent
761 2906 820 2946 se
844 2907 1029 2946 mensa
1059 2908 1315 2963 corporea
1343 2897 1597 2954 fruituros
1625 2916 1766 2960 esse.
1793 2905 1924 2962 Nam

342 2979 386 3032 si
417 2996 538 3034 vere
563 2982 988 3052 indignabantur,
1023 2987 1368 3055 quaerendum
1391 3001 1508 3044 erat
1536 2997 1802 3061 quomodo
1832 3015 1925 3068 pa-

340 3073 420 3126 nis
451 3073 568 3127 vita:
597 3084 762 3142 esset,
792 3077 1061 3144 quomodo
1088 3078 1155 3132 de
1179 3079 1310 3134 cado
1338 3079 1708 3139 descendisset
1739 3105 1752 3141 :
1781 3104 1922 3146 nunc

335 3179 493 3234 porro
532 3182 635 3221 non
680 3167 731 3222 id
782 3168 996 3234 faciunt,
1046 3171 1140 3225 sed
1171 3184 1524 3231 murmurant.
1554 3178 1705 3245 Quod
1733 3191 1912 3239 autem

333 3271 438 3309 non
471 3257 555 3310 illa
580 3257 648 3312 de
673 3273 830 3312 causa
863 3259 1280 3327 oﬂ'enderentur,
1303 3262 1425 3317 hinc
1451 3267 1622 3333 palam
1645 3280 1746 3335 est,
1774 3274 1915 3341 quod

331 3344 541 3401 dicente
565 3347 711 3414 Jesu,
768 3346 922 3403 Pater
953 3366 1089 3403 meus
1125 3353 1212 3404 dat
1241 3354 1376 3407 uobis
1401 3371 1600 3423 panem,
1634 3373 1737 3414 non
1769 3363 1917 3417 dixe-

329 3442 455 3502 rint,
489 3439 656 3509 Roga,
684 3448 740 3494 ut
767 3441 893 3506 det;
922 3442 1017 3496 sed
1047 3444 1210 3513 quid?
1237 3443 1316 3497 Da
1340 3447 1480 3499 nobis
1507 3465 1707 3515 panem.
1755 3453 1914 3524 Atqui

328 3545 432 3583 non
463 3531 689 3597 dixerat,
725 3531 836 3602 Ego
885 3532 991 3598 do;
1025 3535 1140 3600 sed,
1171 3534 1327 3588 Pater
1356 3553 1493 3591 meus
1525 3539 1632 3592 dat.
1678 3541 1756 3595 llli
1786 3560 1913 3601 vero

326 3633 389 3672 cx
431 3620 532 3672 cibi
563 3620 874 3688 cupiditate,
907 3622 1059 3676 illum
1091 3623 1219 3678 dare
1261 3625 1439 3678 cibum
1483 3642 1640 3694 posse
1687 3631 1912 3687 arbitra-

324 3710 538 3768 bantur.
565 3713 664 3780 Qui
694 3729 823 3768 vero
880 3715 951 3768 ita
1004 3716 1313 3783 credebant,
1346 3733 1451 3786 quo
1499 3731 1657 3788 pacto
1713 3724 1908 3781 offendi

322 3802 641 3869 debuerunt,
672 3821 792 3859 cum
823 3805 1088 3861 dicentem
1112 3807 1376 3874 audirent,
1419 3809 1628 3866 Patrem
1658 3829 1776 3870 esse
1817 3820 1908 3886 qui

319 3893 509 3947 daret?
541 3893 669 3958 Qua:
699 3894 855 3963 igitur
876 3910 1034 3950 causa
1066 3897 1339 3951 est?Cnm
1370 3900 1615 3956 audirent
1635 3919 1739 3958 non
1770 3907 1906 3964 ultra

317 3983 714 4039 comedi-udum
737 4001 878 4051 esse,
906 3987 1017 4057 jam
1047 4003 1150 4041 non
1178 3992 1420 4054 credunt,
1446 4001 1499 4046 et
1522 3992 1904 4056 incredulitatis

315 4088 536 4128 causam
557 4075 870 4142 obtendunt,
899 4077 1038 4146 quod
1061 4078 1367 4133 sublimiora
1390 4081 1715 4150 laqueretur.
1744 4087 1902 4144 ldeo-

316 4181 418 4232 que
447 4167 545 4228 ait,
571 4167 638 4218 Et
666 4167 856 4221 vidistis
878 4185 974 4234 me,
1004 4178 1049 4221 et
1078 4185 1176 4222 non
1194 4171 1395 4225 creditis
1414 4190 1433 4236 ;
1455 4182 1561 4228 tum
1588 4175 1756 4245 signa,
1792 4189 1902 4236 tum

315 4256 710 4326 Scripturarum
731 4261 1088 4314 testimonium
1108 4261 1469 4318 subindicans.
1486 4265 1603 4320 Illa:
1613 4270 1743 4321 enim
1759 4282 1896 4339 sunt,

316 4347 506 4416 inquit,
538 4363 650 4417 qua:
701 4351 1037 4402 testimonium
1081 4352 1342 4420 perhibent
1386 4353 1449 4405 de
1486 4371 1600 4418 me;
1629 4365 1716 4420 et,
1751 4359 1900 4424 Quod

313 4439 421 4490 teni
470 4439 527 4490 in
569 4438 770 4491 nomine
807 4437 977 4491 Patris
1018 4441 1143 4506 mei,
1189 4451 1235 4494 et
1277 4458 1377 4494 non
1421 4446 1648 4512 accipitis
1677 4463 1755 4500 me
1769 4465 1790 4513 ;
1821 4459 1894 4517 et,

317 4527 581 4590 Quomodo
603 4530 807 4597 potestis
837 4531 1054 4591 credere,
1079 4532 1166 4601 qui
1193 4531 1254 4584 ab
1284 4533 1493 4587 invicem
1522 4535 1734 4604 gloriam
1756 4541 1896 4592 acci-

313 4622 464 4688 pitis?
487 4623 583 4676 57.
616 4621 777 4675 Omne
801 4622 937 4690 quod
966 4622 1052 4674 dat
1082 4623 1202 4676 mihi
1232 4622 1404 4690 Pater,
1438 4627 1504 4678 ad
1537 4644 1614 4680 me
1636 4631 1811 4697 veniet,
1848 4641 1895 4686 ct

311 4727 415 4761 eum
437 4712 531 4782 qui
560 4713 688 4764 venit
710 4713 776 4764 ad
806 4730 900 4774 me,
933 4730 1030 4766 non
1053 4715 1250 4782 ejiciam
1277 4719 1432 4785 foras.
1471 4718 1598 4773 Vide
1624 4723 1892 4788 quomodo

311 4801 436 4854 nihil
468 4818 578 4856 non
607 4812 728 4872 agat
752 4804 816 4857 ad
843 4804 1115 4857 hominum
1138 4808 1399 4860 salutem?
1431 4809 1552 4864 Ideo
1582 4822 1756 4866 autem
1791 4814 1892 4869 hoc

309 4890 530 4953 addidit,
562 4908 626 4947 ne
675 4895 938 4948 curiosius
963 4909 1140 4964 agerc,
1173 4907 1225 4950 et
1255 4906 1456 4953 temere
1496 4901 1638 4969 loqui
1681 4903 1890 4958 videre—

309 4988 407 5034 tur.
437 4983 577 5052 Quid
606 4995 786 5038 autem
813 4985 983 5039 dicit?
1019 4986 1178 5040 Omne
1204 4990 1340 5057 quod
1361 4993 1448 5041 dat
1469 4991 1592 5043 mihi
1619 4991 1788 5058 Pater,
1820 4996 1889 5049 ad

309 5084 380 5120 me
406 5076 587 5139 veniet,
617 5081 661 5125 et
691 5075 996 5128 resuscitabo
1025 5091 1136 5128 eum
1161 5077 1214 5130 in
1254 5079 1518 5132 novissimo
1547 5082 1646 5134 die.
1677 5083 1780 5137 Cur
1801 5100 1887 5138 re-

307 5164 712 5230 surrectionem,
749 5165 902 5234 cujus
951 5175 1005 5220 et
1053 5167 1199 5237 impii
1231 5180 1508 5224 consortes
1529 5182 1704 5239 erunt,
1735 5191 1884 5229 eom-

307 5267 564 5311 ntemorat
618 5268 675 5311 ut
730 5258 928 5312 donum
960 5260 1301 5315 credentibus
1349 5261 1398 5314 in
1427 5276 1483 5316 se
1519 5271 1881 5334 concessum?

307 5341 431 5406 Quia
456 5362 560 5400 non
588 5350 1038 5403 resurrectionem
1069 5351 1401 5419 simpliciter,
1435 5353 1526 5407 sed
1559 5353 1693 5408 hanc.
1723 5370 1880 5423 pecu-

308 5429 502 5489 liariter
555 5440 1002 5494 resurrectionem
1060 5440 1339 5510 intelligit;
1387 5458 1506 5497 nam
1567 5459 1685 5497 cum
1734 5450 1879 5516 prius

306 5520 539 5592 dixisset,
591 5528 714 5582 Non
769 5531 966 5597 ejiciam
1007 5549 1141 5597 eum,
1179 5541 1252 5599 et,
1305 5533 1426 5587 Non
1471 5538 1680 5605 perdant
1707 5540 1768 5594 de
1795 5558 1873 5608 eo,

365 5658 379 5687 ¹
412 5660 555 5709 savil.
578 5660 805 5710 habet....
830 5669 1074 5724 testamur,
1098 5672 1143 5715 et
1165 5679 1255 5716 non
1275 5671 1472 5742 creditis
1495 5672 1628 5726 mihi.
1656 5675 1747 5727 Alii
1766 5692 1873 5730 cum

365 5723 440 5742 η.-.
493 5728 536 5742 -.
700 5729 950 5742 μην.-
1081 5741 1084 5742 ,

299 5710 461 5768 llorel.
491 5728 542 5771 et
565 5736 673 5773 cum
700 5710 1098 5784 Evangetiocus'o
1121 5734 1446 5784 consentiunt.

651 5808 918 5873 PATnOL.
955 5819 1068 5882 Gn.
1114 5825 1268 5889 [.lX.

1410 335 1476 393 IN
1512 338 1823 397 JOANNEM
1860 342 2090 405 HOMIL.
2134 348 2291 409 XLV.
2329 356 2400 412 al.
2443 358 2622 418 XLIV.

3503 357 3529 361 “
3543 391 3648 448 est

2075 470 2202 518 tunc
2229 467 2406 526 subdit
2429 481 2894 539 resurrectionem.
2911 487 3042 544 Nam
3075 491 3124 547 in
3149 501 3538 560 resurrectione
3558 508 3648 564 alii

2071 554 2382 627 ejiciuntur,
2423 573 2480 618 ut
2505 568 2578 621 ait
2611 587 2625 623 :
2657 571 2840 631 Tollite
2872 596 3004 648 eum,
3037 597 3082 638 et
3135 591 3314 646 mittite
3339 596 3390 649 in
3419 582 3648 656 tenebras

2068 649 2334 704 exteriores
2363 653 2589 723 (Matth.
2618 661 2706 716 22.
2739 667 2843 738 15)
2877 673 3004 726 :alii
3025 691 3266 747 pereunt,
3299 649 3645 759 ut

2824 737 2828 738 ,
3025 737 3041 744 -
3254 737 3266 747 -
3341 737 3349 738 ί
3374 737 3454 742 νη-
3479 737 3611 759 -ϋ··

2068 737 2274 804 licatur,
2304 742 2494 802 Timete
2518 753 2684 818 potius
2709 772 2842 823 eum,
2869 767 2956 830 qui
2983 779 3140 835 potest
3165 783 3209 824 et
3229 776 3450 831 animant
3471 792 3516 834 et
3532 799 3641 837 cor-

2067 843 2161 894 pus
2189 834 2396 897 perdere
2425 837 2477 889 in
2506 840 2783 907 gehennam
2820 834 2989 917 (Luc.
3017 856 3102 910 l2.
3134 860 3226 922 5).
3259 863 3440 936 itaque
3479 834 3604 927 illud
3624 914 3639 935 .

2074 916 2240 973 Vitam
2265 933 2503 979 azternam
2530 931 2616 998 do,
2660 931 2761 990 hoc
2788 916 3050 1009 significat
3082 965 3094 999 :
3135 949 3289 1006 Ibunt
3309 916 3471 1025 iilqui
3505 965 3640 1016 mala

2062 1007 2287 1074 fecerunt
2312 1016 2365 1067 in
2388 1023 2798 1080 resurrectionem
2814 1032 3001 1097 judicii
3015 1053 3036 1100 ,·
3055 1041 3142 1107 qui
3169 1052 3332 1097 autem
3367 1047 3493 1102 bona
3521 1070 3639 1122 ege-

2060 1110 2196 1167 runt,
2239 1103 2291 1156 in
2329 1113 2739 1170 resurrectionem
2767 1121 2882 1174 vita:
2921 1103 3106 1193 (Joan.
3135 1131 3188 1184 5.
3217 1133 3345 1206 29).
3379 1137 3525 1196 Hanc
3555 1160 3641 1200 re-

2058 1200 2441 1258 surrectionem
2458 1205 2770 1281 hicindicat,
2792 1232 2908 1286 quae
2923 1229 3004 1274 est
3021 1221 3301 1281 bonorum.
3324 1229 3459 1296 Quid
3481 1249 3638 1303 porro

2058 1285 2158 1340 sibi
2191 1291 2301 1344 vult
2326 1309 2446 1350 cum
2473 1299 2548 1355 ait
2575 1318 2591 1363 ;
2623 1301 2785 1359 Omne
2812 1285 2949 1376 quod
2978 1312 3064 1366 dat
3087 1316 3212 1370 mihi
3245 1318 3424 1388 Pater,
3467 1285 3533 1378 del
3559 1344 3637 1382 me

2057 1378 2252 1433 veniet?
2301 1381 2517 1443 Illorum
2563 1393 2985 1455 incredulitatem
3019 1409 3345 1478 perstringit,
3377 1417 3638 1471 ostendit-

2055 1482 2158 1537 que
2185 1486 2307 1529 eum
2333 1479 2421 1547 qui
2449 1496 2555 1537 non
2586 1487 2758 1542 credit
2784 1490 2837 1546 in
2864 1492 3060 1562 ipsum,
3105 1499 3278 1555 Patris
3304 1506 3630 1566 voluntatem

2054 1565 2373 1633 transgredi.
2419 1571 2570 1638 Quod
2621 1587 2796 1634 tamen
2843 1582 2934 1638 ille
2973 1602 3078 1642 non
3122 1603 3304 1660 aperte
3343 1596 3490 1662 dicit,
3539 1603 3632 1656 sed

2052 1647 2560 1728 subindieat:quod
2610 1666 2807 1737 ubique
2855 1673 3030 1730 facere
3077 1647 3526 1752 deprehenditur,
3575 1702 3633 1745 nt

2049 1743 2294 1800 ostendat
2315 1762 2420 1803 non
2450 1766 2510 1807 se
2529 1755 2725 1825 solum,
2746 1761 2838 1816 sed
2865 1762 3075 1821 Patrem
3105 1772 3262 1827 etiam
3286 1791 3437 1832 suum
3463 1783 3632 1838 offen-

2049 1830 2177 1888 dere
2206 1851 2300 1891 eos
2327 1841 2416 1908 qui
2447 1859 2551 1899 non
2580 1849 2825 1906 credunt.
2858 1855 2988 1910 Nam
3011 1860 3054 1913 si
3086 1861 3200 1918 haec
3241 1866 3355 1934 ejus
3385 1873 3630 1930 voluntas

2047 1933 2150 1991 est,
2206 1936 2259 1982 ct
2285 1931 2330 1985 si
2360 1933 2480 1990 ideo
2507 1941 2651 1995 venit
2689 1943 2742 1998 in
2783 1951 3059 2018 mundum,
3092 1965 3149 2010 ut
3194 1960 3397 2016 salvum
3429 1965 3630 2024 faceret

2046 2016 2351 2076 universum
2379 2026 2560 2082 orbem
2594 2032 2632 2098 ί,
2664 2036 2750 2103 qui
2799 2053 2903 2093 non
2951 2045 3195 2113 credunt,
3226 2051 3341 2120 ejus
3376 2057 3625 2114 volunta-

2045 2113 2149 2160 tem
2174 2116 2653 2182 transgrediuntur.
2684 2125 2816 2181 Cum
2839 2144 2966 2200 ergo
2990 2134 3148 2192 Pater
3171 2113 3399 2212 aliquem
3421 2148 3622 2222 dirigit,

2041 2193 2229 2265 inquit,
2264 2202 2394 2257 nihil
2414 2208 2662 2275 prohibet
2686 2229 2806 2271 eum
2829 2193 3002 2278 advme
3027 2229 3230 2284 venire.
3250 2193 3464 2293 jDeinde
3494 2193 3620 2310 pler:

2041 2286 2112 2310 ...τι
2175 2287 2216 2310 I7
2233 2307 2244 2310 _
2271 2309 2293 2310 η
2317 2309 2320 2310 ν
2429 2308 2436 2310 -
2647 2306 2657 2310 “

3494 2286 3579 2310 ιω,

2037 2286 2132 2354 8".
2164 2287 2216 2340 Ν
2221 2307 2329 2346 emo
2353 2308 2513 2364 potest
2548 2306 2712 2360 venire
2736 2310 2806 2360 ad
2822 2329 2918 2379 me,
2951 2317 3050 2370 nisi
3075 2318 3230 2376 Pater
3247 2333 3456 2384 traxerit
3483 2349 3618 2411 eum,

2043 2376 2230 2411 υιιι-Ιιιο
2262 2400 2387 2411 ..Α-ι.
2423 2389 2546 2411 ,ιε-ε.
2608 2394 2622 2411 ι
2777 2410 2780 2411 ,
2869 2403 2901 2411 ..

2037 2376 2231 2437 Paulus
2262 2400 2390 2441 vero
2417 2389 2570 2462 dixit,
2605 2394 2721 2465 Ipse
2769 2376 2928 2458 tradit
2971 2423 3062 2464 eos
3103 2411 3245 2469 Patri
3277 2435 3289 2469 :
3318 2419 3442 2476 Cum
3485 2401 3620 2482 enim

2037 2471 2298 2528 tradiderit
2313 2493 2520 2548 regnum
2541 2483 2648 2540 Deo
2667 2497 2714 2541 et
2733 2489 2880 2545 Patri
2903 2501 2916 2563 (
2941 2497 2991 2550 1.
3013 2498 3129 2557 Cor.
3158 2505 3241 2559 15.

2910 2558 2916 2563 .
3200 2558 3208 2559 κ
3277 2558 3400 2581 __,-
3425 2558 3615 2578 νυ...-

2041 2558 2326 2619 admodum
2351 2583 2478 2638 ergo
2504 2573 2660 2630 Pater
2686 2593 2804 2635 cum
2828 2583 2935 2650 dat,
2968 2604 3072 2645 non
3101 2608 3160 2647 se
3186 2599 3355 2665 privat
3380 2619 3444 2659 eo
3472 2611 3615 2676 quod

2041 2646 2118 2676 an.
2154 2669 2167 2676 -
2192 2653 2265 2676 ..ιη
2289 2665 2330 2676 -.
2363 2657 2458 2676 πη·
2815 2673 2844 2676 ,γ
2874 2675 2881 2676 ,

2032 2646 2123 2702 dat
2153 2653 2266 2707 :sic
2283 2665 2334 2710 et
2361 2657 2526 2716 Filius
2555 2679 2674 2720 cum
2715 2673 3138 2744 tradidit,‘nullo
3174 2646 3292 2742 srese
3327 2646 3610 2754 fraudltvit.

2032 2736 2236 2796 Dicitur
2283 2756 2459 2804 autent
2507 2755 2733 2826 tradere,
2764 2764 2885 2831 quia
2932 2781 3027 2834 per
3053 2786 3177 2829 eum
3205 2792 3480 2839 accessum
3507 2787 3608 2844 ha-

2026 3027 2172 3079 vero,
2200 3017 2302 3072 Per
2324 3038 2490 3092 quem,
2519 3028 2584 3084 de
2602 3028 2760 3090 Patre
2780 3053 2990 3111 quoque
3012 3017 3226 3118 dicitur,
3252 3067 3307 3110 ιιι
3335 3058 3434 3114 hoc
3455 3063 3597 3129 loco,

2036 3103 2129 3129 Ι)-..
2161 3125 2214 3129 μη-
2235 3127 2244 3129 μ
2479 3121 2504 3129 ν·
2629 3125 2638 3129 ⁵
2714 3128 2719 3129 ⁷

2796 3103 2808 3106 -
2903 3103 2916 3111 '
3166 3103 3192 3105 γε
3213 3103 3226 3118 1
3256 3103 3307 3110 --τ
3335 3103 3434 3114 --Ἷν
3455 3103 3597 3129 ιννυ.

2026 3103 2130 3159 Per
2150 3125 2298 3178 quem
2343 3121 2504 3171 uocati
2548 3125 2664 3178 estis
2702 3128 2755 3180 in
2782 3138 3281 3200 communicationem
3324 3149 3449 3205 Filii
3489 3157 3600 3224 ejus

2026 3195 2071 3224 Ι,
2141 3198 2242 3224 ιι-..
2309 3205 2327 3224 ι
2389 3207 2440 3224 n\
2534 3213 2544 3222 -
2569 3211 2582 3224 Ι

2022 3195 2098 3264 (1.
2141 3198 2259 3255 Cor.
2305 3205 2354 3257 1.
2389 3207 2485 3276 9);
2530 3211 2582 3265 id
2613 3224 2726 3281 est,
2771 3233 2868 3288 per
2913 3227 3235 3289 voluntatem
3282 3195 3602 3308 Patris;lac

2020 3305 2229 3348 rursum
2255 3337 2270 3362 ,
2304 3297 2489 3356 Beatus
2515 3321 2566 3358 es
2589 3347 2603 3370 ,
2632 3308 2812 3366 Simon
2857 3314 2963 3370 Bar
3001 3317 3138 3376 Jona
3159 3365 3174 3389 ,
3221 3330 3338 3396 quia
3388 3351 3505 3390 caro
3553 3349 3600 3392 et

2017 3388 2221 3455 sanguis
2248 3405 2348 3442 non
2396 3396 2631 3451 reuelauit
2679 3403 2768 3455 tibi
2807 3405 3015 3475 (Matth.
3046 3412 3132 3467 16.
3168 3388 3280 3488 17).
3321 3421 3431 3480 Hoc
3477 3388 3597 3486 loco

2017 3472 2130 3529 haec
2157 3476 2268 3532 fere
2297 3481 2598 3540 subindieat
2628 3506 2641 3544 :
2671 3489 2829 3548 Fides
2851 3495 2902 3549 in
2935 3516 3019 3554 me
3041 3519 3144 3558 non
3175 3524 3332 3575 parva
3363 3531 3449 3568 res
3474 3527 3555 3572 est
3575 3559 3591 3584 ,

2017 3564 2108 3584 --.Ι
2139 3580 2213 3584 μυί
2250 3583 2257 3584 κ
2487 3576 2516 3584 θ’
2736 3579 2748 3584 ’
2809 3583 2817 3584 7

2013 3564 2108 3618 sed
2136 3580 2362 3635 superna
2383 3576 2552 3641 gratia
2579 3592 2712 3646 opus
2735 3579 2914 3638 habet.
2945 3588 3009 3642 Et
3037 3592 3136 3646 hoc
3163 3564 3590 3674 ubique—statuit:

2014 3656 2304 3712 ostendens
2327 3676 2640 3729 generosam
2664 3672 2914 3741 animam,
2946 3693 2975 3731 a
2996 3680 3106 3736 Deo
3129 3695 3429 3756 attractam,
3454 3711 3592 3766 Opus

2014 3743 2203 3766 I_-l,_,_,
2259 3751 2323 3766 ns
2417 3753 2448 3766 Α
2505 3757 2518 3766 -
2568 3758 2602 3766 ι.
2729 3762 2746 3766 _

2013 3743 2209 3802 habere
2255 3751 2376 3805 fide.
2416 3753 2519 3809 Sed
2550 3758 2693 3814 dicet
2723 3762 2946 3823 fortasse
2974 3774 3232 3845 quispiam
3268 3797 3282 3833 :
3323 3743 3591 3844 Sit—omne

2010 3837 2152 3903 quod
2179 3839 2268 3893 dat
2307 3842 2483 3910 Pater,
2529 3852 2672 3905 venit
2708 3853 2773 3907 ad
2827 3865 2912 3926 te,
2959 3837 3003 3915 si
3035 3837 3109 3919 illi
3154 3868 3279 3924 item
3320 3837 3588 3943 quos—"ille

2011 3930 2189 3997 trahit,
2219 3943 2271 3987 et
2300 3936 2342 3989 si
2371 3953 2528 3993 nemo
2554 3951 2728 4011 potest
2752 3949 2816 4002 ad
2849 3957 2899 4005 te
2921 3958 3122 4022 venire,
3153 3963 3249 4017 nisi
3274 3965 3371 4033 ipsi
3403 3969 3585 4028 datum

2009 4021 2169 4077 fuerit
2205 4025 2472 4097 desuper;
2526 4034 2558 4085 ii
2590 4036 2781 4102 quibus
2828 4056 2930 4095 non
2973 4045 3023 4098 id
3073 4021 3164 4104 dat
3216 4021 3389 4121 Paier,
3437 4066 3584 4119 omni

2006 4122 2130 4166 sunt
2174 4116 2397 4172 crimine
2442 4120 2615 4176 liberi.
2665 4125 2790 4182 llmc
2841 4133 2998 4187 verba
3045 4148 3167 4192 sunt
3213 4152 3266 4196 et
3310 4148 3581 4208 obtentus.

2004 4204 2133 4259 Nam
2190 4218 2368 4263 nostra
2423 4227 2634 4283 quoque
2690 4232 2824 4286 opus
2887 4233 2968 4277 est
3017 4230 3289 4289 voluntate
3337 4256 3349 4292 :
3397 4241 3581 4302 doceri

2002 4298 2200 4365 quippe
2226 4307 2279 4351 et
2323 4302 2543 4358 credere
2585 4321 2648 4359 ex
2695 4310 2965 4367 voluntate
3011 4325 3112 4370 est.
3146 4321 3241 4375 llic
3276 4341 3402 4412 vero
3448 4333 3580 4390 nihil

2003 4386 2142 4412 ..κυιι
2176 4387 2402 4412 .l--l-_....
2435 4391 2513 4412 Ls-
2545 4395 2653 4412 -.-ενι
2677 4397 2687 4407 ο
2771 4400 2808 4412 ιι
2903 4401 2914 4412 ι
2957 4404 2966 4412 .
3205 4410 3226 4412 _

2001 4386 2144 4441 aliud
2174 4387 2405 4443 declarat
2435 4391 2517 4446 his
2545 4395 2738 4461 verbis,
2766 4400 2914 4463 Quod
2932 4404 3019 4456 dat
3044 4410 3166 4462 mihi
3191 4386 3572 4491 Pater,'qnam,

1999 4479 2114 4533 Non
2143 4480 2372 4550 vulgaris
2411 4500 2497 4540 res
2525 4496 2607 4541 est
2630 4488 2682 4543 in
2710 4507 2794 4545 me
2821 4495 3061 4565 credere,
3091 4517 3264 4575 neque
3297 4509 3348 4563 id
3378 4528 3441 4568 ex
3475 4516 3576 4571 hu-

1998 4584 2155 4624 mano
2204 4573 2480 4629 ratiocinio
2528 4579 2756 4646 pendet,
2804 4585 2898 4639 sed
2924 4602 3057 4657 Opus
3087 4573 3444 4670 est'superna
3491 4625 3577 4664 rc-

1997 4663 2294 4730 velatione,
2342 4676 2397 4720 ct
2464 4669 2547 4737 pia
2596 4673 2772 4726 anima
2827 4692 2946 4745 qua:
2999 4685 3376 4747 revelationem
3434 4702 3573 4756 reci-

1996 4755 2122 4823 piat.
2168 4755 2234 4810 Et
2286 4756 2449 4823 illud,
2498 4759 2596 4825 Qui
2649 4765 2777 4816 venit
2835 4768 2904 4819 ad
2943 4786 3019 4825 me
3082 4777 3250 4833 salvus
3285 4785 3413 4848 erit,
3472 4789 3574 4848 hoc

1997 4846 2094 4898 sihi
2126 4848 2239 4900 vult
2279 4869 2291 4901 :
2336 4849 2521 4918 Magna
2550 4850 2754 4907 fruetur
2786 4859 3132 4923 providentia.
3168 4867 3270 4924 Pro
3317 4846 3408 4928 his
3425 4882 3568 4935 enim

1993 4939 2148 5003 veni,
2203 4949 2256 4992 et
2306 4955 2518 4994 carnem
2578 4945 2822 5014 servique
2869 4948 3090 5007 formant
3139 4963 3340 5028 accepi.
3370 4966 3569 5024 Deinde

1992 5029 2203 5096 subdit,
2264 5031 2351 5084 '58.
2419 5032 2702 5102 Destendi,
2763 5054 2863 5091 non
2919 5050 2973 5093 ut
3025 5045 3211 5110 faciam
3263 5053 3570 5111 voluntatem

1990 5136 2182 5186 nteant,
2241 5121 2328 5175 sed
2355 5121 2656 5179 voluntatem
2709 5130 2818 5197 ejus
2861 5133 2948 5200 qui
2987 5137 3123 5189 misit
3165 5156 3260 5192 me.
3309 5143 3445 5208 Quid
3474 5149 3561 5201 di-

1986 5211 2102 5265 ciS?
2146 5213 2320 5267 aliane
2365 5224 2446 5268 est
2498 5225 2580 5269 tua
2609 5259 2623 5282 ,
2685 5221 2785 5272 alia
2837 5223 3021 5277 illius?
3062 5227 3139 5281 Ne
3167 5231 3284 5297 quis
3321 5249 3448 5305 ergo
3508 5240 3558 5294 id

1986 5304 2303 5372 suspicetur,
2333 5305 2468 5361 hanc
2492 5309 2682 5363 deinde
2705 5325 2915 5368 amovet
2935 5319 3311 5388 suspicionem,
3337 5328 3521 5387 dicens
3545 5353 3559 5388 :

1984 5394 2074 5448 40.
2109 5393 2231 5447 licet:
2252 5406 2324 5448 est
2351 5407 2516 5450 autem
2560 5401 2784 5454 voluntas
2810 5408 2919 5470 ejus
2955 5407 3042 5473 qui
3069 5410 3202 5463 misit
3231 5430 3307 5467 me
3325 5458 3338 5482 ,
3369 5429 3424 5471 ut
3450 5439 3561 5476 om-

1983 5485 2062 5537 nis
2102 5487 2187 5553 qui
2228 5486 2356 5538 videt
2387 5487 2608 5554 Filium,
2656 5500 2701 5542 ct
2743 5495 2900 5546 credit
2930 5497 2980 5548 in
3012 5514 3120 5550 eum
3144 5542 3157 5565 ,
3199 5505 3378 5562 habeat
3406 5516 3556 5570 vitam

1981 5589 2237 5632 crternam.
2266 5580 2455 5632 Annon
2488 5581 2599 5634 ιιςυε
2629 5592 2710 5635 est
2736 5586 2977 5642 voluntas
3009 5596 3133 5646 tua?
3158 5610 3252 5652 cur
3280 5617 3405 5673 ergo
3431 5609 3558 5668 alibi

2045 5741 2059 5772 ι
2098 5741 2237 5792 ὅπη,
2266 5752 2368 5802 ιιι-ο³
2389 5734 2658 5790 unizcrsum
2675 5737 2852 5803 orbem,
2891 5741 3031 5808 legit,
3059 5760 3243 5800 onmem
3266 5752 3519 5810 hominem.
