  <div class='ocr_page' id='page_1' title='image "/cluster/home/n/w/nwhite01/storage/ocr_20150623/59/mdp.39015009383640/253.png"; bbox 0 0 4104 6156; ppageno 0'>
   <div class='ocr_carea' id='block_1_1' title="bbox 448 296 553 352">
    <p class='ocr_par' dir='ltr' id='par_1_1' title="bbox 448 296 553 352">
     <span class='ocr_line' id='line_1_1' title="bbox 448 296 553 352; baseline -0.048 0"><span class='ocrx_word' id='word_1_1' title='bbox 448 296 553 352; x_wconf 58' lang='lat'><strong>935</strong></span> 
     </span>
    </p>
   </div>
   <div class='ocr_carea' id='block_1_2' title="bbox 449 393 2030 480">
    <p class='ocr_par' dir='ltr' id='par_1_2' title="bbox 449 393 2030 480">
     <span class='ocr_line' id='line_1_2' title="bbox 449 393 2030 480; baseline -0.013 -13"><span class='ocrx_word' id='word_1_2' title='bbox 449 411 607 475; x_wconf 85' lang='lat' dir='ltr'><strong>dicis,</strong></span> <span class='ocrx_word' id='word_1_3' title='bbox 635 409 813 480; x_wconf 71' lang='lat' dir='ltr'><strong>Ignem</strong></span> <span class='ocrx_word' id='word_1_4' title='bbox 842 405 949 461; x_wconf 66' lang='lat' dir='ltr'><strong>vctu</strong></span> <span class='ocrx_word' id='word_1_5' title='bbox 977 404 1170 457; x_wconf 82' lang='lat' dir='ltr'><strong>mittere</strong></span> <span class='ocrx_word' id='word_1_6' title='bbox 1195 403 1248 455; x_wconf 90' lang='lat' dir='ltr'><strong>in</strong></span> <span class='ocrx_word' id='word_1_7' title='bbox 1273 412 1479 465; x_wconf 71' lang='lat' dir='ltr'><strong>terram,</strong></span> <span class='ocrx_word' id='word_1_8' title='bbox 1507 410 1554 453; x_wconf 87' lang='lat' dir='ltr'><strong>et</strong></span> <span class='ocrx_word' id='word_1_9' title='bbox 1579 400 1700 469; x_wconf 85' lang='lat' dir='ltr'><strong>quid</strong></span> <span class='ocrx_word' id='word_1_10' title='bbox 1730 399 1841 453; x_wconf 77' lang='lat' dir='ltr'><strong>volo</strong></span> <span class='ocrx_word' id='word_1_11' title='bbox 1865 438 1878 462; x_wconf 89' lang='lat'><strong>,</strong></span> <span class='ocrx_word' id='word_1_12' title='bbox 1932 393 2030 448; x_wconf 84' lang='lat' dir='ltr'><strong>nisi</strong></span> 
     </span>
    </p>
   </div>
   <div class='ocr_carea' id='block_1_3' title="bbox 451 487 2030 564">
    <p class='ocr_par' dir='ltr' id='par_1_3' title="bbox 451 487 2030 564">
     <span class='ocr_line' id='line_1_3' title="bbox 451 487 2030 564; baseline -0.009 -11"><span class='ocrx_word' id='word_1_13' title='bbox 451 514 504 553; x_wconf 87' lang='lat' dir='ltr'><strong><em>ut</em></strong></span> <span class='ocrx_word' id='word_1_14' title='bbox 536 503 841 557; x_wconf 76' lang='lat' dir='ltr'><strong>accendatur</strong></span> <span class='ocrx_word' id='word_1_15' title='bbox 870 493 1020 564; x_wconf 85' lang='lat' dir='ltr'><strong>(an.</strong></span> <span class='ocrx_word' id='word_1_16' title='bbox 1054 491 1141 548; x_wconf 70' lang='grc'><strong>12.</strong></span> <span class='ocrx_word' id='word_1_17' title='bbox 1169 492 1299 562; x_wconf 70' lang='grc' dir='ltr'>ι9)τ</span> <span class='ocrx_word' id='word_1_18' title='bbox 1325 490 1477 558; x_wconf 85' lang='lat' dir='ltr'><strong>Quod</strong></span> <span class='ocrx_word' id='word_1_19' title='bbox 1504 491 1546 544; x_wconf 88' lang='lat' dir='ltr'><strong>si</strong></span> <span class='ocrx_word' id='word_1_20' title='bbox 1577 501 1631 543; x_wconf 91' lang='lat' dir='ltr'><strong>tu</strong></span> <span class='ocrx_word' id='word_1_21' title='bbox 1661 488 1764 543; x_wconf 89' lang='lat' dir='ltr'><strong>hoc</strong></span> <span class='ocrx_word' id='word_1_22' title='bbox 1788 487 1869 542; x_wconf 91' lang='lat' dir='ltr'><strong>vis</strong></span> <span class='ocrx_word' id='word_1_23' title='bbox 1889 527 1904 553; x_wconf 96' lang='lat'><strong>,</strong></span> <span class='ocrx_word' id='word_1_24' title='bbox 1937 500 2030 555; x_wconf 59' lang='lat' dir='ltr'><strong>pa.</strong></span> 
     </span>
    </p>
   </div>
   <div class='ocr_carea' id='block_1_4' title="bbox 438 577 2032 647">
    <p class='ocr_par' dir='ltr' id='par_1_4' title="bbox 438 577 2032 647">
     <span class='ocr_line' id='line_1_4' title="bbox 438 577 2032 647; baseline -0.008 -4"><span class='ocrx_word' id='word_1_25' title='bbox 438 591 554 645; x_wconf 50' lang='lat' dir='ltr'><strong>«tam</strong></span> <span class='ocrx_word' id='word_1_26' title='bbox 599 596 681 642; x_wconf 88' lang='lat' dir='ltr'><strong>est</strong></span> <span class='ocrx_word' id='word_1_27' title='bbox 730 600 887 640; x_wconf 89' lang='lat' dir='ltr'><strong>unam</strong></span> <span class='ocrx_word' id='word_1_28' title='bbox 929 597 1050 639; x_wconf 79' lang='lat' dir='ltr'><strong>esse</strong></span> <span class='ocrx_word' id='word_1_29' title='bbox 1083 582 1410 636; x_wconf 71' lang='lat' dir='ltr'><strong>voluntatem</strong></span> <span class='ocrx_word' id='word_1_30' title='bbox 1445 597 1458 633; x_wconf 91' lang='lat'><strong>:</strong></span> <span class='ocrx_word' id='word_1_31' title='bbox 1490 594 1614 633; x_wconf 88' lang='lat' dir='ltr'><strong>nam</strong></span> <span class='ocrx_word' id='word_1_32' title='bbox 1660 577 1787 632; x_wconf 82' lang='lat' dir='ltr'><strong>alibi</strong></span> <span class='ocrx_word' id='word_1_33' title='bbox 1821 589 2032 647; x_wconf 88' lang='lat' dir='ltr'><strong>quoque</strong></span> 
     </span>
    </p>
   </div>
   <div class='ocr_carea' id='block_1_5' title="bbox 445 671 2030 739">
    <p class='ocr_par' dir='ltr' id='par_1_5' title="bbox 445 671 2030 739">
     <span class='ocr_line' id='line_1_5' title="bbox 445 671 2030 739; baseline -0.011 -2"><span class='ocrx_word' id='word_1_34' title='bbox 445 685 572 739; x_wconf 80' lang='lat' dir='ltr'><strong>dicit</strong></span> <span class='ocrx_word' id='word_1_35' title='bbox 601 700 613 734; x_wconf 92' lang='lat'><strong>:</strong></span> <span class='ocrx_word' id='word_1_36' title='bbox 644 682 786 736; x_wconf 86' lang='lat' dir='ltr'><strong>Sicut</strong></span> <span class='ocrx_word' id='word_1_37' title='bbox 816 678 974 733; x_wconf 86' lang='lat' dir='ltr'><strong>Pater</strong></span> <span class='ocrx_word' id='word_1_38' title='bbox 1016 681 1227 731; x_wconf 72' lang='lat' dir='ltr'><strong><em>suscitat</em></strong></span> <span class='ocrx_word' id='word_1_39' title='bbox 1271 681 1495 728; x_wconf 86' lang='lat' dir='ltr'><strong>mortuos</strong></span> <span class='ocrx_word' id='word_1_40' title='bbox 1521 681 1568 726; x_wconf 89' lang='lat' dir='ltr'><strong>et</strong></span> <span class='ocrx_word' id='word_1_41' title='bbox 1595 671 1841 739; x_wconf 76' lang='lat' dir='ltr'><strong>uiviﬁcat,</strong></span> <span class='ocrx_word' id='word_1_42' title='bbox 1883 671 1956 724; x_wconf 87' lang='lat' dir='ltr'><strong>sic</strong></span> <span class='ocrx_word' id='word_1_43' title='bbox 1982 677 2030 721; x_wconf 90' lang='lat' dir='ltr'><strong>et</strong></span> 
     </span>
    </p>
   </div>
   <div class='ocr_carea' id='block_1_6' title="bbox 450 758 2032 842">
    <p class='ocr_par' dir='ltr' id='par_1_6' title="bbox 450 758 2032 842">
     <span class='ocr_line' id='line_1_6' title="bbox 450 758 2032 842; baseline -0.008 -18"><span class='ocrx_word' id='word_1_44' title='bbox 450 771 616 824; x_wconf 78' lang='lat' dir='ltr'><strong>Filius</strong></span> <span class='ocrx_word' id='word_1_45' title='bbox 644 785 769 842; x_wconf 84' lang='lat' dir='ltr'><strong>quas</strong></span> <span class='ocrx_word' id='word_1_46' title='bbox 797 768 902 822; x_wconf 74' lang='lat' dir='ltr'><strong>vult</strong></span> <span class='ocrx_word' id='word_1_47' title='bbox 941 767 1180 835; x_wconf 80' lang='lat' dir='ltr'><strong>cioi/icat.</strong></span> <span class='ocrx_word' id='word_1_48' title='bbox 1211 765 1340 833; x_wconf 76' lang='lat' dir='ltr'><strong>Qua:</strong></span> <span class='ocrx_word' id='word_1_49' title='bbox 1366 773 1448 818; x_wconf 87' lang='lat' dir='ltr'><strong>est</strong></span> <span class='ocrx_word' id='word_1_50' title='bbox 1477 776 1607 831; x_wconf 85' lang='lat' dir='ltr'><strong>ergo</strong></span> <span class='ocrx_word' id='word_1_51' title='bbox 1640 760 1890 815; x_wconf 75' lang='lat' dir='ltr'><strong>voluntas</strong></span> <span class='ocrx_word' id='word_1_52' title='bbox 1932 758 2032 814; x_wconf 84' lang='lat' dir='ltr'><strong>Pa-</strong></span> 
     </span>
    </p>
   </div>
   <div class='ocr_carea' id='block_1_7' title="bbox 447 849 2030 927">
    <p class='ocr_par' dir='ltr' id='par_1_7' title="bbox 447 849 2030 927">
     <span class='ocr_line' id='line_1_7' title="bbox 447 849 2030 927; baseline -0.008 -10"><span class='ocrx_word' id='word_1_53' title='bbox 447 861 580 918; x_wconf 78' lang='lat' dir='ltr'><strong>tris‘?</strong></span> <span class='ocrx_word' id='word_1_54' title='bbox 603 873 782 914; x_wconf 74' lang='lat' dir='ltr'><strong>sitnon</strong></span> <span class='ocrx_word' id='word_1_55' title='bbox 812 868 869 912; x_wconf 91' lang='lat' dir='ltr'><strong>ut</strong></span> <span class='ocrx_word' id='word_1_56' title='bbox 896 871 963 912; x_wconf 90' lang='lat' dir='ltr'><strong>ne</strong></span> <span class='ocrx_word' id='word_1_57' title='bbox 988 863 1174 927; x_wconf 85' lang='lat' dir='ltr'><strong>pereat</strong></span> <span class='ocrx_word' id='word_1_58' title='bbox 1200 871 1267 911; x_wconf 82' lang='lat' dir='ltr'><strong>ex</strong></span> <span class='ocrx_word' id='word_1_59' title='bbox 1293 855 1370 910; x_wconf 90' lang='lat' dir='ltr'><strong>eis</strong></span> <span class='ocrx_word' id='word_1_60' title='bbox 1400 850 1717 924; x_wconf 85' lang='lat' dir='ltr'><strong>quisquam?</strong></span> <span class='ocrx_word' id='word_1_61' title='bbox 1747 849 1934 905; x_wconf 85' lang='lat' dir='ltr'><strong>Hoc-et</strong></span> <span class='ocrx_word' id='word_1_62' title='bbox 1975 857 2030 904; x_wconf 87' lang='lat' dir='ltr'><strong>tu</strong></span> 
     </span>
    </p>
   </div>
   <div class='ocr_carea' id='block_1_8' title="bbox 449 939 2032 1019">
    <p class='ocr_par' dir='ltr' id='par_1_8' title="bbox 449 939 2032 1019">
     <span class='ocr_line' id='line_1_8' title="bbox 449 939 2032 1019; baseline -0.008 -12"><span class='ocrx_word' id='word_1_63' title='bbox 449 955 550 1009; x_wconf 90' lang='lat' dir='ltr'><strong>vis.</strong></span> <span class='ocrx_word' id='word_1_64' title='bbox 582 951 700 1009; x_wconf 81' lang='lat' dir='ltr'><strong>Non</strong></span> <span class='ocrx_word' id='word_1_65' title='bbox 723 959 806 1006; x_wconf 86' lang='lat' dir='ltr'><strong>est</strong></span> <span class='ocrx_word' id='word_1_66' title='bbox 833 963 961 1019; x_wconf 88' lang='lat' dir='ltr'><strong>ergo</strong></span> <span class='ocrx_word' id='word_1_67' title='bbox 988 949 1088 1002; x_wconf 90' lang='lat' dir='ltr'><strong>alia</strong></span> <span class='ocrx_word' id='word_1_68' title='bbox 1119 945 1268 1013; x_wconf 69' lang='lat' dir='ltr'><strong>haec,</strong></span> <span class='ocrx_word' id='word_1_69' title='bbox 1303 945 1406 1000; x_wconf 87' lang='lat' dir='ltr'><strong>alia</strong></span> <span class='ocrx_word' id='word_1_70' title='bbox 1431 943 1520 999; x_wconf 89' lang='lat' dir='ltr'><strong>illa</strong></span> <span class='ocrx_word' id='word_1_71' title='bbox 1559 942 1831 1000; x_wconf 78' lang='lat' dir='ltr'><strong>voluntas.</strong></span> <span class='ocrx_word' id='word_1_72' title='bbox 1861 939 1948 995; x_wconf 90' lang='lat' dir='ltr'><strong>Sic</strong></span> <span class='ocrx_word' id='word_1_73' title='bbox 1978 947 2032 994; x_wconf 87' lang='lat' dir='ltr'><strong>et</strong></span> 
     </span>
    </p>
   </div>
   <div class='ocr_carea' id='block_1_9' title="bbox 446 1031 2027 1113">
    <p class='ocr_par' dir='ltr' id='par_1_9' title="bbox 446 1031 2027 1113">
     <span class='ocr_line' id='line_1_9' title="bbox 446 1031 2027 1113; baseline -0.009 -14"><span class='ocrx_word' id='word_1_74' title='bbox 446 1045 572 1105; x_wconf 80' lang='lat' dir='ltr'><strong>alibi</strong></span> <span class='ocrx_word' id='word_1_75' title='bbox 601 1057 812 1113; x_wconf 90' lang='lat' dir='ltr'><strong>quoque</strong></span> <span class='ocrx_word' id='word_1_76' title='bbox 853 1040 1209 1110; x_wconf 66' lang='lat' dir='ltr'><strong>aequalitatem</strong></span> <span class='ocrx_word' id='word_1_77' title='bbox 1237 1053 1358 1094; x_wconf 89' lang='lat' dir='ltr'><strong>cum</strong></span> <span class='ocrx_word' id='word_1_78' title='bbox 1383 1037 1544 1091; x_wconf 82' lang='lat' dir='ltr'><strong>Patre</strong></span> <span class='ocrx_word' id='word_1_79' title='bbox 1580 1033 1785 1088; x_wconf 92' lang='lat' dir='ltr'><strong>ﬁrmius</strong></span> <span class='ocrx_word' id='word_1_80' title='bbox 1809 1031 2027 1096; x_wconf 88' lang='lat' dir='ltr'><strong>statuit,</strong></span> 
     </span>
    </p>
   </div>
   <div class='ocr_carea' id='block_1_10' title="bbox 443 1121 2026 1204">
    <p class='ocr_par' dir='ltr' id='par_1_10' title="bbox 443 1121 2026 1204">
     <span class='ocr_line' id='line_1_10' title="bbox 443 1121 2026 1204; baseline -0.011 -14"><span class='ocrx_word' id='word_1_81' title='bbox 443 1151 568 1191; x_wconf 84' lang='lat' dir='ltr'><strong>ctun</strong></span> <span class='ocrx_word' id='word_1_82' title='bbox 598 1135 757 1190; x_wconf 85' lang='lat' dir='ltr'><strong>dicit:</strong></span> <span class='ocrx_word' id='word_1_83' title='bbox 783 1132 896 1204; x_wconf 84' lang='lat' dir='ltr'><strong>Ego</strong></span> <span class='ocrx_word' id='word_1_84' title='bbox 917 1142 963 1186; x_wconf 91' lang='lat' dir='ltr'><strong>et</strong></span> <span class='ocrx_word' id='word_1_85' title='bbox 992 1130 1148 1184; x_wconf 87' lang='lat' dir='ltr'><strong>Pater</strong></span> <span class='ocrx_word' id='word_1_86' title='bbox 1171 1131 1421 1184; x_wconf 82' lang='lat' dir='ltr'><strong>veniemus</strong></span> <span class='ocrx_word' id='word_1_87' title='bbox 1441 1167 1454 1190; x_wconf 94' lang='lat'><strong>,</strong></span> <span class='ocrx_word' id='word_1_88' title='bbox 1484 1136 1528 1181; x_wconf 90' lang='lat' dir='ltr'><strong>et</strong></span> <span class='ocrx_word' id='word_1_89' title='bbox 1552 1125 1858 1180; x_wconf 74' lang='lat' dir='ltr'><strong>mansionem</strong></span> <span class='ocrx_word' id='word_1_90' title='bbox 1886 1121 2026 1191; x_wconf 88' lang='lat' dir='ltr'><strong>apud</strong></span> 
     </span>
    </p>
   </div>
   <div class='ocr_carea' id='block_1_11' title="bbox 447 1211 2031 1298">
    <p class='ocr_par' dir='ltr' id='par_1_11' title="bbox 447 1211 2031 1298">
     <span class='ocr_line' id='line_1_11' title="bbox 447 1211 2031 1298; baseline -0.009 -17"><span class='ocrx_word' id='word_1_91' title='bbox 447 1245 562 1281; x_wconf 81' lang='lat' dir='ltr'><strong>eum</strong></span> <span class='ocrx_word' id='word_1_92' title='bbox 599 1229 843 1298; x_wconf 86' lang='lat' dir='ltr'><strong>faciemus</strong></span> <span class='ocrx_word' id='word_1_93' title='bbox 892 1224 1072 1295; x_wconf 86' lang='lat' dir='ltr'><strong>(Joan.</strong></span> <span class='ocrx_word' id='word_1_94' title='bbox 1120 1224 1212 1278; x_wconf 74' lang='grc'><strong>14.</strong></span> <span class='ocrx_word' id='word_1_95' title='bbox 1257 1221 1373 1292; x_wconf 75' lang='grc'><strong>25).</strong></span> <span class='ocrx_word' id='word_1_96' title='bbox 1406 1219 1517 1274; x_wconf 89' lang='lat' dir='ltr'><strong>lloe</strong></span> <span class='ocrx_word' id='word_1_97' title='bbox 1568 1227 1697 1273; x_wconf 92' lang='lat' dir='ltr'><strong>est:</strong></span> <span class='ocrx_word' id='word_1_98' title='bbox 1729 1215 1844 1270; x_wconf 86' lang='lat' dir='ltr'><strong>Non</strong></span> <span class='ocrx_word' id='word_1_99' title='bbox 1888 1211 2031 1268; x_wconf 85' lang='lat' dir='ltr'><strong>aliud</strong></span> 
     </span>
    </p>
   </div>
   <div class='ocr_carea' id='block_1_12' title="bbox 451 1307 2032 1384">
    <p class='ocr_par' dir='ltr' id='par_1_12' title="bbox 451 1307 2032 1384">
     <span class='ocr_line' id='line_1_12' title="bbox 451 1307 2032 1384; baseline -0.009 -10"><span class='ocrx_word' id='word_1_100' title='bbox 451 1320 687 1374; x_wconf 80' lang='lat' dir='ltr'><strong>facturus</strong></span> <span class='ocrx_word' id='word_1_101' title='bbox 737 1316 886 1378; x_wconf 89' lang='lat' dir='ltr'><strong>veni,</strong></span> <span class='ocrx_word' id='word_1_102' title='bbox 941 1329 1100 1384; x_wconf 88' lang='lat' dir='ltr'><strong>quam</strong></span> <span class='ocrx_word' id='word_1_103' title='bbox 1151 1311 1278 1368; x_wconf 70' lang='lat' dir='ltr'><strong>iliud</strong></span> <span class='ocrx_word' id='word_1_104' title='bbox 1320 1311 1461 1382; x_wconf 89' lang='lat' dir='ltr'><strong>quod</strong></span> <span class='ocrx_word' id='word_1_105' title='bbox 1519 1310 1678 1364; x_wconf 86' lang='lat' dir='ltr'><strong>Pater</strong></span> <span class='ocrx_word' id='word_1_106' title='bbox 1729 1307 1876 1372; x_wconf 84' lang='lat' dir='ltr'><strong>vult;</strong></span> <span class='ocrx_word' id='word_1_107' title='bbox 1932 1320 2032 1360; x_wconf 91' lang='lat' dir='ltr'><strong>nec</strong></span> 
     </span>
    </p>
   </div>
   <div class='ocr_carea' id='block_1_13' title="bbox 448 1396 2030 1478">
    <p class='ocr_par' dir='ltr' id='par_1_13' title="bbox 448 1396 2030 1478">
     <span class='ocr_line' id='line_1_13' title="bbox 448 1396 2030 1478; baseline -0.008 -17"><span class='ocrx_word' id='word_1_108' title='bbox 448 1409 606 1463; x_wconf 85' lang='lat' dir='ltr'><strong>aliam</strong></span> <span class='ocrx_word' id='word_1_109' title='bbox 655 1422 811 1478; x_wconf 86' lang='lat' dir='ltr'><strong>quam</strong></span> <span class='ocrx_word' id='word_1_110' title='bbox 838 1406 1014 1460; x_wconf 86' lang='lat' dir='ltr'><strong>Patris</strong></span> <span class='ocrx_word' id='word_1_111' title='bbox 1045 1404 1369 1459; x_wconf 84' lang='lat' dir='ltr'><strong>voluntatem</strong></span> <span class='ocrx_word' id='word_1_112' title='bbox 1413 1400 1606 1456; x_wconf 84' lang='lat' dir='ltr'><strong>habeo.</strong></span> <span class='ocrx_word' id='word_1_113' title='bbox 1651 1397 1839 1455; x_wconf 82' lang='lat' dir='ltr'><strong>Omnia</strong></span> <span class='ocrx_word' id='word_1_114' title='bbox 1885 1396 2030 1451; x_wconf 87' lang='lat' dir='ltr'><strong>enim</strong></span> 
     </span>
    </p>
   </div>
   <div class='ocr_carea' id='block_1_14' title="bbox 449 1485 2032 1566">
    <p class='ocr_par' dir='ltr' id='par_1_14' title="bbox 449 1485 2032 1566">
     <span class='ocr_line' id='line_1_14' title="bbox 449 1485 2032 1566; baseline -0.005 -18"><span class='ocrx_word' id='word_1_115' title='bbox 449 1513 565 1566; x_wconf 83' lang='lat' dir='ltr'><strong>quae</strong></span> <span class='ocrx_word' id='word_1_116' title='bbox 597 1497 767 1551; x_wconf 80' lang='lat' dir='ltr'><strong>Patris</strong></span> <span class='ocrx_word' id='word_1_117' title='bbox 791 1503 937 1561; x_wconf 90' lang='lat' dir='ltr'><strong>sunt,</strong></span> <span class='ocrx_word' id='word_1_118' title='bbox 968 1509 1084 1547; x_wconf 86' lang='lat' dir='ltr'><strong>mea</strong></span> <span class='ocrx_word' id='word_1_119' title='bbox 1113 1503 1270 1559; x_wconf 89' lang='lat' dir='ltr'><strong>sunt,</strong></span> <span class='ocrx_word' id='word_1_120' title='bbox 1319 1499 1374 1546; x_wconf 89' lang='lat' dir='ltr'><strong>et</strong></span> <span class='ocrx_word' id='word_1_121' title='bbox 1402 1506 1517 1561; x_wconf 60' lang='grc' dir='ltr'><strong>ρυλε</strong></span> <span class='ocrx_word' id='word_1_122' title='bbox 1545 1504 1661 1545; x_wconf 88' lang='lat' dir='ltr'><strong>mea</strong></span> <span class='ocrx_word' id='word_1_123' title='bbox 1693 1497 1852 1553; x_wconf 90' lang='lat' dir='ltr'><strong>sunt,</strong></span> <span class='ocrx_word' id='word_1_124' title='bbox 1890 1485 2032 1540; x_wconf 87' lang='lat' dir='ltr'><strong>illius</strong></span> 
     </span>
    </p>
   </div>
   <div class='ocr_carea' id='block_1_15' title="bbox 445 1577 2031 1658">
    <p class='ocr_par' dir='ltr' id='par_1_15' title="bbox 445 1577 2031 1658">
     <span class='ocr_line' id='line_1_15' title="bbox 445 1577 2031 1658; baseline -0.004 -20"><span class='ocrx_word' id='word_1_125' title='bbox 445 1597 568 1641; x_wconf 82' lang='lat' dir='ltr'><strong>sunt</strong></span> <span class='ocrx_word' id='word_1_126' title='bbox 591 1585 749 1658; x_wconf 86' lang='lat' dir='ltr'><strong>(Ibid.</strong></span> <span class='ocrx_word' id='word_1_127' title='bbox 782 1587 867 1640; x_wconf 76' lang='grc' dir='ltr'><strong>Π.</strong></span> <span class='ocrx_word' id='word_1_128' title='bbox 899 1585 1009 1654; x_wconf 79' lang='grc'><strong>10).</strong></span> <span class='ocrx_word' id='word_1_129' title='bbox 1043 1584 1096 1639; x_wconf 89' lang='lat' dir='ltr'><strong>Si</strong></span> <span class='ocrx_word' id='word_1_130' title='bbox 1125 1584 1283 1652; x_wconf 81' lang='lat' dir='ltr'><strong>igitur</strong></span> <span class='ocrx_word' id='word_1_131' title='bbox 1311 1582 1480 1636; x_wconf 82' lang='lat' dir='ltr'><strong>Patris</strong></span> <span class='ocrx_word' id='word_1_132' title='bbox 1507 1591 1560 1635; x_wconf 89' lang='lat' dir='ltr'><strong>et</strong></span> <span class='ocrx_word' id='word_1_133' title='bbox 1589 1580 1706 1635; x_wconf 87' lang='lat' dir='ltr'><strong>Filii</strong></span> <span class='ocrx_word' id='word_1_134' title='bbox 1728 1577 2031 1634; x_wconf 82' lang='lat' dir='ltr'><strong>communia</strong></span> 
     </span>
    </p>
   </div>
   <div class='ocr_carea' id='block_1_16' title="bbox 447 1673 2029 1746">
    <p class='ocr_par' dir='ltr' id='par_1_16' title="bbox 447 1673 2029 1746">
     <span class='ocr_line' id='line_1_16' title="bbox 447 1673 2029 1746; baseline -0.006 -15"><span class='ocrx_word' id='word_1_135' title='bbox 447 1680 653 1742; x_wconf 70' lang='lat' dir='ltr'><strong>ornmia,</strong></span> <span class='ocrx_word' id='word_1_136' title='bbox 705 1679 823 1746; x_wconf 81' lang='lat' dir='ltr'><strong>jure</strong></span> <span class='ocrx_word' id='word_1_137' title='bbox 855 1679 966 1731; x_wconf 91' lang='lat' dir='ltr'><strong>ait:</strong></span> <span class='ocrx_word' id='word_1_138' title='bbox 1024 1675 1146 1728; x_wconf 88' lang='lat' dir='ltr'><strong>Non</strong></span> <span class='ocrx_word' id='word_1_139' title='bbox 1195 1684 1248 1728; x_wconf 86' lang='lat' dir='ltr'><strong>nt</strong></span> <span class='ocrx_word' id='word_1_140' title='bbox 1299 1675 1484 1745; x_wconf 77' lang='lat' dir='ltr'><strong>faciam</strong></span> <span class='ocrx_word' id='word_1_141' title='bbox 1512 1673 1820 1726; x_wconf 75' lang='lat' dir='ltr'><strong>voluntatem</strong></span> <span class='ocrx_word' id='word_1_142' title='bbox 1847 1686 2029 1725; x_wconf 77' lang='lat' dir='ltr'><strong>meant.</strong></span> 
     </span>
    </p>
   </div>
   <div class='ocr_carea' id='block_1_17' title="bbox 457 1763 2035 1836">
    <p class='ocr_par' dir='ltr' id='par_1_17' title="bbox 457 1763 2035 1836">
     <span class='ocr_line' id='line_1_17' title="bbox 457 1763 2035 1836; baseline -0.003 -14"><span class='ocrx_word' id='word_1_143' title='bbox 457 1771 654 1822; x_wconf 74' lang='lat' dir='ltr'><strong>Verum</strong></span> <span class='ocrx_word' id='word_1_144' title='bbox 688 1770 772 1822; x_wconf 85' lang='lat' dir='ltr'><strong>hic</strong></span> <span class='ocrx_word' id='word_1_145' title='bbox 804 1784 908 1821; x_wconf 85' lang='lat' dir='ltr'><strong>mm</strong></span> <span class='ocrx_word' id='word_1_146' title='bbox 957 1769 1026 1820; x_wconf 91' lang='lat' dir='ltr'><strong>ita</strong></span> <span class='ocrx_word' id='word_1_147' title='bbox 1071 1766 1322 1836; x_wconf 87' lang='lat' dir='ltr'><strong>loquitur,</strong></span> <span class='ocrx_word' id='word_1_148' title='bbox 1367 1765 1460 1820; x_wconf 89' lang='lat' dir='ltr'><strong>sed</strong></span> <span class='ocrx_word' id='word_1_149' title='bbox 1493 1764 1616 1818; x_wconf 90' lang='lat' dir='ltr'><strong>illud</strong></span> <span class='ocrx_word' id='word_1_150' title='bbox 1646 1763 1712 1818; x_wconf 92' lang='lat' dir='ltr'><strong>ad</strong></span> <span class='ocrx_word' id='word_1_151' title='bbox 1747 1763 1906 1818; x_wconf 88' lang='lat' dir='ltr'><strong>ﬁnem</strong></span> <span class='ocrx_word' id='word_1_152' title='bbox 1948 1777 2035 1817; x_wconf 84' lang='lat' dir='ltr'><strong>re-</strong></span> 
     </span>
    </p>
   </div>
   <div class='ocr_carea' id='block_1_18' title="bbox 450 1855 2030 1925">
    <p class='ocr_par' dir='ltr' id='par_1_18' title="bbox 450 1855 2030 1925">
     <span class='ocr_line' id='line_1_18' title="bbox 450 1855 2030 1925; baseline -0.003 -11"><span class='ocrx_word' id='word_1_153' title='bbox 450 1860 633 1915; x_wconf 86' lang='lat' dir='ltr'><strong>mittit.</strong></span> <span class='ocrx_word' id='word_1_154' title='bbox 661 1859 794 1913; x_wconf 85' lang='lat' dir='ltr'><strong>Nam</strong></span> <span class='ocrx_word' id='word_1_155' title='bbox 820 1859 1067 1912; x_wconf 85' lang='lat' dir='ltr'><strong>sublimia</strong></span> <span class='ocrx_word' id='word_1_156' title='bbox 1087 1898 1104 1925; x_wconf 90' lang='lat'><strong>,</strong></span> <span class='ocrx_word' id='word_1_157' title='bbox 1137 1867 1196 1912; x_wconf 85' lang='lat' dir='ltr'><strong>ut</strong></span> <span class='ocrx_word' id='word_1_158' title='bbox 1235 1858 1364 1922; x_wconf 80' lang='lat' dir='ltr'><strong>dixi,</strong></span> <span class='ocrx_word' id='word_1_159' title='bbox 1392 1856 1566 1911; x_wconf 87' lang='lat' dir='ltr'><strong>adlmc</strong></span> <span class='ocrx_word' id='word_1_160' title='bbox 1603 1857 1776 1922; x_wconf 90' lang='lat' dir='ltr'><strong>celat,</strong></span> <span class='ocrx_word' id='word_1_161' title='bbox 1799 1864 1854 1911; x_wconf 90' lang='lat' dir='ltr'><strong>et</strong></span> <span class='ocrx_word' id='word_1_162' title='bbox 1883 1855 2030 1918; x_wconf 86' lang='lat' dir='ltr'><strong>velut</strong></span> 
     </span>
    </p>
   </div>
   <div class='ocr_carea' id='block_1_19' title="bbox 450 1946 2034 2018">
    <p class='ocr_par' dir='ltr' id='par_1_19' title="bbox 450 1946 2034 2018">
     <span class='ocr_line' id='line_1_19' title="bbox 450 1946 2034 2018; baseline 0.001 -16"><span class='ocrx_word' id='word_1_163' title='bbox 450 1950 547 2005; x_wconf 85' lang='lat' dir='ltr'><strong>sub</strong></span> <span class='ocrx_word' id='word_1_164' title='bbox 571 1949 758 2003; x_wconf 88' lang='lat' dir='ltr'><strong>umbra</strong></span> <span class='ocrx_word' id='word_1_165' title='bbox 791 1949 958 2018; x_wconf 81' lang='lat' dir='ltr'><strong>tegit,</strong></span> <span class='ocrx_word' id='word_1_166' title='bbox 993 1958 1050 2002; x_wconf 92' lang='lat' dir='ltr'><strong>ut</strong></span> <span class='ocrx_word' id='word_1_167' title='bbox 1075 1947 1354 2012; x_wconf 86' lang='lat' dir='ltr'><strong>ostendat,</strong></span> <span class='ocrx_word' id='word_1_168' title='bbox 1383 1947 1523 2018; x_wconf 87' lang='lat' dir='ltr'><strong>quod</strong></span> <span class='ocrx_word' id='word_1_169' title='bbox 1555 1946 1599 2001; x_wconf 87' lang='lat' dir='ltr'><strong>si</strong></span> <span class='ocrx_word' id='word_1_170' title='bbox 1620 1947 1878 2013; x_wconf 81' lang='lat' dir='ltr'><strong>dixisset,</strong></span> <span class='ocrx_word' id='word_1_171' title='bbox 1909 1947 2034 2004; x_wconf 58' lang='lat' dir='ltr'><strong>Haec</strong></span> 
     </span>
    </p>
   </div>
   <div class='ocr_carea' id='block_1_20' title="bbox 448 2035 2035 2108">
    <p class='ocr_par' dir='ltr' id='par_1_20' title="bbox 448 2035 2035 2108">
     <span class='ocr_line' id='line_1_20' title="bbox 448 2035 2035 2108; baseline -0.001 -16"><span class='ocrx_word' id='word_1_172' title='bbox 448 2050 531 2096; x_wconf 85' lang='lat' dir='ltr'><strong>est</strong></span> <span class='ocrx_word' id='word_1_173' title='bbox 573 2039 820 2094; x_wconf 87' lang='lat' dir='ltr'><strong>voluntas</strong></span> <span class='ocrx_word' id='word_1_174' title='bbox 849 2054 963 2092; x_wconf 87' lang='lat' dir='ltr'><strong>mea</strong></span> <span class='ocrx_word' id='word_1_175' title='bbox 989 2079 1004 2104; x_wconf 93' lang='lat'><strong>,</strong></span> <span class='ocrx_word' id='word_1_176' title='bbox 1042 2037 1502 2108; x_wconf 80' lang='lat' dir='ltr'><strong>contempsissent</strong></span> <span class='ocrx_word' id='word_1_177' title='bbox 1549 2035 1642 2091; x_wconf 82' lang='lat' dir='ltr'><strong>illi.</strong></span> <span class='ocrx_word' id='word_1_178' title='bbox 1677 2036 1766 2091; x_wconf 81' lang='lat' dir='ltr'><strong>Ait</strong></span> <span class='ocrx_word' id='word_1_179' title='bbox 1809 2050 1940 2106; x_wconf 85' lang='lat' dir='ltr'><strong>ergo</strong></span> <span class='ocrx_word' id='word_1_180' title='bbox 1974 2050 2035 2091; x_wconf 89' lang='lat' dir='ltr'><strong>se</strong></span> 
     </span>
    </p>
   </div>
   <div class='ocr_carea' id='block_1_21' title="bbox 451 2125 2035 2197">
    <p class='ocr_par' dir='ltr' id='par_1_21' title="bbox 451 2125 2035 2197">
     <span class='ocr_line' id='line_1_21' title="bbox 451 2125 2035 2197; baseline 0 -17"><span class='ocrx_word' id='word_1_181' title='bbox 451 2128 595 2182; x_wconf 88' lang='lat' dir='ltr'><strong>illius</strong></span> <span class='ocrx_word' id='word_1_182' title='bbox 622 2127 880 2183; x_wconf 77' lang='lat' dir='ltr'><strong>voluntati</strong></span> <span class='ocrx_word' id='word_1_183' title='bbox 908 2127 1208 2196; x_wconf 88' lang='lat' dir='ltr'><strong>c00perari,</strong></span> <span class='ocrx_word' id='word_1_184' title='bbox 1243 2136 1302 2181; x_wconf 90' lang='lat' dir='ltr'><strong>ut</strong></span> <span class='ocrx_word' id='word_1_185' title='bbox 1326 2127 1493 2197; x_wconf 86' lang='lat' dir='ltr'><strong>magis</strong></span> <span class='ocrx_word' id='word_1_186' title='bbox 1518 2125 1636 2180; x_wconf 91' lang='lat' dir='ltr'><strong>illos</strong></span> <span class='ocrx_word' id='word_1_187' title='bbox 1661 2133 1879 2189; x_wconf 88' lang='lat' dir='ltr'><strong>terreat,</strong></span> <span class='ocrx_word' id='word_1_188' title='bbox 1906 2139 1970 2179; x_wconf 90' lang='lat' dir='ltr'><strong>ac</strong></span> <span class='ocrx_word' id='word_1_189' title='bbox 1989 2125 2035 2180; x_wconf 88' lang='lat' dir='ltr'><strong>si</strong></span> 
     </span>
    </p>
   </div>
   <div class='ocr_carea' id='block_1_22' title="bbox 447 2215 2033 2287">
    <p class='ocr_par' dir='ltr' id='par_1_22' title="bbox 447 2215 2033 2287">
     <span class='ocr_line' id='line_1_22' title="bbox 447 2215 2033 2287; baseline -0.001 -16"><span class='ocrx_word' id='word_1_190' title='bbox 447 2218 650 2272; x_wconf 85' lang='lat' dir='ltr'><strong>diceret</strong></span> <span class='ocrx_word' id='word_1_191' title='bbox 675 2235 686 2270; x_wconf 94' lang='lat'><strong>:</strong></span> <span class='ocrx_word' id='word_1_192' title='bbox 717 2215 852 2284; x_wconf 85' lang='lat' dir='ltr'><strong>Quid</strong></span> <span class='ocrx_word' id='word_1_193' title='bbox 881 2216 1121 2287; x_wconf 80' lang='lat' dir='ltr'><strong>putatis?</strong></span> <span class='ocrx_word' id='word_1_194' title='bbox 1146 2231 1214 2269; x_wconf 83' lang='lat' dir='ltr'><strong>an</strong></span> <span class='ocrx_word' id='word_1_195' title='bbox 1240 2215 1381 2285; x_wconf 91' lang='lat' dir='ltr'><strong>quod</strong></span> <span class='ocrx_word' id='word_1_196' title='bbox 1407 2231 1510 2270; x_wconf 93' lang='lat' dir='ltr'><strong>non</strong></span> <span class='ocrx_word' id='word_1_197' title='bbox 1543 2215 1812 2272; x_wconf 85' lang='lat' dir='ltr'><strong>credendo</strong></span> <span class='ocrx_word' id='word_1_198' title='bbox 1842 2230 1928 2271; x_wconf 89' lang='lat' dir='ltr'><strong>me</strong></span> <span class='ocrx_word' id='word_1_199' title='bbox 1954 2216 2033 2269; x_wconf 91' lang='lat' dir='ltr'><strong>ir-</strong></span> 
     </span>
    </p>
   </div>
   <div class='ocr_carea' id='block_1_23' title="bbox 447 2305 2028 2361">
    <p class='ocr_par' dir='ltr' id='par_1_23' title="bbox 447 2305 2028 2361">
     <span class='ocr_line' id='line_1_23' title="bbox 447 2305 2028 2361; baseline -0.001 -1"><span class='ocrx_word' id='word_1_200' title='bbox 447 2307 660 2361; x_wconf 80' lang='lat' dir='ltr'><strong>ritctis?</strong></span> <span class='ocrx_word' id='word_1_201' title='bbox 713 2307 921 2360; x_wconf 83' lang='lat' dir='ltr'><strong>Patrem</strong></span> <span class='ocrx_word' id='word_1_202' title='bbox 989 2319 1164 2359; x_wconf 90' lang='lat' dir='ltr'><strong>meum</strong></span> <span class='ocrx_word' id='word_1_203' title='bbox 1227 2305 1294 2360; x_wconf 87' lang='lat' dir='ltr'><strong>ad</strong></span> <span class='ocrx_word' id='word_1_204' title='bbox 1361 2305 1686 2360; x_wconf 83' lang='lat' dir='ltr'><strong>iracundiam</strong></span> <span class='ocrx_word' id='word_1_205' title='bbox 1730 2305 2028 2360; x_wconf 86' lang='lat' dir='ltr'><strong>concitatis.</strong></span> 
     </span>
    </p>
   </div>
   <div class='ocr_carea' id='block_1_24' title="bbox 458 2396 2037 2467">
    <p class='ocr_par' dir='ltr' id='par_1_24' title="bbox 458 2396 2037 2467">
     <span class='ocr_line' id='line_1_24' title="bbox 458 2396 2037 2467; baseline 0.001 -18"><span class='ocrx_word' id='word_1_206' title='bbox 458 2397 584 2449; x_wconf 72' lang='lat' dir='ltr'><strong>Hcce</strong></span> <span class='ocrx_word' id='word_1_207' title='bbox 610 2407 682 2451; x_wconf 89' lang='lat' dir='ltr'><strong>est</strong></span> <span class='ocrx_word' id='word_1_208' title='bbox 704 2397 835 2450; x_wconf 88' lang='lat' dir='ltr'><strong>enim</strong></span> <span class='ocrx_word' id='word_1_209' title='bbox 863 2397 1090 2450; x_wconf 78' lang='lat' dir='ltr'><strong>voluntas</strong></span> <span class='ocrx_word' id='word_1_210' title='bbox 1110 2397 1217 2466; x_wconf 89' lang='lat' dir='ltr'><strong>ejus</strong></span> <span class='ocrx_word' id='word_1_211' title='bbox 1237 2396 1328 2467; x_wconf 74' lang='lat' dir='ltr'><strong>qui</strong></span> <span class='ocrx_word' id='word_1_212' title='bbox 1358 2396 1492 2449; x_wconf 83' lang='lat' dir='ltr'><strong>misit</strong></span> <span class='ocrx_word' id='word_1_213' title='bbox 1519 2411 1627 2465; x_wconf 93' lang='lat' dir='ltr'><strong>me,</strong></span> <span class='ocrx_word' id='word_1_214' title='bbox 1659 2405 1714 2450; x_wconf 91' lang='lat' dir='ltr'><strong>ut</strong></span> <span class='ocrx_word' id='word_1_215' title='bbox 1739 2413 1887 2452; x_wconf 87' lang='lat' dir='ltr'><strong>omne</strong></span> <span class='ocrx_word' id='word_1_216' title='bbox 1904 2399 2037 2467; x_wconf 86' lang='lat' dir='ltr'><strong>quod</strong></span> 
     </span>
    </p>
   </div>
   <div class='ocr_carea' id='block_1_25' title="bbox 454 2485 2035 2556">
    <p class='ocr_par' dir='ltr' id='par_1_25' title="bbox 454 2485 2035 2556">
     <span class='ocr_line' id='line_1_25' title="bbox 454 2485 2035 2556; baseline 0.001 -18"><span class='ocrx_word' id='word_1_217' title='bbox 454 2487 590 2541; x_wconf 79' lang='lat' dir='ltr'><strong>dedit</strong></span> <span class='ocrx_word' id='word_1_218' title='bbox 617 2487 779 2552; x_wconf 90' lang='lat' dir='ltr'><strong>mihi,</strong></span> <span class='ocrx_word' id='word_1_219' title='bbox 811 2503 911 2540; x_wconf 91' lang='lat' dir='ltr'><strong>non</strong></span> <span class='ocrx_word' id='word_1_220' title='bbox 937 2488 1147 2556; x_wconf 82' lang='lat' dir='ltr'><strong>perdam</strong></span> <span class='ocrx_word' id='word_1_221' title='bbox 1177 2501 1240 2540; x_wconf 75' lang='lat' dir='ltr'><strong>ea:</strong></span> <span class='ocrx_word' id='word_1_222' title='bbox 1285 2501 1362 2540; x_wconf 89' lang='lat' dir='ltr'><strong>eo.</strong></span> <span class='ocrx_word' id='word_1_223' title='bbox 1413 2485 1510 2541; x_wconf 83' lang='lat' dir='ltr'><strong>Hic</strong></span> <span class='ocrx_word' id='word_1_224' title='bbox 1552 2486 1788 2542; x_wconf 83' lang='lat' dir='ltr'><strong>ostendit</strong></span> <span class='ocrx_word' id='word_1_225' title='bbox 1824 2501 1884 2543; x_wconf 86' lang='lat' dir='ltr'><strong>se</strong></span> <span class='ocrx_word' id='word_1_226' title='bbox 1929 2500 2035 2541; x_wconf 92' lang='lat' dir='ltr'><strong>nou</strong></span> 
     </span>
    </p>
   </div>
   <div class='ocr_carea' id='block_1_26' title="bbox 459 2576 2038 2647">
    <p class='ocr_par' dir='ltr' id='par_1_26' title="bbox 459 2576 2038 2647">
     <span class='ocr_line' id='line_1_26' title="bbox 459 2576 2038 2647; baseline 0.001 -17"><span class='ocrx_word' id='word_1_227' title='bbox 459 2592 643 2631; x_wconf 81' lang='lat' dir='ltr'><strong>comm</strong></span> <span class='ocrx_word' id='word_1_228' title='bbox 687 2577 830 2632; x_wconf 91' lang='lat' dir='ltr'><strong>cultu</strong></span> <span class='ocrx_word' id='word_1_229' title='bbox 879 2577 1158 2646; x_wconf 79' lang='lat' dir='ltr'><strong>indigere,</strong></span> <span class='ocrx_word' id='word_1_230' title='bbox 1210 2591 1385 2647; x_wconf 90' lang='lat' dir='ltr'><strong>neque</strong></span> <span class='ocrx_word' id='word_1_231' title='bbox 1411 2576 1474 2631; x_wconf 89' lang='lat' dir='ltr'><strong>ad</strong></span> <span class='ocrx_word' id='word_1_232' title='bbox 1502 2591 1636 2632; x_wconf 86' lang='lat' dir='ltr'><strong>usus</strong></span> <span class='ocrx_word' id='word_1_233' title='bbox 1681 2577 1766 2632; x_wconf 87' lang='lat' dir='ltr'><strong>vel</strong></span> <span class='ocrx_word' id='word_1_234' title='bbox 1805 2576 2038 2632; x_wconf 82' lang='lat' dir='ltr'><strong>honores</strong></span> 
     </span>
    </p>
   </div>
   <div class='ocr_carea' id='block_1_27' title="bbox 448 2665 2034 2737">
    <p class='ocr_par' dir='ltr' id='par_1_27' title="bbox 448 2665 2034 2737">
     <span class='ocr_line' id='line_1_27' title="bbox 448 2665 2034 2737; baseline -0.002 -15"><span class='ocrx_word' id='word_1_235' title='bbox 448 2683 574 2722; x_wconf 89' lang='lat' dir='ltr'><strong>suos</strong></span> <span class='ocrx_word' id='word_1_236' title='bbox 594 2708 608 2729; x_wconf 90' lang='lat'><strong>,</strong></span> <span class='ocrx_word' id='word_1_237' title='bbox 637 2667 729 2722; x_wconf 88' lang='lat' dir='ltr'><strong>sed</strong></span> <span class='ocrx_word' id='word_1_238' title='bbox 763 2666 828 2722; x_wconf 89' lang='lat' dir='ltr'><strong>ad</strong></span> <span class='ocrx_word' id='word_1_239' title='bbox 853 2666 1063 2720; x_wconf 89' lang='lat' dir='ltr'><strong>illorum</strong></span> <span class='ocrx_word' id='word_1_240' title='bbox 1099 2668 1321 2720; x_wconf 88' lang='lat' dir='ltr'><strong>salutem</strong></span> <span class='ocrx_word' id='word_1_241' title='bbox 1351 2667 1598 2731; x_wconf 84' lang='lat' dir='ltr'><strong>venisse;</strong></span> <span class='ocrx_word' id='word_1_242' title='bbox 1631 2665 1772 2737; x_wconf 88' lang='lat' dir='ltr'><strong>quod</strong></span> <span class='ocrx_word' id='word_1_243' title='bbox 1800 2667 1957 2720; x_wconf 84' lang='lat' dir='ltr'><strong>etiam</strong></span> <span class='ocrx_word' id='word_1_244' title='bbox 1983 2666 2034 2721; x_wconf 89' lang='lat' dir='ltr'><strong>in</strong></span> 
     </span>
    </p>
   </div>
   <div class='ocr_carea' id='block_1_28' title="bbox 451 2755 2036 2826">
    <p class='ocr_par' dir='ltr' id='par_1_28' title="bbox 451 2755 2036 2826">
     <span class='ocr_line' id='line_1_28' title="bbox 451 2755 2036 2826; baseline 0 -16"><span class='ocrx_word' id='word_1_245' title='bbox 451 2759 727 2826; x_wconf 81' lang='lat' dir='ltr'><strong>superiore</strong></span> <span class='ocrx_word' id='word_1_246' title='bbox 755 2758 1014 2812; x_wconf 88' lang='lat' dir='ltr'><strong>concione</strong></span> <span class='ocrx_word' id='word_1_247' title='bbox 1043 2759 1214 2825; x_wconf 76' lang='lat' dir='ltr'><strong>dixit,</strong></span> <span class='ocrx_word' id='word_1_248' title='bbox 1247 2755 1474 2811; x_wconf 80' lang='lat' dir='ltr'><strong>Gloriam</strong></span> <span class='ocrx_word' id='word_1_249' title='bbox 1515 2757 1576 2810; x_wconf 84' lang='lat' dir='ltr'><strong>ab</strong></span> <span class='ocrx_word' id='word_1_250' title='bbox 1606 2759 1892 2812; x_wconf 87' lang='lat' dir='ltr'><strong>hominibus</strong></span> <span class='ocrx_word' id='word_1_251' title='bbox 1937 2774 2036 2811; x_wconf 83' lang='lat' dir='ltr'><strong>non</strong></span> 
     </span>
    </p>
   </div>
   <div class='ocr_carea' id='block_1_29' title="bbox 451 2846 2040 2915">
    <p class='ocr_par' dir='ltr' id='par_1_29' title="bbox 451 2846 2040 2915">
     <span class='ocr_line' id='line_1_29' title="bbox 451 2846 2040 2915; baseline 0.002 -16"><span class='ocrx_word' id='word_1_252' title='bbox 451 2847 680 2915; x_wconf 84' lang='lat' dir='ltr'><strong>accipio;</strong></span> <span class='ocrx_word' id='word_1_253' title='bbox 709 2856 764 2902; x_wconf 90' lang='lat' dir='ltr'><strong>et</strong></span> <span class='ocrx_word' id='word_1_254' title='bbox 788 2847 978 2903; x_wconf 89' lang='lat' dir='ltr'><strong>iterum</strong></span> <span class='ocrx_word' id='word_1_255' title='bbox 1004 2889 1019 2913; x_wconf 94' lang='lat'><strong>,</strong></span> <span class='ocrx_word' id='word_1_256' title='bbox 1051 2846 1176 2902; x_wconf 74' lang='lat' dir='ltr'><strong>Haec</strong></span> <span class='ocrx_word' id='word_1_257' title='bbox 1201 2848 1314 2901; x_wconf 86' lang='lat' dir='ltr'><strong>dico</strong></span> <span class='ocrx_word' id='word_1_258' title='bbox 1336 2888 1353 2913; x_wconf 89' lang='lat'><strong>,</strong></span> <span class='ocrx_word' id='word_1_259' title='bbox 1381 2858 1436 2900; x_wconf 85' lang='lat' dir='ltr'><strong>ut</strong></span> <span class='ocrx_word' id='word_1_260' title='bbox 1463 2864 1548 2900; x_wconf 81' lang='lat' dir='ltr'><strong>vos</strong></span> <span class='ocrx_word' id='word_1_261' title='bbox 1569 2848 1695 2901; x_wconf 81' lang='lat' dir='ltr'><strong>salui</strong></span> <span class='ocrx_word' id='word_1_262' title='bbox 1724 2849 1853 2902; x_wconf 89' lang='lat' dir='ltr'><strong>sitis.</strong></span> <span class='ocrx_word' id='word_1_263' title='bbox 1884 2848 2040 2904; x_wconf 83' lang='lat' dir='ltr'><strong>Sem-</strong></span> 
     </span>
    </p>
   </div>
   <div class='ocr_carea' id='block_1_30' title="bbox 452 2937 2036 3009">
    <p class='ocr_par' dir='ltr' id='par_1_30' title="bbox 452 2937 2036 3009">
     <span class='ocr_line' id='line_1_30' title="bbox 452 2937 2036 3009; baseline 0.004 -20"><span class='ocrx_word' id='word_1_264' title='bbox 452 2953 549 3006; x_wconf 90' lang='lat' dir='ltr'><strong>per</strong></span> <span class='ocrx_word' id='word_1_265' title='bbox 573 2939 714 2993; x_wconf 92' lang='lat' dir='ltr'><strong>enim</strong></span> <span class='ocrx_word' id='word_1_266' title='bbox 745 2948 798 2992; x_wconf 91' lang='lat' dir='ltr'><strong>et</strong></span> <span class='ocrx_word' id='word_1_267' title='bbox 829 2939 1020 3008; x_wconf 86' lang='lat' dir='ltr'><strong>ubique</strong></span> <span class='ocrx_word' id='word_1_268' title='bbox 1053 2941 1153 2992; x_wconf 89' lang='lat' dir='ltr'><strong>hoc</strong></span> <span class='ocrx_word' id='word_1_269' title='bbox 1175 2937 1458 2992; x_wconf 86' lang='lat' dir='ltr'><strong>ostendere</strong></span> <span class='ocrx_word' id='word_1_270' title='bbox 1481 2939 1708 3009; x_wconf 87' lang='lat' dir='ltr'><strong>satagit,</strong></span> <span class='ocrx_word' id='word_1_271' title='bbox 1740 2955 1798 2994; x_wconf 87' lang='lat' dir='ltr'><strong>se</strong></span> <span class='ocrx_word' id='word_1_272' title='bbox 1826 2939 2036 2995; x_wconf 89' lang='lat' dir='ltr'><strong>illorum</strong></span> 
     </span>
    </p>
   </div>
   <div class='ocr_carea' id='block_1_31' title="bbox 452 3027 2036 3097">
    <p class='ocr_par' dir='ltr' id='par_1_31' title="bbox 452 3027 2036 3097">
     <span class='ocr_line' id='line_1_31' title="bbox 452 3027 2036 3097; baseline 0.003 -16"><span class='ocrx_word' id='word_1_273' title='bbox 452 3027 641 3082; x_wconf 82' lang='lat' dir='ltr'><strong>salutis</strong></span> <span class='ocrx_word' id='word_1_274' title='bbox 680 3042 842 3083; x_wconf 83' lang='lat' dir='ltr'><strong>causa</strong></span> <span class='ocrx_word' id='word_1_275' title='bbox 870 3031 1099 3083; x_wconf 87' lang='lat' dir='ltr'><strong>venisse.</strong></span> <span class='ocrx_word' id='word_1_276' title='bbox 1151 3027 1286 3081; x_wconf 89' lang='lat' dir='ltr'><strong>Dicit</strong></span> <span class='ocrx_word' id='word_1_277' title='bbox 1314 3037 1493 3082; x_wconf 88' lang='lat' dir='ltr'><strong>autem</strong></span> <span class='ocrx_word' id='word_1_278' title='bbox 1531 3042 1589 3083; x_wconf 89' lang='lat' dir='ltr'><strong>se</strong></span> <span class='ocrx_word' id='word_1_279' title='bbox 1627 3028 1770 3083; x_wconf 80' lang='lat' dir='ltr'><strong>Patri</strong></span> <span class='ocrx_word' id='word_1_280' title='bbox 1809 3029 2036 3097; x_wconf 85' lang='lat' dir='ltr'><strong>gloriam</strong></span> 
     </span>
    </p>
   </div>
   <div class='ocr_carea' id='block_1_32' title="bbox 454 3116 2037 3186">
    <p class='ocr_par' dir='ltr' id='par_1_32' title="bbox 454 3116 2037 3186">
     <span class='ocr_line' id='line_1_32' title="bbox 454 3116 2037 3186; baseline 0.003 -16"><span class='ocrx_word' id='word_1_281' title='bbox 454 3132 641 3186; x_wconf 87' lang='lat' dir='ltr'><strong>parare</strong></span> <span class='ocrx_word' id='word_1_282' title='bbox 660 3158 674 3182; x_wconf 94' lang='lat'><strong>,</strong></span> <span class='ocrx_word' id='word_1_283' title='bbox 705 3126 764 3171; x_wconf 92' lang='lat' dir='ltr'><strong>ut</strong></span> <span class='ocrx_word' id='word_1_284' title='bbox 795 3117 926 3170; x_wconf 90' lang='lat' dir='ltr'><strong>nulli</strong></span> <span class='ocrx_word' id='word_1_285' title='bbox 956 3119 1026 3170; x_wconf 92' lang='lat' dir='ltr'><strong>sit</strong></span> <span class='ocrx_word' id='word_1_286' title='bbox 1053 3117 1341 3186; x_wconf 80' lang='lat' dir='ltr'><strong>su3picioni</strong></span> <span class='ocrx_word' id='word_1_287' title='bbox 1370 3116 1650 3172; x_wconf 80' lang='lat' dir='ltr'><strong>obnoxius.</strong></span> <span class='ocrx_word' id='word_1_288' title='bbox 1683 3117 1835 3184; x_wconf 85' lang='lat' dir='ltr'><strong>Quod</strong></span> <span class='ocrx_word' id='word_1_289' title='bbox 1860 3129 2037 3174; x_wconf 89' lang='lat' dir='ltr'><strong>autem</strong></span> 
     </span>
    </p>
   </div>
   <div class='ocr_carea' id='block_1_33' title="bbox 455 3208 2038 3279">
    <p class='ocr_par' dir='ltr' id='par_1_33' title="bbox 455 3208 2038 3279">
     <span class='ocr_line' id='line_1_33' title="bbox 455 3208 2038 3279; baseline 0.001 -17"><span class='ocrx_word' id='word_1_290' title='bbox 455 3209 575 3262; x_wconf 84' lang='lat' dir='ltr'><strong>ideo</strong></span> <span class='ocrx_word' id='word_1_291' title='bbox 615 3208 692 3262; x_wconf 89' lang='lat' dir='ltr'><strong>sic</strong></span> <span class='ocrx_word' id='word_1_292' title='bbox 718 3208 968 3278; x_wconf 86' lang='lat' dir='ltr'><strong>loquutus</strong></span> <span class='ocrx_word' id='word_1_293' title='bbox 998 3209 1097 3272; x_wconf 86' lang='lat' dir='ltr'><strong>sit,</strong></span> <span class='ocrx_word' id='word_1_294' title='bbox 1144 3208 1196 3261; x_wconf 91' lang='lat' dir='ltr'><strong>in</strong></span> <span class='ocrx_word' id='word_1_295' title='bbox 1234 3208 1579 3278; x_wconf 87' lang='lat' dir='ltr'><strong>sequentibus</strong></span> <span class='ocrx_word' id='word_1_296' title='bbox 1607 3209 1841 3265; x_wconf 90' lang='lat' dir='ltr'><strong>ostendit</strong></span> <span class='ocrx_word' id='word_1_297' title='bbox 1875 3229 1888 3266; x_wconf 93' lang='lat'><strong>:</strong></span> <span class='ocrx_word' id='word_1_298' title='bbox 1939 3210 2038 3279; x_wconf 85' lang='lat' dir='ltr'><strong>Qui</strong></span> 
     </span>
    </p>
   </div>
   <div class='ocr_carea' id='block_1_34' title="bbox 454 3299 2038 3372">
    <p class='ocr_par' dir='ltr' id='par_1_34' title="bbox 454 3299 2038 3372">
     <span class='ocr_line' id='line_1_34' title="bbox 454 3299 2038 3372; baseline 0.001 -18"><span class='ocrx_word' id='word_1_299' title='bbox 454 3301 757 3354; x_wconf 69' lang='lat' dir='ltr'><strong>voluntatem</strong></span> <span class='ocrx_word' id='word_1_300' title='bbox 799 3316 941 3353; x_wconf 89' lang='lat' dir='ltr'><strong>suam</strong></span> <span class='ocrx_word' id='word_1_301' title='bbox 990 3300 1206 3367; x_wconf 79' lang='lat' dir='ltr'><strong>qutcrit,</strong></span> <span class='ocrx_word' id='word_1_302' title='bbox 1258 3299 1468 3368; x_wconf 87' lang='lat' dir='ltr'><strong>inquit,</strong></span> <span class='ocrx_word' id='word_1_303' title='bbox 1525 3301 1739 3372; x_wconf 84' lang='lat' dir='ltr'><strong>gloriam</strong></span> <span class='ocrx_word' id='word_1_304' title='bbox 1779 3303 2038 3372; x_wconf 82' lang='lat' dir='ltr'><strong>prapriam</strong></span> 
     </span>
    </p>
   </div>
   <div class='ocr_carea' id='block_1_35' title="bbox 453 3391 2038 3462">
    <p class='ocr_par' dir='ltr' id='par_1_35' title="bbox 453 3391 2038 3462">
     <span class='ocr_line' id='line_1_35' title="bbox 453 3391 2038 3462; baseline 0.003 -20"><span class='ocrx_word' id='word_1_305' title='bbox 453 3392 765 3462; x_wconf 56' lang='lat' dir='ltr'><strong>(Inter-inqui</strong></span> <span class='ocrx_word' id='word_1_306' title='bbox 792 3402 956 3444; x_wconf 87' lang='lat' dir='ltr'><strong>autem</strong></span> <span class='ocrx_word' id='word_1_307' title='bbox 984 3393 1164 3462; x_wconf 81' lang='lat' dir='ltr'><strong>qucerit</strong></span> <span class='ocrx_word' id='word_1_308' title='bbox 1209 3391 1426 3461; x_wconf 80' lang='lat' dir='ltr'><strong>gloriam</strong></span> <span class='ocrx_word' id='word_1_309' title='bbox 1449 3393 1559 3462; x_wconf 89' lang='lat' dir='ltr'><strong>ejus</strong></span> <span class='ocrx_word' id='word_1_310' title='bbox 1603 3393 1688 3462; x_wconf 87' lang='lat' dir='ltr'><strong>qui</strong></span> <span class='ocrx_word' id='word_1_311' title='bbox 1716 3395 1852 3447; x_wconf 86' lang='lat' dir='ltr'><strong>misit</strong></span> <span class='ocrx_word' id='word_1_312' title='bbox 1894 3394 2038 3447; x_wconf 79' lang='lat' dir='ltr'><strong>illum</strong></span> 
     </span>
    </p>
   </div>
   <div class='ocr_carea' id='block_1_36' title="bbox 462 3481 2035 3551">
    <p class='ocr_par' dir='ltr' id='par_1_36' title="bbox 462 3481 2035 3551">
     <span class='ocr_line' id='line_1_36' title="bbox 462 3481 2035 3551; baseline 0.001 -15"><span class='ocrx_word' id='word_1_313' title='bbox 462 3485 542 3536; x_wconf 84' lang='lat' dir='ltr'><strong>hic</strong></span> <span class='ocrx_word' id='word_1_314' title='bbox 573 3497 724 3536; x_wconf 76' lang='lat' dir='ltr'><strong>verax</strong></span> <span class='ocrx_word' id='word_1_315' title='bbox 742 3491 836 3548; x_wconf 85' lang='lat' dir='ltr'><strong>est,</strong></span> <span class='ocrx_word' id='word_1_316' title='bbox 868 3492 912 3536; x_wconf 88' lang='lat' dir='ltr'><strong>et</strong></span> <span class='ocrx_word' id='word_1_317' title='bbox 940 3483 1190 3551; x_wconf 85' lang='lat' dir='ltr'><strong>injustitia</strong></span> <span class='ocrx_word' id='word_1_318' title='bbox 1235 3483 1287 3535; x_wconf 89' lang='lat' dir='ltr'><strong>in</strong></span> <span class='ocrx_word' id='word_1_319' title='bbox 1319 3481 1408 3536; x_wconf 82' lang='lat' dir='ltr'><strong>illo</strong></span> <span class='ocrx_word' id='word_1_320' title='bbox 1438 3499 1538 3536; x_wconf 89' lang='lat' dir='ltr'><strong>non</strong></span> <span class='ocrx_word' id='word_1_321' title='bbox 1568 3493 1660 3539; x_wconf 87' lang='lat' dir='ltr'><strong>est.</strong></span> <span class='ocrx_word' id='word_1_322' title='bbox 1692 3482 1820 3538; x_wconf 71' lang='lat' dir='ltr'><strong>Haec</strong></span> <span class='ocrx_word' id='word_1_323' title='bbox 1848 3494 1918 3538; x_wconf 83' lang='lat' dir='ltr'><strong>est</strong></span> <span class='ocrx_word' id='word_1_324' title='bbox 1939 3500 2035 3537; x_wconf 84' lang='lat' dir='ltr'><strong>an-</strong></span> 
     </span>
    </p>
   </div>
   <div class='ocr_carea' id='block_1_37' title="bbox 455 3572 2040 3644">
    <p class='ocr_par' dir='ltr' id='par_1_37' title="bbox 455 3572 2040 3644">
     <span class='ocr_line' id='line_1_37' title="bbox 455 3572 2040 3644; baseline 0 -15"><span class='ocrx_word' id='word_1_325' title='bbox 455 3587 550 3629; x_wconf 79' lang='lat' dir='ltr'><strong>tem</strong></span> <span class='ocrx_word' id='word_1_326' title='bbox 573 3576 800 3629; x_wconf 79' lang='lat' dir='ltr'><strong>voluntas</strong></span> <span class='ocrx_word' id='word_1_327' title='bbox 825 3572 1014 3642; x_wconf 84' lang='lat' dir='ltr'><strong>Patris,</strong></span> <span class='ocrx_word' id='word_1_328' title='bbox 1043 3583 1095 3628; x_wconf 92' lang='lat' dir='ltr'><strong>ut</strong></span> <span class='ocrx_word' id='word_1_329' title='bbox 1111 3576 1272 3629; x_wconf 85' lang='lat' dir='ltr'><strong>omnis</strong></span> <span class='ocrx_word' id='word_1_330' title='bbox 1294 3576 1381 3644; x_wconf 88' lang='lat' dir='ltr'><strong>qui</strong></span> <span class='ocrx_word' id='word_1_331' title='bbox 1403 3575 1534 3628; x_wconf 84' lang='lat' dir='ltr'><strong>uidet</strong></span> <span class='ocrx_word' id='word_1_332' title='bbox 1558 3573 1605 3628; x_wconf 85' lang='lat' dir='ltr'><em>F</em></span> <span class='ocrx_word' id='word_1_333' title='bbox 1605 3577 1770 3642; x_wconf 83' lang='lat' dir='ltr'><strong>ilium,</strong></span> <span class='ocrx_word' id='word_1_334' title='bbox 1813 3586 1859 3631; x_wconf 88' lang='lat' dir='ltr'><strong>et</strong></span> <span class='ocrx_word' id='word_1_335' title='bbox 1883 3577 2040 3630; x_wconf 87' lang='lat' dir='ltr'><strong>credit</strong></span> 
     </span>
    </p>
   </div>
   <div class='ocr_carea' id='block_1_38' title="bbox 453 3667 2039 3738">
    <p class='ocr_par' dir='ltr' id='par_1_38' title="bbox 453 3667 2039 3738">
     <span class='ocr_line' id='line_1_38' title="bbox 453 3667 2039 3738; baseline 0 -18"><span class='ocrx_word' id='word_1_336' title='bbox 453 3671 505 3722; x_wconf 87' lang='lat' dir='ltr'><strong>in</strong></span> <span class='ocrx_word' id='word_1_337' title='bbox 533 3685 665 3732; x_wconf 89' lang='lat' dir='ltr'><strong>eum,</strong></span> <span class='ocrx_word' id='word_1_338' title='bbox 700 3668 876 3720; x_wconf 83' lang='lat' dir='ltr'><strong>habeat</strong></span> <span class='ocrx_word' id='word_1_339' title='bbox 905 3667 1056 3720; x_wconf 74' lang='lat' dir='ltr'><strong>vitam</strong></span> <span class='ocrx_word' id='word_1_340' title='bbox 1082 3677 1324 3721; x_wconf 72' lang='lat' dir='ltr'><strong>cateruam</strong></span> <span class='ocrx_word' id='word_1_341' title='bbox 1345 3709 1359 3731; x_wconf 95' lang='lat'><strong>,</strong></span> <span class='ocrx_word' id='word_1_342' title='bbox 1389 3677 1435 3721; x_wconf 90' lang='lat' dir='ltr'><strong>et</strong></span> <span class='ocrx_word' id='word_1_343' title='bbox 1479 3683 1570 3738; x_wconf 87' lang='lat' dir='ltr'><strong>ego</strong></span> <span class='ocrx_word' id='word_1_344' title='bbox 1593 3668 1899 3722; x_wconf 85' lang='lat' dir='ltr'><strong>resuscitabo</strong></span> <span class='ocrx_word' id='word_1_345' title='bbox 1925 3683 2039 3720; x_wconf 81' lang='lat' dir='ltr'><strong>eunt</strong></span> 
     </span>
    </p>
   </div>
   <div class='ocr_carea' id='block_1_39' title="bbox 454 3756 2041 3830">
    <p class='ocr_par' dir='ltr' id='par_1_39' title="bbox 454 3756 2041 3830">
     <span class='ocr_line' id='line_1_39' title="bbox 454 3756 2041 3830; baseline 0 -18"><span class='ocrx_word' id='word_1_346' title='bbox 454 3761 506 3812; x_wconf 89' lang='lat' dir='ltr'><strong>in</strong></span> <span class='ocrx_word' id='word_1_347' title='bbox 536 3760 804 3812; x_wconf 86' lang='lat' dir='ltr'><strong>novissimo</strong></span> <span class='ocrx_word' id='word_1_348' title='bbox 833 3758 916 3812; x_wconf 88' lang='lat' dir='ltr'><strong>die</strong></span> <span class='ocrx_word' id='word_1_349' title='bbox 967 3756 1146 3830; x_wconf 85' lang='lat' dir='ltr'><strong>(Joan.</strong></span> <span class='ocrx_word' id='word_1_350' title='bbox 1175 3759 1228 3812; x_wconf 87' lang='lat'><strong>7.</strong></span> <span class='ocrx_word' id='word_1_351' title='bbox 1281 3757 1394 3826; x_wconf 74' lang='lat' dir='ltr'><strong>i8).</strong></span> <span class='ocrx_word' id='word_1_352' title='bbox 1427 3757 1534 3813; x_wconf 89' lang='lat' dir='ltr'><strong>Cur</strong></span> <span class='ocrx_word' id='word_1_353' title='bbox 1584 3767 1689 3813; x_wconf 90' lang='lat' dir='ltr'><strong>tam</strong></span> <span class='ocrx_word' id='word_1_354' title='bbox 1735 3758 2041 3829; x_wconf 82' lang='lat' dir='ltr'><strong>frequenter</strong></span> 
     </span>
    </p>
   </div>
   <div class='ocr_carea' id='block_1_40' title="bbox 457 3846 2038 3916">
    <p class='ocr_par' dir='ltr' id='par_1_40' title="bbox 457 3846 2038 3916">
     <span class='ocr_line' id='line_1_40' title="bbox 457 3846 2038 3916; baseline 0 -14"><span class='ocrx_word' id='word_1_355' title='bbox 457 3848 904 3902; x_wconf 84' lang='lat' dir='ltr'><strong>resurrectionem</strong></span> <span class='ocrx_word' id='word_1_356' title='bbox 931 3847 1241 3901; x_wconf 85' lang='lat' dir='ltr'><strong>memorat?</strong></span> <span class='ocrx_word' id='word_1_357' title='bbox 1289 3846 1369 3902; x_wconf 87' lang='lat' dir='ltr'><strong>Ne</strong></span> <span class='ocrx_word' id='word_1_358' title='bbox 1397 3848 1747 3916; x_wconf 66' lang='lat' dir='ltr'><strong>praesentibus</strong></span> <span class='ocrx_word' id='word_1_359' title='bbox 1773 3851 1943 3904; x_wconf 89' lang='lat' dir='ltr'><strong>solum</strong></span> <span class='ocrx_word' id='word_1_360' title='bbox 1986 3849 2038 3902; x_wconf 93' lang='lat' dir='ltr'><strong>in</strong></span> 
     </span>
    </p>
   </div>
   <div class='ocr_carea' id='block_1_41' title="bbox 457 3935 2038 4006">
    <p class='ocr_par' dir='ltr' id='par_1_41' title="bbox 457 3935 2038 4006">
     <span class='ocr_line' id='line_1_41' title="bbox 457 3935 2038 4006; baseline 0.001 -14"><span class='ocrx_word' id='word_1_361' title='bbox 457 3939 616 3993; x_wconf 87' lang='lat' dir='ltr'><strong>rebus</strong></span> <span class='ocrx_word' id='word_1_362' title='bbox 640 3937 734 3992; x_wconf 90' lang='lat' dir='ltr'><strong>Dei</strong></span> <span class='ocrx_word' id='word_1_363' title='bbox 765 3935 1151 4006; x_wconf 86' lang='lat' dir='ltr'><strong>providentiam</strong></span> <span class='ocrx_word' id='word_1_364' title='bbox 1177 3945 1412 3992; x_wconf 86' lang='lat' dir='ltr'><strong>statuant</strong></span> <span class='ocrx_word' id='word_1_365' title='bbox 1439 3953 1451 3990; x_wconf 91' lang='lat'><strong>:</strong></span> <span class='ocrx_word' id='word_1_366' title='bbox 1483 3945 1542 3992; x_wconf 90' lang='lat' dir='ltr'><strong>ut</strong></span> <span class='ocrx_word' id='word_1_367' title='bbox 1565 3936 1611 3990; x_wconf 88' lang='lat' dir='ltr'><strong>si</strong></span> <span class='ocrx_word' id='word_1_368' title='bbox 1642 3938 1724 3991; x_wconf 90' lang='lat' dir='ltr'><strong>hic</strong></span> <span class='ocrx_word' id='word_1_369' title='bbox 1749 3937 1903 3992; x_wconf 90' lang='lat' dir='ltr'><strong>bonis</strong></span> <span class='ocrx_word' id='word_1_370' title='bbox 1932 3953 2038 3993; x_wconf 91' lang='lat' dir='ltr'><strong>non</strong></span> 
     </span>
    </p>
   </div>
   <div class='ocr_carea' id='block_1_42' title="bbox 457 4025 2034 4098">
    <p class='ocr_par' dir='ltr' id='par_1_42' title="bbox 457 4025 2034 4098">
     <span class='ocr_line' id='line_1_42' title="bbox 457 4025 2034 4098; baseline 0 -16"><span class='ocrx_word' id='word_1_371' title='bbox 457 4032 718 4094; x_wconf 82' lang='lat' dir='ltr'><strong>fruamur,</strong></span> <span class='ocrx_word' id='word_1_372' title='bbox 751 4045 818 4082; x_wconf 89' lang='lat' dir='ltr'><strong>ne</strong></span> <span class='ocrx_word' id='word_1_373' title='bbox 849 4027 968 4082; x_wconf 91' lang='lat' dir='ltr'><strong>ideo</strong></span> <span class='ocrx_word' id='word_1_374' title='bbox 997 4028 1273 4097; x_wconf 81' lang='lat' dir='ltr'><strong>segniores</strong></span> <span class='ocrx_word' id='word_1_375' title='bbox 1303 4029 1430 4093; x_wconf 87' lang='lat' dir='ltr'><strong>sint,</strong></span> <span class='ocrx_word' id='word_1_376' title='bbox 1463 4027 1557 4083; x_wconf 88' lang='lat' dir='ltr'><strong>sed</strong></span> <span class='ocrx_word' id='word_1_377' title='bbox 1579 4025 1752 4082; x_wconf 89' lang='lat' dir='ltr'><strong>futura</strong></span> <span class='ocrx_word' id='word_1_378' title='bbox 1777 4037 1994 4098; x_wconf 84' lang='lat' dir='ltr'><strong>sperent</strong></span> <span class='ocrx_word' id='word_1_379' title='bbox 2020 4045 2034 4096; x_wconf 89' lang='lat'><strong>;</strong></span> 
     </span>
    </p>
   </div>
   <div class='ocr_carea' id='block_1_43' title="bbox 455 4120 2034 4190">
    <p class='ocr_par' dir='ltr' id='par_1_43' title="bbox 455 4120 2034 4190">
     <span class='ocr_line' id='line_1_43' title="bbox 455 4120 2034 4190; baseline -0.001 -14"><span class='ocrx_word' id='word_1_380' title='bbox 455 4133 508 4176; x_wconf 88' lang='lat' dir='ltr'><strong>et</strong></span> <span class='ocrx_word' id='word_1_381' title='bbox 533 4123 575 4176; x_wconf 87' lang='lat' dir='ltr'><strong>sl</strong></span> <span class='ocrx_word' id='word_1_382' title='bbox 598 4121 649 4174; x_wconf 93' lang='lat' dir='ltr'><strong>in</strong></span> <span class='ocrx_word' id='word_1_383' title='bbox 673 4121 918 4190; x_wconf 72' lang='lat' dir='ltr'><strong>praesenti</strong></span> <span class='ocrx_word' id='word_1_384' title='bbox 941 4133 1046 4174; x_wconf 92' lang='lat' dir='ltr'><strong>non</strong></span> <span class='ocrx_word' id='word_1_385' title='bbox 1069 4120 1368 4188; x_wconf 86' lang='lat' dir='ltr'><strong>puniantur,</strong></span> <span class='ocrx_word' id='word_1_386' title='bbox 1396 4135 1462 4175; x_wconf 91' lang='lat' dir='ltr'><strong>ne</strong></span> <span class='ocrx_word' id='word_1_387' title='bbox 1482 4120 1652 4189; x_wconf 89' lang='lat' dir='ltr'><strong>ipsum</strong></span> <span class='ocrx_word' id='word_1_388' title='bbox 1670 4129 2034 4186; x_wconf 84' lang='lat' dir='ltr'><strong>contemnant,</strong></span> 
     </span>
    </p>
   </div>
   <div class='ocr_carea' id='block_1_44' title="bbox 455 4212 1311 4281">
    <p class='ocr_par' dir='ltr' id='par_1_44' title="bbox 455 4212 1311 4281">
     <span class='ocr_line' id='line_1_44' title="bbox 455 4212 1311 4281; baseline 0.001 -15"><span class='ocrx_word' id='word_1_389' title='bbox 455 4213 549 4269; x_wconf 83' lang='lat' dir='ltr'><strong>sed</strong></span> <span class='ocrx_word' id='word_1_390' title='bbox 592 4213 748 4267; x_wconf 88' lang='lat' dir='ltr'><strong>aliam</strong></span> <span class='ocrx_word' id='word_1_391' title='bbox 788 4221 1095 4281; x_wconf 82' lang='lat' dir='ltr'><strong>exspectent</strong></span> <span class='ocrx_word' id='word_1_392' title='bbox 1125 4212 1311 4267; x_wconf 85' lang='lat' dir='ltr'><strong>vitam.</strong></span> 
     </span>
    </p>
   </div>
   <div class='ocr_carea' id='block_1_45' title="bbox 525 4303 2038 4371">
    <p class='ocr_par' dir='ltr' id='par_1_45' title="bbox 525 4303 2038 4371">
     <span class='ocr_line' id='line_1_45' title="bbox 525 4303 2038 4371; baseline -0.003 -7"><span class='ocrx_word' id='word_1_393' title='bbox 525 4311 578 4364; x_wconf 80' lang='grc'><strong>4.</strong></span> <span class='ocrx_word' id='word_1_394' title='bbox 613 4307 805 4363; x_wconf 79' lang='lat' dir='ltr'><strong>Verum</strong></span> <span class='ocrx_word' id='word_1_395' title='bbox 831 4308 876 4361; x_wconf 89' lang='lat' dir='ltr'><strong>si</strong></span> <span class='ocrx_word' id='word_1_396' title='bbox 904 4303 980 4361; x_wconf 79' lang='lat' dir='ltr'><strong>illi</strong></span> <span class='ocrx_word' id='word_1_397' title='bbox 1013 4307 1143 4360; x_wconf 86' lang='lat' dir='ltr'><strong>nihil</strong></span> <span class='ocrx_word' id='word_1_398' title='bbox 1171 4306 1359 4362; x_wconf 86' lang='lat' dir='ltr'><strong>lucrati</strong></span> <span class='ocrx_word' id='word_1_399' title='bbox 1384 4312 1528 4371; x_wconf 89' lang='lat' dir='ltr'><strong>sunt,</strong></span> <span class='ocrx_word' id='word_1_400' title='bbox 1558 4319 1655 4361; x_wconf 92' lang='lat' dir='ltr'><strong>nos</strong></span> <span class='ocrx_word' id='word_1_401' title='bbox 1682 4305 1875 4361; x_wconf 88' lang='lat' dir='ltr'><strong>lucrari</strong></span> <span class='ocrx_word' id='word_1_402' title='bbox 1923 4314 2038 4360; x_wconf 87' lang='lat' dir='ltr'><strong>stu-</strong></span> 
     </span>
    </p>
   </div>
   <div class='ocr_carea' id='block_1_46' title="bbox 456 4395 2036 4466">
    <p class='ocr_par' dir='ltr' id='par_1_46' title="bbox 456 4395 2036 4466">
     <span class='ocr_line' id='line_1_46' title="bbox 456 4395 2036 4466; baseline -0.003 -12"><span class='ocrx_word' id='word_1_403' title='bbox 456 4402 717 4466; x_wconf 89' lang='lat' dir='ltr'><strong>deamus,</strong></span> <span class='ocrx_word' id='word_1_404' title='bbox 768 4400 835 4453; x_wconf 88' lang='lat' dir='ltr'><strong>de</strong></span> <span class='ocrx_word' id='word_1_405' title='bbox 887 4397 1288 4452; x_wconf 88' lang='lat' dir='ltr'><strong>resurrectione</strong></span> <span class='ocrx_word' id='word_1_406' title='bbox 1320 4410 1462 4465; x_wconf 67' lang='lat' dir='ltr'><strong>saepe</strong></span> <span class='ocrx_word' id='word_1_407' title='bbox 1509 4397 1806 4464; x_wconf 87' lang='lat' dir='ltr'><strong>loquentes.</strong></span> <span class='ocrx_word' id='word_1_408' title='bbox 1857 4396 1912 4452; x_wconf 88' lang='lat' dir='ltr'><strong>Si</strong></span> <span class='ocrx_word' id='word_1_409' title='bbox 1959 4395 2036 4452; x_wconf 88' lang='lat' dir='ltr'><strong>di-</strong></span> 
     </span>
    </p>
   </div>
   <div class='ocr_carea' id='block_1_47' title="bbox 457 4487 2040 4560">
    <p class='ocr_par' dir='ltr' id='par_1_47' title="bbox 457 4487 2040 4560">
     <span class='ocr_line' id='line_1_47' title="bbox 457 4487 2040 4560; baseline -0.001 -14"><span class='ocrx_word' id='word_1_410' title='bbox 457 4491 694 4546; x_wconf 89' lang='lat' dir='ltr'><strong>tescendi</strong></span> <span class='ocrx_word' id='word_1_411' title='bbox 717 4532 730 4553; x_wconf 93' lang='lat'><strong>,</strong></span> <span class='ocrx_word' id='word_1_412' title='bbox 761 4488 1023 4560; x_wconf 78' lang='lat' dir='ltr'><strong>rapiendi,</strong></span> <span class='ocrx_word' id='word_1_413' title='bbox 1055 4497 1146 4541; x_wconf 90' lang='lat' dir='ltr'><strong>aut</strong></span> <span class='ocrx_word' id='word_1_414' title='bbox 1177 4502 1402 4555; x_wconf 88' lang='lat' dir='ltr'><strong>pravum</strong></span> <span class='ocrx_word' id='word_1_415' title='bbox 1432 4487 1559 4556; x_wconf 89' lang='lat' dir='ltr'><strong>quid</strong></span> <span class='ocrx_word' id='word_1_416' title='bbox 1588 4487 1814 4543; x_wconf 79' lang='lat' dir='ltr'><strong>faciendi</strong></span> <span class='ocrx_word' id='word_1_417' title='bbox 1849 4489 2040 4544; x_wconf 90' lang='lat' dir='ltr'><strong>volun-</strong></span> 
     </span>
    </p>
   </div>
   <div class='ocr_carea' id='block_1_48' title="bbox 459 4577 2042 4646">
    <p class='ocr_par' dir='ltr' id='par_1_48' title="bbox 459 4577 2042 4646">
     <span class='ocr_line' id='line_1_48' title="bbox 459 4577 2042 4646; baseline -0.001 -11"><span class='ocrx_word' id='word_1_418' title='bbox 459 4592 541 4635; x_wconf 85' lang='lat' dir='ltr'><strong>tas</strong></span> <span class='ocrx_word' id='word_1_419' title='bbox 566 4581 792 4642; x_wconf 88' lang='lat' dir='ltr'><strong>subeat,</strong></span> <span class='ocrx_word' id='word_1_420' title='bbox 827 4579 1004 4632; x_wconf 88' lang='lat' dir='ltr'><strong>statim</strong></span> <span class='ocrx_word' id='word_1_421' title='bbox 1037 4577 1177 4630; x_wconf 88' lang='lat' dir='ltr'><strong>diem</strong></span> <span class='ocrx_word' id='word_1_422' title='bbox 1219 4577 1364 4630; x_wconf 90' lang='lat' dir='ltr'><strong>illam</strong></span> <span class='ocrx_word' id='word_1_423' title='bbox 1393 4577 1707 4646; x_wconf 78' lang='lat' dir='ltr'><strong>cogitemus,</strong></span> <span class='ocrx_word' id='word_1_424' title='bbox 1735 4587 1786 4633; x_wconf 90' lang='lat' dir='ltr'><strong>et</strong></span> <span class='ocrx_word' id='word_1_425' title='bbox 1812 4579 2042 4634; x_wconf 91' lang='lat' dir='ltr'><strong>tribunal</strong></span> 
     </span>
    </p>
   </div>
   <div class='ocr_carea' id='block_1_49' title="bbox 458 4667 2040 4738">
    <p class='ocr_par' dir='ltr' id='par_1_49' title="bbox 458 4667 2040 4738">
     <span class='ocr_line' id='line_1_49' title="bbox 458 4667 2040 4738; baseline 0 -14"><span class='ocrx_word' id='word_1_426' title='bbox 458 4671 586 4725; x_wconf 89' lang='lat' dir='ltr'><strong>illud</strong></span> <span class='ocrx_word' id='word_1_427' title='bbox 615 4671 768 4724; x_wconf 86' lang='lat' dir='ltr'><strong>nobis</strong></span> <span class='ocrx_word' id='word_1_428' title='bbox 792 4668 1198 4734; x_wconf 88' lang='lat' dir='ltr'><strong>describamus;</strong></span> <span class='ocrx_word' id='word_1_429' title='bbox 1230 4667 1453 4738; x_wconf 64' lang='lat' dir='ltr'><strong>haecque</strong></span> <span class='ocrx_word' id='word_1_430' title='bbox 1477 4667 1725 4736; x_wconf 81' lang='lat' dir='ltr'><strong>cogitatio</strong></span> <span class='ocrx_word' id='word_1_431' title='bbox 1752 4668 2040 4736; x_wconf 87' lang='lat' dir='ltr'><strong>efﬁcacius,</strong></span> 
     </span>
    </p>
   </div>
   <div class='ocr_carea' id='block_1_50' title="bbox 457 4759 2041 4832">
    <p class='ocr_par' dir='ltr' id='par_1_50' title="bbox 457 4759 2041 4832">
     <span class='ocr_line' id='line_1_50' title="bbox 457 4759 2041 4832; baseline 0.001 -19"><span class='ocrx_word' id='word_1_432' title='bbox 457 4777 616 4832; x_wconf 88' lang='lat' dir='ltr'><strong>quam</strong></span> <span class='ocrx_word' id='word_1_433' title='bbox 647 4760 851 4815; x_wconf 86' lang='lat' dir='ltr'><strong>frenum</strong></span> <span class='ocrx_word' id='word_1_434' title='bbox 879 4759 1173 4831; x_wconf 88' lang='lat' dir='ltr'><strong>quodlibet,</strong></span> <span class='ocrx_word' id='word_1_435' title='bbox 1203 4761 1366 4814; x_wconf 89' lang='lat' dir='ltr'><strong>animi</strong></span> <span class='ocrx_word' id='word_1_436' title='bbox 1399 4759 1572 4814; x_wconf 88' lang='lat' dir='ltr'><strong>nostri</strong></span> <span class='ocrx_word' id='word_1_437' title='bbox 1601 4760 1854 4830; x_wconf 86' lang='lat' dir='ltr'><strong>impetum</strong></span> <span class='ocrx_word' id='word_1_438' title='bbox 1887 4775 2041 4815; x_wconf 84' lang='lat' dir='ltr'><strong>coer-</strong></span> 
     </span>
    </p>
   </div>
   <div class='ocr_carea' id='block_1_51' title="bbox 457 4851 2046 4922">
    <p class='ocr_par' dir='ltr' id='par_1_51' title="bbox 457 4851 2046 4922">
     <span class='ocr_line' id='line_1_51' title="bbox 457 4851 2046 4922; baseline -0.001 -13"><span class='ocrx_word' id='word_1_439' title='bbox 457 4855 618 4910; x_wconf 85' lang='lat' dir='ltr'><strong>eelnt.</strong></span> <span class='ocrx_word' id='word_1_440' title='bbox 651 4852 716 4908; x_wconf 86' lang='lat' dir='ltr'><strong>Et</strong></span> <span class='ocrx_word' id='word_1_441' title='bbox 749 4853 869 4907; x_wconf 88' lang='lat' dir='ltr'><strong>aliis</strong></span> <span class='ocrx_word' id='word_1_442' title='bbox 898 4862 953 4908; x_wconf 91' lang='lat' dir='ltr'><strong>et</strong></span> <span class='ocrx_word' id='word_1_443' title='bbox 981 4852 1134 4907; x_wconf 90' lang='lat' dir='ltr'><strong>nobis</strong></span> <span class='ocrx_word' id='word_1_444' title='bbox 1157 4867 1368 4922; x_wconf 87' lang='lat' dir='ltr'><strong>semper</strong></span> <span class='ocrx_word' id='word_1_445' title='bbox 1394 4851 1632 4907; x_wconf 84' lang='lat' dir='ltr'><strong>dicamus</strong></span> <span class='ocrx_word' id='word_1_446' title='bbox 1662 4870 1675 4906; x_wconf 91' lang='lat'><strong>:</strong></span> <span class='ocrx_word' id='word_1_447' title='bbox 1707 4852 2046 4908; x_wconf 80' lang='lat' dir='ltr'><strong>llesurrectio</strong></span> 
     </span>
    </p>
   </div>
   <div class='ocr_carea' id='block_1_52' title="bbox 458 4943 2044 5014">
    <p class='ocr_par' dir='ltr' id='par_1_52' title="bbox 458 4943 2044 5014">
     <span class='ocr_line' id='line_1_52' title="bbox 458 4943 2044 5014; baseline -0.002 -11"><span class='ocrx_word' id='word_1_448' title='bbox 458 4959 573 5012; x_wconf 87' lang='lat' dir='ltr'><strong>est,</strong></span> <span class='ocrx_word' id='word_1_449' title='bbox 618 4958 672 5002; x_wconf 88' lang='lat' dir='ltr'><strong>et</strong></span> <span class='ocrx_word' id='word_1_450' title='bbox 719 4947 957 5002; x_wconf 84' lang='lat' dir='ltr'><strong>terribile</strong></span> <span class='ocrx_word' id='word_1_451' title='bbox 984 4944 1212 5000; x_wconf 86' lang='lat' dir='ltr'><strong>tribunal</strong></span> <span class='ocrx_word' id='word_1_452' title='bbox 1266 4960 1364 4999; x_wconf 89' lang='lat' dir='ltr'><strong>nos</strong></span> <span class='ocrx_word' id='word_1_453' title='bbox 1396 4953 1595 4999; x_wconf 89' lang='lat' dir='ltr'><strong>manet.</strong></span> <span class='ocrx_word' id='word_1_454' title='bbox 1639 4943 1696 4999; x_wconf 90' lang='lat' dir='ltr'><strong>Si</strong></span> <span class='ocrx_word' id='word_1_455' title='bbox 1743 4944 2044 5014; x_wconf 87' lang='lat' dir='ltr'><strong>quempiam</strong></span> 
     </span>
    </p>
   </div>
   <div class='ocr_carea' id='block_1_53' title="bbox 460 5036 2043 5108">
    <p class='ocr_par' dir='ltr' id='par_1_53' title="bbox 460 5036 2043 5108">
     <span class='ocr_line' id='line_1_53' title="bbox 460 5036 2043 5108; baseline -0.001 -15"><span class='ocrx_word' id='word_1_456' title='bbox 460 5042 636 5094; x_wconf 75' lang='lat' dir='ltr'><strong>Ianum</strong></span> <span class='ocrx_word' id='word_1_457' title='bbox 667 5051 719 5095; x_wconf 89' lang='lat' dir='ltr'><strong>et</strong></span> <span class='ocrx_word' id='word_1_458' title='bbox 744 5039 809 5093; x_wconf 88' lang='lat' dir='ltr'><strong>de</strong></span> <span class='ocrx_word' id='word_1_459' title='bbox 838 5037 1189 5108; x_wconf 66' lang='lat' dir='ltr'><strong>praesentibus</strong></span> <span class='ocrx_word' id='word_1_460' title='bbox 1214 5038 1369 5092; x_wconf 92' lang='lat' dir='ltr'><strong>bonis</strong></span> <span class='ocrx_word' id='word_1_461' title='bbox 1399 5045 1691 5093; x_wconf 89' lang='lat' dir='ltr'><strong>tumentem</strong></span> <span class='ocrx_word' id='word_1_462' title='bbox 1729 5036 2003 5092; x_wconf 87' lang='lat' dir='ltr'><strong>videamus</strong></span> <span class='ocrx_word' id='word_1_463' title='bbox 2028 5079 2043 5106; x_wconf 92' lang='lat'><strong>,</strong></span> 
     </span>
    </p>
   </div>
   <div class='ocr_carea' id='block_1_54' title="bbox 460 5130 2046 5203">
    <p class='ocr_par' dir='ltr' id='par_1_54' title="bbox 460 5130 2046 5203">
     <span class='ocr_line' id='line_1_54' title="bbox 460 5130 2046 5203; baseline -0.002 -16"><span class='ocrx_word' id='word_1_464' title='bbox 460 5133 688 5203; x_wconf 84' lang='lat' dir='ltr'><strong>idipsmn</strong></span> <span class='ocrx_word' id='word_1_465' title='bbox 717 5132 956 5187; x_wconf 87' lang='lat' dir='ltr'><strong>dicamus</strong></span> <span class='ocrx_word' id='word_1_466' title='bbox 980 5173 995 5197; x_wconf 93' lang='lat'><strong>,</strong></span> <span class='ocrx_word' id='word_1_467' title='bbox 1042 5130 1375 5186; x_wconf 84' lang='lat' dir='ltr'><strong>declarantes</strong></span> <span class='ocrx_word' id='word_1_468' title='bbox 1402 5131 1578 5184; x_wconf 90' lang='lat' dir='ltr'><strong>omnia</strong></span> <span class='ocrx_word' id='word_1_469' title='bbox 1605 5130 1691 5185; x_wconf 91' lang='lat' dir='ltr'><strong>hic</strong></span> <span class='ocrx_word' id='word_1_470' title='bbox 1731 5146 1852 5185; x_wconf 88' lang='lat' dir='ltr'><strong>esse</strong></span> <span class='ocrx_word' id='word_1_471' title='bbox 1897 5146 2046 5185; x_wconf 82' lang='lat' dir='ltr'><strong>man-</strong></span> 
     </span>
    </p>
   </div>
   <div class='ocr_carea' id='block_1_55' title="bbox 461 5220 2045 5292">
    <p class='ocr_par' dir='ltr' id='par_1_55' title="bbox 461 5220 2045 5292">
     <span class='ocr_line' id='line_1_55' title="bbox 461 5220 2045 5292; baseline -0.001 -17"><span class='ocrx_word' id='word_1_472' title='bbox 461 5238 622 5287; x_wconf 85' lang='lat' dir='ltr'><strong>sura;</strong></span> <span class='ocrx_word' id='word_1_473' title='bbox 655 5225 735 5277; x_wconf 89' lang='lat' dir='ltr'><strong>sin</strong></span> <span class='ocrx_word' id='word_1_474' title='bbox 767 5224 932 5277; x_wconf 90' lang='lat' dir='ltr'><strong>alium</strong></span> <span class='ocrx_word' id='word_1_475' title='bbox 981 5221 1254 5277; x_wconf 83' lang='lat' dir='ltr'><strong>dolentem</strong></span> <span class='ocrx_word' id='word_1_476' title='bbox 1285 5221 1642 5290; x_wconf 78' lang='lat' dir='ltr'><strong>:crumnisque</strong></span> <span class='ocrx_word' id='word_1_477' title='bbox 1682 5235 1922 5292; x_wconf 89' lang='lat' dir='ltr'><strong>pressum</strong></span> <span class='ocrx_word' id='word_1_478' title='bbox 1969 5220 2045 5274; x_wconf 80' lang='lat' dir='ltr'><strong>vi—</strong></span> 
     </span>
    </p>
   </div>
   <div class='ocr_carea' id='block_1_56' title="bbox 462 5312 2048 5382">
    <p class='ocr_par' dir='ltr' id='par_1_56' title="bbox 462 5312 2048 5382">
     <span class='ocr_line' id='line_1_56' title="bbox 462 5312 2048 5382; baseline 0.001 -17"><span class='ocrx_word' id='word_1_479' title='bbox 462 5313 721 5380; x_wconf 82' lang='lat' dir='ltr'><strong>deamus,</strong></span> <span class='ocrx_word' id='word_1_480' title='bbox 755 5315 982 5380; x_wconf 86' lang='lat' dir='ltr'><strong>idipsum</strong></span> <span class='ocrx_word' id='word_1_481' title='bbox 1033 5314 1109 5369; x_wconf 89' lang='lat' dir='ltr'><strong>illi</strong></span> <span class='ocrx_word' id='word_1_482' title='bbox 1155 5321 1638 5382; x_wconf 75' lang='lat' dir='ltr'><strong>reprmsentemus,</strong></span> <span class='ocrx_word' id='word_1_483' title='bbox 1692 5328 1884 5382; x_wconf 90' lang='lat' dir='ltr'><strong>nempe</strong></span> <span class='ocrx_word' id='word_1_484' title='bbox 1935 5312 2048 5367; x_wconf 75' lang='lat' dir='ltr'><strong>lucc</strong></span> 
     </span>
    </p>
   </div>
   <div class='ocr_carea' id='block_1_57' title="bbox 467 5404 2045 5474">
    <p class='ocr_par' dir='ltr' id='par_1_57' title="bbox 467 5404 2045 5474">
     <span class='ocr_line' id='line_1_57' title="bbox 467 5404 2045 5474; baseline 0.001 -18"><span class='ocrx_word' id='word_1_485' title='bbox 467 5405 635 5458; x_wconf 86' lang='lat' dir='ltr'><strong>tristia</strong></span> <span class='ocrx_word' id='word_1_486' title='bbox 669 5404 826 5460; x_wconf 87' lang='lat' dir='ltr'><strong>ﬁnem</strong></span> <span class='ocrx_word' id='word_1_487' title='bbox 859 5407 1103 5462; x_wconf 86' lang='lat' dir='ltr'><strong>habitura</strong></span> <span class='ocrx_word' id='word_1_488' title='bbox 1127 5420 1283 5470; x_wconf 86' lang='lat' dir='ltr'><strong>esse;</strong></span> <span class='ocrx_word' id='word_1_489' title='bbox 1315 5405 1395 5460; x_wconf 89' lang='lat' dir='ltr'><strong>sin</strong></span> <span class='ocrx_word' id='word_1_490' title='bbox 1427 5405 1673 5474; x_wconf 88' lang='lat' dir='ltr'><strong>supinum</strong></span> <span class='ocrx_word' id='word_1_491' title='bbox 1703 5413 1756 5458; x_wconf 93' lang='lat' dir='ltr'><strong>et</strong></span> <span class='ocrx_word' id='word_1_492' title='bbox 1783 5404 2004 5459; x_wconf 80' lang='lat' dir='ltr'><strong>eﬁ‘nsum</strong></span> <span class='ocrx_word' id='word_1_493' title='bbox 2029 5444 2045 5469; x_wconf 93' lang='lat'><strong>,</strong></span> 
     </span>
    </p>
   </div>
   <div class='ocr_carea' id='block_1_58' title="bbox 468 5494 2049 5566">
    <p class='ocr_par' dir='ltr' id='par_1_58' title="bbox 468 5494 2049 5566">
     <span class='ocr_line' id='line_1_58' title="bbox 468 5494 2049 5566; baseline 0 -18"><span class='ocrx_word' id='word_1_494' title='bbox 468 5495 694 5564; x_wconf 87' lang='lat' dir='ltr'><strong>idipsum</strong></span> <span class='ocrx_word' id='word_1_495' title='bbox 733 5496 806 5550; x_wconf 89' lang='lat' dir='ltr'><strong>illi</strong></span> <span class='ocrx_word' id='word_1_496' title='bbox 836 5500 1139 5552; x_wconf 87' lang='lat' dir='ltr'><strong>accinamus</strong></span> <span class='ocrx_word' id='word_1_497' title='bbox 1163 5538 1178 5562; x_wconf 96' lang='lat'><strong>,</strong></span> <span class='ocrx_word' id='word_1_498' title='bbox 1227 5497 1400 5566; x_wconf 91' lang='lat' dir='ltr'><strong>ipsum</strong></span> <span class='ocrx_word' id='word_1_499' title='bbox 1429 5511 1620 5566; x_wconf 90' lang='lat' dir='ltr'><strong>nempe</strong></span> <span class='ocrx_word' id='word_1_500' title='bbox 1665 5494 1908 5566; x_wconf 79' lang='lat' dir='ltr'><strong>scgnitiei</strong></span> <span class='ocrx_word' id='word_1_501' title='bbox 1939 5509 2049 5548; x_wconf 82' lang='lat' dir='ltr'><strong>sua:</strong></span> 
     </span>
    </p>
   </div>
   <div class='ocr_carea' id='block_1_59' title="bbox 471 5585 2050 5658">
    <p class='ocr_par' dir='ltr' id='par_1_59' title="bbox 471 5585 2050 5658">
     <span class='ocr_line' id='line_1_59' title="bbox 471 5585 2050 5658; baseline -0.001 -16"><span class='ocrx_word' id='word_1_502' title='bbox 471 5601 655 5657; x_wconf 55' lang='lat' dir='ltr'><strong>pinnas</strong></span> <span class='ocrx_word' id='word_1_503' title='bbox 697 5586 964 5642; x_wconf 88' lang='lat' dir='ltr'><strong>daturum.</strong></span> <span class='ocrx_word' id='word_1_504' title='bbox 1025 5589 1136 5643; x_wconf 89' lang='lat' dir='ltr'><strong>lloc</strong></span> <span class='ocrx_word' id='word_1_505' title='bbox 1176 5589 1374 5643; x_wconf 87' lang='lat' dir='ltr'><strong>dictum</strong></span> <span class='ocrx_word' id='word_1_506' title='bbox 1418 5587 1535 5656; x_wconf 82' lang='lat' dir='ltr'><strong>plus</strong></span> <span class='ocrx_word' id='word_1_507' title='bbox 1584 5602 1741 5658; x_wconf 84' lang='lat' dir='ltr'><strong>quam</strong></span> <span class='ocrx_word' id='word_1_508' title='bbox 1793 5585 2050 5640; x_wconf 85' lang='lat' dir='ltr'><strong>medicina</strong></span> 
     </span>
    </p>
   </div>
   <div class='ocr_carea' id='block_1_60' title="bbox 471 5677 2050 5748">
    <p class='ocr_par' dir='ltr' id='par_1_60' title="bbox 471 5677 2050 5748">
     <span class='ocr_line' id='line_1_60' title="bbox 471 5677 2050 5748; baseline -0.001 -14"><span class='ocrx_word' id='word_1_509' title='bbox 471 5680 674 5748; x_wconf 71' lang='lat' dir='ltr'><strong>quaevis</strong></span> <span class='ocrx_word' id='word_1_510' title='bbox 704 5679 938 5734; x_wconf 86' lang='lat' dir='ltr'><strong>animam</strong></span> <span class='ocrx_word' id='word_1_511' title='bbox 966 5688 1201 5733; x_wconf 88' lang='lat' dir='ltr'><strong>nostram</strong></span> <span class='ocrx_word' id='word_1_512' title='bbox 1230 5679 1455 5735; x_wconf 87' lang='lat' dir='ltr'><strong>curabit.</strong></span> <span class='ocrx_word' id='word_1_513' title='bbox 1490 5677 1582 5735; x_wconf 74' lang='lat' dir='ltr'><strong>Est</strong></span> <span class='ocrx_word' id='word_1_514' title='bbox 1609 5678 1750 5734; x_wconf 88' lang='lat' dir='ltr'><strong>enim</strong></span> <span class='ocrx_word' id='word_1_515' title='bbox 1783 5691 2050 5733; x_wconf 81' lang='lat' dir='ltr'><strong>resurrec-</strong></span> 
     </span>
    </p>
   </div>
   <div class='ocr_carea' id='block_1_61' title="bbox 1157 278 2959 346">
    <p class='ocr_par' dir='ltr' id='par_1_61' title="bbox 1157 278 2959 346">
     <span class='ocr_line' id='line_1_61' title="bbox 1157 278 2959 346; baseline 0.003 -7"><span class='ocrx_word' id='word_1_516' title='bbox 1157 289 1210 339; x_wconf 85' lang='lat' dir='ltr'><strong>s.</strong></span> <span class='ocrx_word' id='word_1_517' title='bbox 1253 283 1524 340; x_wconf 68' lang='lat' dir='ltr'><strong>JOANNIS</strong></span> <span class='ocrx_word' id='word_1_518' title='bbox 1561 280 2035 342; x_wconf 77' lang='lat' dir='ltr'><strong>cunvsosrom</strong></span> <span class='ocrx_word' id='word_1_519' title='bbox 2076 278 2388 338; x_wconf 80' lang='lat' dir='ltr'><strong>AllClltEP.</strong></span> <span class='ocrx_word' id='word_1_520' title='bbox 2428 283 2959 346; x_wconf 67' lang='lat' dir='ltr'><strong>consumma.</strong></span> 
     </span>
    </p>
   </div>
   <div class='ocr_carea' id='block_1_62' title="bbox 3595 301 3718 357">
    <p class='ocr_par' dir='ltr' id='par_1_62' title="bbox 3595 301 3718 357">
     <span class='ocr_line' id='line_1_62' title="bbox 3595 301 3718 357; baseline 0.008 -1"><span class='ocrx_word' id='word_1_521' title='bbox 3595 301 3718 357; x_wconf 60' lang='grc' dir='ltr'><strong>’ΞΜ</strong></span> 
     </span>
    </p>
   </div>
   <div class='ocr_carea' id='block_1_63' title="bbox 2141 395 3715 480">
    <p class='ocr_par' dir='ltr' id='par_1_63' title="bbox 2141 395 3715 480">
     <span class='ocr_line' id='line_1_63' title="bbox 2141 395 3715 480; baseline 0.014 -34"><span class='ocrx_word' id='word_1_522' title='bbox 2141 395 2248 460; x_wconf 88' lang='lat' dir='ltr'><strong>tio,</strong></span> <span class='ocrx_word' id='word_1_523' title='bbox 2283 408 2336 451; x_wconf 90' lang='lat' dir='ltr'><strong>et</strong></span> <span class='ocrx_word' id='word_1_524' title='bbox 2363 400 2686 455; x_wconf 86' lang='lat' dir='ltr'><strong>resurrectio</strong></span> <span class='ocrx_word' id='word_1_525' title='bbox 2713 401 2768 456; x_wconf 89' lang='lat' dir='ltr'><strong>in</strong></span> <span class='ocrx_word' id='word_1_526' title='bbox 2807 401 2984 471; x_wconf 88' lang='lat' dir='ltr'><strong>jauuis</strong></span> <span class='ocrx_word' id='word_1_527' title='bbox 3011 412 3115 471; x_wconf 86' lang='lat' dir='ltr'><strong>est,</strong></span> <span class='ocrx_word' id='word_1_528' title='bbox 3146 419 3250 460; x_wconf 90' lang='lat' dir='ltr'><strong>non</strong></span> <span class='ocrx_word' id='word_1_529' title='bbox 3295 407 3478 475; x_wconf 87' lang='lat' dir='ltr'><strong>procul</strong></span> <span class='ocrx_word' id='word_1_530' title='bbox 3526 413 3715 480; x_wconf 87' lang='lat' dir='ltr'><strong>posita.</strong></span> 
     </span>
    </p>
   </div>
   <div class='ocr_carea' id='block_1_64' title="bbox 2138 488 3718 568">
    <p class='ocr_par' dir='ltr' id='par_1_64' title="bbox 2138 488 3718 568">
     <span class='ocr_line' id='line_1_64' title="bbox 2138 488 3718 568; baseline 0.011 -29"><span class='ocrx_word' id='word_1_531' title='bbox 2138 488 2315 541; x_wconf 76' lang='lat' dir='ltr'><strong>Adhuc</strong></span> <span class='ocrx_word' id='word_1_532' title='bbox 2339 492 2470 543; x_wconf 85' lang='lat' dir='ltr'><strong>enim</strong></span> <span class='ocrx_word' id='word_1_533' title='bbox 2497 494 2746 546; x_wconf 79' lang='lat' dir='ltr'><strong>modicum</strong></span> <span class='ocrx_word' id='word_1_534' title='bbox 2770 533 2786 560; x_wconf 92' lang='lat'><strong>,</strong></span> <span class='ocrx_word' id='word_1_535' title='bbox 2821 493 2991 564; x_wconf 85' lang='lat' dir='ltr'><strong>inquit</strong></span> <span class='ocrx_word' id='word_1_536' title='bbox 3019 495 3237 561; x_wconf 85' lang='lat' dir='ltr'><strong>Paulus,</strong></span> <span class='ocrx_word' id='word_1_537' title='bbox 3270 501 3358 568; x_wconf 83' lang='lat' dir='ltr'><strong>qui</strong></span> <span class='ocrx_word' id='word_1_538' title='bbox 3383 513 3619 557; x_wconf 82' lang='lat' dir='ltr'><strong>venturus</strong></span> <span class='ocrx_word' id='word_1_539' title='bbox 3648 515 3718 557; x_wconf 84' lang='lat' dir='ltr'><strong>est</strong></span> 
     </span>
    </p>
   </div>
   <div class='ocr_carea' id='block_1_65' title="bbox 2135 581 3715 663">
    <p class='ocr_par' dir='ltr' id='par_1_65' title="bbox 2135 581 3715 663">
     <span class='ocr_line' id='line_1_65' title="bbox 2135 581 3715 663; baseline 0.012 -32"><span class='ocrx_word' id='word_1_540' title='bbox 2135 581 2326 644; x_wconf 76' lang='lat' dir='ltr'><strong>ueniet,</strong></span> <span class='ocrx_word' id='word_1_541' title='bbox 2359 592 2407 634; x_wconf 91' lang='lat' dir='ltr'><strong>et</strong></span> <span class='ocrx_word' id='word_1_542' title='bbox 2435 599 2534 636; x_wconf 90' lang='lat' dir='ltr'><strong>non</strong></span> <span class='ocrx_word' id='word_1_543' title='bbox 2581 584 2799 638; x_wconf 82' lang='lat' dir='ltr'><strong>tardabit</strong></span> <span class='ocrx_word' id='word_1_544' title='bbox 2827 585 3010 656; x_wconf 83' lang='lat' dir='ltr'><strong>(Hebr.</strong></span> <span class='ocrx_word' id='word_1_545' title='bbox 3051 588 3148 643; x_wconf 75' lang='grc'><strong>10.</strong></span> <span class='ocrx_word' id='word_1_546' title='bbox 3192 590 3323 663; x_wconf 79' lang='lat'><strong>57);</strong></span> <span class='ocrx_word' id='word_1_547' title='bbox 3357 604 3411 647; x_wconf 89' lang='lat' dir='ltr'><strong>et</strong></span> <span class='ocrx_word' id='word_1_548' title='bbox 3461 609 3670 649; x_wconf 86' lang='lat' dir='ltr'><strong>rursum</strong></span> <span class='ocrx_word' id='word_1_549' title='bbox 3703 638 3715 657; x_wconf 89' lang='lat'><strong>.</strong></span> 
     </span>
    </p>
   </div>
   <div class='ocr_carea' id='block_1_66' title="bbox 2141 668 3720 748">
    <p class='ocr_par' dir='ltr' id='par_1_66' title="bbox 2141 668 3720 748">
     <span class='ocr_line' id='line_1_66' title="bbox 2141 668 3720 748; baseline 0.011 -26"><span class='ocrx_word' id='word_1_550' title='bbox 2141 668 2325 724; x_wconf 85' lang='lat' dir='ltr'><strong>Omnes</strong></span> <span class='ocrx_word' id='word_1_551' title='bbox 2362 681 2555 741; x_wconf 79' lang='lat' dir='ltr'><strong>Oportet</strong></span> <span class='ocrx_word' id='word_1_552' title='bbox 2602 690 2694 728; x_wconf 85' lang='lat' dir='ltr'><strong>nos</strong></span> <span class='ocrx_word' id='word_1_553' title='bbox 2741 677 3057 748; x_wconf 75' lang='lat' dir='ltr'><strong>manifestari</strong></span> <span class='ocrx_word' id='word_1_554' title='bbox 3111 689 3229 733; x_wconf 86' lang='lat' dir='ltr'><strong>ante</strong></span> <span class='ocrx_word' id='word_1_555' title='bbox 3271 683 3492 737; x_wconf 72' lang='lat' dir='ltr'><strong>tribunal</strong></span> <span class='ocrx_word' id='word_1_556' title='bbox 3534 683 3720 739; x_wconf 83' lang='lat' dir='ltr'><strong>Christi</strong></span> 
     </span>
    </p>
   </div>
   <div class='ocr_carea' id='block_1_67' title="bbox 2137 759 3718 838">
    <p class='ocr_par' dir='ltr' id='par_1_67' title="bbox 2137 759 3718 838">
     <span class='ocr_line' id='line_1_67' title="bbox 2137 759 3718 838; baseline 0.009 -24"><span class='ocrx_word' id='word_1_557' title='bbox 2137 761 2213 830; x_wconf 73' lang='grc' dir='ltr'><strong>(Ξ.</strong></span> <span class='ocrx_word' id='word_1_558' title='bbox 2260 759 2380 816; x_wconf 84' lang='lat' dir='ltr'><strong>Cor.</strong></span> <span class='ocrx_word' id='word_1_559' title='bbox 2410 762 2463 816; x_wconf 85' lang='lat'><strong>5.</strong></span> <span class='ocrx_word' id='word_1_560' title='bbox 2495 761 2606 834; x_wconf 71' lang='lat' dir='ltr'><strong>t0);</strong></span> <span class='ocrx_word' id='word_1_561' title='bbox 2639 764 2690 818; x_wconf 91' lang='lat' dir='ltr'><strong>id</strong></span> <span class='ocrx_word' id='word_1_562' title='bbox 2721 775 2806 819; x_wconf 89' lang='lat' dir='ltr'><strong>est</strong></span> <span class='ocrx_word' id='word_1_563' title='bbox 2829 807 2844 831; x_wconf 91' lang='lat'><strong>,</strong></span> <span class='ocrx_word' id='word_1_564' title='bbox 2872 776 2927 819; x_wconf 88' lang='lat' dir='ltr'><strong>et</strong></span> <span class='ocrx_word' id='word_1_565' title='bbox 2953 766 3207 823; x_wconf 89' lang='lat' dir='ltr'><strong>malos-et</strong></span> <span class='ocrx_word' id='word_1_566' title='bbox 3237 769 3445 836; x_wconf 85' lang='lat' dir='ltr'><strong>bonos;</strong></span> <span class='ocrx_word' id='word_1_567' title='bbox 3476 772 3592 828; x_wconf 86' lang='lat' dir='ltr'><strong>illos</strong></span> <span class='ocrx_word' id='word_1_568' title='bbox 3615 815 3630 838; x_wconf 96' lang='lat'><strong>,</strong></span> <span class='ocrx_word' id='word_1_569' title='bbox 3653 786 3718 827; x_wconf 78' lang='lat' dir='ltr'><strong>nt</strong></span> 
     </span>
    </p>
   </div>
   <div class='ocr_carea' id='block_1_68' title="bbox 2134 853 3717 929">
    <p class='ocr_par' dir='ltr' id='par_1_68' title="bbox 2134 853 3717 929">
     <span class='ocr_line' id='line_1_68' title="bbox 2134 853 3717 929; baseline 0.006 -21"><span class='ocrx_word' id='word_1_570' title='bbox 2134 867 2316 908; x_wconf 80' lang='lat' dir='ltr'><strong>coram</strong></span> <span class='ocrx_word' id='word_1_571' title='bbox 2341 853 2588 908; x_wconf 89' lang='lat' dir='ltr'><strong>omnibus</strong></span> <span class='ocrx_word' id='word_1_572' title='bbox 2619 855 2907 926; x_wconf 76' lang='lat' dir='ltr'><strong>ignominia</strong></span> <span class='ocrx_word' id='word_1_573' title='bbox 2937 857 3273 926; x_wconf 88' lang='lat' dir='ltr'><strong>afﬁciantur;</strong></span> <span class='ocrx_word' id='word_1_574' title='bbox 3307 862 3424 929; x_wconf 86' lang='lat' dir='ltr'><strong>hos,</strong></span> <span class='ocrx_word' id='word_1_575' title='bbox 3453 873 3513 918; x_wconf 76' lang='lat' dir='ltr'><strong>ut</strong></span> <span class='ocrx_word' id='word_1_576' title='bbox 3537 879 3717 920; x_wconf 82' lang='lat' dir='ltr'><strong>coram</strong></span> 
     </span>
    </p>
   </div>
   <div class='ocr_carea' id='block_1_69' title="bbox 2135 945 3716 1018">
    <p class='ocr_par' dir='ltr' id='par_1_69' title="bbox 2135 945 3716 1018">
     <span class='ocr_line' id='line_1_69' title="bbox 2135 945 3716 1018; baseline 0.006 -18"><span class='ocrx_word' id='word_1_577' title='bbox 2135 945 2384 1000; x_wconf 85' lang='lat' dir='ltr'><strong>omnibus</strong></span> <span class='ocrx_word' id='word_1_578' title='bbox 2403 945 2793 1015; x_wconf 86' lang='lat' dir='ltr'><strong>splendldiores</strong></span> <span class='ocrx_word' id='word_1_579' title='bbox 2817 949 3064 1006; x_wconf 79' lang='lat' dir='ltr'><strong>evadant.</strong></span> <span class='ocrx_word' id='word_1_580' title='bbox 3089 951 3546 1018; x_wconf 83' lang='lat' dir='ltr'><strong>Quemadmodum</strong></span> <span class='ocrx_word' id='word_1_581' title='bbox 3574 955 3716 1010; x_wconf 87' lang='lat' dir='ltr'><strong>enim</strong></span> 
     </span>
    </p>
   </div>
   <div class='ocr_carea' id='block_1_70' title="bbox 2132 1034 3717 1113">
    <p class='ocr_par' dir='ltr' id='par_1_70' title="bbox 2132 1034 3717 1113">
     <span class='ocr_line' id='line_1_70' title="bbox 2132 1034 3717 1113; baseline 0.007 -25"><span class='ocrx_word' id='word_1_582' title='bbox 2132 1034 2342 1104; x_wconf 89' lang='lat' dir='ltr'><strong>judices</strong></span> <span class='ocrx_word' id='word_1_583' title='bbox 2372 1035 2457 1090; x_wconf 89' lang='lat' dir='ltr'><strong>hic</strong></span> <span class='ocrx_word' id='word_1_584' title='bbox 2484 1036 2655 1092; x_wconf 86' lang='lat' dir='ltr'><strong>malos</strong></span> <span class='ocrx_word' id='word_1_585' title='bbox 2692 1038 2865 1107; x_wconf 86' lang='lat' dir='ltr'><strong>palam</strong></span> <span class='ocrx_word' id='word_1_586' title='bbox 2898 1041 3160 1108; x_wconf 81' lang='lat' dir='ltr'><strong>puniunt,</strong></span> <span class='ocrx_word' id='word_1_587' title='bbox 3196 1041 3377 1097; x_wconf 78' lang='lat' dir='ltr'><strong>‘bonos</strong></span> <span class='ocrx_word' id='word_1_588' title='bbox 3392 1044 3614 1113; x_wconf 80' lang='lat' dir='ltr'><strong>publice</strong></span> <span class='ocrx_word' id='word_1_589' title='bbox 3639 1047 3717 1099; x_wconf 81' lang='lat' dir='ltr'><strong>at-</strong></span> 
     </span>
    </p>
   </div>
   <div class='ocr_carea' id='block_1_71' title="bbox 2135 1127 3719 1206">
    <p class='ocr_par' dir='ltr' id='par_1_71' title="bbox 2135 1127 3719 1206">
     <span class='ocr_line' id='line_1_71' title="bbox 2135 1127 3719 1206; baseline 0.005 -24"><span class='ocrx_word' id='word_1_590' title='bbox 2135 1127 2322 1182; x_wconf 82' lang='lat' dir='ltr'><strong>tlciunt</strong></span> <span class='ocrx_word' id='word_1_591' title='bbox 2367 1128 2606 1183; x_wconf 87' lang='lat' dir='ltr'><strong>honore:</strong></span> <span class='ocrx_word' id='word_1_592' title='bbox 2650 1132 2728 1184; x_wconf 91' lang='lat' dir='ltr'><strong>sic</strong></span> <span class='ocrx_word' id='word_1_593' title='bbox 2751 1139 2809 1185; x_wconf 88' lang='lat' dir='ltr'><strong>et</strong></span> <span class='ocrx_word' id='word_1_594' title='bbox 2837 1130 2946 1186; x_wconf 82' lang='lat' dir='ltr'><strong>illic</strong></span> <span class='ocrx_word' id='word_1_595' title='bbox 2994 1130 3124 1197; x_wconf 86' lang='lat' dir='ltr'><strong>ﬁet;</strong></span> <span class='ocrx_word' id='word_1_596' title='bbox 3171 1132 3243 1187; x_wconf 85' lang='lat' dir='ltr'><strong>ita</strong></span> <span class='ocrx_word' id='word_1_597' title='bbox 3293 1142 3351 1188; x_wconf 87' lang='lat' dir='ltr'><strong>ut</strong></span> <span class='ocrx_word' id='word_1_598' title='bbox 3398 1134 3504 1190; x_wconf 87' lang='lat' dir='ltr'><strong>illis</strong></span> <span class='ocrx_word' id='word_1_599' title='bbox 3537 1135 3719 1206; x_wconf 78' lang='lat' dir='ltr'><strong>pudor</strong></span> 
     </span>
    </p>
   </div>
   <div class='ocr_carea' id='block_1_72' title="bbox 2137 1217 3719 1295">
    <p class='ocr_par' dir='ltr' id='par_1_72' title="bbox 2137 1217 3719 1295">
     <span class='ocr_line' id='line_1_72' title="bbox 2137 1217 3719 1295; baseline 0.005 -22"><span class='ocrx_word' id='word_1_600' title='bbox 2137 1218 2327 1288; x_wconf 80' lang='lat' dir='ltr'><strong>major,</strong></span> <span class='ocrx_word' id='word_1_601' title='bbox 2359 1217 2443 1274; x_wconf 86' lang='lat' dir='ltr'><strong>his</strong></span> <span class='ocrx_word' id='word_1_602' title='bbox 2469 1219 2639 1289; x_wconf 88' lang='lat' dir='ltr'><strong>gloria</strong></span> <span class='ocrx_word' id='word_1_603' title='bbox 2671 1219 2934 1275; x_wconf 87' lang='lat' dir='ltr'><strong>illustrior</strong></span> <span class='ocrx_word' id='word_1_604' title='bbox 2961 1231 3238 1291; x_wconf 78' lang='lat' dir='ltr'><strong>appareat.</strong></span> <span class='ocrx_word' id='word_1_605' title='bbox 3263 1222 3398 1278; x_wconf 64' lang='lat' dir='ltr'><strong>Haec</strong></span> <span class='ocrx_word' id='word_1_606' title='bbox 3425 1225 3603 1295; x_wconf 88' lang='lat' dir='ltr'><strong>itaque</strong></span> <span class='ocrx_word' id='word_1_607' title='bbox 3623 1242 3719 1280; x_wconf 88' lang='lat' dir='ltr'><strong>no--</strong></span> 
     </span>
    </p>
   </div>
   <div class='ocr_carea' id='block_1_73' title="bbox 2136 1307 3719 1386">
    <p class='ocr_par' dir='ltr' id='par_1_73' title="bbox 2136 1307 3719 1386">
     <span class='ocr_line' id='line_1_73' title="bbox 2136 1307 3719 1386; baseline 0.005 -23"><span class='ocrx_word' id='word_1_608' title='bbox 2136 1308 2218 1363; x_wconf 89' lang='lat' dir='ltr'><strong>bis</strong></span> <span class='ocrx_word' id='word_1_609' title='bbox 2264 1307 2486 1379; x_wconf 77' lang='lat' dir='ltr'><strong>singulis</strong></span> <span class='ocrx_word' id='word_1_610' title='bbox 2532 1309 2718 1365; x_wconf 88' lang='lat' dir='ltr'><strong>diebus</strong></span> <span class='ocrx_word' id='word_1_611' title='bbox 2747 1312 3179 1378; x_wconf 68' lang='lat' dir='ltr'><strong>praescribamus.</strong></span> <span class='ocrx_word' id='word_1_612' title='bbox 3229 1313 3357 1370; x_wconf 68' lang='lat' dir='ltr'><strong>llaec</strong></span> <span class='ocrx_word' id='word_1_613' title='bbox 3405 1315 3452 1370; x_wconf 89' lang='lat' dir='ltr'><strong>si</strong></span> <span class='ocrx_word' id='word_1_614' title='bbox 3502 1331 3719 1386; x_wconf 83' lang='lat' dir='ltr'><strong>semper</strong></span> 
     </span>
    </p>
   </div>
   <div class='ocr_carea' id='block_1_74' title="bbox 2131 1399 3718 1470">
    <p class='ocr_par' dir='ltr' id='par_1_74' title="bbox 2131 1399 3718 1470">
     <span class='ocr_line' id='line_1_74' title="bbox 2131 1399 3718 1470; baseline 0.004 -17"><span class='ocrx_word' id='word_1_615' title='bbox 2131 1413 2426 1465; x_wconf 82' lang='lat' dir='ltr'><strong>versemus,</strong></span> <span class='ocrx_word' id='word_1_616' title='bbox 2456 1399 2600 1454; x_wconf 89' lang='lat' dir='ltr'><strong>nulla</strong></span> <span class='ocrx_word' id='word_1_617' title='bbox 2638 1415 2818 1458; x_wconf 78' lang='lat' dir='ltr'><strong>rerum</strong></span> <span class='ocrx_word' id='word_1_618' title='bbox 2848 1402 3186 1470; x_wconf 84' lang='lat' dir='ltr'><strong>praesentium</strong></span> <span class='ocrx_word' id='word_1_619' title='bbox 3213 1412 3268 1458; x_wconf 89' lang='lat' dir='ltr'><strong>et</strong></span> <span class='ocrx_word' id='word_1_620' title='bbox 3292 1404 3552 1460; x_wconf 80' lang='lat' dir='ltr'><strong>ﬁuxarum</strong></span> <span class='ocrx_word' id='word_1_621' title='bbox 3576 1408 3594 1439; x_wconf 85' lang='grc' dir='ltr'><strong>ι</strong></span> <span class='ocrx_word' id='word_1_622' title='bbox 3621 1423 3718 1460; x_wconf 78' lang='lat' dir='ltr'><strong>nos</strong></span> 
     </span>
    </p>
   </div>
   <div class='ocr_carea' id='block_1_75' title="bbox 2136 1489 3713 1565">
    <p class='ocr_par' dir='ltr' id='par_1_75' title="bbox 2136 1489 3713 1565">
     <span class='ocr_line' id='line_1_75' title="bbox 2136 1489 3713 1565; baseline 0.005 -22"><span class='ocrx_word' id='word_1_623' title='bbox 2136 1503 2398 1557; x_wconf 86' lang='lat' dir='ltr'><strong>occupare</strong></span> <span class='ocrx_word' id='word_1_624' title='bbox 2447 1490 2661 1558; x_wconf 87' lang='lat' dir='ltr'><strong>poterit.</strong></span> <span class='ocrx_word' id='word_1_625' title='bbox 2692 1489 2822 1544; x_wconf 87' lang='lat' dir='ltr'><strong>Nam</strong></span> <span class='ocrx_word' id='word_1_626' title='bbox 2865 1507 2987 1561; x_wconf 71' lang='lat' dir='ltr'><strong>quae</strong></span> <span class='ocrx_word' id='word_1_627' title='bbox 3034 1493 3279 1548; x_wconf 86' lang='lat' dir='ltr'><strong>videntur</strong></span> <span class='ocrx_word' id='word_1_628' title='bbox 3336 1504 3713 1565; x_wconf 90' lang='lat' dir='ltr'><strong>temporanea,</strong></span> 
     </span>
    </p>
   </div>
   <div class='ocr_carea' id='block_1_76' title="bbox 2137 1580 3716 1658">
    <p class='ocr_par' dir='ltr' id='par_1_76' title="bbox 2137 1580 3716 1658">
     <span class='ocr_line' id='line_1_76' title="bbox 2137 1580 3716 1658; baseline 0.006 -24"><span class='ocrx_word' id='word_1_629' title='bbox 2137 1597 2256 1651; x_wconf 70' lang='lat' dir='ltr'><strong>qua:</strong></span> <span class='ocrx_word' id='word_1_630' title='bbox 2281 1595 2390 1638; x_wconf 89' lang='lat' dir='ltr'><strong>non</strong></span> <span class='ocrx_word' id='word_1_631' title='bbox 2419 1580 2668 1637; x_wconf 90' lang='lat' dir='ltr'><strong>videntur</strong></span> <span class='ocrx_word' id='word_1_632' title='bbox 2695 1591 2894 1638; x_wconf 62' lang='lat' dir='ltr'><strong>aeterna</strong></span> <span class='ocrx_word' id='word_1_633' title='bbox 2924 1594 3066 1638; x_wconf 85' lang='lat' dir='ltr'><strong>sunt.</strong></span> <span class='ocrx_word' id='word_1_634' title='bbox 3097 1585 3222 1639; x_wconf 71' lang='lat' dir='ltr'><strong>llazc</strong></span> <span class='ocrx_word' id='word_1_635' title='bbox 3253 1601 3380 1656; x_wconf 85' lang='lat' dir='ltr'><strong>ergo</strong></span> <span class='ocrx_word' id='word_1_636' title='bbox 3409 1587 3716 1658; x_wconf 85' lang='lat' dir='ltr'><strong>frequenter</strong></span> 
     </span>
    </p>
   </div>
   <div class='ocr_carea' id='block_1_77' title="bbox 2139 1673 3716 1743">
    <p class='ocr_par' dir='ltr' id='par_1_77' title="bbox 2139 1673 3716 1743">
     <span class='ocr_line' id='line_1_77' title="bbox 2139 1673 3716 1743; baseline 0.004 -17"><span class='ocrx_word' id='word_1_637' title='bbox 2139 1674 2292 1728; x_wconf 86' lang='lat' dir='ltr'><strong>nobis</strong></span> <span class='ocrx_word' id='word_1_638' title='bbox 2325 1673 2452 1742; x_wconf 85' lang='lat' dir='ltr'><strong>ipsis</strong></span> <span class='ocrx_word' id='word_1_639' title='bbox 2479 1683 2530 1728; x_wconf 87' lang='lat' dir='ltr'><strong>et</strong></span> <span class='ocrx_word' id='word_1_640' title='bbox 2563 1683 2746 1728; x_wconf 82' lang='lat' dir='ltr'><strong>mutuo</strong></span> <span class='ocrx_word' id='word_1_641' title='bbox 2791 1673 3032 1729; x_wconf 84' lang='lat' dir='ltr'><strong>dicamus</strong></span> <span class='ocrx_word' id='word_1_642' title='bbox 3064 1693 3076 1729; x_wconf 92' lang='lat'><strong>:</strong></span> <span class='ocrx_word' id='word_1_643' title='bbox 3124 1675 3463 1732; x_wconf 77' lang='lat' dir='ltr'><strong>Resurrcctio</strong></span> <span class='ocrx_word' id='word_1_644' title='bbox 3501 1687 3618 1743; x_wconf 90' lang='lat' dir='ltr'><strong>est,</strong></span> <span class='ocrx_word' id='word_1_645' title='bbox 3662 1692 3716 1732; x_wconf 81' lang='lat' dir='ltr'><strong>ct</strong></span> 
     </span>
    </p>
   </div>
   <div class='ocr_carea' id='block_1_78' title="bbox 2133 1763 3712 1838">
    <p class='ocr_par' dir='ltr' id='par_1_78' title="bbox 2133 1763 3712 1838">
     <span class='ocr_line' id='line_1_78' title="bbox 2133 1763 3712 1838; baseline 0.003 -21"><span class='ocrx_word' id='word_1_646' title='bbox 2133 1763 2428 1834; x_wconf 81' lang='lat' dir='ltr'><strong>judicium;</strong></span> <span class='ocrx_word' id='word_1_647' title='bbox 2457 1773 2511 1818; x_wconf 91' lang='lat' dir='ltr'><strong>et</strong></span> <span class='ocrx_word' id='word_1_648' title='bbox 2531 1778 2763 1834; x_wconf 81' lang='lat' dir='ltr'><strong>operum</strong></span> <span class='ocrx_word' id='word_1_649' title='bbox 2803 1765 3073 1820; x_wconf 88' lang='lat' dir='ltr'><strong>reddenda</strong></span> <span class='ocrx_word' id='word_1_650' title='bbox 3100 1767 3258 1821; x_wconf 83' lang='lat' dir='ltr'><strong>ratio.</strong></span> <span class='ocrx_word' id='word_1_651' title='bbox 3299 1767 3568 1836; x_wconf 88' lang='lat' dir='ltr'><strong>Quotquot</strong></span> <span class='ocrx_word' id='word_1_652' title='bbox 3615 1784 3712 1838; x_wconf 89' lang='lat' dir='ltr'><strong>pu-</strong></span> 
     </span>
    </p>
   </div>
   <div class='ocr_carea' id='block_1_79' title="bbox 2141 1853 3718 1926">
    <p class='ocr_par' dir='ltr' id='par_1_79' title="bbox 2141 1853 3718 1926">
     <span class='ocr_line' id='line_1_79' title="bbox 2141 1853 3718 1926; baseline 0.003 -18"><span class='ocrx_word' id='word_1_653' title='bbox 2141 1866 2252 1909; x_wconf 86' lang='lat' dir='ltr'><strong>tant</strong></span> <span class='ocrx_word' id='word_1_654' title='bbox 2274 1868 2394 1910; x_wconf 84' lang='lat' dir='ltr'><strong>esse</strong></span> <span class='ocrx_word' id='word_1_655' title='bbox 2417 1853 2603 1922; x_wconf 84' lang='lat' dir='ltr'><strong>fatum,</strong></span> <span class='ocrx_word' id='word_1_656' title='bbox 2635 1856 2734 1910; x_wconf 86' lang='lat' dir='ltr'><strong>hoc</strong></span> <span class='ocrx_word' id='word_1_657' title='bbox 2757 1855 2955 1922; x_wconf 86' lang='lat' dir='ltr'><strong>dicant,</strong></span> <span class='ocrx_word' id='word_1_658' title='bbox 2986 1864 3040 1909; x_wconf 90' lang='lat' dir='ltr'><strong>et</strong></span> <span class='ocrx_word' id='word_1_659' title='bbox 3068 1870 3189 1910; x_wconf 79' lang='lat' dir='ltr'><strong>mox</strong></span> <span class='ocrx_word' id='word_1_660' title='bbox 3219 1856 3376 1926; x_wconf 85' lang='lat' dir='ltr'><strong>hujus</strong></span> <span class='ocrx_word' id='word_1_661' title='bbox 3402 1857 3571 1912; x_wconf 88' lang='lat' dir='ltr'><strong>morbi</strong></span> <span class='ocrx_word' id='word_1_662' title='bbox 3596 1859 3718 1913; x_wconf 83' lang='lat' dir='ltr'><strong>tabe</strong></span> 
     </span>
    </p>
   </div>
   <div class='ocr_carea' id='block_1_80' title="bbox 2133 1949 3715 2020">
    <p class='ocr_par' dir='ltr' id='par_1_80' title="bbox 2133 1949 3715 2020">
     <span class='ocr_line' id='line_1_80' title="bbox 2133 1949 3715 2020; baseline -0.001 -14"><span class='ocrx_word' id='word_1_663' title='bbox 2133 1951 2529 2006; x_wconf 73' lang='lat' dir='ltr'><strong>liberabuntur.</strong></span> <span class='ocrx_word' id='word_1_664' title='bbox 2559 1949 2690 2004; x_wconf 78' lang='lat' dir='ltr'><strong>Nam</strong></span> <span class='ocrx_word' id='word_1_665' title='bbox 2738 1951 2782 2004; x_wconf 92' lang='lat' dir='ltr'><strong>si</strong></span> <span class='ocrx_word' id='word_1_666' title='bbox 2831 1950 3152 2004; x_wconf 81' lang='lat' dir='ltr'><strong>resurrectio</strong></span> <span class='ocrx_word' id='word_1_667' title='bbox 3194 1960 3277 2005; x_wconf 89' lang='lat' dir='ltr'><strong>est</strong></span> <span class='ocrx_word' id='word_1_668' title='bbox 3326 1959 3380 2006; x_wconf 91' lang='lat' dir='ltr'><strong>et</strong></span> <span class='ocrx_word' id='word_1_669' title='bbox 3423 1951 3715 2020; x_wconf 84' lang='lat' dir='ltr'><strong>judicium,</strong></span> 
     </span>
    </p>
   </div>
   <div class='ocr_carea' id='block_1_81' title="bbox 2139 2041 3718 2111">
    <p class='ocr_par' dir='ltr' id='par_1_81' title="bbox 2139 2041 3718 2111">
     <span class='ocr_line' id='line_1_81' title="bbox 2139 2041 3718 2111; baseline 0.001 -15"><span class='ocrx_word' id='word_1_670' title='bbox 2139 2058 2244 2096; x_wconf 89' lang='lat' dir='ltr'><strong>non</strong></span> <span class='ocrx_word' id='word_1_671' title='bbox 2273 2049 2355 2097; x_wconf 86' lang='lat' dir='ltr'><strong>est</strong></span> <span class='ocrx_word' id='word_1_672' title='bbox 2381 2041 2545 2096; x_wconf 91' lang='lat' dir='ltr'><strong>fatum</strong></span> <span class='ocrx_word' id='word_1_673' title='bbox 2572 2083 2586 2104; x_wconf 91' lang='lat'><strong>,</strong></span> <span class='ocrx_word' id='word_1_674' title='bbox 2618 2042 2956 2111; x_wconf 87' lang='lat' dir='ltr'><strong>quantumvis</strong></span> <span class='ocrx_word' id='word_1_675' title='bbox 3000 2041 3100 2111; x_wconf 87' lang='lat' dir='ltr'><strong>ipsi</strong></span> <span class='ocrx_word' id='word_1_676' title='bbox 3150 2042 3493 2099; x_wconf 88' lang='lat' dir='ltr'><strong>contendant.</strong></span> <span class='ocrx_word' id='word_1_677' title='bbox 3532 2043 3718 2098; x_wconf 77' lang='lat' dir='ltr'><strong>Verum</strong></span> 
     </span>
    </p>
   </div>
   <div class='ocr_carea' id='block_1_82' title="bbox 2139 2131 3718 2202">
    <p class='ocr_par' dir='ltr' id='par_1_82' title="bbox 2139 2131 3718 2202">
     <span class='ocr_line' id='line_1_82' title="bbox 2139 2131 3718 2202; baseline 0.001 -16"><span class='ocrx_word' id='word_1_678' title='bbox 2139 2132 2301 2202; x_wconf 87' lang='lat' dir='ltr'><strong>pudet</strong></span> <span class='ocrx_word' id='word_1_679' title='bbox 2327 2147 2413 2186; x_wconf 90' lang='lat' dir='ltr'><strong>me</strong></span> <span class='ocrx_word' id='word_1_680' title='bbox 2455 2131 2792 2186; x_wconf 88' lang='lat' dir='ltr'><strong>Christianos</strong></span> <span class='ocrx_word' id='word_1_681' title='bbox 2820 2132 3017 2187; x_wconf 87' lang='lat' dir='ltr'><strong>docere</strong></span> <span class='ocrx_word' id='word_1_682' title='bbox 3067 2133 3538 2188; x_wconf 85' lang='lat' dir='ltr'><strong>resurrectionem.</strong></span> <span class='ocrx_word' id='word_1_683' title='bbox 3588 2133 3718 2188; x_wconf 84' lang='lat' dir='ltr'><strong>Nam</strong></span> 
     </span>
    </p>
   </div>
   <div class='ocr_carea' id='block_1_83' title="bbox 2139 2224 3720 2295">
    <p class='ocr_par' dir='ltr' id='par_1_83' title="bbox 2139 2224 3720 2295">
     <span class='ocr_line' id='line_1_83' title="bbox 2139 2224 3720 2295; baseline -0.001 -17"><span class='ocrx_word' id='word_1_684' title='bbox 2139 2225 2227 2295; x_wconf 87' lang='lat' dir='ltr'><strong>qui</strong></span> <span class='ocrx_word' id='word_1_685' title='bbox 2256 2224 2526 2279; x_wconf 88' lang='lat' dir='ltr'><strong>docendus</strong></span> <span class='ocrx_word' id='word_1_686' title='bbox 2554 2233 2638 2279; x_wconf 90' lang='lat' dir='ltr'><strong>est</strong></span> <span class='ocrx_word' id='word_1_687' title='bbox 2684 2239 2804 2280; x_wconf 89' lang='lat' dir='ltr'><strong>esse</strong></span> <span class='ocrx_word' id='word_1_688' title='bbox 2843 2225 3325 2291; x_wconf 87' lang='lat' dir='ltr'><strong>resurrectionem,</strong></span> <span class='ocrx_word' id='word_1_689' title='bbox 3360 2240 3460 2280; x_wconf 88' lang='lat' dir='ltr'><strong>nec</strong></span> <span class='ocrx_word' id='word_1_690' title='bbox 3504 2240 3720 2295; x_wconf 69' lang='lat' dir='ltr'><strong>persua-</strong></span> 
     </span>
    </p>
   </div>
   <div class='ocr_carea' id='block_1_84' title="bbox 2141 2315 3721 2384">
    <p class='ocr_par' dir='ltr' id='par_1_84' title="bbox 2141 2315 3721 2384">
     <span class='ocr_line' id='line_1_84' title="bbox 2141 2315 3721 2384; baseline 0 -12"><span class='ocrx_word' id='word_1_691' title='bbox 2141 2332 2258 2372; x_wconf 88' lang='lat' dir='ltr'><strong>sum</strong></span> <span class='ocrx_word' id='word_1_692' title='bbox 2287 2315 2446 2371; x_wconf 88' lang='lat' dir='ltr'><strong>habet</strong></span> <span class='ocrx_word' id='word_1_693' title='bbox 2471 2315 2669 2369; x_wconf 83' lang='lat' dir='ltr'><strong>nullam</strong></span> <span class='ocrx_word' id='word_1_694' title='bbox 2691 2331 2811 2371; x_wconf 72' lang='lat' dir='ltr'><strong>esse</strong></span> <span class='ocrx_word' id='word_1_695' title='bbox 2834 2317 3202 2372; x_wconf 88' lang='lat' dir='ltr'><strong>necessitatem</strong></span> <span class='ocrx_word' id='word_1_696' title='bbox 3231 2358 3245 2384; x_wconf 95' lang='lat'><strong>,</strong></span> <span class='ocrx_word' id='word_1_697' title='bbox 3274 2331 3372 2372; x_wconf 89' lang='lat' dir='ltr'><strong>nec</strong></span> <span class='ocrx_word' id='word_1_698' title='bbox 3397 2331 3485 2372; x_wconf 89' lang='lat' dir='ltr'><strong>res</strong></span> <span class='ocrx_word' id='word_1_699' title='bbox 3512 2333 3638 2372; x_wconf 87' lang='lat' dir='ltr'><strong>casu</strong></span> <span class='ocrx_word' id='word_1_700' title='bbox 3661 2333 3721 2372; x_wconf 92' lang='lat' dir='ltr'><strong>ac</strong></span> 
     </span>
    </p>
   </div>
   <div class='ocr_carea' id='block_1_85' title="bbox 2141 2408 3720 2477">
    <p class='ocr_par' dir='ltr' id='par_1_85' title="bbox 2141 2408 3720 2477">
     <span class='ocr_line' id='line_1_85' title="bbox 2141 2408 3720 2477; baseline -0.002 -12"><span class='ocrx_word' id='word_1_701' title='bbox 2141 2419 2343 2465; x_wconf 87' lang='lat' dir='ltr'><strong>temere</strong></span> <span class='ocrx_word' id='word_1_702' title='bbox 2387 2408 2550 2474; x_wconf 88' lang='lat' dir='ltr'><strong>ferri,</strong></span> <span class='ocrx_word' id='word_1_703' title='bbox 2600 2408 2646 2462; x_wconf 92' lang='lat' dir='ltr'><strong>is</strong></span> <span class='ocrx_word' id='word_1_704' title='bbox 2695 2418 2842 2464; x_wconf 89' lang='lat' dir='ltr'><strong>certe</strong></span> <span class='ocrx_word' id='word_1_705' title='bbox 2873 2423 2978 2463; x_wconf 91' lang='lat' dir='ltr'><strong>non</strong></span> <span class='ocrx_word' id='word_1_706' title='bbox 3027 2419 3111 2464; x_wconf 90' lang='lat' dir='ltr'><strong>est</strong></span> <span class='ocrx_word' id='word_1_707' title='bbox 3155 2408 3512 2465; x_wconf 84' lang='lat' dir='ltr'><strong>Christianus.</strong></span> <span class='ocrx_word' id='word_1_708' title='bbox 3561 2411 3720 2477; x_wconf 85' lang='lat' dir='ltr'><strong>Ideo,</strong></span> 
     </span>
    </p>
   </div>
   <div class='ocr_carea' id='block_1_86' title="bbox 2141 2499 3722 2571">
    <p class='ocr_par' dir='ltr' id='par_1_86' title="bbox 2141 2499 3722 2571">
     <span class='ocr_line' id='line_1_86' title="bbox 2141 2499 3722 2571; baseline 0 -19"><span class='ocrx_word' id='word_1_709' title='bbox 2141 2516 2322 2570; x_wconf 71' lang='lat' dir='ltr'><strong>qmeso</strong></span> <span class='ocrx_word' id='word_1_710' title='bbox 2349 2510 2404 2554; x_wconf 88' lang='lat' dir='ltr'><strong>et</strong></span> <span class='ocrx_word' id='word_1_711' title='bbox 2431 2501 2654 2554; x_wconf 89' lang='lat' dir='ltr'><strong>obsecro</strong></span> <span class='ocrx_word' id='word_1_712' title='bbox 2680 2540 2693 2564; x_wconf 92' lang='lat'><strong>,</strong></span> <span class='ocrx_word' id='word_1_713' title='bbox 2726 2499 2792 2554; x_wconf 89' lang='lat' dir='ltr'><strong>ab</strong></span> <span class='ocrx_word' id='word_1_714' title='bbox 2818 2499 3067 2554; x_wconf 89' lang='lat' dir='ltr'><strong>omnibus</strong></span> <span class='ocrx_word' id='word_1_715' title='bbox 3100 2513 3197 2553; x_wconf 86' lang='lat' dir='ltr'><strong>nos</strong></span> <span class='ocrx_word' id='word_1_716' title='bbox 3222 2501 3374 2554; x_wconf 91' lang='lat' dir='ltr'><strong>malis</strong></span> <span class='ocrx_word' id='word_1_717' title='bbox 3402 2516 3682 2571; x_wconf 83' lang='lat' dir='ltr'><strong>purgemus</strong></span> <span class='ocrx_word' id='word_1_718' title='bbox 3701 2541 3722 2567; x_wconf 85' lang='lat'><strong>,</strong></span> 
     </span>
    </p>
   </div>
   <div class='ocr_carea' id='block_1_87' title="bbox 2142 2593 3725 2662">
    <p class='ocr_par' dir='ltr' id='par_1_87' title="bbox 2142 2593 3725 2662">
     <span class='ocr_line' id='line_1_87' title="bbox 2142 2593 3725 2662; baseline 0 -16"><span class='ocrx_word' id='word_1_719' title='bbox 2142 2593 2380 2662; x_wconf 88' lang='lat' dir='ltr'><strong>nihilque</strong></span> <span class='ocrx_word' id='word_1_720' title='bbox 2413 2608 2516 2646; x_wconf 91' lang='lat' dir='ltr'><strong>non</strong></span> <span class='ocrx_word' id='word_1_721' title='bbox 2546 2606 2766 2660; x_wconf 81' lang='lat' dir='ltr'><strong>agamus</strong></span> <span class='ocrx_word' id='word_1_722' title='bbox 2803 2599 2861 2645; x_wconf 83' lang='lat' dir='ltr'><strong>ut</strong></span> <span class='ocrx_word' id='word_1_723' title='bbox 2887 2607 3280 2660; x_wconf 86' lang='lat' dir='ltr'><strong>consequamur</strong></span> <span class='ocrx_word' id='word_1_724' title='bbox 3305 2593 3515 2648; x_wconf 83' lang='lat' dir='ltr'><strong>veniam</strong></span> <span class='ocrx_word' id='word_1_725' title='bbox 3559 2607 3725 2648; x_wconf 66' lang='grc' dir='ltr'>ωειδ-</span> 
     </span>
    </p>
   </div>
   <div class='ocr_carea' id='block_1_88' title="bbox 2142 2680 3720 2753">
    <p class='ocr_par' dir='ltr' id='par_1_88' title="bbox 2142 2680 3720 2753">
     <span class='ocr_line' id='line_1_88' title="bbox 2142 2680 3720 2753; baseline -0.001 -17"><span class='ocrx_word' id='word_1_726' title='bbox 2142 2685 2512 2752; x_wconf 87' lang='lat' dir='ltr'><strong>sationemque</strong></span> <span class='ocrx_word' id='word_1_727' title='bbox 2557 2683 2609 2736; x_wconf 92' lang='lat' dir='ltr'><strong>in</strong></span> <span class='ocrx_word' id='word_1_728' title='bbox 2642 2682 2736 2735; x_wconf 90' lang='lat' dir='ltr'><strong>illo</strong></span> <span class='ocrx_word' id='word_1_729' title='bbox 2763 2681 2871 2736; x_wconf 87' lang='lat' dir='ltr'><strong>die.</strong></span> <span class='ocrx_word' id='word_1_730' title='bbox 2915 2681 3020 2736; x_wconf 87' lang='lat' dir='ltr'><strong>Sed</strong></span> <span class='ocrx_word' id='word_1_731' title='bbox 3069 2680 3204 2736; x_wconf 90' lang='lat' dir='ltr'><strong>forte</strong></span> <span class='ocrx_word' id='word_1_732' title='bbox 3231 2683 3375 2738; x_wconf 88' lang='lat' dir='ltr'><strong>dicet</strong></span> <span class='ocrx_word' id='word_1_733' title='bbox 3414 2683 3673 2753; x_wconf 87' lang='lat' dir='ltr'><strong>quispiam</strong></span> <span class='ocrx_word' id='word_1_734' title='bbox 3709 2702 3720 2735; x_wconf 93' lang='lat'><strong>:</strong></span> 
     </span>
    </p>
   </div>
   <div class='ocr_carea' id='block_1_89' title="bbox 2139 2772 3724 2843">
    <p class='ocr_par' dir='ltr' id='par_1_89' title="bbox 2139 2772 3724 2843">
     <span class='ocr_line' id='line_1_89' title="bbox 2139 2772 3724 2843; baseline 0.003 -20"><span class='ocrx_word' id='word_1_735' title='bbox 2139 2773 2489 2843; x_wconf 80' lang='lat' dir='ltr'><strong>Quandonam</strong></span> <span class='ocrx_word' id='word_1_736' title='bbox 2531 2774 2946 2840; x_wconf 84' lang='lat' dir='ltr'><strong>consummatio,</strong></span> <span class='ocrx_word' id='word_1_737' title='bbox 2991 2772 3205 2841; x_wconf 89' lang='lat' dir='ltr'><strong>quando</strong></span> <span class='ocrx_word' id='word_1_738' title='bbox 3230 2773 3549 2828; x_wconf 85' lang='lat' dir='ltr'><strong>resurrectio</strong></span> <span class='ocrx_word' id='word_1_739' title='bbox 3579 2776 3724 2828; x_wconf 76' lang='lat' dir='ltr'><strong>erit?</strong></span> 
     </span>
    </p>
   </div>
   <div class='ocr_carea' id='block_1_90' title="bbox 2141 2861 3724 2935">
    <p class='ocr_par' dir='ltr' id='par_1_90' title="bbox 2141 2861 3724 2935">
     <span class='ocr_line' id='line_1_90' title="bbox 2141 2861 3724 2935; baseline 0 -18"><span class='ocrx_word' id='word_1_740' title='bbox 2141 2874 2395 2934; x_wconf 86' lang='lat' dir='ltr'><strong>quantum</strong></span> <span class='ocrx_word' id='word_1_741' title='bbox 2425 2863 2683 2932; x_wconf 87' lang='lat' dir='ltr'><strong>temporis</strong></span> <span class='ocrx_word' id='word_1_742' title='bbox 2707 2861 2913 2917; x_wconf 76' lang='lat' dir='ltr'><strong>efﬂuxit</strong></span> <span class='ocrx_word' id='word_1_743' title='bbox 2933 2903 2947 2930; x_wconf 91' lang='lat'><strong>,</strong></span> <span class='ocrx_word' id='word_1_744' title='bbox 2985 2872 3041 2918; x_wconf 86' lang='lat' dir='ltr'><strong>et</strong></span> <span class='ocrx_word' id='word_1_745' title='bbox 3083 2862 3216 2917; x_wconf 87' lang='lat' dir='ltr'><strong>nihil</strong></span> <span class='ocrx_word' id='word_1_746' title='bbox 3242 2862 3430 2918; x_wconf 85' lang='lat' dir='ltr'><strong>borum</strong></span> <span class='ocrx_word' id='word_1_747' title='bbox 3457 2864 3724 2935; x_wconf 82' lang='lat' dir='ltr'><strong>contigit?</strong></span> 
     </span>
    </p>
   </div>
   <div class='ocr_carea' id='block_1_91' title="bbox 2147 2950 3720 3018">
    <p class='ocr_par' dir='ltr' id='par_1_91' title="bbox 2147 2950 3720 3018">
     <span class='ocr_line' id='line_1_91' title="bbox 2147 2950 3720 3018; baseline -0.001 -10"><span class='ocrx_word' id='word_1_748' title='bbox 2147 2952 2252 3008; x_wconf 85' lang='lat' dir='ltr'><strong>Sed</strong></span> <span class='ocrx_word' id='word_1_749' title='bbox 2277 2953 2402 3015; x_wconf 88' lang='lat' dir='ltr'><strong>erit,</strong></span> <span class='ocrx_word' id='word_1_750' title='bbox 2436 2951 2668 3007; x_wconf 82' lang='lat' dir='ltr'><strong>credite.</strong></span> <span class='ocrx_word' id='word_1_751' title='bbox 2694 2950 2825 3006; x_wconf 84' lang='lat' dir='ltr'><strong>Nam</strong></span> <span class='ocrx_word' id='word_1_752' title='bbox 2857 2960 2982 3007; x_wconf 89' lang='lat' dir='ltr'><strong>ante</strong></span> <span class='ocrx_word' id='word_1_753' title='bbox 3005 2951 3264 3007; x_wconf 83' lang='lat' dir='ltr'><strong>diluvium</strong></span> <span class='ocrx_word' id='word_1_754' title='bbox 3305 2953 3406 3008; x_wconf 87' lang='lat' dir='ltr'><strong>hoc</strong></span> <span class='ocrx_word' id='word_1_755' title='bbox 3443 2953 3720 3018; x_wconf 85' lang='lat' dir='ltr'><strong>dicebant,</strong></span> 
     </span>
    </p>
   </div>
   <div class='ocr_carea' id='block_1_92' title="bbox 2140 3044 3721 3111">
    <p class='ocr_par' dir='ltr' id='par_1_92' title="bbox 2140 3044 3721 3111">
     <span class='ocr_line' id='line_1_92' title="bbox 2140 3044 3721 3111; baseline -0.001 -10"><span class='ocrx_word' id='word_1_756' title='bbox 2140 3057 2196 3102; x_wconf 89' lang='lat' dir='ltr'><strong>et</strong></span> <span class='ocrx_word' id='word_1_757' title='bbox 2222 3045 2535 3102; x_wconf 90' lang='lat' dir='ltr'><strong>deridebant</strong></span> <span class='ocrx_word' id='word_1_758' title='bbox 2562 3044 2711 3101; x_wconf 80' lang='lat' dir='ltr'><strong>Noe:</strong></span> <span class='ocrx_word' id='word_1_759' title='bbox 2759 3045 2853 3100; x_wconf 89' lang='lat' dir='ltr'><strong>sed</strong></span> <span class='ocrx_word' id='word_1_760' title='bbox 2881 3046 3024 3100; x_wconf 90' lang='lat' dir='ltr'><strong>venit</strong></span> <span class='ocrx_word' id='word_1_761' title='bbox 3051 3045 3345 3111; x_wconf 86' lang='lat' dir='ltr'><strong>diluvium,</strong></span> <span class='ocrx_word' id='word_1_762' title='bbox 3377 3054 3432 3099; x_wconf 90' lang='lat' dir='ltr'><strong>et</strong></span> <span class='ocrx_word' id='word_1_763' title='bbox 3473 3044 3570 3100; x_wconf 84' lang='lat' dir='ltr'><strong>hos</strong></span> <span class='ocrx_word' id='word_1_764' title='bbox 3596 3060 3721 3100; x_wconf 89' lang='lat' dir='ltr'><strong>om-</strong></span> 
     </span>
    </p>
   </div>
   <div class='ocr_carea' id='block_1_93' title="bbox 2143 3134 3714 3202">
    <p class='ocr_par' dir='ltr' id='par_1_93' title="bbox 2143 3134 3714 3202">
     <span class='ocr_line' id='line_1_93' title="bbox 2143 3134 3714 3202; baseline -0.002 -10"><span class='ocrx_word' id='word_1_765' title='bbox 2143 3153 2238 3193; x_wconf 88' lang='lat' dir='ltr'><strong>nes</strong></span> <span class='ocrx_word' id='word_1_766' title='bbox 2269 3152 2374 3192; x_wconf 91' lang='lat' dir='ltr'><strong>non</strong></span> <span class='ocrx_word' id='word_1_767' title='bbox 2401 3136 2682 3192; x_wconf 89' lang='lat' dir='ltr'><strong>credentes</strong></span> <span class='ocrx_word' id='word_1_768' title='bbox 2702 3135 3008 3202; x_wconf 88' lang='lat' dir='ltr'><strong>absorbuit,</strong></span> <span class='ocrx_word' id='word_1_769' title='bbox 3039 3135 3126 3190; x_wconf 92' lang='lat' dir='ltr'><strong>ille</strong></span> <span class='ocrx_word' id='word_1_770' title='bbox 3165 3135 3310 3189; x_wconf 90' lang='lat' dir='ltr'><strong>solus</strong></span> <span class='ocrx_word' id='word_1_771' title='bbox 3339 3134 3564 3190; x_wconf 88' lang='lat' dir='ltr'><strong>credens</strong></span> <span class='ocrx_word' id='word_1_772' title='bbox 3594 3150 3714 3190; x_wconf 84' lang='lat' dir='ltr'><strong>scr-</strong></span> 
     </span>
    </p>
   </div>
   <div class='ocr_carea' id='block_1_94' title="bbox 2144 3224 3722 3296">
    <p class='ocr_par' dir='ltr' id='par_1_94' title="bbox 2144 3224 3722 3296">
     <span class='ocr_line' id='line_1_94' title="bbox 2144 3224 3722 3296; baseline -0.002 -14"><span class='ocrx_word' id='word_1_773' title='bbox 2144 3237 2296 3282; x_wconf 88' lang='lat' dir='ltr'><strong>vatus</strong></span> <span class='ocrx_word' id='word_1_774' title='bbox 2316 3235 2416 3282; x_wconf 90' lang='lat' dir='ltr'><strong>est.</strong></span> <span class='ocrx_word' id='word_1_775' title='bbox 2451 3227 2516 3281; x_wconf 83' lang='lat' dir='ltr'><strong>Et</strong></span> <span class='ocrx_word' id='word_1_776' title='bbox 2548 3235 2789 3296; x_wconf 88' lang='lat' dir='ltr'><strong>tempore</strong></span> <span class='ocrx_word' id='word_1_777' title='bbox 2815 3227 2930 3281; x_wconf 90' lang='lat' dir='ltr'><strong>Loti</strong></span> <span class='ocrx_word' id='word_1_778' title='bbox 2973 3225 3225 3281; x_wconf 88' lang='lat' dir='ltr'><strong>divinitus</strong></span> <span class='ocrx_word' id='word_1_779' title='bbox 3257 3224 3547 3280; x_wconf 88' lang='lat' dir='ltr'><strong>immissam</strong></span> <span class='ocrx_word' id='word_1_780' title='bbox 3579 3225 3722 3280; x_wconf 88' lang='lat' dir='ltr'><strong>illam</strong></span> 
     </span>
    </p>
   </div>
   <div class='ocr_carea' id='block_1_95' title="bbox 2151 3315 3720 3390">
    <p class='ocr_par' dir='ltr' id='par_1_95' title="bbox 2151 3315 3720 3390">
     <span class='ocr_line' id='line_1_95' title="bbox 2151 3315 3720 3390; baseline -0.002 -19"><span class='ocrx_word' id='word_1_781' title='bbox 2151 3319 2360 3389; x_wconf 86' lang='lat' dir='ltr'><strong>plagam</strong></span> <span class='ocrx_word' id='word_1_782' title='bbox 2387 3332 2495 3372; x_wconf 90' lang='lat' dir='ltr'><strong>non</strong></span> <span class='ocrx_word' id='word_1_783' title='bbox 2543 3317 2960 3387; x_wconf 79' lang='lat' dir='ltr'><strong>exspectabant,</strong></span> <span class='ocrx_word' id='word_1_784' title='bbox 3001 3315 3170 3390; x_wconf 86' lang='lat' dir='ltr'><strong>donec</strong></span> <span class='ocrx_word' id='word_1_785' title='bbox 3217 3316 3367 3386; x_wconf 88' lang='lat' dir='ltr'><strong>ignes</strong></span> <span class='ocrx_word' id='word_1_786' title='bbox 3393 3325 3448 3371; x_wconf 90' lang='lat' dir='ltr'><strong>et</strong></span> <span class='ocrx_word' id='word_1_787' title='bbox 3487 3316 3720 3371; x_wconf 77' lang='lat' dir='ltr'><strong>immissa</strong></span> 
     </span>
    </p>
   </div>
   <div class='ocr_carea' id='block_1_96' title="bbox 2143 3407 3723 3493">
    <p class='ocr_par' dir='ltr' id='par_1_96' title="bbox 2143 3407 3723 3493">
     <span class='ocr_line' id='line_1_96' title="bbox 2143 3407 3723 3493; baseline -0.003 -28"><span class='ocrx_word' id='word_1_788' title='bbox 2143 3412 2364 3466; x_wconf 88' lang='lat' dir='ltr'><strong>fulmina</strong></span> <span class='ocrx_word' id='word_1_789' title='bbox 2391 3424 2581 3465; x_wconf 87' lang='lat' dir='ltr'><strong>omnes</strong></span> <span class='ocrx_word' id='word_1_790' title='bbox 2627 3416 3093 3478; x_wconf 89' lang='lat' dir='ltr'><strong>consumpserunt.</strong></span> <span class='ocrx_word' id='word_1_791' title='bbox 3127 3407 3309 3478; x_wconf 84' lang='lat' dir='ltr'><strong>Neque</strong></span> <span class='ocrx_word' id='word_1_792' title='bbox 3345 3417 3469 3463; x_wconf 91' lang='lat' dir='ltr'><strong>tunc</strong></span> <span class='ocrx_word' id='word_1_793' title='bbox 3511 3417 3686 3463; x_wconf 87' lang='lat' dir='ltr'><strong>autem</strong></span> <span class='ocrx_word' id='word_1_794' title='bbox 3701 3449 3723 3493; x_wconf 21' lang='grc' dir='ltr'><strong>,γ</strong></span> 
     </span>
    </p>
   </div>
   <div class='ocr_carea' id='block_1_97' title="bbox 2147 3497 3726 3572">
    <p class='ocr_par' dir='ltr' id='par_1_97' title="bbox 2147 3497 3726 3572">
     <span class='ocr_line' id='line_1_97' title="bbox 2147 3497 3726 3572; baseline -0.003 -15"><span class='ocrx_word' id='word_1_795' title='bbox 2147 3517 2320 3572; x_wconf 89' lang='lat' dir='ltr'><strong>neque</strong></span> <span class='ocrx_word' id='word_1_796' title='bbox 2346 3510 2588 3570; x_wconf 84' lang='lat' dir='ltr'><strong>tempore</strong></span> <span class='ocrx_word' id='word_1_797' title='bbox 2612 3499 2725 3556; x_wconf 85' lang='lat' dir='ltr'><strong>Noe</strong></span> <span class='ocrx_word' id='word_1_798' title='bbox 2752 3499 2845 3554; x_wconf 87' lang='lat' dir='ltr'><strong>fuit</strong></span> <span class='ocrx_word' id='word_1_799' title='bbox 2868 3499 3060 3568; x_wconf 85' lang='lat' dir='ltr'><strong>aliquis</strong></span> <span class='ocrx_word' id='word_1_800' title='bbox 3086 3497 3384 3553; x_wconf 88' lang='lat' dir='ltr'><strong>futurorum</strong></span> <span class='ocrx_word' id='word_1_801' title='bbox 3408 3498 3564 3554; x_wconf 79' lang='lat' dir='ltr'><strong>index</strong></span> <span class='ocrx_word' id='word_1_802' title='bbox 3591 3515 3726 3568; x_wconf 77' lang='lat' dir='ltr'><strong>pne-</strong></span> 
     </span>
    </p>
   </div>
   <div class='ocr_carea' id='block_1_98' title="bbox 2144 3587 3725 3658">
    <p class='ocr_par' dir='ltr' id='par_1_98' title="bbox 2144 3587 3725 3658">
     <span class='ocr_line' id='line_1_98' title="bbox 2144 3587 3725 3658; baseline -0.003 -11"><span class='ocrx_word' id='word_1_803' title='bbox 2144 3595 2294 3658; x_wconf 85' lang='lat' dir='ltr'><strong>vius;</strong></span> <span class='ocrx_word' id='word_1_804' title='bbox 2326 3591 2419 3647; x_wconf 87' lang='lat' dir='ltr'><strong>sed</strong></span> <span class='ocrx_word' id='word_1_805' title='bbox 2448 3591 2693 3646; x_wconf 88' lang='lat' dir='ltr'><strong>omnibus</strong></span> <span class='ocrx_word' id='word_1_806' title='bbox 2731 3589 3153 3653; x_wconf 84' lang='lat' dir='ltr'><strong>convivantibus,</strong></span> <span class='ocrx_word' id='word_1_807' title='bbox 3176 3588 3421 3643; x_wconf 89' lang='lat' dir='ltr'><strong>ebrietati</strong></span> <span class='ocrx_word' id='word_1_808' title='bbox 3452 3587 3725 3658; x_wconf 84' lang='lat' dir='ltr'><strong>indulgen-</strong></span> 
     </span>
    </p>
   </div>
   <div class='ocr_carea' id='block_1_99' title="bbox 2147 3677 3727 3750">
    <p class='ocr_par' dir='ltr' id='par_1_99' title="bbox 2147 3677 3727 3750">
     <span class='ocr_line' id='line_1_99' title="bbox 2147 3677 3727 3750; baseline -0.004 -13"><span class='ocrx_word' id='word_1_809' title='bbox 2147 3685 2306 3750; x_wconf 88' lang='lat' dir='ltr'><strong>tibus,</strong></span> <span class='ocrx_word' id='word_1_810' title='bbox 2329 3680 2682 3736; x_wconf 88' lang='lat' dir='ltr'><strong>intolerabilia</strong></span> <span class='ocrx_word' id='word_1_811' title='bbox 2712 3679 2804 3733; x_wconf 90' lang='lat' dir='ltr'><strong>illa</strong></span> <span class='ocrx_word' id='word_1_812' title='bbox 2823 3679 2960 3732; x_wconf 89' lang='lat' dir='ltr'><strong>mala</strong></span> <span class='ocrx_word' id='word_1_813' title='bbox 2992 3679 3285 3734; x_wconf 88' lang='lat' dir='ltr'><strong>irruerunt.</strong></span> <span class='ocrx_word' id='word_1_814' title='bbox 3315 3677 3404 3732; x_wconf 89' lang='lat' dir='ltr'><strong>Sic</strong></span> <span class='ocrx_word' id='word_1_815' title='bbox 3426 3679 3527 3732; x_wconf 89' lang='lat' dir='ltr'><strong>erit</strong></span> <span class='ocrx_word' id='word_1_816' title='bbox 3551 3692 3727 3732; x_wconf 88' lang='lat' dir='ltr'><strong>resur-</strong></span> 
     </span>
    </p>
   </div>
   <div class='ocr_carea' id='block_1_100' title="bbox 2144 3768 3728 3840">
    <p class='ocr_par' dir='ltr' id='par_1_100' title="bbox 2144 3768 3728 3840">
     <span class='ocr_line' id='line_1_100' title="bbox 2144 3768 3728 3840; baseline -0.004 -12"><span class='ocrx_word' id='word_1_817' title='bbox 2144 3776 2314 3828; x_wconf 88' lang='lat' dir='ltr'><strong>rectio</strong></span> <span class='ocrx_word' id='word_1_818' title='bbox 2359 3793 2372 3828; x_wconf 91' lang='lat'><strong>:</strong></span> <span class='ocrx_word' id='word_1_819' title='bbox 2428 3772 2557 3826; x_wconf 87' lang='lat' dir='ltr'><strong>nihil</strong></span> <span class='ocrx_word' id='word_1_820' title='bbox 2610 3786 2727 3826; x_wconf 89' lang='lat' dir='ltr'><strong>eam</strong></span> <span class='ocrx_word' id='word_1_821' title='bbox 2785 3769 3201 3840; x_wconf 65' lang='lat' dir='ltr'><strong>praenuntiabit,</strong></span> <span class='ocrx_word' id='word_1_822' title='bbox 3267 3768 3361 3824; x_wconf 74' lang='lat' dir='ltr'><strong>sed</strong></span> <span class='ocrx_word' id='word_1_823' title='bbox 3427 3769 3728 3823; x_wconf 88' lang='lat' dir='ltr'><strong>hominibus</strong></span> 
     </span>
    </p>
   </div>
   <div class='ocr_carea' id='block_1_101' title="bbox 2148 3859 3730 3931">
    <p class='ocr_par' dir='ltr' id='par_1_101' title="bbox 2148 3859 3730 3931">
     <span class='ocr_line' id='line_1_101' title="bbox 2148 3859 3730 3931; baseline -0.004 -12"><span class='ocrx_word' id='word_1_824' title='bbox 2148 3865 2451 3919; x_wconf 67' lang='lat' dir='ltr'><strong>iactantibus</strong></span> <span class='ocrx_word' id='word_1_825' title='bbox 2491 3871 2546 3918; x_wconf 87' lang='lat' dir='ltr'><strong>et</strong></span> <span class='ocrx_word' id='word_1_826' title='bbox 2572 3862 2733 3916; x_wconf 88' lang='lat' dir='ltr'><strong>rebus</strong></span> <span class='ocrx_word' id='word_1_827' title='bbox 2766 3859 3071 3931; x_wconf 86' lang='lat' dir='ltr'><strong>prosperis,</strong></span> <span class='ocrx_word' id='word_1_828' title='bbox 3100 3861 3460 3929; x_wconf 85' lang='lat' dir='ltr'><strong>superveniet.</strong></span> <span class='ocrx_word' id='word_1_829' title='bbox 3509 3859 3630 3913; x_wconf 81' lang='lat' dir='ltr'><strong>Ideo</strong></span> <span class='ocrx_word' id='word_1_830' title='bbox 3657 3861 3730 3912; x_wconf 86' lang='lat' dir='ltr'><strong>ait</strong></span> 
     </span>
    </p>
   </div>
   <div class='ocr_carea' id='block_1_102' title="bbox 2150 3952 3730 4022">
    <p class='ocr_par' dir='ltr' id='par_1_102' title="bbox 2150 3952 3730 4022">
     <span class='ocr_line' id='line_1_102' title="bbox 2150 3952 3730 4022; baseline -0.003 -12"><span class='ocrx_word' id='word_1_831' title='bbox 2150 3956 2346 4012; x_wconf 85' lang='lat' dir='ltr'><strong>Paulus</strong></span> <span class='ocrx_word' id='word_1_832' title='bbox 2375 3973 2388 4008; x_wconf 93' lang='lat'><strong>:</strong></span> <span class='ocrx_word' id='word_1_833' title='bbox 2418 3954 2544 4009; x_wconf 88' lang='lat' dir='ltr'><strong>Cum</strong></span> <span class='ocrx_word' id='word_1_834' title='bbox 2569 3954 2702 4006; x_wconf 86' lang='lat' dir='ltr'><strong>enim</strong></span> <span class='ocrx_word' id='word_1_835' title='bbox 2727 3953 2894 4006; x_wconf 85' lang='lat' dir='ltr'><strong>dicent</strong></span> <span class='ocrx_word' id='word_1_836' title='bbox 2932 3967 3108 4022; x_wconf 83' lang='lat' dir='ltr'><strong>pacem</strong></span> <span class='ocrx_word' id='word_1_837' title='bbox 3147 3962 3192 4004; x_wconf 87' lang='lat' dir='ltr'><strong>et</strong></span> <span class='ocrx_word' id='word_1_838' title='bbox 3231 3952 3577 4015; x_wconf 87' lang='lat' dir='ltr'><strong>securitatem,</strong></span> <span class='ocrx_word' id='word_1_839' title='bbox 3613 3960 3730 4005; x_wconf 87' lang='lat' dir='ltr'><strong>tunc</strong></span> 
     </span>
    </p>
   </div>
   <div class='ocr_carea' id='block_1_103' title="bbox 2146 4026 3730 4116">
    <p class='ocr_par' dir='ltr' id='par_1_103' title="bbox 2146 4026 3730 4116">
     <span class='ocr_line' id='line_1_103' title="bbox 2146 4026 3730 4116; baseline -0.003 -16"><span class='ocrx_word' id='word_1_840' title='bbox 2146 4046 2438 4116; x_wconf 87' lang='lat' dir='ltr'><strong>repentinus</strong></span> <span class='ocrx_word' id='word_1_841' title='bbox 2464 4045 2590 4114; x_wconf 83' lang='lat' dir='ltr'><strong>ipsis</strong></span> <span class='ocrx_word' id='word_1_842' title='bbox 2617 4045 2925 4114; x_wconf 81' lang='lat' dir='ltr'><strong>superueniet</strong></span> <span class='ocrx_word' id='word_1_843' title='bbox 2952 4026 3187 4096; x_wconf 81' lang='lat' dir='ltr'><strong>interitus</strong></span> <span class='ocrx_word' id='word_1_844' title='bbox 3215 4058 3233 4094; x_wconf 88' lang='lat'><strong>:</strong></span> <span class='ocrx_word' id='word_1_845' title='bbox 3262 4043 3391 4096; x_wconf 86' lang='lat' dir='ltr'><strong>sicut</strong></span> <span class='ocrx_word' id='word_1_846' title='bbox 3414 4053 3461 4094; x_wconf 91' lang='lat' dir='ltr'><strong>et</strong></span> <span class='ocrx_word' id='word_1_847' title='bbox 3505 4043 3650 4095; x_wconf 81' lang='lat' dir='ltr'><strong>dolor</strong></span> <span class='ocrx_word' id='word_1_848' title='bbox 3679 4044 3730 4095; x_wconf 90' lang='lat' dir='ltr'><strong>in</strong></span> 
     </span>
    </p>
   </div>
   <div class='ocr_carea' id='block_1_104' title="bbox 2149 4131 3729 4205">
    <p class='ocr_par' dir='ltr' id='par_1_104' title="bbox 2149 4131 3729 4205">
     <span class='ocr_line' id='line_1_104' title="bbox 2149 4131 3729 4205; baseline -0.004 -12"><span class='ocrx_word' id='word_1_849' title='bbox 2149 4149 2288 4193; x_wconf 90' lang='lat' dir='ltr'><strong>utero</strong></span> <span class='ocrx_word' id='word_1_850' title='bbox 2317 4137 2554 4202; x_wconf 87' lang='lat' dir='ltr'><strong>habenti,</strong></span> <span class='ocrx_word' id='word_1_851' title='bbox 2590 4147 2635 4190; x_wconf 89' lang='lat' dir='ltr'><strong>et</strong></span> <span class='ocrx_word' id='word_1_852' title='bbox 2662 4153 2760 4190; x_wconf 88' lang='lat' dir='ltr'><strong>non</strong></span> <span class='ocrx_word' id='word_1_853' title='bbox 2801 4135 3038 4205; x_wconf 74' lang='lat' dir='ltr'><strong>eﬂ‘ugient</strong></span> <span class='ocrx_word' id='word_1_854' title='bbox 3074 4135 3148 4205; x_wconf 84' lang='grc' dir='ltr'><strong>(Ι.</strong></span> <span class='ocrx_word' id='word_1_855' title='bbox 3189 4131 3366 4187; x_wconf 86' lang='lat' dir='ltr'><strong>Thess.</strong></span> <span class='ocrx_word' id='word_1_856' title='bbox 3400 4134 3454 4188; x_wconf 79' lang='lat'><strong>5.</strong></span> <span class='ocrx_word' id='word_1_857' title='bbox 3487 4133 3539 4203; x_wconf 79' lang='lat'><strong>3)</strong></span> <span class='ocrx_word' id='word_1_858' title='bbox 3597 4132 3729 4186; x_wconf 82' lang='lat' dir='ltr'><strong>Illud</strong></span> 
     </span>
    </p>
   </div>
   <div class='ocr_carea' id='block_1_105' title="bbox 2147 4222 3732 4297">
    <p class='ocr_par' dir='ltr' id='par_1_105' title="bbox 2147 4222 3732 4297">
     <span class='ocr_line' id='line_1_105' title="bbox 2147 4222 3732 4297; baseline -0.007 -13"><span class='ocrx_word' id='word_1_859' title='bbox 2147 4239 2324 4284; x_wconf 90' lang='lat' dir='ltr'><strong>autem</strong></span> <span class='ocrx_word' id='word_1_860' title='bbox 2355 4228 2472 4283; x_wconf 87' lang='lat' dir='ltr'><strong>ideo</strong></span> <span class='ocrx_word' id='word_1_861' title='bbox 2501 4228 2570 4282; x_wconf 88' lang='lat' dir='ltr'><strong>ita</strong></span> <span class='ocrx_word' id='word_1_862' title='bbox 2606 4225 2838 4297; x_wconf 89' lang='lat' dir='ltr'><strong>providit</strong></span> <span class='ocrx_word' id='word_1_863' title='bbox 2863 4225 3029 4291; x_wconf 88' lang='lat' dir='ltr'><strong>Deus,</strong></span> <span class='ocrx_word' id='word_1_864' title='bbox 3058 4233 3114 4278; x_wconf 91' lang='lat' dir='ltr'><strong>ut</strong></span> <span class='ocrx_word' id='word_1_865' title='bbox 3143 4237 3353 4290; x_wconf 88' lang='lat' dir='ltr'><strong>semper</strong></span> <span class='ocrx_word' id='word_1_866' title='bbox 3378 4222 3543 4274; x_wconf 84' lang='lat' dir='ltr'><strong>simus</strong></span> <span class='ocrx_word' id='word_1_867' title='bbox 3569 4236 3732 4289; x_wconf 80' lang='lat' dir='ltr'><strong>expe-</strong></span> 
     </span>
    </p>
   </div>
   <div class='ocr_carea' id='block_1_106' title="bbox 2147 4313 3732 4383">
    <p class='ocr_par' dir='ltr' id='par_1_106' title="bbox 2147 4313 3732 4383">
     <span class='ocr_line' id='line_1_106' title="bbox 2147 4313 3732 4383; baseline -0.006 -7"><span class='ocrx_word' id='word_1_868' title='bbox 2147 4323 2240 4376; x_wconf 87' lang='lat' dir='ltr'><strong>diti</strong></span> <span class='ocrx_word' id='word_1_869' title='bbox 2272 4321 2337 4375; x_wconf 85' lang='lat' dir='ltr'><strong>ad</strong></span> <span class='ocrx_word' id='word_1_870' title='bbox 2365 4319 2658 4374; x_wconf 87' lang='lat' dir='ltr'><strong>cavendum</strong></span> <span class='ocrx_word' id='word_1_871' title='bbox 2708 4316 2896 4381; x_wconf 90' lang='lat' dir='ltr'><strong>nobis,</strong></span> <span class='ocrx_word' id='word_1_872' title='bbox 2930 4331 3028 4371; x_wconf 91' lang='lat' dir='ltr'><strong>nec</strong></span> <span class='ocrx_word' id='word_1_873' title='bbox 3071 4316 3152 4368; x_wconf 89' lang='lat' dir='ltr'><strong>vel</strong></span> <span class='ocrx_word' id='word_1_874' title='bbox 3202 4315 3254 4368; x_wconf 93' lang='lat' dir='ltr'><strong>in</strong></span> <span class='ocrx_word' id='word_1_875' title='bbox 3288 4315 3400 4383; x_wconf 91' lang='lat' dir='ltr'><strong>ipsa</strong></span> <span class='ocrx_word' id='word_1_876' title='bbox 3448 4313 3732 4366; x_wconf 83' lang='lat' dir='ltr'><strong>securitate</strong></span> 
     </span>
    </p>
   </div>
   <div class='ocr_carea' id='block_1_107' title="bbox 2152 4413 2396 4467">
    <p class='ocr_par' dir='ltr' id='par_1_107' title="bbox 2152 4413 2396 4467">
     <span class='ocr_line' id='line_1_107' title="bbox 2152 4413 2396 4467; baseline -0.012 0"><span class='ocrx_word' id='word_1_877' title='bbox 2152 4413 2396 4467; x_wconf 76' lang='lat' dir='ltr'><strong>fidamus.</strong></span> 
     </span>
    </p>
   </div>
   <div class='ocr_carea' id='block_1_108' title="bbox 2221 4493 3730 4566">
    <p class='ocr_par' dir='ltr' id='par_1_108' title="bbox 2221 4493 3730 4566">
     <span class='ocr_line' id='line_1_108' title="bbox 2221 4493 3730 4566; baseline -0.008 -10"><span class='ocrx_word' id='word_1_878' title='bbox 2221 4503 2478 4556; x_wconf 81' lang='lat' dir='ltr'><strong>Probatur</strong></span> <span class='ocrx_word' id='word_1_879' title='bbox 2509 4493 2565 4554; x_wconf 80' lang='grc' dir='ltr'>ἐι</span> <span class='ocrx_word' id='word_1_880' title='bbox 2596 4500 3007 4553; x_wconf 71' lang='lat' dir='ltr'><strong>resurrectionem</strong></span> <span class='ocrx_word' id='word_1_881' title='bbox 3045 4506 3091 4550; x_wconf 92' lang='lat' dir='ltr'><strong>et</strong></span> <span class='ocrx_word' id='word_1_882' title='bbox 3109 4495 3366 4566; x_wconf 86' lang='lat' dir='ltr'><strong>judicium</strong></span> <span class='ocrx_word' id='word_1_883' title='bbox 3392 4509 3498 4548; x_wconf 84' lang='lat' dir='ltr'><strong>esse</strong></span> <span class='ocrx_word' id='word_1_884' title='bbox 3540 4496 3730 4564; x_wconf 76' lang='lat' dir='ltr'><strong>futura.</strong></span> 
     </span>
    </p>
   </div>
   <div class='ocr_carea' id='block_1_109' title="bbox 2147 4583 3732 4662">
    <p class='ocr_par' dir='ltr' id='par_1_109' title="bbox 2147 4583 3732 4662">
     <span class='ocr_line' id='line_1_109' title="bbox 2147 4583 3732 4662; baseline -0.007 -15"><span class='ocrx_word' id='word_1_885' title='bbox 2147 4626 2218 4636; x_wconf 91' lang='lat'><strong><em>—</em></strong></span> <span class='ocrx_word' id='word_1_886' title='bbox 2237 4593 2373 4662; x_wconf 88' lang='lat' dir='ltr'><strong>Quid</strong></span> <span class='ocrx_word' id='word_1_887' title='bbox 2400 4592 2576 4647; x_wconf 87' lang='lat' dir='ltr'><strong>dicis?</strong></span> <span class='ocrx_word' id='word_1_888' title='bbox 2603 4605 2708 4645; x_wconf 91' lang='lat' dir='ltr'><strong>non</strong></span> <span class='ocrx_word' id='word_1_889' title='bbox 2738 4597 3017 4658; x_wconf 77' lang='lat' dir='ltr'><strong>exspectas</strong></span> <span class='ocrx_word' id='word_1_890' title='bbox 3042 4586 3493 4642; x_wconf 90' lang='lat' dir='ltr'><strong>resurrectionem</strong></span> <span class='ocrx_word' id='word_1_891' title='bbox 3517 4593 3572 4639; x_wconf 88' lang='lat' dir='ltr'><strong>et</strong></span> <span class='ocrx_word' id='word_1_892' title='bbox 3593 4583 3732 4653; x_wconf 91' lang='lat' dir='ltr'><strong>judi-</strong></span> 
     </span>
    </p>
   </div>
   <div class='ocr_carea' id='block_1_110' title="bbox 2149 4678 3732 4744">
    <p class='ocr_par' dir='ltr' id='par_1_110' title="bbox 2149 4678 3732 4744">
     <span class='ocr_line' id='line_1_110' title="bbox 2149 4678 3732 4744; baseline -0.009 -2"><span class='ocrx_word' id='word_1_893' title='bbox 2149 4688 2288 4742; x_wconf 90' lang='lat' dir='ltr'><strong>cium</strong></span> <span class='ocrx_word' id='word_1_894' title='bbox 2306 4689 2330 4736; x_wconf 75' lang='grc' dir='ltr'>γ</span> <span class='ocrx_word' id='word_1_895' title='bbox 2361 4685 2475 4739; x_wconf 80' lang='lat' dir='ltr'><strong>haec</strong></span> <span class='ocrx_word' id='word_1_896' title='bbox 2497 4683 2770 4738; x_wconf 73' lang='lat' dir='ltr'><strong>dmmones</strong></span> <span class='ocrx_word' id='word_1_897' title='bbox 2798 4681 3142 4744; x_wconf 88' lang='lat' dir='ltr'><strong>conﬁtentur,</strong></span> <span class='ocrx_word' id='word_1_898' title='bbox 3168 4686 3223 4732; x_wconf 92' lang='lat' dir='ltr'><strong>et</strong></span> <span class='ocrx_word' id='word_1_899' title='bbox 3263 4687 3319 4731; x_wconf 94' lang='lat' dir='ltr'><strong>tu</strong></span> <span class='ocrx_word' id='word_1_900' title='bbox 3356 4691 3460 4730; x_wconf 91' lang='lat' dir='ltr'><strong>non</strong></span> <span class='ocrx_word' id='word_1_901' title='bbox 3509 4678 3732 4730; x_wconf 79' lang='lat' dir='ltr'><strong>cantite-</strong></span> 
     </span>
    </p>
   </div>
   <div class='ocr_carea' id='block_1_111' title="bbox 2153 4772 3735 4842">
    <p class='ocr_par' dir='ltr' id='par_1_111' title="bbox 2153 4772 3735 4842">
     <span class='ocr_line' id='line_1_111' title="bbox 2153 4772 3735 4842; baseline -0.009 -11"><span class='ocrx_word' id='word_1_902' title='bbox 2153 4778 2226 4832; x_wconf 88' lang='lat' dir='ltr'><strong>ris</strong></span> <span class='ocrx_word' id='word_1_903' title='bbox 2247 4777 2312 4830; x_wconf 68' lang='grc' dir='ltr'><strong>’τ</strong></span> <span class='ocrx_word' id='word_1_904' title='bbox 2355 4773 2542 4828; x_wconf 84' lang='lat' dir='ltr'><strong>Venisti</strong></span> <span class='ocrx_word' id='word_1_905' title='bbox 2570 4775 2688 4837; x_wconf 87' lang='lat' dir='ltr'><strong>hnc,</strong></span> <span class='ocrx_word' id='word_1_906' title='bbox 2723 4772 3003 4842; x_wconf 90' lang='lat' dir='ltr'><strong>inquiunt,</strong></span> <span class='ocrx_word' id='word_1_907' title='bbox 3035 4777 3152 4822; x_wconf 88' lang='lat' dir='ltr'><strong>ante</strong></span> <span class='ocrx_word' id='word_1_908' title='bbox 3177 4777 3372 4836; x_wconf 83' lang='lat' dir='ltr'><strong>tempus</strong></span> <span class='ocrx_word' id='word_1_909' title='bbox 3393 4776 3620 4834; x_wconf 85' lang='lat' dir='ltr'><strong>torquere</strong></span> <span class='ocrx_word' id='word_1_910' title='bbox 3646 4781 3735 4817; x_wconf 79' lang='lat' dir='ltr'><strong>nes</strong></span> 
     </span>
    </p>
   </div>
   <div class='ocr_carea' id='block_1_112' title="bbox 2153 4856 3727 4938">
    <p class='ocr_par' dir='ltr' id='par_1_112' title="bbox 2153 4856 3727 4938">
     <span class='ocr_line' id='line_1_112' title="bbox 2153 4856 3727 4938; baseline -0.008 -17"><span class='ocrx_word' id='word_1_911' title='bbox 2153 4866 2363 4938; x_wconf 81' lang='lat' dir='ltr'><strong>(Matth.</strong></span> <span class='ocrx_word' id='word_1_912' title='bbox 2393 4866 2447 4920; x_wconf 90' lang='lat'><strong>8.</strong></span> <span class='ocrx_word' id='word_1_913' title='bbox 2478 4865 2591 4935; x_wconf 69' lang='lat'><strong>29).</strong></span> <span class='ocrx_word' id='word_1_914' title='bbox 2623 4866 2722 4932; x_wconf 90' lang='lat' dir='ltr'><strong>Qui</strong></span> <span class='ocrx_word' id='word_1_915' title='bbox 2763 4878 2892 4917; x_wconf 79' lang='lat' dir='ltr'><strong>vero</strong></span> <span class='ocrx_word' id='word_1_916' title='bbox 2917 4862 3206 4916; x_wconf 90' lang='lat' dir='ltr'><strong>cruciatum</strong></span> <span class='ocrx_word' id='word_1_917' title='bbox 3255 4861 3488 4913; x_wconf 86' lang='lat' dir='ltr'><strong>futurum</strong></span> <span class='ocrx_word' id='word_1_918' title='bbox 3522 4856 3727 4918; x_wconf 86' lang='lat' dir='ltr'><strong>dicunt,</strong></span> 
     </span>
    </p>
   </div>
   <div class='ocr_carea' id='block_1_113' title="bbox 2154 4946 3734 5026">
    <p class='ocr_par' dir='ltr' id='par_1_113' title="bbox 2154 4946 3734 5026">
     <span class='ocr_line' id='line_1_113' title="bbox 2154 4946 3734 5026; baseline -0.011 -12"><span class='ocrx_word' id='word_1_919' title='bbox 2154 4960 2226 5014; x_wconf 90' lang='lat' dir='ltr'><strong>illi</strong></span> <span class='ocrx_word' id='word_1_920' title='bbox 2254 4968 2310 5014; x_wconf 91' lang='lat' dir='ltr'><strong>et</strong></span> <span class='ocrx_word' id='word_1_921' title='bbox 2345 4955 2638 5026; x_wconf 87' lang='lat' dir='ltr'><strong>judicium,</strong></span> <span class='ocrx_word' id='word_1_922' title='bbox 2668 4964 2722 5010; x_wconf 89' lang='lat' dir='ltr'><strong>et</strong></span> <span class='ocrx_word' id='word_1_923' title='bbox 2747 4955 2984 5008; x_wconf 87' lang='lat' dir='ltr'><strong>rationes</strong></span> <span class='ocrx_word' id='word_1_924' title='bbox 3010 4950 3310 5007; x_wconf 86' lang='lat' dir='ltr'><strong>reddendas</strong></span> <span class='ocrx_word' id='word_1_925' title='bbox 3330 4990 3345 5016; x_wconf 94' lang='lat'><strong>,</strong></span> <span class='ocrx_word' id='word_1_926' title='bbox 3387 4957 3443 5004; x_wconf 91' lang='lat' dir='ltr'><strong>et</strong></span> <span class='ocrx_word' id='word_1_927' title='bbox 3482 4946 3734 5016; x_wconf 89' lang='lat' dir='ltr'><strong>supplicia</strong></span> 
     </span>
    </p>
   </div>
   <div class='ocr_carea' id='block_1_114' title="bbox 2153 5034 3737 5116">
    <p class='ocr_par' dir='ltr' id='par_1_114' title="bbox 2153 5034 3737 5116">
     <span class='ocr_line' id='line_1_114' title="bbox 2153 5034 3737 5116; baseline -0.011 -11"><span class='ocrx_word' id='word_1_928' title='bbox 2153 5058 2364 5105; x_wconf 92' lang='lat' dir='ltr'><strong>norunt.</strong></span> <span class='ocrx_word' id='word_1_929' title='bbox 2409 5047 2483 5102; x_wconf 82' lang='lat' dir='ltr'><strong>Ne</strong></span> <span class='ocrx_word' id='word_1_930' title='bbox 2531 5047 2708 5116; x_wconf 87' lang='lat' dir='ltr'><strong>itaque</strong></span> <span class='ocrx_word' id='word_1_931' title='bbox 2753 5046 2919 5099; x_wconf 88' lang='lat' dir='ltr'><strong>Deum</strong></span> <span class='ocrx_word' id='word_1_932' title='bbox 2965 5055 3346 5111; x_wconf 87' lang='lat' dir='ltr'><strong>provocemus,</strong></span> <span class='ocrx_word' id='word_1_933' title='bbox 3399 5039 3524 5094; x_wconf 91' lang='lat' dir='ltr'><strong>dum</strong></span> <span class='ocrx_word' id='word_1_934' title='bbox 3575 5034 3737 5091; x_wconf 84' lang='lat' dir='ltr'><strong>stulta</strong></span> 
     </span>
    </p>
   </div>
   <div class='ocr_carea' id='block_1_115' title="bbox 2153 5129 3737 5206">
    <p class='ocr_par' dir='ltr' id='par_1_115' title="bbox 2153 5129 3737 5206">
     <span class='ocr_line' id='line_1_115' title="bbox 2153 5129 3737 5206; baseline -0.009 -11"><span class='ocrx_word' id='word_1_935' title='bbox 2153 5141 2431 5206; x_wconf 85' lang='lat' dir='ltr'><strong>audemus,</strong></span> <span class='ocrx_word' id='word_1_936' title='bbox 2463 5149 2516 5193; x_wconf 88' lang='lat' dir='ltr'><strong>et</strong></span> <span class='ocrx_word' id='word_1_937' title='bbox 2543 5137 2917 5193; x_wconf 86' lang='lat' dir='ltr'><strong>resurrectioni</strong></span> <span class='ocrx_word' id='word_1_938' title='bbox 2953 5151 3060 5188; x_wconf 92' lang='lat' dir='ltr'><strong>non</strong></span> <span class='ocrx_word' id='word_1_939' title='bbox 3092 5133 3380 5188; x_wconf 88' lang='lat' dir='ltr'><strong>credimus.</strong></span> <span class='ocrx_word' id='word_1_940' title='bbox 3421 5129 3570 5185; x_wconf 91' lang='lat' dir='ltr'><strong>Sicut</strong></span> <span class='ocrx_word' id='word_1_941' title='bbox 3597 5129 3737 5183; x_wconf 89' lang='lat' dir='ltr'><strong>enim</strong></span> 
     </span>
    </p>
   </div>
   <div class='ocr_carea' id='block_1_116' title="bbox 2156 5218 3742 5298">
    <p class='ocr_par' dir='ltr' id='par_1_116' title="bbox 2156 5218 3742 5298">
     <span class='ocr_line' id='line_1_116' title="bbox 2156 5218 3742 5298; baseline -0.01 -11"><span class='ocrx_word' id='word_1_942' title='bbox 2156 5234 2208 5287; x_wconf 89' lang='lat' dir='ltr'><strong>in</strong></span> <span class='ocrx_word' id='word_1_943' title='bbox 2237 5232 2353 5286; x_wconf 87' lang='lat' dir='ltr'><strong>aliis</strong></span> <span class='ocrx_word' id='word_1_944' title='bbox 2387 5229 2537 5283; x_wconf 88' lang='lat' dir='ltr'><strong>nobis</strong></span> <span class='ocrx_word' id='word_1_945' title='bbox 2568 5228 2884 5298; x_wconf 87' lang='lat' dir='ltr'><strong>principium</strong></span> <span class='ocrx_word' id='word_1_946' title='bbox 2913 5223 3015 5279; x_wconf 86' lang='lat' dir='ltr'><strong>fuit</strong></span> <span class='ocrx_word' id='word_1_947' title='bbox 3039 5223 3284 5278; x_wconf 81' lang='lat' dir='ltr'><strong>Christus</strong></span> <span class='ocrx_word' id='word_1_948' title='bbox 3308 5261 3322 5284; x_wconf 93' lang='lat'><strong>,</strong></span> <span class='ocrx_word' id='word_1_949' title='bbox 3372 5220 3442 5273; x_wconf 82' lang='lat' dir='ltr'><strong>ita</strong></span> <span class='ocrx_word' id='word_1_950' title='bbox 3468 5227 3523 5271; x_wconf 92' lang='lat' dir='ltr'><strong>et</strong></span> <span class='ocrx_word' id='word_1_951' title='bbox 3554 5219 3604 5271; x_wconf 91' lang='lat' dir='ltr'><strong>in</strong></span> <span class='ocrx_word' id='word_1_952' title='bbox 3639 5218 3742 5271; x_wconf 87' lang='lat' dir='ltr'><strong>hoc</strong></span> 
     </span>
    </p>
   </div>
   <div class='ocr_carea' id='block_1_117' title="bbox 2156 5311 3744 5401">
    <p class='ocr_par' dir='ltr' id='par_1_117' title="bbox 2156 5311 3744 5401">
     <span class='ocr_line' id='line_1_117' title="bbox 2156 5311 3744 5401; baseline -0.014 -16"><span class='ocrx_word' id='word_1_953' title='bbox 2156 5345 2389 5401; x_wconf 80' lang='lat' dir='ltr'><strong>qquue.</strong></span> <span class='ocrx_word' id='word_1_954' title='bbox 2421 5326 2551 5381; x_wconf 83' lang='lat' dir='ltr'><strong>Nam</strong></span> <span class='ocrx_word' id='word_1_955' title='bbox 2583 5326 2702 5379; x_wconf 87' lang='lat' dir='ltr'><strong>ideo</strong></span> <span class='ocrx_word' id='word_1_956' title='bbox 2753 5321 3145 5393; x_wconf 86' lang='lat' dir='ltr'><strong>primogenitus</strong></span> <span class='ocrx_word' id='word_1_957' title='bbox 3174 5325 3508 5372; x_wconf 89' lang='lat' dir='ltr'><strong>mortuorum</strong></span> <span class='ocrx_word' id='word_1_958' title='bbox 3549 5311 3744 5365; x_wconf 85' lang='lat' dir='ltr'><strong>dicitur</strong></span> 
     </span>
    </p>
   </div>
   <div class='ocr_carea' id='block_1_118' title="bbox 2157 5401 3744 5493">
    <p class='ocr_par' dir='ltr' id='par_1_118' title="bbox 2157 5401 3744 5493">
     <span class='ocr_line' id='line_1_118' title="bbox 2157 5401 3744 5493; baseline -0.013 -18"><span class='ocrx_word' id='word_1_959' title='bbox 2157 5422 2290 5493; x_wconf 76' lang='grc' dir='ltr'><strong>((ῑοι.</strong></span> <span class='ocrx_word' id='word_1_960' title='bbox 2328 5422 2374 5474; x_wconf 87' lang='grc' dir='ltr'>ι.</span> <span class='ocrx_word' id='word_1_961' title='bbox 2406 5420 2516 5484; x_wconf 79' lang='grc'><strong>18).</strong></span> <span class='ocrx_word' id='word_1_962' title='bbox 2550 5417 2699 5483; x_wconf 81' lang='lat' dir='ltr'><strong>Quod</strong></span> <span class='ocrx_word' id='word_1_963' title='bbox 2729 5419 2772 5470; x_wconf 91' lang='lat' dir='ltr'><strong>si</strong></span> <span class='ocrx_word' id='word_1_964' title='bbox 2801 5411 3126 5470; x_wconf 88' lang='lat' dir='ltr'><strong>resurrectio</strong></span> <span class='ocrx_word' id='word_1_965' title='bbox 3149 5424 3252 5464; x_wconf 90' lang='lat' dir='ltr'><strong>non</strong></span> <span class='ocrx_word' id='word_1_966' title='bbox 3281 5414 3443 5471; x_wconf 79' lang='lat' dir='ltr'><strong>eSset,</strong></span> <span class='ocrx_word' id='word_1_967' title='bbox 3475 5401 3744 5474; x_wconf 90' lang='lat' dir='ltr'><strong>quomodo</strong></span> 
     </span>
    </p>
   </div>
   <div class='ocr_carea' id='block_1_119' title="bbox 2222 5540 3745 5606">
    <p class='ocr_par' dir='ltr' id='par_1_119' title="bbox 2222 5540 3745 5606">
     <span class='ocr_line' id='line_1_119' title="bbox 2222 5540 3745 5606; baseline -0.014 0"><span class='ocrx_word' id='word_1_968' title='bbox 2222 5559 2236 5590; x_wconf 81' lang='grc'>¹</span> <span class='ocrx_word' id='word_1_969' title='bbox 2277 5556 2348 5605; x_wconf 86' lang='lat' dir='ltr'><strong>Ita</strong></span> <span class='ocrx_word' id='word_1_970' title='bbox 2376 5552 2539 5602; x_wconf 69' lang='lat' dir='ltr'><strong>Morel.</strong></span> <span class='ocrx_word' id='word_1_971' title='bbox 2582 5551 2636 5600; x_wconf 85' lang='lat' dir='ltr'><strong>In</strong></span> <span class='ocrx_word' id='word_1_972' title='bbox 2660 5549 2799 5599; x_wconf 81' lang='lat' dir='ltr'><strong>savii.</strong></span> <span class='ocrx_word' id='word_1_973' title='bbox 2826 5555 2989 5597; x_wconf 84' lang='lat' dir='ltr'><strong>autem</strong></span> <span class='ocrx_word' id='word_1_974' title='bbox 3031 5545 3235 5606; x_wconf 85' lang='lat' dir='ltr'><strong>legitur,</strong></span> <span class='ocrx_word' id='word_1_975' title='bbox 3259 5540 3392 5592; x_wconf 79' lang='lat' dir='ltr'><strong>nulla</strong></span> <span class='ocrx_word' id='word_1_976' title='bbox 3427 5549 3590 5590; x_wconf 86' lang='lat' dir='ltr'><strong>rerum</strong></span> <span class='ocrx_word' id='word_1_977' title='bbox 3613 5545 3745 5599; x_wconf 70' lang='lat' dir='ltr'><strong>prer-</strong></span> 
     </span>
    </p>
   </div>
   <div class='ocr_carea' id='block_1_120' title="bbox 2157 5620 3102 5674">
    <p class='ocr_par' dir='ltr' id='par_1_120' title="bbox 2157 5620 3102 5674">
     <span class='ocr_line' id='line_1_120' title="bbox 2157 5620 3102 5674; baseline -0.026 -3"><span class='ocrx_word' id='word_1_978' title='bbox 2157 5620 2360 5671; x_wconf 78' lang='lat' dir='ltr'><strong>scntimn</strong></span> <span class='ocrx_word' id='word_1_979' title='bbox 2383 5627 2518 5664; x_wconf 81' lang='lat' dir='ltr'><strong>cura.</strong></span> <span class='ocrx_word' id='word_1_980' title='bbox 2984 5667 2993 5674; x_wconf 83' lang='lat'><strong>_</strong></span> <span class='ocrx_word' id='word_1_981' title='bbox 3095 5665 3102 5674; x_wconf 35' lang='grc' dir='ltr'><strong>Ι</strong></span> 
     </span>
    </p>
   </div>
   <div class='ocr_carea' id='block_1_121' title="bbox 2224 5667 3180 5737">
    <p class='ocr_par' dir='ltr' id='par_1_121' title="bbox 2224 5667 3180 5737">
     <span class='ocr_line' id='line_1_121' title="bbox 2224 5667 3180 5737; baseline -0.013 -9"><span class='ocrx_word' id='word_1_982' title='bbox 2224 5667 2251 5713; x_wconf 17' lang='grc' dir='ltr'>ιθ</span> <span class='ocrx_word' id='word_1_983' title='bbox 2276 5679 2414 5729; x_wconf 76' lang='lat' dir='ltr'><strong>savii.</strong></span> <span class='ocrx_word' id='word_1_984' title='bbox 2443 5677 2609 5737; x_wconf 75' lang='lat' dir='ltr'><strong>habet,</strong></span> <span class='ocrx_word' id='word_1_985' title='bbox 2633 5680 2675 5724; x_wconf 84' lang='lat' dir='ltr'><strong>et</strong></span> <span class='ocrx_word' id='word_1_986' title='bbox 2699 5679 2748 5723; x_wconf 90' lang='lat' dir='ltr'><strong>tu</strong></span> <span class='ocrx_word' id='word_1_987' title='bbox 2773 5683 2864 5720; x_wconf 85' lang='lat' dir='ltr'><strong>non</strong></span> <span class='ocrx_word' id='word_1_988' title='bbox 2889 5667 3127 5719; x_wconf 73' lang='lat' dir='ltr'><strong>erubescis</strong></span> <span class='ocrx_word' id='word_1_989' title='bbox 3157 5667 3180 5716; x_wconf 64' lang='grc' dir='ltr'><em>Υ</em></span> 
     </span>
    </p>
   </div>
  </div>
