4104 6156
444 327 551 386 257

446 440 839 515 primogenitus
870 437 1077 491 futurus
1105 440 1289 497 esset,
1323 429 1473 486 nullo
1495 444 1561 485 ex
1610 428 1832 483 mortuis
1859 427 2035 497 ipsum

446 530 746 602 sequente?
790 528 847 583 Si
877 524 1202 583 resm'rectio
1251 536 1357 577 non
1385 529 1486 585 est,
1520 517 1789 591 quomodo
1828 518 2033 588 jnstitia

449 625 540 680 Dei
568 620 892 685 servabitur,
942 632 1065 672 cum
1105 623 1185 670 tot
1229 613 1457 683 tmprobi
1509 613 1571 666 in
1617 612 1920 680 prosperis,
1956 617 2035 663 tot

402 770 411 776 .
448 715 599 789 probi
657 714 710 768 in
760 709 1018 766 aerumnis
1063 707 1226 761 vitam
1270 703 1522 774 exigant?
1565 701 1795 759 Ubinam
1842 700 2034 753 horum

446 807 639 878 singuli
668 803 964 861 secundum
990 800 1179 855 merita
1219 798 1514 867 accipient,
1541 795 1585 849 si
1615 809 1720 850 non
1747 794 1817 848 sit
1855 807 2036 847 resur-

447 899 657 957 rectio?
700 897 871 953 Nemo
900 902 1047 949 recte
1096 890 1388 947 viventium
1436 887 1883 954 resurrectionem
1929 898 2037 938 non

447 992 659 1054 credit;
707 987 800 1043 sed
847 985 997 1056 probi
1027 982 1263 1054 quotidie
1289 980 1428 1036 diem
1462 978 1605 1032 illam
1655 984 1842 1045 Optant
1866 1014 1880 1039 ,
1911 988 2037 1028 san-

449 1094 590 1137 ctam
624 1082 762 1137 illam
791 1092 979 1133 vocem
1003 1063 1360 1144 proierenies,
1384 1070 1630 1125 Adveniat
1663 1082 1872 1137 regnum
1898 1074 2038 1120 tuum

452 1171 663 1241 (Matth.
710 1171 763 1224 6.
799 1167 910 1238 l0).
943 1166 1172 1232 Quinam
1203 1178 1332 1233 ergo
1377 1172 1501 1215 sunt
1541 1160 1649 1229 qui.
1686 1154 2039 1213 resurrectio-

452 1279 573 1320 nem
606 1277 711 1317 non
740 1260 1006 1316 credunt?
1048 1257 1147 1324 Qui
1179 1256 1232 1309 in
1278 1254 1379 1309 viis
1410 1250 1697 1321 inquinatis
1726 1247 2036 1311 ambulant,

452 1366 506 1411 et
530 1355 788 1423 impuram
812 1351 973 1404 vitam
1000 1349 1221 1409 ducunt,
1250 1354 1309 1400 ut
1330 1345 1403 1398 ait
1427 1342 1687 1414 propheta
1710 1358 1725 1396 :
1755 1340 2042 1409 lnquinatte

453 1455 566 1499 sunt
595 1446 689 1498 rite
714 1443 853 1497 illius
880 1445 934 1494 in
955 1441 1094 1494 omni
1121 1449 1341 1507 tempore
1364 1452 1386 1490 :
1411 1437 1717 1504 auferuntur
1734 1430 1929 1499 iudicia
1953 1437 2040 1481 tua

456 1551 487 1588 a
511 1534 638 1606 facie
655 1534 767 1603 ejus
799 1531 951 1604 (Psrtl
1004 1532 1058 1587 9.
1090 1528 1202 1600 26).
1230 1527 1345 1581 Non
1376 1535 1460 1582 est
1486 1524 1631 1580 enim
1652 1565 1665 1586 ,
1696 1536 1801 1577 non
1827 1529 1907 1574 est
1932 1518 2040 1572 uti-

1479 317 1547 371 IN
1586 313 1901 372 JOANNEM
1940 314 2172 371 IIOMIL.
2218 315 2399 371 XLVI.
2442 316 2513 370 al.
2558 316 2718 371 XLV.

3626 326 3733 381 258

2141 443 2244 498 que
2274 427 2438 483 homo
2462 434 2625 483 vitam
2654 430 2854 486 ducens
2880 445 3066 500 puram
3089 474 3103 499 ,
3151 435 3239 505 qni
3272 451 3377 491 non
3405 440 3589 496 credat
3635 452 3724 493 re—

2140 519 2458 574 snrrectioni
2486 538 2503 573 :
2549 534 2620 575 ac
2641 521 2733 591 qui
2763 522 2960 578 nullius
3004 525 3106 580 sibi
3150 529 3351 583 conscii
3390 541 3514 587 sunt
3560 535 3720 593 mali.

2140 609 2354 674 dicunt,
2400 620 2653 678 sperant,
2684 620 2741 666 et
2775 612 3039 680 credunt,
3085 617 3495 675 retributionem
3523 637 3582 678 se
3608 638 3730 679 esse

2141 709 2480 771 accepturos.
2507 702 2585 757 Ne
2612 704 2791 773 itaque
2819 704 2985 760 Deum
3013 706 3306 778 irritemus,
3334 712 3427 767 sed
3449 715 3730 771 audiamus

2141 807 2263 846 eum
2292 793 2602 859 dicentem,
2653 793 2847 849 Timete
2894 813 3007 850 eum
3033 801 3121 869 qui
3164 812 3322 871 potest
3347 814 3395 857 et
3421 821 3647 861 animam
3674 820 3727 863 et

2142 898 2327 949 corpus
2353 883 2561 953 perdere
2580 884 2633 937 in
2658 885 2939 955 gehennam
2963 888 3174 947 (Matth.
3208 892 3295 946 l0.
3325 892 3456 964 28);
3490 908 3547 951 ut
3582 907 3732 955 metu

2144 972 2395 1028 meliores
2447 973 2571 1027 facti
2592 1015 2608 1039 ,
2635 983 2691 1029 et
2717 975 2818 1030 hac
2842 977 3078 1046 pernicie
3123 980 3332 1037 liberati
3375 1000 3543 1055 regno
3569 989 3732 1044 caelo-

2145 1079 2261 1118 rum
2283 1063 2427 1134 digui
2459 1065 2750 1121 habeamur
2780 1084 2793 1120 :
2822 1068 2964 1138 quod
2991 1071 3194 1126 utinam
3217 1089 3406 1131 omnes
3431 1092 3728 1149 consequa-

2144 1170 2286 1220 mur,
2310 1155 2478 1226 gratia
2499 1166 2553 1211 et
2583 1157 2907 1229 benignitate
2931 1161 3138 1218 Domini
3165 1166 3332 1220 nostri
3359 1167 3486 1223 Jesu
3508 1168 3729 1238 Christi,

2148 1262 2245 1317 per
2270 1262 2430 1318 quem
2461 1257 2517 1303 et
2544 1265 2664 1303 cum
2717 1267 2825 1321 quo
2853 1252 2997 1307 Patri
3042 1255 3210 1324 gloria
3240 1272 3362 1312 cum
3414 1259 3689 1316 adorando
3711 1303 3730 1331 ,

2146 1341 2486 1395 sanctissimo
2513 1351 2567 1396 et
2596 1343 2805 1398 vivitico
2831 1346 2950 1414 ejus
2975 1345 3197 1417 Spiritu,
3232 1365 3373 1405 nunc
3398 1362 3454 1408 et
3487 1368 3722 1424 semper,

2151 1442 2206 1487 ct
2235 1432 2290 1487 in
2322 1432 2524 1487 inﬁnita
2550 1434 2745 1489 saecula
2770 1437 3108 1493 seculorum.
3139 1440 3332 1495 Amen.

455 1647 3728 1679 MM

1793 1725 1969 1788 HOM
1977 1722 2143 1785 ILIA
2186 1722 2419 1785 XLVI.

461 1886 589 1943 Cur.
618 1885 673 1940 6.
727 1899 780 1938 v.
821 1883 911 1937 4|.
943 1877 1327 1935 Murmurabant
1357 1892 1473 1948 ergo
1499 1874 1672 1928 Juda'i
1699 1872 1764 1927 de
1789 1870 1895 1932 illo,
1914 1869 2050 1940 quod

538 1977 765 2037 dixisset,
796 1972 905 2043 Ego
922 1988 1029 2027 sum
1059 1971 1205 2040 panis
1236 2010 1251 2034 ,
1278 1968 1364 2039 qui
1383 1968 1445 2021 de
1470 1966 1593 2021 cwlo
1619 1963 1874 2019 descendit
1903 2002 1919 2028 ,
1950 1960 2045 2013 Η.

540 2075 586 2118 st
609 2065 838 2118 dicebant
870 2078 889 2117 :
912 2061 1097 2117 Nonne
1118 2061 1198 2114 hic
1216 2069 1289 2115 est
1311 2058 1467 2112 Jesus
1494 2056 1634 2126 ﬁlius
1655 2054 1870 2123 Joseplt,
1899 2051 2045 2120 cujus

537 2172 630 2209 nos
656 2154 995 2225 cognoscimus
1023 2164 1218 2221 patrem
1256 2162 1301 2204 et
1342 2147 1598 2203 matrem?
1628 2145 1892 2214 Quomodo
1925 2158 2044 2212 ergo

534 2245 655 2298 dicit
678 2261 733 2299 ss
768 2260 796 2297 e
817 2244 941 2298 caelo
967 2242 1284 2298 descendisse
1309 2240 1335 2292 ?

535 2338 586 2390 1.
618 2334 843 2399 Quorum
872 2334 1010 2388 Dens
1035 2345 1203 2388 venter
1238 2342 1311 2387 est
1342 2372 1356 2396 ,
1386 2339 1432 2385 et
1473 2330 1636 2399 gloria
1677 2329 1728 2382 in
1763 2326 2045 2398 ignominia

464 2427 909 2498 eormn(Philipp.
931 2429 985 2483 5.
1008 2426 1121 2496 l9),
1141 2425 1309 2496 inquit
1344 2426 1411 2481 de
1450 2421 1761 2493 quibusdam
1790 2419 1984 2475 Paulus
2002 2419 2044 2485 ⁸,

466 2519 896 2589 Philippensibus
915 2519 1173 2575 scribens.
1201 2516 1351 2585 Quod
1373 2525 1550 2571 autem
1580 2514 1634 2569 hi
1657 2513 1827 2569 Judaei
1843 2519 2043 2578 essent,

467 2615 639 2683 palam
668 2621 749 2667 est
775 2628 804 2666 a
829 2609 1272 2682 prazcedentibus,
1306 2608 1477 2677 palam
1506 2607 1633 2661 item
1659 2613 1740 2659 est
1760 2603 1907 2657 abiis
1925 2616 2047 2672 qua:

466 2704 734 2759 Christum
772 2702 1030 2755 adeuntes
1068 2700 1335 2755 dicebant.
1368 2697 1498 2751 Nam
1526 2710 1647 2750 cum
1687 2708 1881 2764 panem
1918 2692 2048 2762 ipsis

468 2795 652 2859 dedit,
684 2795 1029 2866 ipsorumque
1050 2800 1264 2847 ventres
1290 2790 1571 2860 implevit,
1603 2787 1917 2858 prophetam
1949 2798 2047 2839 vo-

476 2886 667 2942 cabant
688 2924 706 2949 ,
746 2894 799 2940 et
826 2900 1005 2955 regem
1032 2883 1359 2939 constituere
1386 2880 1634 2936 volebant
1662 2897 1678 2945 ;
1704 2892 1828 2933 cum
1868 2884 2047 2931 autem

469 2977 796 3046 spiritualem
815 2976 992 3030 cibum
1015 2984 1071 3030 et
1095 2975 1259 3029 vitam
1280 2981 1535 3029 maternam
1563 2970 1764 3037 docuit,
1786 2983 1905 3023 cum
1928 2968 2049 3023 illos

469 3083 498 3122 a
526 3068 810 3124 sensilibus
836 3067 1095 3133 abduxit,
1126 3080 1248 3120 cum
1279 3063 1347 3119 de
1375 3062 1768 3118 resurrectione
1799 3060 2047 3129 loquutus

468 3169 587 3223 est,
632 3159 979 3229 ipsorumque
1015 3165 1248 3212 mentem
1289 3154 1504 3216 erexit;
1555 3168 1676 3207 cum
1726 3151 2046 3220 oportuisset

471 3250 617 3304 illum
648 3250 888 3304 maxime
924 3248 1151 3313 mirari,
1171 3256 1297 3301 tunc
1338 3253 1664 3298 murmurant
1696 3253 1749 3297 et
1777 3242 2043 3298 resiliunt.

469 3341 629 3410 Atqui
659 3341 703 3394 si
725 3339 811 3394 hic
839 3349 954 3394 erat
980 3338 1236 3409 prmibeta
1271 3344 1377 3403 ,_ut
1412 3338 1558 3406 prius
1583 3336 1826 3389 dixerant
1852 3335 1911 3385 ἐ
1950 3332 2049 3386 llic

470 3442 543 3487 est
572 3434 703 3485 enim
728 3431 790 3484 de
809 3447 906 3500 quo
927 3432 1056 3484 dixit
1088 3430 1140 3482 M
1149 3446 1312 3500 ayses,
1342 3429 1654 3497 Prop/telam
1675 3426 1812 3481 vobis
1827 3426 2047 3481 suscita-

468 3522 537 3576 l-it
568 3520 811 3576 Dominus
848 3519 989 3575 Deus
1015 3521 1078 3574 de
1116 3520 1357 3589 fratribus
1394 3521 1606 3584 vestris,
1633 3527 1886 3586 tamquam
1933 3531 2049 3569 me:

468 3615 636 3683 ipsum
661 3614 831 3666 audite
860 3612 887 3685 (.
911 3611 1066 3665 Deut.
1100 3611 1188 3666 18.
1220 3611 1288 3665 i5
1313 3609 1333 3683 )
1357 3626 1371 3674 ;
1396 3609 1633 3678 Oportuit
1656 3605 2049 3677 ipsum-audire

469 3705 754 3768 dicentem.
787 3702 864 3757 De
903 3703 1028 3758 caelo
1052 3702 1308 3756 descendi.
1345 3699 1541 3755 Verum
1574 3715 1678 3752 non
1714 3697 2045 3761 audiebant,

468 3794 566 3850 sed
608 3792 1031 3848 murmurabant.
1067 3790 1256 3846 Adhuc
1283 3790 1425 3845 enim
1458 3789 1629 3857 ipsum
1669 3786 2051 3842 reverebantur

469 3886 540 3940 ob
585 3899 772 3963 recens
822 3899 1014 3953 panum
1064 3882 1401 3937 miraculum.
1453 3880 1579 3934 Ideo
1618 3893 1725 3933 non
1771 3876 2050 3932 manifeste

468 3976 934 4043 contradicebant;
966 3973 1349 4031 murmurando
1403 3982 1580 4028 tamen
1635 3971 2049 4042 indignationem

472 4086 582 4140 ιιι-τιν
623 4069 987 4134 sel'erebant,
1042 4068 1164 4136 quia
1216 4081 1321 4121 non
1360 4065 1572 4135 qualem
1622 4063 1871 4118 volebant
1920 4062 2049 4131 ipsis

473 4174 716 4215 mensam
760 4160 999 4229 parabat.
1042 4158 1108 4212 Et
1146 4165 1539 4212 murmurantes
1562 4153 1831 4216 dicebant,
1865 4153 2052 4206 Nonne

470 4253 552 4304 hic
582 4262 651 4305 est
677 4252 817 4319 ﬁlius
843 4248 1039 4320 Ioseph
1060 4248 1086 4302 ?
1119 4247 1267 4302 Unde
1290 4245 1467 4316 palam
1480 4253 1565 4299 est
1584 4246 1729 4315 ipsos
1750 4241 2049 4317 mirabilem

468 4343 585 4411 ejus
638 4343 1036 4412 generationem
1079 4341 1313 4394 nondum
1362 4336 1597 4391 novisse.
1646 4334 1847 4388 Idcirco
1877 4332 2051 4387 adlmc

468 4451 589 4490 cum
610 4433 828 4502 Josephi
855 4433 1018 4487 illium
1048 4432 1251 4486 dicunt.
1271 4429 1455 4497 Neque
1482 4437 1659 4480 tamen
1685 4425 1904 4492 corripit
1933 4438 2047 4489 ens,

469 4541 641 4594 neque
680 4524 843 4589 dicit,
876 4523 990 4577 Non
1026 4537 1145 4577 sum
1179 4521 1320 4574 iilius
1359 4517 1577 4587 Josephi
1606 4535 1619 4571 :
1653 4531 1757 4570 non
1787 4513 1930 4583 quod
1954 4513 2049 4568 Jo-

468 4615 616 4684 Sepiti
649 4614 787 4668 (ilius
812 4620 955 4668 esset
994 4653 1010 4678 ,
1043 4611 1137 4666 sed
1177 4608 1316 4679 quod
1362 4607 1597 4662 nondum
1637 4613 1856 4675 possent
1881 4603 2051 4658 admi-

468 4710 691 4764 rabilem
722 4708 869 4763 illum
918 4717 1126 4777 partqu
1164 4703 1371 4758 audire.
1409 4700 1560 4767 Quod
1588 4700 1633 4754 si
1665 4708 1871 4767 partum
1900 4698 2050 4753 illum

469 4800 763 4855 secundum
807 4813 1023 4852 carnem
1069 4796 1302 4850 nondum
1335 4802 1578 4864 poterant
1621 4792 1805 4845 audire
1831 4831 1846 4855 ,
1882 4789 2050 4843 multo

468 4893 641 4945 minus
698 4888 1023 4944 ineffabilem
1076 4887 1227 4940 illum
1292 4895 1347 4941 et
1417 4898 1725 4953 supernum.
1781 4882 1837 4938 Si
1907 4880 2047 4950 quod

474 4982 726 5037 humilius
783 4990 902 5036 erat
965 4995 1071 5034 non
1128 4977 1383 5032 revelavit
1414 5017 1429 5042 ,
1481 4975 1649 5030 multo
1718 4975 1894 5029 minus
1958 4972 2049 5025 illa

470 5074 681 5129 dixerit.
737 5074 897 5143 Atqui
959 5074 1060 5126 hoc
1122 5070 1265 5139 ipsos
1330 5066 1634 5122 oll‘endebat
1692 5063 1835 5134 quod
1908 5071 2050 5118 esset

466 5181 532 5218 ex
602 5165 690 5218 vili
749 5175 900 5233 patre
960 5170 1159 5215 natus:
1191 5168 1423 5213 attamen
1475 5171 1579 5210 non
1627 5153 1882 5209 revelavit
1912 5194 1927 5219 ,
1982 5168 2050 5207 ne

469 5253 614 5309 aliud
646 5254 841 5307 tollens
868 5251 1244 5306 oil‘eudicnlum
1276 5288 1291 5312 ,
1336 5246 1478 5301 aliud
1522 5246 1760 5299 inferret.
1792 5244 1895 5298 Sed
1918 5243 2047 5312 quid

469 5343 573 5398 illis
599 5342 1055 5397 murmurantibus
1099 5337 1431 5407 respondet?
1458 5335 1546 5389 44.
1584 5333 1746 5386 Nemo
1772 5342 1931 5403 potest
1962 5348 2047 5385 ve-

470 5435 576 5488 nire
595 5437 660 5487 ad
688 5451 789 5500 me,
812 5435 910 5487 nisi
935 5432 1108 5498 Pater,
1135 5431 1220 5502 qui
1242 5430 1376 5482 misit
1406 5442 1485 5480 me
1512 5467 1526 5492 ,
1558 5426 1764 5479 traxerit
1785 5441 1918 5479 eum.
1950 5424 2047 5479 llic

470 5524 754 5597 insurgunt
777 5525 1051 5580 Manichzci
1078 5524 1339 5589 dicentes,
1371 5520 1498 5574 nihil
1522 5532 1621 5573 nos
1651 5531 1716 5572 ex
1746 5517 1898 5572 nobis
1921 5518 2049 5589 ipsis

527 5677 545 5707 ²
572 5674 667 5729 Alii
693 5677 893 5738 habent,
917 5676 1083 5739 inquit.
1108 5675 1170 5739 de
1193 5670 1379 5739 Juda’is
1404 5670 1595 5733 loquens
1620 5669 1815 5722 Paulus.

530 5742 553 5774 ⁸
573 5741 666 5793 Alii
688 5734 891 5806 legunt,
906 5734 1158 5802 (liberatis,
1185 5749 1290 5802 pro,
1312 5734 1553 5786 dixerant.

2156 1881 2346 1937 posse:
2368 1869 2490 1938 quia
2520 1870 2570 1926 id
2609 1873 2840 1930 maxime
2875 1877 3104 1947 probat,
3138 1881 3466 1940 voluntatem
3495 1898 3735 1943 nostrain

2152 1957 2203 2012 in
2232 1971 2413 2015 nostra
2442 1977 2561 2017 esse
2592 1974 2875 2032 potestate.
2904 1967 3009 2023 Sed
3038 1970 3083 2024 si
3114 1972 3235 2040 quis
3278 1975 3418 2029 venit
3444 1975 3512 2030 ad
3543 1978 3687 2033 illum
3713 2021 3731 2046 ,

2151 2048 2347 2121 inquit,
2372 2052 2497 2122 quid
2531 2069 2668 2123 opus
2688 2056 2844 2113 habet
2874 2066 2932 2113 ut
2970 2060 3214 2118 trahatur
3238 2066 3262 2117 ν
3287 2064 3481 2122 Verum
3510 2069 3613 2124 hoc
3637 2087 3737 2125 no-

2149 2148 2321 2194 strum
2344 2157 2451 2196 non
2493 2144 2630 2198 tollit
2665 2145 2946 2202 arbitrium
2980 2190 2996 2214 ,
3025 2149 3119 2205 sed
3151 2153 3328 2221 potius
3372 2154 3608 2212 declarat
3636 2174 3734 2214 nos

2153 2231 2354 2286 auxilio
2374 2247 2507 2302 opus
2539 2233 2758 2292 habere.
2784 2236 2880 2291 llic
2905 2246 3082 2294 autem
3107 2255 3212 2297 non
3238 2243 3414 2314 agitur
3448 2244 3516 2302 de
3545 2250 3736 2317 quovis

2156 2320 2373 2378 homine
2399 2323 2693 2381 accedente
2721 2366 2739 2392 ,
2768 2326 2864 2383 sed
2896 2327 2964 2384 de
2986 2330 3081 2384 illo
3107 2332 3394 2402 qui-multo
3421 2336 3612 2392 fruitur
3635 2354 3735 2395 au-

2155 2412 2304 2467 xilio.
2338 2413 2546 2471 Deinde
2592 2417 2807 2473 modum
2854 2421 3092 2477 ostendit
3132 2438 3238 2493 quo
3270 2426 3452 2483 trahit.
3485 2428 3563 2484 Ne
3590 2432 3735 2486 enim

2144 2506 2406 2563 sensibile
2427 2508 2696 2579 quidpiam
2725 2510 2792 2566 de
2818 2510 2928 2568 Deo
2949 2518 3349 2585 suspicarentur
3371 2560 3386 2585 ,
3415 2521 3687 2592 subjunin
3717 2543 3734 2579 :

2154 2598 2243 2653 46.
2274 2598 2397 2654 Non
2426 2603 2545 2671 quia
2564 2601 2732 2658 Deum
2760 2605 2882 2659 vidit
2906 2609 3190 2678 quisquam,
3214 2611 3313 2665 nisi
3334 2612 3421 2681 qui
3446 2624 3519 2669 est
3546 2631 3579 2669 a
3606 2614 3735 2684 Deo,

2154 2688 2238 2742 hic
2274 2690 2397 2744 vidit
2425 2689 2652 2747 Patrem.
2698 2695 2978 2760 Quomodo
3025 2698 3229 2755 trahit?
3271 2700 3446 2773 inquit
3473 2704 3586 2760 ille.
3620 2706 3734 2763 Hoc

2156 2780 2412 2850 propheta
2453 2782 2562 2851 jam
2602 2783 2728 2838 olim
2758 2785 3048 2843 declaravit
3077 2788 3162 2845 his
3201 2791 3383 2848 verbis
3405 2832 3421 2859 ,
3453 2794 3544 2850 45.
3571 2794 3737 2851 Erunt

2155 2885 2326 2925 omnes
2352 2870 2590 2928 docibiles
2614 2872 2723 2927 Dei.
2758 2873 3001 2931 Vidistin’
3022 2877 3146 2934 ﬁdei
3169 2878 3502 2951 dignitatem,
3532 2892 3587 2940 et
3606 2900 3740 2955 quo-

2155 2962 2316 3018 modo
2344 2979 2449 3019 non
2475 2964 2544 3019 ab
2571 2964 2874 3023 hominibus
2897 3008 2913 3034 ,
2941 2985 3043 3026 nec
3071 2987 3165 3040 per
3185 2973 3457 3032 hominem
3512 2978 3608 3033 sed
3643 2995 3740 3047 per

2156 3053 2322 3109 Deum
2355 3053 2527 3124 ipsum
2554 3056 2682 3112 illud
2711 3056 2969 3114 edocendi
3000 3062 3107 3117 sint
3133 3063 3157 3115 ?
3187 3063 3417 3136 Ideoque
3447 3076 3505 3123 ut
3531 3084 3741 3125 sermo-

2155 3144 2208 3198 ni
2237 3159 2336 3199 suo
2365 3145 2565 3202 iaceret
2591 3146 2749 3203 tidem
2774 3188 2791 3215 ,
2822 3148 2890 3203 ad
2936 3151 3223 3221 prophetas
3249 3154 3393 3225 ipsos
3418 3159 3642 3213 remisit.
3669 3158 3741 3216 Et

2154 3235 2199 3291 si
2227 3235 2426 3291 dictum
2451 3246 2534 3292 est
2556 3278 2570 3302 ,
2600 3239 2792 3308 inquit,
2824 3240 2970 3310 ipsos
3015 3242 3131 3299 fore
3160 3243 3424 3301 docibiles
3452 3246 3546 3303 Dei
3579 3288 3597 3314 ,
3642 3264 3741 3305 cur

2154 3327 2315 3398 aliqui
2362 3343 2467 3383 non
2522 3331 2791 3386 credunt?
2814 3332 2947 3399 Quia
2979 3333 3112 3389 illud
3153 3334 3221 3390 de
3250 3336 3503 3405 pluribus
3533 3339 3745 3397 dictum

2154 3425 2257 3473 est.
2288 3418 2537 3489 Alioquin
2568 3429 2745 3476 autem
2774 3437 2879 3477 non
2909 3438 3096 3481 omnes
3120 3440 3380 3495 prorsus,
3429 3428 3741 3486 sedomues

2154 3509 2242 3578 qui
2273 3510 2572 3576 voluerint,
2602 3514 3039 3583 perprOphctam
3066 3516 3472 3586 signiﬁcantur»
3488 3520 3739 3592 Magister

2156 3602 2300 3655 enim
2320 3603 2575 3658 omnibus
2601 3608 2937 3675 proponitur,
2971 3617 3188 3676 paratus
3211 3609 3280 3665 ad
3308 3625 3404 3665 sua
3436 3612 3693 3669 tradenda
3721 3656 3737 3679 .

2156 3691 2244 3759 qui
2271 3690 2568 3747 doctrinam
2599 3707 2749 3749 suam
2772 3696 3020 3751 omnibus
3040 3697 3279 3753 eil‘undit.
3318 3699 3384 3754 Et
3412 3718 3502 3774 ego
3521 3706 3740 3760 resusci-

2158 3781 2272 3835 tabo
2297 3798 2408 3835 eum
2437 3783 2491 3837 in
2519 3784 2790 3839 novissimo
2813 3787 2913 3840 die.
2946 3787 3063 3842 Non
3093 3803 3253 3858 parva
3284 3788 3389 3847 hoc
3421 3793 3474 3847 in
3500 3793 3618 3850 loco
3651 3795 3739 3851 Fi-

2156 3872 2210 3927 lii
2238 3874 2468 3945 dignitas
2499 3891 2513 3929 :
2543 3877 2805 3947 siquidem
2835 3878 3177 3936 l’atertrahit
3197 3921 3210 3946 ,
3243 3890 3299 3937 et
3323 3882 3410 3938 hic
3429 3887 3750 3952 resuscitat,

2154 3982 2259 4021 non
2293 3966 2539 4023 dividens
2560 3969 2731 4025 Patris
2754 3979 2810 4025 et
2838 3972 2956 4026 Filii
3022 3990 3188 4045 opera
3230 3997 3245 4033 :
3292 3976 3561 4044 quomodo
3593 3977 3738 4032 enim

2154 4070 2336 4130 posset
2355 4060 2378 4114 ?
2395 4060 2487 4115 sed
2505 4062 2795 4117 ostendens
2809 4064 3091 4134 potestatis
3104 4065 3484 4134 aequalitatem.
3516 4067 3649 4124 Nam
3677 4082 3738 4125 ut

2155 4152 2246 4206 illo
2259 4153 2396 4216 loco,
2414 4152 2476 4206 Et
2489 4154 2575 4222 qui
2591 4155 2725 4208 misit
2738 4170 2817 4209 me
2844 4153 3018 4224 Pater,
3047 4157 3382 4211 testimonium
3415 4159 3638 4228 perhibet
3674 4162 3740 4216 de

2155 4259 2254 4309 me,
2289 4243 2483 4298 deinde
2502 4259 2571 4299 ne
2597 4243 2808 4314 quidam
2831 4244 2898 4301 de
2914 4261 3044 4301 voce
3072 4249 3337 4304 curiosius
3357 4250 3689 4319 inquirerent
3720 4295 3736 4318 ,

2155 4336 2361 4389 remisu
2402 4334 2521 4389 illos
2546 4335 2611 4389 ad
2636 4337 2941 4405 Scripturas
2969 4353 2984 4391 ε
3014 4339 3085 4393 ita
3108 4349 3161 4394 et
3189 4338 3278 4396 hic
3302 4342 3527 4398 remittit
3553 4359 3647 4400 eos
3668 4346 3736 4399 ad

2157 4426 2581 4495 praphetas,hos
2606 4426 2833 4484 subinde
2865 4428 3158 4496 adducens,
3191 4439 3248 4484 ut
3276 4432 3524 4488 ostendat
3544 4450 3604 4491 se
3628 4451 3735 4491 non

2156 4532 2277 4572 esse
2305 4518 2445 4573 Patri
2471 4520 2819 4574 contrarium.
2852 4522 2940 4588 At,
2969 4522 3197 4592 inquies,
3219 4525 3346 4595 quid
3370 4526 3597 4582 antehae
3621 4529 3737 4585 fue-

2156 4611 2314 4663 runt?
2338 4623 2514 4664 annon
2535 4609 2793 4666 docibiles
2813 4611 2904 4667 Dei
2922 4612 3112 4667 erant?
3132 4615 3255 4685 quid
3280 4614 3381 4670 hoc
3407 4616 3601 4673 inloco
3625 4620 3741 4673 exi-

2154 4700 2321 4755 mium
2347 4702 2470 4756 est?
2498 4700 2651 4768 Quod
2679 4711 2803 4758 tunc
2825 4718 2920 4772 per
2947 4704 3189 4760 homines
3219 4722 3307 4762 res
3333 4707 3538 4764 divinas
3562 4710 3739 4766 disce-

2155 4803 2311 4859 rent;
2346 4808 2488 4849 nunc
2515 4806 2691 4848 autem
2722 4809 2820 4863 per
2842 4795 3166 4865 unigenitum
3196 4797 3514 4855 FiliumDei
3562 4812 3615 4855 et
3647 4818 3742 4870 per

2154 4884 2409 4953 Spiritum
2446 4895 2713 4943 sanctum.
2752 4887 2955 4943 Deinde
3004 4888 3163 4942 infert
3191 4908 3205 4943 :
3232 4889 3352 4943 Non
3372 4891 3508 4958 quod
3536 4892 3740 4945 Patrem

2155 4977 2332 5030 viderit
2363 4976 2662 5047 quisquam,
2692 4976 2790 5030 nisi
2816 4976 2860 5031 is
2880 4979 3017 5048 quia
3048 4977 3151 5033 Deo
3172 4989 3263 5034 est.
3292 4980 3409 5034 Non
3440 4980 3735 5036 secundum

2158 5083 2334 5125 causa:
2362 5069 2623 5123 rationem
2661 5067 2748 5122 hic
2780 5069 3014 5139 loquitur
3037 5064 3174 5134 ,'sed
3196 5070 3488 5125 secundum
3517 5070 3734 5124 modum

2156 5160 2486 5217 substantiae.
2517 5158 2649 5214 Nam
2675 5158 2722 5214 si
2748 5158 3041 5213 secundum
3071 5173 3249 5213 causae
3289 5157 3551 5212 rationem
3579 5158 3732 5213 dice-

2153 5264 2237 5310 ret
2268 5295 2284 5322 ,
2314 5269 2502 5309 omnes
2532 5269 2563 5307 a
2595 5252 2702 5306 Deo
2729 5268 2915 5306 sumus
2942 5269 2955 5316 ;
2987 5252 3038 5305 in
3092 5266 3198 5320 quo
3240 5260 3323 5305 est
3351 5250 3655 5320 praestantia
3687 5260 3741 5305 et

2153 5345 2450 5399 diil'erentia
2482 5343 2600 5397 Filii
2630 5343 2653 5395 7
2685 5342 2752 5396 Et
2780 5357 2876 5397 cur
2905 5383 2918 5404 ,
2947 5340 3152 5410 inquies
3186 5380 3201 5406 ,
3248 5355 3354 5393 non
3387 5339 3513 5394 illud
3543 5341 3740 5396 clarius

2155 5437 2419 5507 expressit
2445 5436 2468 5489 ?
2498 5434 2577 5490 0b
2608 5434 2819 5488 illorum
2853 5431 3237 5485 inﬁrmitatem.
3266 5429 3398 5485 Nam
3431 5431 3478 5485 si
3508 5445 3627 5487 cum
3656 5432 3743 5489 die

2154 5530 2230 5585 xit
2259 5570 2274 5595 ,
2309 5529 2380 5581 De
2405 5526 2528 5580 εωιο
2555 5525 2810 5588 descendi,
2841 5523 2910 5576 ita
2952 5519 3293 5576 scaudalizati
3320 5530 3474 5587 sunt;
3498 5521 3625 5593 quid
3654 5521 3739 5577 fu-

2157 5631 2330 5676 turum
2357 5625 2473 5674 erat
2503 5656 2519 5683 ,
2569 5617 2611 5670 si
2658 5613 2787 5669 illud
2816 5612 3110 5667 addidisset
3134 5612 3156 5667 ?
3183 5612 3380 5669 Panem
3408 5623 3585 5668 autem
3617 5622 3738 5666 Vita:

2156 5713 2391 5784 Seipsum
2427 5717 2600 5778 vocat,
2630 5705 2751 5778 quia
2781 5705 2940 5761 vitam
2972 5703 3126 5762 nobis
3164 5705 3303 5776 parit
3327 5713 3381 5762 et
3402 5703 3540 5759 hanc
3571 5710 3624 5756 ct
3653 5700 3738 5755 ίίιε-
