4104 6156
454 302 560 360 259

457 431 632 475 Iuram
659 435 674 472 :
706 415 826 472 idco
852 412 1034 482 adjicit
1060 427 1072 464 :
1100 406 1158 462 Si
1182 403 1296 476 quis
1327 405 1700 460 utenducaverit
1726 419 1788 457 es
1816 402 1909 458 hoc
1939 415 2030 469 pa-

455 526 538 574 uc.
569 511 697 565 uiuet
722 511 774 561 in
798 517 1061 561 aeternum.
1092 501 1292 557 Panem
1315 514 1444 554 vero
1471 497 1560 554 hic
1587 496 1716 552 dicit
1735 494 2034 550 doctrinam

450 601 741 656 salutarem
770 638 786 663 ,
813 596 970 650 fidem
1003 595 1055 648 in
1081 608 1160 658 se,
1184 592 1296 646 sive
1317 606 1512 660 corpus
1532 604 1711 644 suum.
1736 586 2034 656 Utrumque

450 693 593 746 enim
614 688 846 744 animam
869 686 1106 740 roborat.
1131 684 1290 752 Atqui
1319 682 1442 736 alibi
1472 681 1626 742 dixit,
1655 680 1717 736 Si
1759 680 1871 749 quis
1914 694 2025 733 scr-

447 795 648 834 monem
673 793 841 832 meum
867 776 1121 841 audierit,
1153 790 1254 828 non
1289 771 1505 842 gustabit
1529 780 1738 824 mortem
1769 768 1945 842 (Joan.
1973 767 2028 822 8.

448 869 540 940 52)
563 911 580 936 ,
611 879 665 924 et
689 867 1030 924 scandalizati
1076 874 1202 920 sunt
1232 882 1245 918 :
1279 865 1366 917 hic
1389 877 1520 917 vero
1545 876 1653 916 non
1687 860 1815 916 item
1846 875 1862 924 ;
1893 858 2029 913 forte

447 961 570 1031 quia
582 959 755 1015 adhuc
771 957 1152 1013 reverebantur
1171 969 1292 1010 eum
1306 952 1378 1009 ob
1392 951 1732 1008 subministra
1741 959 1820 1004 tos
1843 963 2028 1018 panes.

516 1052 572 1105 2.
607 1049 906 1118 Di/I'erentia
935 1052 1065 1103 inter
1080 1064 1267 1102 manna
1295 1056 1341 1100 et
1363 1061 1544 1116 panem
1565 1059 1735 1099 verum
1765 1053 1810 1096 et
1837 1043 2022 1096 uiuum.

462 1140 895 1195 —-.-\nimadverte
921 1146 1099 1194 autem
1127 1153 1283 1208 quam
1315 1145 1478 1207 ponat
1503 1137 1643 1191 inter
1673 1137 1812 1190 hunc
1837 1147 2025 1203 panem

444 1244 500 1288 ct
535 1246 727 1288 manna
775 1229 1128 1285 diﬂ‘erentiam
1163 1267 1178 1292 ,
1205 1242 1272 1282 ex
1326 1228 1603 1296 utriusque
1651 1239 1842 1293 nempe
1895 1223 2024 1278 fine.

443 1323 594 1392 Quod
617 1323 758 1379 enim
789 1322 878 1377 illc
903 1320 1054 1376 cibus
1083 1318 1214 1374 nihil
1239 1333 1434 1372 novum
1458 1317 1695 1372 intulerit
1726 1357 1742 1383 ,
1790 1315 1974 1385 adjicit
2005 1333 2020 1370 :

439 1418 529 1473 49.
562 1417 743 1470 Patres
771 1414 920 1469 uestri
947 1412 1376 1466 mauducaverunt
1401 1425 1588 1463 manna
1617 1409 1670 1462 in
1707 1407 1910 1462 deserto
1929 1447 1946 1472 ,
1974 1415 2024 1460 et

439 1510 626 1563 mortui
651 1517 785 1562 sunt.
813 1504 1013 1560 Deinde
1046 1503 1096 1558 id
1128 1503 1391 1573 praecipue
1421 1502 1529 1571 agit
1548 1508 1605 1554 ut
1634 1500 1738 1554 illis
1758 1498 1980 1553 suadeat
2002 1538 2020 1564 ,
2046 1523 2048 1525 >

437 1618 498 1658 ac
525 1600 694 1654 multo
728 1597 1022 1668 majoribus
1047 1597 1297 1666 dignatos
1319 1609 1442 1650 esse
1467 1593 1624 1648 bonis
1651 1607 1811 1662 quam
1840 1600 2020 1660 patres

436 1694 672 1760 ipsorum
701 1731 717 1755 ,
757 1689 825 1743 de
865 1689 1048 1757 Moyse
1093 1686 1427 1741 subobscure
1471 1685 1694 1753 loquens
1719 1682 1864 1736 etde
1893 1682 2021 1736 viris

437 1783 543 1837 illis
597 1780 952 1835 mirabilibus.
1001 1776 1126 1831 Ideo
1171 1791 1294 1830 cum
1326 1775 1550 1829 dixisset
1576 1788 1669 1828 eos
1705 1773 1793 1842 qui
1822 1786 2017 1825 manna

434 1871 784 1928 coincderant
809 1877 1052 1924 mortuos
1075 1881 1227 1932 esse,
1272 1865 1452 1920 intulit
1479 1883 1490 1916 :
1528 1864 1628 1931 Qui
1655 1864 1924 1916 manducat
1951 1877 2018 1914 ea:

435 1965 529 2018 hoc
549 1977 680 2033 pane
700 2001 714 2027 ,
745 1962 872 2015 vivet
916 1961 968 2012 in
997 1968 1258 2013 cateruam.
1296 1955 1431 2011 lllud
1470 1971 1599 2011 vero
1623 1996 1637 2020 ,
1669 1953 1732 2007 In
1771 1955 1967 2008 deserto
1996 1993 2013 2019 ,

435 2071 539 2110 non
567 2056 683 2110 sine
708 2067 867 2110 causa
896 2052 1073 2122 posuit
1105 2091 1120 2114 ,
1148 2051 1243 2105 sed
1295 2048 1537 2104 indicans
1566 2089 1582 2113 ,
1624 2046 1755 2102 illud
1788 2062 1893 2100 non
1923 2046 2014 2100 diu

429 2147 653 2202 durasse
678 2187 693 2212 ,
726 2158 898 2214 neque
936 2145 990 2198 in
1022 2152 1216 2198 terram
1245 2139 1611 2210 promissionis
1651 2139 1880 2193 venisse.
1917 2138 2014 2194 llic

426 2249 606 2294 autem
647 2238 800 2308 panis
830 2251 934 2292 non
963 2243 1046 2290 est
1077 2232 1399 2303 bujusmodi.
1445 2231 1533 2286 52.
1575 2230 1644 2284 Et
1688 2231 1835 2301 panis
1862 2247 2012 2301 quem

425 2347 517 2400 ego
537 2329 688 2394 dabo,
714 2345 834 2382 caro
863 2343 974 2382 mea
994 2336 1087 2391 est,
1107 2341 1259 2396 quam
1284 2339 1375 2395 eqo
1399 2323 1549 2388 dabo,
1575 2339 1668 2392 pro
1692 2323 1868 2375 mundi
1886 2322 2006 2376 vita.

423 2422 614 2476 Merito
639 2420 758 2491 quis
796 2418 1044 2474 dubitans
1066 2417 1154 2471 hic
1177 2414 1451 2485 quaesierit
1477 2453 1493 2478 ,
1520 2413 1734 2467 curhoc
1764 2422 2007 2482 tempore

424 2515 542 2569 luce
562 2515 811 2582 loquutus
836 2511 928 2576 sit,
960 2524 1080 2579 quae
1105 2507 1236 2562 nihil
1262 2506 1602 2578 proficerent,
1622 2506 1752 2561 nihil
1772 2505 2004 2560 aedifica-

422 2611 560 2669 rent,
584 2603 690 2657 imo
712 2601 888 2672 potius
915 2598 1188 2655 aedilicatis
1219 2608 1477 2654 nocerent
1504 2599 1544 2651 ί.
1573 2595 1657 2651 Ea;
1672 2597 1788 2664 hoc,
1813 2595 2002 2667 inquit,

420 2693 568 2748 multi
603 2707 666 2746 ea:
690 2692 956 2762 discipulis
981 2694 1090 2760 ejus
1131 2699 1264 2745 retro
1288 2688 1518 2744 abierunt
1547 2687 1764 2742 dicentes
1785 2728 1802 2754 ,
1829 2687 2005 2741 Durus

420 2792 492 2836 est
518 2783 599 2836 hic
626 2798 805 2846 sermo,
835 2783 947 2852 quis
972 2789 1130 2851 potest
1158 2797 1270 2835 eum
1295 2781 1473 2834 audire
1493 2781 1519 2833 ἔ)
1537 2778 1704 2833 Erant
1724 2779 1865 2834 enim
1889 2777 2004 2833 haec

420 2873 550 2929 solis
601 2873 875 2943 discipulis
925 2871 1368 2928 communicanda
1401 2913 1416 2936 ,
1450 2880 1508 2926 ut
1553 2870 1835 2926 Matlhmus
1878 2871 1998 2937 ait,

419 2966 642 3020 Seorsim
671 2964 964 3033 loquebatur
991 2965 1062 3018 eis
1090 2963 1279 3034 (Marc.
1307 2963 1363 3018 4.
1389 2962 1501 3031 54).
1531 2961 1668 3029 Quid
1697 2961 1762 3016 ad
1792 2961 1892 3016 hoc
1913 2961 1997 3016 di-

416 3071 602 3112 cemus
630 3057 654 3109 ?
678 3071 920 3126 quamam
952 3054 1139 3108 horum
1184 3053 1384 3108 utilitas
1412 3054 1435 3106 ?
1473 3053 1659 3121 Magna
1686 3061 1833 3107 certe
1859 3051 2000 3106 utili-

417 3158 497 3202 tas
518 3156 572 3202 et
597 3148 907 3201 necessitas.
931 3145 1064 3212 Quia
1080 3145 1222 3200 enim
1246 3143 1513 3200 instabant
1532 3143 1708 3198 cibum
1731 3150 1992 3212 petentes,

415 3237 510 3291 sed
550 3251 867 3306 corporeum
901 3277 915 3300 ,
949 3245 1004 3288 et
1033 3235 1324 3305 majoribus
1358 3235 1469 3288 suis
1513 3234 1787 3303 prtebitam
1817 3249 1994 3289 escam

414 3336 774 3384 memorantes
797 3369 813 3394 ,
843 3342 1038 3382 manna
1085 3342 1332 3397 magnum
1378 3325 1648 3396 quidpiam
1679 3341 1800 3382 esse
1843 3326 1995 3382 dice-

414 3419 563 3483 bant,
591 3417 878 3473 ostendens
910 3418 995 3471 illa
1024 3419 1199 3472 omnia
1232 3417 1451 3487 figuram
1474 3426 1528 3471 et
1557 3417 1795 3471 umbram
1827 3433 1947 3473 esse
1975 3460 1992 3484 ,

419 3510 560 3564 hunc
583 3524 712 3565 vero
735 3509 910 3565 cibum
935 3510 1012 3564 rei
1037 3510 1316 3563 veritatem
1335 3549 1352 3573 ,
1379 3522 1557 3563 escam
1590 3517 1853 3564 memorat
1881 3511 1992 3579 spi-

409 3601 676 3654 ritualem.
713 3601 780 3654 At
806 3640 823 3666 ,
856 3599 1100 3668 inquies,
1132 3597 1418 3653 dicendum
1449 3607 1598 3664 erat,
1628 3597 1813 3654 Patres
1830 3599 1992 3653 vestri

414 3689 871 3743 manducaverunt
901 3704 1096 3742 manna
1149 3690 1200 3743 in
1244 3688 1493 3751 deserto.
1525 3705 1624 3760 ego
1645 3705 1774 3746 vero
1798 3706 1990 3761 panem

409 3780 532 3834 dedi
562 3780 736 3835 vobis.
781 3781 887 3836 Sed
931 3795 1181 3848 magnum
1211 3792 1326 3836 erat
1354 3783 1643 3839 discrimen
1669 3802 1683 3837 :
1707 3785 1810 3839 hoc
1837 3786 1988 3841 vide-

408 3871 564 3925 batur
605 3870 781 3925 minus
807 3885 926 3926 esse
949 3911 965 3935 ,
992 3871 1134 3940 quod
1165 3870 1295 3926 illud
1319 3871 1386 3926 de
1414 3873 1548 3927 caelo
1599 3876 1856 3939 venisset,
1887 3878 1988 3931 hoc

406 3973 586 4018 autem
617 3977 814 4033 panum
841 3961 1156 4017 miraculum
1189 3961 1240 4016 in
1267 3971 1409 4019 terra
1450 3964 1647 4018 factum
1669 3974 1831 4020 esset.
1853 3967 1988 4033 Quia

405 4069 534 4124 ergo
571 4052 885 4122 quazrebant
922 4051 1101 4106 cibum
1131 4052 1198 4108 de
1224 4053 1357 4109 caelo
1383 4053 1618 4109 delatum
1649 4097 1664 4123 ,
1695 4055 1816 4110 ideo
1841 4071 1989 4126 smpe

405 4142 615 4198 dicebat
641 4183 657 4208 ,
693 4140 771 4195 De
795 4141 922 4196 cwlo
950 4141 1206 4197 descendi.
1237 4143 1291 4199 Si
1315 4145 1434 4214 quis
1473 4159 1601 4200 vero
1639 4147 1941 4202 sciscitetur
1965 4186 1982 4212 ,

403 4253 499 4292 cur
517 4236 585 4292 de
609 4235 879 4308 mysteriis
905 4236 1153 4305 loquutus
1169 4237 1259 4303 sit,
1287 4239 1751 4308 respondebimus,
1776 4249 1987 4311 tempus

401 4339 764 4398 opportunum
804 4329 966 4383 fuisse
994 4327 1110 4383 lucc
1142 4327 1379 4384 dicendi.
1414 4330 1547 4385 Nam
1575 4333 1860 4387 verborum
1890 4334 1986 4388 ob-

401 4420 631 4474 scuritas
670 4420 964 4477 auditorem
1004 4436 1218 4492 semper
1258 4421 1502 4488 excitat,
1549 4431 1603 4476 ct
1641 4424 1982 4477 attcntiorem

409 4511 594 4566 efficit.
623 4510 739 4564 Non
769 4526 897 4580 ergo
921 4511 1117 4566 offendi
1143 4512 1399 4581 oportuit,
1428 4511 1522 4566 sed
1554 4512 1726 4580 potius
1756 4513 1984 4567 interro-

405 4613 554 4668 gare.
577 4599 732 4653 Nunc
751 4608 930 4654 autem
959 4599 1034 4654 illi
1059 4601 1276 4655 abeunt.
1318 4600 1450 4655 Nam
1477 4601 1520 4656 si
1554 4601 1867 4670 prophetam
1897 4601 1980 4672 ip-

404 4705 522 4743 sum
550 4703 671 4744 esse
703 4689 993 4743 credebant
1023 4731 1038 4755 ,
1067 4689 1224 4745 dictis
1246 4690 1468 4746 credere
1505 4691 1762 4760 oportuit.
1801 4689 1982 4761 Itaque

403 4781 544 4850 quod
575 4779 761 4835 offensi
789 4779 913 4845 sint,
952 4780 1004 4834 id
1033 4796 1102 4836 ex
1131 4797 1316 4836 eorum
1348 4781 1650 4851 insipientia
1673 4781 1838 4845 venit,
1873 4797 1978 4836 non

400 4887 465 4927 cx
493 4871 819 4927 obscuritate
857 4871 1143 4927 sermonis.
1188 4872 1265 4926 Tu
1312 4889 1442 4929 vero
1482 4873 1794 4929 consideres
1820 4874 1978 4930 velim

399 4961 672 5030 quomodo
691 4961 985 5032 discipulos
1013 4978 1141 5017 suos
1166 4963 1421 5034 paulatim
1452 4966 1649 5020 alliciat
1677 4982 1692 5031 ;
1727 4965 1780 5020 hi
1833 4967 1975 5022 enim

395 5063 518 5108 sntit
537 5054 626 5125 qui
651 5053 854 5117 dicunt,
873 5053 1032 5109 Verba
1055 5039 1168 5110 vim
1185 5057 1336 5112 habes
1361 5073 1492 5126 :quo
1515 5059 1694 5115 ibimus
1719 5059 1893 5133 (Joan.
1922 5063 1974 5118 6.

395 5143 513 5214 b8)?
537 5144 802 5201 Caeterum
819 5145 903 5200 hic
930 5161 989 5202 se
1015 5147 1257 5202 datorem
1284 5147 1432 5214 dicit,
1461 5165 1567 5204 non
1591 5149 1802 5207 Patrem
1827 5171 1839 5206 :
1868 5151 1976 5206 Pa-

396 5237 471 5288 nis
488 5237 508 5266 ²
526 5253 671 5304 quem
695 5255 788 5310 ego
818 5239 965 5304 dabo,
987 5255 1106 5293 caro
1123 5255 1234 5294 mea
1248 5249 1322 5294 est
1343 5257 1436 5310 pro
1455 5245 1628 5298 mundi
1649 5245 1974 5301 vita.Verum

509 5353 650 5414 :quta
673 5348 836 5420 Morel.
865 5349 1132 5420 legendum
1149 5359 1360 5420 esset._...
1404 5362 1523 5420 Hcce
1537 5353 1717 5407 loctttus
1739 5356 1802 5407 sit
1825 5393 1839 5417 ,
1866 5370 1976 5420 qua:

399 5410 630 5482 iugularem
650 5410 1171 5482 ραὶρεατεηζλριεηςὶηἱ
1185 5416 1481 5477 prodessent,
1507 5415 1602 5468 imo
1623 5419 1778 5480 potius
1809 5410 1973 5472 iis'tto-

397 5474 558 5537 ιἐζεπι
580 5474 662 5530 qui
690 5481 830 5537 antea
861 5474 1091 5537 cedi/ictui
1111 5474 1267 5526 erant.

461 5531 485 5605 ξ
505 5533 829 5605 ψῃξεεχῌη
857 5531 969 5601 post
997 5536 1130 5605 illud.
1153 5550 1264 5586 suos
1292 5536 1526 5605 paulatim
1548 5539 1729 5590 alliciat
1753 5579 1766 5600 ,
1801 5542 1972 5605 legen-

395 5590 508 5700 ξὲἓιι
520 5600 685 5700 (cisset:
713 5593 800 5643 llic
822 5590 946 5644 enim
965 5609 1012 5645 se
1033 5590 1224 5648 dantem
1244 5590 1448 5655 vidum,
1476 5612 1568 5650 non
1591 5590 1819 5656 Patrem:
1851 5590 1970 5660 iiii-

571 5666 615 5700 υ.
641 5667 664 5698 s

397 5664 486 5711 ws,
520 5664 615 5701 otc.
641 5667 664 5698 ι

1194 295 1235 346 S
1293 289 1566 347 JOANNIS
1602 279 2074 344 CIIRYSOSTOMI
2115 282 2430 347 ARClllEP.
2471 294 3003 357 CONSTANTINOP.

3617 304 3722 362 9κο

2144 417 2250 457 non
2272 405 2350 460 sic
2379 407 2546 463 turbae
2568 450 2586 478 ,
2612 413 2706 467 sed
2735 425 2920 471 contra
2941 457 2958 484 ,
2999 414 3171 470 Durus
3197 427 3270 470 est
3295 419 3378 473 ltic
3403 435 3565 474 sermo
3589 461 3606 486 ,
3640 438 3720 476 m-

2137 495 2348 563 quiunt.
2384 497 2614 572 ideoque
2641 505 2921 562 recedunt.
2943 508 3104 578 Atqui
3135 525 3243 564 non
3273 525 3409 565 nova
3437 521 3554 567 erat
3576 553 3591 578 ,
3619 527 3717 568 ne-

2138 600 2244 655 que
2293 591 2530 646 variabat
2577 593 2819 652 doctrina
2864 615 2878 652 :
2921 613 3043 653 nam
3089 599 3324 656 Joannes
3354 601 3481 656 illud
3510 603 3530 637 ⁸
3559 619 3717 673 supra

2137 675 2590 749 subindicaverat,
2605 692 2730 734 cum
2750 681 2962 757 Agrum
2986 689 3159 758 ipsum
3190 693 3416 746 vocavit.
3445 693 3553 748 Sed
3589 735 3606 759 ,
3639 695 3720 749 in-

2136 768 2310 835 quies,
2345 771 2443 841 ipsi
2471 788 2576 827 non
2605 775 2999 836 intellexerant.
3028 780 3141 836 Hoc
3185 793 3238 838 et
3278 798 3380 853 ego
3416 787 3540 840 novi
3570 801 3586 845 :
3620 784 3714 842 sed

2136 875 2310 931 neque
2343 863 2590 935 discipuli
2632 869 2682 922 id
2714 870 2975 928 sciebant.
3005 873 3134 928 Nam
3174 875 3220 930 si
3263 879 3713 944 resurrectionem

2136 953 2372 1008 nondum
2396 957 2525 1011 satis
2549 959 2696 1015 clare
2729 961 3116 1033 intelligebant,
3146 966 3373 1038 ideoque
3395 969 3716 1038 ignorabant

2133 1043 2258 1111 quid
2288 1045 2416 1100 illud
2448 1057 2612 1114 esset,
2639 1050 2833 1106 Soluite
2861 1056 3101 1124 templum
3125 1057 3238 1123 hoc,
3268 1067 3314 1111 et
3339 1059 3390 1112 in
3413 1059 3574 1114 tribus
3599 1061 3711 1114 die-

2136 1132 2228 1187 bus
2247 1136 2473 1190 excitabo
2499 1140 2630 1194 illud
2657 1141 2676 1214 (
2704 1140 2863 1197 Joan.
2889 1144 2944 1198 2.
2974 1145 3040 1200 l9
3070 1150 3086 1214 )
3110 1162 3125 1212 ;
3157 1148 3328 1202 multo
3349 1149 3525 1205 minus
3549 1165 3709 1220 supra

2129 1223 2268 1279 dicta
2314 1231 2594 1298 capiebant
2623 1273 2638 1297 ,
2670 1251 2788 1302 quae
2821 1238 3129 1291 obscuriora
3157 1249 3327 1294 erant.
3361 1240 3517 1307 Quod
3555 1243 3706 1298 enim

2129 1319 2402 1388 prephetu:
2431 1324 2880 1397 surrexissent(a)
2907 1368 2920 1392 ,
2954 1339 3165 1395 norant,
3193 1330 3319 1385 licet
3345 1331 3395 1385 id
3416 1331 3710 1402 Scriptura:

2127 1426 2233 1466 non
2263 1413 2408 1470 clare
2437 1415 2617 1471 dicant
2649 1435 2662 1470 :
2693 1419 2836 1488 quod
2867 1435 2994 1475 vero
3023 1435 3240 1477 carnem
3273 1425 3394 1492 quis
3419 1425 3710 1480 manduca-

2127 1505 2258 1557 verit
2283 1545 2298 1570 ,
2329 1521 2488 1560 nemo
2517 1522 2701 1563 eorum
2728 1509 2954 1565 dixerat.
2988 1513 3240 1567 Attamen
3267 1513 3708 1585 obtemperabant

2124 1596 2568 1665 etscquebantur,
2598 1609 2756 1669 atque
2774 1601 3164 1657 confitebantur
3184 1605 3358 1674 ipsum
3390 1607 3550 1662 verba
3580 1607 3704 1662 vita:

2123 1693 2339 1740 aeternae
2381 1687 2599 1744 habere.
2649 1689 2778 1745 Illud
2819 1693 2963 1746 enim
3003 1692 3246 1764 discipuli
3290 1705 3415 1760 est,
3461 1698 3701 1767 magistri

2123 1775 2284 1830 verba
2315 1791 2417 1830 non
2435 1779 2697 1834 curiosius
2727 1781 3017 1851 inquirere,
3049 1784 3144 1839 sed
3174 1785 3359 1841 audire
3382 1795 3436 1842 et
3453 1787 3698 1858 obsequi,

2121 1880 2184 1921 ac
2231 1877 2442 1939 tempus
2481 1869 2548 1924 ad
2591 1872 2913 1928 solutionem
2957 1884 3321 1945 Opportunum
3365 1889 3697 1948 exspectare.

2118 1956 2227 2011 Cur
2253 1974 2381 2028 ergo
2417 1961 2744 2016 contrarium
2768 2003 2784 2027 ,
2826 1965 3055 2031 accidit,
3104 1966 3345 2035 inquient
3370 2007 3386 2034 ,
3413 1978 3466 2023 et
3493 1978 3699 2025 retror-

2117 2061 2234 2102 sum
2265 2050 2554 2106 abierunt?
2581 2052 2636 2107 id
2663 2069 2726 2107 ex
2755 2053 2964 2110 illorum
2993 2057 3292 2127 insipientia
3309 2059 3503 2113 evenit.
3521 2060 3699 2127 Quan-

2116 2139 2186 2194 do
2212 2141 2354 2195 enim
2385 2142 2526 2196 subit
2548 2143 2786 2198 animum
2818 2145 2904 2200 illa
2942 2147 3167 2215 quaestio
3187 2189 3203 2213 ,
3237 2147 3538 2216 Quomodo,
3571 2159 3696 2206 tunc.

2117 2244 2219 2284 una
2245 2229 2539 2300 ingreditur
2569 2233 2934 2290 incredulitas.
2967 2235 3057 2292 Sic
3080 2247 3134 2291 et
3156 2237 3480 2295 Nicodemus
3515 2239 3697 2294 turba-

2113 2319 2270 2375 batur
2291 2321 2509 2376 dicens:
2541 2321 2803 2388 Quomodo
2821 2333 2980 2394 potest
3000 2327 3153 2380 homo
3179 2328 3371 2382 intrare
3391 2329 3444 2382 in
3469 2338 3690 2384 ventrem

2111 2413 2285 2466 matris
2311 2428 2418 2466 sua?
2441 2411 2468 2466 .9
2509 2413 2588 2468 sic
2628 2422 2684 2469 et
2731 2414 2784 2468 hi
2818 2431 2960 2472 nunc
2989 2416 3267 2473 turbantur
3290 2419 3529 2475 dicentes
3555 2439 3569 2474 :
3598 2421 3690 2476 52.

2113 2502 2376 2568 Quomodo
2405 2512 2566 2572 potest
2601 2506 2686 2559 hic
2727 2508 2870 2562 nobis
2895 2524 3098 2563 carnem
3123 2509 3268 2563 suam
3297 2511 3425 2565 dare
3447 2512 3516 2565 ad
3541 2529 3688 2567 utau-

2108 2593 2398 2648 ducandum
2417 2595 2444 2650 ?
2470 2594 2603 2651 Nam
2634 2597 2680 2652 si
2711 2597 2861 2664 illud,
2890 2598 3178 2666 Quomodo,
3204 2601 3428 2671 inquiris
3451 2644 3470 2670 ,
3498 2618 3596 2659 cur
3618 2604 3690 2660 de

2109 2685 2335 2756 panibus
2365 2702 2472 2742 non
2501 2687 2635 2743 dicis
2658 2730 2674 2756 ,
2726 2689 3008 2757 Quomodo
3048 2691 3286 2762 quinque
3330 2708 3498 2763 panes
3529 2695 3580 2749 in
3611 2704 3687 2750 tot

2106 2778 2240 2832 alios
2263 2779 2634 2849 multiplicavit
2659 2779 2683 2833 ?
2709 2779 2842 2838 Nam
2881 2788 3008 2854 tum:
3037 2783 3264 2836 saturari
3305 2785 3565 2839 curabant
3590 2799 3680 2840 so-

2104 2868 2381 2924 lummodo
2402 2911 2418 2936 ,
2469 2885 2569 2926 nec
2593 2870 3006 2927 considerabant
3031 2872 3368 2928 miraeulu.
3391 2874 3497 2930 Sed
3522 2889 3685 2944 expc.

2102 2960 2312 3025 ricntia,
2345 2961 2570 3030 inquies,
2605 2969 2728 3015 tunc
2751 2961 2949 3016 docuit.
2980 2960 3119 3032 Ergo
3142 2962 3213 3018 ob
3233 2963 3376 3018 illam
3402 2965 3682 3034 experien-

2105 3050 2230 3104 tiam
2260 3049 2375 3106 luec
2400 3050 2610 3106 facilius
2633 3051 2781 3106 credi
2806 3054 3061 3122 oportuit.
3104 3051 3230 3109 Ideo
3260 3068 3490 3123 namque
3516 3054 3664 3123 prius

2101 3142 2234 3196 illud
2273 3152 2378 3196 tam
2407 3142 2648 3198 mirabile
2670 3144 2934 3212 patravit,
2957 3152 3016 3198 ut
3041 3144 3132 3201 illo
3159 3144 3330 3200 edocti
3357 3183 3372 3210 ,
3400 3157 3506 3198 non
3537 3144 3675 3200 ultra

2099 3235 2257 3290 dictis
2279 3234 2434 3289 fidem
2463 3243 2741 3304 negarent.
2765 3234 2843 3288 ΙΙΙί
2873 3235 3088 3305 quidem
3114 3244 3238 3290 tunc
3260 3235 3516 3303 temporis
3542 3232 3672 3288 nihil

2099 3326 2342 3382 utilitatis
2388 3341 2451 3382 ex
2498 3327 2654 3381 dict-is
2682 3327 3024 3394 retulerunt,
3053 3343 3150 3382 nos
3191 3327 3364 3397 reipsa
3410 3325 3674 3381 beneficio

2101 3417 2345 3471 fruimur.
2376 3417 2712 3489 Quapropter
2753 3417 3064 3474 discendum
3105 3417 3233 3488 quid
3261 3418 3331 3472 sit
3357 3417 3670 3472 miraculum

2099 3510 2474 3580 mysteriorum
2505 3551 2520 3576 ,
2552 3525 2648 3566 cur
2678 3510 2799 3566 data
2829 3511 2937 3565 sint
2964 3551 2980 3578 ,
3024 3525 3144 3580 quae
3187 3510 3401 3565 illorum
3451 3510 3670 3565 utilitas.

2100 3600 2270 3655 Unum
2302 3617 2485 3670 corpus
2506 3617 2697 3667 simius,
2725 3600 2918 3669 inquit,
2948 3611 2993 3654 et
3022 3601 3244 3655 membra
3269 3617 3332 3655 ea:
3352 3617 3503 3654 carne
3525 3609 3572 3653 et
3599 3615 3676 3652 os-

2093 3692 2230 3745 sibus
2250 3693 2358 3761 ejus
2386 3691 2607 3763 (Ephes.
2632 3693 2686 3747 5.
2713 3693 2781 3748 ε’σο
2799 3689 2840 3764 ).
2877 3691 3068 3746 lnitiati
3106 3692 3263 3747 dictis
3287 3692 3670 3763 obsequantur.

2170 3782 2223 3836 3.
2269 3781 2336 3838 Ut
2365 3798 2492 3852 ergo
2517 3799 2620 3836 non
2653 3783 2826 3837 solum
2874 3796 2971 3851 per
2993 3782 3366 3850 dilectionem,
3391 3783 3485 3838 sed
3511 3783 3669 3837 etiam

2095 3872 2289 3940 reipsa,
2317 3885 2440 3926 cum
2471 3871 2557 3926 illa
2583 3887 2746 3927 carne
2785 3872 3264 3928 commisceamur:
3309 3871 3359 3927 id
3387 3872 3526 3943 quod
3556 3871 3674 3927 elfi-

2091 3962 2230 4016 citnr
2273 3977 2369 4032 per
2393 3961 2569 4018 cibum
2599 3977 2757 4032 quem
2811 3962 2902 4018 ille
2949 3961 3114 4029 dedit,
3146 3971 3204 4016 ut
3247 3963 3494 4018 ostendat
3519 3961 3674 4018 nobis

2091 4061 2291 4121 quanto
2320 4067 2444 4122 erga
2472 4067 2572 4108 nos
2598 4053 2798 4110 ferveat
2822 4068 3024 4109 amore.
3058 4053 3181 4110 Ideo
3224 4068 3285 4108 se
3326 4052 3481 4108 nobis
3523 4067 3669 4107 com-

2091 4131 2323 4206 miscuit,
2347 4151 2402 4197 et
2428 4144 2480 4197 in
2509 4157 2674 4198 unum
2699 4156 2896 4214 corpus
2921 4151 3086 4198 totum
3111 4141 3402 4205 constituit,
3428 4150 3484 4195 ut
3505 4157 3666 4196 unum

2089 4233 2280 4298 simus,
2310 4233 2460 4302 quasi
2493 4248 2690 4304 corpus
2736 4233 2978 4303 junctum
3025 4231 3206 4302 capiti.
3252 4229 3386 4286 Nam
3429 4229 3667 4286 ardentis

2089 4325 2289 4378 amoris
2339 4323 2441 4379 hoc
2481 4334 2564 4381 est
2614 4324 2890 4380 iudicium.
2921 4324 3034 4380 Hoc
3059 4323 3401 4380 subindicans
3430 4322 3552 4386 Job,
3597 4321 3667 4378 de

2088 4416 2260 4472 servis
2308 4417 2420 4472 suis
2448 4416 2682 4482 dicebat,
2712 4432 2741 4472 a
2769 4417 2962 4487 quibus
3010 4417 3090 4472 sic
3127 4417 3426 4481 amabatur,
3457 4424 3528 4476 ut,
3551 4414 3668 4485 ejus

2087 4507 2337 4561 carnibus
2379 4507 2663 4563 admisceri
2710 4515 3054 4576 peroptarent
3081 4523 3096 4560 :
3124 4516 3184 4561 ut
3217 4507 3360 4561 enim
3390 4505 3664 4560 ardentem

2086 4612 2325 4654 amorem
2363 4598 2747 4664 ostenderent,
2793 4597 3083 4652 dicebant:
3119 4595 3243 4663 Quis
3293 4596 3376 4650 det
3426 4595 3566 4650 nobis
3603 4594 3667 4648 de

2086 4689 2319 4744 carnibus
2361 4691 2483 4756 suis,
2518 4700 2571 4744 ut
2608 4699 2895 4743 saturemur
2924 4688 3045 4762 (Job
3088 4689 3177 4744 3|.
3233 4689 3370 4759 5|)?
3409 4687 3562 4756 Quod
3605 4697 3662 4743 et

2083 4783 2331 4839 Christus
2363 4781 2508 4848 fecit,
2539 4781 2605 4838 ad
2633 4782 2891 4852 majorem
2933 4796 3032 4837 uos
3062 4781 3350 4836 amicitiam
3382 4780 3670 4845 inducens,

2084 4883 2138 4929 et
2169 4889 2320 4928 suum
2348 4872 2502 4928 nobis
2523 4872 2899 4928 demonstrans
2927 4885 3203 4935 amorem;
3242 4884 3416 4939 neque
3443 4883 3504 4924 se
3530 4883 3662 4923 con-

2083 4963 2478 5035 cupiscentibus
2507 4962 2795 5018 videndum
2830 4961 2992 5017 modo
3018 4960 3283 5032 praebuit;
3310 4959 3405 5016 sed
3437 4969 3662 5030 tangen-

2083 5057 2230 5122 dum,
2257 5055 2669 5121 comedendum,
2695 5053 2947 5110 dentibus
2985 5052 3288 5118 terendum,
3310 5051 3663 5109 commiscen-

2082 5143 2210 5202 dum
2254 5163 2270 5212 ;
2383 5146 2816 5216 desideriumque
2841 5145 3080 5216 implevit
3101 5160 3281 5201 omne.
3304 5147 3387 5200 Ab
3411 5144 3501 5198 illa
3528 5157 3659 5214 ergo

2144 5304 2160 5334 ι
2199 5301 2252 5365 In
2270 5298 2696 5365 Savil._legitur....
2724 5310 2813 5365 pro
2833 5296 3004 5365 mundi
3037 5298 3146 5349 vita.
3179 5306 3354 5347 rerum
3375 5307 3534 5365 ,ppva
3556 5294 3660 5365 Iure

2081 5363 2301 5425 doctrina
2315 5368 2401 5419 est,
2416 5356 2652 5425 imprium,
2669 5369 2714 5425 et
2724 5356 2953 5409 "inaudita
2965 5373 2982 5409 :
2996 5367 3204 5425 .(owmes
3228 5366 3383 5407 tamen
3395 5356 3538 5415 illud,
3558 5363 3658 5406 etc.

2079 5424 2260 5474 Μαι-ειη
2287 5422 2547 5484 lectionem
2557 5423 2828 5484 sequimur,
2841 5433 2987 5484 quam
3010 5422 3132 5484 item
3155 5426 3398 5484 sequutus
3423 5425 3500 5468 est
3519 5426 3658 5484 Fran-

2077 5487 2234 5534 ciscus
2250 5487 2486 5534 Aretinus.
2517 5478 2703 5532 Verum
2723 5478 2882 5534 amba':
2907 5482 3162 5543 lectiones,
3187 5478 3361 5544 si'quis
3376 5487 3568 5532 attente
3588 5478 3657 5528 le-

2079 5554 2180 5606 gat,
2207 5545 2382 5594 eodem
2403 5545 2634 5594 redeunt.

2139 5607 2213 5666 (α)
2245 5607 2318 5653 sic
2340 5606 2522 5654 habent
2543 5605 2702 5654 omnia
2723 5601 3038 5666 exemplaria.
3063 5603 3154 5655 Sed
3176 5603 3332 5656 fateor
3355 5613 3450 5653 nou
3475 5611 3654 5663 capere

2077 5681 2157 5718 me
2179 5667 2296 5729 quid
2313 5667 2388 5717 hic
2409 5668 2497 5715 sibi
2535 5667 2654 5716 velit
2675 5666 3056 5730 Cbrysostomus.
