4104 6156
477 243 573 301 26!

474 356 659 397 thensa
692 341 1027 406 recedamus,
1063 351 1329 412 tamquam
1357 343 1537 398 leones
1567 347 1738 411 ignem
1770 348 2054 417 spirantes,

474 430 691 486 diabolo
714 434 1007 498 terribiles,
1031 436 1326 503 cogitantes
1350 435 1492 505 quod
1523 437 1591 489 sit
1610 448 1767 507 caput
1794 448 2054 506 nostrum,

472 532 526 576 et
555 530 810 591 quantam
845 524 998 578 nobis
1044 524 1382 580 dilectionem
1429 526 1750 583 exhibuerit.
1802 530 2055 586 Parentes

472 628 616 683 saepe
639 614 839 668 liberos
856 628 983 669 suos
1000 614 1222 685 aliisque
1239 617 1460 672 alendos
1480 619 1725 686 tradunt;
1753 635 1849 691 ego
1868 631 2054 680 comra

472 705 723 759 carnibus
752 706 872 760 illos
896 706 1032 760 meis
1062 707 1165 770 alo,
1198 709 1459 780 meipsum
1485 726 1717 784 appono,
1744 727 1839 768 vos
1866 728 2055 771 omnes

470 796 677 849 nobiles
704 811 824 850 esse
848 797 989 862 volo,
1015 807 1067 852 et
1122 798 1316 853 bonam
1358 800 1424 856 de
1456 802 1644 858 tuturis
1668 820 1817 874 spem
1844 805 2049 865 adiero.

469 884 601 941 Nam
628 886 715 956 qui
762 887 814 940 in
848 886 947 941 hac
977 888 1083 941 vita
1117 902 1177 942 se
1204 891 1357 944 vobis
1398 893 1643 958 tradidit,
1677 896 1842 950 multo
1885 898 2053 965 magis

468 982 521 1033 in
571 980 744 1033 futura
793 981 1007 1035 favebit.
1042 980 1231 1037 Frater
1268 998 1389 1039 esse
1435 993 1613 1039 vester
1638 986 1800 1054 volui,
1834 996 2054 1057 propter

470 1088 562 1125 vos
587 1087 927 1128 communem
956 1073 1114 1127 habui
1137 1090 1351 1130 carnem
1378 1085 1432 1130 et
1456 1078 1766 1147 sanguinem
1789 1096 1802 1132 :
1836 1095 2047 1134 rursum

471 1164 621 1220 vobis
644 1180 863 1220 carnem
905 1174 960 1220 et
988 1168 1301 1236 sanguinem
1328 1168 1480 1223 trado
1510 1185 1606 1239 per
1634 1186 1752 1239 quae
1782 1185 2051 1243 congener

468 1256 617 1309 vobis
645 1255 814 1310 factus
848 1271 988 1310 sum.

537 1346 814 1423 Sanguinis
852 1348 1038 1402 Christi
1066 1352 1311 1405 encomia.
1334 1381 1406 1391 —
1434 1350 1528 1406 IIic
1554 1354 1770 1423 Sanguis
1811 1354 1862 1407 in
1892 1355 2048 1411 nobis

463 1438 684 1507 regiam,
714 1418 1064 1508 ﬂoiidamque
1102 1440 1320 1496 exhibet
1346 1418 2041 1513 imaginem,vpulchritudi-

464 1544 585 1582 nem
617 1531 753 1598 parit
801 1530 1188 1595 incredibilem,
1218 1534 1411 1589 anima:
1453 1537 1783 1597 nobilitatem
1833 1555 2041 1596 marce-

463 1635 613 1675 scere
655 1638 759 1676 non
804 1625 953 1689 sinit,
991 1622 1121 1679 dum
1171 1625 1478 1697 frequenter
1521 1631 1701 1700 irrigat
1749 1642 1803 1687 et
1852 1636 2038 1689 nutrit.

461 1708 689 1780 Sanguis
734 1713 875 1766 enim
925 1730 1028 1768 non
1059 1716 1236 1770 statim
1289 1718 1341 1772 in
1390 1720 1545 1775 nobis
1581 1723 1634 1775 Iit
1667 1738 1731 1777 ex
1777 1724 1919 1792 cibo,
1947 1726 2041 1781 sed

461 1802 605 1856 aliud
633 1805 902 1876 quidpiam
936 1826 948 1860 :
982 1806 1068 1863 hic
1110 1824 1238 1865 vero
1280 1813 1496 1881 sanguis
1534 1815 1812 1870 coolestim
1856 1819 2040 1890 irrigat

462 1894 726 1957 animam,
759 1904 814 1948 et
856 1912 1092 1967 magnam
1135 1901 1239 1954 vim
1282 1903 1433 1957 indit.
1465 1904 1561 1959 Hic
1606 1909 1850 1977 sanguis‘
1881 1911 2040 1981 digne

463 1992 716 2050 acceptus
754 1985 1019 2042 daemonas
1044 1993 1225 2059 procul
1254 1994 1421 2061 pellit,
1454 1998 1671 2063 angelus
1699 1998 1763 2053 ad
1798 2014 1896 2054 nos
1939 2001 2034 2057 ad-

466 2083 661 2140 vocat,
723 2077 995 2149 ipsumque
1042 2084 1351 2153 angelorum
1401 2086 1703 2145 Dominum.
1758 2093 2039 2151 Dmmones

459 2167 654 2235 quippe
686 2168 918 2240 fugiunt,
953 2173 1039 2228 ubi
1087 2175 1265 2231 vident
1308 2180 1620 2250 sanguinem
1662 2184 2034 2255 Dominicum;

454 2270 741 2315 accurrunt
781 2272 961 2319 autem
1008 2268 1205 2339 angeli.
1235 2269 1331 2325 Hic
1364 2275 1580 2344 sanguis
1625 2275 1826 2333 cﬂ'usus
1868 2289 2034 2336 totum

452 2349 637 2404 orbem
668 2352 894 2408 abluil'.
931 2356 1086 2412 Multa
1115 2358 1184 2415 de
1212 2359 1314 2416 hoc
1340 2365 1596 2434 sanguine
1626 2366 1811 2422 beatus
1840 2369 2034 2426 Paulus

452 2439 504 2494 in
550 2442 786 2509 Epistola
817 2448 883 2500 ad
932 2447 1188 2506 Hebraeos
1236 2454 1606 2524 philosophice
1656 2459 1894 2515 tradidit.
1936 2463 2035 2520 Hic

452 2536 667 2603 Sanguis
694 2538 851 2610 adyta
880 2549 934 2595 et
960 2552 1142 2597 sancta
1172 2556 1478 2601 sanctorum
1508 2551 1774 2619 purgavit.
1806 2553 1957 2620 Quod
1987 2556 2034 2610 si

452 2623 567 2693 ejus
614 2626 777 2696 ﬁgura
821 2640 1021 2685 tantam
1056 2634 1160 2687 vim
1192 2635 1376 2692 habuit
1407 2638 1460 2692 in
1505 2639 1849 2697 Hebraeorum
1894 2654 2030 2700 tem-

451 2715 557 2781 plo,
603 2716 653 2770 in
689 2718 862 2772 media
912 2719 1163 2793 Egyplo,
1216 2724 1488 2783 liminibus
1541 2745 1813 2800 aspersus,
1865 2735 2033 2790 multo

450 2807 705 2875 majorem
738 2811 847 2879 ipsa
873 2814 1066 2867 veritas
1090 2814 1269 2871 habet.
1290 2818 1387 2873 llic
1409 2822 1623 2892 sanguis
1640 2839 1785 2879 aram
1811 2840 2029 2882 auream

449 2899 682 2952 sacravit
708 2918 722 2952 ;
753 2901 872 2955 sine
903 2901 1006 2957 hoc
1034 2921 1137 2958 non
1162 2907 1388 2962 audebat
1414 2911 1663 2981 princeps
1689 2914 2028 2971 sacerdotum

450 2987 503 3041 in
526 2988 680 3062 adyta
708 2992 934 3062 ingredi.
981 2996 1079 3051 Hic
1121 3002 1338 3069 sanguis
1368 3004 1677 3059 sacerdotes
1724 3008 2027 3077 ordinabat,

449 3078 536 3135 hic
576 3082 625 3136 in
657 3082 840 3153 ﬁguris
870 3096 1080 3154 peccata
1127 3090 1394 3146 abluebat.
1423 3094 1477 3147 Si
1521 3095 1581 3151 in
1610 3097 1794 3167 ﬁguris
1826 3109 2028 3155 tantam

446 3173 553 3226 vim
580 3173 785 3239 habuit,
816 3178 860 3232 si
896 3180 1135 3234 umbram
1177 3182 1248 3236 ita
1278 3199 1426 3240 mors
1453 3187 1695 3256 horruit;
1722 3192 2025 3257 veritatem,

446 3277 653 3334 quaeso,
678 3278 931 3337 quantum
960 3270 1310 3330 formidahit?
1359 3277 1455 3333 llic
1481 3283 1697 3351 sanguis
1723 3284 1867 3339 salus
1897 3286 2029 3340 ani-

446 3370 655 3409 marum
706 3369 1004 3416 nostrarum
1047 3373 1174 3418 est:
1227 3367 1327 3421 hoc
1364 3370 1631 3425 abluitur'
1675 3377 1882 3442 anima,
1926 3376 2026 3432 hoc

446 3459 697 3516 ornatur,
749 3450 851 3507 hoc
902 3455 1203 3511 incenditur
1251 3477 1265 3512 :
1320 3459 1406 3515 hic
1441 3463 1560 3531 igne
1608 3467 2024 3534 splendidiorem

445 3551 677 3598 mentem
707 3552 945 3602 nostram
976 3548 1152 3604 reddit
1185 3565 1199 3604 :
1244 3550 1332 3608 hic
1359 3559 1578 3626 sanguis
1603 3559 1803 3615 ell‘usns
1832 3561 2022 3615 cat-lum

446 3633 681 3700 pervium
716 3635 860 3691 fecit.

512 3723 565 3777 4.
606 3724 648 3777 Τ
654 3726 906 3783 remenda
942 3744 1067 3786 vere
1092 3734 1342 3801 mysteria
1371 3735 1659 3804 Ecclesiae;
1695 3739 2019 3797 horrendum

445 3828 571 3869 vere
596 3816 783 3873 altare.
815 3819 893 3874 Ex
921 3823 1167 3889 paradiso
1197 3826 1315 3880 fons
1343 3829 1584 3882 scaturiit
1610 3832 1838 3888 sensiles
1867 3836 2018 3889 entit-

442 3908 563 3959 tens
618 3906 845 3964 ﬂuvios:
878 3926 943 3966 ex
998 3912 1098 3968 hac
1151 3930 1334 3971 mensa
1391 3918 1510 3973 lous
1561 3923 1785 3977 scaturit
1830 3925 2021 3981 ﬂuvios

441 3997 690 4053 cmittens
720 4001 1046 4072 spirituales.
1074 4006 1154 4060 Ad
1183 4007 1323 4064 hunc
1351 4009 1549 4067 fontem
1590 4014 1869 4084 eriguntur
1914 4034 2018 4073 non

442 4086 635 4143 salices
690 4091 1065 4159 inlructuosze,
1096 4098 1191 4152 sed
1239 4101 1458 4157 arbores
1509 4105 1575 4158 ad
1630 4106 1801 4175 ipsum
1832 4111 2018 4165 etclum

444 4180 826 4250 pertingeutes,
862 4200 981 4255 quae
1019 4185 1222 4243 fructus
1250 4204 1461 4261 semper
1488 4196 1789 4262 producunt
1819 4209 2021 4270 tempe.

444 4270 632 4336 stivos,
664 4274 753 4341 qui
801 4290 1090 4346 numquam
1136 4293 1494 4338 marcescunt.
1538 4285 1592 4340 Si
1639 4291 1759 4357 quis
1803 4301 2017 4357 aestuat,

441 4356 583 4415 hunc
602 4360 759 4417 adeat
787 4363 1009 4434 fontem,
1027 4377 1080 4423 et
1102 4369 1351 4426 ardorem
1376 4356 1808 4444 temperet.Nam
1829 4356 2018 4435 aestum

376 4457 379 4459 “
442 4448 605 4519 fugat,
634 4461 687 4506 et
715 4455 902 4510 adusta
930 4460 1108 4513 omnia
1140 4465 1421 4532 refrigerat
1452 4483 1465 4517 :
1501 4483 1606 4520 non
1648 4485 1765 4537 quae
1798 4486 1863 4524 ex
1890 4473 2020 4526 solis

441 4542 632 4598 ardore
663 4556 912 4615 mstuant,
940 4552 1030 4604 sed
1061 4569 1178 4621 qua:
1212 4555 1378 4622 igneis
1425 4559 1630 4626 sagittis
1658 4572 1845 4615 exusta
1871 4575 2011 4618 sunt.

441 4632 740 4705 Superuum
767 4641 910 4696 enim
953 4643 1109 4700 habet
1151 4650 1469 4719 principium
1496 4662 1550 4706 et.
1590 4654 1845 4721 radicem,
1877 4658 2018 4713 unde

498 4790 513 4866 ξ
550 4787 853 4866 bliilegunt,
876 4794 954 4866 hic
975 4799 1170 4861 sanguis
1186 4802 1429 4866 mysticus.

490 4851 516 4927 '-
542 4857 684 4927 ,Ἥκω
707 4851 1181 4927 {borch-legendum,
1206 4851 1542 4927 eiiiptiitrpro,
1569 4870 1738 4925 abluit.

498 4912 517 4941 ³
553 4912 686 4962 Idem
713 4917 855 4977 legit,
880 4912 1301 4986 Ιαεῦίὶειιιηνξριιόξ

430 4990 1555 5024 —__.__________________

1449 244 1514 299 IN
1551 239 1864 299 JOANNEM
1906 240 2137 298 uoutL.
2180 242 2386 307 xavu.
2425 256 2496 309 al.
2539 259 2723 320 xm,

3252 320 3264 327 .
3642 276 3749 342 ω

2166 353 2219 399 et
2246 345 2516 417 irrigatur.
2551 355 2625 408 Ex
2670 354 2771 413 hoc
2813 357 2959 416 fonte
3004 365 3154 420 multi
3201 369 3299 424 rivi
3342 386 3579 443 manant,
3610 397 3743 449 quos

2165 438 2360 494 emittit
2376 442 2698 510 Paracletus,
2718 449 2986 523 Filiusque
3003 459 3265 514 mediator
3278 472 3360 517 est
3377 483 3389 518 :
3406 480 3509 521 non
3530 438 3745 531 bidente

2162 528 2302 581 viam
2352 542 2522 597 parat,
2550 536 2642 589 sed
2691 538 2935 595 aITectunt
2968 556 3210 601 nostrum
3242 555 3429 618 aperit.
3480 556 3578 613 llic
3626 560 3745 617 fons

2163 616 2297 672 lucis
2327 630 2430 686 est,
2462 628 2702 681 veritatis
2731 632 2907 687 radios
2938 636 3253 695 dili'undcns.
3280 616 3419 698 IIuic
3458 649 3616 703 etiam
3650 655 3741 708 ad-

2161 714 2303 762 stant
2359 726 2605 781 superme
2651 720 2913 789 virtutes,
2966 727 3239 784 alveorum
3291 737 3738 801 pulchritudinem

2163 797 2432 856 intuentes
2467 820 2479 854 :
2514 807 2633 871 quia
2663 808 2859 865 clarius
2906 820 3193 883 propositre
3236 824 3310 876 rei
3338 828 3463 889 vim,
3497 839 3549 882 et
3596 833 3737 885 inae-

2158 904 2342 947 CeSSos
2385 896 2565 950 radios
2609 902 2955 969 perspiciunt.
2987 906 3053 960 Ut
3079 910 3220 962 enim
3253 914 3296 966 si
3332 917 3452 983 quis
3483 920 3534 972 in
3568 922 3735 989 lique-

2157 985 2351 1041 factum
2379 1003 2567 1045 aurum
2601 1008 2814 1049 manum
2858 1001 2938 1052 vel
2985 1002 3214 1069 linguam
3244 1007 3461 1076 injiciat,
3487 1015 3529 1066 si
3562 1026 3735 1073 tamen

2155 1074 2207 1128 id
2234 1077 2345 1130 lieri
2382 1082 2570 1148 possit,
2599 1087 2777 1138 statim
2810 1089 3102 1144 inauratam
3134 1074 3339 1161 reddit;
3374 1100 3422 1152 id
3448 1074 3733 1172 proposita

2155 1169 2402 1237 mysteria
2438 1170 2593 1240 longe
2617 1177 2806 1230 melius
2835 1180 3026 1236 anima:
3053 1196 3317 1250 pratstant
3360 1169 3571 1248 Fluvios
3590 1200 3732 1252 enim

2155 1258 2273 1327 igne
2313 1258 2604 1319 ferventius
2639 1267 2857 1334 ebullit;
2909 1281 2962 1325 at
2992 1289 3095 1327 non
3143 1279 3264 1343 urit,
3296 1281 3389 1335 sed
3422 1285 3582 1338 abluit
3616 1298 3733 1343 tan-

2154 1358 2284 1402 tum.
2328 1351 2479 1407 Hunc
2515 1357 2826 1424 sanguinem
2850 1362 2978 1416 olim
3023 1368 3429 1435 prtetigurahant
3457 1375 3506 1427 in
3547 1378 3733 1432 altari-

2151 1439 2269 1506 bus,
2297 1441 2348 1496 in
2379 1443 2626 1513 legitimis
2646 1450 2916 1505 ca'dibus:
2945 1452 3043 1507 hoc
3070 1466 3152 1510 est
3178 1461 3323 1513 orbis
3350 1465 3596 1530 pretium,
3634 1468 3735 1524 hoc

2149 1541 2233 1585 est
2256 1547 2362 1601 quo
2390 1535 2633 1590 Christus
2683 1538 2972 1598 Ecr-lcsiam
3021 1548 3181 1608 emit.
3226 1552 3326 1605 hoc
3375 1554 3518 1608 illam
3565 1566 3730 1612 totam

2149 1623 2376 1676 ornavit.
2411 1625 2475 1680 Ut
2500 1628 2642 1680 enim
2673 1631 2762 1699 qui
2792 1646 2975 1688 servos
3000 1638 3146 1701 emit,
3176 1653 3362 1694 aurum
3394 1644 3504 1703 dat.
3533 1656 3587 1701 et
3614 1648 3731 1704 illos

2147 1710 2191 1763 si
2223 1725 2419 1767 ornare
2458 1716 2604 1783 velit,
2636 1732 2768 1771 auro
2793 1731 2948 1775 ornat
2973 1741 2987 1777 :
3018 1725 3086 1777 ita
3116 1737 3169 1779 et
3195 1728 3436 1784 Christus
3476 1750 3574 1788 urs
3599 1752 3727 1791 san-

2145 1801 2303 1870 guine
2327 1817 2424 1857 suo
2453 1815 2506 1859 et
2527 1808 2654 1860 emit
2673 1817 2724 1861 et
2741 1812 2973 1866 ornavit.
2991 1814 3089 1883 Qui
3123 1816 3280 1887 hujus
3306 1824 3579 1892 sanguinis
3606 1842 3729 1896 par-

2147 1893 2331 1963 ticipes
2358 1907 2499 1963 sunt,
2530 1913 2649 1952 cum
2678 1904 2878 1969 angelis
2923 1915 3067 1959 stant
3096 1919 3148 1963 et
3177 1910 3516 1981 archangelis
3541 1926 3595 1971 et
3636 1933 3729 1972 su-

2143 1985 2325 2053 pernis
2354 1991 2723 2055 potestatibus,
2749 1995 2889 2063 regia
2913 1996 3108 2052 Christi
3135 2003 3268 2056 stola
3298 2005 3462 2060 indttti
3488 2016 3544 2062 et
3565 2011 3728 2065 armis

2144 2075 2507 2143 spiritualibus
2542 2080 2807 2136 instructi.
2841 2085 2948 2140 Sed
3001 2089 3127 2143 nihil
3178 2107 3424 2161 magnum
3472 2097 3728 2158 hactenus

2142 2165 2249 2220 dixi
2285 2184 2300 2221 :
2332 2185 2451 2224 nam
2487 2171 2604 2240 ipso
2634 2183 2760 2227 sunt
2805 2176 2974 2231 induti
3022 2196 3166 2250 rege.
3199 2184 3301 2238 Sed
3350 2187 3487 2241 sicut
3529 2194 3724 2247 res'cst

2142 2272 2331 2328 magna
2373 2269 2429 2314 et
2474 2265 2766 2319 mirabilis:
2797 2267 2865 2322 ita
2908 2271 2952 2324 si
2993 2287 3111 2325 cum
3142 2277 3370 2343 puritate
3410 2283 3723 2349 accesseris,

2141 2347 2207 2401 ad
2257 2349 2484 2405 salutem
2534 2357 2836 2423 accessisti;
2867 2360 2910 2413 si
2940 2375 3059 2415 cum
3101 2365 3236 2417 mala
3271 2368 3626 2434 censcientia,
3657 2371 3723 2426 ad

2140 2439 2455 2508 supplicium
2484 2452 2538 2498 et
2579 2445 2852 2501 ultionem.
2900 2449 2997 2516 Qui
3034 2453 3165 2505 enim
3208 2456 3500 2522 manducat,
3531 2460 3721 2529 inquit,

2139 2539 2185 2582 et
2225 2530 2343 2583 bibit
2385 2533 2589 2603 indigne
2636 2534 2885 2604 Domino,
2921 2541 3173 2611 judicium
3220 2545 3313 2598 sibi
3359 2548 3631 2602 munducat
3678 2561 3723 2604 et

2140 2619 2260 2673 bibit
2294 2622 2369 2693 (I.
2396 2622 2512 2677 Cor.
2548 2626 2634 2679 Il.
2672 2627 2784 2696 29).
2814 2628 2867 2683 Si
2901 2630 3076 2700 itaque
3105 2633 3138 2686 ii
3165 2635 3253 2703 qui
3287 2637 3483 2704 regiam
3518 2654 3718 2709 purpu-

2138 2725 2250 2764 ram
2296 2712 2591 2783 inquinant,
2626 2731 2687 2771 ac
2729 2721 2774 2772 si
2822 2720 3204 2789 discinderent,
3236 2727 3562 2794 puniuntur:
3594 2732 3717 2799 quid

2137 2802 2330 2857 mirqu
2358 2806 2400 2857 si
2425 2807 2458 2858 ii
2482 2808 2570 2876 qui
2594 2808 2867 2864 imnuuulo
2886 2814 3066 2867 animo
3092 2813 3193 2869 hoc
3209 2830 3404 2884 corpus
3430 2821 3711 2890 accipiunt,

2136 2892 2275 2948 idem
2316 2896 2540 2950 subeant
2583 2900 2921 2968 supplicium,
2955 2902 3096 2971 quod
3144 2905 3177 2959 ii
3220 2906 3310 2973 qui
3356 2906 3483 2961 illud
3524 2924 3724 2976 corpus

2135 2983 2305 3040 clavis
2359 2987 2789 3045 transﬂxerunt?
2837 2992 2966 3048 Vide
3011 3010 3168 3065 quam
3223 2999 3461 3055 terribile
3523 3001 3718 3056 Paulus

2135 3077 2384 3133 exhibeat
2399 3081 2716 3149 supplicium
2736 3101 2749 3139 :
2774 3083 2984 3139 Irritam
3001 3089 3112 3156 quis
3129 3090 3322 3157 faciens
3343 3090 3499 3162 legem
3522 3092 3712 3165 Moysi,

2134 3169 2243 3223 sine
2269 3169 2378 3223 ulla
2402 3172 2724 3228 miseratione
2746 3174 2940 3231 duobus
2959 3179 3036 3232 vel
3055 3179 3213 3235 tribus
3233 3182 3438 3236 testibus
3471 3186 3715 3240 moritur:

2131 3273 2321 3334 quanto
2358 3265 2518 3335 magis
2572 3268 2761 3334 putatis
2809 3267 3058 3323 deteriora
3096 3274 3281 3327 mereri
3325 3275 3597 3344 supplicia,
3628 3278 3714 3348 qui

2134 3353 2183 3407 F
2185 3355 2326 3407 ilium
2354 3353 2452 3410 Dei
2486 3358 2874 3425 conculcaverit,
2898 3370 2944 3414 et
2970 3364 3264 3430 sanguinem
3291 3375 3573 3422 testamenti
3601 3370 3715 3438 pot-

2132 3443 2294 3498 lutum
2336 3447 2564 3509 duxerit,
2597 3448 2650 3500 in
2686 3465 2784 3517 quo
2807 3451 3151 3518 sancti/iectus
3188 3464 3260 3507 est
3290 3455 3473 3525 (Hebr.
3505 3457 3590 3512 10.
3619 3459 3709 3514 28.

2129 3536 2260 3606 29)?
2286 3538 2637 3591 Attendamus
2660 3539 2819 3608 igitur
2844 3541 2999 3595 nobis
3026 3542 3391 3610 ipsis,dilecti,
3408 3562 3528 3599 cum
3553 3550 3711 3602 tantis

2128 3627 2367 3683 fruamur
2414 3629 2602 3693 bonis;
2635 3640 2687 3685 et
2732 3646 2854 3685 cum
2883 3641 3036 3702 turpe
3061 3634 3330 3702 quidpiam
3377 3636 3521 3707 loqui
3568 3639 3710 3694 subit

2128 3720 2385 3785 animum,
2416 3721 2497 3773 vel
2545 3721 2757 3789 quando
2789 3723 2885 3789 ira,
2916 3725 2998 3777 vel
3048 3740 3210 3794 pravo
3239 3728 3486 3796 quopiam
3517 3728 3709 3783 alfectu

2128 3826 2227 3866 nos
2277 3812 2472 3881 corripi
2524 3813 2815 3879 cernimus,
2850 3814 3124 3869 nobiscum
3167 3830 3474 3886 reputemus
3518 3821 3708 3889 quibus

2124 3902 2323 3973 dignati
2356 3904 2521 3956 simus
2554 3902 2843 3967 beneﬂciis,
2862 3920 3018 3973 quem
3042 3905 3296 3974 Spiritum
3322 3910 3706 3977 acceperimus.

2128 3996 2251 4051 Ilmc
2270 3996 2520 4065 cogitatio
2547 4007 2760 4049 nostros
2782 3997 3129 4064 temperabit‘
3159 3999 3398 4054 allectus.
3422 4000 3708 4070 Quousque

2124 4089 2265 4142 enim
2317 4088 2475 4141 rebus
2500 4086 2853 4155 prtesentihus
2881 4087 3240 4143 haerebimus?
3285 4107 3561 4160 quousque
3602 4108 3706 4147 non

2125 4176 2518 4230 excitabimur?
2553 4191 2831 4245 quousque
2863 4177 3058 4230 unllant
3087 4179 3272 4234 salutis
3300 4190 3496 4234 nostra:
3524 4196 3704 4237 curam

2127 4266 2477 4321 habebimus?
2508 4267 2814 4336 Cogitemus
2838 4267 3153 4333 quibusnam
3182 4285 3278 4322 nos
3303 4270 3441 4325 Deus
3463 4271 3707 4342 dignatus

2126 4358 2215 4419 sit,
2257 4357 2454 4425 gratias
2498 4370 2740 4425 agamus,
2781 4356 3002 4426 gloriam
3038 4356 3348 4418 referamus.
3399 4375 3504 4414 non
3550 4362 3707 4417 modo

2128 4462 2222 4516 per
2246 4446 2423 4508 Iidem,
2451 4448 2543 4501 sed
2576 4448 2734 4501 etiam
2769 4463 2861 4515 per
2884 4462 3044 4516 Opera
3068 4466 3081 4501 :
3125 4459 3182 4503 ut
3214 4449 3387 4504 futura
3415 4466 3706 4522 consequa-

2126 4552 2248 4590 mur
2278 4537 2436 4598 bona,
2466 4536 2629 4606 gratia
2663 4548 2716 4590 et
2755 4537 3080 4607 benignitate
3127 4541 3330 4594 Domini
3372 4543 3536 4596 nostri
3581 4542 3707 4597 Jrsu

2125 4626 2345 4691 Christi,
2368 4629 2577 4696 quicum
2614 4627 2751 4680 Patri
2782 4628 2972 4697 gloria,
2995 4644 3097 4682 una
3122 4645 3241 4681 cum
3270 4642 3454 4685 sancto
3480 4632 3704 4700 Spiritu,

2126 4734 2268 4775 nunc
2290 4730 2342 4773 et
2367 4734 2580 4788 semper
2605 4728 2659 4773 et
2689 4720 2741 4773 in
2769 4719 2966 4773 szecula
2993 4720 3340 4775 saeculorum.
3373 4725 3562 4779 Amen.

2192 4919 2209 4952 ί
2246 4914 2340 4965 Alii
2364 4914 2566 4972 habent,
2593 4916 2839 4974 temperet.

1780 5073 1983 5137 HOMI
1998 5080 2128 5139 LIA
2190 5076 2420 5140 XLVII.

430 5148 556 5206 CAP.
598 5152 651 5215 6,
709 5170 757 5209 v.
800 5157 885 5212 53.
933 5158 1074 5214 Dixit
1117 5177 1235 5232 ergo
1275 5165 1345 5217 eis
1389 5163 1538 5221 Iesus
1576 5185 1594 5222 :
1636 5170 1830 5234 Amen,
1876 5191 2020 5229 auten

504 5243 615 5297 dico
642 5246 802 5309 vobis,
830 5249 927 5302 nisi
964 5253 1386 5307 manducaveritis
1423 5269 1624 5310 carnem
1657 5259 1779 5313 Filii
1805 5262 2020 5318 hominis

502 5346 547 5387 et
568 5335 793 5391 biberitis
815 5341 924 5409 ejus
957 5343 1274 5410 sanguinem,
1305 5361 1405 5397 non
1427 5346 1667 5401 habebitis
1694 5350 1844 5403 vitam
1870 5363 2019 5406 teter-

502 5441 618 5478 nam
670 5429 722 5481 in
770 5429 926 5482 vobis.
957 5432 1047 5485 54.
1082 5432 1182 5496 Qui
1223 5446 1389 5489 autem
1419 5438 1689 5492 manducet
1720 5458 1881 5495 nteant
1907 5460 2019 5497 car-

502 5533 650 5585 nem,
698 5531 744 5574 et
795 5520 913 5574 bibit
967 5539 1131 5577 meum
1179 5528 1518 5596 sanguinem,
1580 5530 1726 5585 habet
1769 5534 1921 5587 vitam
1965 5536 2018 5588 in

501 5614 786 5681 semetipso.

509 5703 554 5756 ι.
593 5704 728 5760 Cum
760 5704 830 5763 de
877 5707 1039 5766 rebus
1085 5712 1446 5782 spiritualibus
1491 5716 1833 5788 disserimus,
1879 5717 2009 5774 nihil

2126 5175 2381 5230 S‘J‘.CllI:tl‘e
2427 5173 2497 5225 sit
2536 5172 2586 5225 iu
2630 5170 2821 5225 animis
2868 5170 3088 5232 nostris,
3124 5170 3252 5223 nihil
3294 5180 3582 5236 terrenum,
3613 5174 3703 5226 sed

2127 5265 2210 5319 his
2237 5263 2482 5317 omnibus
2510 5262 2766 5315 abdicatis
2792 5276 2853 5313 ac
2879 5260 3346 5328 depulsis,diviuis
3374 5264 3706 5318 sermonibus

2127 5358 2221 5411 toti
2250 5355 2569 5409 hrcreantus.
2596 5352 2727 5405 Nam
2779 5351 2822 5405 si
2854 5366 2977 5419 rege
3008 5353 3058 5403 in
3103 5352 3283 5403 urbem
3327 5353 3591 5414 veniente,
3629 5365 3707 5408 tu-

2122 5448 2322 5502 multus
2368 5445 2543 5499 omuis
2581 5442 2896 5510 depellitur;
2939 5442 3107 5494 multo
3154 5442 3318 5511 magis
3362 5442 3559 5512 Spiritu
3609 5461 3704 5500 nos

2123 5538 2449 5606 alloquente,
2497 5548 2617 5588 cum
2663 5531 2829 5584 multa
2874 5532 3073 5600 quiete,
3120 5545 3241 5585 cum
3284 5534 3451 5587 multo
3502 5543 3704 5590 terrore

2121 5629 2306 5683 audire
2355 5642 2451 5681 nos
2502 5640 2597 5694 par
2645 5633 2746 5678 est.
2784 5622 3019 5679 llorrore
3055 5639 3284 5693 namque
3335 5626 3494 5696 digna
3548 5627 3704 5682 hodie

2128 5720 2259 5775 lecta
2290 5728 2430 5773 sunt.
2464 5716 2595 5771 Audi
2641 5713 2803 5770 enim.
2856 5714 3010 5769 Amen
3049 5714 3161 5768 dico
3191 5714 3346 5781 robis,
3379 5715 3564 5785 inquit,
3598 5716 3699 5769 nisi
