4104 6156
415 321 518 378 9.63

415 433 527 497 quis
556 427 927 484 manducauerit
955 439 1152 477 carnem
1195 440 1382 488 meam,
1410 433 1455 476 et
1493 420 1667 474 biberit
1694 417 1989 487 sanguinem

415 537 601 582 meum,
615 534 716 572 non
736 517 931 569 habebit
951 515 1104 568 vitam
1127 515 1178 568 in
1195 514 1459 582 semetipso
1475 514 1512 564 ¹.
1527 510 1656 578 Quia
1681 509 1824 579 prius
1841 506 1992 560 dixe-

418 618 538 665 rant
583 607 631 660 id
663 605 994 676 impossibile
1023 620 1163 666 esse,
1196 603 1430 658 ostendit
1479 601 1530 655 id
1562 615 1668 654 non
1699 597 1858 652 modo
1887 611 1992 650 non

418 696 782 767 impossibile,
849 698 946 752 sed
997 697 1157 752 etiam
1219 693 1376 748 valde
1429 690 1790 746 necessarium
1852 701 1992 740 esse.

415 787 771 852 Quamobrem
804 788 982 845 subdit
1011 804 1025 840 :
1059 787 1158 852 Qui
1199 785 1471 837 manducet
1517 797 1675 834 meam
1699 794 1928 840 carnem,
1948 785 1997 830 et

415 882 534 933 bibit
563 896 729 937 meum
755 881 1070 951 sanguinem,
1094 876 1239 931 habet
1266 877 1419 929 vitam
1444 882 1703 936 alernam,
1731 879 1779 924 et
1806 886 1895 938 ego
1915 883 1996 922 re-

417 972 674 1028 suscitabc
691 987 802 1025 eum
841 971 896 1023 in
934 969 1201 1023 novissimo
1225 967 1326 1021 die.
1350 965 1482 1033 Quia
1513 965 1652 1018 enim
1679 962 1901 1022 dixerat.
1934 959 1998 1015 Si

418 1063 530 1131 quis
558 1060 940 1114 manducauerit
959 1074 1024 1113 ea:
1047 1058 1141 1110 hoc
1185 1072 1334 1126 pane,
1368 1072 1469 1109 non
1497 1055 1732 1107 morietur
1755 1052 1807 1105 in
1851 1063 1997 1106 aler-

421 1167 584 1213 num;
626 1149 1020 1218 verisimileth
1058 1155 1172 1203 erat
1209 1147 1333 1200 hinc
1359 1145 1480 1199 illos
1516 1145 1748 1197 oth-nsos
1775 1141 1907 1206 fore,
1939 1151 1998 1195 ut

422 1245 566 1312 prius
603 1257 724 1298 cum
764 1236 1025 1302 dieei‘ent,
1078 1239 1334 1292 Abraham
1377 1246 1604 1289 mortuus
1643 1242 1738 1299 est,
1783 1242 1828 1287 et
1872 1249 1994 1302 pro-

421 1335 585 1402 phetat
618 1333 803 1387 mortui
828 1341 964 1392 sunt,
998 1339 1044 1383 et
1070 1325 1321 1397 quomodo
1369 1336 1425 1379 tu
1468 1326 1616 1386 dicis,
1649 1341 1748 1378 non
1777 1324 1998 1394 gustabit

422 1423 683 1477 mortem?
727 1421 1168 1478 resurrectionem
1210 1417 1356 1486 ponit
1382 1416 1595 1470 solvens
1621 1413 1996 1484 quaestionem,

420 1523 474 1567 ct
514 1512 802 1568 ostendens
828 1526 934 1565 non
966 1510 1278 1564 moriturum
1327 1521 1448 1561 esse
1496 1520 1662 1573 usque
1713 1506 1770 1557 in
1809 1503 1988 1558 linem.

423 1603 755 1673 Frequenter
792 1609 971 1657 autem
1003 1601 1052 1655 in
1083 1599 1353 1670 mysteriis
1381 1604 1655 1661 versatur,
1669 1604 1726 1648 ut
1751 1594 2001 1648 ostendat

418 1709 574 1762 quam
604 1693 902 1748 necessaria
934 1707 1022 1748 res
1053 1692 1144 1757 sit,
1171 1699 1227 1746 et
1252 1689 1392 1760 quod
1429 1689 1648 1743 omnino
1683 1686 1804 1741 fieri
1836 1701 1997 1756 opor-

422 1794 546 1837 teat.
572 1783 704 1838 Nam
729 1783 819 1838 55.
846 1782 976 1838 Caro
1003 1799 1111 1836 utea
1131 1797 1244 1836 vere
1263 1789 1332 1836 est
1358 1781 1516 1843 cibus,
1539 1789 1585 1832 et
1610 1779 1816 1849 sanguis
1855 1794 2000 1833 meus

420 1889 531 1926 vere
558 1880 630 1927 est
669 1883 837 1942 potus.
864 1872 998 1940 Quid
1024 1871 1128 1927 sibi
1155 1871 1264 1925 vult
1302 1870 1472 1924 illud?
1519 1870 1627 1924 Aut
1651 1869 1764 1923 vult.
1792 1868 1998 1938 signifi-

419 1977 563 2026 care,
595 1963 736 2017 hunc
783 1977 904 2018 esse
932 1977 1112 2017 verum
1143 1961 1318 2016 cibum
1338 2001 1356 2024 ,
1383 1960 1471 2030 qui
1512 1960 1741 2014 animam
1784 1969 1992 2024 servet;

420 2065 510 2108 aut
540 2055 652 2110 vult
680 2053 836 2109 dictis
880 2055 998 2110 suis
1041 2054 1198 2109 fidem
1246 2053 1445 2119 facere,
1472 2067 1537 2107 ne
1566 2061 1751 2121 putent
1776 2051 1827 2107 id
1852 2051 2001 2122 quod.

419 2148 619 2200 dictum
647 2145 766 2210 fuit,
797 2148 1020 2216 aenigma
1050 2147 1132 2201 vel
1163 2147 1465 2215 poraholam
1493 2160 1652 2210 esse,
1689 2143 1784 2200 sed
1825 2144 1998 2198 sciant

418 2247 665 2304 oportere
718 2237 936 2291 omnino
982 2251 1174 2305 corpus
1222 2236 1526 2291 comedere.
1554 2235 1754 2289 Deinde
1779 2235 1873 2301 ait,
1902 2233 1992 2290 56.

421 2328 520 2391 Qui
550 2327 821 2381 ntanducat
860 2343 1023 2381 meam
1061 2343 1285 2392 carnem,
1323 2327 1376 2380 in
1407 2342 1486 2380 me
1532 2335 1722 2391 manet,
1753 2334 1809 2379 ut
1833 2325 1999 2394 signi-

421 2421 541 2474 licet
582 2417 724 2489 quod
771 2433 829 2474 se
857 2433 977 2473 cum
1010 2419 1124 2487 ipso
1154 2418 1464 2472 admisceat.
1499 2417 1651 2484 Quod
1679 2427 1854 2471 autem
1904 2431 1994 2473 se-

416 2509 617 2577 quitur,
641 2522 744 2562 non
767 2507 1040 2562 cohaerere
1074 2507 1304 2570 videtur,
1339 2506 1439 2560 nisi
1468 2506 1820 2560 attendamus.
1841 2507 1996 2575 Quae,

419 2601 610 2667 inquit,
640 2609 722 2654 est
748 2599 1149 2666 Consequentia,
1174 2599 1701 2668 postquam-dixerat,
1730 2600 1830 2667 Qui
1851 2617 1996 2654 man-

417 2692 566 2744 ducat
609 2707 771 2745 meam
822 2707 1043 2754 carnem,
1074 2692 1128 2744 in
1179 2708 1257 2746 me
1298 2702 1486 2758 manet,
1530 2692 1868 2762 suhjungerc,
1900 2693 1992 2748 57.

419 2781 565 2838 Sicut
602 2783 734 2835 misit
772 2799 852 2836 me
890 2784 1055 2837 vivens
1085 2780 1261 2848 Pater,
1293 2783 1368 2835 ita
1411 2791 1455 2836 et
1499 2799 1589 2853 ego
1639 2784 1745 2836 vivo
1792 2794 1995 2854 propter

421 2873 674 2927 Patrem?
719 2873 832 2928 Imo
883 2875 996 2928 lure
1026 2889 1268 2942 magnam
1325 2873 1525 2928 habent
1568 2875 1993 2930 consonantiam.

417 2963 550 3019 Nam
579 2977 700 3019 cum
728 2963 889 3020 vitam
917 2973 1174 3020 mternam
1205 2979 1349 3033 saepe
1377 2964 1616 3027 dixisset,
1645 2964 1710 3018 ad
1763 2964 1814 3018 id
1863 2980 1993 3020 con-

418 3053 735 3108 ﬁrmandum
781 3054 948 3117 addit,
995 3052 1058 3106 In
1084 3070 1162 3108 me
1187 3062 1371 3107 manet.
1409 3053 1463 3106 Si
1503 3054 1644 3106 enim
1677 3053 1730 3106 in
1763 3069 1852 3109 me
1879 3069 1994 3109 ma-

418 3153 528 3205 net,
574 3151 626 3197 ct
651 3159 752 3213 ego
781 3144 922 3208 vivo,
955 3143 1130 3211 palam
1160 3154 1242 3196 est
1283 3153 1338 3197 et
1383 3143 1529 3196 illum
1559 3157 1679 3200 esse
1709 3144 1991 3198 victurum.

419 3233 622 3287 Deinde
649 3234 769 3288 ait:
815 3233 959 3288 Sicut
1003 3233 1138 3287 misit
1185 3251 1265 3288 me
1313 3234 1476 3289 vivens
1523 3234 1699 3290 Pater.
1746 3235 1870 3290 llaec
1914 3245 1998 3292 est

418 3323 746 3392 comparatio
773 3331 823 3378 et
849 3324 1163 3385 similitudo.
1185 3340 1246 3379 ac
1272 3325 1316 3380 si
1337 3325 1556 3389 diceret,
1575 3325 1710 3380 Vivo
1737 3342 1836 3394 ego
1859 3328 1996 3381 sicut

417 3423 468 3468 et
515 3414 692 3468 Pater.
740 3413 804 3468 Et
843 3429 910 3468 ne
942 3414 1231 3483 ingenitum
1282 3424 1517 3485 putares,
1544 3416 1723 3470 statim
1769 3415 1992 3481 addidit,

422 3503 638 3571 Propter
688 3501 916 3570 Patrem,
950 3518 1054 3558 non
1103 3503 1242 3573 quod
1289 3506 1597 3574 operatione
1648 3505 1875 3575 quadam
1929 3505 1994 3560 ad

416 3591 698 3645 vivendum
729 3607 866 3661 opus
897 3593 1107 3647 haheat.
1130 3591 1386 3662 Superius
1407 3595 1552 3647 enim
1580 3598 1716 3649 hanc
1741 3610 1995 3650 amovens

420 3682 777 3750 suspicionem
827 3683 1038 3738 diccbat
1093 3700 1106 3736 :
1160 3683 1308 3738 Sicut
1355 3682 1510 3737 Pater
1563 3685 1710 3738 habet
1747 3685 1900 3739 vitam
1941 3687 1996 3740 in

418 3772 698 3840 sanetipso,
730 3788 803 3827 stc
835 3773 974 3826 dedit
1001 3782 1046 3826 et
1074 3772 1210 3826 Filio
1241 3775 1394 3826 vitam
1421 3775 1602 3829 habere
1629 3776 1680 3828 in
1706 3777 1990 3842 semetipso.

419 3859 571 3928 Quod
599 3861 642 3914 si
667 3869 819 3931 egeat
844 3861 1178 3932 Operatione,
1207 3871 1460 3930 sequetur
1501 3873 1592 3915 aut
1637 3863 1846 3918 Patrem
1888 3880 1993 3920 non

417 3951 650 4015 dedisse,
667 3960 721 4006 et
741 3951 792 4006 id
821 3951 1007 4005 falsum
1029 3965 1184 4016 esse;
1219 3951 1304 4006 vel
1324 3952 1367 4005 si
1393 3950 1622 4014 dederit,
1642 3953 1788 4006 nullo
1810 3964 1995 4023 postea

415 4042 709 4110 opitulante
764 4055 900 4111 Opus
951 4040 1253 4095 habiturum
1306 4054 1444 4096 esse.
1509 4041 1646 4108 Quid
1696 4043 1797 4098 sibi
1851 4044 1992 4110 vult,

420 4133 636 4203 Propter
662 4131 912 4188 Patrem?
956 4131 1182 4188 Causam
1224 4133 1396 4187 solum
1442 4132 1661 4190 indicat.
1695 4133 1806 4191 lloc
1836 4151 1996 4206 porro

419 4225 526 4279 vult
557 4224 898 4296 significare:
941 4225 1091 4282 Sicut
1130 4225 1258 4280 vivit
1305 4225 1482 4290 Pater,
1509 4234 1561 4280 et
1587 4241 1689 4297 ego
1733 4228 1874 4283 vivo.
1928 4228 1996 4283 Et

413 4318 500 4388 qui
545 4317 817 4372 manducet
860 4334 958 4380 me,
989 4327 1034 4372 et
1063 4317 1151 4371 ille
1173 4318 1296 4372 vivet
1326 4328 1532 4386 propter
1574 4335 1672 4374 me.
1703 4319 1877 4374 Vitam
1907 4319 1996 4378 hic

414 4409 544 4462 dicit
577 4422 684 4462 non
708 4409 1166 4477 qualemcumque,
1195 4407 1289 4461 sed
1327 4407 1690 4477 conspicuam.
1721 4409 1873 4476 Quod
1899 4426 1996 4465 au-

417 4507 520 4550 tem
563 4496 612 4550 id
645 4511 750 4550 non
779 4496 845 4550 de
872 4495 1098 4564 simplici
1121 4496 1224 4548 vita
1266 4495 1428 4558 dicat,
1451 4496 1543 4550 sed
1569 4497 1639 4552 de
1665 4499 1896 4567 gloriosa
1939 4510 1995 4556 et

416 4585 668 4639 ineffabili
707 4584 820 4647 illa,
850 4582 976 4639 hinc
1011 4584 1182 4653 palam
1208 4592 1310 4650 est,
1343 4584 1483 4653 quod
1513 4601 1701 4640 omnes
1751 4588 1994 4646 infideles

414 4685 470 4729 et
519 4691 624 4730 non
675 4675 863 4728 initiati
907 4675 1105 4739 vivant,
1135 4674 1259 4730 licet
1281 4674 1349 4729 de
1376 4675 1494 4744 ejus
1521 4691 1682 4732 carne
1707 4693 1814 4733 non
1843 4695 1995 4734 man-

414 4765 632 4820 ducent.
664 4764 852 4819 Viden’
890 4765 1030 4834 quod
1060 4781 1164 4820 non
1206 4765 1273 4820 de
1321 4765 1420 4821 hac
1445 4767 1550 4822 vita
1577 4782 1754 4823 sermo
1783 4770 1870 4832 sit,
1897 4771 1992 4826 sed

413 4857 482 4911 de
515 4856 641 4910 illa?
670 4855 821 4925 Quod
851 4865 1026 4911 autem
1053 4856 1200 4920 dicit,
1235 4855 1536 4926 hujusmodi
1581 4868 1683 4915 est.
1708 4861 1807 4928 Qui
1843 4877 1995 4916 man-

411 4949 572 5002 ducat
621 4963 793 5002 meam
843 4963 1081 5014 carnem,
1114 4949 1389 5004 moriendo
1419 4965 1524 5006 non
1573 4953 1784 5022 peribit,
1819 4970 1991 5025 neque

417 5039 683 5106 punietur.
715 5036 826 5093 lmo
857 5053 962 5092 non
990 5038 1056 5095 de
1098 5041 1368 5094 communi
1399 5043 1787 5098 resurrectione
1817 5045 1990 5116 loqui-

417 5138 536 5193 lnr;
588 5143 778 5186 omnes
822 5130 1019 5200 quippe
1071 5141 1385 5200 resurgent;
1435 5131 1532 5187 sed
1578 5132 1646 5189 de
1691 5135 1882 5189 eximia
1936 5145 1992 5191 et

411 5219 640 5286 gloriosa
691 5220 1102 5285 resurrectione,
1133 5235 1292 5289 quam
1340 5237 1549 5278 merces
1597 5235 1867 5294 sequetur.
1896 5225 1986 5282 59.

415 5305 513 5360 llic
537 5320 610 5363 est
637 5312 782 5379 panis
807 5312 894 5381 qui
917 5317 982 5366 de
1019 5312 1142 5366 mlo
1163 5312 1460 5368 descendit:
1489 5331 1592 5369 non
1617 5317 1747 5369 sicut
1769 5319 1989 5371 mandu-

410 5411 644 5452 caverunt
672 5413 838 5470 patres
856 5404 1004 5456 vestri
1026 5419 1231 5466 manna,
1257 5414 1304 5470 et
1332 5407 1518 5459 mortui
1553 5416 1690 5460 sunt.
1725 5406 1827 5473 Qui
1847 5425 1990 5463 inan-

409 5488 560 5541 ducut
605 5490 738 5543 hunc
779 5509 980 5559 panem,
1013 5497 1135 5549 vivet
1170 5496 1222 5548 in
1265 5505 1526 5551 (sternunt.
1580 5493 1910 5566 Frequenter
1939 5498 1988 5552 id

410 5578 618 5646 repetit,
646 5588 698 5632 ut
726 5580 778 5633 in
807 5592 1038 5635 mentem
1061 5583 1362 5640 auditorum
1390 5586 1574 5656 inligat
1605 5585 1822 5655 (ultima
1845 5585 1986 5642 enim

474 5689 487 5718 ι
526 5687 656 5738 Alias
678 5687 876 5753 legitur,
895 5702 987 5742 non
1010 5694 1149 5744 habet
1173 5702 1314 5746 vitam
1338 5705 1579 5749 a’ternmn.

1148 310 1204 365 S.
1239 308 1519 368 JOANNIS
1555 294 2026 360 CHRYSOSTOMI
2070 293 2386 354 ARCIIIEP.
2426 296 2950 354 CONSTANTl-NOP.

3573 304 3676 360 ΜΛ

2103 410 2215 467 lucc
2253 421 2367 467 erat
2396 408 2698 482 doctrina),
2742 421 2802 468 et
2838 411 2906 468 de
2955 415 3366 479 resurrectione,
3397 427 3450 473 et
3479 417 3546 475 de
3575 424 3691 474 vita.

2100 513 2297 557 aeterna
2327 501 2459 556 fides
2489 502 2915 558 confirmaretur.
2965 503 3192 572 Ideoque
3232 508 3690 564 resurrectionem.

2102 592 2279 658 addit;
2305 602 2414 646 tmn
2433 593 2552 662 quia
2579 592 2733 657 dixit,
2758 591 2925 645 Vitam
2948 603 3206 656 teternom,
3226 605 3333 649 tum
3360 603 3415 649 ut
3435 598 3690 653 ostendat-

2101 685 2243 739 illam
2277 686 2435 738 vitam
2465 699 2570 738 non
2599 698 2738 739 nunc
2765 698 2904 748 esse,
2938 684 3030 739 sed
3065 695 3184 754 post
3209 688 3680 744 resurrectionem.

2101 773 2167 831 Et
2197 776 2486 840 undenam,
2517 775 2749 844 inquies,
2777 775 2879 830 hoc
2905 776 3199 846 probatur?
3237 777 3320 831 Ex
3366 776 3679 848 Scripturis.

2099 867 2232 922 Nam
2259 869 2452 937 ubique
2481 868 2610 923 illos
2629 883 2695 922 eo
2721 868 2906 932 mittit,
2925 875 2981 922 ut
3007 867 3129 922 inde
3153 867 3383 923 discant.
3400 869 3532 925 Cum
3557 886 3684 926 vero

2100 963 2251 1024 dixit,
2286 962 2384 1028 Qui
2409 961 2498 1014 dut
2525 962 2676 1015 vitam
2704 961 2914 1023 mundo,
2939 961 2990 1014 in
3021 960 3414 1017 aenmlationem
3445 963 3678 1024 deducit.

2101 1062 2166 1107 ut
2187 1054 2319 1107 alios
2340 1052 2481 1107 dono
2509 1061 2654 1106 tanto
2683 1051 2784 1105 frui
2807 1051 3070 1118 videntes,
3100 1067 3203 1106 non
3235 1064 3383 1107 extra
3407 1064 3677 1110 maneant:

2103 1143 2435 1213 Frequenter
2460 1151 2636 1196 autem
2662 1157 2853 1196 manna
2879 1151 3286 1207 commemorat,
3307 1151 3418 1196 tum
3450 1155 3506 1198 ut
3533 1143 3682 1198 diffe-

2100 1234 2326 1288 rentiam
2351 1233 2567 1298 indicet,
2603 1241 2712 1286 tum
2742 1242 2797 1286 ut
2829 1232 2948 1287 illos
2974 1231 3040 1286 ad
3071 1231 3226 1286 fidem
3270 1233 3505 1289 inducat.
3549 1236 3688 1292 Nam.

2100 1323 2145 1377 si
2170 1325 2340 1393 potuit
2373 1323 2512 1376 Deus
2536 1323 2652 1377 sine
2700 1337 2907 1387 messe,
2923 1322 3038 1378 sine
3066 1323 3352 1385 frumento.
3383 1333 3437 1380 et
3478 1326 3684 1394 reliquo

2099 1422 2352 1482 apparatu
2386 1414 2504 1468 illos
2543 1428 2637 1482 per
2670 1413 3019 1484 quadraginta
3066 1429 3234 1469 annos
3281 1417 3461 1481 alere;
3515 1419 3682 1472 multo

2100 1507 2268 1574 magis
2298 1522 2462 1572 ntinc,
2494 1516 2774 1576 postquam
2820 1506 2885 1560 ad
2917 1507 3117 1577 majora
3149 1510 3404 1578 patranda
3437 1512 3602 1576 venit,
3627 1512 3676 1566 id

2100 1598 2315 1666 poterit.
2349 1598 2597 1668 Alioquin
2627 1600 2670 1651 si
2711 1597 2800 1652 illa
2839 1597 3020 1668 figura:
3050 1609 3223 1666 erant,
3255 1611 3313 1654 et
3345 1603 3461 1657 sine
3489 1604 3682 1659 sudore

2100 1686 2386 1755 laboreque
2412 1687 2733 1755 colligebant
2755 1702 2934 1742 escam
2958 1704 2972 1750 ;
3022 1689 3190 1742 multo
3220 1692 3386 1759 magis
3415 1708 3553 1746 nunc
3582 1693 3682 1748 hoc

2098 1777 2222 1840 erit,
2255 1777 2344 1830 ubi
2376 1787 2518 1830 tanta
2547 1777 2868 1845 differentia,
2908 1778 2994 1834 ubi
3040 1779 3194 1834 nulla
3232 1797 3370 1836 vere-
3395 1797 3558 1849 mors,
3593 1785 3680 1839 ubi

2103 1869 2206 1923 vita
2241 1885 2362 1924 vera
2387 1870 2632 1925 fruimur.

2170 1960 2273 2016 Cur
2307 1959 2537 2014 Christus
2580 1977 2713 2032 saepe
2755 1962 2906 2015 ritum
2953 1973 3216 2017 memorat.
3248 1993 3319 2004 —-—
3344 1966 3384 2018 Ε
3415 1980 3473 2020 re
3502 1975 3680 2022 autem

2098 2053 2218 2106 vitae
2249 2067 2391 2121 saepe
2418 2052 2679 2118 meminit,
2711 2052 2828 2121 quia
2857 2051 2980 2106 illud
3010 2052 3148 2122 apud
3180 2052 3424 2110 homines
3453 2055 3504 2108 in
3532 2066 3683 2122 opta-

2100 2142 2166 2195 tis
2212 2149 2327 2204 est;
2379 2141 2616 2211 nihilque
2659 2141 2896 2207 suavius,
2941 2158 3099 2212 quam
3133 2159 3237 2198 non
3280 2145 3436 2198 mori.
3467 2145 3597 2200 Nam
3627 2147 3679 2202 in

2101 2229 2276 2286 Veteri
2317 2231 2660 2286 Tcsramento
2702 2231 3022 2286 diuturnitas
3069 2233 3192 2288 vita:
3241 2235 3676 2303 promittebatur;

2098 2322 2192 2378 sed
2223 2337 2364 2377 nunc
2410 2337 2511 2375 non
2554 2322 2874 2376 diuturnitas
2919 2322 3099 2388 modo,
3142 2323 3233 2378 sed
3283 2325 3388 2379 vita
3429 2327 3545 2382 sine
3577 2326 3681 2384 fine

2099 2415 2439 2482 promittitur.
2484 2413 2653 2468 Simul
2693 2414 2853 2468 etiam
2903 2413 3012 2467 vult
3043 2414 3350 2481 ostendere,
3390 2431 3448 2472 se
3473 2419 3678 2488 suppli-

2097 2502 2236 2559 cium
2265 2519 2292 2556 a
2332 2512 2550 2572 peccato
2579 2503 2849 2557 inductum
2879 2519 3019 2558 nunc
3058 2519 3330 2572 revocare,
3362 2509 3677 2563 sententiam

2098 2593 2242 2647 illam
2261 2594 2446 2647 mortis
2462 2594 2737 2660 solvendo,
2759 2593 2885 2648 dum
2904 2594 3063 2648 vitam
3088 2611 3193 2650 non
3215 2596 3673 2670 qualemcumque,

2098 2681 2190 2736 sed
2238 2691 2522 2747 aeternam,
2559 2691 2744 2736 contra
2792 2698 2952 2752 quam
2997 2684 3143 2752 prius
3186 2694 3440 2741 statutum
3489 2689 3676 2757 fuerat,

2097 2759 2398 2825 induceret:
2420 2771 2507 2826 59.
2537 2770 2661 2825 Hau:
2687 2771 2813 2826 dixit
2838 2772 2892 2825 in
2919 2789 3177 2845 synagoga
3199 2775 3381 2830 docens
3407 2778 3458 2831 in
3488 2777 3680 2845 Caper-

2097 2878 2269 2926 naum,
2316 2861 2404 2915 ubi
2451 2861 2618 2916 multa
2661 2861 2920 2917 mirabilia
2953 2873 3416 2938 patrarut;quare
3445 2871 3684 2926 tuasime

2096 2951 2396 3006 audiendus
2413 2959 2550 3006 erat.

2165 3041 2221 3096 Ξ.
2262 3043 2370 3096 Cur
2399 3057 2559 3112 porro
2588 3043 2640 3097 in
2667 3057 2932 3116 synagoga
2960 3044 3206 3112 docebat,
3253 3056 3306 3101 et
3353 3047 3417 3102 in
3443 3049 3698 3118 templo?‘

2097 3129 2235 3185 Tum
2266 3139 2322 3185 ut
2345 3132 2738 3188 multitudinem
2767 3135 3020 3201 traheret,
3052 3146 3162 3190 tum
3193 3146 3248 3190 ut
3284 3137 3590 3192 ostenderet
3617 3153 3692 3195 se

2099 3237 2203 3275 non
2232 3222 2555 3276 contrarium
2583 3239 2704 3278 esse
2733 3224 2898 3278 Patri.
2926 3224 3013 3281 60.
3049 3225 3200 3280 Multi
3238 3237 3402 3280 autent
3431 3244 3493 3282 ex
3520 3228 3676 3283 disci-

2098 3312 2232 3381 pulis
2258 3314 2512 3366 audientes
2540 3313 2786 3377 dicebant,
2819 3313 2992 3368 Durus
3011 3325 3082 3370 est
3105 3316 3184 3369 hic
3205 3332 3386 3370 sermo.
3412 3316 3548 3384 Quid
3578 3317 3691 3373 sibi

2097 3402 2210 3456 vult
2237 3402 2358 3467 hoc,
2392 3402 2562 3458 Durus
2589 3405 2701 3458 est?
2730 3404 2784 3459 ιιι
2814 3414 2916 3468 est,
2949 3421 3126 3475 asper,
3176 3407 3493 3464 laboriosus.
3525 3411 3681 3479 Atqui

2100 3495 2230 3550 nihil
2261 3496 2362 3550 tale
2389 3496 2638 3550 dicebat:
2673 3511 2844 3565 neque
2885 3497 3027 3553 enim
3059 3497 3135 3553 de-
3174 3499 3295 3554 vita:
3334 3499 3574 3554 instituto
3605 3501 3692 3554 lo—

2098 3587 2378 3656 quebatur,
2435 3587 2530 3642 sed
2585 3586 2652 3642 de
2704 3587 2969 3652 doctrina,
3029 3587 3316 3643 identidem
3373 3589 3441 3644 de
3487 3590 3589 3646 fide
3628 3591 3694 3645 in.

2097 3679 2366 3734 Christum
2397 3679 2634 3734 habenda
2668 3679 2904 3749 loquens.
2944 3677 3051 3734 Cur
3078 3694 3206 3749 ergo
3245 3681 3412 3735 durus
3465 3692 3545 3737 est
3569 3698 3684 3737 ser-

2097 3770 2218 3824 mo?
2247 3772 2325 3824 An
2351 3770 2488 3841 quod
2518 3773 2676 3825 vitam
2709 3770 2982 3840 promittat
3027 3777 3081 3824 et
3105 3772 3588 3827 resurrectionem?
3614 3791 3694 3827 ε-ηι

2097 3860 2240 3929 quod
2267 3860 2408 3914 dicat
2441 3875 2498 3916 se
2526 3875 2593 3914 ex
2626 3861 2758 3914 ca-lo
2800 3860 3180 3916 descendisse?
3221 3877 3286 3914 an
3337 3863 3475 3931 quod
3523 3878 3698 3918 nemo

2098 3951 2276 4006 salvus
2305 3966 2428 4007 esse
2455 3952 2643 4021 possit,
2675 3953 2774 4004 nisi
2797 3967 3010 4006 carnem
3039 3951 3154 4020 ejus
3179 3952 3500 4007 manducet?
3527 3951 3679 4007 llmc-

2097 4042 2237 4104 eine,
2269 4056 2470 4112 quaiso.
2500 4041 2627 4096 dura
2655 4043 2820 4096 sunt?
2844 4043 2973 4108 Quis
3019 4043 3120 4098 hoc
3148 4045 3378 4098 dixerit?
3401 4044 3536 4112 Quid
3578 4045 3687 4101 sibi

2097 4132 2210 4185 vult
2234 4147 2362 4201 ergo
2405 4131 2552 4198 illud,
2580 4129 2797 4184 Durus?
2832 4132 2998 4201 Capto
3042 4131 3290 4198 difficilis,
3319 4133 3679 4189 infirmitatem

2098 4224 2306 4279 illorum
2328 4238 2609 4294 superans,
2628 4232 2830 4279 terrore
2842 4226 3048 4294 plenus.
3071 4225 3329 4280 Putabant
3346 4225 3485 4281 enim
3505 4227 3694 4297 ipsum.

2097 4331 2157 4370 ea
2185 4315 2326 4386 loqui
2358 4331 2477 4386 qua:
2519 4315 2636 4385 ejus
2679 4315 2990 4386 dignitatem
3014 4329 3065 4372 et
3093 4316 3313 4388 gradum
3341 4328 3676 4389 superarent.

2097 4409 2222 4464 Ideo
2264 4409 2532 4474 dicebant,
2569 4411 2695 4475 Quis
2744 4419 2904 4481 potest
2953 4427 3068 4464 eum
3110 4412 3333 4466 audire?
3358 4412 3523 4482 idque
3544 4411 3680 4467 forte

2097 4499 2162 4554 ad
2207 4500 2287 4554 sui
2339 4502 2759 4565 excusationem,
2791 4502 2932 4572 quod
2987 4514 3167 4558 essent
3217 4505 3527 4560 discessuri.
3585 4505 3672 4559 διε.

2098 4590 2277 4645 Sciens
2323 4601 2490 4646 autent
2526 4591 2679 4647 Iesus
2718 4593 2858 4660 apud
2892 4595 3208 4662 semetipsum
3231 4635 3246 4658 ,
3287 4595 3408 4664 quia
3451 4610 3688 4648 inurunt-

2095 4679 2276 4732 rabant
2327 4680 2390 4734 de
2424 4683 2520 4734 hoc
2564 4681 2798 4752 discipuli
2841 4683 2951 4752 ejus
2996 4683 3141 4754 (hoc
3186 4683 3328 4738 enim
3383 4683 3672 4739 divinitatis

2097 4769 2235 4824 illius
2261 4777 2392 4832 erat,
2425 4779 2628 4824 secreta
2660 4771 2710 4824 in
2739 4772 2969 4826 medium
3001 4772 3263 4842 proferre)
3292 4773 3486 4828 deinde
3504 4772 3666 4829 dicit:

2100 4859 2213 4914 Hoc
2237 4877 2320 4916 vos
2343 4863 2694 4916 scandalizat?
2731 4863 2817 4917 62.
2852 4863 2914 4918 Si
2953 4881 3070 4935 ergo
3110 4864 3331 4918 videritis
3355 4863 3551 4917 Filium
3578 4864 3671 4916 ho-

2096 4952 2245 5004 minis
2280 4953 2643 5017 ascendentem,
2699 4954 2783 5007 ubi
2827 4963 2933 5009 erat
2965 4956 3125 5024 prius.
3172 4954 3315 5010 Idem
3368 4953 3678 5008 Nathanaell

2095 5042 2229 5098 dixit
2257 5061 2269 5096 ε
2306 5045 2437 5110 Quia
2466 5046 2573 5099 dixi
2599 5046 2708 5112 tibi,
2745 5045 2862 5100 Vidi
2906 5057 2952 5100 te
2981 5049 3072 5102 sub
3097 5049 3218 5116 ﬁcu,
3248 5047 3452 5103 credis?
3485 5049 3682 5114 maiora

2095 5135 2172 5186 his
2197 5135 2380 5189 videbis
2409 5135 2604 5202 (Joan.
2633 5137 2681 5190 l.
2705 5136 2818 5208 50);
2848 5147 2902 5192 et
2926 5137 3239 5201 Nicodemo,
3273 5136 3438 5191 Nemo
3456 5137 3682 5190 ascendit

2094 5228 2146 5280 in
2177 5227 2374 5294 ca'lum,
2406 5229 2504 5282 nisi
2533 5227 2700 5283 Filius
2723 5231 2960 5295 hominis,
2991 5231 3078 5301 qui
3105 5230 3251 5283 estin
3281 5229 3404 5284 caelo
3425 5227 3606 5298 (Joan.
3625 5227 3681 5280 3.

2096 5318 2206 5385 l3).
2254 5319 2388 5387 Quid
2436 5319 2632 5389 igitur?
2673 5319 3015 5374 difficultates
3057 5317 3460 5375 difficultatibus
3497 5314 3683 5370 addit?

2092 5409 2324 5474 Minime,
2374 5411 2550 5476 absit;
2598 5410 2690 5465 sed
2735 5411 2994 5467 doctrinae
3041 5409 3406 5482 magnitudine
3445 5415 3500 5462 et
3527 5408 3678 5476 copia

2094 5499 2238 5567 ipsos
2286 5501 2502 5557 allicere
2542 5510 2786 5556 conatur.
2838 5501 2970 5556 Nam
3020 5502 3110 5571 qui
3163 5502 3392 5566 dixerat,
3438 5497 3514 5554 De
3557 5496 3683 5551 calo

2094 5591 2362 5658 descendi,
2393 5592 2437 5646 si
2484 5592 2614 5647 nihil
2659 5593 2882 5648 ulterius
2905 5592 3217 5658 addidisset,
3251 5591 3424 5662 majus
3453 5587 3678 5643 offendi.-

2097 5682 2273 5739 culum
2299 5683 2613 5740 obtulisset:
2641 5698 2761 5740 cum
2804 5699 2930 5740 vero
2959 5683 3104 5750 dit-it,
3139 5682 3336 5750 Corpus
3378 5696 3540 5734 meum
3582 5679 3682 5732 vita
