4104 6156
384 288 492 346 965

390 403 581 467 εἰπὼν.
616 408 699 460 61:
728 408 803 461 Τὸ
825 406 994 477 σῶμά
1009 426 1128 476 μου
1158 406 1268 474 ζωὴ
1297 405 1400 459 τοῦ
1430 408 1685 471 κόσμου,
1711 401 1803 454 καὶ
1832 401 1860 452 6
1880 401 1954 477 eir-

389 485 527 546 πὼν,
561 486 645 539 61:
676 486 879 551 Καθὼς
906 476 1221 539 ἀπέστειλέ
1243 501 1318 553 με
1350 486 1383 538 ό
1406 482 1516 543 ζῶν
1544 480 1766 547 Πατῖιρο
1800 476 1959 547 κάγὼ

386 566 459 627 ζῶ
492 567 587 619 διὰ
616 566 722 620 τὸν
752 568 1010 635 Πατέρα·
1039 570 1133 621 καὶ
1161 569 1190 620 6
1223 566 1412 631 εἰπὼν,
1447 567 1530 618 ὅτι
1568 565 1669 618 Ἐκ
1705 563 1810 616 τοῦ
1854 563 1955 614 οὐ·

381 649 569 716 ρανοῦ
596 650 989 718 καταϐέϐηκα,
1013 652 1113 722 τὴν
1137 651 1369 721 ἀπορίαν
1391 647 1533 700 λύει.
1560 646 1618 699 Ὀ
1649 645 1744 716 μὲν
1767 644 1873 715 γὰρ
1896 642 1957 695 ἓν

385 748 438 782 τι
467 730 608 799 μέγα
636 733 765 801 περί
792 733 988 787 ἐαυτοῦ
1014 733 1402 803 φθεγγόμενος,
1440 729 1542 783 κάν
1586 728 1826 790 ὕποπτος
1867 727 1960 795 γέ-

386 829 548 874 νοιτο,
583 814 659 878 ὡς
692 815 977 868 πλάττων
1017 819 1047 869 6
1082 815 1139 869 δέ
1165 815 1401 868 τοσαῦτα
1444 812 1705 883 συνείρων
1740 810 1956 880 ἐφεξῆς,

388 897 568 948 πᾶσαν
584 898 799 967 ἀναιρεῖ
816 898 914 967 τὴν
936 897 1191 967 ὑποψίαν.
1213 897 1398 951 Πάντα
1426 895 1483 948 δὲ
1509 897 1652 948 ποιεῖ
1668 894 1762 947 καὶ
1789 893 1957 960 λέγει,

388 978 528 1032 ὥστε
560 980 757 1042 αὐτοὺς
802 982 1108 1049 ἀπαγαγεῖν
1153 980 1248 1033 τοῦ
1281 979 1522 1050 νομίζειν
1549 977 1713 1032 αὐτοῦ
1748 977 1961 1046 πατέρα

388 1063 478 1115 τὸν
513 1063 730 1132 Ἰωσήφ.
761 1064 835 1115 Ού
866 1065 1049 1115 τοίνυν
1070 1063 1133 1115 16
1160 1062 1454 1116 σκάνδαλον
1484 1063 1745 1113 ἐπιτεῖναι
1771 1059 1960 1119 θέλων,

388 1145 547 1198 τοῦτο
585 1145 788 1212 ἔλεγεν,
834 1147 970 1198 ἀλλά
1020 1144 1176 1198 λῦσαι
1232 1145 1447 1215 μᾶλλον.
1491 1145 1552 1196 '0
1585 1144 1684 1213 μὲν
1712 1142 1818 1212 γάρ
1854 1141 1962 1195 ἀπὸ

391 1227 485 1280 τοῦ
521 1228 721 1296 Ἰωσὴφ
751 1228 913 1281 αὐτὸν
945 1223 1093 1281 εἶναι
1115 1227 1371 1297 νομίζων,
1394 1227 1493 1279 οὐκ
1529 1226 1596 1279 ἂν
1628 1224 1961 1296 παρεδέξατο

389 1310 458 1363 τά
479 1310 743 1380 λεγόμενα
762 1326 775 1340 ·
802 1314 831 1364 6
858 1311 916 1363 δὲ
943 1310 1205 1374 πεισθεὶς,
1222 1311 1304 1363 61:
1325 1311 1393 1361 ἐκ.
1414 1308 1506 1361 τοῦ
1532 1308 1761 1379 ούρανοῦ
1787 1324 1963 1361 κατα-

388 1394 613 1464 6έ6ηκε,
649 1395 743 1447 καὶ
772 1396 887 1447 ἐκεῖ
914 1394 1267 1464 ἀναϐήσεται,
1301 1391 1665 1459 εὐκολώτερον
1687 1390 1752 1443 ἂν
1785 1407 1954 1460 προσ-

390 1476 513 1545 έσχε
545 1479 656 1539 τοῖς
694 1475 1023 1545 λεγομένοις.
1092 1476 1247 1529 Μετά
1292 1475 1350 1527 δὲ
1381 1473 1587 1527 τούτων
1629 1473 1723 1526 καὶ
1765 1474 1973 1543 ἑτέραν-

386 1557 542 1612 λύσιν
568 1557 781 1626 ἐπάγει,
798 1557 993 1626 λέγων’
1014 1557 1088 1611 Τὸ
1110 1556 1352 1627 Πνεῦμα
1375 1557 1505 1611 ἐστι
1525 1556 1591 1611 τὸ
1614 1556 1957 1618 ζωοποιοῦν,

388 1642 429 1709 ἠ
463 1640 620 1708 σὰρξ
658 1644 770 1695 οὐκ
800 1640 1019 1710 ὠφελεῖ
1057 1640 1256 1694 οὐδέν.
1311 1642 1379 1693 Ὃ
1408 1640 1464 1692 δὲ
1507 1639 1679 1707 λέγει,
1721 1637 1960 1692 τοιοῦτόν

390 1725 506 1777 ἐστι
526 1739 539 1753 ’
572 1723 963 1794 Πνευματικῶς
993 1724 1075 1777 δεῖ
1102 1724 1169 1776 16
1201 1723 1324 1793 περί
1352 1720 1486 1792 ἐμοῦ
1517 1721 1732 1775 ἀκούειν
1755 1737 1769 1752 ·
1802 1723 1831 1774 6
1853 1720 1964 1791 γάρ

391 1805 672 1875 σαργικῶς
703 1804 965 1869 ἀκούσας,
1003 1804 1153 1858 οὐδὲν
1183 1805 1459 1868 ἀπώνατο,
1492 1803 1614 1856 οὔτε
1645 1803 1881 1874 χρηστόν
1902 1821 1962 1856 τι

390 1887 665 1940 ἀπέλαυσε
706 1899 759 1941 α.
791 1887 1061 1957 Σαρκικὸν
1102 1886 1159 1940 δὲ
1191 1885 1343 1958 [278]
1387 1881 1454 1957 ἧν
1488 1888 1549 1938 16
1597 1885 1962 1955 ἀμφισϐητεῖν

396 1968 515 2032 πῶς
543 1970 606 2021 ἐκ
628 1968 720 2022 τοῦ
749 1969 979 2041 ούρανοῦ
1000 1968 1366 2037 καταϐέϐηκε,
1404 1969 1497 2021 καὶ
1520 1967 1579 2019 16
1598 1968 1857 2038 νομίζειν,
1878 1968 1965 2021 ὅτι

396 2052 507 2113 υἱός
536 2053 683 2105 ἐστιν
737 2053 955 2124 Ἰωσὴφ,
992 2054 1085 2107 καί
1111 2052 1193 2116 16,
1225 2050 1357 2117 Πῶς
1384 2051 1632 2105 δύναται
1669 2050 1815 2119 ἡμῖν
1847 2049 1963 2118 τὴν

392 2134 591 2203 σάρκα
616 2134 823 2189 δοῦναι
841 2135 1088 2204 gnara-223';
1107 2135 1290 2189 Ταῦτα
1316 2134 1492 2187 πάντα
1516 2133 1756 2204 σαρκικά
1771 2149 1783 2161 ·
1820 2133 1963 2205 άπερ

395 2216 504 2268 ἔδει
558 2216 832 2286 μυστικῶς
865 2220 1008 2270 νοεῖν
1056 2218 1152 2271 καὶ
1199 2216 1606 2287 πνευματικῶς.
1637 2216 1748 2268 Kal
1775 2215 1963 2280 πόθεν,

396 2300 582 2368 φησὶν.
617 2298 879 2369 ἠδύναντο
908 2300 1098 2367 νοῆσαι
1131 2301 1183 2353 τί
1216 2299 1345 2353 ποτέ
1369 2301 1514 2353 ἐστιν
1551 2298 1612 2351 16
1643 2299 1821 2369 σάρκα
1861 2316 1963 2367 φα-

394 2383 510 2449 γεῖν
539 2382 735 2434 ἐκεῖνοι
758 2397 772 2445 ;
799 2380 1009 2435 Οὐκοῦν
1038 2380 1144 2435 ἔδει
1176 2380 1267 2434 τὸν
1297 2382 1640 2453 προσήκοντα
1676 2381 1965 2450 ἀναμεῖναι

395 2462 609 2533 καιρὸν,
646 2464 741 2515 καὶ
797 2463 1182 2528 πυνθάνεσθαι,
1227 2463 1320 2517 καὶ
1355 2463 1431 2533 μὴ
1463 2461 1847 2534 ἀπαγορεύειν.
1887 2465 1966 2517 Τὰ

384 2544 645 2612 ῥήματα,
662 2543 701 2599 d
722 2545 837 2613 ἐγὼ
861 2544 1177 2612 λελάληκα
1210 2544 1375 2614 ὑμῖν,
1410 2543 1646 2613 πνεῦμὰ
1667 2545 1818 2609 ἐστι,
1864 2544 1964 2598 καὶ

395 2626 539 2695 ζὶυή·
583 2626 883 2692 τουτέστιν,
925 2626 1044 2679 θεῖα
1077 2627 1172 2680 καὶ
1205 2628 1554 2697 πνευματικά
1601 2630 1773 2693 ἐστιν,
1810 2627 1963 2680 οὐδὲν

396 2707 586 2776 ἔχοντα
618 2708 901 2778 σσρκικὸν,
945 2708 1065 2761 οὐδὲ
1104 2708 1429 2762 ἀκολουθίαν
1479 2710 1742 2779 φυσικήν·
1785 2708 1822 2763 ἀ
1870 2710 1964 2762 καὶ

394 2790 736 2860 ἀπήλλακται
768 2790 797 2829 δ
864 2791 1044 2860 πάσης
1097 2792 1195 2861 μέν
1233 2792 1492 2863 τοιαύτης
1556 2793 1821 2862 ἀνάγκης,
1870 2793 1965 2845 καὶ

396 2872 721 2942 ὑπέρκειται
769 2872 864 2925 καὶ
899 2873 1006 2925 τῶν
1045 2874 1226 2943 νόμων
1252 2875 1363 2929 τῶν
1398 2874 1633 2929 ἐνταῦθα
1661 2868 1962 2945 κειμένωνο

394 2956 581 3025 ἕτερον
602 2954 657 3007 δὲ
668 2954 780 3025 ἔχει
802 2955 927 3008 νοῦν
946 2955 1367 3025 ἐξηλλαγμένον.
1392 2957 1561 3009 Ὠσπε
1570 2972 1600 3025 ρ
1619 2953 1711 3009 οὖν
1732 2956 1966 3010 ἐνταῦθα

392 3039 455 3092 16
481 3038 699 3108 πνεῦμα
736 3035 890 3093 εἶπεν
925 3040 1044 3092 ἀντὶ
1072 3043 1165 3092 τοῦ
1213 3039 1576 3110 πνευματικά,
1613 3039 1755 3091 οὕτω
1789 3040 1965 3111 σάρκα

394 3121 583 3184 εἰπὼν,
614 3124 674 3175 ού
703 3121 940 3192 σαρκικά
966 3119 1139 3187 εἶπεν,
1163 3121 1297 3175 ἀλλά
1313 3124 1375 3175 τὸ
1406 3121 1685 3192 σαρκικῶς
1713 3121 1964 3188 ἀκοῦσαι,

395 3206 511 3275 ἀμα
536 3205 631 3258 καὶ
656 3206 853 3267 αὐτοὺς
880 3203 1271 3273 αἰνιττόμενος,
1302 3205 1383 3257 ὅτι
1418 3205 1505 3257 ἀεὶ
1537 3204 1813 3276 σαρκικῶν
1838 3206 1966 3256 ἐπε-

395 3288 623 3360 Θύμουν,
644 3286 763 3340 δέον
789 3286 1175 3356 πνευματικῶν
1198 3286 1469 3356 ἐφίεσθαι.
1507 3287 1632 3340 Ἐἀν
1647 3286 1756 3358 γὰρ
1779 3296 1802 3326 ε
1836 3287 1968 3340 αὐτὸ

392 3370 673 3442 σαρκικῶς
698 3385 783 3432 τις
819 3367 1057 3434 ἐκλάσοι,
1088 3370 1241 3424 οὐδὲν
1288 3369 1562 3424 ἀπώνατο.
1612 3370 1677 3421 Τί
1706 3366 1831 3437 οὖνς
1866 3371 1969 3424 οὐκ

396 3454 514 3507 ἔστι
551 3455 585 3524 ὴ
619 3450 757 3523 σάρξ
786 3450 953 3504 αὐτοῦ
986 3452 1160 3523 σάρξς
1196 3453 1307 3505 Kal
1340 3453 1544 3524 σφόδρα
1578 3451 1677 3522 μὲν
1706 3447 1819 3507 οὖν.
1859 3452 1968 3507 Kal

398 3534 516 3598 πῶς
545 3531 697 3588 εἶπεν
718 3575 732 3595 ,
794 3532 856 3588 Ἡ
886 3533 1043 3600 σὰρξ
1081 3537 1192 3589 οὐκ
1220 3535 1442 3604 ὠφελεῖ
1484 3535 1693 3597 οὐδέν;
1727 3536 1802 3589 Ού
1841 3536 1968 3607 περί

395 3617 494 3687 τῆς
517 3615 711 3669 ἐαυτοῦ
743 3616 944 3687 σαρκὸς
964 3615 1136 3685 λέγων
1159 3633 1174 3648 ο
1190 3618 1264 3689 μὴ
1292 3617 1503 3686 γένοιτο
1525 3634 1538 3647 ’
1559 3617 1694 3671 ἀλλὰ
1713 3619 1837 3689 περί
1859 3620 1967 3671 τῶν

400 3701 675 3772 σαρκικῶς
696 3700 1146 3771 ἐκλαμϐανόντων
1174 3703 1243 3756 16
1263 3703 1549 3774 λεγόμενα.
1584 3704 1649 3756 Τί
1682 3704 1737 3757 δέ
1767 3707 1881 3758 ἐστι
1907 3705 1968 3757 16

400 3781 681 3853 σαρκικῶς
709 3781 931 3850 νοῆσαις
955 3783 1029 3836 Τὸ
1054 3783 1333 3848 ἀπλῶςείς
1362 3786 1427 3839 τά
1454 3786 1787 3857 προκείμενα
1813 3787 1965 3858 ὁρᾷν,

399 3864 495 3920 καὶ
521 3864 595 3936 μὴ
629 3863 790 3917 πλέον
818 3881 872 3917 τι
895 3865 1278 3935 φαντάζεσθαι.
1305 3868 1475 3921 Τοῦτο
1495 3868 1602 3937 γάρ
1633 3871 1747 3921 ἐστι
1779 3886 1968 3938 σαρκι-

396 3948 529 4010 κῶς.
561 3946 683 4017 Χρὴ
720 3946 776 4000 δὲ
815 3948 889 4018 μὴ
923 3947 1065 4001 οὕτω
1092 3950 1300 4021 κρίνειν
1326 3955 1438 4014 τοῖς
1480 3950 1798 4021 ὁρωμένοις,
1833 3950 1971 4003 ἀλλὰ

398 4032 578 4087 πάντα
597 4030 668 4083 τὰ
683 4032 959 4103 μυστήρια
976 4035 1087 4096 107.;
1110 4032 1256 4087 ἐνδον
1268 4034 1566 4105 ὀφθαλμοῖς
1586 4033 1963 4089 κατοπτεύειν.

398 4113 571 4168 Τοῦτο
597 4114 707 4184 γάρ
736 4113 853 4168 ἐστι
878 4117 1283 4187 πνευματικῶς.
1306 4119 1503 4190 ῙΑραό
1532 4118 1605 4187 μὴ
1624 4117 1852 4187 τρώγων
1872 4119 1969 4171 αύ-

395 4195 489 4249 τοῦ
516 4196 614 4266 τὴν
666 4197 869 4267 σάρκα,
906 4198 1000 4251 καὶ
1040 4198 1212 4253 πίνων
1251 4200 1414 4253 αὑτοῦ
1449 4201 1509 4253 16
1534 4196 1695 4270 αἷμα.
1724 4202 1823 4254 οὐκ
1858 4200 1969 4271 ἔχει

399 4278 542 4351 ζωὴν
558 4280 616 4331 ἐν
635 4278 812 4350 ἐαυτῷ
829 4295 845 4308 ·
876 4281 991 4343 πῶς
1009 4277 1101 4335 οὖν
1129 4282 1282 4336 οὐδὲν
1310 4282 1555 4353 ώφελεῖή
1584 4283 1740 4352 σάρξ,
1755 4280 1821 4354 ἦς
1839 4285 1967 4337 ἀνευ

399 4363 499 4431 ζῇν
533 4362 633 4415 οὐκ
660 4362 771 4427 ἔνι;
814 4363 976 4434 Ὀρᾷς
1005 4365 1089 4417 ὅτι
1117 4364 1199 4428 16,
1241 4366 1303 4418 Ἦ
1339 4364 1477 4436 σάρξ
1507 4367 1607 4419 οὐκ
1637 4367 1837 4436 ὠφελεῖ
1878 4356 1971 4421 06-

397 4444 505 4507 δέν,
531 4445 592 4497 ού
614 4446 857 4515 περὶτῆς
882 4446 1085 4515 σαρκὸς
1112 4447 1278 4499 αὑτοῦ
1313 4448 1550 4519 εἴρηται,
1574 4448 1710 4501 ἀλλά
1728 4450 1970 4519 περὶτῆς

398 4529 666 4597 σαρκικῆς
695 4528 1051 4598 ἀκροάσεωςς
1087 4531 1250 4581 Ἀλλ’
1277 4531 1398 4582 εισι
1423 4548 1577 4596 τινες
1608 4532 1677 4595 ἐξ
1700 4532 1885 4600 ὑμῶν,
1915 4532 1972 4586 οἳ

397 4611 471 4662 οὺ
497 4610 877 4662 πιστεύουσι.
922 4610 1092 4662 Πάλιν
1125 4610 1265 4662 κατά
1301 4612 1362 4663 16
1397 4613 1626 4684 σύνηθες
1658 4615 1825 4667 αὑτοῦ
1856 4620 1970 4681 τοῖς

397 4689 575 4755 λόγοις
598 4689 816 4757 ἀξίωμα
838 4692 1174 4762 περιτίθησι,
1202 4693 1272 4747 τά
1293 4710 1353 4747 τε
1384 4695 1642 4764 μέλλοντα
1669 4696 1968 4766 προλέγων,

398 4769 492 4826 καὶ
520 4770 733 4834 δεικνὺς
752 4771 828 4835 ὡς
856 4774 917 4826 οὐ
939 4775 1040 4845 τῆς
1065 4775 1286 4851 ἐκείνων
1311 4776 1469 4848 δόξης
1489 4780 1771 4849 ἐφιέμενος
1798 4780 1970 4833 ταῦτα

397 4858 603 4928 ιλιγιν.
632 4857 746 4911 ἀλλ’
766 4859 948 4913 αὐτῶν
972 4862 1288 4933 κηδόμενος.
1324 4865 1504 4918 Εἰπὼν
1526 4865 1599 4927 δὲ,
1631 4864 1817 4932 Τινὲς,
1847 4868 1972 4930 τοὺς

401 4942 651 5015 μαθητάς
668 4941 1003 5014 ὑπεξήγαγε.
1026 4948 1182 5013 Παρὰ
1202 4947 1312 5019 γάρ
1332 4947 1430 5019 τήν
1450 4950 1626 5021 ἀρχὴν
1647 4950 1799 5018 ἔλεγε
1822 4968 1836 4981 ο
1862 4950 1972 5005 Kal

394 5025 690 5092 ἑωράκατέ
725 5043 822 5096 με,
847 5028 943 5081 καί
974 5030 1045 5083 οὐ
1077 5032 1388 5085 πιστεύετέ
1409 5036 1554 5100 μοιά
1575 5050 1590 5065 ·
1616 5033 1852 5088 ἐνταῦθα
1889 5034 1969 5097 δὲ,

396 5112 536 5164 Είσί
562 5127 721 5178 τινες
744 5111 815 5176 ἐξ
844 5110 1029 5181 ὑμῶν,
1066 5111 1123 5165 οἳ
1144 5114 1217 5167 οὐ
1235 5116 1645 5171 πιστεύουσιν.
1676 5116 1841 5190 ’ῌδει
1864 5119 1971 5187 γὰρ

394 5193 464 5256 ἐξ
490 5192 704 5263 ἀρχῆς,
734 5195 896 5261 τίνες
917 5194 1077 5249 εισὶν
1106 5197 1161 5249 οί
1192 5196 1279 5265 μὴ
1309 5200 1716 5266 πιστεύοντες,
1753 5201 1851 5255 καί
1878 5202 1971 5267 τίς

394 5274 565 5328 ἐστιν
598 5281 630 5330 ό
657 5278 1028 5346 παραδώσων
1058 5282 1265 5334 αὐτόν.
1299 5281 1407 5335 Καὶ
1436 5282 1629 5353 ἔλεγε,
1661 5284 1761 5337 Διὰ
1797 5284 1973 5339 τοῦτο

396 5355 626 5422 εἴρηκα,
648 5361 858 5427 Οὐδεὶς
878 5362 1128 5418 δύναται
1162 5363 1365 5418 ἐλθεῖν
1392 5366 1542 5433 πρός
1570 5384 1661 5430 με.
1692 5368 1802 5420 ἐὰν
1820 5368 1906 5435 μὴ
1932 5361 1975 5437 ᾖ

396 5437 720 5507 δεδομένον
759 5445 919 5510 αὐτῷ
951 5446 1183 5502 ἄνωθεν
1211 5449 1282 5503 ἐκ
1331 5449 1437 5504 τοῦ
1468 5450 1696 5519 Πατρός
1722 5468 1865 5519 μου.
1899 5451 1973 5503 T6

399 5519 644 5604 ἑκούσιον
665 5524 897 5580 ἐνταῦθα
915 5528 1015 5596 τῆς
1038 5531 1350 5602 οἰκονομίας
1368 5535 1396 5587 6
1415 5533 1809 5604 εύαγγελιστὴς
1835 5536 1971 5603 ήμῖν

398 5601 715 5667 αἰνίττεται,
751 5607 928 5660 καὶτὸ
960 5611 1301 5675 ἀνεξίκακον.
1340 5616 1533 5670 Kal16
1566 5601 1662 5681 Ἐξ
1692 5601 1889 5686 ἀρχῆς
1913 5617 1970 5670 δὲ

1034 298 1114 353 .S.
1150 288 1441 351 JOANNIS"
1468 282 1967 346 CIIRYSOSTOMI’
1991 285 2310 343 ABCIIIEP.
2344 284 2885 342 CONSTANTINOP.

3531 288 3641 351 eos

2066 398 2270 451 ἀνωθεν
2302 398 2634 468 πρόγνωσιν,
2664 397 2758 451 καὶ
2776 398 2856 451 ὅτι
2882 395 2987 468 πρὸ
3007 396 3114 449 τῶν
3135 396 3395 469 ῥημάτων
3411 399 3640 458 τούτων,

2065 485 2161 539 καὶ
2186 485 2245 538 ού
2279 485 2419 555 μετά
2449 485 2511 537 16
2538 485 2825 553 γογγύσαι,
2854 483 2976 536 οὐδὲ
3002 482 3138 553 μετὰ
3158 484 3219 536 16
3247 486 3643 552 σκανδαλισθῆ-

2067 585 2155 621 ναι
2184 569 2275 622 τὸν
2298 566 2562 638 προδότην
2588 566 2724 639 ᾔδει,
2754 567 2893 621 ἀλλά
2921 567 3014 620 καὶ
3050 566 3156 638 πρὸ
3177 566 3388 633 τούτου,
3415 570 3550 644 ὅπερ
3572 569 3641 644 ἦν

2068 650 2339 721 θεότητος.
2366 644 2497 703 Εἶτα
2521 651 2613 703 καὶ
2638 650 2935 721 ἐπήγαγεν,
2975 649 3111 703 Ἐὰν
3138 648 3225 719 μὴ
3254 644 3296 720 ᾖ
3319 650 3642 723 δεδομένον

2065 732 2224 798 αὐτῷ
2253 733 2483 787 ἀνωθεν
2510 733 2579 786 ἐκ
2617 731 2725 786 τοῦ
2773 734 3002 800 Πατρός
3028 748 3169 800 μου,
3204 731 3406 787 πείθων
3444 737 3641 803 αὐτοὺς

2066 814 2288 885 Πατέρα
2303 814 2469 869 αὐτοῦ
2481 814 2722 885 νομίζειν
2750 814 2841 867 τὸν
2858 814 3011 880 θεὸν,
3030 813 3164 867 ἀλλά
3185 814 3262 885 μὴ
3285 815 3378 868 τὸν
3417 818 3637 893 Ἰωσήφ,

2067 900 2161 954 καὶ
2191 900 2403 963 δεικνὺς
2434 900 2517 953 ὅτι
2546 899 2647 953 οὐκ
2675 898 2826 971 [279]
2860 898 2974 952 ἐστι
3016 900 3078 952 16
3127 898 3292 971 τυχὸν
3321 900 3383 954 τὸ
3417 907 3635 959 πιστεῦ-

2068 998 2158 1035 σαι
2201 983 2281 1044 εἰς
2310 981 2495 1035 αὐτόν.
2556 982 2853 1052 Μονονουχί
2890 981 2999 1051 γάρ
3034 982 3189 1038 τοῦτό
3222 1002 3405 1058 φησιν,
3436 987 3511 1041 Ού
3546 988 3637 1041 θορ

2068 1064 2325 1137 ρυὸοῦσιν
2349 1075 2397 1129 ο,
2415 1064 2930 1143 ούδέταράττουσιν,
2952 1065 3081 1118 οὐδὲ.
3103 1067 3369 1134 ξενίζουσί
3389 1087 3457 1139 με
3486 1071 3535 1123 οἰ
3562 1072 3637 1143 μὴ

2066 1145 2444 1210 πιστεύοντες·
2493 1140 2609 1199 οῖδα
2652 1145 2810 1199 τοῦτο
2856 1146 3069 1202 ἀνωθεν
3096 1150 3224 1218 πρὶν
3265 1150 3303 1223 ἥ
3352 1140 3634 1219 γενέσθαιλ

2067 1224 2185 1282 οἶδα
2212 1228 2353 1281 τίσιν
2375 1228 2573 1282 ἐδωκεν
2608 1229 2635 1281 6
2660 1229 2871 1300 Πατήρ.

2140 1317 2207 1379 γ’.
2228 1312 2398 1364 Ὅταν
2426 1310 2754 1383 δέἀκούσῃς,
2777 1311 2860 1365 δτι
2878 1311 3121 1379 Δέδωκε,
3153 1312 3226 1385 μὴ
3253 1315 3645 1387 ἀποκλήρωσινλ

2072 1391 2257 1456 ἁπλῶς
2293 1392 2504 1462 νόμιζε,
2542 1392 2658 1446 ἀλλ’
2685 1394 2860 1446 ἐκεῖνο
2885 1394 3128 1459 πίστευε,
3158 1396 3239 1449 ὅτι
3267 1398 3296 1449 6
3338 1399 3634 1469 παρασχὼν

2068 1474 2255 1529 ἐαυτὸν
2295 1474 2442 1540 ἄξιον
2479 1474 2572 1528 τοῦ
2608 1475 2813 1538 λαὸεῖν,
2843 1475 3003 1540 αὐτὸς
3042 1476 3249 1531 ἐλαϐεν.
3292 1478 3394 1533 Ἕκ
3421 1482 3634 1536 τούτου

2068 1558 2284 1613 πολλοὶ
2303 1557 2420 1612 τῶν
2441 1558 2723 1627 μαθητῶν
2743 1558 2929 1613 αὐτοῦ
2943 1560 3223 1628 ἀπῆλθον
3237 1562 3323 1629 είς
3337 1562 3410 1615 τὰ
3424 1564 3633 1627 ὀπίσω,

2066 1642 2165 1696 καὶ
2191 1644 2302 1696 οὐκ
2326 1642 2413 1695 ἐτι
2433 1659 2545 1711 μετ
2562 1642 2575 1657 '
2605 1640 2793 1696 αὑτοῦ
2818 1641 3235 1711 περιεπάτουν.
3268 1644 3459 1707 Καλῶς
3484 1647 3575 1698 καί
3607 1649 3637 1701 6

2066 1725 2457 1796 εύαγγελιστὴς
2488 1725 2589 1778 οὐκ
2625 1721 2798 1790 εἶπεν,
2835 1726 3208 1797 ἀνεχώρησαν,
3240 1726 3394 1790 ἀλλά,
3425 1726 3638 1796 Ἀπῆλ-

2066 1811 2173 1862 θον
2198 1811 2285 1875 εἰς
2314 1808 2386 1861 τὰ
2413 1809 2626 1874 όπίσω,
2656 1807 2829 1876 δηλῶν
2857 1809 3051 1880 ὃτιτῆς
3078 1808 3220 1862 κατά
3242 1808 3440 1881 ἀρετὴν
3461 1811 3637 1865 ἐπιδόο

2069 1909 2204 1955 σεως
2226 1891 2581 1962 ὑπετέμοντο,
2610 1889 2707 1943 καὶ
2736 1891 2817 1943 ὅτι
2837 1891 2903 1961 ήν
2925 1888 3068 1961 εἰχον
3090 1891 3256 1946 πάλαι
3280 1892 3462 1945 πίστιν
3485 1892 3638 1946 ἀπώ-

2066 1973 2248 2037 λεσαν,
2297 1973 2691 2043 ἀποσχίσαντες
2734 1972 2975 2036 ἑαυτούς.
3017 1972 3158 2026 Ἀλλ’
3204 1976 3302 2045 ούχ
3341 1976 3388 2028 οί
3431 1973 3638 2030 δώδεκα

2066 2058 2223 2110 τοῦτο
2256 2055 2475 2110 ἔπαθον.
2522 2056 2614 2109 Διὸ
2662 2055 2757 2110 καί
2801 2073 2933 2127 φησι
2965 2056 3101 2127 πρὸς
3149 2056 3379 2122 αὐτούς’
3408 2058 3506 2127 Μὴ
3537 2059 3637 2112 καί

2066 2134 2235 2204 ὑμεῖς
2274 2135 2477 2190 θέλετε
2510 2133 2800 2205 ὑπάγειν;
2830 2134 3044 2198 δεικνὺς
3073 2134 3235 2188 πάλιν
3255 2135 3337 2190 δτι
3366 2136 3429 2190 ού
3469 2135 3639 2195 δεῖται

2065 2219 2165 2288 τῆς
2192 2216 2464 2282 διακονίας
2508 2217 2687 2270 αὐτῶν
2736 2217 2828 2271 καὶ
2866 2217 2966 2287 τῆς
3018 2216 3335 2286 θεραπείας,
3383 2219 3506 2272 οὐδὲ
3549 2218 3639 2273 διά

2067 2301 2225 2355 τοῦτο
2261 2302 2457 2366 αὐτοὺς
2504 2302 2768 2373 περιῆγεν
2810 2300 3271 2372 ἐπιδεικνύμενος.
3300 2301 3428 2366 Πῶς
3477 2301 3585 2374 γάρ
3609 2302 3640 2356 6

2068 2385 2163 2439 καὶ
2193 2383 2403 2448 τούτοις
2428 2383 2601 2437 ταῦτα
2624 2384 2830 2452 λέγων;
2861 2383 3014 2436 Διατί
3045 2378 3137 2437 οὗν
3169 2383 3365 2447 αὐτοὺς
3398 2383 3472 2455 μὴ
3501 2382 3625 2454 ἐπῄ-

2067 2482 2219 2532 νεσε;
2251 2467 2389 2521 διατί
2426 2465 2499 2538 μὴ
2527 2467 2873 2537 ἐθαύμασεν;
2914 2465 3078 2536 Ὁμοῦ
3110 2466 3207 2537 μὲν
3247 2466 3309 2519 16
3348 2468 3445 2520 τοῦ
3485 2466 3631 2520 διδα-

2070 2546 2270 2600 σκάλου
2302 2546 2510 2617 πρέπον
2536 2544 2753 2615 ἀξίωμα
2788 2544 2994 2614 τηρῶν,
3032 2544 3168 2614 ὁμοῦ
3206 2544 3265 2597 δέ
3292 2545 3524 2609 δεικνὺς,
3557 2546 3640 2600 ὃτι

2067 2630 2155 2683 διά
2183 2629 2374 2682 τούτου
2401 2629 2598 2700 μᾶλλον
2616 2627 2939 2696 ἐφέλκεσθαι
2961 2627 3179 2680 ἐδειτοῦ
3200 2627 3418 2699 τρόπου.
3451 2628 3513 2681 Εἰ
3541 2625 3641 2698 μὲν

2069 2711 2177 2781 γάρ
2223 2711 2476 2781 ἐπῄνεσε,
2523 2710 2835 2780 νομίζοντες
2871 2708 3019 2777 αύτῷ
3058 2710 3220 2781 χάριν
3271 2708 3490 2775 διδόναι,
3539 2706 3639 2763 κᾶν

2068 2792 2267 2845 ἔπαθόν
2294 2810 2349 2846 τι
2379 2791 2715 2862 ἀνθρώπινον
2735 2811 2749 2825 -
2788 2790 2863 2862 τῷ
2890 2791 2947 2845 δὲ
2976 2792 3246 2845 δεικνύναι
3284 2790 3359 2863 μή
3391 2791 3640 2862 δεόμενον

2070 2873 2233 2926 αὐτὸν
2252 2874 2350 2944 τῆς
2376 2874 2785 2943 ἀκολουθῆσεως
2806 2874 3005 2938 αύτῶν,
3036 2876 3256 2943 κατεῖχε
3284 2872 3500 2943 μᾶλλον.
3531 2872 3641 2925 Kal

2070 2955 2171 3025 ὅρα
2192 2955 2307 3019 πῶς
2330 2955 2462 3007 αὐτὸ
2483 2955 2716 3018 συνετῶς
2741 2954 2981 3026 εἴρηκεν.
3016 2956 3092 3008 Οὐ
3112 2953 3220 3025 γάρ
3244 2950 3415 3018 εἶπεν,
3452 2952 3641 3007 Ἀπέλ-

2072 3036 2222 3089 021e-
2279 3036 2436 3095 τοῦτο
2482 3037 2590 3107 γὰρ
2637 3036 3026 3107 ἀπωθουμένου
3071 3032 3169 3107 ἦν·
3226 3036 3338 3089 ἀλλ’
3384 3036 3563 3107 ἐρωτᾷ
3612 3032 3634 3072 τ

2071 3119 2265 3184 λέγων,
2288 3120 2384 3185 Μὴ
2414 3120 2510 3174 καί
2537 3120 2702 3189 ὑμεῖς
2723 3120 2925 3174 θέλετε
2950 3119 3233 3188 ὐπάγεινς
3259 3119 3435 3189 Ὅπερ
3457 3119 3639 3171 πᾶσαν

2068 3197 2136 3272 ἦν
2164 3203 2524 3272 ἀφαιροῦντος
2546 3202 2666 3271 βίαν
2700 3203 2792 3256 καὶ
2810 3202 3075 3273 ἀνάγκην,
3107 3201 3201 3255 καὶ
3224 3202 3283 3253 ού
3315 3200 3635 3272 βουλομένου

2071 3284 2209 3338 αἰδοῖ
2234 3302 2340 3337 τινι
2358 3284 2794 3356 προσηρτῆσθαι,
2814 3284 2949 3337 ἀλλά
2977 3283 3113 3355 μετά
3133 3283 3227 3337 τοῦ
3243 3283 3400 3354 χάριν
3414 3283 3647 3337 εἰδέναιτ-

2071 3366 2160 3438 Τῷ
2201 3367 2258 3419 δὲ
2312 3367 2449 3438 μήτε
2493 3368 2720 3421 ἐκείνων
2763 3367 3139 3436 κατηγορῆσαι
3187 3366 3468 3438 φανερῶς,
3527 3365 3653 3420 ἀλλν

2070 3450 2255 3521 ήρέμα
2304 3449 2671 3519 καθάψασθαι,
2707 3448 2905 3515 ἔδειξεν
2939 3450 3086 3513 ὅπως
3126 3449 3213 3502 δεῖ
3248 3450 3554 3520 φιλοσοφεῖν
3584 3450 3653 3503 ἐν·

2070 3524 2183 3595 τοῖς
2216 3531 2496 3595 τοιούτοις.
2537 3532 2727 3602 Ἦμεῖς
2756 3531 2813 3583 δέ
2844 3531 3105 3585 τάναντία
3146 3532 3426 3603 πάσχομεν
3446 3550 3467 3564 ν
3501 3533 3645 3587 εἰκό-

2070 3632 2214 3678 τως,
2266 3614 2456 3685 ἐπειδὴ
2505 3614 2605 3684 τῆς
2652 3612 2859 3677 οἰκείας
2904 3614 3154 3684 ἐχόμενοι
3202 3614 3381 3686 δόξης.
3429 3615 3649 3669 ἅπαντα

2073 3698 2403 3768 πράττομεν.
2436 3698 2525 3750 Διδ
2555 3697 2650 3750 καὶ
2685 3695 3036 3750 ἐλαττοῦσθαι
3062 3696 3358 3768 νομίζομεν
3393 3697 3461 3751 τά
3503 3698 3641 3768 ἡμέ-

2072 3798 2205 3851 τερα
2230 3781 2317 3834 διά
2343 3781 2441 3852 τῆς
2461 3780 2861 3851 ἀναχωρήσεως
2882 3778 2992 3832 τῶν
3009 3779 3440 3850 θεραπευόντων.
3457 3780 3655 3845 Οὕτως.

2072 3863 2127 3915 δέ
2159 3862 2281 3916 οὔτε
2311 3863 2688 3927 ἐκολάκευσεν,
2724 3860 2848 3914 οὕτε
2878 3861 3248 3934 διεκρούσατο.
3285 3864 3400 3918 ἀλλ’
3431 3862 3651 3936 ήρὼτηυ

2075 3962 2187 3997 σεν.
2241 3945 2354 3997 υύκ
2386 3946 2492 4015 ἀρα
2514 3944 2977 4016 καταφρονοῦντος
3002 3941 3091 4016 ἦν,
3125 3946 3260 4000 ἀλλά
3287 3947 3361 4018 μὴ
3390 3945 3650 4017 βουλομέο

2074 4046 2164 4082 νου
2195 4028 2285 4099 βίᾳ
2318 4029 2412 4082 καὶ
2446 4029 2658 4098 ἀνάγκη
2688 4027 3031 4098 κατέχεσθαι.
3055 4028 3128 4081 T6
3151 4028 3260 4100 γάρ
3289 4028 3432 4081 οὕτω
3465 4028 3652 4098 μένειν.

2075 4114 2188 4166 ἴσον
2225 4111 2341 4164 ἐστί
2370 4111 2464 4164 τοῦ
2496 4110 2769 4166 ἀπελθεῖν.
2801 4112 2866 4164 Τί
2894 4107 2987 4166 οὖν
3016 4114 3045 4165 6
3069 4111 3304 4182 Πέτρος;
3331 4110 3486 4177 Πρὸς
3509 4112 3652 4164 τινα

2073 4196 2563 4264 ἁπελευσόμεθα;
2591 4193 2851 4265 Ῥήματα
2878 4194 3026 4263 ζωῆς
3055 4194 3295 4249 αἰωνίου
3322 4194 3504 4262 ἔχεις.
3536 4193 3645 4247 Καὶ

2075 4277 2247 4345 ἡμεῖς
2273 4277 2758 4347 πεπιστεύκαμεν
2792 4276 2889 4331 καί
2910 4276 3271 4347 ἐγνώκαμεν,
3304 4275 3393 4329 ὅτι
3424 4275 3507 4329 σὺ
3536 4271 3594 4330 εἷ
3613 4278 3647 4330 ό

2076 4361 2379 4428 Χριστὸςό
2429 4363 2559 4427 Υἱὸς
2594 4360 2702 4415 τοῦ
2749 4361 2896 4415 Θεοῦ
2935 4359 3041 4415 τοῦ
3084 4359 3315 4428 ζῶντος.
3362 4360 3523 4431 Ὁρᾷς
3564 4360 3655 4412 ὅτι.

2076 4447 2137 4499 ού
2169 4446 2237 4500 16
2270 4447 2492 4516 ῥήματα
2528 4440 2596 4514 ἦν
2626 4444 2694 4497 τά
2728 4442 3166 4508 σκανδαλίζοντα,
3204 4442 3319 4496 ἀλλ’
3347 4444 3382 4513 ή
3409 4445 3647 4515 ἀπροσε-

2080 4526 2167 4591 ξία
2190 4530 2284 4581 καὶ
2312 4530 2345 4596 ή
2379 4527 2618 4598 ῥᾳθυμία
2650 4527 2744 4580 καί
2776 4524 3136 4596 ἀγνωμοσύνη
3164 4523 3273 4578 τῶν
3303 4524 3647 4591 άκουόντων;

2082 4612 2191 4665 Kal
2216 4610 2327 4681 γάρ
2368 4610 2462 4663 καὶ
2496 4611 2546 4663 εἰ
2594 4611 2670 4680 μή
2703 4603 2878 4673 εἶπεν,
2915 4606 3411 4677 ἐσκανδαλίσθησαν
3438 4607 3524 4672 ἂν,
3556 4605 3653 4660 καὶ

2079 4694 2179 4746 ούκ
2205 4692 2269 4746 ἂν
2300 4691 2624 4756 ἐπαύσαντο,
2654 4695 2827 4763 τροφῇ
2855 4690 3213 4762 προσέχοντες
3234 4690 3322 4743 ἀεὶ
3344 4690 3655 4762 σωματικῇ,

2080 4777 2175 4830 καὶ
2206 4778 2272 4847 τῇ
2305 4778 2376 4845 γῇ
2400 4774 2835 4845 προσηλωμένοι.
2874 4772 3084 4836 Ἀλλως
3113 4772 3191 4837 δὲ,
3224 4772 3320 4826 καὶ
3351 4765 3499 4826 οὗτοι
3529 4772 3647 4842 μετ’

2079 4858 2305 4913 ἐκείνων
2334 4858 2531 4928 ἤκουον
2552 4874 2565 4887 ·
2594 4856 2707 4910 ἀλλ’
2742 4857 2891 4927 ὅμως
2919 4854 3180 4909 τάναντία
3201 4853 3424 4908 ἐκείνων
3440 4853 3654 4924 ἀπεφή-

2079 4958 2257 5001 ναντο.
2284 4939 2533 5009 λέγοντες
2554 4956 2568 4970 °
2594 4939 2750 5007 Πρὸς
2778 4938 2913 4991 τίνα
2940 4936 3398 5005 ἀπελευσόμεθα
3414 4934 3655 5004 ;Πολλῆς

2080 5017 2138 5072 16
2170 5019 2322 5091 ῥῆμα
2351 5016 2731 5089 φιλοστοργίας
2762 5013 3115 5085 ἐμφαντικὸν.
3158 5013 3408 5067 Δείκνυσι
3434 5012 3545 5084 γὰρ
3573 5012 3655 5065 61:

2080 5104 2281 5165 παντὸς
2317 5102 2498 5164 αὐτοῖς
2531 5102 2679 5153 ἐστιν
2708 5101 2736 5152 6
2761 5096 3091 5160 Διδάσκαλος
3129 5105 3155 5145 ε
3188 5095 3531 5167 τιμιώτερος,
3562 5095 3658 5149 καὶ

2082 5185 2352 5257 πατέρων.
2389 5183 2485 5237 καὶ
2511 5184 2786 5255 μητέρων,
2820 5179 3046 5235 καὶτῶν
3066 5179 3235 5233 ὄντων
3264 5177 3539 5240 ἀπάντων,
3561 5177 3657 5231 καὶ

2081 5270 2422 5330 ἀποστάντας
2466 5266 2629 5321 αὑτοῦ
2656 5266 2758 5320 οὐκ
2799 5263 2879 5319 ἔνι
2924 5264 3112 5318 λοιπὸν
3155 5259 3258 5316 ποῦ
3298 5261 3656 5327 καταφυγεῖν.

2082 5347 2237 5415 Εἶτα,
2273 5351 2361 5404 ἴνα
2391 5349 2466 5420 μὴ
2489 5349 2618 5420 δοκῇ
2651 5350 2731 5412 τὸ,
2778 5347 2938 5416 Πρὸς
2982 5346 3120 5400 τίνα
3161 5340 3658 5409 ἁπελευσόμεθας

2080 5435 2169 5487 διά
2200 5433 2357 5487 τοῦτο
2387 5433 2663 5504 εἰρηκέναι
2695 5430 2877 5496 αὑτὸν,
2900 5431 2974 5493 ὡς
3006 5429 3107 5482 οὐκ
3138 5426 3305 5480 ὄντων
3329 5423 3439 5478 τῶν
3469 5422 3661 5476 ὑποδε-

2084 5515 2330 5586 ξαμένων
2380 5515 2599 5581 αὐτοὺς,
2632 5514 2834 5576 εὐθέως
2868 5514 3145 5585 ἐπήγαγεο
3196 5507 3345 5581 [‘280]
3399 5506 3662 5575 Ῥήματα

2083 5596 2232 5667 (artic
2256 5598 2498 5651 αἰωνίου
2528 5595 2705 5665 ἔχεις.
2738 5597 2801 5649 Οἱ
2831 5595 2931 5667 μὲν
2956 5594 3065 5665 γὰρ
3090 5589 3369 5662 σαρκικῶς
3395 5588 3492 5643 καὶ
3523 5586 3662 5658 μετά

397 5688 495 5757 οὐχ
526 5686 714 5751 ἁπλῶς
740 5688 974 5743 ἐνταῦθα
1002 5670 1195 5762 κεῖται,
1217 5698 1334 5751 ἀλλ’
1362 5699 1450 5752 ῖνα
1476 5670 1657 5771 μάθῃς
1682 5670 1978 5772 uta-336,1)”
2083 5681 2360 5754 λογισμῶν
2382 5679 2737 5753 ἀνθρωπίνων
2758 5683 2976 5753 ήκουον,
3005 5670 3151 5731 οὗτοι
3170 5674 3228 5729 δὲ
3251 5670 3661 5744 πνευματικῶς,

465 5793 490 5861 τ
525 5791 622 5864 {illi
639 5792 754 5864 9'33:
783 5791 868 5864 τοῦ
893 5794 1099 5864 ’κέρδους
1127 5814 1170 5847 τι
1352 5800 1394 5864 71)
1418 5801 1573 5864 Savil:
1610 5805 1829 5864 φυσικὴν,
1866 5804 1969 5853 ἀλλ’

398 5848 574 5907 531W:-
638 5855 661 5885 '
687 5852 860 5907 Morel.
885 5856 940 5903 ἂν
967 5848 1145 5912 ’τοί-τᾶν.
1200 5860 1236 5932 ιιι
1260 5863 1360 5914 Alii
1382 5848 1468 5912 οὖν
1496 5848 1879 5928 ἐπισέεἶίεξῖμόιξ

2152 5810 2175 5837 ο
2214 5793 2361 5848 Smil.
2396 5797 2459 5851 εἰς
2478 5795 2618 5844 αὐτόν
2640 5812 2650 5823 ·
2682 5795 2866 5857 ,ὡσανεὶ
2892 5795 3062 5857 ἔλεγεν,
3091 5791 3161 5844 Οὔ
3198 5791 3295 5853 οορ.
3368 5784 3388 5826 ί
3415 5782 3513 5838 Ali:
3538 5779 3666 5844 ἧρώ·

2089 5877 2220 5921 τησε.
2291 5862 2312 5901 ε
2337 5860 2435 5913 Axii
2461 5861 2485 5907 6
2515 5856 2731 5922 Χριστός.
