4104 6156
441 423 516 471 est
543 408 721 464 numdi
736 422 760 471 ;
785 413 861 476 et,
889 405 1035 463 Sicut
1059 404 1193 459 misit
1222 418 1300 458 me
1319 402 1483 457 vivens
1509 400 1685 466 Pater,
1720 408 1769 455 et
1794 414 1885 467 ego
1912 397 2019 450 vivo

446 511 653 574 propter
682 499 930 562 Patrem;
970 504 1044 562 et,
1077 497 1140 549 de
1179 493 1302 549 creto
1332 491 1584 554 descendi,
1617 491 1705 546 ille
1733 488 2019 544 difﬁculta-

444 602 551 649 tem
578 592 758 647 solvit.
790 588 888 657 Qui
918 588 1057 644 enim
1088 585 1285 656 aliquid
1314 598 1561 655 magnum
1585 582 1653 637 de
1675 596 1734 636 sc
1763 579 2018 648 loquitur,

442 692 725 754 suspectus
770 682 872 735 erit
901 677 1163 734 mendacii
1188 692 1204 742 ;
1233 675 1323 746 qui
1363 688 1494 730 vero
1524 673 1644 727 talia
1672 670 1865 726 deinde
1889 668 2019 723 sub-

443 774 539 839 dit,
590 786 806 827 omnem
850 769 989 825 tollit
1027 767 1405 837 suSpieionem.
1437 763 1575 819 Nihil
1621 776 1746 817 vero
1770 777 1877 815 non
1915 759 2024 830 agit

443 881 506 923 ac
533 865 684 929 dicit,
714 879 782 918 ne
812 870 995 933 putent
1020 875 1141 914 eum
1167 872 1287 912 esse
1302 856 1521 925 Josephi
1550 854 1737 909 illium.
1759 851 1873 907 Non
1895 866 2023 920 ergo

443 960 560 1014 hmo
610 957 761 1023 dixit,
821 964 881 1008 ut
933 951 1240 1007 scandalum
1290 956 1528 1019 augeret,
1573 947 1665 1001 sed
1695 953 1751 999 ut
1792 944 2018 999 tolleret.

444 1047 693 1117 Quisquis
718 1044 860 1100 enim
890 1058 1013 1098 eum
1041 1040 1207 1096 ﬁlium
1232 1038 1449 1109 Josephi
1472 1045 1726 1107 putasset,
1748 1034 1887 1090 dicta
1914 1048 2023 1088 non

444 1139 742 1208 accepisset
774 1154 788 1190 ε
818 1136 908 1207 qui
952 1148 1081 1189 vero
1109 1144 1397 1202 persuasus
1420 1138 1563 1185 esset
1599 1129 1770 1197 ipsum
1798 1125 1864 1181 de
1890 1125 2023 1179 ctelo

444 1228 809 1294 descendisse,
838 1234 892 1282 et
912 1239 980 1281 eo
1002 1236 1348 1279 ascensurum
1370 1234 1488 1275 esse
1509 1218 1714 1273 facilius
1739 1215 2021 1272 libentius-

444 1337 548 1393 que
597 1319 754 1375 dictis
797 1313 1134 1371 attendisset.
1174 1310 1284 1368 Sub
1314 1310 1428 1366 haec
1451 1310 1609 1363 aliam
1636 1308 1856 1363 adduxit
1876 1306 2023 1362 solu-

447 1416 646 1470 tionem
676 1429 690 1466 :
723 1409 815 1466 65.
847 1408 1076 1479 Spiritus
1093 1414 1183 1472 est,
1209 1405 1397 1474 inquit,
1419 1403 1506 1474 qui
1524 1402 1760 1470 viviﬁcat,
1785 1416 1905 1456 caro
1924 1416 2025 1455 non

446 1505 650 1576 prodest
695 1501 1015 1574 quidquam:
1042 1499 1145 1552 hoc
1195 1504 1296 1561 est,
1343 1493 1475 1562 Quae
1522 1493 1591 1548 de
1639 1509 1725 1547 me
1752 1492 2022 1559 dicuntur,

446 1593 792 1666 spiritualiter
812 1600 936 1646 sunt
962 1587 1306 1658 accipienda:
1340 1601 1461 1641 nam
1492 1586 1581 1656 qui
1611 1585 1897 1640 carnaliter
1930 1598 2028 1637 au-

447 1687 542 1751 dit,
571 1683 703 1739 nihil
733 1683 982 1746 lucratur,
1033 1678 1161 1733 nihil
1190 1676 1420 1749 proficit.
1452 1674 1681 1729 Carnale
1725 1682 1844 1730 erat
1866 1674 2024 1728 dubi-

449 1788 561 1833 tare
587 1772 855 1846 quomodo
879 1773 947 1828 de
970 1770 1100 1825 cazlo
1122 1767 1505 1831 descendisset,
1532 1775 1826 1836 putareqne
1852 1764 2025 1833 ipsum

447 1884 567 1924 esse
612 1867 775 1922 lilium
824 1863 1074 1932 Iosephi;
1120 1875 1330 1917 necnon
1378 1858 1526 1923 illud,
1575 1857 1838 1923 Quomodo
1864 1864 2027 1926 potest

450 1960 594 2014 nobis
613 1972 813 2011 carnem
838 1970 981 2009 suam
1000 1953 1124 2007 dare
1141 1952 1210 2005 ad
1232 1947 1681 2005 manducandum?
1703 1946 1829 2002 Haec
1848 1946 2026 2001 omnia

448 2049 716 2115 carnalia;
747 2061 865 2117 qua:
890 2042 1171 2115 oportebat
1212 2041 1438 2112 mystice
1478 2048 1533 2095 et
1567 2039 1914 2108 spiritualitcr
1940 2038 2019 2094 in-

451 2141 709 2211 telligere.
744 2137 814 2193 Et
860 2135 1129 2208 quomodo
1160 2141 1427 2204 poterant,
1453 2132 1681 2201 inquies,
1731 2132 2029 2201 intelligere

452 2231 572 2303 quid
600 2237 743 2285 esset
767 2242 982 2284 carnem
1003 2224 1326 2281 comedere?
1351 2222 1644 2292 Oportebat
1663 2230 1809 2277 certe
1834 2236 2031 2290 oppor-

453 2331 632 2375 tunum
666 2328 875 2387 tempus
922 2324 1231 2385 exspectare
1257 2321 1311 2368 et
1366 2312 1721 2382 interrogare,
1754 2324 1852 2365 nec
1887 2310 2031 2363 desi-

453 2422 612 2468 stere.
648 2409 816 2464 Verba
862 2423 974 2477 qua:
1018 2422 1108 2477 ego
1152 2404 1384 2474 loquutus
1410 2418 1523 2456 sum
1566 2402 1721 2467 vobis,
1750 2400 1958 2468 spiritus
1984 2408 2030 2453 et

455 2504 553 2558 vita
578 2511 728 2565 sunt;
756 2499 808 2554 id
839 2506 942 2564 est,
971 2497 1150 2552 divina
1179 2505 1231 2550 et
1256 2493 1548 2564 spiritttalia
1580 2500 1725 2555 sunt,
1773 2490 1906 2547 nihil
1930 2490 2031 2544 ha-

456 2593 581 2649 bent
622 2590 858 2657 carnale,
913 2603 1011 2644 nec
1063 2585 1361 2642 naturalem
1415 2582 1889 2653 consequentiam;
1935 2581 2030 2636 sed

456 2686 597 2741 omni
644 2683 948 2756 bujusntodi
991 2670 1330 2745 necessitate,
1380 2687 1436 2733 et
1478 2676 1634 2745 hujus
1679 2676 1799 2729 vitae
1831 2674 2033 2743 legibus

459 2774 625 2831 libera
654 2783 798 2837 sunt,
830 2773 1095 2842 aliumque
1145 2780 1199 2825 et
1247 2768 1514 2824 diversum
1560 2780 1774 2822 sensum
1812 2764 2029 2819 habent.

461 2864 611 2919 Sicut
636 2878 764 2932 ergo
784 2862 890 2915 ltoc
914 2862 1029 2917 loco
1071 2860 1317 2931 spiritum
1356 2874 1455 2929 pro
1488 2849 1854 2928 spiritualibus
1877 2857 2031 2920 dixit,

462 2956 540 3010 sic
568 2969 686 3008 cum
709 2967 918 3007 carnem
944 2952 1088 3018 dicit,
1111 2967 1213 3005 non
1241 2950 1472 3005 carnalia
1502 2948 1774 3018 intelligit;
1800 2948 1892 3003 sed
1916 2962 2033 3001 car-

461 3045 650 3101 naliter
688 3058 781 3099 eos
822 3042 1003 3098 audire
1049 3041 1373 3107 subiudieat,
1420 3041 1510 3111 qui
1556 3054 1771 3108 semper
1797 3038 2034 3092 carnalia

458 3135 762 3205 cupiebant,
804 3148 924 3187 cum
972 3133 1298 3202 oportuisset
1339 3130 1631 3201 spiritualia
1674 3138 1947 3200 appetere.
1978 3130 2035 3185 Si

457 3226 571 3296 quis
597 3225 741 3280 enim
766 3225 865 3278 hoc
894 3223 1179 3279 carnaliter
1201 3224 1444 3293 accipiat,
1469 3223 1600 3277 nihil
1623 3222 1875 3277 lueratur.
1897 3221 2034 3289 Quid

458 3315 615 3383 ergo?
644 3330 709 3368 an
737 3329 865 3369 caro
894 3314 1010 3384 ejus
1037 3328 1141 3369 non
1167 3323 1247 3369 est
1266 3314 1429 3368 caro?
1457 3313 1547 3367 Est
1570 3322 1734 3367 certe.
1758 3310 2036 3379 Quomodo

461 3421 587 3476 ergo
612 3405 763 3472 dixil,
792 3405 925 3460 Caro
956 3422 1056 3459 non
1084 3404 1284 3474 prodest
1309 3403 1628 3475 quidquam?
1652 3403 1767 3458 Non
1792 3403 1858 3457 de
1875 3416 2037 3457 carne

461 3511 553 3552 sua
582 3498 847 3568 intelligit,
899 3497 1076 3559 absit;
1122 3496 1215 3551 sed
1257 3496 1323 3551 de
1348 3495 1412 3551 iis
1440 3498 1528 3566 qui
1570 3495 1709 3551 dicta
1752 3495 2038 3550 carnaliter

461 3593 781 3660 acciperent.
834 3589 972 3658 Quid
1017 3598 1100 3644 est
1146 3598 1325 3644 autem
1370 3590 1661 3644 carnaliter
1700 3588 2038 3660 intelligere?

461 3680 732 3752 Proposita
785 3681 1100 3751 simpliciter
1128 3681 1442 3751 intelligere,
1477 3696 1647 3750 neque
1698 3681 1836 3735 ultra
1880 3681 2036 3750 quid-

461 3777 601 3845 piam
652 3776 976 3845 excogitare.
1031 3774 1141 3829 lloc
1189 3782 1273 3829 est
1324 3773 1610 3828 carnaliter
1660 3773 1859 3827 videre.
1920 3772 2036 3829 Non

462 3875 671 3934 Oportet
697 3876 873 3920 autem
895 3866 960 3920 de
992 3866 1056 3920 iis
1084 3880 1205 3936 quae
1232 3864 1477 3919 videntur
1506 3865 1576 3917 ita
1595 3863 1851 3932 judicium
1875 3862 2033 3931 ferre,

462 3956 558 4011 sed
606 3957 785 4009 omnia
836 3957 1083 4028 mysteria
1125 3955 1470 4011 interioribus
1498 3954 1667 4009 oculis
1709 3956 2033 4025 perSpieere,

464 4046 515 4100 id
545 4054 647 4110 est,
677 4045 1039 4115 spiritualiter.
1071 4048 1149 4099 An
1179 4047 1225 4101 is
1254 4047 1340 4115 qui
1367 4060 1473 4100 non
1502 4047 1787 4102 manducat
1819 4062 2035 4103 carnem

463 4137 598 4207 ejus,
631 4152 728 4193 nec
755 4137 886 4193 bibit
927 4139 1043 4209 ejus
1084 4139 1416 4209 sanguinem,
1449 4155 1553 4194 non
1584 4139 1749 4195 habet
1790 4142 1951 4195 vitam
1984 4141 2036 4193 in

463 4228 750 4298 semetipso
778 4246 792 4284 :
819 4228 1089 4300 quomodo
1137 4245 1264 4301 ergo
1310 4245 1436 4285 caro
1487 4246 1591 4285 non
1626 4233 1839 4300 prodest
1880 4231 2035 4300 quid-

463 4331 641 4386 quam,
670 4319 783 4373 sine
809 4335 909 4388 qua
936 4336 1039 4373 non
1072 4335 1352 4389 possumus
1383 4320 1598 4374 vivere?
1629 4321 1742 4374 Non
1771 4320 1837 4375 de
1875 4335 2039 4375 carne

466 4407 627 4476 ipsius
656 4410 757 4463 hoc
778 4409 976 4464 dictum
1001 4426 1120 4465 esse
1150 4412 1317 4477 vides,
1346 4411 1437 4464 sed
1468 4412 1535 4464 de
1562 4411 1759 4464 carnali
1789 4410 2035 4465 audiendi

466 4499 641 4552 modo.
673 4501 759 4553 64.
794 4500 900 4554 Sed
921 4512 1037 4554 sunt
1062 4502 1268 4572 quidam
1308 4518 1369 4554 ex
1394 4490 1525 4554 vobis
1553 4502 1640 4571 qui
1669 4517 1766 4553 non
1804 4502 2034 4553 credunt.

466 4590 691 4642 ltursum
741 4605 836 4659 pro
878 4605 1026 4645 more
1051 4605 1148 4644 suo
1177 4592 1484 4661 dignitatem
1516 4592 1689 4642 verbis
1714 4590 1912 4658 adjicit.
1953 4590 2036 4643 fu-

466 4686 683 4746 turaque
707 4676 945 4745 prtedicit
970 4690 1026 4734 et
1052 4679 1302 4747 ostendit,
1334 4695 1393 4734 se
1417 4694 1523 4732 ttott
1568 4686 1625 4731 ut
1648 4678 1871 4748 gloriam
1899 4677 2036 4747 apud

458 4761 582 4820 illo:
618 4774 878 4833 captaret,
919 4765 1012 4820 scd
1057 4767 1197 4835 quod
1243 4781 1427 4822 eorum
1471 4768 1630 4823 saluti
1686 4774 2038 4839 prospiceret,

459 4850 562 4908 hoc
581 4854 783 4908 dit-ere.
808 4857 940 4908 (lum
962 4855 1094 4909 dicit
1115 4865 1318 4921 autem,
1340 4855 1583 4919 Quidam,
1609 4858 1899 4924 discipulus
1922 4857 2038 4907 sub-

459 4942 629 4996 duxit.
660 4945 814 4998 Initio
863 4960 1091 5013 namque
1137 4936 1371 5010 dixerat,
1407 4943 1473 4996 Et
1502 4945 1696 4998 vidistis
1725 4961 1826 5009 me,
1849 4956 1894 4998 et
1937 4961 2041 4997 non

456 5033 741 5088 credidistis
768 5034 926 5099 mihi;
955 5035 1040 5089 hic
1090 5051 1236 5099 vero,
1273 5033 1407 5090 Sunt
1434 5035 1643 5103 quidam
1673 5050 1735 5088 ea;
1778 5035 1917 5089 uobis
1954 5033 2044 5104 qui

456 5138 559 5176 non
586 5127 818 5179 credunt.
851 5125 1056 5180 Sciebat
1078 5126 1214 5178 enim
1239 5127 1302 5177 ab
1330 5125 1499 5188 initio,
1526 5126 1735 5192 quinam
1763 5138 1925 5179 essent
1952 5127 2041 5194 qui

455 5233 556 5269 non
586 5216 862 5282 crederent,
891 5229 938 5271 et
964 5221 1079 5288 quis
1105 5219 1388 5271 traditurus
1411 5227 1535 5270 esset
1562 5234 1696 5270 eum.
1729 5218 1816 5270 οἵ).
1853 5216 1919 5270 Et
1954 5220 2037 5272 di-

452 5308 616 5372 cebat,
650 5306 776 5363 Ideo
815 5311 922 5363 dixi
952 5311 1115 5375 vobis,
1145 5309 1311 5363 Nemo
1344 5320 1505 5378 potest
1533 5310 1703 5362 uenire
1722 5310 1791 5362 ad
1820 5326 1913 5370 me,
1937 5312 2034 5364 nisi

454 5403 606 5468 jnerit
652 5403 699 5455 ei
738 5402 916 5455 datum
968 5404 1185 5471 desuper
1223 5419 1254 5455 a
1294 5400 1453 5455 Patre
1497 5418 1626 5456 meo.
1675 5403 2034 5470 Spontancam

448 5492 567 5560 ejus
595 5494 950 5547 trconomiam
984 5493 1069 5547 hic
1096 5493 1421 5559 evangelista
1453 5492 1751 5546 subindicat
1771 5533 1786 5557 ,
1811 5493 2034 5563 ejusque

449 5583 780 5653 patientiam.
816 5585 1078 5654 lliuthne,
1113 5587 1182 5638 Ab
1226 5586 1393 5652 initio,
1429 5601 1534 5639 non
1585 5585 1700 5639 sine
1746 5600 1904 5639 cau~a
1951 5585 2035 5639 hic

446 5679 696 5747 ponitur;
738 5679 832 5735 sed
866 5689 920 5734 ut
951 5679 1066 5750 ejus
1114 5680 1505 5750 praescientiam
1556 5679 1842 5749 intelligas,
1877 5688 2036 5749 atque

1388 290 1458 347 1N
1494 288 1808 348 JO.\NNEM
1846 285 2076 345 HOMIL.
2122 283 2329 340 XLVII.
2374 285 2444 339 al.
2487 284 2671 341 XLVI.

3597 290 3704 348 πθ

2129 394 2300 464 ipsum
2330 405 2457 452 ante
2481 396 2597 453 lucc
2632 396 2813 465 verba,
2857 414 3031 472 neque
3076 412 3355 475 postquam
3399 403 3472 461 illi
3515 408 3703 465 oﬂ'cusi

2128 498 2616 554 tnnrmuraverant,
2662 489 2988 558 proditorem
3017 494 3262 559 novisse;
3309 495 3359 549 id
3399 497 3541 567 quod
3570 500 3707 553 divi-

2126 575 2307 629 nitatis
2335 586 2469 631 erat.
2500 577 2699 633 Deinde
2723 580 2923 649 adjicit,
2956 580 3072 636 Nisi
3100 585 3248 653 fuerit
3276 587 3321 639 ei
3347 587 3526 641 datum
3552 591 3700 643 desu—

2127 683 2217 736 per
2244 684 2276 719 a
2308 665 2464 722 Putre
2490 685 2620 732 meo,
2651 671 2882 726 suadens
2908 674 2987 728 eis
3014 686 3069 727 ut
3113 674 3321 731 Patrem
3354 694 3508 734 suum
3551 694 3706 750 puta-

2126 766 2247 810 rent
2291 759 2479 824 Deum,
2520 774 2631 815 non
2670 760 2984 830 Josephnm,
3030 774 3083 819 et
3128 769 3417 823 ostendens
3447 787 3558 825 rem
3600 789 3704 827 non

2126 861 2246 902 esse
2291 849 2585 918 vulgarem,
2632 850 2683 905 in
2725 866 2849 906 eum
2877 853 3098 909 credere
3128 873 3142 911 :
3176 871 3239 911 ac
3265 860 3309 912 si
3334 860 3556 925 diceret.
3592 864 3706 919 Non

2129 937 2365 1003 turbant,
2395 953 2501 993 non
2531 939 2959 1009 obstupefaciunt
2998 958 3103 1009 me,
3148 947 3237 1013 qui
3284 962 3389 1002 non
3432 951 3701 1010 credunt:

2129 1026 2233 1083 hoc
2254 1028 2364 1097 jam
2392 1028 2521 1084 olim
2549 1030 2670 1085 novi
2692 1040 2975 1103 antequam
3007 1033 3160 1088 fieret
3187 1051 3203 1088 :
3231 1037 3355 1091 novi
3387 1039 3706 1109 quibusnam

2127 1117 2286 1174 Pater
2308 1119 2536 1174 dederit.

2197 1209 2252 1264 5.
2291 1209 2427 1265 Cum
2466 1212 2591 1266 illud
2621 1212 2794 1280 audis,
2831 1213 2998 1280 Dedit,
3039 1232 3106 1273 ne
3153 1227 3307 1287 putes
3338 1234 3460 1276 esse
3505 1233 3705 1280 sortem

2129 1302 2449 1371 quamdam;
2476 1305 2568 1359 sed
2596 1306 2754 1361 crede
2782 1321 2905 1361 eum
2929 1309 3019 1377 qui
3056 1324 3116 1363 se
3140 1310 3358 1379 dignum
3401 1314 3708 1383 prmbucrit,

2130 1392 2182 1447 id
2210 1395 2473 1465 accipere.
2497 1395 2585 1451 (i6.
2623 1395 2702 1451 Ea:
2726 1397 2821 1451 Itoc
2845 1400 2992 1453 multi
3027 1401 3394 1468 discipulorum
3423 1407 3533 1477 ejus
3570 1408 3710 1462 abie-

2128 1493 2247 1536 runt
2293 1494 2445 1550 retro,
2498 1494 2545 1538 et
2577 1485 2692 1555 jam
2737 1504 2836 1540 non
2879 1505 2992 1543 cum
3041 1491 3131 1545 illo
3168 1492 3511 1550 ambulabant.
3549 1496 3712 1552 liecte

2129 1576 2452 1645 evangelista
2479 1593 2583 1630 non
2614 1578 2767 1645 dixit,
2794 1580 3171 1647 accesserunt,
3213 1585 3325 1649 sed,
3357 1586 3599 1653 Abierant
3625 1605 3709 1642 re-

2130 1673 2227 1732 tro,
2271 1668 2560 1723 ostendens
2603 1685 2633 1723 a
2680 1672 2892 1726 virtutis
2939 1674 3177 1742 profectu
3222 1678 3451 1745 excisos,
3498 1688 3553 1735 et
3592 1695 3710 1735 eam

2129 1771 2287 1827 quam
2336 1759 2462 1814 olim
2514 1759 2810 1816 habuerant
2853 1764 3011 1819 fidem
3063 1768 3379 1836 perdidisse,
3423 1786 3545 1825 cum
3592 1786 3712 1827 sese

2129 1846 2527 1904 abscinderent.
2556 1850 2751 1906 Verum
2797 1852 3077 1909 duodecim
3126 1856 3198 1911 illi
3243 1874 3347 1913 non
3390 1859 3537 1915 item.
3568 1861 3709 1929 Qua-

2134 1950 2352 2008 propter
2378 1940 2512 1995 dixit
2562 1942 2687 2008 illis,
2737 1944 2823 1998 67.
2857 1944 3118 2014 Numquid
3141 1958 3187 2001 et
3217 1963 3301 2002 vos
3346 1952 3496 2006 vultis
3535 1954 3717 2008 obire?

2131 2030 2420 2085 ostendens
2467 2048 2527 2088 se
2576 2033 2782 2088 illorum
2809 2037 3107 2092 ministerio
3136 2048 3190 2093 et
3231 2041 3374 2094 cultu
3403 2056 3506 2098 n0u
3531 2059 3712 2113 egere,

2131 2135 2305 2189 neque
2351 2122 2470 2176 ideo
2514 2122 2635 2177 illos
2679 2126 3097 2181 circumducere.
3132 2129 3409 2195 Quomodo
3444 2133 3583 2187 enim
3614 2135 3717 2188 ill;s

2133 2225 2269 2280 opus
2299 2211 2497 2267 habere
2526 2215 2696 2282 potuit
2723 2215 2812 2284 qui
2854 2215 2968 2270 ha-c
3010 2217 3180 2273 dixit?
3208 2220 3312 2273 Cur
3337 2235 3430 2275 eos
3472 2239 3576 2277 non
3606 2224 3719 2277 lau-

2133 2300 2309 2355 davit?
2338 2317 2433 2356 cur
2462 2320 2566 2357 non
2603 2306 2948 2373 prtcdicwit?
2974 2308 3173 2376 [‘ritno,
3201 2318 3257 2363 ut
3284 2312 3521 2380 magistri
3547 2315 3719 2383 digni-

2134 2400 2296 2448 tatem
2321 2406 2581 2460 servaret,
2631 2406 2789 2465 atque
2835 2405 2891 2449 ut
2934 2399 3262 2465 ostenderet,
3294 2402 3373 2456 sic
3419 2403 3542 2456 illos
3581 2406 3716 2459 trahi

2134 2485 2457 2554 oportuisse.
2486 2485 2617 2539 Nam
2645 2488 2689 2540 si
2723 2486 3009 2553 laudasset,
3044 2500 3287 2556 putantes
3313 2507 3371 2547 se
3392 2495 3614 2561 gratiam
3643 2497 3717 2551 illi

2137 2576 2469 2643 praestitisse,
2517 2576 2716 2644 aliquid
2763 2578 3050 2633 humanum
3098 2583 3240 2650 passi
3292 2581 3562 2640 fuissent:
3594 2603 3715 2642 cum

2135 2674 2312 2720 autem
2344 2667 2575 2720 ostendit
2602 2682 2661 2722 se
2683 2667 2893 2722 illorum
2925 2685 3029 2724 non
3056 2686 3219 2740 egere
3245 2676 3519 2739 comitatu,
3551 2679 3718 2747 magis

2136 2770 2229 2810 eos
2272 2757 2555 2810 continuit.
2607 2758 2669 2811 Et
2716 2760 3080 2817 animadverte
3122 2779 3280 2832 quam
3331 2766 3619 2834 prudenter
3640 2769 3720 2823 lu-

2136 2857 2348 2918 quatur.
2382 2848 2498 2904 Non
2520 2850 2671 2915 dixit,
2704 2852 2897 2909 Abite:
2930 2853 2982 2909 id
3011 2854 3154 2913 cnim
3179 2858 3484 2927 repellentis
3511 2860 3716 2926 fuisset;

2136 2941 2229 2994 sed
2258 2941 2569 3013 interrogat,
2601 2943 2739 2998 Nunt
2766 2954 2811 2998 et
2838 2961 2924 3001 vos
2950 2949 3097 3003 vultis
3120 2949 3298 3004 obire?
3324 2952 3475 3020 Quod
3504 2968 3719 3009 omnem

2136 3035 2411 3091 auferebat
2438 3040 2541 3093 vim
2572 3049 2626 3094 et
2654 3042 3051 3108 necessitatem,
3083 3058 3149 3097 ne
3177 3044 3379 3113 pudore
3414 3045 3719 3102 detineren-

2138 3133 2244 3186 tur.
2277 3127 2369 3181 sed
2399 3135 2454 3181 et
2494 3130 2718 3198 gratiam
2756 3128 3034 3185 haberent.
3084 3132 3218 3186 Cum
3248 3142 3423 3187 autem
3464 3135 3583 3190 illos
3614 3153 3718 3192 non

2141 3219 2315 3288 palam
2343 3221 2633 3282 accusavit.
2665 3220 2757 3276 sed
2807 3221 3047 3277 modeste
3095 3214 3286 3291 tetigit,
3329 3226 3561 3280 ostendit
3589 3243 3721 3296 quo-

2139 3311 2300 3366 modo
2328 3321 2573 3382 Oporteat
2601 3314 2651 3366 in
2680 3313 2942 3368 similibus
2986 3314 3369 3383 philosophari.
3412 3316 3519 3371 Nos
3539 3328 3717 3373 autem

2134 3403 2255 3473 jure
2276 3407 2542 3459 contraria
2572 3406 2821 3475 patimur,
2854 3405 2975 3475 quia
2994 3409 3173 3460 omnia
3189 3407 3374 3474 gloriae
3400 3423 3559 3462 causa
3591 3410 3720 3466 faci-

2139 3509 2276 3560 mus,
2327 3494 2552 3564 ideoque
2596 3512 2661 3549 ex
2711 3495 3025 3550 famulorum
3084 3512 3298 3553 recessu
3346 3510 3526 3554 nostra
3556 3503 3719 3558 mimii

2142 3596 2407 3655 putamus.
2459 3587 2548 3641 Sic
2604 3603 2764 3658 porro
2813 3602 2910 3643 nec
2953 3588 3197 3643 adulatus
3238 3600 3340 3653 est,
3376 3607 3476 3646 nec
3501 3595 3715 3663 repulit.

2140 3675 2235 3731 sed
2281 3676 2647 3747 interrogavit.
2675 3677 2790 3733 Non
2832 3694 2960 3747 ergo
2985 3682 3288 3748 spernentis
3333 3682 3433 3737 hoc
3459 3695 3593 3750 erat,
3625 3688 3719 3742 sed

2141 3768 2371 3823 nolentis
2396 3783 2491 3823 eos
2529 3768 2578 3823 vi
2601 3777 2656 3823 et
2680 3770 2997 3826 necessitate
3028 3771 3305 3836 detinere;
3339 3791 3459 3830 nam
3504 3778 3572 3833 ita
3604 3796 3720 3835 ma-

2140 3875 2291 3925 nere,
2342 3860 2481 3916 idem
2531 3860 2719 3918 fuisset
2766 3873 2925 3930 atque
2950 3864 3119 3920 abire.
3167 3866 3304 3933 Quid
3341 3883 3468 3938 ergo
3497 3871 3722 3927 Petrus?

2141 3950 2228 4006 6'8.
2264 3952 2343 4005 Ad
2369 3969 2514 4023 quem
2556 3954 2778 4008 ibimus?
2839 3954 2996 4008 Verba
3045 3957 3159 4009 vita:
3198 3968 3402 4011 (eterna:
3426 3960 3594 4014 babes.
3629 3964 3720 4018 (.9.

2140 4043 2207 4097 Et
2251 4061 2343 4098 nos
2384 4045 2689 4099 credidimus
2735 4055 2781 4097 et
2823 4046 3162 4114 cognovimus,
3194 4048 3312 4113 quia
3334 4057 3385 4099 tu
3414 4064 3466 4101 es
3495 4050 3723 4105 Christus

2141 4131 2309 4187 Filius
2341 4134 2435 4186 Dei
2483 4135 2595 4187 vivi.
2631 4134 2817 4188 Viden’
2844 4152 2948 4188 non
2975 4136 3134 4189 verba
3176 4134 3524 4192 offensionem
3558 4156 3720 4209 pepe-

2140 4224 2297 4288 rissc,
2322 4224 2415 4278 sed
2439 4223 2759 4287 socordiam,
2803 4223 3086 4289 desidiam,
3119 4235 3173 4279 et
3210 4226 3602 4295 improbitatem
3624 4246 3720 4283 au-

2141 4314 2409 4367 diturum?
2431 4312 2559 4366 Nam
2590 4314 2795 4367 etiamsi
2831 4313 2930 4367 hoc
2956 4330 3060 4367 non
3103 4314 3344 4380 dixisset,
3377 4315 3720 4373 nihilominus

2140 4404 2326 4458 offensi
2356 4402 2600 4469 fuissent,
2618 4419 2713 4457 nec
2741 4403 3087 4470 destitissent,
3104 4405 3279 4459 cibum
3296 4419 3510 4474 semper
3531 4421 3722 4476 corpo-

2142 4510 2290 4550 reum
2318 4505 2585 4559 curantes,
2613 4509 2675 4548 ac
2703 4504 2857 4548 terra:
2884 4494 3047 4549 affixi.
3078 4496 3324 4565 Alioquin
3341 4505 3518 4550 autem
3543 4498 3594 4552 hi
3617 4514 3718 4554 una

2141 4600 2259 4639 cum
2290 4585 2390 4638 illis
2412 4587 2713 4648 audierunt,
2738 4583 2831 4638 sed
2861 4586 3131 4639 cctttrarie
3154 4585 3325 4639 affecti
3372 4586 3531 4641 modo
3564 4588 3719 4642 dixe-

2142 4686 2286 4742 runt,
2314 4676 2394 4729 Ad
2421 4692 2565 4746 queat
2592 4675 2774 4730 ibimus
2792 4675 2819 4729 .9
2844 4674 3078 4731 Verbum
3119 4678 3294 4746 magni
3323 4676 3546 4734 aﬂ'ectus
3583 4680 3725 4734 indi-

2145 4764 2311 4817 cium.
2344 4764 2623 4831 Significat
2650 4783 2793 4819 enim
2839 4767 3146 4836 Magistrum
3185 4771 3284 4823 sibi
3333 4775 3580 4827 omnibus
3610 4787 3732 4830 esse

2146 4854 2434 4920 cariorem,
2482 4859 2741 4923 patribus,
2795 4860 3073 4926 matribus,
3123 4863 3483 4928 facultatibus,
3524 4881 3726 4934 eosque

2147 4943 2237 5011 qui
2268 4945 2336 4998 ab
2366 4945 2485 5015 ipso
2512 4946 2818 5013 discedunt,
2852 4965 2954 5003 non
2997 4951 3195 5007 habere
3221 4968 3326 5020 quo
3356 4969 3415 5008 se
3443 4954 3724 5023 recipiant.

2150 5032 2350 5090 Deinde
2399 5050 2468 5091 ne
2518 5038 2787 5093 videretur
2834 5039 2999 5106 illul,
3041 5043 3119 5095 Ad
3167 5058 3312 5111 quem
3357 5042 3579 5098 ibimus!
3608 5044 3727 5096 ideo

2148 5125 2368 5190 dixisse,
2396 5129 2540 5196 quod
2564 5144 2668 5184 non
2699 5141 2881 5186 essent
2909 5135 2999 5203 qui
3030 5134 3176 5202 ipsos
3202 5135 3522 5201 reciperent,
3545 5144 3652 5188 stat
3674 5150 3724 5188 m

2139 5220 2342 5287 adjicit,
2373 5220 2536 5277 Verba
2565 5224 2679 5277 vita:
2700 5236 2903 5280 teterme
2926 5228 3101 5283 habes.
3127 5227 3227 5281 Alii
3255 5228 3396 5280 enim
3434 5228 3719 5283 carnaliter

2140 5322 2193 5365 et
2224 5312 2451 5367 humana
2486 5325 2664 5370 mente
2694 5320 3010 5382 audiebant;
3046 5318 3097 5372 hi
3127 5333 3252 5372 vero
3276 5319 3645 5386 spiritualiter,
3670 5330 3724 5375 et

2143 5403 2261 5455 fidei
2283 5414 2450 5458 totum
2468 5409 2886 5463 committentes.
2902 5410 3024 5464 ldeo
3036 5409 3279 5464 Christus
3291 5410 3502 5467 dicebat
3523 5430 3536 5466 :
3557 5411 3722 5467 Verba

2141 5513 2255 5565 quo?
2285 5499 2520 5567 loquutus
2550 5517 2662 5553 sum
2690 5503 2859 5567 vobis,
2891 5504 3099 5573 spiritus
3129 5514 3282 5568 sunt;
3314 5505 3364 5559 id
3395 5515 3497 5572 est,
3530 5506 3604 5560 Ne
3634 5521 3724 5559 su-

2142 5589 2365 5656 spiceris
2407 5590 2705 5644 doctrinam
2752 5607 2948 5660 meam,
2994 5610 3170 5655 rerum
3217 5597 3614 5667 consequentia!
3659 5610 3722 5649 ac

2142 5675 2448 5734 necessitati
2470 5679 2769 5749 subjacere.
2792 5682 2907 5741 Non
2939 5685 3241 5759 bnjusmodi
3267 5701 3392 5747 sunt
3420 5688 3722 5757 spiritualia
