4104 6156
365 327 463 383 237
1101 312 1158 367 S.
1199 305 1474 367 JOANNIS
1501 294 1974 362 CIIRYSOSTOMI
2028 295 2338 356 ARCHIEP.
2379 301 2908 360 CONSTANTINOP.
3537 315 3635 376 επις

369 457 464 496 nec
489 437 719 493 terrenis
751 432 954 500 legibus
979 428 1131 483 subdi
1173 428 1466 496 patiuntur.
1495 423 1548 479 ld
1579 421 1774 476 Paulus
1807 431 1937 487 quo-

359 547 467 604 que
494 529 726 584 declarat
757 525 838 577 his
870 521 1048 576 verbis
1076 537 1090 575 :
1126 520 1207 573 Ne
1235 519 1375 571 dicas
1417 519 1469 571 in
1496 514 1645 569 corde
1680 523 1783 576 tuo,
1821 511 1946 574 Quis

363 603 596 676 ascendet
645 617 696 668 in
741 613 961 667 caelum?
1008 612 1102 663 hoc
1131 619 1223 674 est,
1252 607 1509 661 Christum
1548 603 1827 666 deducere;
1856 608 1946 652 aut

363 712 474 781 quis
501 705 763 761 descendet
789 705 841 756 in
869 700 1143 771 abyssum?
1185 699 1278 751 hoc
1307 707 1399 760 est,
1435 695 1691 748 Christum
1717 707 1779 745 ea:
1805 707 1944 744 inor-

364 802 462 853 tuis
484 812 715 851 revocare
739 793 911 862 (Rom.
935 791 1021 846 10.
1057 789 1112 844 6.
1132 790 1211 857 7).
1241 785 1402 840 Verba
1429 786 1540 838 vita:
1551 793 1752 838 teter-nte
1771 781 1940 834 habes.

363 892 480 944 .laut
533 888 585 942 hi
635 885 1081 942 resorrecticuem
1112 886 1463 947 acceperant,
1507 883 1561 930 et
1602 882 1764 928 totam
1801 871 1944 926 illam

364 993 587 1036 sortem.
633 977 783 1040 Vide,
835 989 1040 1044 quaeso,
1095 971 1314 1025 fratrum
1345 977 1631 1027 amantem,
1679 963 1946 1034 qIIOIlIOdO

367 1072 528 1126 totius
555 1080 726 1126 cuius
746 1080 960 1120 causam
990 1073 1110 1133 agat
1140 1079 1154 1116 :
1185 1076 1290 1116 non
1317 1060 1451 1114 dixit
1490 1059 1654 1120 enim,
1684 1053 1943 1125 Cognovi,

366 1163 482 1228 Sed,
512 1160 847 1229 Cagnovimus
870 1173 889 1210 :
920 1157 1026 1209 imo
1070 1154 1246 1224 potius
1290 1150 1654 1204 animadverte
1677 1145 1946 1218 quomodo

366 1253 433 1307 ad
462 1255 573 1323 ipsa
601 1249 832 1317 Magistri
862 1246 1021 1302 verba
1047 1243 1285 1307 accedat,
1311 1257 1414 1295 non
1435 1240 1619 1294 eadem
1641 1253 1758 1306 quae
1778 1236 1947 1292 Judaei

371 1343 610 1412 loquens.
646 1340 722 1393 Illi
747 1339 887 1392 enim
914 1335 1182 1397 dicebant,
1211 1330 1312 1385 llic
1339 1339 1410 1384 est
1439 1330 1578 1399 filius
1604 1327 1833 1398 Joseph;
1861 1325 1948 1382 hic

367 1444 566 1497 autem,
595 1431 674 1486 Tu
703 1447 756 1484 es
777 1430 1004 1482 Christus
1034 1424 1079 1479 F
1082 1427 1180 1478 lius
1211 1423 1308 1476 Dei
1349 1423 1478 1486 vivi;
1509 1430 1582 1485 et,
1639 1417 1801 1473 Verba
1835 1419 1950 1473 vita

368 1539 571 1580 averna:
611 1525 784 1577 Itubes.
830 1519 990 1574 Forte
1034 1519 1157 1587 quia
1185 1529 1329 1584 saepe
1360 1514 1533 1585 ipsum
1562 1513 1828 1567 dicentem
1855 1526 1949 1564 au-

368 1621 538 1675 dierat
567 1636 582 1674 a
613 1617 713 1683 Qui
738 1614 897 1669 credit
920 1614 970 1667 in
993 1628 1089 1675 me,
1115 1611 1259 1664 habet
1276 1610 1427 1662 vitam
1447 1617 1707 1662 aeternam.
1729 1606 1951 1659 Demon-

368 1719 500 1765 strat
526 1709 670 1764 enim
711 1722 772 1762 se
815 1705 954 1760 dicta
981 1704 1160 1757 omnia
1205 1701 1456 1764 retinere,
1489 1713 1610 1752 cum
1641 1699 1754 1768 ipsa
1787 1696 1950 1751 verba

369 1809 608 1870 usurpat.
635 1799 772 1866 Quid
802 1811 930 1865 ergo
951 1792 1232 1849 Christus?
1259 1790 1374 1846 Non
1404 1788 1656 1854 laudavit,
1683 1803 1783 1843 nec
1812 1787 1953 1843 cele-

371 1894 542 1946 bravit
571 1891 804 1953 Petrum,
828 1885 968 1957 quod
992 1894 1168 1938 tamen
1191 1883 1314 1936 alibi
1345 1879 1487 1935 fecit.
1513 1878 1617 1934 Sed
1639 1877 1764 1948 quid
1785 1877 1954 1932 dicit?

373 1981 461 2037 70.
517 1981 702 2034 A‘onne
744 1994 834 2048 ego
881 1993 966 2030 vos
995 1975 1257 2028 duodecim
1287 1973 1434 2040 elegi,
1483 1979 1527 2024 et
1571 1987 1699 2023 unus
1726 1985 1790 2023 ea:
1818 1967 1954 2020 vobis

370 2075 601 2130 diabolus
627 2081 696 2127 est
717 2073 742 2125 .9
783 2071 914 2138 Quia
956 2069 1096 2124 enim
1130 2067 1220 2121 ille
1255 2065 1486 2126 dixerat,
1519 2064 1584 2118 Et
1611 2080 1703 2117 nos
1731 2063 1952 2116 credidi-

372 2183 502 2226 mus.
533 2165 729 2234 excipit
769 2179 835 2216 ex
867 2175 1091 2216 numero
1133 2159 1345 2214 Iudam.
1379 2158 1516 2212 Alibi
1547 2158 1689 2211 enim
1728 2155 1856 2210 nihil
1887 2156 1955 2210 de

371 2256 648 2325 discipulis
673 2254 808 2308 dixit
832 2271 844 2305 :
873 2251 966 2307 sed
993 2266 1113 2305 cum
1133 2248 1376 2305 Christus
1398 2248 1640 2310 dixisset,
1673 2245 1772 2299 Vos
1791 2255 1957 2298 autem

371 2365 517 2415 quem
548 2363 626 2400 me
667 2362 773 2399 esse
795 2343 998 2396 dicitis?
1029 2339 1323 2409 respondit,
1351 2338 1431 2392 Tu
1453 2354 1504 2391 es
1533 2336 1764 2391 Christus
1793 2335 1958 2389 Filius

373 2438 467 2492 Dei
493 2437 738 2501 viventis(
769 2433 956 2485 Matth.
986 2431 1074 2486 l6.
1103 2431 1172 2484 15
1193 2429 1237 2498 ).
1283 2428 1378 2483 llic
1405 2441 1532 2482 vero
1578 2427 1697 2496 quia
1726 2426 1956 2490 dixerat,

375 2529 440 2583 Et
469 2545 561 2582 nos
589 2525 915 2588 credidimus,
945 2521 1137 2576 merito
1158 2519 1347 2574 Judatn
1366 2518 1550 2572 eximit
1571 2533 1635 2572 ex
1657 2517 1748 2571 illo
1768 2515 1956 2580 choro;

376 2619 426 2674 id
453 2633 580 2673 vero
607 2617 751 2680 facit,
780 2616 889 2683 jam
917 2612 1008 2668 diu
1037 2620 1161 2664 ante
1205 2609 1490 2678 proditoris
1533 2606 1807 2676 perﬁdiam
1837 2620 1963 2673 pro-

377 2711 614 2779 pulsans.
644 2705 855 2761 Gttarus
899 2719 957 2759 se
1007 2700 1138 2756 nihil
1171 2697 1452 2769 prolicere,
1502 2695 1644 2767 quod
1670 2695 1724 2750 in
1762 2709 1822 2749 se
1847 2702 1964 2748 erat

377 2802 525 2857 fecit.

454 2894 510 2948 4.
551 2892 618 2946 Et
645 2891 853 2946 intuere
894 2887 1207 2957 sapientiam
1241 2898 1384 2940 anon
1431 2882 1578 2938 illum
1623 2878 1964 2936 manifestum

387 2984 640 3049 reddidit,
671 2996 845 3052 neque
883 2980 1050 3034 latere
1079 2979 1299 3032 omnino
1329 2974 1602 3045 permisit;
1637 2981 1746 3026 tum
1775 2985 1841 3025 ne
1867 2969 1965 3024 im-

381 3075 662 3146 pudentior
706 3069 1141 3142 pervicaciorque
1181 3066 1372 3128 ﬁeret;
1427 3073 1537 3117 tum
1580 3077 1648 3117 ne
1695 3076 1754 3116 se
1796 3061 1966 3116 latere

381 3177 592 3234 putans,
637 3161 890 3217 audacius
921 3159 1051 3214 illud
1101 3157 1305 3211 [acinus
1328 3155 1519 3209 adiret.
1549 3153 1751 3208 Idcirco
1778 3151 1830 3206 in
1874 3166 1964 3206 se-

380 3256 666 3327 quentibus
692 3252 926 3322 apertius
970 3250 1117 3304 illum
1158 3247 1416 3317 coarguit.
1451 3247 1605 3300 Prius
1629 3252 1777 3300 certe
1816 3243 1964 3298 illum

381 3363 503 3402 cum
529 3347 650 3401 aliis
674 3343 1102 3406 connumeravit,
1130 3355 1251 3394 cum
1296 3339 1462 3404 dixit,
1512 3337 1644 3394 Sunt
1670 3339 1874 3406 quidam
1903 3353 1967 3391 ex

382 3438 519 3492 vobis
543 3437 627 3507 qui
656 3451 756 3488 non
780 3434 990 3488 credunt
1010 3474 1026 3502 ,
1056 3433 1108 3486 id
1136 3431 1276 3501 quod
1320 3430 1559 3486 declarat
1598 3430 1920 3500 evangelista
1947 3446 1960 3480 a

384 3530 586 3586 Sciebat
631 3529 764 3583 enim
791 3526 854 3581 ab
876 3526 1020 3579 initio
1048 3526 1134 3591 qui
1158 3533 1318 3578 essent
1343 3539 1445 3577 non
1473 3523 1746 3586 credentes,
1781 3530 1826 3574 et
1853 3520 1966 3589 quis

385 3624 660 3677 traditurus
680 3629 804 3674 esset
821 3621 1008 3688 ipsum.
1023 3616 1154 3685 Quia
1179 3631 1305 3670 vero
1331 3615 1417 3670 ille
1439 3603 1776 3685 persistebat,
1791 3611 1966 3666 acrius

385 3715 584 3783 arguit,
617 3712 760 3767 Unus
805 3727 866 3764 ea:
906 3708 1042 3763 vobis
1093 3707 1321 3762 diabolus
1371 3717 1442 3760 est
1467 3747 1482 3772 ,
1522 3718 1968 3773 communemque

386 3805 634 3862 omnibus
663 3811 862 3858 metum
888 3801 1071 3856 incutit
1094 3839 1110 3865 ,
1138 3810 1195 3854 ut
1235 3799 1379 3853 illum
1408 3799 1700 3866 obtegeret.
1729 3797 1824 3851 ilic
1847 3795 1968 3866 jure

386 3905 696 3967 quaeratur:
725 3893 834 3948 Cur
861 3892 990 3946 nihil
1028 3891 1274 3959 discipuli
1314 3903 1454 3943 nunc
1489 3889 1693 3952 dicunt,
1725 3887 1823 3941 sub
1855 3887 1969 3940 haec

387 3997 563 4040 autent
585 3984 832 4038 dubitant
855 4023 872 4049 ,
907 3983 1097 4036 timent
1118 4022 1133 4046 ,
1163 3994 1222 4035 se
1249 3989 1434 4034 mutuo
1460 3978 1749 4049 respiciunt
1779 3991 1970 4046 rogan-

287 4146 304 4163 .
390 4091 488 4143 tes,
518 4076 778 4146 Numquid
821 4090 911 4145 ego
955 4089 1085 4137 sum,
1118 4071 1332 4125 Domine
1361 4070 1381 4143 (
1405 4069 1590 4122 Matth.
1619 4068 1710 4124 26.
1731 4067 1802 4122 22
1825 4067 1877 4138 )?
1904 4066 1973 4121 Et.

387 4170 578 4225 Joauni
609 4169 797 4224 Petrus
836 4167 1030 4231 innuit,
1054 4174 1110 4220 ut
1135 4165 1443 4235 Magistrum
1481 4169 1826 4232 percontetur
1852 4159 1973 4229 quis

388 4263 459 4316 sit
483 4260 741 4330 proditor.
769 4259 882 4326 Qua
931 4273 1059 4328 ergo
1102 4256 1170 4312 de
1211 4255 1416 4311 causa?
1443 4253 1691 4309 Nondum
1733 4252 1974 4307 audierat

389 4354 601 4419 Petrus,
643 4351 782 4407 Vade
825 4361 936 4424 post
974 4367 1090 4416 me,
1124 4360 1323 4403 satana.
1376 4347 1500 4403 Ideo
1549 4362 1654 4401 non
1703 4344 1970 4400 timebat:

391 4458 670 4517 postquam
695 4457 873 4500 autem
902 4445 1206 4511 increpatns
1230 4451 1332 4505 eSt,
1364 4449 1418 4494 et
1443 4439 1612 4493 multo
1635 4453 1754 4492 cum
1781 4436 1971 4491 affectu

392 4539 644 4609 loquutus
669 4577 684 4602 ,
715 4552 820 4591 non
848 4535 1092 4590 laudatus
1120 4545 1202 4587 est
1229 4573 1244 4598 ,
1275 4533 1371 4587 sed
1412 4541 1464 4586 et
1491 4543 1703 4585 satanas
1729 4531 1928 4584 audivit
1957 4547 1972 4597 ;

395 4630 495 4684 hac
524 4635 770 4698 percepta
799 4638 952 4688 voce,
982 4623 1126 4678 Unus
1163 4637 1226 4676 ea:
1252 4621 1390 4674 vobis
1431 4621 1593 4674 tradet
1621 4637 1700 4673 nte
1722 4660 1735 4680 ,
1763 4620 1884 4689 jure
1912 4620 1978 4674 ti-

395 4718 549 4772 muit.
581 4715 829 4783 Alioquin
851 4754 868 4777 ,
900 4728 1003 4766 nou
1033 4711 1159 4766 dicit
1187 4725 1328 4765 nunc
1348 4751 1362 4774 ,
1405 4708 1548 4764 Unus
1571 4726 1634 4764 ea
1654 4710 1790 4763 vobis
1815 4712 1976 4764 tradet

395 4825 509 4870 me;
539 4804 658 4871 sed,
692 4803 834 4859 Unus
858 4819 920 4857 ea:
944 4803 1081 4856 vobis
1102 4811 1174 4855 est
1202 4800 1454 4854 diabolus.
1487 4799 1660 4865 Quare
1686 4813 1790 4854 non
1823 4799 1980 4855 intel-

395 4899 633 4970 ligebant
656 4895 780 4966 quid
805 4895 1073 4949 dice-retur
1096 4934 1111 4956 .
1139 4891 1233 4948 sed
1261 4891 1512 4945 malitiam
1558 4899 1760 4945 tantum
1793 4906 1978 4959 repre-

395 4991 556 5048 hendi
587 4989 862 5060 putabant.
888 4987 997 5041 Cur
1025 4993 1202 5038 autem
1229 4983 1389 5050 dixit,
1423 4981 1605 5037 Nonne
1633 4999 1724 5053 ego
1747 4997 1833 5035 vos
1853 4982 1979 5036 duo-

395 5085 556 5138 decim
583 5082 729 5153 elegi,
764 5091 808 5134 et
837 5095 967 5133 unus
1005 5093 1067 5132 ea:
1091 5077 1226 5130 vobis
1267 5075 1496 5129 dial-olus
1537 5076 1650 5129 est?
1676 5075 1977 5129 Doctrinam

397 5192 546 5230 suam
575 5173 721 5228 omni
768 5171 1071 5226 adulatione
1116 5182 1334 5223 vacuam
1383 5167 1640 5222 indicans.
1671 5166 1804 5221 Cum
1837 5168 1976 5221 enim

398 5267 804 5323 abscedentibus
823 5263 1108 5327 omnibus,
1143 5261 1240 5328 ipsi
1270 5259 1369 5314 soli
1396 5269 1670 5314 manerent
1695 5301 1709 5324 ,
1739 5269 1794 5312 et
1838 5259 1978 5313 Petri

399 5374 492 5413 ore
513 5357 782 5413 Christum
817 5357 1238 5415 conli'erentur;
1267 5366 1334 5406 ne
1361 5358 1602 5419 putarent
1625 5367 1684 5406 se
1706 5349 1824 5405 ideo
1854 5349 1982 5419 ipsis

401 5448 739 5502 adulaturum
788 5462 907 5501 esse
933 5485 950 5512 ,
984 5446 1119 5498 hanc
1170 5450 1382 5496 amovet
1429 5442 1818 5511 suspicionem;
1847 5455 1911 5494 ac
1939 5443 1980 5495 si

402 5540 601 5592 diceret
631 5535 807 5590 :Nihil
837 5551 924 5590 me
963 5533 1177 5588 cohibet
1204 5533 1490 5602 quominus
1520 5531 1688 5586 malos
1718 5545 1933 5600 arguam
1966 5547 1978 5581 :

404 5647 473 5684 ne
493 5628 687 5699 putetis
713 5641 801 5682 me
827 5625 1001 5690 vobis,
1029 5625 1148 5693 quia
1179 5624 1428 5689 manetis,
1457 5621 1795 5677 adulaturum
1821 5635 1940 5675 esse
1964 5637 1979 5687 ;

405 5732 491 5778 aut
519 5721 640 5792 quia
687 5736 770 5776 me
819 5718 1140 5788 sequimini,
1166 5717 1436 5789 improbos
1479 5731 1586 5772 non
1622 5712 1982 5786 reprehensu-

2057 433 2194 471 rum.
2222 416 2353 472 Nam
2380 418 2522 488 quod
2556 421 2720 491 magis
2749 430 2930 489 posset
2966 421 3275 493 Magistrum
3302 427 3552 500 nectere,
3586 436 3634 491 id

2053 524 2157 563 non
2189 523 2275 563 me
2304 509 2487 566 ﬂeetit.
2518 511 2618 575 Qui
2649 521 2829 566 manet
2850 553 2864 574 ,
2888 515 3086 571 amoris
3120 515 3203 571 sui
3233 517 3324 574 dat
3356 523 3630 583 indicium.

2051 599 2152 669 Qui
2179 601 2378 656 electus
2415 611 2495 656 est
2525 617 2555 656 a
2583 603 2853 672 Magistro,
2877 605 2945 660 ab
2978 606 3372 678 insipientibus,
3399 629 3462 670 ac
3485 615 3528 671 si
3559 619 3633 673 iu-

2051 693 2222 747 saniat
2245 733 2260 758 ,
2291 694 2600 763 repelletur.
2634 697 2878 751 Attamen
2931 714 3102 768 neque
3142 699 3243 756 hoc
3283 718 3370 759 me
3397 721 3424 757 a
3454 722 3635 777 repre-

2052 782 2337 838 hendendo
2387 783 2621 839 abducit.
2655 785 2762 840 Hac
2803 787 2873 842 de
2918 803 2977 843 re
3027 791 3186 844 etiam
3229 809 3370 849 nunc
3407 799 3636 865 gentiles

2049 874 2320 930 Christum
2370 889 2655 941 accusant,
2685 877 2778 932 scd
2822 877 3012 947 frigide
3047 889 3101 936 et
3137 885 3317 939 stulte.
3349 885 3465 942 Non
3493 891 3638 946 enim

2052 967 2370 1022 necessitate
2417 978 2506 1021 aut
2555 970 2604 1023 vi
2654 969 2794 1024 Deus
2840 970 3007 1026 bonos
3035 972 3212 1029 facere
3261 977 3432 1046 solet,
3463 996 3638 1050 neque

2051 1060 2243 1115 electio
2273 1059 2388 1130 ejus
2417 1069 2499 1115 est
2527 1060 2756 1117 violenta
2782 1105 2796 1129 ,
2839 1065 2932 1119 sed
2973 1080 3004 1120 a
3047 1065 3295 1124 suasione
3343 1070 3633 1140 perﬁcitur.

2053 1151 2122 1208 Ut
2167 1162 2344 1208 autem
2398 1153 2572 1208 discas
2601 1156 2934 1211 vocationem
2971 1173 3078 1212 non
3119 1159 3223 1214 vim
3253 1160 3484 1230 inferre,
3517 1179 3636 1234 per-

2054 1243 2228 1314 pende
2271 1255 2400 1315 quot
2431 1245 2600 1300 vocati
2634 1247 2907 1315 perierint.
2939 1247 3092 1306 Unde
3121 1253 3294 1321 palam
3319 1264 3423 1321 est,
3454 1257 3507 1309 in
3539 1271 3637 1309 uo-

2052 1345 2165 1391 stro
2211 1337 2366 1391 sitam
2410 1352 2528 1394 esse
2563 1339 2785 1395 arbitrio
2829 1340 2910 1396 vel
2940 1342 3191 1411 salutem,
3220 1345 3300 1400 vel
3347 1350 3634 1418 perniciem

2053 1435 2312 1482 nostram.

2124 1521 2176 1574 5.
2219 1519 2344 1576 Haec
2389 1521 2566 1590 itaque
2607 1523 2883 1580 audientes
2907 1567 2922 1588 .
2951 1525 3292 1583 instituamur
3329 1529 3394 1583 ad
3435 1545 3635 1585 caven-

2053 1609 2179 1665 dum
2206 1612 2634 1682 vigilandumque
2662 1629 2892 1686 semper.
2910 1615 3038 1671 Nam
3071 1618 3114 1672 si
3145 1619 3232 1673 ille
3261 1621 3346 1689 qui
3377 1621 3426 1674 in
3451 1633 3635 1676 sam-to

2056 1703 2146 1757 illo
2176 1703 2341 1758 choro
2369 1706 2688 1760 censebatur
2709 1749 2724 1772 ,
2755 1708 2843 1776 qui
2897 1719 3096 1764 tantum
3135 1724 3491 1781 consequutus
3519 1725 3636 1769 erat

2055 1793 2276 1862 donum,
2310 1796 2397 1865 qui
2425 1796 2575 1866 signa
2610 1797 2807 1852 fecerat
2836 1800 2854 1869 (
2885 1802 3081 1855 etenim
3132 1817 3251 1857 cum
3289 1805 3406 1858 aliis
3445 1807 3636 1862 missus

2057 1885 2227 1941 fuerat
2262 1886 2328 1942 ad
2369 1897 2610 1942 mortuos
2640 1891 2977 1946 sus'citandos
3006 1891 3354 1964 leprososque
3380 1897 3640 1952 mutidan-

2056 1975 2199 2048 dos),
2223 1977 2345 2045 quia
2373 1978 2686 2045 gravissimo
2715 1980 2949 2034 avaritiae
2978 1982 3166 2037 morbo
3195 1993 3380 2053 captus
3404 1995 3506 2050 est,
3534 1988 3640 2040 Do-

2059 2067 2259 2120 minum
2304 2081 2458 2121 suum
2505 2069 2756 2136 prodidit,
2799 2071 3036 2142 nihilque
3065 2073 3139 2128 illi
3169 2076 3416 2143 profuere
3440 2077 3641 2132 benefi-

2058 2156 2138 2210 cia
2163 2198 2178 2222 ,
2206 2157 2342 2211 dona
2365 2199 2381 2223 ,
2429 2172 2533 2212 non
2581 2163 2911 2216 consuetudo
2929 2205 2943 2228 ,
2972 2179 3076 2217 non
3109 2164 3236 2218 lotio
3263 2166 3457 2235 pedum
3477 2208 3493 2234 ,
3536 2185 3639 2224 non

2060 2263 2257 2302 mensae
2289 2249 2538 2315 societas,
2569 2265 2676 2304 non
2704 2252 2996 2307 loculorum
3041 2255 3282 2309 custodia
3312 2272 3326 2319 ;
3379 2256 3484 2312 imo
3529 2259 3642 2312 haec

2062 2338 2134 2392 illi
2164 2340 2337 2393 aditus
2358 2341 2422 2393 ad
2448 2341 2762 2410 supplicium
2794 2341 2947 2397 fuere
2975 2360 2988 2396 :
3023 2345 3302 2399 timeamus
3332 2355 3385 2400 et
3415 2363 3512 2400 nos
3535 2388 3551 2414 ,
3576 2365 3644 2403 no

2061 2429 2275 2499 quando
2294 2431 2480 2485 .Iudam
2505 2447 2599 2500 per
2626 2433 2904 2487 avaritiam
2929 2433 3218 2491 imitemur.
3245 2435 3512 2491 Christum
3536 2454 3642 2493 non

2064 2522 2279 2589 prodis?
2302 2521 2405 2577 Sed
2431 2522 2645 2592 quando
2675 2538 2957 2594 pauperem
2981 2524 3120 2579 fame
3143 2526 3525 2594 tabescentem,
3556 2540 3646 2584 aut

2064 2611 2259 2682 frigore
2308 2625 2556 2668 enectum
2623 2616 2964 2681 contemnis,
3021 2616 3195 2671 eidem
3259 2617 3521 2673 obnoxius
3587 2637 3648 2676 es

2063 2703 2412 2760 damnationi.
2448 2705 2660 2759 Etcum
2695 2704 2906 2775 indigne
2951 2708 3203 2779 mysteria
3230 2709 3606 2778 participanius
3629 2751 3645 2775 ,

2064 2795 2306 2850 eamdem
2336 2795 2387 2850 iu
2411 2797 2698 2866 perniciem
2730 2796 2889 2864 imus,
2914 2814 3071 2870 quam
3099 2800 3188 2870 qui
3211 2799 3478 2856 Christum
3507 2805 3649 2858 occi-

2065 2886 2280 2942 deruut.
2313 2885 2445 2942 Cum
2472 2890 2726 2960 rupimus,
2759 2906 2879 2945 cum
2908 2905 3104 2960 egenos
3129 2893 3502 2962 opprimimus,
3529 2909 3645 2948 ma-

2065 2979 2262 3032 ximam
2313 2980 2464 3034 nobis
2510 2980 2763 3035 ultionem
2808 2982 3152 3049 attrahimus;
3184 2998 3247 3037 ac
3280 2983 3402 3054 jure
3432 2986 3644 3039 merito.

2067 3067 2352 3139 Usquequo
2377 3071 2519 3124 enim
2546 3087 2722 3126 rerum
2746 3075 3086 3142 praesentium
3115 3089 3284 3140 arnor,
3308 3077 3568 3133 inutilium
3594 3088 3649 3133 et

2066 3177 2512 3233 supervacuarum
2557 3178 2655 3218 nos
2679 3165 2998 3236 occupabit?
3025 3165 3226 3221 Divitiae
3246 3149 3484 3238 namque
3510 3170 3648 3224 inter

2067 3253 2332 3323 superﬂua
2364 3264 2418 3309 et
2461 3256 2662 3310 inutilia
2694 3267 3058 3312 numerantur.
3092 3257 3381 3331 Usquequo
3406 3261 3650 3316 inanibus

2067 3346 2224 3400 rebus
2251 3345 2392 3401 afﬁxi
2435 3349 2672 3402 erimus?
2701 3364 2976 3419 usquequo
3021 3365 3127 3406 non
3168 3354 3514 3424 respiciemus
3539 3370 3647 3408 cae-

2068 3439 2190 3492 los?
2221 3455 2322 3494 non
2351 3441 2706 3510 vigilabimus,
2735 3458 2839 3496 non
2873 3443 2922 3496 in
2955 3442 3222 3498 fastidium
3251 3445 3510 3500 fluxarum
3541 3455 3649 3500 ter-

2068 3546 2419 3602 renarumque
2466 3549 2643 3588 rerum
2695 3535 3006 3589 veniemus?
3056 3550 3232 3591 annon
3282 3540 3646 3606 experimento

2069 3623 2274 3677 illarum
2301 3625 2559 3679 vilitatem
2587 3624 2914 3680 ediscimus?
2961 3625 3269 3696 Cogitemus
3297 3627 3489 3683 divites
3532 3629 3649 3682 illos

2068 3716 2156 3784 qui
2188 3726 2312 3771 ante
2359 3733 2454 3771 nos
2499 3716 2736 3773 luerunt.
2769 3722 2958 3773 Annon
2991 3720 3106 3775 haec
3149 3721 3328 3775 omnia
3382 3721 3647 3776 somnium

2070 3806 2232 3860 sont?
2273 3821 2450 3861 annon
2499 3808 2681 3862 umbra
2731 3817 2784 3863 et
2837 3809 2974 3863 llos?
3012 3825 3190 3864 annon
3241 3810 3378 3865 unda
3429 3821 3649 3880 praeter-

2070 3897 2280 3952 ﬂuens?
2306 3913 2484 3952 annon
2517 3899 2674 3953 verba
2721 3911 2775 3953 et
2818 3899 3051 3953 fabulae?
3080 3898 3172 3955 Ille
3199 3900 3348 3955 dives
3390 3902 3523 3966 fuit;
3555 3901 3649 3956 sed

2070 4005 2181 4060 quo
2205 3990 2449 4045 abierunt
2475 3991 2716 4046 divitiae?
2744 3992 3042 4060 Perierunt,
3073 4004 3337 4063 corruptae
3362 4002 3486 4048 sunt
3513 4010 3528 4058 ;
3558 3995 3648 4047 sed

2074 4091 2284 4150 peccata
2316 4095 2409 4151 per
2433 4081 2643 4136 divitias
2670 4093 2819 4152 parta
2851 4091 3088 4150 manent,
3121 4091 3174 4136 et
3194 4091 3410 4151 propter
3437 4094 3651 4150 peccata

2074 4173 2410 4242 Supplicium.
2446 4173 2557 4228 lmo
2585 4189 2712 4227 vero
2747 4174 2846 4228 etsi
2879 4189 2977 4229 nec
3003 4173 3314 4245 supplicium
3345 4181 3506 4236 esset,
3553 4187 3654 4225 nec

2076 4280 2318 4334 regnum,
2351 4265 2701 4332 contribules,
2728 4280 3054 4336 congcneres
3097 4274 3152 4320 et
3193 4271 3469 4318 consortes
3498 4277 3656 4318 reve-

2077 4359 2180 4412 reri
2211 4368 2503 4426 oporteret.
2533 4361 2602 4412 At
2650 4375 2792 4413 nunc
2833 4373 2996 4412 canes
3041 4358 3266 4422 alimus;
3296 4355 3444 4410 multi
3495 4355 3653 4410 etiam

2076 4467 2328 4520 onagros,
2357 4467 2528 4516 ursos,
2558 4452 2837 4519 variasque
2869 4449 3009 4505 feras
3037 4449 3114 4519 (a)
3139 4465 3154 4503 :
3181 4449 3450 4504 hominem
3479 4456 3654 4502 autem

2080 4547 2218 4598 fame
2243 4544 2543 4599 confectum
2586 4545 2922 4614 negligimus,
2948 4557 3012 4598 ac
3043 4541 3207 4611 pluris
3252 4540 3475 4610 facimus
3523 4538 3654 4591 alie-

2081 4649 2205 4689 num
2233 4649 2401 4704 genus
2425 4675 2439 4701 ,
2468 4650 2626 4704 quam
2653 4646 2914 4690 nostrum.
2949 4635 3140 4687 Annon
3167 4631 3388 4702 pulchra
3418 4645 3504 4685 res
3535 4637 3614 4684 est
3638 4669 3652 4693 ,

2080 4727 2212 4791 aies,
2241 4725 2547 4796 Splendidas
2577 4725 2719 4780 aedes
2747 4733 3059 4780 construere
3085 4764 3100 4786 ,
3131 4723 3329 4777 multos
3355 4735 3543 4777 servos
3567 4719 3654 4772 ba-

2082 4815 2209 4870 bere
2235 4856 2251 4882 ,
2283 4830 2442 4870 aurea
2487 4815 2750 4884 laquearia
2776 4815 3020 4884 jacentes
3062 4811 3415 4880 conSpicere?
3443 4809 3552 4866 Res
3581 4818 3660 4862 est

2082 4921 2472 4975 supervacanea
2498 4915 2552 4961 et
2582 4906 2798 4961 inutilis.
2827 4905 2960 4962 Sunt
2987 4903 3090 4959 alia
3118 4902 3342 4958 aediﬁcia
3372 4900 3458 4956 his
3496 4899 3662 4954 multo

2083 5002 2443 5070 splendidiora
2496 5014 2550 5056 et
2606 4999 2910 5054 honestiora
2957 5016 2971 5053 :
3021 4996 3104 5051 his
3160 4995 3351 5050 oculos
3392 4991 3666 5048 oblectare

2083 5113 2260 5169 operae
2288 5095 2513 5166 pretium
2543 5091 2698 5146 fuerit
2731 5106 2744 5141 :
2775 5105 2838 5143 ac
2864 5104 3023 5144 nemo
3045 5096 3129 5142 est
3152 5085 3240 5155 qui
3271 5082 3544 5153 impediat.
3577 5079 3668 5132 Vis

2086 5203 2282 5247 tectum
2332 5187 2744 5258 pulcherrimum
2793 5181 3027 5236 intueri?
3081 5181 3382 5248 Appetente
3443 5186 3666 5239 vespera

2085 5285 2204 5339 vide
2253 5284 2442 5337 caelum
2491 5277 2661 5333 stellis
2713 5283 2979 5329 ornatum.
3029 5269 3135 5326 Sed
3189 5283 3292 5323 non
3339 5273 3422 5320 est
3469 5269 3668 5315 tectqu

2087 5391 2263 5430 mcum
2290 5415 2305 5439 ,
2331 5371 2556 5442 inquies.
2583 5369 2694 5424 lmo
2738 5365 2904 5434 magis
2947 5374 3124 5424 tuum,
3152 5373 3311 5429 quam
3340 5352 3468 5409 illud
3498 5349 3665 5404 aliud.

2087 5466 2310 5531 Propter
2337 5473 2388 5517 te
2431 5474 2658 5530 namque
2689 5459 2879 5510 factum
2907 5463 2988 5508 est
3011 5495 3027 5520 ,
3057 5460 3113 5508 et
3156 5460 3441 5505 comunme
3471 5442 3561 5500 tibi
3590 5450 3671 5494 cst

2087 5571 2206 5610 cum
2248 5553 2497 5609 fratribus
2524 5551 2647 5606 tuis.
2678 5548 2790 5603 lloc
2819 5557 2996 5602 autem
3026 5542 3167 5598 aliud
3204 5556 3309 5596 non
3347 5548 3496 5593 tuum
3547 5543 3661 5594 est,

2155 5715 2227 5780 (a)
2251 5714 2333 5764 uie
2365 5708 2492 5760 feras
2525 5707 2685 5760 alendi
2706 5723 2810 5759 mos
2853 5708 3172 5772 chrysostomi
3199 5705 3341 5750 aetate
3391 5691 3606 5754 vigebat.
