4104 6156
425 477 522 533 sed
560 476 818 532 heredum
869 488 990 548 post
1039 488 1266 535 mortem
1298 490 1462 536 tuam.
1492 481 1626 538 Illud
1658 485 1888 539 maxime
1916 483 2009 537 tiht

426 582 550 625 esse
573 568 706 623 utile
739 572 954 640 poterit,
984 586 1105 626 cum
1155 587 1221 626 ex
1263 572 1657 641 pulchritudine
1704 590 1798 628 sna
1847 583 1898 629 te
1950 573 2015 628 ad

428 659 739 715 Creatorem
763 659 1027 727 advocet;
1060 661 1163 718 hoc
1207 673 1387 720 autem
1413 665 1554 720 aliud
1588 667 1818 722 nissime
1859 680 2018 721 noee-

428 752 508 808 bit
529 793 546 819 ,
577 761 736 824 teque
784 754 1019 824 graviter
1055 755 1109 810 in
1134 755 1222 811 die
1240 756 1427 825 judicii
1471 758 1780 823 accusabit,
1804 757 2018 829 quando

432 842 604 913 ipsum
644 843 861 914 quidem
889 861 1022 901 auro
1044 845 1282 918 undique
1324 848 1584 919 fulgebit,
1614 848 1857 906 Christus
1886 864 2018 905 vero

430 950 499 990 ne
523 943 675 990 veste
702 935 919 1005 quidem
946 937 1248 993 necessaria
1277 947 1555 995 contectus
1580 940 1701 994 erit.
1729 940 1807 996 Ne
1837 943 2017 1010 itaque

432 1025 484 1079 in
535 1033 734 1079 tantam
780 1025 1043 1081 insaniam
1091 1027 1425 1093 incidamus;
1457 1044 1524 1085 ne
1567 1030 1911 1100 insequamur
1936 1029 2019 1084 fu-

431 1115 652 1185 gientia,
683 1131 752 1171 ne
782 1115 1048 1187 fugiamus
1068 1119 1357 1186 manentia,
1382 1134 1451 1174 ne
1478 1121 1764 1190 prodamus
1788 1120 2014 1175 salutem

434 1218 693 1274 nostram,
725 1208 818 1263 sed
877 1207 1068 1264 futurae
1116 1211 1232 1280 spei
1280 1210 1621 1267 timeamus:
1664 1228 1844 1278 senes,
1873 1212 2016 1283 quod

432 1298 667 1353 sciamus
708 1314 933 1369 parvum
964 1300 1118 1356 nobis
1145 1302 1268 1357 vitae
1294 1316 1509 1358 cursum
1562 1318 1879 1373 superesse;
1925 1304 2016 1373 juo

1416 370 1483 426 IN
1518 372 1829 428 JOANNEM
1873 370 2098 427 HOMIL.
2135 370 2365 427 XLVIII.
2403 373 2474 428 al.
2519 373 2725 429 XLVII.

3606 379 3710 434 270

2124 498 2310 545 venes.
2331 484 2470 554 quod
2503 485 2742 554 persuasi
2772 486 2880 540 sint
2908 500 3012 542 non
3042 489 3267 543 multum
3297 487 3399 545 sibi
3426 505 3709 561 superesse

2124 575 2399 642 temporis.
2435 573 2501 629 Ut
2543 578 2675 631 enim
2697 580 2783 647 fur
2808 577 2861 631 in
2890 589 3035 633 nocte
3056 621 3072 645 ,
3102 581 3175 634 ita
3220 581 3328 636 dies
3368 582 3453 636 ille
3484 583 3710 637 adveniet

2122 664 2143 734 (
2173 665 2224 719 1.
2247 663 2427 719 Thess.
2456 665 2510 720 5.
2536 664 2573 719 2
2591 665 2633 735 ).
2665 664 2789 721 Haec
2815 668 2990 737 itaque
3010 684 3131 724 cum
3159 673 3410 737 sciamus,
3434 681 3489 727 et
3519 687 3710 729 uxores

2123 756 2267 811 viros
2296 755 2593 823 hortentur,
2625 766 2679 812 et
2721 756 2819 826 viri
2853 775 3051 815 uxores
3080 771 3354 829 moueant,
3383 762 3623 831 juniores
3649 780 3711 820 ac

2122 848 2355 918 virgines
2382 846 2688 913 doceamus,
2721 864 2925 920 nosque
2953 865 3140 905 omnes
3162 862 3344 907 mutuo
3372 853 3713 909 instituamus

2124 939 2190 993 ad
2216 940 2500 1011 praesentia
2528 942 2943 1007 contemnenda,
2975 951 3032 997 et
3063 942 3235 997 futura
3263 946 3710 1013 concupiscenda,

2125 1039 2183 1084 ut
2223 1030 2311 1084 illa
2350 1030 2604 1101 consequi
2645 1032 2928 1100 possimus,
2955 1032 3124 1103 gratia
3160 1042 3216 1088 et
3261 1034 3589 1105 benignitate
3610 1038 3715 1091 Do-

2124 1119 2253 1173 mini
2279 1120 2446 1175 nostri
2472 1118 2599 1175 Jesu
2639 1120 2854 1188 Christi,
2883 1138 2976 1191 per
3013 1138 3171 1191 quem
3200 1133 3252 1176 et
3291 1138 3413 1179 cum
3441 1140 3547 1195 quo
3574 1125 3712 1180 Patri

2125 1211 2313 1283 gloria,
2340 1226 2550 1281 unaque
2575 1211 2793 1282 Spiritui
2830 1223 3035 1280 sancto,
3062 1229 3202 1270 nunc
3227 1225 3280 1271 et
3306 1229 3522 1286 semper
3544 1257 3560 1280 ,
3580 1225 3637 1271 et
3661 1217 3714 1271 in

2125 1302 2320 1358 saecula
2350 1303 2691 1359 saeculorum.
2721 1304 2913 1358 Amen.
3256 1308 3259 1311 ’

1747 1508 2098 1572 HOMILIA
2140 1509 2426 1572 XLVIII.

435 1647 567 1705 Car.
624 1649 680 1705 7.
712 1665 766 1705 ν.
792 1652 845 1705 1.
876 1647 1004 1704 Post
1045 1650 1153 1705 haec
1185 1660 1349 1705 autem
1376 1650 1664 1705 ambulabat
1676 1648 1828 1705 Jesus
1848 1651 1898 1704 in
1918 1650 2020 1706 Ga-

504 1738 683 1795 Iiltea:
713 1758 813 1796 non
839 1743 973 1797 enim
1001 1742 1198 1797 uolebat
1236 1743 1289 1796 in
1336 1740 1524 1796 Iudaea
1576 1742 1860 1808 ambulare,
1897 1744 2019 1813 quia

501 1830 796 1899 quterebaut
824 1847 936 1884 eum
957 1830 1131 1885 Judaei
1150 1832 1448 1900 interﬁcere.
1482 1830 1538 1885 2.
1582 1829 1712 1884 Erat
1760 1842 1927 1886 autent
1967 1833 2021 1886 in

511 1919 743 1989 proximo
788 1920 893 1974 dies
948 1925 1100 1992 festus
1123 1921 1442 1987 Judteorum,
1474 1920 1810 1991 Scenopegia.

516 2011 567 2064 ιι.
598 2007 801 2064 Invidia
827 2021 1065 2082 quantum
1089 2012 1303 2066 malum.
1354 2038 1427 2054 -ο-
1464 2012 1604 2068 Nihil
1636 2014 1825 2080 livore,
1883 2013 2015 2069 nihil

446 2101 644 2156 invidia
673 2101 946 2169 deterius;
979 2120 1073 2173 per
1094 2119 1211 2158 eam
1242 2120 1386 2159 mors
1415 2106 1466 2160 in
1492 2105 1747 2161 mundum
1781 2107 2018 2162 intravit.

440 2192 574 2258 Quia
594 2193 736 2248 enim
778 2193 910 2250 vidit
934 2195 1180 2251 diabolus
1203 2196 1473 2252 hominem
1504 2196 1556 2251 in
1580 2197 1786 2253 honore
1809 2196 2018 2264 haberi,

437 2286 559 2354 ejus
589 2284 895 2343 felicitatem
927 2304 1031 2342 non
1062 2289 1257 2354 ferens,
1316 2288 1443 2343 nihil
1484 2305 1591 2344 non
1637 2291 1748 2360 egit
1792 2299 1847 2345 ut
1897 2303 2019 2344 eum

436 2375 734 2451 perdere“
761 2378 896 2449 Sap.
928 2378 984 2434 2.
1012 2379 1084 2435 2i
1112 2382 1206 2451 ).A
1238 2381 1324 2434 tali
1350 2381 1528 2436 radice
1576 2382 1736 2437 talem
1790 2381 2019 2437 fruetqu

434 2482 722 2538 erumpere
750 2483 966 2538 semper
1010 2470 1275 2527 videmus.
1317 2472 1421 2527 Per
1450 2473 1589 2528 hanc
1634 2473 1767 2528 Abel
1811 2474 2022 2529 occisus

435 2568 557 2623 est;
582 2574 677 2628 per
704 2557 846 2615 hanc
878 2561 1043 2617 David
1073 2562 1124 2617 in
1150 2564 1340 2619 mortis
1381 2563 1681 2634 periculum
1706 2565 1853 2620 venit
1878 2581 1893 2631 ;
1926 2581 2021 2635 per

440 2644 581 2703 hanc
602 2651 756 2705 multi
786 2651 875 2706 alii
897 2652 1027 2721 justi
1054 2654 1197 2724 passi
1230 2663 1389 2721 sunt;
1440 2668 1536 2725 per
1556 2655 1694 2711 hanc
1747 2656 2017 2711 Christum

438 2737 609 2795 Judaei
632 2741 1045 2799 interfecerunt.
1079 2745 1189 2800 Hoc
1208 2745 1489 2801 declarans
1517 2747 1842 2817 evangelista
1872 2748 2021 2802 dice-

436 2830 568 2886 bat:
592 2831 717 2887 Post
733 2834 841 2889 htec
866 2835 1159 2890 ambulabat
1184 2836 1334 2891 Jesus
1362 2838 1415 2891 in
1443 2836 1659 2892 Galilaa
1682 2854 1701 2893 :
1743 2856 1845 2894 non
1888 2840 2020 2893 enim

442 2931 637 2990 poterat
665 2926 805 2995 (a)iu
829 2926 1014 2982 Iudaea
1033 2929 1311 2995 ambulare,
1337 2930 1457 2999 quia
1483 2931 1771 3001 quatrcbant
1796 2931 2021 2986 cunila-

438 3013 541 3067 τισὶ
556 3015 852 3085 interﬁcere.
882 3018 1017 3086 Quid
1033 3018 1189 3084 dicis,
1218 3019 1372 3076 beate
1388 3020 1660 3077 Joannes?
1679 3023 1794 3078 Non
1816 3032 2021 3093 poterat

434 3105 532 3175 qni
563 3116 739 3177 potest
764 3112 941 3165 omnia
967 3127 1087 3182 quas
1110 3111 1251 3165 vult?
1267 3114 1355 3182 qui
1382 3113 1536 3179 dixit,
1567 3114 1727 3180 Quem
1772 3117 2016 3185 quaeritis,

428 3206 493 3250 et
521 3211 612 3279 αρε
632 3208 779 3255 retro
807 3202 987 3271 pulsos
1018 3204 1338 3271 prostravit?
1359 3205 1446 3274 qui
1476 3221 1710 3275 praesens
1739 3223 1844 3262 non
1869 3208 2021 3264 vide-

433 3295 549 3354 tur,
594 3288 800 3345 hiccine
826 3300 1144 3362 potestatem
1172 3309 1277 3348 non
1310 3294 1530 3350 habuit?
1555 3296 1833 3365 Quomodo
1863 3309 2014 3369 post-

429 3392 502 3431 ea
532 3376 584 3431 in
605 3379 782 3435 medio
814 3396 1024 3447 eorum,
1057 3383 1109 3437 in
1140 3385 1362 3452 templo,
1384 3386 1435 3441 in
1485 3386 1820 3443 solemnitate
1839 3430 1854 3454 ,
1886 3390 2016 3458 ipsis

369 3454 381 3466 ’
427 3470 805 3539 congregatis,
848 3474 1206 3541 praasemibus
1237 3475 1555 3542 homicidis,
1589 3491 1652 3531 ea
1702 3454 2019 3548 loquebatur

423 3576 557 3630 quae
583 3564 751 3634 magis
781 3564 901 3620 illos
949 3569 1374 3636 exasperarent?
1416 3568 1529 3625 Hoc
1575 3569 1651 3625 illi
1688 3571 2018 3626 mirabantur

420 3649 697 3717 dicentes,
730 3651 918 3708 Nonne
944 3654 1025 3708 hic
1050 3665 1124 3710 est
1151 3674 1298 3725 quem
1331 3668 1565 3728 quarunt
1591 3660 1874 3728 inter/icere
1894 3663 1921 3715 .7
1948 3659 2017 3715 Et

419 3760 546 3797 ecce
560 3744 731 3811 palam
759 3745 1002 3816 loquitur,
1032 3758 1078 3802 et
1105 3750 1234 3804 nihil
1257 3751 1337 3804 illi
1352 3752 1543 3804 dicunt.
1576 3752 1703 3819 Qum
1735 3763 1861 3806 sunt
1902 3753 2018 3809 hzrc

419 3836 763 3906 aenigmata?
790 3840 968 3908 Apage
992 3857 1007 3894 ε
1041 3856 1146 3895 non
1173 3841 1316 3896 enim
1341 3842 1455 3895 lucc
1477 3842 1632 3911 dixit,
1660 3844 2016 3913 utwnigmata

420 3941 554 3981 esse
586 3931 1054 3994 putarentur;sed
1101 3941 1161 3986 ut
1181 3931 1480 3987 declararet
1528 3942 1583 3987 et
1627 3932 1919 3989 divinitatis
1962 3944 2018 3990 et

424 4015 786 4091 humanitatis
814 4035 976 4089 opera
1012 4021 1248 4076 exhibita
1282 4021 1464 4078 fuisse.
1497 4023 1627 4077 Cum
1668 4026 1810 4080 enim
1838 4026 1973 4082 dixit
1997 4066 2012 4091 ,

422 4105 748 4161 I’otestatem
768 4124 867 4163 non
895 4110 1107 4164 habebat
1131 4151 1147 4175 ,
1197 4114 1346 4182 quasi
1379 4113 1446 4167 de
1473 4114 1689 4170 homine
1743 4116 2011 4187 loquitur,

414 4196 597 4252 multa
628 4195 860 4253 humano
885 4215 1035 4255 more
1062 4213 1283 4273 agente:
1308 4220 1429 4258 cum
1444 4219 1574 4259 vero
1598 4206 1726 4260 dicit
1758 4208 1927 4276 ipsum
1959 4211 2012 4264 in

414 4286 613 4340 medio
642 4301 830 4343 eorum
857 4291 1092 4357 stetisse,
1125 4307 1225 4348 nec
1239 4296 1636 4362 apprehensum
1668 4296 1849 4357 fuisse,
1882 4298 2015 4351 divi-

411 4375 615 4430 nitatis
643 4378 824 4447 utique
871 4390 1189 4450 potestatem
1234 4385 1452 4440 indicat.
1497 4386 1630 4440 Nam
1681 4385 1916 4456 fugiebat
1959 4397 2015 4443 ut

414 4464 618 4530 homo,
651 4471 939 4539 apparebat
962 4481 1023 4526 ut
1045 4474 1221 4539 Deus;
1256 4485 1540 4546 utrumque
1560 4491 1682 4531 vere
1713 4492 2012 4545 repraesen-

410 4565 568 4608 tans.
600 4554 738 4611 Cum
764 4560 906 4614 enim
944 4562 996 4616 in
1036 4564 1227 4619 mediis
1264 4564 1664 4619 insidiatoribus
1693 4581 1798 4619 non
1828 4567 2010 4637 capie-

410 4644 608 4710 batur,
655 4648 907 4703 invictam
937 4662 1257 4718 potestatem
1282 4669 1434 4708 suam
1463 4656 1832 4724 significabat;
1888 4671 2009 4710 cum

406 4750 550 4789 vero
578 4738 881 4808 secederet,
938 4743 1289 4802 inearnationi
1321 4747 1478 4802 fidem
1508 4748 1735 4803 faciebat
1762 4767 1776 4816 ;
1821 4758 1877 4804 ut
1909 4765 2009 4805 nec

407 4828 626 4884 Paulus
676 4829 1078 4898 Samosatenus,
1108 4852 1205 4891 nec
1234 4837 1466 4893 Marcion
1496 4880 1511 4903 ,
1558 4855 1656 4895 nec
1684 4841 1772 4911 qui
1817 4840 2007 4896 eodem

402 4922 616 4976 morbo
643 4921 908 4991 laborant,
936 4927 1302 4982 contradicere
1319 4939 1557 4998 possent.
1586 4929 1676 4984 llis
1700 4932 1858 5000 igitur
1888 4932 2009 4984 illo-

398 5024 534 5064 rum
567 5013 810 5069 omnium
834 5017 850 5047 ¹
875 5032 935 5071 os
952 5017 1200 5073 obstruit.
1238 5018 1357 5072 Post
1377 5022 1484 5073 haec
1499 5030 1606 5073 erat
1623 5025 1778 5091 festus
1795 5021 2007 5076 Judaeu-

398 5119 550 5168 rum,
571 5102 908 5176 Sceuopegia.
925 5107 1049 5162 Haec
1060 5109 1337 5179 particula,
1363 5108 1483 5163 Post
1499 5115 1628 5178 lucc,
1649 5112 1771 5165 nihil
1786 5113 1927 5167 aliud
1942 5115 2006 5166 si-

397 5195 664 5264 gnificat,
685 5212 841 5266 quam
874 5199 1099 5254 multum
1127 5209 1314 5272 postea
1342 5203 1594 5270 temporis
1615 5204 2001 5261 intercessisse.

468 5328 488 5395 ξ
526 5326 633 5395 _Al_ii
654 5325 1131 5395 legunt,_utriusque.
1154 5345 1257 5395 τινα,
1283 5331 1476 5395 illarum
1496 5334 1725 5385 omnium.

467 5388 551 5451 (a)
589 5388 661 5456 In.
673 5388 816 5439 titulo
828 5388 1044 5456 legitur,
1063 5388 1161 5442 non
1173 5392 1372 5450 volebat,
1406 5394 1619 5445 lectione
1634 5409 1662 5445 a
1681 5396 1877 5448 librario
1891 5413 1999 5450 mu-

393 5449 536 5520 tatas
563 5449 773 5520 inrigata
788 5449 939 5520 qlim',
963 5449 1118 5519 inquit
1138 5463 1237 5504 Jac.
1266 5449 1435 5507 Millius
1471 5457 1528 5520 ad
1553 5456 1681 5508 hunc
1701 5458 1875 5520 locum,
1901 5449 1998 5512 Eon

393 5510 634 5586 valebat.
658 5510 730 5562 uti
769 5510 935 5566 visunt
964 5510 1043 5565 est'
1060 5526 1255 5567 Erasmo
1275 5524 1327 5586 et.
1346 5517 1549 5577 Drusio,
1567 5531 1664 5625 Ipro
1685 5532 1778 5581 quo
1796 5510 1994 5592 postea,

393 5578 502 5620 non
555 5570 837 5624 volebam.
875 5584 1105 5625 Mutatum
1127 5584 1287 5625 autent
1311 5591 1358 5625 m
1384 5586 1479 5625 Non
1506 5593 1564 5625 vo
1585 5580 1699 5625 ebat
1721 5590 1994 5625 erumnam

390 5578 502 5620 Non
555 5570 837 5624 volebam.
875 5584 1105 5627 Mutatunt
1127 5584 1287 5627 autem
1311 5577 1358 5627 in
1384 5586 1479 5628 Non
1506 5570 1998 5634 volebat'existt‘mant

390 5639 647 5699 lyr-asinus
668 5642 714 5683 et
732 5637 951 5697 Grotius,
980 5651 1010 5686 α
1034 5639 1257 5688 delicatis
1272 5676 1285 5699 ,
1313 5640 1451 5699 φιαδί
1479 5636 1660 5690 Christi
1683 5649 1905 5694 uotentta'
1926 5644 1997 5693 iu-

388 5688 588 5764 ittrium
612 5695 813 5764 faceret.
841 5688 987 5764 necte
1017 5707 1183 5749 autem
1215 5688 1384 5763 probat
1407 5688 1997 5764 Cltrysostutntts'id'lzbri-

387 5756 451 5805 ςιὶ
477 5758 761 5820 potentiam
781 5771 874 5804 non
900 5759 1099 5809 laedere.

740 5832 1011 5898 Panos.
1060 5838 1176 5899 Gn.
1225 5838 1295 5902 LI
1314 5844 1385 5908 Χ,

2124 1650 2255 1707 inde
2279 1665 2406 1706 vero
2433 1650 2618 1721 liquet,
2648 1650 2788 1721 quod
2807 1664 2928 1705 cum
2960 1651 3011 1705 in
3041 1660 3225 1705 monte
3249 1649 3486 1716 sederet,
3516 1650 3710 1705 festum

2124 1749 2266 1797 esset
2289 1740 2540 1805 Pascha;
2597 1740 2683 1795 hic
2724 1749 2901 1795 autem
2953 1739 3297 1810 Scenopegize
3344 1742 3622 1805 meminit,
3653 1750 3710 1794 et

2124 1830 2358 1901 quinque
2383 1830 2646 1885 mensium
2670 1831 2843 1901 spatio
2861 1830 2994 1885 nihil
3026 1830 3167 1884 aliud
3201 1831 3439 1885 narravit
3488 1832 3572 1884 vel
3596 1830 3699 1884 do-

2124 1921 2256 1986 cuit.
2285 1936 2443 1993 quam
2470 1936 2665 1991 panum
2696 1921 3011 1977 miraculum
3039 1960 3056 1986 ,
3106 1928 3162 1976 et
3192 1923 3507 1977 concionem
3548 1921 3703 1975 habi-

2128 2022 2234 2066 tam
2258 2011 2323 2066 iis
2347 2012 2439 2083 qui
2468 2010 2848 2067 comederant:
2888 2011 3099 2066 etiamsi
3137 2011 3227 2066 ille
3255 2027 3362 2065 non
3407 2013 3702 2067 cessaverit

2125 2104 2277 2174 signa
2304 2103 2479 2159 facere
2504 2113 2558 2159 et
2581 2103 2911 2167 concionari,
2944 2118 3050 2157 non
3096 2102 3184 2159 die
3208 2112 3410 2158 tantum
3436 2112 3492 2159 et
3525 2120 3708 2173 vesptx

2126 2210 2206 2260 ra,
2234 2195 2330 2250 sed
2350 2195 2510 2251 etiam
2537 2209 2682 2264 saepe
2708 2203 2886 2249 nocte.
2916 2192 2997 2248 Ad
3023 2193 3319 2264 discipulos
3335 2194 3483 2249 enim
3515 2195 3592 2249 sic
3613 2195 3709 2248 ad.

2125 2286 2290 2352 venit,
2320 2295 2378 2340 ut
2401 2299 2591 2341 omnes
2617 2286 2956 2356 evangelista:
2997 2295 3237 2341 narrant.
3279 2284 3387 2341 Cur
3407 2302 3536 2356 ergo
3581 2287 3708 2342 illud

2125 2376 2463 2431 omiserunt?
2481 2376 2612 2444 Quia
2641 2390 2748 2430 non
2773 2383 3017 2446 poterant
3033 2376 3210 2430 omnia
3229 2391 3536 2432 recensere.
3566 2377 3707 2432 Alio-

2126 2466 2254 2536 quin
2286 2466 2372 2521 illa
2396 2467 2579 2524 dicere
2632 2466 2977 2536 studuerunt,
3008 2483 3075 2524 ex
3096 2468 3300 2539 quibus
3337 2469 3581 2537 qna'dam
3622 2485 3709 2524 rc-

2128 2557 2416 2627 prehensio
2447 2558 2532 2614 vel
2560 2557 2917 2613 contradictio
2968 2574 3037 2613 cx
3082 2557 3281 2613 Juda-is
3309 2569 3707 2629 consequutura

2127 2657 2264 2704 erat.
2300 2648 2461 2703 Multa
2483 2650 2627 2704 enim
2658 2650 2774 2704 istis
2796 2650 2989 2704 similia
3002 2660 3174 2706 erant.
3197 2650 3347 2718 Quod
3377 2652 3519 2706 enim
3540 2667 3708 2722 tegi-os

2132 2748 2374 2806 curaret,
2405 2751 2649 2795 mortuos
2675 2743 2978 2808 suscitaret,
3005 2741 3146 2811 quod
3173 2741 3514 2797 admirationi
3540 2754 3705 2805 esset.

2125 2845 2270 2900 saepe
2289 2830 2622 2902 scripserunt
2646 2849 2660 2885 :
2689 2831 2779 2887 ubi
2803 2841 2979 2887 autem
3010 2832 3208 2903 aliquid
3233 2832 3467 2888 insolens
3489 2848 3708 2888 narran-

2125 2921 2252 2976 dum
2279 2922 2547 2991 suppetit,
2604 2921 2689 2977 vel
2743 2922 3028 2992 quamdam
3080 2922 3553 2993 reprehensionem
3607 2923 3706 2993 ipsi

2124 3014 2358 3069 oblatam
2387 3013 2719 3069 referendam
2746 3005 2963 3078 habent,
2994 3014 3105 3069 haec
3134 3024 3408 3086 apponunt
3436 3032 3452 3080 ;
3479 3024 3538 3070 ut
3563 3030 3707 3070 nunc

2125 3115 2367 3169 narrant.
2398 3105 2592 3162 fratres
2638 3106 2758 3177 ejus
2784 3122 2891 3162 non
2923 3106 3022 3176 ipsi
3069 3107 3365 3163 credidisse
3395 3125 3410 3162 :
3452 3123 3572 3178 quas
3616 3123 3705 3163 res

2125 3198 2373 3252 odiosum
2395 3198 2667 3269 quidpiam
2692 3213 2803 3268 pra:
2824 3213 2885 3254 se
2913 3198 3054 3254 ferre
3083 3199 3317 3254 videtur.
3372 3200 3441 3254 Et
3468 3207 3551 3254 est
3572 3213 3702 3254 sane

2126 3303 2214 3344 res
2244 3289 2526 3355 mirabilis,
2556 3305 2715 3359 quam
2762 3304 2981 3346 veraces
3033 3290 3132 3359 ipsi
3162 3289 3396 3354 fuerint;
3427 3289 3699 3362 quomodo

2121 3394 2181 3435 ea
2215 3396 2318 3435 non
2341 3390 2624 3437 vereantur
2661 3380 2883 3448 referre,
2912 3397 3031 3452 qum
3061 3382 3312 3453 Magistro
3339 3398 3438 3439 suo
3464 3385 3697 3454 ignomi-

2123 3474 2272 3527 niosa
2295 3487 2416 3527 esse
2437 3472 2714 3535 videntur;
2766 3473 2874 3527 imo
2902 3472 3017 3527 haec
3044 3475 3224 3543 potius
3250 3483 3441 3528 curent
3484 3489 3703 3528 enaru-

2121 3580 2199 3629 re,
2227 3579 2385 3634 quam
2417 3573 2632 3619 caetera.
2687 3563 2754 3619 Et
2806 3578 2949 3619 nunc
2988 3564 3169 3633 itaque
3218 3563 3472 3629 Joannes,
3522 3566 3703 3618 multis

2124 3656 2499 3725 praetermissis
2523 3655 2713 3725 signis,
2748 3655 3029 3726 prodigiis,
3061 3656 3434 3722 concionibus,
3473 3656 3539 3710 ad
3564 3656 3701 3711 hanc

2122 3763 2234 3802 rem
2262 3747 2585 3802 narrandam
2633 3749 2886 3803 accurrit.
2945 3749 2998 3803 5.
3060 3746 3332 3810 Dixerunt,
3381 3748 3581 3819 inquit,
3633 3750 3700 3802 ad

2120 3853 2234 3890 eum
2250 3837 2434 3906 fratres
2462 3841 2573 3909 ejus
2596 3854 2615 3893 :
2643 3836 2826 3893 Transi
2849 3838 2965 3892 hinc
2978 3844 3032 3893 in
3060 3836 3302 3893 Iudaeam
3319 3881 3334 3904 ,
3367 3847 3420 3892 ut
3468 3851 3514 3894 et
3549 3841 3702 3893 disci-

2122 3927 2229 3995 puli
2258 3928 2334 3982 tui
2359 3928 2559 3981 uideant
2586 3943 2874 3999 oper-aqua
2899 3930 3048 3999 facis.
3095 3929 3149 3983 4.
3206 3926 3374 4002 Nemo
3413 3929 3601 3998 quippe
3648 3930 3701 3983 iu

2119 4018 2315 4071 occulto
2336 4018 2533 4086 aliquid
2557 4020 2699 4089 facit,
2723 4028 2769 4072 et
2790 4018 2971 4088 quierit
2999 4019 3107 4087 ipse
3157 4018 3330 4088 palam
3367 4033 3495 4071 esse.
3527 4017 3699 4071 Mani-

2120 4109 2245 4180 festa
2263 4109 2478 4177 teipsum
2506 4110 2715 4162 mundo.
2746 4110 2800 4163 5.
2827 4107 3006 4179 Neque
3032 4109 3164 4160 enim
3186 4109 3370 4177 fratres
3397 4110 3507 4177 ejus
3527 4109 3698 4161 crede-

2117 4199 2236 4251 bant
2262 4200 2316 4252 in
2341 4215 2477 4253 eum.
2504 4198 2704 4269 Ecqua,
2738 4199 2967 4267 inquies,
2999 4197 3128 4252 hinc
3176 4198 3540 4264 incredulitas,
3568 4199 3694 4253 dum

2119 4297 2309 4357 rogant
2337 4297 2543 4342 eumut
2585 4289 2733 4358 signa
2765 4286 2940 4343 edat?
2986 4286 3167 4355 Magna
3210 4287 3413 4357 utique.
3468 4289 3596 4342 Nam
3645 4301 3698 4343 et

2118 4377 2301 4443 verba,
2332 4385 2388 4431 et
2406 4377 2650 4441 audacia,
2682 4386 2737 4431 et
2758 4377 3128 4445 intempestiva
3146 4376 3386 4444 libertas,
3413 4378 3696 4433 increduli-

2118 4475 2279 4523 tatem
2310 4468 2590 4523 denotant.
2616 4468 2877 4523 Putabant
2892 4467 3038 4524 enim
3058 4483 3115 4524 se
3144 4470 3477 4537 cognationis
3525 4484 3685 4525 causa

2118 4559 2347 4614 fidenter
2373 4561 2515 4631 loqui
2535 4576 2713 4631 posse.
2742 4561 2808 4616 Et
2852 4561 3066 4617 videtur
3092 4562 3307 4632 quidem
3353 4564 3697 4633 compellatio

2115 4652 2410 4706 amicortun
2449 4665 2602 4720 esse;
2651 4651 2747 4708 sed
2777 4652 2917 4708 dicta
2972 4654 3266 4708 acerbitate
3312 4664 3438 4709 sunt
3495 4655 3684 4725 plena:

2112 4744 2308 4797 etenim
2342 4744 2442 4812 ipsi
2472 4754 2526 4798 et
2555 4744 2890 4798 timiditatem
2917 4753 2970 4798 et
3010 4760 3199 4799 vanam
3225 4746 3447 4815 gloriam
3493 4763 3687 4817 exprec

2113 4835 2288 4888 hrant.
2316 4833 2449 4889 Cum
2482 4836 2623 4890 enim
2651 4836 2836 4890 dicunt
2859 4876 2874 4901 ,
2903 4835 3070 4892 Nemo
3091 4839 3143 4891 in
3165 4840 3364 4892 occulto
3407 4840 3598 4909 aliquid
3622 4846 3693 4893 tuo

2111 4929 2198 4994 cit,
2228 4929 2594 4983 accusantium
2618 4937 2795 4997 partes
2821 4938 3005 4999 agunt,
3056 4932 3143 5001 qui
3179 4932 3516 4988 timiditatem
3548 4932 3689 5001 obji-

2110 5018 2253 5071 ciant
2282 5028 2335 5072 et
2360 5028 2508 5088 gesta
2562 5018 2680 5088 ejus
2724 5030 2973 5089 suspecta
3024 5021 3257 5074 habeant
3292 5038 3306 5073 :
3344 5036 3464 5074 cum
3509 5033 3685 5075 autem

2111 5108 2346 5176 addunt,
2400 5109 2594 5173 Quterit
2620 5111 2790 5180 palam
2817 5126 2923 5166 esse
2948 5152 2965 5178 ,
3013 5126 3204 5166 vanam
3247 5110 3471 5179 gloriam
3513 5112 3690 5179 suspi-

2109 5208 2318 5254 cantur.
2985 5221 2996 5229 '

2177 5293 2231 5348 2.
2258 5293 2337 5348 Tu
2364 5308 2493 5349 vero
2520 5293 2715 5348 Christi
2737 5295 2982 5349 virtutem
3004 5294 3303 5349 considera.
3328 5295 3407 5361 Ex
3432 5294 3517 5351 his
3539 5296 3681 5351 enim

2107 5387 2194 5455 qui
2240 5386 2361 5440 talia
2398 5386 2644 5442 dicebant
2683 5388 2885 5455 primus
2932 5386 3029 5441 fuit
3075 5386 3527 5457 Jerosolymorum
3568 5390 3684 5459 epi-

2106 5489 2316 5545 scopus,
2339 5475 2525 5530 beatus
2545 5475 2776 5531 Jacobus
2793 5476 2887 5544 (a),
2908 5474 2974 5530 de
2993 5491 3098 5545 quo
3116 5475 3308 5535 Paulus
3327 5477 3456 5534 dicit
3478 5497 3491 5532 :
3517 5480 3684 5533 Alium

2105 5578 2271 5622 autent
2295 5569 2640 5637 apostolorum
2665 5568 2770 5621 uidi
2796 5569 3041 5621 neminem
3067 5572 3164 5625 nisi
3191 5570 3440 5628 Iacobum
3475 5575 3682 5642 fratrem

2105 5657 2310 5711 Domini
2338 5656 2480 5725 (Gal.
2510 5659 2559 5712 l.
2593 5656 2705 5727 19).
2731 5657 2929 5712 Dicitur
2954 5667 3008 5714 et
3029 5657 3192 5716 Judas
3220 5663 3475 5718 mirabilis
3498 5663 3678 5718 fuisse.

2167 5768 2238 5829 (a)
2261 5768 2460 5817 Jacobus
2485 5766 2630 5817 frater
2646 5765 2839 5818 Domini
2872 5769 3272 5836 Jerosolymatum
3300 5774 3573 5838 cpisset-au.

3232 5862 3293 5916 17
