4104 6156
400 402 497 456 ⁵171

405 519 562 591 Atqui
595 516 645 570 in
672 510 809 565 Cana
832 503 1073 563 aderant,
1102 512 1220 551 cum
1253 505 1441 562 aquam
1471 488 1524 541 in
1561 482 1739 536 vinum
1761 492 1989 532 conver-

1082 590 1087 591 ,
1148 589 1160 591 _
1322 584 1334 591 .
1473 588 1480 591 .
1536 575 1581 591 ιν
1644 574 1683 591 I-
1728 584 1843 591 __._-
1888 568 1988 591 τηε-

404 568 628 674 "sed
661 602 789 656 nihil
815 596 987 651 adhuc
1006 590 1127 645 inde
1148 584 1337 641 lucrati
1364 588 1508 635 sunt.
1536 574 1691 631 Unde
1720 568 1991 672 ergqillis

408 659 982 757 Inrita—vincrcdulitas?
1028 685 1103 738 Ex
1153 678 1288 734 tnala
1331 673 1602 729 voluntate
1649 673 1704 720 et
1750 678 1814 717 ex
1861 659 1995 714 invi-

409 794 495 848 dia
523 789 597 861 (α)
624 805 637 842 :
662 800 784 841 nam
808 781 1046 852 cognatis
1065 773 1151 845 qui
1178 763 1453 836 conspicui
1478 767 1619 823 sunt,
1643 751 1992 861 solentetifim

410 842 618 956 cogdaii
650 897 753 934 non
785 879 854 931 ita
883 868 1151 939 conspicui
1189 862 1444 918 invidere.
1473 855 1749 956 Quosnam'
1780 846 1864 956 hit:
1889 842 1999 945 dis-

413 935 620 1048 rigidos
670 968 884 1026 dicunt?
921 962 1157 1020 Turbam
1188 958 1525 1024 sequentem,
1573 957 1678 997 non
1716 935 1995 994 duodecim

417 1037 558 1127 illos.
588 1063 724 1134 Quid
750 1076 875 1129 ergo
903 1048 1183 1111 Christus?
1224 1044 1357 1100 Vide
1400 1051 1559 1110 quam
1603 1037 1879 1129 mansuete
1909 1038 1996 1078 re-

324 1170 329 1175 ’
418 1128 698 1233 spondi-vat.
737 1128 918 1219 Neque
956 1144 1097 1200 enim
1137 1138 1268 1194 dixit
1298 1152 1312 1189 :
1342 1131 1440 1200 Qui
1442 1128 1598 1233 lastis
1631 1136 1746 1188 vos,
1786 1128 1872 1189 qui
1913 1128 1999 1169 me

421 1218 523 1307 ιιύο
539 1247 760 1305 consilio
787 1218 1029 1296 docetis?
1053 1230 1146 1288 sed
1170 1226 1335 1299 quid?
1363 1224 1417 1278 6.
1442 1218 1664 1287 Tempus
1687 1225 1853 1265 nteant
1874 1221 2004 1307 non-

422 1347 543 1399 dum
572 1339 788 1395 aaoenit.
820 1334 916 1389 llic
943 1326 1069 1383 mihi
1107 1320 1247 1377 aliud
1278 1314 1546 1388 quidpiam
1573 1297 2001 1399 subindiearivi-

423 1443 597 1491 detur.
630 1431 785 1486 Forte
820 1425 959 1480 enim
990 1416 1185 1474 invidia
1223 1408 1352 1466 moti
1389 1406 1535 1459 illum
1563 1397 1761 1491 Iudaeis
1786 1388 2005 1491 tradere

425 1482 853 1583 nivediI'al—iantur;
896 1514 1121 1580 ideoque
1167 1503 1219 1559 id
1260 1498 1542 1556 declarans
1584 1489 1736 1553 dicit,
1786 1482 2005 1552 Tempus

426 1634 589 1674 mcum
624 1611 848 1668 nondum
874 1603 1094 1667 advenit,
1135 1598 1186 1652 id
1214 1604 1312 1659 est,
1348 1600 1557 1658 tempus
1582 1580 1755 1638 crucis
1778 1586 1833 1674 et
1864 1588 2008 1674 mor-

424 1712 516 1765 tis.
546 1708 655 1762 Cur
682 1718 770 1759 me
799 1708 923 1755 ante
967 1665 1176 1761 tempus
1211 1683 1454 1743 occidere
1499 1668 1831 1748 properatis?
1864 1665 2010 1765 Tem-

431 1817 526 1872 pus
550 1806 713 1851 autem
740 1801 955 1845 vestrum
979 1796 1175 1852 semper
1204 1784 1437 1849 paratum
1464 1778 1554 1824 est.
1592 1765 1705 1866 “pc
1742 1768 1824 1815 est
1853 1774 1868 1811 :
1902 1755 2012 1809 Vos

429 1855 624 1952 :Iudzei,
669 1883 767 1939 etsi
806 1892 1019 1948 semper
1059 1887 1181 1929 eum
1231 1867 1337 1923 illis
1376 1855 1684 1921 versemini,
1723 1860 2010 1948 numquam

433 1937 700 2040 occiddnt,
740 1937 938 2039 utpote'
957 1965 1145 2021 eadem
1183 1957 1505 2015 sentientes;
1545 1961 1631 2001 me
1669 1956 1797 1998 vero
1834 1937 2012 1993 statim

434 2032 1016 2126 occidere'ten‘tabunt.
1061 2053 1242 2120 Itaque
1287 2044 1440 2100 vobis
1478 2051 1691 2107 semper
1734 2032 1858 2087 licet
1893 2041 2013 2126 cum

436 2165 545 2220 illis
570 2174 690 2217 esse
714 2156 832 2209 sine
861 2145 1093 2221 periculo
1122 2162 1136 2197 :
1164 2138 1293 2196 mihi
1335 2148 1466 2190 vero
1504 2143 1628 2185 tunc
1655 2138 1868 2221 tempus
1892 2118 2013 2221 erit,

435 2269 558 2308 cum
587 2245 820 2317 cruciﬁgi
851 2208 905 2297 et
931 2237 1066 2294 mori
1091 2228 1373 2303 Opertebit.
1405 2224 1539 2279 Nam
1567 2216 1707 2290 quod
1731 2214 1832 2269 hoc
1856 2208 2018 2317 intel-

591 2299 1047 2407 e—s—vseq’uentibus
1095 2299 1300 2394 liquet:
1332 2319 1387 2371 7.
1437 2312 1561 2366 Νοη
1599 2312 1760 2413 potest
1803 2299 2019 2413 malitias

441 2391 608 2492 odisse
640 2446 745 2486 eos.
781 2391 1066 2491 :Qnomodo
1094 2417 1259 2475 enim.
1307 2409 1350 2465 si
1388 2405 1573 2463 eadem
1612 2396 1794 2462 vultis,
1831 2391 2019 2448 eadem

444 2486 865 2598 persequimini?
893 2513 979 2568 Me
1017 2518 1183 2564 autem
1212 2502 1338 2565 odit,
1383 2498 1502 2567 quia
1545 2486 1858 2594 reprehendo
1878 2498 2020 2587 eum,

443 2576 740 2685 Quadam
762 2610 862 2664 sint
904 2617 1058 2674 opera
1100 2602 1249 2668 eius;
1278 2594 1377 2647 hoc
1405 2596 1508 2650 est,
1541 2582 1671 2654 Quia
1702 2576 2019 2685 perstringo,

448 2665 569 2777 quia
603 2716 787 2774 arguo,
821 2698 940 2753 ideo
966 2692 1182 2747 odiosus
1209 2700 1346 2740 sum.
1372 2681 1505 2735 Hinc
1532 2665 2028 2777 ediscamus,'eolti:

384 2780 387 2783 I
447 2756 695 2853 hendani’
706 2807 826 2846 esse
862 2789 994 2842 iram
1022 2793 1077 2838 et
1114 2774 1550 2847 indignationem,
1582 2763 1790 2822 etiamsi
1829 2756 2026 2828 abiecti

447 2890 557 2942 sint
583 2886 669 2956 qui
699 2882 827 2937 dant
851 2876 1151 2934 consilium.
1183 2870 1310 2924 Nam
1333 2866 1377 2920 si
1403 2878 1507 2918 non
1534 2855 1866 2915 credentium
1897 2864 2027 2956 cqu-

450 2940 626 3035 silium
653 2974 900 3031 Christus
934 2964 1206 3023 moderate
1236 2959 1373 3022 tulit,
1414 2951 1623 3009 etiamsi
1659 2948 1747 3003 illa
1778 2940 2029 3000 consulc-

452 3081 593 3135 rent,
624 3083 743 3139 qua:
777 3079 881 3120 non
910 3056 1192 3118 decebant,
1229 3051 1388 3117 idque
1410 3059 1516 3100 non
1547 3058 1613 3097 ex
1644 3040 1783 3095 bono
1811 3034 2029 3097 animo;

452 3178 611 3234 quant
639 3134 737 3216 nos
760 3163 1150 3222 consequemur
1184 3142 1415 3205 veniam,
1456 3136 1544 3209 qui
1578 3146 1764 3189 sumus
1801 3137 1939 3185 terra
1980 3134 2035 3228 et

453 3215 612 3318 :zinis,
648 3258 701 3305 et
729 3215 1068 3301 consulentes
1115 3235 1295 3305 iniquo
1321 3231 1498 3285 animo
1541 3225 1779 3286 ferimus,
1825 3215 2036 3275 etiamsi

455 3313 648 3412 abiecti
674 3348 728 3394 et
764 3336 899 3392 viles
927 3329 1140 3402 quidam
1181 3325 1287 3378 sint
1315 3321 1411 3385 illi,
1450 3333 1563 3374 rem
1611 3313 1879 3384 indignam
1918 3322 2038 3363 esse

456 3408 704 3504 putantes
723 3428 752 3470 Ῥ
788 3419 1166 3480 Animadverte
1195 3428 1323 3484 ergo
1350 3425 1469 3468 cum
1496 3415 1691 3479 quanta
1735 3408 2042 3458 mansuetu-

456 3492 584 3580 dine
628 3514 1056 3574 criminationem
1101 3504 1397 3579 propulset.
1448 3499 1580 3555 Nam
1629 3509 1751 3551 eum
1801 3492 2043 3547 dicerent

457 3619 557 3682 illi,
589 3612 863 3680 Manifesta
893 3606 1105 3676 teipsum
1127 3596 1354 3661 mundo;
1381 3590 1668 3662 respondet
1696 3606 1709 3643 :
1740 3584 1862 3640 Non
1882 3591 2042 3654 potest

460 3675 680 3764 mundus
706 3675 868 3758 odisse
890 3675 997 3763 vos,
1024 3711 1103 3749 me
1144 3702 1308 3746 autem
1353 3687 1501 3750 odit;
1544 3696 1727 3740 eorum
1767 3675 2044 3749 depellens

462 3797 880 3858 accusationem.
911 3790 1138 3844 Tantum
1167 3785 1338 3847 abest,
1371 3779 1560 3849 inquit,
1597 3786 1653 3831 ut
1680 3785 1914 3844 quaeram
1940 3767 2042 3823 ho-

463 3894 668 3950 minum
716 3885 961 3957 gloriam,
1013 3888 1071 3933 ut
1118 3892 1227 3931 non
1278 3874 1437 3928 ﬁnem
1486 3870 1674 3925 faciam
1722 3861 2044 3935 coarguendi

464 3985 625 4048 illos;
653 3974 866 4036 etiamsi
904 3970 1144 4029 noverim
1171 3965 1300 4022 mibi
1332 3964 1456 4019 hinc
1482 3970 1536 4017 et
1572 3959 1750 4014 odium
1773 3966 1827 4013 et
1862 3970 2045 4010 necem

464 4073 730 4146 apparari.
762 4070 829 4125 Et
864 4066 973 4132 ubi,
1017 4062 1242 4135 inquies,
1288 4055 1526 4127 coarguit
1558 4053 1690 4109 eos?
1726 4050 1839 4106 lmo
1880 4064 2049 4146 quan-

466 4138 661 4221 doitam
708 4161 811 4217 hoc
852 4157 1029 4213 facere
1061 4149 1331 4209 cessavit?
1380 4160 1559 4203 nonne
1600 4142 1830 4209 dicebat,
1875 4138 2050 4195 Nolite

467 4269 651 4329 putare
675 4255 793 4325 quia
818 4268 903 4306 vos
929 4256 1260 4303 accusaturus
1284 4257 1396 4297 sum
1413 4237 1554 4310 apud
1582 4235 1790 4290 Patrem
1818 4250 1836 4288 :
1864 4243 1935 4287 est
1964 4232 2051 4302 qui

469 4325 673 4406 accusat
694 4364 779 4401 vos
809 4344 1009 4414 Moyses
1025 4358 1044 4408 ;
1071 4348 1145 4405 et,
1173 4337 1280 4408 Ego
1309 4334 1517 4404 cognovi
1543 4346 1651 4391 vos.
1674 4329 1793 4398 quia
1820 4325 2052 4381 dilectio-

471 4462 586 4500 nem
616 4442 707 4496 Dei
736 4455 837 4493 nou
879 4436 1104 4495 habetis;
1140 4440 1214 4495 et,
1264 4425 1532 4494 Quomodo
1574 4422 1780 4492 potestis
1824 4418 2050 4481 credere,

471 4537 557 4606 qui
602 4532 815 4603 gloriam
842 4528 904 4579 ab
929 4523 1211 4578 hominibus
1257 4517 1504 4585 accipitis,
1536 4524 1581 4567 et
1614 4513 1847 4582 gloriam,
1886 4524 1999 4578 qua
2022 4525 2055 4560 α

475 4600 585 4679 solo
603 4600 720 4673 'Deo
749 4624 842 4677 cst,
871 4629 971 4667 non
998 4607 1262 4683 quarritis?
1296 4603 1486 4659 Vidcn'
1515 4600 1784 4671 quomodo
1812 4613 1907 4668 per
1941 4612 2057 4652 om-

478 4714 566 4768 nia
594 4704 909 4765 ostenderit,
955 4702 1135 4755 odium
1177 4696 1459 4750 adversum
1488 4706 1549 4745 se
1586 4700 1890 4759 susceptum
1933 4686 2060 4741 inde

479 4810 657 4857 ortum
688 4810 828 4855 esse,
859 4791 999 4862 quod
1031 4791 1173 4858 ipsos
1202 4787 1367 4841 libere
1388 4782 1753 4850 redargueret,
1786 4792 1893 4832 non
1915 4775 2060 4846 quod

481 4892 760 4950 sabbatum
786 4880 1061 4941 solveret?
1085 4878 1194 4935 Cur
1227 4887 1404 4931 autem
1437 4872 1552 4926 illus
1581 4869 1647 4924 ad
1679 4869 1869 4924 festum
1899 4865 2061 4920 mittit

481 4985 668 5039 dicens
697 4978 798 5034 :8.
856 4974 953 5028 Vos
999 4968 1251 5026 ascendite
1300 4964 1367 5019 ad
1411 4962 1544 5017 diem
1594 4964 1791 5022 festum.
1827 4973 1920 5027 ego
1961 4972 2063 5010 non

483 5073 753 5129 ascendam
778 5066 948 5122 adhuc
967 5056 999 5119 1
1023 5062 1092 5118 Ut
1124 5056 1368 5115 ostendat
1394 5069 1453 5110 se
1483 5069 1587 5108 non
1624 5053 1713 5107 illa
1750 5049 1971 5112 dixisse,
2001 5061 2065 5103 se

484 5161 771 5220 excusandi
803 5158 884 5212 vel
914 5150 1162 5209 adulandi
1188 5161 1369 5212 causa,
1404 5143 1498 5199 sed
1524 5154 1580 5197 ut
1610 5139 1941 5212 permitteret
1967 5137 2065 5193 .lu.

485 5256 669 5315 daicos
697 5265 915 5308 servare
939 5246 1093 5302 ritus.
1113 5241 1222 5298 Cur
1241 5253 1370 5311 ergo
1389 5234 1646 5298 ascendit,
1671 5247 1792 5290 cum
1819 5231 2059 5294 dixisset,

491 5345 544 5401 Ν
548 5361 613 5399 an
639 5342 904 5397 ascendam
921 5338 947 5394 ἵ
964 5333 1081 5392 Non
1106 5332 1241 5389 dixit
1261 5328 1594 5400 simpliciter,
1616 5324 1735 5381 Non
1749 5321 2063 5385 ascendam;

490 5434 584 5490 sed
601 5431 766 5491 addit.
792 5428 966 5493 Nunc,
997 5427 1047 5481 id
1070 5432 1171 5487 est,
1193 5422 1499 5483 vobiscum;
1530 5415 1664 5484 Quia
1693 5424 1890 5484 tempus
1903 5428 2069 5466 areum

494 5522 716 5577 nondum
740 5520 999 5587 impletum
1024 5525 1119 5570 est.
1149 5512 1305 5583 Atqui
1335 5512 1385 5564 in
1410 5508 1655 5580 proximo
1676 5505 1935 5559 Paschatc
1954 5516 2070 5557 cru-

491 5610 789 5685 ciﬁgendus
809 5617 943 5663 erat.
973 5606 1079 5662 Cur
1106 5620 1235 5677 ergo
1258 5618 1365 5659 non
1396 5601 1508 5673 ipse
1540 5595 1819 5654 ascendit?
1845 5594 1901 5650 Si
1925 5594 2067 5650 enim

552 5722 636 5786 ta)
660 5717 793 5786 ρυρά
809 5729 925 5786 τωο
945 5714 1148 5786 {aecum
1174 5711 1325 5782 τηφτ
1348 5709 1534 5786 meis!
1634 5717 1852 5786 esset:
1861 5702 2071 5786 Et?“

495 5766 609 5838 nonw
617 5766 933 5835 prudentium
953 5776 1118 5833 fuerit,
1143 5773 1311 5823 nescio
1326 5786 1388 5822 an
1408 5771 1535 5821 alius
1546 5770 1783 5833 quispiam
1805 5766 2004 5816 (luerit.

1133 379 1191 431 s.
1222 367 1499 431 tomis
1533 353 2006 423 cnuvsosrout
2048 345 2364 406 AﬁClllEP.
2391 342 2926 402 CONSTANTINOP.

3564 338 3672 397 27?.

2101 484 2208 523 non
2237 461 2657 534 ascendit,quod
2686 460 2919 515 nondum
2949 466 3152 525 tempus
3182 463 3344 517 esset,
3380 470 3483 510 non
3515 471 3679 525 opor-

2100 560 2243 612 tebat
2267 557 2486 612 omnino
2510 551 2823 608 ascendere.
2846 548 3040 604 Verum
3079 561 3182 599 non
3212 546 3330 599 ideo
3359 545 3597 601 ascendit
3626 555 3679 600 ut

2104 659 2390 718 pateretttr,
2419 646 2512 701 sed
2551 655 2609 699 ut
2648 644 2770 698 illos
2803 640 3057 696 erndiret.
3097 638 3206 692 Cur
3231 639 3368 692 clam
3407 640 3682 693 ascendit?

2100 739 2230 795 Nam
2257 745 2465 807 poterat
2491 734 2663 805 palam
2685 731 2977 788 ascendere
3001 737 3055 783 et
3081 728 3134 782 in
3157 727 3333 782 medio
3362 727 3682 790 consistere,

2100 833 2496 899 violentumque
2534 828 2741 881 illorum
2796 826 3048 894 impetum
3098 836 3386 886 coercere,
3445 827 3504 874 ut
3542 836 3686 889 smpe

2103 925 2246 980 fecit.
2269 922 2375 978 Sed
2398 920 2609 975 nolebat
2633 918 2683 973 id
2707 914 3032 986 frequentius
3059 912 3255 968 facere.
3286 911 3416 967 Nam
3439 912 3485 966 si
3514 912 3687 981 palam

2104 1013 2450 1076 ascendisset,
2480 1023 2771 1077 rursusque
2797 1007 2918 1061 illos
2942 1005 3090 1075 quasi
3119 1018 3290 1059 caecos
3311 1001 3687 1069 continuisset,

2106 1106 2432 1161 divinitatem
2465 1116 2617 1156 suam
2646 1098 2841 1154 clarius
2869 1097 3201 1153 exhibuisset
3228 1103 3351 1149 ante
3373 1104 3606 1164 tempus,
3635 1102 3688 1148 et

2108 1198 2276 1268 magis
2314 1195 2439 1250 inde
2467 1194 2757 1249 revelasset
2800 1205 2940 1245 eam.
2987 1187 3117 1243 Cum
3148 1202 3276 1241 vero
3326 1197 3575 1257 putarent
3616 1186 3691 1240 illi

2108 1286 2282 1356 ipsum
2311 1295 2457 1339 metu
2485 1281 2730 1343 detineri,
2776 1292 2962 1335 contra
3009 1276 3243 1332 ostendit
3283 1291 3342 1331 se
3380 1285 3435 1331 et
3467 1275 3689 1331 ﬁdenter

2106 1390 2163 1433 et
2190 1376 2482 1447 prudenter
2502 1389 2679 1444 agere,
2710 1381 2763 1427 et
2784 1385 3002 1441 gnarum
3033 1368 3287 1436 temporis
3307 1382 3413 1437 quo
3439 1381 3693 1437 passurus

2109 1477 2292 1533 esset;
2321 1468 2413 1523 illo
2441 1466 2776 1528 adveniente,
2806 1478 2865 1517 se
2892 1463 3031 1516 ultro
3052 1459 3439 1530 Jerosolymam
3469 1473 3693 1513 conces-

2111 1576 2293 1616 surum
2325 1574 2465 1614 esse.
2503 1557 2627 1612 Mihi
2656 1571 2815 1626 porro
2851 1553 3062 1609 videtur
3090 1551 3244 1620 illud,
3284 1549 3387 1605 Vos
3415 1552 3692 1616 ascendite,

2114 1652 2218 1706 hoc
2244 1650 2344 1707 sibi
2389 1649 2525 1704 velle
2554 1669 2566 1703 :
2592 1646 2671 1703 Ne
2704 1645 2899 1716 putetis
2924 1660 3011 1699 me
3038 1659 3136 1698 vos
3164 1658 3358 1713 cogere
3399 1653 3455 1698 ut
3486 1657 3698 1697 mecum

2114 1740 2263 1795 inviti
2294 1738 2556 1794 maneatis
2586 1754 2601 1795 :
2628 1750 2749 1791 cum
2766 1743 2943 1789 autem
2965 1733 3131 1799 addit,
3162 1732 3409 1787 Nondum
3432 1732 3697 1802 impletum

2115 1842 2186 1886 est
2213 1842 2407 1901 tempus
2437 1845 2620 1894 meum,
2651 1827 2752 1881 hoc
2778 1824 3094 1895 signiﬁcare,
3125 1822 3268 1892 quod
3306 1823 3509 1878 scilicet
3531 1837 3695 1892 opor-

2117 1931 2225 1977 teat
2255 1922 2403 1990 signa
2430 1920 2562 1984 ﬁeri,
2597 1926 2651 1973 et
2670 1918 2954 1972 conciones
2985 1914 3192 1981 haberi,
3224 1915 3293 1969 ita
3324 1923 3382 1969 ut
3408 1929 3470 1969 ex
3503 1913 3701 1983 populo

2120 2013 2287 2066 nmlto
2311 2013 2488 2080 plures
2507 2009 2811 2074 crederent,
2833 2016 2890 2062 et
2911 2006 3158 2075 discipuli
3178 2005 3423 2061 videntes
3443 2012 3699 2059 constan-

2121 2103 2247 2159 tiam
2279 2102 2632 2171 ﬁduciamque
2657 2098 2888 2169 Magistri
2917 2098 3021 2163 sui,
3049 2106 3209 2168 atque
3233 2111 3326 2152 eos
3347 2111 3483 2166 quos
3510 2109 3698 2165 passus

2120 2204 2201 2251 est
2226 2195 2513 2256 cruciatus,
2537 2192 2802 2247 ﬁrmiores
2831 2190 3141 2246 evaderent.

2194 2287 2248 2341 3.
2291 2284 2585 2357 Beuignitas
2627 2283 2817 2338 Chriin
2858 2281 3126 2336 imitanda.
3149 2279 3306 2335 -—Ex
3350 2293 3508 2348 supra
3548 2277 3707 2331 dictis

2126 2392 2288 2451 porro
2331 2380 2445 2448 ejus
2491 2375 2869 2446 benignitatem
2909 2383 2963 2429 et
2991 2371 3452 2427 mansuetudinem
3495 2370 3706 2424 edisca-

2127 2486 2246 2526 mus
2279 2487 2293 2526 :
2327 2470 2512 2524 Discite
2547 2486 2580 2522 a
2628 2485 2728 2534 me,
2757 2468 2878 2538 quia
2916 2467 3053 2520 mitis
3083 2483 3195 2521 sum
3237 2474 3285 2520 et
3321 2463 3529 2517 humilis
3557 2461 3711 2516 corde

2128 2561 2355 2633 (Matth.
2391 2561 2477 2616 11.
2508 2558 2656 2631 29):
2687 2573 3009 2626 omnemque
3040 2556 3385 2612 acerbitatem
3423 2553 3701 2609 exscinda.

2127 2668 2268 2708 mus.
2299 2651 2355 2707 Si
2394 2650 2515 2722 quis
2543 2650 2697 2705 nobis
2733 2649 3086 2713 insultaverit,
3138 2662 3235 2701 nos
3282 2645 3552 2699 humiliter
3585 2658 3708 2714 aga-

2130 2759 2283 2811 mus;
2315 2744 2359 2799 si
2398 2743 2517 2813 quis
2557 2740 2808 2797 ferociter
2844 2740 3031 2811 egerit,
3084 2740 3254 2809 ipsum
3292 2738 3637 2807 mitigemus;
3663 2737 3710 2813 si

2132 2835 2500 2902 momorderit,
2534 2834 2825 2889 traduxerit
2865 2842 2919 2888 et
2956 2832 3224 2900 deriserit,
3271 2847 3339 2886 ne
3375 2810 3711 2901 dejieiamur,

2135 2944 2269 2984 neve
2297 2929 2465 2984 vicem
2494 2927 2790 2998 rependere
2810 2925 3069 2996 aggressi,
3110 2940 3207 2979 nos
3237 2927 3379 2994 ipsos
3406 2924 3713 2994 perdamus.

2133 3019 2271 3076 Fera
2300 3019 2497 3089 quippe
2535 3026 2619 3072 est
2656 3018 2754 3083 ira,
2790 3016 2900 3071 fera
2926 3017 3217 3070 vehemens
3238 3025 3290 3071 et
3315 3014 3533 3070 ardens.
3574 3015 3718 3069 (Ian-

2139 3121 2313 3166 temus
2354 3110 2534 3179 itaque
2584 3109 2737 3163 nobis
2779 3108 2971 3163 divina:
3017 3106 3307 3176 Scriptum
3352 3105 3608 3170 carmina,
3662 3114 3715 3161 et

2138 3185 2377 3257 dicamus
2409 3216 2423 3252 :
2450 3199 2613 3255 Terra
2633 3206 2688 3254 et
2714 3198 2850 3253 cinis
2869 3213 2927 3253 es
2954 3196 3102 3270 (Gen.
3137 3199 3188 3253 5.
3223 3198 3335 3271 i9),
3371 3196 3506 3264 Quid
3538 3210 3717 3265 strper-

2142 3293 2212 3347 bit
2240 3303 2373 3346 terra
2395 3300 2441 3346 et
2477 3291 2606 3345 cinis
2632 3288 2739 3357 (Ib.
2770 3290 2856 3345 18.
2883 3288 2976 3343 27.
3003 3288 3163 3342 Eccli.
3201 3288 3288 3343 10.
3320 3288 3418 3358 9)?
3443 3295 3518 3353 et,
3549 3284 3718 3353 Impe-

2144 3393 2224 3438 tus
2252 3384 2363 3448 irte,
2387 3382 2536 3435 ruina
2569 3389 2640 3435 est
2667 3379 2746 3433 illi
2774 3377 2965 3449 (Eccli.
2990 3379 3043 3433 l.
3081 3377 3172 3432 28.
3215 3377 3346 3442 22);
3379 3385 3454 3440 et,
3507 3374 3596 3430 Vir
3619 3375 3721 3428 ira-

2144 3474 2359 3538 cundus,
2391 3489 2491 3527 non
2521 3471 2773 3525 modestus
2801 3479 2874 3524 est
2911 3468 3092 3542 (Prov.
3121 3470 3147 3524 1
3159 3469 3208 3523 1.
3250 3467 3365 3539 25).
3408 3467 3550 3523 Nihil
3579 3467 3724 3520 enim

2147 3567 2353 3638 turpius
2372 3563 2654 3621 furibundo
2666 3571 2899 3633 aspectu,
2920 3562 3051 3616 nihil
3066 3560 3496 3632 ingratius..Quod
3513 3561 3554 3614 si
3573 3572 3724 3629 aspe-

2146 3668 2257 3726 ctu,
2296 3657 2462 3713 multo
2486 3656 2654 3727 magis
2686 3654 2884 3709 animo.
2914 3652 3370 3721 Quemadmodum
3410 3652 3551 3708 enim
3582 3665 3726 3706 com-

2146 3760 2293 3809 moto
2318 3765 2473 3807 emno
2498 3748 2654 3805 ftetor
2683 3746 2970 3803 effunditur
3007 3763 3020 3800 :
3055 3745 3133 3800 sic
3153 3745 3334 3800 animo
3358 3743 3434 3799 ira
3463 3750 3726 3814 permoto,

2147 3845 2313 3901 multa
2341 3845 2546 3900 orietur
2573 3839 2842 3912 turpitudo
2867 3848 2920 3895 et
2946 3836 3211 3895 molestia.
3239 3838 3330 3903 At,
3362 3836 3587 3906 inquies,
3620 3850 3727 3890 non

2151 3935 2266 3991 fero
2305 3933 2687 3990 contumeliam
2711 3931 2779 3985 ab
2805 3929 3035 3984 inimicis
3076 3927 3299 3983 illatam.
3346 3925 3497 3982 Cur?
3524 3938 3727 3997 quaeso.

2151 4027 2283 4083 Nam
2314 4027 2360 4082 si
2387 4040 2513 4079 vere
2538 4022 2687 4087 dicit,
2716 4022 2875 4076 etiam
2902 4035 3085 4075 coram
3129 4018 3221 4074 illo
3247 4017 3541 4089 compungi'
3567 4030 3730 4088 opor-

2155 4126 2313 4182 teret,
2353 4124 2407 4171 et
2430 4113 2654 4186 gratiam
2685 4113 2786 4182 ipsi
2813 4110 3045 4176 habere;
3090 4108 3170 4163 sin
3201 4123 3330 4163 vero
3373 4107 3645 4172 mentitur,
3679 4105 3733 4161 id

2154 4217 2458 4267 contemne.
2508 4205 2802 4275 Pauperem
2855 4201 3051 4257 vocat?
3097 4200 3251 4256 Ride.
3308 4199 3595 4271 Ignobilem
3647 4196 3734 4253 vel

2154 4301 2375 4357 stultum
2403 4295 2670 4369 appellat?
2712 4293 3003 4365 lngemisce
3029 4307 3124 4363 pro
3149 4291 3260 4346 illo.
3289 4290 3443 4354 Nam,
3486 4288 3587 4356 Qui
3612 4288 3737 4342 dicit

2157 4392 2306 4465 fratri
2345 4405 2459 4457 suo,
2505 4386 2694 4454 Fatue,
2724 4402 2838 4440 reus
2880 4387 2974 4439 erit
3010 4384 3252 4456 gehenme
3274 4383 3405 4454 ignis
3435 4381 3649 4453 (Matth.
3678 4381 3734 4436 5.

2156 4482 2272 4552 22).
2304 4482 2363 4537 Si
2390 4478 2768 4537 contumeliam
2799 4475 3014 4543 inferat,
3044 4477 3218 4545 cogita
3247 4473 3566 4544 supplicium
3595 4469 3740 4542 quod

2159 4574 2333 4644 ipsum
2375 4579 2575 4635 manet,
2610 4583 2710 4622 nec
2756 4565 2919 4621 modo
2957 4567 3091 4621 iram
3117 4563 3414 4628 cohibebis,
3454 4563 3547 4619 sed
3577 4563 3739 4618 etiam

2161 4664 2428 4732 lacrymas
2467 4659 2729 4715 ell'undes.
2775 4656 2959 4727 Neque
3002 4657 3144 4712 enim
3188 4656 3424 4711 irritatur
3477 4655 3743 4726 quispiam

2163 4764 2348 4809 contra
2383 4751 2801 4816 febricitantem,
2831 4759 2922 4803 aut
2941 4758 3095 4803 acuto
3116 4748 3304 4802 morbo
3334 4747 3738 4807 inﬂammatum.

2164 4843 2257 4900 sed
2285 4842 2487 4899 similes
2532 4842 2676 4896 viros
2703 4840 2986 4894 miseratur
3018 4849 3074 4893 et
3117 4838 3379 4908 deplorat.
3431 4836 3745 4908 llujusmodi

2166 4947 2248 4992 est
2273 4935 2391 4991 irati
2417 4934 2644 4989 animus.
2662 4931 2765 4988 Sed
2787 4932 2831 4988 si
2858 4933 2937 4987 vis
2961 4941 3012 4989 te
3029 4932 3229 4994 ulcisci.
3251 4940 3391 4999 tace,
3414 4940 3469 4985 et
3485 4939 3746 5001 opportu-

2168 5042 2288 5082 nam
2312 5027 2409 5098 ipsi
2432 5025 2639 5097 plagam
2661 5023 2887 5095 inﬁiges.
2911 5022 3002 5080 Sin
3028 5025 3404 5079 contumeliam
3426 5023 3750 5079 contumelia

2168 5117 2425 5188 depellas,
2456 5117 2629 5187 ignem
2652 5114 2994 5171 succendisti.
3019 5115 3109 5181 At,
3136 5115 3361 5185 inquies,
3388 5115 3432 5169 si
3458 5126 3747 5181 taceamus,

2172 5209 2344 5280 pusilli
2374 5206 2538 5262 animi
2572 5221 2877 5276 urguemur.
2904 5205 3020 5261 Non
3046 5214 3098 5260 te
3129 5205 3302 5275 pusilli
3344 5205 3504 5259 animi
3531 5218 3750 5259 accusa-

2172 5301 2321 5365 bunt,
2348 5299 2443 5355 sed
2473 5298 2861 5371 philosophiam
2890 5307 3033 5351 tuam
3062 5297 3412 5351 mirabuntur.
3441 5296 3497 5350 Si
3531 5310 3658 5350 vero
3685 5308 3752 5348 es

2171 5391 2486 5446 contumelia
2533 5389 2901 5454 inﬁammeris,
2952 5387 3129 5443 locum
3168 5386 3320 5442 dabis
3368 5386 3588 5456 putandi
3627 5397 3757 5439 vers

2173 5498 2292 5538 esse
2315 5498 2434 5553 quas
2462 5481 2806 5552 objiciuntur.
2832 5480 2960 5544 Cur,
2988 5492 3193 5550 quzeso,
3223 5477 3363 5533 ridet
3392 5477 3552 5534 dives
3582 5477 3672 5547 qui
3698 5488 3758 5531 se

2177 5589 2463 5644 pauperem
2489 5574 2742 5644 appellari
2764 5571 2952 5627 audit?
2970 5585 3147 5627 annon
3169 5570 3290 5641 quia
3316 5571 3432 5640 ipse
3456 5570 3557 5625 scit
3571 5583 3632 5623 se
3650 5581 3759 5622 non

2175 5679 2297 5721 esse
2321 5664 2642 5734 pauperem?
2668 5664 2743 5719 Ita
2768 5672 2822 5719 et
2843 5676 2942 5718 nos
2963 5662 3008 5717 si
3029 5661 3097 5715 de
3115 5659 3450 5715 contumeliis
3468 5657 3757 5725 rideamus,

2179 5757 2280 5813 hoc
2319 5769 2688 5829 argumentum
2727 5755 2831 5811 crit
2864 5752 3177 5821 maximum,
3224 5765 3321 5807 nos
3356 5749 3477 5805 talis
3509 5746 3588 5803 rei
3633 5761 3761 5802 con-
