4104 6156
435 399 504 452 73
1353 382 1420 439 IN
1456 383 1573 439 JOA
1582 381 1765 439 NNEM
1803 382 1938 439 H0.“

2072 386 2256 447 XLIX.
2297 391 2366 448 al.
2412 395 2635 454 XLVIII.

445 419 504 452 ιι)

397 511 539 565 scius
564 504 719 561 nobis
746 517 849 557 non
873 514 1011 556 esse.
1045 497 1129 553 Ad
1149 496 1266 551 lucc
1288 510 1561 566 quousque
1591 495 1860 549 hominum
1888 510 1980 551 ac-

394 599 700 656 cnsationes
738 590 1073 648 metuemus?
1116 601 1393 660 quousque
1420 599 1756 641 communem
1801 586 1982 640 Domi-'-

394 706 524 747 unm
547 686 926 756 despiciemus,
956 689 1012 737 et
1030 680 1178 737 carni
1208 678 1524 749 aﬂigemur?
1552 677 1679 733 Cum
1698 678 1830 731 enim
1853 678 1982 732 inter

392 797 477 835 ros
503 779 568 833 sit
595 774 849 831 contentio
888 783 934 827 et
963 770 1220 825 tantulatio
1245 780 1292 823 et
1319 768 1610 834 seditiones,
1658 784 1825 822 nonne
1862 784 1977 822 car-

392 871 531 925 nales
559 869 677 923 estis
732 866 809 938 (1.
858 863 977 919 Cor.
1025 863 1080 917 5.
1122 861 1212 932 3)?
1253 860 1432 916 Simus
1478 874 1608 931 ergo
1655 860 1977 929 spirituales,

391 961 531 1016 hanc
558 958 906 1015 deterrimam
945 952 1115 1008 feram
1146 951 1436 1007 fronemus.
1471 950 1610 1005 Iram
1639 949 1776 1004 inter
1802 956 1858 1003 et
1894 948 1977 1002 in-

392 1068 574 1108 rorem
617 1050 818 1106 nullum
862 1045 1191 1109 discrimen;
1236 1042 1331 1098 sed
1372 1042 1720 1111 temporarias
1761 1039 1974 1110 quidam

391 1149 604 1201 da-mou
634 1155 744 1208 est;
774 1142 882 1195 imo
919 1138 1250 1194 dmmoniaco
1286 1135 1455 1205 pejor.
1481 1134 1612 1189 Nam
1647 1133 1976 1188 dccmoniaco

386 1238 536 1293 venia
563 1236 745 1298 datur;
777 1230 1064 1286 iracundus
1100 1226 1453 1283 autem-mille
1480 1224 1751 1294 suppliciis
1784 1223 1974 1295 dignus

381 1329 504 1390 erit,
534 1324 625 1396 qui
662 1339 722 1379 se
760 1330 954 1391 sponte
993 1319 1047 1373 in
1090 1317 1341 1388 perniciei
1392 1315 1639 1370 barathra
1672 1313 1874 1382 dejieit,
1905 1321 1963 1367 et

384 1426 508 1472 autc
531 1415 760 1469 futuram
782 1410 1082 1482 gehennam
1114 1407 1200 1461 hic
1234 1406 1345 1475 jam
1375 1419 1561 1476 pcenas
1588 1404 1717 1458 dare
1747 1403 1967 1472 incipit:

3569 410 3677 468 27i

2095 502 2218 561 dum
2248 512 2472 567 tumultu
2509 524 2764 584 perpetuo
2794 525 3012 574 ct'arstu
3049 520 3368 579 intolerabili
3398 525 3675 596 cogitatio-

2091 613 2215 653 num
2262 611 2416 657 noete
2442 603 2633 674 dieque
2672 608 2990 677 cvagitatnr.
3023 608 3092 667 Ut
3131 612 3308 683 itaque
3336 623 3390 668 et
3418 619 3668 686 pneseuti

2087 693 2345 761 supplicio
2373 702 2427 749 et
2455 697 2625 750 futura
2661 698 2889 753 vindicta
2919 715 3018 755 nos
3043 702 3354 771 liberemus,
3385 704 3489 761 hoc
3515 708 3670 776 pulso

2086 784 2248 838 animi
2295 786 2504 851 morbo,
2542 802 2755 843 omnem
2796 790 3141 847 cxhibeamus
3179 798 3663 863 mansuetudinem,

2087 882 2144 928 ut
2168 875 2405 945 requiem
2441 877 2719 933 animabus
2748 880 2945 934 nostris
2970 881 3299 938 inveniamus
3328 894 3383 940 et
3418 886 3504 941 hic
3532 896 3586 941 et
3614 888 3664 942 in

2083 980 2248 1036 regno
2285 967 2570 1034 caelorum;
2622 969 2763 1039 quod
2814 971 3018 1027 utinam
3057 986 3245 1029 omnes
3293 989 3658 1045 assequamur,

2081 1057 2247 1127 gratia
2291 1068 2346 1113 et
2399 1058 2723 1130 benignitate
2769 1061 2978 1117 Domini
3032 1064 3200 1118 nostri
3242 1062 3371 1119 Jesu
3422 1064 3656 1131 Christi,

2083 1164 2177 1218 per
2203 1165 2360 1220 quem
2413 1159 2470 1206 et
2516 1167 2636 1207 cum
2681 1166 2787 1223 quo
2827 1153 2971 1208 Patri
3016 1154 3184 1224 gloria
3234 1155 3497 1226 simulque
3543 1156 3663 1224 Spi-

2081 1239 2202 1293 ritui
2233 1247 2437 1306 sancto,
2478 1257 2621 1297 nunc
2664 1252 2723 1299 et
2763 1258 3013 1314 semper,
3039 1253 3098 1299 et
3137 1245 3188 1300 iu
3216 1244 3412 1301 sarcula
3435 1246 3662 1301 sa'culo-

2084 1351 2221 1392 rutn.
2251 1337 2449 1391 Amen.

389 1516 3651 1545 NW

1746 1565 2097 1627 HOMILIA.
2135 1566 2362 1627 XLIX.

381 1704 506 1760 Car.
536 1702 590 1758 7.
621 1716 675 1756 ν.
697 1700 750 1756 9.
784 1698 909 1754 Illac
932 1713 1048 1751 cum
1079 1695 1291 1749 dixisset
1315 1693 1417 1747 illis
1440 1734 1456 1758 ,
1480 1693 1668 1746 mansit
1712 1690 1767 1743 in
1814 1688 1960 1745 Cali-

453 1798 569 1849 laea.
596 1795 684 1848 10.
731 1790 799 1848 Ut
826 1800 991 1844 autem
1019 1787 1348 1841 ascenderunt
1383 1786 1565 1855 fratres
1606 1784 1734 1848 eius,
1768 1791 1884 1835 tunc
1912 1790 1959 1834 et

450 1885 559 1954 ipse
599 1883 821 1937 ascendit
866 1879 933 1933 ad
974 1879 1107 1933 diem
1146 1879 1350 1948 festum,
1394 1890 1495 1928 non
1538 1872 1819 1941 manifeste,
1869 1872 1958 1925 sed

451 1975 599 2044 quasi
618 1974 672 2027 in
702 1971 917 2027 occulto.

454 2068 506 2121 ι.
531 2064 757 2121 Christus
784 2064 1001 2116 [tantane
1042 2076 1179 2115 more
1206 2061 1372 2114 vivens
1411 2057 1635 2112 homines
1670 2056 1847 2111 docere
1873 2057 1955 2109 ind

383 2157 556 2210 remlt’t.
587 2155 689 2210 Cur
711 2152 938 2210 Christus
957 2153 1042 2221 qui
1063 2151 1235 2223 palam
1259 2165 1451 2221 semper
1477 2146 1787 2216 loquebatur,
1819 2162 1965 2199 nunc

370 2247 427 2301 in
468 2247 663 2301 occulto
692 2242 1162 2314 (equitum—Qua:
1200 2241 1436 2296 humano
1473 2253 1622 2294 more
1666 2253 1697 2292 a
1738 2235 1964 2292 Christo

372 2340 767 2408 dis-pensantur,
799 2352 904 2391 non
937 2336 1058 2391 ideo
1106 2342 1307 2389 tantum
1350 2334 1481 2387 lium
1527 2340 1584 2387 ut
1631 2331 1953 2387 incarnatio-

373 2446 494 2487 ncm
522 2432 860 2491 continuent,
894 2427 988 2482 sed
1019 2425 1179 2482 etiam
1206 2432 1265 2479 ut
1293 2439 1392 2478 nos
1419 2423 1485 2477 ad
1512 2422 1760 2477 virtutem
1794 2421 1950 2475 insti-

369 2532 538 2578 luant.
581 2521 649 2578 Si
667 2522 810 2578 enim
835 2520 1019 2575 omnia
1045 2527 1313 2589 tamquam
1355 2516 1501 2570 Dens
1538 2514 1770 2578 iecisset,
1818 2527 1953 2583 quo-

366 2615 528 2668 modo
576 2625 854 2682 possemus
898 2624 1016 2676 nos,
1066 2623 1186 2662 cum
1237 2607 1441 2675 ingrata
1493 2603 1771 2667 accidunt,
1821 2602 1947 2673 quid

364 2705 667 2760 faciendum
694 2703 765 2757 sit
793 2701 1073 2757 ediscere?
1099 2707 1157 2752 ut
1190 2697 1337 2752 verbi
1385 2696 1571 2767 gratia
1593 2695 1694 2749 hoc
1720 2696 1771 2749 iu
1803 2694 1945 2761 loco,

362 2796 410 2848 si
440 2794 637 2849 ludatis
662 2806 848 2848 necem
888 2789 1229 2860 spirantibus,
1280 2787 1332 2841 in
1373 2786 1606 2841 medium
1651 2784 1947 2855 procedens

361 2886 546 2941 statim
588 2900 772 2939 eorum
820 2883 1076 2952 impetum
1128 2882 1472 2935 coercuisset.
1516 2878 1571 2932 Si
1622 2877 1800 2948 itaque
1843 2877 1945 2932 hoc

360 2976 591 3031 assidue
611 2975 843 3039 iecisset,
874 2988 974 3027 nos
1019 2972 1071 3026 in
1100 2970 1289 3026 eadem
1336 2968 1652 3033 incidentes,
1680 2984 1800 3022 cum
1835 2982 1940 3024 non

360 3082 640 3138 posseinus
686 3066 827 3121 idem
876 3073 1150 3134 prmstare,
1195 3061 1485 3132 quomodot
1507 3061 1764 3116 sciremus
1813 3060 1938 3131 quid

355 3160 618 3230 agendum
647 3158 835 3213 esset?
854 3166 1031 3211 utrum
1057 3156 1190 3211 mori
1212 3160 1499 3224 oporteret,
1528 3151 1938 3222 arr-alind‘quid-

353 3252 499 3320 piam
530 3248 829 3319 providere,
875 3257 932 3300 ut
972 3260 1153 3301 sermo
1204 3243 1551 3314 procederet?
1598 3241 1730 3309 Quia
1780 3242 1951 3314 igitur

353 3357 477 3408 nos,
510 3342 599 3412 qui
626 3342 738 3411 pari
783 3347 1047 3410 potestate
1093 3336 1297 3406 praediti
1338 3350 1442 3390 non
1486 3348 1690 3396 sumus.
1720 3333 1847 3404 quid
1879 3337 1954 3389 in-

351 3431 589 3488 medium
617 3431 870 3501 ingres‘sis
897 3427 1194 3483 iaciendum
1225 3433 1370 3481 esset
1394 3440 1497 3479 non
1522 3423 1929 3488 didicissemus;

349 3524 468 3578 hac
498 3522 616 3577 ideo
635 3522 704 3576 ab
729 3520 821 3576 illo
850 3520 1124 3574 docemur.
1152 3517 1284 3571 Num
1310 3517 1408 3582 ait,
1445 3514 1568 3570 Haec
1586 3531 1697 3568 cum
1726 3515 1949 3568 dixisset-

345 3616 520 3680 Jesus,
547 3613 731 3667 mansit
756 3614 811 3666 in
849 3610 1083 3665 Calliam.
1137 3608 1204 3662 Ut
1246 3616 1412 3660 autem
1454 3604 1783 3660 ascenderunt
1821 3609 1944 3672 fro--

345 3716 449 3760 tres
491 3705 620 3777 ejus,
669 3712 788 3757 tunc
835 3711 881 3755 et
910 3702 1019 3771 ipse
1056 3698 1300 3761 ascendit,
1359 3712 1461 3750 non
1504 3696 1787 3766 manifeste,
1835 3693 1937 3747 sed.

345 3796 492 3865 quasi
512 3793 804 3848 rit-occulto.
843 3791 984 3855 lla'c,
1021 3788 1365 3843 Ascenderunt
1396 3790 1578 3855 fratres
1607 3785 1737 3855 ejus,
1762 3782 1926 3853 signi-

344 3888 509 3942 ﬁcant
553 3884 723 3955 ipsum
767 3881 1000 3937 noluisse
1025 3895 1146 3935 cum
1179 3878 1280 3932 illis
1306 3875 1617 3930 ascendere.
1657 3873 1926 3942 Quamob-

342 3993 459 4034 rem
492 3976 560 4031 ibi
590 3982 804 4039 manet,
831 3986 1004 4042 neque
1050 3984 1171 4025 sese
1205 3968 1488 4023 manifeste
1514 3965 1778 4030 ostendit,
1800 3965 1928 4019 licet

340 4069 399 4123 id
424 4068 498 4122 illi
533 4066 839 4122 suaderent.
863 4064 968 4119 Cur
989 4077 1116 4117 vero
1153 4062 1244 4131 qui
1284 4060 1455 4129 palam
1495 4073 1706 4126 semper
1732 4058 1920 4126 loque-

339 4159 521 4226 batur,
571 4173 713 4214 nunc
748 4157 897 4226 quasi
945 4156 998 4211 iu
1027 4154 1238 4210 occulto
1286 4153 1346 4207 id
1392 4152 1559 4207 facit?
1595 4150 1715 4205 Non
1762 4150 1917 4215 dixit,

337 4251 580 4316 Occultc,
609 4248 726 4315 sed,
758 4248 917 4316 Quasi
942 4248 994 4301 in
1037 4246 1256 4301 occulto.
1297 4244 1387 4300 Sic
1434 4243 1575 4297 enim
1614 4241 1917 4311 Oportebat,

336 4339 788 4411 quemadmodum
819 4338 951 4405 disi,
985 4346 1042 4392 ut
1064 4353 1162 4392 nos
1185 4337 1404 4392 doceret
1438 4334 1552 4388 haec
1577 4337 1787 4405 negotia
1825 4349 1917 4403 εθ-

336 4448 482 4490 rere.
512 4433 718 4503 Alioqui
749 4447 854 4486 non
886 4446 980 4500 par
1006 4440 1123 4485 erat
1151 4429 1257 4484 illis
1298 4427 1448 4482 iratis
1475 4436 1531 4481 et
1571 4426 1918 4481 frementibus

338 4537 468 4581 tunc
509 4540 840 4595 comparere,
878 4526 971 4581 sed
1011 4533 1130 4595 post
1170 4522 1314 4579 diem
1359 4521 1571 4575 festum.
1616 4520 1704 4575 il.
1744 4518 1915 4572 λιιάωὶ

336 4635 457 4687 ergo
480 4620 762 4686 qucerebant
783 4636 915 4682 eum,
943 4628 990 4672 et
1011 4618 1257 4682 dicebant,
1287 4614 1386 4671 Ubi
1406 4623 1478 4669 est
1503 4614 1630 4668 ille?
1654 4614 1912 4669 Praeclara

335 4716 482 4763 certe
512 4709 565 4762 in
604 4708 691 4763 die
741 4708 877 4763 festo
916 4709 1116 4776 opera!
1150 4706 1215 4761 ad
1261 4706 1461 4759 caedem
1508 4711 1816 4776 properant,
1857 4701 1909 4757 in

335 4799 473 4853 festo
497 4800 799 4854 consultant
827 4800 1094 4868 quomodo
1120 4800 1327 4867 capiant
1375 4799 1540 4851 illum.
1589 4796 1680 4851 Sic
1708 4804 1762 4850 et
1786 4794 1910 4848 alibi

332 4889 519 4942 dicunt
549 4903 565 4942 :
593 4888 729 4953 Quid
755 4890 960 4957 putatis,
999 4888 1117 4957 quia
1159 4905 1258 4941 non
1308 4888 1437 4940 venit
1461 4887 1529 4939 ad
1553 4887 1684 4939 diem
1723 4885 1909 4954 festum

332 4976 515 5047 (Joan.
566 4978 652 5032 H.
697 4978 831 5049 56)?
868 4977 935 5031 Et
979 4978 1067 5030 hic
1102 4977 1369 5041 dicebant,
1425 4975 1521 5030 Ubi
1562 4984 1633 5029 est
1674 4975 1803 5029 ille?
1830 4974 1908 5028 Ex

330 5067 507 5121 nimio
539 5066 664 5121 odio
705 5083 773 5122 ne
816 5066 1092 5121 nominare
1135 5066 1350 5136 quidem
1378 5066 1683 5135 dignantur.
1722 5064 1906 5133 Magna

326 5165 475 5211 certe
496 5157 616 5213 festi
646 5157 966 5225 reverentia,
997 5160 1182 5227 ingens
1220 5156 1419 5226 pietas!
1451 5155 1537 5209 die
1572 5154 1706 5209 l'esto
1736 5154 1908 5224 ipsum

326 5263 526 5319 capere
552 5249 820 5304 volebant.
846 5249 932 5303 i2.
961 5248 1030 5302 Et
1055 5264 1286 5302 marmur
1320 5247 1533 5301 multum
1560 5256 1668 5301 erat
1693 5248 1753 5300 de
1772 5263 1829 5300 eo
1858 5248 1910 5300 in

328 5337 497 5392 turus.
530 5338 666 5394 Puto
686 5349 862 5394 autem
899 5340 1017 5394 illos
1056 5340 1106 5393 in
1141 5339 1370 5393 furorem
1404 5346 1553 5392 actos
1577 5352 1605 5390 a
1644 5336 1780 5401 loco,
1822 5336 1908 5390 ubi

326 5430 538 5499 signum
569 5429 770 5485 factum
798 5428 988 5496 fuerat,
1017 5441 1176 5500 atque
1209 5438 1572 5498 exasperatos,
1603 5443 1709 5482 non
1744 5428 1813 5482 ita
1841 5428 1909 5483 de

330 5533 390 5572 re
411 5526 564 5588 gesta
606 5520 906 5589 indignatos
935 5534 1074 5586 esse,
1100 5529 1155 5573 ut
1188 5504 1443 5573 timebant
1489 5534 1556 5573 ue
1582 5517 1706 5588 quid
1736 5517 1908 5572 simile

331 5611 521 5666 iterum
554 5614 774 5666 laceret.
819 5612 1153 5666 Contrarium
1183 5625 1343 5680 porro
1382 5610 1591 5674 accidit,
1635 5610 1717 5665 vel
1760 5609 1907 5664 inviti

325 5703 528 5760 clarum
570 5705 745 5774 ipsum
787 5702 1150 5760 reddiderunt.
1207 5703 1427 5766 Quidam
1473 5703 1737 5767 dicebant,
1790 5702 1907 5773 quia

322 5792 481 5850 ianus
508 5804 604 5864 est,
636 5792 750 5863 alii,
796 5791 936 5861 Non,
976 5794 1063 5849 sed
1108 5793 1298 5848 seducit
1343 5792 1530 5849 turbas.
1584 5792 1728 5848 anm
1781 5801 1907 5862 puto

2068 1686 2231 1743 fuisse
2259 1689 2614 1745 multitudinis
2641 1692 2979 1762 opinionem;
3007 1696 3165 1752 aliam
3201 1715 3331 1755 vero
3355 1702 3656 1774 principum

2066 1786 2121 1831 et
2143 1778 2478 1833 sacerdotum
2511 1796 2525 1833 :
2559 1795 2680 1834 nam
2710 1782 3024 1838 calumniari
3052 1785 3118 1841 ad
3148 1787 3360 1843 illorum
3393 1790 3651 1849 invidiam

2063 1877 2117 1923 et
2160 1870 2450 1940 nequitiam
2491 1873 2814 1943 pertinebat.
2857 1875 3066 1931 Seducit
3112 1880 3341 1945 turbam,
3384 1884 3665 1954 inquiunt...

2061 1960 2360 2026 Quomodo,
2387 1965 2609 2034 quaeso?
2628 1966 2765 2021 Nam
2780 1969 2901 2038 quia
2925 1969 3073 2039 signa
3099 1971 3333 2041 simulat,
3353 1990 3458 2031 non
3489 1978 3650 2034 facit?

2059 2054 2225 2124 Atqui
2244 2055 2568 2112 contrarium
2597 2058 2926 2129 experientia
2951 2060 3248 2119 docete”.
3279 2063 3447 2122 Nemo
3477 2076 3654 2125 tamen

2058 2147 2231 2215 palam
2268 2148 2566 2219 loquebatur
2611 2150 2676 2204 de
2712 2151 2803 2205 illo
2826 2163 3054 2222 propter
3092 2166 3277 2210 metum
3318 2156 3648 2215 “diuorum.-

2061 2237 2220 2293 Vides
2250 2239 2447 2310 ubique
2468 2241 2755 2310 optimates
2777 2254 3083 2314 corruptos,
3107 2247 3314 2315 plebem
3346 2264 3473 2304 vero
3494 2262 3649 2308 recte-

2055 2328 2395 2395 scutieutem;
2427 2330 2523 2385 sed
2561 2345 2683 2386 non.
2713 2332 2988 2401 praeditam
3038 2349 3119 2389 ea.
3137 2335 3448 2394 fortitudine
3479 2356 3638 2409 quam

2054 2420 2367 2490 oportebat?
2395 2422 2482 2477 14.
2510 2421 2632 2476 Jam
2660 2433 2828 2478 autem
2857 2424 2940 2479 die
2959 2427 3087 2496 festo
3113 2427 3390 2495 mediante,
3412 2431 3639 2485 ascendit

2053 2510 2219 2572 Iesus.
2265 2522 2312 2566 et
2352 2512 2577 2569 docebat.
2630 2514 2973 2584 Exspectatio
3017 2517 3355 2574 attentiorcsr
3381 2520 3637 2576 reddidit;

2051 2600 2183 2656 Nam
2207 2604 2297 2674 qui
2342 2605 2606 2673 prioribus
2631 2605 3167 2676 diebus-qurrebsnt
3208 2625 3330 2665 cum
3372 2611 3628 2678 dicentes,

2055 2691 2155 2747 Ubi
2202 2702 2274 2747 est
2313 2694 2451 2748 ille?-
2493 2705 2724 2766 repente.
2756 2696 2904 2750 illum
2954 2696 3631 2764 videntes,.animadverte

2051 2784 2319 2854 quomodo
2343 2784 2577 2851 adstcut,
2630 2796 2685 2842 et
2724 2788 3026 2857 loquentem
3071 2788 3377 2856 observent,
3415 2793 3646 2847 tam-illi:

2048 2877 2135 2946 qui
2163 2878 2380 2943 bonum,
2409 2892 2566 2949 quam
2594 2878 2681 2933 alii
2706 2879 2798 2950 qui
2824 2879 3019 2935 malum
3041 2879 3187 2937 illum
3218 2881 3467 2938 dicebant
3494 2885 3637 2940 :scdt

2047 2969 2122 3023 illi
2171 2976 2228 3023 ut
2274 2970 2545 3039 quidpiam
2591 2971 2718 3025 lucri
2771 2983 3139 3041 reportarem,
3196 2975 3623 3050 mirarenturque

2046 3059 2252 3128 ipsum;
2281 3060 2369 3114 alii
2414 3069 2472 3114 ut
2508 3061 3023 3131 comprehenderent
3066 3074 3122 3120 et
3164 3079 3437 3135 caperent.
3485 3069 3621 3125 Illud

2042 3161 2243 3214 antem,-
2271 3151 2479 3207 Seducit
2516 3157 2733 3221 turbam,
2780 3169 2876 3225 per
2898 3155 3193 3213 doctrinam
3243 3161 3465 3219 scilicet.
3512 3177 3618 3218 non

2040 3242 2397 3311 iuteliigcutes
2421 3242 2774 3312 quiddiceret
2805 3263 2819 3299 :
2846 3247 2973 3302 illud
3001 3248 3372 3318 vero,,Bonus,
3400 3267 3430 3307 a
3453 3253 3618 3322 signis

2037 3331 2332 3388 dicebatur.
2358 3334 2563 3390 Sedete
2602 3335 3018 3405 itaque-illorum
3061 3338 3240 3396 lurore
3288 3343 3370 3398 ita
3403 3344 3615 3410 institit,

2037 3432 2096 3477 ut
2117 3424 2279 3479 verba
2307 3438 2402 3479 sua
2430 3425 2713 3496 diligenter
2738 3428 3004 3496 audirent,
3046 3445 3219 3500 neque
3254 3434 3484 3501 amplius
3528 3437 3614 3488 in-

2032 3511 2231 3582 dignati
2260 3527 2418 3570 aures
2441 3514 2802 3571 obstrucreut.
2835 3517 2973 3585 Quid
2999 3518 3260 3585 docuerit,
3282 3537 3392 3576 non
3433 3535 3613 3579 narrat

2032 3606 2386 3675 evangelista;
2432 3606 2484 3660 id
2528 3606 2703 3663 solum
2747 3608 2874 3663 dicit
2912 3609 3052 3679 quod
3096 3611 3409 3669 mirabiliter
3433 3615 3503 3669 sit
3527 3616 3610 3669 lo-

2030 3702 2415 3770 quutus,.quod
2447 3702 2590 3771 ipsos
2606 3701 2946 3769 demulserit,
2979 3712 3036 3759 et
3063 3706 3319 3760 mutarit:
3351 3715 3495 3763 tanta
3521 3707 3608 3764 di-

2027 3800 2235 3845 ctorum
2260 3792 2428 3846 virtus
2443 3802 2578 3847 erat.
2596 3792 2698 3861 Qui
2727 3808 2853 3849 vero
2868 3793 3135 3864 dicebant,
3156 3795 3371 3852 Seducit
3386 3799 3625 3867 turbam,-

2025 3881 2211 3936 mutati
2232 3881 2343 3951 jam
2370 3882 2787 3950 admirabantur,
2831 3884 3054 3956 ideoque
3097 3886 3175 3942 sic
3211 3888 3562 3957 loquebantur
3586 3908 3623 3944 :.

2028 3973 2111 4027 l5.
2149 3972 2411 4038 Quomodo
2439 3975 2532 4027 scit
2560 3974 2750 4040 literas,
2781 3976 2867 4043 qui
2895 3992 2994 4028 non
3020 3976 3237 4030 didicit?
3264 3977 3451 4033 Viden‘
3470 3995 3606 4046 quo~

2024 4061 2183 4116 modo
2208 4063 2611 4117 admirationem
2656 4078 2853 4117 eorum.
2878 4064 3109 4132 nequitia
3141 4064 3363 4133 plenam
3379 4066 3603 4122 demou~

2022 4152 2196 4207 stret?
2224 4151 2338 4205 Non
2384 4154 2526 4205 enim
2557 4151 2684 4206 dicit
2713 4153 2857 4220 ipsos
2884 4152 3178 4207 doctrinam
3211 4157 3429 4211 miratos
3457 4173 3598 4222 esse,

2025 4244 2108 4297 vel
2138 4242 2277 4297 dicta
2307 4242 2587 4297 admisisse
2618 4262 2631 4296 :
2661 4242 2754 4298 sed
2787 4254 3010 4310 tantmn,
3035 4243 3390 4311 Mirabantur;
3422 4247 3470 4303 id
3494 4259 3597 4312 est,

2021 4332 2075 4387 in
2102 4346 2372 4401 smporem
2400 4332 2707 4388 deciderant
2732 4333 2991 4400 dicentes,
3025 4334 3175 4391 Unde
3195 4336 3271 4392 illi
3301 4336 3595 4395 bmc?enm

2019 4438 2085 4479 ex
2116 4423 2448 4480 dubitatione
2477 4424 2566 4479 tali
2617 4426 2920 4495 perspicere
2952 4426 3263 4484 debuissent
3304 4429 3433 4485 nihil
3478 4435 3597 4502 puri

2021 4515 2251 4572 hominis
2280 4516 2333 4571 in
2376 4516 2470 4571 illa
2514 4516 2695 4572 luisse.
2731 4517 2927 4573 Verum
2958 4519 3080 4590 quia
3108 4519 3209 4575 hoc
3240 4521 3313 4576 illi
3355 4523 3596 4580 conﬁteri

2019 4605 2292 4675 nolebant,
2316 4608 2410 4664 sed
2442 4608 2771 4665 mirabantur
2797 4610 2992 4678 solum,
3014 4610 3135 4666 audi
3156 4611 3281 4683 quid
3310 4613 3399 4669 ille
3417 4614 3595 4673 dicat;

2022 4700 2108 4754 l6.
2148 4697 2269 4753 Mea
2309 4699 2537 4753 doctrina
2563 4717 2663 4753 non
2696 4710 2770 4754 est
2813 4717 2942 4755 mea.
2973 4701 3177 4757 Rursus
3204 4717 3390 4758 eorum
3418 4706 3618 4778 suspjs.

2015 4789 2157 4845 cioni
2181 4789 2490 4860 respondet,
2517 4789 2583 4844 ad
2614 4790 2825 4845 Patrem
2873 4791 2992 4846 illos
3032 4792 3321 4861 abducens,
3365 4805 3423 4852 ut
3469 4796 3594 4853 inde

2016 4884 2120 4941 illis
2145 4887 2412 4943 silentium
2445 4890 2681 4959 imponat
2708 4908 2722 4945 :
2756 4891 2844 4945 l7.
2887 4890 2951 4945 Si
2977 4891 3086 4960 quis
3118 4894 3327 4947 valuerit
3356 4894 3592 4948 volunta-

2015 4988 2113 5031 tem
2136 4981 2252 5048 ejus
2276 4983 2461 5052 facere,
2500 4991 2762 5053 cognoscet
2806 4984 2869 5036 de
2896 4982 3163 5049 doctrina,
3184 4996 3355 5039 utrum
3391 5001 3455 5039 ex
3487 4985 3599 5039 Dea
3686 4977 3694 4985 ’

2015 5069 2096 5132 sit,
2122 5084 2187 5122 an
2209 5086 2298 5139 ego
2323 5087 2355 5123 a
2381 5072 2572 5141 meipso
2599 5073 2796 5142 loquar.
2828 5072 2941 5127 Hoc
2960 5082 3063 5137 est,
3090 5072 3406 5141 Nequitiam,
3434 5072 3588 5137 iram,

2016 5157 2264 5213 invidiam
2291 5160 2494 5229 ejicite;
2522 5177 2726 5216 necnon
2754 5161 2933 5216 odium
2960 5161 3098 5231 quod
3139 5170 3322 5215 contra
3358 5175 3444 5215 me
3472 5162 3592 5217 sine

2015 5260 2171 5301 causa
2198 5249 2529 5319 suscepistis,
2555 5258 2613 5304 et
2636 5249 2766 5305 nihil
2806 5250 3057 5319 impediet
3083 5250 3207 5318 quin
3256 5252 3590 5323 cognoscatis

2017 5336 2178 5391 verba
2207 5353 2323 5393 mea
2350 5354 2474 5394 vere
2509 5341 2597 5395 Dei
2629 5356 2768 5395 esse.
2801 5340 2950 5393 Nunc
2979 5340 3092 5392 lucc
3120 5354 3212 5391 vos
3245 5340 3474 5394 tenebris
3504 5341 3590 5396 oi-

2016 5424 2260 5491 l‘uudnnt,
2283 5438 2336 5482 et
2363 5440 2565 5484 rectum
2596 5430 2733 5499 apud
2770 5445 2864 5483 vos
2883 5428 3140 5496 judicium
3168 5439 3511 5497 pervertunt;
3544 5435 3587 5486 si

2016 5517 2129 5573 lucc
2153 5519 2455 5585 climinetis,
2488 5537 2594 5575 non
2626 5520 2753 5574 illud
2797 5519 3088 5589 patiemini.
3119 5521 3222 5575 Sed
3249 5537 3355 5576 non
3400 5522 3469 5576 ita
3510 5523 3588 5578 lu-

2014 5619 2209 5678 quutns
2237 5618 2335 5673 est,
2364 5625 2430 5664 ue
2471 5610 2627 5664 nimis
2668 5610 2785 5664 illos
2816 5608 3231 5680 perstringeret;
3261 5628 3442 5668 verum
3472 5614 3588 5670 lucc

2016 5702 2192 5755 omnia
2219 5700 2590 5764 subindicavit,
2617 5715 2736 5757 cum
2758 5702 2978 5767 diceret,
3005 5703 3107 5772 Qui
3134 5707 3254 5776 facit
3283 5708 3584 5762 uoluntatem

2017 5795 2143 5860 ejus,
2175 5803 2433 5861 cognoscet
2473 5792 2533 5845 de
2560 5793 2806 5860 doctrina,
2849 5804 3011 5848 utrum
3043 5812 3104 5851 α
3130 5795 3236 5852 Deo
3265 5798 3349 5865 sit,
3392 5814 3455 5849 an
3491 5814 3582 5866 ego
