4104 6156
521 347 625 403 ἲΐὸ

520 484 549 520 a
577 465 767 531 meipso
795 460 1011 530 loquar;
1040 458 1088 512 id
1120 466 1222 524 est,-
1255 457 1388 511 Num
1434 457 1664 510 alienum
1701 455 1849 525 quid,
1879 465 1969 509 aut
1999 469 2093 508 uoa

517 574 661 620 vqu,
686 564 778 610 aut
802 553 1128 608 contrarium
1158 549 1448 618 proferam.
1476 548 1604 604 Nam
1635 549 1786 613 illud,
1812 550 1850 601 Α
1884 548 2094 619 meipso,

516 661 729 715 semper
757 642 825 699 ad
867 643 970 701 hoc
1012 641 1258 706 refertur,
1285 640 1425 711 quod
1468 640 1593 694 nihil
1622 649 1806 709 pravter
1843 639 2094 710 placitum

510 737 628 803 ejus
659 738 884 801 loquar;
914 734 1008 790 sed
1050 733 1230 788 omnia
1268 748 1387 803 qua:
1418 732 1577 787 Pater
1603 732 1731 798 vult,
1774 731 1888 787 hate
1915 740 1969 785 et
1995 745 2095 801 ego

511 828 652 881 volo.
686 826 751 883 Si
782 826 895 897 quis
923 824 1226 880 uoluntatem
1269 825 1378 895 ejus
1406 825 1576 895 faciat,
1624 832 1884 894 cognoscet
1910 823 1972 876 de
2009 824 2096 876 do-

510 920 694 973 ctrina.
727 919 863 986 Quid
893 918 993 973 sibi
1041 917 1154 971 vult
1200 916 1347 982 illud,
1399 916 1460 972 Si
1506 916 1618 982 quis
1652 917 1955 970 uoluntatem
1983 915 2094 983 ejus

511 1012 665 1079 faciat
688 1011 714 1065 Ρ
731 1010 785 1065 Id
802 1021 904 1073 est,
926 1009 983 1065 Si
1008 1010 1126 1079 quis
1143 1008 1351 1063 virtutis
1374 1009 1442 1061 sit
1457 1017 1682 1071 amator,
1700 1006 1964 1062 dictorum
1986 1004 2091 1060 vim

507 1114 831 1171 cognoscet;
861 1102 904 1156 si
952 1101 1071 1171 quis
1113 1100 1237 1167 velit
1284 1099 1578 1170 prophetiis
1619 1098 1915 1165 attendere,
1962 1113 2090 1152 num

509 1192 805 1248 secundum
832 1207 924 1248 eas
949 1193 1153 1263 loquar,
1172 1207 1366 1251 necne.

581 1284 637 1339 2.
672 1283 935 1351 Quomodo
964 1284 1128 1337 dicere
1151 1283 1364 1353 potuerit
1388 1279 1617 1336 Christus
1642 1281 1869 1335 eamdem
1897 1282 2090 1336 doctri-

506 1392 624 1428 nam
651 1392 756 1429 esse
781 1384 826 1428 et
855 1391 954 1427 non
982 1390 1088 1428 esse
1114 1390 1276 1427 suam.
1311 1372 1610 1442 Hypostasis
1635 1373 1738 1426 alia
1765 1372 1956 1440 Patris,
1986 1375 2091 1428 alia

504 1467 651 1521 Filii.
676 1496 746 1506 —
764 1464 1042 1532 Quomodo
1062 1477 1155 1519 sua
1178 1479 1297 1518 esse
1322 1472 1513 1533 potest,
1539 1473 1594 1517 et
1618 1479 1721 1517 non
1750 1463 1885 1517 sua?
1905 1463 2089 1534 Neque

504 1561 649 1612 enim
670 1557 823 1621 dixit,
851 1556 1098 1611 Doctrina
1128 1555 1242 1610 haec
1272 1571 1377 1609 non
1403 1565 1483 1609 est
1505 1571 1621 1609 mea
1644 1572 1658 1620 ;
1682 1556 1777 1611 sed
1798 1571 1918 1611 cum
1943 1558 2089 1626 prius

502 1664 677 1705 meam
708 1649 951 1714 dixisset,
972 1656 1027 1703 et
1054 1648 1152 1703 sibi
1183 1648 1451 1717 propriam
1480 1649 1714 1715 fecisset,
1739 1658 1865 1705 tunc
1889 1650 2085 1714 intulit,

504 1740 630 1796 Non
659 1752 731 1795 est
761 1757 892 1795 mea.
926 1739 1205 1806 Quomodo
1236 1748 1408 1807 poteSt
1440 1739 1669 1808 idipsum
1697 1755 1817 1795 esse
1853 1757 2006 1795 suum
2033 1751 2089 1797 et

504 1848 612 1889 non
650 1832 840 1887 suum?
876 1830 981 1887 Sua
1003 1872 1018 1896 ,
1050 1831 1172 1900 quia
1214 1847 1319 1884 non
1354 1831 1406 1885 id
1445 1832 1665 1887 edoctus
1700 1832 1948 1900 dicebat;
1980 1851 2084 1891 non

503 1941 596 1981 sua
619 1967 635 1993 ,
663 1926 786 1995 quia
817 1924 1056 1980 doctrina
1086 1925 1262 1979 Patris
1286 1934 1423 1978 erat.
1453 1925 1734 1992 Quomodo
1760 1940 1891 1996 ergo
1918 1927 2082 1993 dicit,

505 2016 689 2071 Omnia
716 2031 830 2085 qius
852 2024 969 2069 sunt
998 2015 1172 2069 Patris
1198 2032 1308 2069 utea
1335 2026 1452 2071 sunt
1469 2058 1485 2082 ,
1518 2026 1565 2070 et
1596 2033 1710 2087 quae
1738 2034 1848 2071 mea
1865 2057 1880 2083 ,
1915 2018 2087 2074 Patris

500 2106 678 2175 (Joan.
712 2107 800 2161 Π.
832 2104 963 2177 10)?
988 2106 1044 2162 Si
1070 2107 1211 2160 enim
1241 2106 1362 2176 quia
1390 2106 1564 2162 Patris
1586 2116 1700 2173 est,
1730 2107 1850 2163 ideo
1876 2124 1981 2163 non
2004 2118 2086 2164 est

501 2209 587 2254 tua
608 2241 623 2263 ,
656 2199 850 2254 falsum
889 2206 974 2254 est
1019 2198 1183 2263 illud;
1225 2199 1345 2253 ideo
1383 2214 1611 2270 namque
1637 2210 1723 2254 tua
1756 2215 1876 2255 esse
1902 2201 2081 2256 debet.

497 2292 604 2349 Sed
635 2292 763 2347 illud
788 2333 804 2358 ,
839 2291 961 2346 Non
1000 2304 1072 2346 est
1108 2307 1253 2357 mea,
1286 2306 1434 2348 suam
1461 2301 1517 2347 et
1550 2292 1720 2348 Patris
1758 2294 2081 2349 voluntatem

500 2398 656 2437 uuam
679 2398 800 2437 esse
826 2383 1082 2452 majorem
1106 2383 1159 2437 in
1177 2383 1392 2437 modum
1413 2384 1648 2438 declarat
1669 2399 1684 2448 ;
1706 2399 1770 2439 ac
1788 2385 1833 2439 si
1855 2384 2078 2451 diceret,

494 2474 637 2529 Nihil
676 2473 836 2529 habet
873 2475 1173 2540 diversum,
1203 2475 1357 2544 quasi
1399 2475 1619 2530 alterius
1657 2485 1818 2531 esset.
1860 2475 2080 2532 Etiamsi

494 2569 637 2622 enim
669 2567 975 2637 hypostasis
1010 2567 1081 2621 sit
1113 2567 1235 2633 alia,
1263 2568 1342 2622 sic
1369 2567 1578 2638 loquor,
1607 2568 1683 2621 sic
1712 2583 1831 2639 ago,
1866 2584 1934 2623 ne
1961 2570 2076 2624 exi-

495 2659 741 2713 stimetur
767 2659 910 2713 aliud
949 2673 979 2712 a
1018 2658 1210 2723 Patre,
1242 2657 1336 2713 sed
1378 2659 1519 2713 idem
1554 2658 1726 2728 ipsum
1754 2660 1895 2729 quod
1925 2660 2083 2715 Pater

496 2750 653 2817 facit,
681 2758 737 2806 et
772 2752 855 2820 agi
890 2759 945 2806 et
977 2750 1102 2805 dici.
1146 2749 1348 2804 Deinde
1387 2749 1550 2804 alium
1596 2751 1811 2805 adducit
1858 2751 2076 2822 syllogi-

494 2858 667 2898 smum
692 2884 709 2911 ,
739 2842 826 2899 cui
854 2843 1146 2898 contradici
1194 2852 1445 2913 nequeat,
1480 2842 1712 2897 humano
1740 2852 1794 2897 et
1820 2852 2078 2898 consueto

493 2933 742 3005 exemplo
788 2935 991 2989 nixum.
1030 2934 1307 3000 Quodnam
1357 2935 1485 2989 illud
1514 2935 1636 2990 est?
1670 2936 1756 2990 18.
1793 2937 1891 3003 Qui
1928 2952 1961 2989 a
1995 2952 2077 2989 se-

492 3028 604 3091 ipso
629 3025 876 3095 loquitur,
901 3026 1159 3094 propriam
1185 3025 1402 3094 gloriam
1427 3027 1625 3093 quierit.
1651 3026 1704 3079 ld
1726 3035 1828 3090 est,
1854 3027 2077 3096 quivult

492 3117 592 3173 sibi
626 3118 894 3188 propriam
924 3124 1161 3172 statuere
1194 3115 1493 3171 doctrinam
1514 3158 1529 3180 ,
1558 3117 1687 3171 nihil
1716 3118 1858 3171 aliud
1889 3126 2072 3187 optat,

492 3227 654 3282 quam
684 3220 742 3267 ut
769 3211 870 3267 sibi
897 3210 1119 3282 gloriam
1147 3209 1268 3264 hinc
1294 3212 1464 3280 pariat
1486 3211 1524 3264 ί.
1552 3210 1608 3266 Si
1628 3220 1805 3265 autem
1828 3227 1927 3281 ego
1953 3214 2076 3267 nolo

494 3302 622 3358 mihi
649 3303 873 3373 gloriam
914 3316 1138 3371 parere,
1176 3316 1273 3355 cur
1317 3301 1584 3371 propriam
1629 3302 1926 3357 doctrinam
1961 3313 2075 3357 sta-

493 3405 643 3450 tuere
669 3394 864 3465 cupio?
895 3393 997 3462 Qui
1023 3410 1056 3447 a
1081 3393 1344 3463 semetipso
1372 3392 1624 3461 loquitur;
1654 3391 1706 3447 id
1731 3402 1833 3456 est,
1860 3392 1960 3460 Qui
1990 3392 2074 3447 di-

490 3504 699 3543 versum
728 3488 998 3558 quidpiam
1027 3497 1081 3543 et
1110 3487 1211 3542 sibi
1246 3486 1515 3556 proprium
1550 3485 1722 3552 allen,
1755 3485 1876 3541 ideo
1904 3486 2080 3556 loqui-

489 3590 575 3634 tur
595 3589 652 3634 ut
669 3580 888 3648 gloriam
910 3578 1010 3633 sibi
1044 3586 1210 3649 paret.
1236 3578 1291 3633 Si
1313 3588 1491 3633 autem
1516 3592 1617 3646 ego
1643 3593 1826 3648 quarm
1851 3578 2072 3648 gloriam

488 3671 603 3738 ejus
623 3669 711 3738 qui
734 3669 879 3723 misit
904 3684 1010 3735 me,
1035 3683 1130 3724 cur
1153 3669 1254 3723 alia
1279 3669 1473 3723 docere
1493 3669 1691 3724 velim?
1713 3667 1899 3725 Viden’
1925 3670 2072 3724 illum

487 3759 717 3825 quadam
756 3758 825 3813 de
864 3774 1025 3814 causa
1069 3761 1247 3815 dicere
1287 3775 1347 3816 se
1394 3759 1525 3815 nihil
1569 3774 1597 3815 a
1638 3762 1816 3831 seipso
1859 3761 2076 3818 facere?

488 3851 745 3918 Quantam
777 3850 864 3904 illa
895 3864 1055 3904 causa
1086 3852 1210 3906 est?
1236 3852 1302 3908 Ut
1327 3852 1610 3907 crederent
1635 3868 1693 3908 se
1717 3869 1821 3908 non
1846 3854 2073 3924 gloriam

485 3941 624 4014 apud
651 3944 866 4013 vulgum
896 3953 1130 4013 captare.
1156 3944 1491 4015 QuaprOpter
1511 3959 1633 3999 cum
1662 3945 1878 3999 humilia
1904 3946 2074 4015 loqui-

485 4046 591 4101 tur,
621 4033 730 4108 Ego
754 4034 924 4090 Patris
949 4037 1162 4107 gloriam
1182 4053 1371 4107 quarm,
1400 4037 1589 4107 inquit,
1619 4047 1675 4092 ut
1700 4037 1945 4092 ostendat
1967 4038 2074 4094 illis

484 4126 702 4198 ubique,
733 4140 794 4182 se
823 4141 927 4182 non
958 4142 1201 4197 quazrere
1234 4127 1477 4197 gloriam.
1509 4127 1620 4183 Cur
1647 4137 1823 4183 autem
1853 4127 2070 4184 humilia

485 4220 750 4290 loquatur,
783 4221 965 4275 multa:
991 4229 1112 4276 sunt
1146 4236 1322 4275 causm
1347 4237 1362 4287 ;
1395 4230 1517 4291 puta
1537 4261 1553 4288 ,
1583 4235 1650 4277 ne
1679 4223 1944 4292 ingenitus
1972 4239 2072 4291 pu—

484 4320 627 4367 tetur
649 4328 770 4369 esse
792 4354 807 4379 ,
846 4328 914 4369 ne
959 4312 1068 4369 Deo
1102 4314 1474 4376 adversarius,
1507 4323 1562 4367 ut
1587 4328 1802 4369 carnem
1835 4314 2073 4370 induisse

482 4406 752 4473 credatur,
781 4417 837 4461 ut
864 4404 1157 4461 infirmitati
1189 4407 1491 4462 auditorum
1519 4408 1781 4475 consulat,
1805 4416 1862 4462 ut
1889 4406 2071 4462 mode-

482 4497 640 4550 stiam
679 4497 874 4550 sectari
918 4504 972 4550 et
1013 4496 1321 4565 iactantiam
1350 4496 1532 4567 fugere
1560 4498 1768 4553 doceat.
1811 4498 2070 4554 Sublimia

483 4603 610 4642 vero
636 4586 886 4656 loquendi
915 4601 1015 4639 una
1043 4588 1214 4641 solum
1241 4588 1536 4655 reperiatur
1557 4603 1738 4653 causa,
1766 4604 1957 4658 nempe
1978 4604 2074 4643 na-

486 4690 619 4731 turae
648 4678 979 4747 praestantia.
1005 4678 1109 4733 Sed
1141 4679 1185 4732 si
1213 4680 1335 4744 quia
1365 4679 1526 4745 dixit,
1561 4696 1621 4737 se
1647 4689 1772 4737 ante
1802 4682 2068 4737 Abraham

482 4769 668 4837 fuisse,
692 4767 880 4824 oﬂ'ensi
903 4777 1047 4836 sunt,
1074 4785 1179 4839 quo
1203 4787 1308 4826 non
1337 4772 1726 4843 prorupissent,
1755 4774 1797 4827 si
1825 4773 2071 4829 sublimia

480 4876 698 4932 semper
733 4859 1054 4916 audissent?
1081 4862 1168 4917 l9.
1213 4863 1399 4918 Nonne
1442 4862 1643 4936 Moyses
1671 4866 1808 4919 dedit
1834 4866 1970 4920 vobis
2000 4867 2072 4920 le-

477 4971 626 5025 gem,
662 4964 710 5009 et
742 4970 887 5008 nemo
920 4970 984 5009 ea:
1018 4955 1156 5009 vobis
1193 4957 1318 5028 facit
1354 4956 1552 5028 legem?
1577 4958 1716 5024 Quid
1741 4974 1821 5013 me
1850 4960 2071 5030 qureritis

477 5047 761 5117 interﬁcere
779 5045 807 5102 ?
830 5046 999 5115 Quam
1025 5048 1483 5118 consequentiam,
1510 5049 1637 5120 quid
1664 5063 1949 5106 commune
1975 5050 2074 5106 hac

480 5139 609 5194 bent
639 5139 755 5195 lucc
783 5153 905 5194 cmn
940 5139 1365 5210 praecedentibus
1392 5140 1606 5196 verbis?

550 5228 784 5287 Christus
817 5247 871 5285 se
910 5234 1154 5305 (aqualem
1195 5229 1301 5287 Deo
1329 5240 1377 5286 et
1403 5229 1551 5287 Patri
1579 5232 1720 5288 dicit.
1750 5264 1824 5275 —
1849 5233 1964 5288 Duo
1993 5235 2068 5289 illi

479 5321 704 5378 crimina
733 5324 1104 5389 intentabant;
1134 5325 1300 5389 aliud,
1324 5325 1464 5395 quod
1492 5326 1774 5381 sabbatum
1803 5327 2066 5393 solveret;

482 5414 644 5477 aliud,
677 5415 817 5485 quod
851 5417 1018 5472 Deum
1051 5417 1259 5473 Patrem
1295 5418 1517 5485 diceret,
1547 5434 1711 5491 seque
1752 5419 1862 5474 Deo
1887 5434 2069 5490 aequa~

487 5504 592 5558 lem
635 5503 851 5560 faceret.
883 5508 1032 5574 Quod
1073 5511 1214 5563 enim
1252 5523 1359 5565 non
1391 5526 1455 5566 ex
1488 5510 1701 5565 illorum
1730 5510 2065 5580 suspicione,

487 5593 579 5649 sed
604 5608 669 5652 ex
710 5598 921 5666 propria
949 5603 1209 5657 sententia
1237 5604 1314 5658 sic
1340 5603 1687 5675 loqueretur;
1717 5613 1769 5658 at
1801 5620 1904 5659 non
1932 5604 2071 5660 sicut

491 5788 503 5799 .
551 5731 567 5761 ι
601 5726 849 5803 inbuet-el.
874 5727 1074 5803 legitur,
1090 5732 1172 5801 qui
1192 5732 1289 5783 vult
1311 5747 1342 5783 a
1365 5735 1616 5803 semetipso
1641 5736 1768 5801 loqui
1789 5736 1909 5788 nihil
1930 5735 2067 5788 aliud

486 5789 687 5843 intendit
711 5802 855 5855 quam
878 5789 992 5843 inde
1011 5789 1215 5855 gloriam
1239 5797 1479 5858 consequi.

1298 342 1354 395 S.
1397 341 1673 396 JOANNIS
1710 337 2180 397 CHRYSOSTOMI
2222 337 2536 392 ARCHIEP.
2577 339 3113 400 CONSTANTINOP.

3681 352 3789 411 276

2205 455 2293 508 alii
2323 455 2496 519 multi,
2525 457 2619 510 sed
2649 457 2799 524 quasi
2830 457 3231 525 propriumsibi
3258 468 3307 514 et
3339 460 3591 516 eximium
3621 463 3671 517 id
3699 464 3786 520 di-

2203 554 2370 608 ceret,
2396 545 2518 600 hinc
2537 546 2711 614 palam
2733 555 2836 602 est.
2862 547 3008 602 Multi
3030 564 3175 619 suape
3200 559 3405 618 patrem
3427 567 3579 606 suum
3603 554 3788 610 dixere

2205 635 2371 692 Deum
2405 654 2421 692 :
2448 638 2674 708 exempli
2703 654 2884 705 causa,
2909 639 3045 695 Deus
3065 657 3195 697 unus
3222 643 3407 697 creavit
3432 661 3546 712 nos,
3574 658 3624 700 et
3646 660 3792 717 pater

2202 744 2333 783 unus
2354 739 2426 782 est
2450 731 2670 784 omnium
2698 741 2925 787 nostrum
2945 733 3098 805 (Mal.
3131 736 3187 789 2.
3217 736 3343 805 {0);
3376 753 3476 793 nec
3504 752 3785 810 propterea

2201 819 2429 888 populus
2457 822 2675 890 mqualis
2710 821 2819 876 Deo
2858 833 2992 878 erat.
3023 827 3361 896 Quapropter
3397 845 3503 883 non
3541 832 3786 890 oll'ende~

2199 909 2394 963 bantur
2411 925 2532 965 cum
2560 910 2674 966 haec
2691 914 2955 969 audirent.
2982 915 3048 971 Ut
3064 931 3192 986 ergo
3211 933 3331 973 cum
3348 920 3590 979 dicerent
3610 925 3785 995 ipsum

2198 1016 2264 1054 ex
2296 1001 2403 1055 Deo
2433 1016 2537 1056 nou
2568 1017 2719 1068 esse,
2754 1005 2897 1073 ipsos
2924 1020 3068 1076 sape
3093 1011 3328 1064 correxit
3350 1052 3365 1076 ,
3397 1021 3453 1067 et
3477 1013 3547 1069 de
3576 1017 3785 1074 sabbati

2197 1090 2461 1146 solutione
2498 1107 2619 1149 sese
2656 1095 2895 1151 defendit
2922 1115 2936 1154 :
2968 1099 3037 1153 ita
3068 1099 3111 1154 si
3142 1115 3206 1155 ex
3248 1102 3460 1159 illorum
3496 1107 3781 1175 Opinione,

2199 1197 2305 1236 non
2336 1197 2400 1237 ex
2428 1200 2523 1239 sua
2553 1188 2815 1242 sententia
2844 1188 2946 1245 hoc
2975 1190 3172 1245 dictum
3200 1191 3406 1259 fuisset,
3435 1197 3780 1267 corripuisset

2200 1272 2336 1327 haud
2359 1274 2519 1329 dubie
2541 1276 2678 1343 illos,
2697 1278 3044 1350 dixissetque,
3067 1281 3173 1337 Cur
3192 1299 3278 1338 me
3300 1286 3496 1354 putatis
3518 1291 3778 1358 aequalem

2196 1379 2317 1419 esse
2346 1366 2500 1422 Deo?
2527 1368 2643 1423 NOII
2672 1384 2789 1424 sum
2819 1373 3060 1441 tequalis.
3097 1374 3290 1429 Verum
3318 1378 3447 1432 nihil
3473 1379 3779 1449 hujusmodi

2194 1455 2361 1522 dixit,
2392 1458 2499 1512 imo
2536 1462 2773 1516 ostendit
2809 1462 2860 1517 in
2901 1465 3245 1534 sequentibus
3270 1483 3330 1523 se
3360 1483 3486 1524 vere
3518 1473 3777 1542 :equalem

2197 1546 2294 1615 ipsi
2325 1561 2462 1603 esse.
2495 1549 2626 1604 lllttd
2657 1552 2799 1606 enim
2825 1593 2840 1617 ,
2874 1554 3021 1607 Sicut
3057 1553 3214 1610 Pater
3248 1561 3455 1613 suscitat
3481 1573 3703 1617 mortuos
3733 1576 3784 1619 et

2194 1639 2444 1707 vivi/icat,
2481 1642 2552 1694 sic
2591 1652 2637 1695 et
2681 1641 2886 1709 Filius;
2912 1654 2997 1712 et,
3031 1645 3098 1701 Ut
3125 1664 3294 1703 omnes
3321 1651 3653 1721 honoriﬁcent
3682 1656 3779 1710 Fi-

2195 1729 2338 1797 lium,
2361 1741 2416 1785 ut
2443 1735 2775 1803 honoriﬁcam
2802 1736 3008 1792 Putrem
3030 1758 3048 1805 ;
3077 1748 3152 1805 et,
3183 1741 3351 1811 Opera
3375 1762 3487 1813 qua:
3504 1748 3613 1817 ipse
3630 1751 3776 1814 facit,

2193 1821 2299 1874 hwc
2328 1833 2373 1876 et
2402 1821 2568 1877 Filius
2605 1826 2835 1880 similiter
2870 1830 2994 1897 facit
3022 1847 3041 1883 :
3071 1831 3184 1887 '1}ch
3210 1836 3387 1888 omnia
3418 1839 3777 1907 aequalitatem

2191 1914 2527 1969 conﬁrmant.
2555 1916 2629 1970 De
2650 1917 2766 1988 lege
2787 1935 2992 1990 quoque
3014 1923 3108 1983 ait.
3137 1924 3312 1979 Nolite
3331 1936 3509 1996 putare
3528 1932 3646 1997 quia
3668 1935 3780 1987 veni

2190 2003 2383 2058 solvere
2407 2005 2567 2076 legem
2604 2018 2690 2060 aut
2729 2011 2999 2079 prophetas
3031 2013 3241 2085 (Matth.
3274 2018 3329 2072 5.
3371 2020 3485 2091 l7).
3526 2022 3613 2078 Sic
3641 2027 3777 2080 solet

2190 2094 2358 2148 malas
2400 2098 2736 2167 suspiciones
2784 2118 2850 2156 ex
2889 2107 3158 2162 mentibus
3185 2109 3439 2165 evellere.
3471 2112 3568 2168 Hic
3596 2127 3780 2172 autem

2188 2188 2545 2257 aequalitatem
2566 2207 2686 2247 cum
2714 2193 2873 2250 Patre
2898 2213 3002 2251 non
3029 2200 3188 2254 modo
3213 2216 3316 2257 non
3349 2204 3505 2271 tollit,
3528 2207 3622 2261 sed
3647 2224 3781 2263 con-

2190 2278 2387 2335 lirmat.
2433 2282 2611 2350 Quare
2651 2285 2777 2341 alibi
2826 2287 3127 2345 dicentibus
3175 2293 3313 2362 illis,
3362 2293 3516 2351 Facis
3559 2300 3779 2368 teipsunt

2187 2370 2373 2433 Deum.
2404 2376 2766 2446 suspicionem
2794 2395 2900 2434 non
2929 2381 3154 2451 depulit,
3188 2384 3294 2438 imo
3326 2402 3502 2441 veram
3533 2390 3775 2458 probavit

2186 2461 2271 2516 his
2299 2464 2475 2518 verbis
2504 2483 2518 2518 :
2551 2465 2619 2521 Ut
2642 2478 2810 2523 autem
2841 2472 3011 2526 sciatis
3037 2474 3156 2543 quia
3184 2485 3477 2545 potestatem
3504 2479 3651 2533 habet
3684 2481 3774 2534 Fi-

2186 2554 2285 2607 lius
2301 2554 2517 2610 hominis
2531 2558 2818 2614 dimittendi
2837 2573 3040 2631 peccata
3058 2565 3110 2618 in
3133 2575 3286 2630 terra,
3309 2569 3431 2623 dicit
3452 2574 3731 2643 paralytico
3752 2591 3772 2631 :

2188 2645 2331 2701 Tolle
2362 2648 2662 2719 grabbatum
2687 2663 2861 2718 tuum,
2896 2665 2943 2709 et
2967 2657 3170 2712 ambula
3197 2659 3411 2730 (Matth.
3441 2663 3495 2717 9.
3527 2664 3605 2735 6).
3639 2665 3773 2722 Illud

2185 2738 2345 2808 igitur
2373 2743 2515 2810 quod
2548 2744 2693 2813 prius
2719 2746 2917 2801 dictum
2945 2759 3048 2814 est,
3073 2752 3376 2817 confirmat,
3403 2756 3545 2825 quod
3578 2773 3771 2826 nempe

2182 2834 2441 2902 aequalem
2472 2851 2532 2891 se
2561 2836 2715 2892 faciat
2743 2840 2856 2894 Deo
2881 2858 2896 2906 ;
2928 2843 3268 2914 ostenditque
3292 2862 3352 2902 se
3378 2863 3482 2902 nou
3510 2865 3629 2905 esse
3660 2851 3779 2907 Deo

2181 2923 2569 2994 adversarium,
2590 2929 2685 2984 scd
2706 2930 2916 2998 eadem,
2939 2950 3057 3002 quat
3080 2935 3169 2989 ille
3188 2937 3335 3004 dicit,
3358 2938 3557 3005 dicere,
3581 2942 3767 2997 eadem

2180 3015 2414 3082 docere;
2460 3017 2672 3074 demum
2719 3022 2788 3077 de
2829 3023 3035 3080 sabbati
3080 3027 3343 3084 solutione
3385 3031 3495 3100 agit
3535 3033 3764 3089 diI-ens:

2184 3105 2371 3162 Nonne
2395 3108 2599 3180 Moyses
2627 3113 2764 3167 dedit
2793 3115 2928 3168 vobis
2953 3115 3129 3187 legem,
3160 3128 3208 3173 et
3236 3137 3380 3174 nemo
3409 3138 3471 3176 ex
3496 3123 3630 3178 vobis
3657 3141 3768 3179 ser-

2181 3209 2260 3252 uat
2280 3199 2474 3271 legem?
2493 3204 2569 3256 Ae
2589 3204 2634 3258 si
2650 3204 2853 3260 diceret
2877 3223 2891 3259 :
2915 3208 3022 3262 Lex
3045 3212 3252 3279 statuit,
3273 3212 3387 3267 Non
3410 3215 3653 3278 occides;
3672 3233 3769 3272 vos

2180 3297 2357 3345 autem
2380 3292 2643 3361 occiditis,
2666 3305 2722 3350 et
2738 3312 2825 3352 me
2852 3307 2908 3351 ut
2928 3298 3061 3369 legis
3084 3310 3533 3373 transgressorem
3552 3321 3768 3362 accusa-

2183 3380 2293 3435 tis?
2317 3381 2425 3436 Cur
2450 3393 2626 3439 autem
2656 3385 2806 3458 dixit,
2840 3387 3045 3443 Nemo?
3074 3391 3205 3459 Quia
3246 3407 3434 3449 omnes
3458 3399 3769 3464 qumrebant

2181 3486 2301 3526 emn
2331 3472 2656 3531 interlicere.
2689 3478 2836 3548 Ego,
2866 3480 3036 3550 inquit
3060 3522 3074 3546 ,
3103 3483 3148 3537 si
3179 3484 3350 3552 legem
3381 3486 3515 3541 solvi
3535 3527 3551 3550 ,
3584 3489 3635 3543 id
3666 3490 3770 3546 l'rci

2179 3568 2238 3617 ιιι
2264 3563 2535 3622 hominem
2561 3584 2833 3626 servarem
2859 3588 2874 3636 ;
2900 3587 2994 3627 vos
3014 3583 3189 3629 autem
3216 3577 3283 3630 ad
3310 3580 3505 3633 malum
3532 3581 3768 3636 inferen-

2178 3658 2307 3712 dum
2328 3661 2533 3715 solvitis
2561 3661 2725 3716 illum.
2759 3663 2979 3719 Etiamsi
3009 3668 3426 3737 transgrederer,
3457 3673 3508 3726 id
3534 3673 3598 3728 ad
3625 3675 3770 3729 salu-

2182 3762 2287 3807 tem
2313 3754 2471 3822 facio,
2496 3770 2669 3824 neque
2688 3766 2961 3826 oporteret
2980 3775 3065 3814 me
3085 3777 3114 3813 a
3138 3761 3307 3824 vobis,
3332 3765 3420 3832 qui
3444 3767 3495 3819 in
3518 3767 3772 3835 gravibus

2178 3843 2322 3897 illam
2350 3847 2805 3915 transgredimini,
2832 3849 3083 3905 incusari.
3116 3851 3247 3907 Nam
3278 3856 3420 3924 quod
3450 3871 3543 3909 vos
3574 3859 3769 3921 facitis,

2180 3934 2308 4004 legis
2338 3940 2550 3993 eversio
2578 3954 2796 4008 prorsus
2827 3949 2926 3996 est.
2964 3943 3165 3999 Deinde
3192 3946 3352 4000 etiam
3379 3947 3636 4011 decertat,
3666 3950 3771 4004 etsi

2179 4027 2329 4095 plura
2350 4030 2479 4083 olim
2501 4030 2876 4099 disseruisset;
2905 4034 2998 4089 sed
3023 4044 3147 4090 tunc
3170 4038 3468 4101 sublimius,
3498 4050 3553 4095 et
3575 4056 3771 4095 secun-

2178 4118 2304 4173 dum
2333 4120 2642 4192 dignitatem
2671 4139 2857 4191 suam;
2886 4143 3027 4183 nune
3050 4139 3228 4184 autem
3256 4131 3525 4184 humilius.
3549 4132 3772 4199 Quare?

2177 4214 2311 4281 Quia
2342 4217 2556 4272 nolebat
2586 4227 2692 4272 tam
2732 4218 3041 4289 frequenter
3078 4223 3199 4277 illos
3234 4236 3553 4292 exasperare
3579 4243 3593 4287 ;
3624 4244 3769 4286 nunc

2176 4322 2307 4362 vero
2345 4308 2423 4364 ita
2463 4309 2903 4379 incendebantur,
2939 4323 2994 4368 et
3026 4313 3080 4368 in
3115 4314 3315 4369 caedem
3357 4316 3766 4385 processissent.

2177 4399 2512 4471 Quapmpter
2551 4404 2748 4458 insistit
2771 4410 2829 4459 ut
2862 4420 3048 4460 eorum
3076 4407 3292 4462 sedaret
3315 4408 3552 4462 animum
3572 4450 3587 4475 ,
3621 4411 3769 4466 hisce

2177 4492 2386 4549 duobus
2411 4502 2567 4550 utens
2595 4497 2789 4562 modis,
2819 4507 2869 4551 et
2902 4496 3106 4552 facinus
3131 4513 3428 4569 coarguens
3457 4501 3538 4555 his
3566 4501 3760 4564 verbis.

2180 4584 2317 4648 Quid
2345 4602 2423 4640 me
2448 4590 2670 4657 quan-itis
2693 4590 3011 4657 interﬁcere?
3033 4599 3089 4646 et
3114 4592 3358 4648 modeste
3385 4592 3589 4649 addens
3606 4634 3621 4657 ,
3659 4593 3766 4647 llo-

2178 4678 2382 4743 ntinem,
2408 4679 2496 4748 qui
2523 4682 2781 4735 veritatem
2803 4683 3038 4754 loquutus
3063 4700 3198 4751 sum,
3223 4694 3278 4740 et
3304 4685 3595 4740 ostendens
3620 4686 3760 4751 illos,

2177 4785 2297 4824 cum
2328 4771 2530 4825 ctedem
2561 4772 2786 4841 spirent,
2813 4789 2919 4828 non
2941 4774 3138 4830 debere
3162 4775 3232 4829 de
3256 4775 3374 4829 aliis
3397 4776 3658 4844 judicare.
3683 4775 3763 4832 Tu

2176 4876 2305 4914 vero
2335 4861 2463 4917 mihi
2494 4862 2803 4919 consideres
2832 4864 3012 4929 velim,
3041 4880 3201 4935 quam
3229 4866 3300 4920 sit
3326 4865 3541 4921 humilis
3566 4866 3762 4920 Christi

2178 4952 2542 5023 interrogatio,
2570 4968 2726 5021 quam
2759 4956 3053 5010 truculenta
3086 4957 3297 5010 illorum
3331 4958 3645 5026 responsio:
3672 4957 3761 5010 (ὶο.

2176 5042 2499 5098 Haemonium
2538 5043 2689 5100 habes
2715 5063 2735 5100 :
2761 5048 2871 5117 quis
2899 5058 2947 5101 te
2970 5049 3151 5117 quierit
3178 5049 3502 5118 interﬁcere?
3531 5047 3761 5103 Verbum

2178 5138 2271 5193 ira:
2300 5147 2355 5193 ct
2384 5138 2578 5193 furoris
2597 5181 2611 5205 ,
2642 5139 2908 5210 animique
2949 5141 3002 5195 in
3045 5141 3426 5210 impudentiam
3454 5142 3593 5206 acti,
3622 5141 3764 5211 quod

2179 5230 2540 5300 inexspecmto
2583 5230 2743 5287 modo
2788 5232 3268 5303 redarguerentur,
3302 5242 3357 5288 et
3394 5247 3453 5287 se
3486 5233 3764 5287 lacessitos

2176 5334 2442 5395 putarent.
2475 5324 2544 5381 Ut
2564 5325 2707 5381 enim
2738 5325 2971 5380 latrones
2999 5326 3049 5380 in
3077 5326 3280 5380 insidiis
3302 5332 3538 5390 cantant,
3566 5323 3762 5379 deinde

2176 5425 2238 5472 ut
2264 5418 2580 5487 imparatum
2611 5418 3020 5487 aggrediantur,
3055 5417 3267 5472 silentio
3305 5432 3417 5471 rem
3460 5422 3716 5485 peragunt
3746 5432 3761 5467 :

2177 5510 2247 5564 ita
2276 5517 2331 5563 et
2366 5509 2555 5563 Judaei.
2600 5508 2718 5578 Ipse
2763 5522 2923 5573 vero,
2960 5510 3161 5563 omissa
3205 5506 3654 5576 reprehensione,
3696 5518 3763 5557 ne

2177 5599 2597 5671 impudentiores
2625 5600 2905 5664 redderet,
2932 5600 3001 5654 de
3029 5600 3233 5655 sabbati
3260 5611 3470 5653 rursum
3496 5596 3766 5652 solutione

2178 5706 2298 5748 sese
2325 5698 2533 5761 purgat,
2563 5707 2627 5747 ex
2659 5693 2772 5763 lege
2801 5706 2921 5747 cum
2952 5691 3056 5745 illis
3078 5690 3378 5759 disputans.

2252 5786 2304 5839 5.
2338 5783 2403 5838 Et
2433 5784 2550 5841 vide
2584 5798 2740 5854 quam
2789 5784 3094 5855 prudenter.
3125 5783 3264 5839 Nihil
3293 5783 3488 5839 mirum
3509 5820 3524 5848 ,
3557 5778 3761 5852 inquit,
