4104 6156
467 323 566 377 277

465 465 508 516 si
541 462 669 516 mihi
699 479 806 517 non
835 479 1038 518 morem
1067 465 1266 535 geritis,
1295 467 1509 535 quando
1536 483 1604 524 ne
1633 469 1802 539 legem
1834 469 2049 539 quidem

465 553 683 618 auditis,
713 562 768 608 et
793 570 952 625 quam
976 569 1005 608 a
1029 554 1207 626 Moyse
1233 556 1411 610 datam
1436 559 1653 627 putatis,
1675 574 1790 613 eam
1818 561 2047 616 violatis.

463 642 606 699 Nihil
633 660 762 715 ergo
789 660 1008 713 novum,
1032 649 1075 701 si
1104 647 1279 702 verbis
1305 649 1438 703 meis
1463 665 1569 704 non
1597 652 1886 705 attenditis.
1917 652 2049 719 Quia

464 735 606 789 enim
634 735 910 800 dixerant,
947 736 1117 808 Moysi
1154 737 1387 806 loquutus
1414 749 1486 794 est
1518 739 1686 804 Deus,
1717 742 1848 794 hunc
1885 754 2051 796 autent

465 828 711 882 nescimus
740 829 874 882 unde
900 831 964 882 sit
989 829 1167 897 (Joan.
1201 830 1254 886 9.
1281 831 1395 902 29),
1423 834 1652 888 05tendit
1679 836 1805 903 ipse,
1833 835 2048 905 Moysen

461 925 528 977 ab
556 925 658 978 illis
685 926 1070 979 contumeliose
1102 925 1337 980 habitum
1363 945 1374 980 :
1402 942 1522 981 cum
1555 928 1644 982 ille
1673 929 1842 997 legem
1875 930 2050 984 dedis-

462 1026 542 1071 set
568 1059 582 1081 ,
612 1033 768 1086 quam
802 1017 901 1084 ipsi
931 1033 1034 1070 non
1071 1017 1338 1073 audirent.
1365 1018 1454 1073 2i.
1490 1019 1659 1073 Unum
1693 1037 1819 1088 opus
1845 1023 1941 1091 feci
1961 1064 1974 1086 ,
2003 1032 2049 1075 et

461 1125 634 1162 omnes
657 1109 933 1162 miramini.
960 1109 1341 1165 Animadverte
1370 1112 1638 1180 qumnodo
1661 1111 1747 1165 ubi
1778 1127 1898 1166 sese
1921 1129 2048 1180 pur-

461 1215 586 1265 gare
610 1209 898 1267 oporteret,
929 1210 982 1252 et
1009 1199 1246 1253 oblatum
1269 1201 1469 1254 crimen
1494 1202 1789 1266 confutare,
1825 1202 1911 1255 ille
1941 1219 2046 1256 non

463 1290 674 1344 l'atrem
715 1302 1135 1354 commemoret,
1168 1292 1262 1344 sed
1301 1307 1580 1360 personam
1620 1309 1769 1346 suam
1811 1295 2043 1349 inducat.

467 1383 637 1436 Unum
664 1400 792 1453 opus
816 1384 933 1453 feci.
960 1383 1084 1438 Vult
1115 1386 1417 1448 ostendere,
1450 1389 1493 1439 si
1523 1403 1626 1440 non
1657 1389 1885 1453 fecisset,
1920 1399 2047 1443 tunc

463 1474 635 1538 legem
663 1475 888 1528 solutam
918 1475 1022 1530 dici
1053 1478 1307 1544 potuisse,
1338 1487 1390 1532 et
1419 1480 1581 1533 multa
1611 1493 1731 1534 esse
1759 1481 2045 1534 obscrvatu

461 1566 698 1635 digniora
725 1607 740 1631 ,
783 1583 940 1636 quam
993 1568 1162 1637 legem
1203 1586 1216 1621 :
1254 1569 1598 1641 Moysemque
1644 1582 1825 1626 contra
1877 1573 2043 1642 legent

459 1656 765 1710 mandatum
787 1658 1080 1725 accepisse,
1105 1658 1244 1727 quod
1270 1659 1386 1729 lege
1406 1659 1616 1729 dignius
1641 1670 1802 1715 esset.
1831 1662 2046 1731 Dignior

458 1749 656 1818 quippe
697 1748 918 1803 sabban
956 1750 1292 1805 circumcisio
1327 1761 1476 1815 erat,
1509 1756 1749 1822 quamvis
1780 1771 1839 1808 ea
1877 1772 1980 1808 non
2013 1769 2041 1809 a

459 1841 613 1910 lege,
645 1853 738 1897 seu
768 1858 796 1896 a
829 1843 1064 1912 patribus
1103 1845 1312 1899 inducta
1351 1845 1554 1899 fuisset.
1603 1845 1715 1916 Ego
1758 1864 1888 1903 vero
1931 1865 2042 1902 rem

462 1933 758 2001 digniorem
801 1935 1178 2004 melioremque
1219 1935 1356 1999 1001,
1390 1952 1547 2006 quam
1586 1937 2041 1994 811011011111018111.

469 2023 636 2078 l’orro
660 2041 762 2078 non
789 2027 1023 2079 meminit
1056 2027 1237 2096 legalis
1265 2029 1498 2083 mandati
1523 2045 1537 2092 ;
1571 2045 1763 2098 nempe
1791 2030 1933 2099 quod
1958 2046 2044 2084 sa-

464 2118 707 2172 cerdotes
728 2121 1004 2174 sabbatum
1029 2121 1502 2190 transgrediantur,
1525 2133 1578 2175 ut
1599 2123 1706 2192 jam
1728 2134 1851 2178 ante
1871 2125 2039 2178 dixit:

459 2208 555 2264 sed
594 2225 712 2262 cum
759 2211 947 2278 majori
989 2215 1306 2268 auctoritate
1355 2214 1604 2282 loquitur.
1652 2214 1781 2270 Illud
1827 2226 2040 2283 autent,

462 2295 742 2362 Miramini,
773 2301 822 2354 id
848 2311 950 2368 est,
986 2303 1287 2358 turbamini.
1315 2304 1446 2358 Nam
1471 2306 1513 2358 si
1542 2306 1710 2376 legem
1742 2308 1809 2362 ita
1835 2309 2040 2362 lirmam

459 2403 579 2442 esse
604 2391 951 2457 oportuisset,
982 2392 1316 2448 circumcisio
1343 2411 1446 2450 11011
1480 2396 1565 2449 11111
1599 2398 1937 2466 ρ110810111101
1958 2415 2037 2454 es-

459 2489 574 2545 set;
604 2496 774 2551 neque
799 2482 1037 2548 dixisset,
1068 2499 1127 2539 se
1152 2487 1322 2554 majus
1347 2487 1616 2556 quidpiam
1648 2489 1854 2556 fecisse,
1883 2507 2040 2560 quam

459 2573 916 2628 circumcisionem
941 2593 956 2641 ;
985 2577 1078 2631 sed
1106 2593 1170 2632 ex
1202 2579 1518 2634 auctoritate
1550 2581 1788 2635 confutat
1823 2597 1916 2636 eos
1957 2582 2041 2637 di-

459 2679 586 2718 cens
610 2681 622 2716 :
649 2664 740 2720 23.
769 2665 832 2721 Si
851 2668 1278 2723 circumcisionem
1308 2671 1488 2740 accipit
1515 2672 1682 2726 homo.
1712 2673 1897 2728 Viden’
1919 2685 2042 2731 tunc

461 2755 691 2810 maxime
718 2767 861 2812 stare
905 2759 1110 2828 legem,
1142 2775 1263 2814 cum
1302 2761 1466 2831 ipsam
1500 2763 1690 2816 solvit?
1717 2764 1888 2818 viden‘
1915 2767 2041 2820 sab-

463 2845 568 2899 bati
608 2847 930 2904 solutionem
974 2866 1092 2905 esse
1141 2851 1268 2920 legis
1309 2853 1772 2920 observationem;
1809 2858 1877 2912 ita
1911 2867 1967 2911 ut
1995 2857 2040 2911 si

465 2953 566 2991 non
597 2937 781 2994 fuis~;et
809 2943 1038 2995 solutum
1079 2943 1359 2998 sabbatum
1384 2985 1400 3009 ,
1442 2945 1608 3013 legem
1650 2948 1781 3001 solvi
1821 2964 2042 3005 necesse

461 3029 652 3084 fuerit?
683 3032 861 3101 Itaque
887 3033 1057 3103 legem
1085 3050 1183 3105 ego
1213 3039 1436 3092 firmavi.
1465 3039 1576 3093 Non
1605 3041 1756 3105 dixit,
1787 3042 1910 3096 Mihi
1938 3043 2040 3098 ira-

459 3122 666 3176 scimini
689 3165 702 3186 ,
736 3125 875 3195 quod
909 3142 1019 3181 rem
1047 3127 1451 3186 circumcisione
1482 3131 1737 3201 majorem
1769 3134 1989 3191 fecerim
2025 3156 2039 3193 :

458 3213 552 3267 sed
590 3229 703 3270 rem
733 3225 933 3271 tantum
964 3234 1271 3288 exponens,
1299 3221 1555 3291 judicium
1597 3227 1724 3294 ipsis
1759 3231 2039 3297 permisit,

459 3323 588 3361 num
634 3309 800 3377 magis
845 3311 1142 3366 necessaria
1186 3313 1253 3366 sit
1294 3313 1492 3384 integra
1528 3316 1755 3371 hominis
1793 3320 1996 3375 curatio
2021 3362 2038 3388 ,

461 3413 619 3467 quam
648 3400 1000 3456 circumcisio.
1037 3402 1104 3458 Ut
1129 3405 1337 3474 signmn
1367 3408 1590 3476 accipiat
1625 3409 1786 3464 homo
1815 3411 1941 3466 nihil
1974 3414 2040 3469 ad

459 3491 815 3547 valetudinem
841 3495 1153 3561 conferens,
1189 3498 1268 3552 lex
1297 3500 1537 3566 solvitur,
1577 3503 1780 3572 inquit;
1814 3513 1870 3557 ut
1897 3515 2040 3561 tanto

458 3586 646 3642 morbo
670 3588 943 3655 liberetur,
975 3590 1358 3656 indigaamt’ni?
1385 3593 1474 3647 24.
1506 3593 1680 3648 Nolite
1693 3597 1933 3665 judicare
1957 3615 2036 3650 se-

403 3668 408 3672 ’
458 3677 678 3729 cundum
712 3678 912 3746 facient.
945 3680 1080 3747 Quid
1109 3691 1224 3746 est,
1253 3681 1540 3736 Secundum
1569 3685 1797 3752 facient?
1816 3685 1892 3740 Ne
1917 3687 2036 3755 quia

458 3769 667 3839 Moyses
693 3770 745 3823 in
775 3771 975 3837 majore
1005 3774 1143 3841 apud
1175 3789 1267 3827 vos
1297 3775 1688 3832 existimatione
1716 3787 1794 3831 est
1815 3819 1828 3844 ,
1859 3793 1886 3830 a
1920 3793 2039 3847 per-

459 3877 708 3915 sonarum
753 3863 1006 3932 dignitate
1058 3867 1318 3920 calculum
1374 3867 1594 3933 feratis;
1648 3869 1741 3924 sed
1784 3885 1812 3922 a
1860 3886 2035 3924 rerum

460 3961 688 4007 natura:
723 3953 848 4008 illud
887 3972 1116 4025 namque
1159 3967 1239 4011 est
1275 3958 1418 4027 juste
1451 3958 1710 4026 judicare.
1741 3959 1850 4015 Cur
1879 3977 2037 4015 neruo

458 4042 674 4114 Moysen
705 4047 994 4101 incusavit?
1014 4065 1110 4102 cur
1134 4065 1290 4104 nemo
1311 4052 1514 4106 obstitit
1531 4053 1736 4120 jubenti
1760 4055 1892 4109 solvi
1915 4055 2037 4109 sab-

461 4133 636 4187 batum
665 4151 761 4204 pro
801 4150 1067 4207 pra-cepto
1096 4142 1427 4197 extrinsecus
1459 4143 1558 4212 legi
1588 4145 1811 4199 addito?
1840 4144 2034 4200 Verum

459 4223 547 4279 ille
573 4227 772 4295 patitur
811 4238 1130 4299 praeceptum
1171 4231 1298 4286 illud
1344 4233 1458 4301 lege
1495 4249 1588 4287 sua
1627 4235 1837 4303 dignius
1874 4250 2029 4299 esse;

467 4355 1841 4379 M—

458 4532 583 4590 Csr.
615 4535 664 4588 7.
693 4551 742 4589 v.
766 4535 854 4591 25.
888 4535 1133 4590 Dicebant
1186 4554 1304 4608 ergo
1331 4542 1536 4607 quidam
1580 4557 1642 4593 ev
1662 4539 1992 4611 Jerosolymis
2018 4559 2038 4598 :

533 4625 716 4680 Nonne
745 4629 824 4681 hic
847 4639 918 4680 est
946 4645 1091 4697 quem
1114 4641 1344 4698 quierunt
1376 4631 1691 4698 interﬁcere?
1716 4631 1803 4684 26.
1831 4631 1895 4685 Et
1926 4650 2037 4688 ecce

530 4720 700 4786 palam
724 4718 944 4788 loquitur
963 4761 978 4783 ,
1010 4729 1054 4773 et
1084 4721 1214 4773 nihil
1232 4722 1278 4774 ei
1305 4722 1495 4775 dicunt.
1529 4722 1791 4791 Numquid
1817 4741 1926 4778 vere
1950 4741 2038 4779 co-

528 4822 802 4881 gnoverunt
835 4813 1104 4880 principes,
1147 4816 1265 4882 quia
1304 4816 1384 4868 hic
1409 4827 1481 4870 est
1512 4832 1619 4870 vere
1639 4816 1910 4872 Christus?
1944 4818 2034 4871 27.

532 4904 636 4958 Sed
659 4906 791 4958 hunc
813 4907 996 4958 scimus
1019 4906 1149 4958 unde
1175 4909 1259 4962 sit.

531 5042 583 5096 1.
614 5040 679 5095 In
705 5042 887 5095 divinis
911 5042 1190 5110 Scripturis
1219 5044 1347 5097 nihil
1373 5054 1554 5100 temere
1572 5048 1792 5115 positum
1836 5079 1904 5089 —
1935 5047 2030 5102 Ni-

465 5133 607 5186 hilin
637 5134 833 5188 divinis
876 5133 1166 5204 Scripturis
1219 5146 1421 5192 temere
1463 5141 1692 5208 positqu
1746 5151 1866 5204 est;
1918 5150 2040 5196 sunt

463 5225 602 5277 enim
631 5223 860 5294 Spiritus
883 5227 1049 5280 sancti
1078 5225 1241 5280 dicta.
1285 5227 1642 5294 Quamobrem
1677 5231 1852 5283 omnia
1887 5245 2040 5284 accn-

462 5324 574 5369 rate
597 5317 976 5386 disquiranms.
1008 5319 1087 5371 Ab
1115 5334 1217 5371 111111
1246 5319 1441 5388 quippe
1478 5319 1708 5373 dictione
1737 5330 1903 5374 totum
1935 5339 2038 5375 810-

467 5422 530 5475 pe
557 5422 772 5461 sensum
803 5409 1078 5473 discimus,
1111 5411 1352 5463 utetiam
1391 5425 1534 5464 1111110
1575 5412 1856 5481 contingit.
1889 5413 2040 5466 11111111

462 5501 591 5552 enim
621 5518 683 5553 ea:
710 5500 1154 5570 Jcrosolymitanis
1181 5503 1450 5556 dicebant:
1491 5503 1610 5557 Non
1655 5505 1735 5556 hic
1777 5515 1848 5558 est
1893 5523 2039 5575 quem

464 5600 692 5660 qmcrunt
717 5593 997 5660 inter/icere
1025 5593 1049 5646 Ρ
1081 5593 1143 5646 Et
1166 5611 1276 5648 ecce
1301 5596 1470 5665 palam
1502 5597 1742 5666 loquitur,
1765 5607 1811 5650 et
1837 5599 1966 5651 nihil
1994 5600 2039 5650 ei

462 5679 658 5732 dicunt.
702 5681 811 5735 Cur
860 5681 1290 5754 Jerosolymitani
1346 5689 1748 5741 memorantur?
1797 5687 2040 5742 Ostendit

467 5771 789 5841 evangelista
813 5788 904 5828 eos
928 5775 1176 5842 maxime,
1201 5777 1286 5846 qui
1313 5786 1385 5832 tot
1407 5777 1778 5848 signisdiguati
1809 5778 2036 5844 fuerant,

1567 325 1630 382 ΙΝ
1668 323 1980 383 .lOANNEM
2020 323 2250 382 llOMlL.
2297 329 2359 385 L.
2400 334 2468 388 al.
2513 335 2694 392 XLII.

1909 4373 2110 4380 —__

3643 353 3744 407 278

2159 461 2507 518 praeceptum,
2540 453 2776 524 inquam,
2805 473 2834 510 a
2866 459 2984 528 lege
3009 477 3112 515 non
3144 462 3328 527 latum,
3363 466 3455 520 sed
3483 471 3746 527 extrinse-

2155 555 2252 595 cus
2289 545 2543 611 allatum;
2569 549 2709 618 quod
2739 559 2820 605 est
2852 552 3033 620 utique
3063 557 3256 608 mirum
3287 573 3300 609 :
3330 571 3423 610 vos
3447 570 3622 615 autem
3654 563 3744 631 qui

2157 649 2262 688 non
2289 637 2418 689 estis
2448 636 2798 707 legislatores.
2832 639 2968 696 ultra
2999 643 3213 698 modum
3241 647 3417 716 legem
3441 650 3741 707 vindicatis.

2158 729 2352 783 \‘erum
2379 729 2484 786 flde
2507 731 2717 802 dignior
2743 734 2890 788 vobis
2919 747 3002 790 est
3038 737 3266 809 Moyses,
3295 743 3381 807 qui
3412 741 3580 812 legem
3609 747 3743 801 solvi

2155 822 2396 891 prmeipit
2438 823 2508 876 ob
2554 833 2876 894 prmceptum
2925 843 3029 881 non
3071 829 3257 899 legale.
3289 833 3422 886 Cmn
3460 851 3587 906 ergo
3615 837 3744 893 dicit

2154 919 2322 965 totum
2374 911 2686 979 hominem,
2734 915 2970 970 declarat
3019 918 3482 978 cireumcisinnem
3537 938 3740 995 partem

2156 1014 2359 1058 tantum
2391 1006 2708 1061 valetudinis
2736 1021 2876 1062 esse.
2918 1007 2984 1062 Et
3015 1025 3132 1078 qum
3167 1021 3249 1065 est
3279 1015 3478 1067 sanitas
3507 1017 3740 1072 cireum-

2152 1096 2370 1151 cisionis
2390 1098 2414 1150 ?
2438 1098 2642 1163 Anima,
2671 1099 2860 1168 inquit,
2885 1101 3060 1154 omnis
3081 1118 3195 1169 quae
3219 1120 3318 1156 non
3344 1105 3739 1174 circumciditur,

2153 1189 2562 1242 exterminabitur
2591 1189 2754 1258 (Gen.
2789 1191 2874 1245 17.
2910 1192 3031 1262 M).
3075 1192 3187 1262 Ego
3228 1209 3355 1249 vero
3399 1210 3501 1248 non
3549 1199 3738 1266 partim

2150 1295 2350 1348 :rgrtun
2381 1281 2559 1344 modo,
2593 1283 2688 1336 sed
2721 1292 2885 1337 totum
2914 1297 3222 1354 corruptum
3258 1288 3529 1342 suscitari.
3566 1288 3745 1344 Nolite

2150 1389 2268 1442 ergo
2293 1373 2531 1443 judicare
2558 1375 2834 1428 secundum
2864 1379 3064 1446 faciem.
3095 1379 3204 1433 Hoc
3233 1390 3475 1449 putemus
3504 1399 3608 1437 non
3638 1384 3740 1438 illis

2152 1473 2354 1517 tantum
2382 1465 2581 1519 dictum
2612 1467 2792 1527 fuisse.
2823 1467 2918 1522 sed
2949 1469 3100 1524 nobis
3122 1486 3355 1540 quoque,
3386 1489 3452 1527 ne
3478 1474 3580 1528 ulla
3606 1475 3655 1528 111
3679 1492 3739 1530 re

2145 1554 2403 1623 justitiam
2435 1571 2859 1627 currumpamus,
2888 1559 2981 1613 sed
3017 1576 3111 1628 pro
3151 1563 3238 1615 illa
3270 1567 3445 1618 omnia
3476 1580 3734 1635 agamus;

2151 1663 2218 1701 ne
2244 1647 2582 1703 attendamus
2611 1666 2677 1703 an
2705 1666 2904 1720 pauper
2928 1669 2994 1705 1111
3022 1653 3177 1708 dives
3206 1656 3324 1724 quis
3347 1657 3449 1722 sit,
3481 1674 3579 1712 nec
3612 1675 3736 1728 per-

2148 1752 2307 1792 sonas
2327 1779 2342 1803 ,
2376 1739 2468 1792 8011
2498 1754 2584 1793 res
2612 1741 2973 1808 exploremus.
3006 1742 3126 1796 Non
3156 1746 3463 1801 misereberis
3482 1789 3496 1813 ,
3532 1749 3698 1816 inquit
3719 1790 3734 1806 .

2149 1830 2384 1899 pauperis
2410 1829 2460 1883 in
2484 1831 2680 1899 judicio
2702 1831 2896 1901 (Exod.
2925 1833 3014 1887 25.
3046 1834 3124 1901 3).
3149 1835 3282 1901 Quid
3311 1837 3410 1890 sibi
3439 1839 3548 1891 vult
3570 1839 3736 1892 illud?

2147 1920 2224 1975 Ne
2255 1921 2534 1991 frangaris,
2569 1923 2757 1992 inquit,
2790 1939 2856 1979 ne
2884 1924 3130 1990 nectaris,
3165 1927 3212 1981 si
3252 1945 3451 1997 pauper
3475 1931 3542 1984 sit
3572 1931 3618 1985 is
3643 1932 3733 2001 qui

2147 2012 2299 2068 la‘sit.
2342 2014 2493 2079 Quod
2525 2016 2568 2069 si
2601 2012 2815 2085 pauperi
2849 2033 2952 2072 non
2984 2019 3362 2090 ignoscendum
3390 2065 3406 2089 ,
3439 2025 3607 2079 multo
3633 2027 3734 2079 mi-

2148 2121 2247 2160 nus
2271 2105 2440 2159 diviti.
2469 2107 2592 2161 11100
2621 2123 2782 2177 porro
2805 2110 2926 2165 dico
2953 2127 3058 2165 non
3093 2112 3361 2180 judicibus
3388 2123 3608 2180 tantum,
3640 2119 3732 2171 sed

2147 2204 2200 2249 et
2224 2196 2491 2260 omniims.
2517 2214 2584 2252 ne
2605 2216 2852 2270 umquam
2869 2201 2958 2269 jus
2984 2202 3232 2270 violetur,
3254 2206 3347 2259 sed
3370 2206 3734 2276 incorruptmn

2147 2303 2361 2358 semper
2388 2299 2651 2345 servetur.
2694 2291 2903 2361 Diligit,
2937 2294 3138 2364 inquit,
3175 2296 3430 2365 justitiam
3463 2295 3730 2352 Dominus.

2149 2379 2250 2444 Qui
2275 2391 2438 2434 autem
2464 2382 2628 2450 diligit
2656 2383 2986 2454 iniquitatem,
3018 2386 3120 2439 odit
3140 2388 3362 2440 animum
3388 2404 3530 2441 suam
3558 2387 3729 2455 (Psnl.

2148 2474 2233 2529 10.
2264 2474 2342 2543 6).
2375 2474 2452 2529 Ne
2477 2517 2490 2539 ,
2523 2491 2738 2546 quaeso,
2771 2479 2975 2532 animas
3004 2487 3212 2532 nostras
3251 2479 3375 2534 odio
3405 2479 3728 2543 habeamus,

2145 2581 2245 2620 nec
2270 2567 2600 2636 iniquitatem
2627 2568 2926 2638 diligamus.
2956 2570 3088 2624 lline
3111 2581 3254 2626 certe
3277 2587 3462 2642 parum
3492 2575 3571 2627 vel
3600 2575 3730 2628 nihil

2149 2655 2278 2710 lucri
2309 2673 2447 2712 nunc
2478 2659 2834 2728 percipimus;
2868 2660 2960 2715 scd
2993 2662 3047 2715 in
3074 2661 3250 2716 futuro
3286 2679 3532 2734 magnum
3561 2664 3733 2718 aderit

2146 2746 2396 2802 damnum
2424 2751 2459 2802 ⁸.
2499 2749 2608 2803 11110
2639 2766 2705 2805 110
2735 2751 2818 2804 1110
2844 2767 3052 2822 quoque
3083 2753 3358 2822 iniquitate
3386 2765 3564 2808 nostra
3593 2758 3733 2809 frue-

2147 2853 2284 2890 mur.
2317 2837 2540 2904 Quando
2569 2840 2710 2894 enim
2744 2856 2864 2894 cum
2907 2843 3043 2897 mala
3086 2845 3410 2898 conscientia
3444 2844 3494 2898 in
3525 2845 3732 2900 deliciis

2145 2943 2456 2996 versamur,
2488 2946 2665 2984 annon
2713 2932 2812 2987 1100
2854 2934 3120 2988 cruciatus
3159 2945 3213 2989 et
3258 2935 3573 3004 supplicium
3611 2937 3732 2990 est?

2147 3020 2436 3090 Diligztmus
2473 3040 2598 3090 ergo
2631 3025 2890 3094 juStitiam
2938 3037 2991 3081 et
3038 3043 3323 3097 numquam
3374 3029 3509 3083 hanc
3554 3029 3724 3097 legem

2148 3113 2426 3168 violemus.
2454 3115 2588 3183 Quid
2620 3118 2762 3171 enim
2795 3116 2996 3171 fructus
3016 3134 3082 3172 ex
3111 3117 3210 3172 hac
3237 3119 3340 3172 vita
3364 3120 3612 3188 consequi
3637 3135 3731 3188 po-

2148 3206 2400 3271 terimus,
2439 3210 2540 3262 nisi
2579 3208 2702 3264 hinc
2727 3224 2848 3263 011111
2894 3211 3086 3265 virtute
3130 3212 3573 3278 migraveritntts?
3603 3214 3727 3282 quid

2146 3297 2254 3351 illic
2285 3299 2436 3352 nobis
2469 3301 2925 3367 patrocinabitur?
2954 3317 3020 3355 an
3051 3303 3280 3356 amicitia
3301 3345 3314 3365 ,
3346 3319 3411 3356 an
3444 3305 3688 3371 cognatio
3712 3344 3728 3367 ,

2145 3405 2212 3442 1111
2257 3391 2467 3459 gratia?
2507 3391 2706 3460 Ecquid
2751 3393 2974 3462 gratiam
3015 3392 3296 3462 cujuslibet
3325 3392 3489 3447 dico?
3526 3394 3579 3449 Si
3619 3393 3731 3449 Noe

2150 3494 2348 3549 patrem
2382 3481 2669 3535 habeamus
2691 3524 2707 3548 ,
2739 3482 2783 3535 si
2821 3482 3012 3537 .lubum
3039 3523 3053 3547 ,
3085 3483 3129 3537 si
3177 3483 3442 3537 Daniclem
3464 3526 3478 3546 ,
3517 3485 3566 3537 id
3599 3485 3726 3541 nihil

2150 3571 2302 3624 nobis
2330 3571 2594 3639 proderit,
2625 3572 2669 3624 si
2698 3581 2872 3626 nostra
2904 3586 3000 3626 nos
3026 3587 3186 3641 Opera
3217 3572 3460 3639 prodant.
3493 3574 3596 3628 Sed
3624 3589 3726 3628 una

2149 3675 2281 3728 Opus
2325 3660 2581 3716 habemus
2611 3662 2842 3727 virtute;
2875 3661 2990 3716 ha-c
3033 3678 3132 3716 nos
3168 3678 3383 3717 servare
3420 3664 3644 3732 poterit,
3674 3675 3729 3720 et

2148 3751 2215 3804 1111
2244 3760 2443 3804 a-terno
2489 3753 2606 3822 igne
2649 3753 2896 3809 liberare.
2938 3753 3063 3808 11100
3102 3769 3199 3809 1108
3224 3756 3392 3810 mittet
3423 3758 3473 3810 in
3506 3772 3724 3826 regntun

2148 3843 2436 3908 ea-lorum;
2466 3844 2605 3914 quod
2635 3847 2833 3900 utinam
2874 3861 3061 3901 omnes
3105 3863 3528 3916 consequamur,
3557 3851 3722 3914 gratia

2146 3943 2198 3986 et
2231 3933 2551 4003 benignitate
2581 3936 2785 3988 Domini
2825 3937 2988 3990 nostri
3029 3936 3156 3991 Ι10811
3181 3938 3413 4002 Christi,
3446 3955 3538 4006 per
3565 3955 3723 4007 quem

2145 4034 2198 4077 et
2223 4041 2342 4079 cum
2374 4040 2479 4093 quo
2505 4025 2643 4078 Patri
2671 4026 2860 4094 gloria,
2889 4042 3099 4096 unaque
3119 4036 3303 4080 sancto
3323 4026 3561 4094 Spiritui,
3585 4044 3724 4082 nunc

2145 4125 2192 4170 et
2226 4131 2454 4183 semper,
2482 4127 2532 4168 el
2561 4118 2611 4169 in
2644 4118 2834 4170 smcula
2863 4118 3199 4170 saeculorum.
3225 4117 3416 4170 Amen.

2211 4205 2308 4314 ι.ὖο
2335 4206 2438 4255 aliis
2464 4207 2723 4268 Iegitur....
2751 4205 2878 4256 tueri
2894 4220 3019 4256 nunc
3041 4205 3352 4267 percipimus,
3377 4208 3464 4256 sed
3489 4208 3539 4256 in
3559 4208 3722 4270 futuro

2211 4281 2244 4314 ri
2280 4281 2419 4314 unus.

2142 4280 2419 4329 perwunus.

1861 4374 2338 4486 imit;

2151 4525 2386 4578 omnium
2415 4523 2748 4578 miserrimos
2775 4539 2894 4578 esse
2916 4563 2934 4587 ,
2973 4525 3060 4595 qui
3091 4541 3211 4580 cum
3243 4527 3532 4585 divinitatis
3561 4531 3724 4600 ipsius

2145 4615 2354 4684 signum
2415 4615 2703 4669 maximum
2766 4615 3058 4682 vidissent,
3125 4626 3290 4671 totum
3349 4631 3722 4689 corruptorum

2146 4707 2444 4776 principum
2468 4706 2672 4776 judicio
2694 4707 3057 4762 remittebant.
3082 4709 3274 4764 Annon
3309 4712 3599 4766 maximum
3649 4716 3722 4767 si-

2146 4814 2308 4867 gnum
2331 4808 2463 4862 erat,
2495 4799 2634 4868 quod
2665 4799 2918 4864 furentes,
2949 4800 3149 4855 caedem
3175 4802 3460 4870 spirantes,
3492 4807 3726 4859 011011111-

2145 4901 2445 4956 011181111108,
2469 4900 2626 4959 atque
2653 4893 2952 4948 interlicere
2978 4904 3283 4963 qutureutes
3305 4936 3320 4958 ,
3375 4911 3496 4950 cum
3553 4899 3724 4966 ipsum

2152 4999 2260 5051 pra:
2288 4985 2532 5036 manibus
2561 4994 2809 5038 tenerent
2830 5026 2845 5048 ,
2877 4987 3056 5039 statim
3079 4987 3454 5056 quiescerent?
3478 4988 3597 5056 quis
3622 4988 3724 5042 hoc

2150 5072 2402 5127 fecisset?
2422 5074 2541 5142 quis
2571 5083 2774 5128 1111111101
2806 5075 3041 5130 furorem
3068 5078 3144 5130 sic
3174 5077 3724 5132 exstinxissenAtta.

2149 5177 2268 5215 men
2295 5173 2414 5231 post
2445 5173 2518 5217 tot
2547 5163 2714 5232 signa,
2749 5165 2868 5218 vide
2889 5165 3164 5218 stultitiam
3187 5175 3241 5218 et
3263 5165 3514 5218 furorem.
3540 5163 3727 5221 Nonus

2148 5256 2228 5308 hic
2243 5267 2312 5309 est
2328 5272 2469 5322 quem
2495 5267 2723 5323 quaerunt
2740 5257 3053 5321 interficere?
3075 5255 3204 5310 Vide
3219 5255 3484 5324 quomodo
3503 5272 3560 5311 se
3585 5259 3728 5327 ipsos

2149 5347 2522 5400 condemnem.
2547 5346 2704 5410 Quem
2727 5357 2954 5414 qucerunt
2983 5346 3280 5413 interﬁcere,
3301 5346 3563 5416 inquiunt,
3583 5360 3630 5402 et
3645 5351 3725 5401 ni-

2150 5437 2222 5488 hil
2239 5437 2285 5490 ei
2304 5436 2498 5490 dicunt.
2529 5437 2636 5491 Nec
2659 5437 2816 5490 modo
2830 5437 2958 5490 nihil
2975 5439 3177 5503 dicunt,
3197 5438 3288 5490 sed
3303 5454 3472 5507 neque
3489 5441 3658 5508 palam
3675 5449 3718 5494 01

2150 5527 2313 5583 libere
2341 5529 2640 5597 loquentem
2674 5530 2920 5597 ipsosque
2965 5540 3366 5596 exasperantem
3407 5534 3716 5600 reprimunt.

2146 5616 2416 5688 Numquid
2436 5635 2547 5671 vere
2561 5627 2915 5687 cognoverunt,
2947 5620 3068 5689 quia
3091 5620 3171 5673 hic
3197 5631 3266 5673 est
3291 5619 3535 5675 Christus.
3566 5621 3725 5674 Vobis

2149 5721 2324 5762 autem
2359 5710 2485 5777 quid
2514 5711 2771 5764 videtur?
2797 5727 2955 5782 quam
2979 5713 3046 5768 de
3066 5713 3156 5767 illo
3189 5713 3339 5767 fertis
3365 5712 3722 5766 sententiam?

2149 5801 2514 5870 Contrarium,
2550 5803 2808 5874 inquiunt.
2837 5805 2958 5862 ldco
2990 5807 3238 5861 dicebant
3272 5823 3280 5854 :
3321 5805 3425 5859 Sed
3455 5805 3585 5854 hanc
3618 5802 3716 5852 sci-
