4104 6156
402 345 504 402 2'79

403 481 509 517 ntus
529 461 660 516 unde
686 461 768 514 sit.
793 459 838 514 Ο
864 455 1153 528 nequitiam
1183 457 1197 509 ἰ
1231 471 1262 506 o
1288 451 1766 507 contradictionem
1795 450 1811 504 !
1866 447 1984 504 Non

401 571 520 608 eum
553 552 872 623 principibus
912 548 1178 603 calculum
1229 545 1442 611 ferunt,
1471 542 1565 597 sed
1611 542 1772 597 aliam
1801 555 1990 596 corru-

401 655 542 714 ptam
565 642 789 697 eﬂ‘erunt
811 639 1130 696 sententiam
1156 636 1376 691 stultitia
1396 649 1492 688 sua
1508 634 1742 704 dignam.
1761 630 1984 696 Scimus,

401 734 664 805 inquiunt,
689 731 822 786 unde
845 732 905 784 sit
929 744 948 784 :
989 728 1218 785 Christus
1245 737 1412 780 autem
1439 741 1554 777 cum
1581 724 1767 778 venerit
1793 761 1808 787 ,
1841 738 1986 775 nemo

400 827 519 879 sciet
544 826 681 879 unde
699 826 784 879 sit.
820 822 978 892 Atqui
1011 820 1279 890 principes
1304 817 1468 872 vestri
1499 816 1810 884 interrogati
1832 813 1983 868 dice-

402 917 529 972 bant
549 957 565 981 ,
599 918 653 971 in
681 915 995 970 Bethlehem
1027 911 1376 965 nasciturum.
1410 909 1472 962 Et
1497 922 1707 962 rursum
1737 905 1848 970 alii,
1871 903 1983 957 Nos

399 1013 584 1065 scimus
603 1011 722 1082 quia
752 1008 916 1078 Moysi
937 1008 1171 1071 loquutus
1195 1012 1269 1057 est
1313 1001 1452 1056 Deus
1475 1018 1493 1067 ;
1523 1000 1655 1053 hunc
1683 1007 1850 1051 autent
1895 1012 1983 1050 ne-

398 1105 585 1156 scimus
611 1102 746 1154 unde
765 1102 827 1155 sit
851 1099 872 1173 (
887 1098 1041 1152 Joan.
1065 1097 1120 1151 9.
1141 1095 1212 1150 29
1230 1097 1269 1160 ).
1301 1093 1584 1148 Ebriorum
1610 1090 1770 1144 verba
1799 1087 1980 1143 consi—

400 1194 587 1248 dera'.
639 1193 1003 1260 Rursumque,
1027 1187 1168 1241 Num
1187 1203 1249 1240 ex
1275 1184 1490 1239 Calilaea
1519 1184 1648 1236 venit
1694 1181 1923 1235 Christus
1953 1179 1978 1230 Ζ)

399 1303 572 1339 annon
597 1301 658 1338 ex
687 1283 974 1337 Belhlehem
1000 1282 1106 1332 vico
1129 1279 1154 1331 ἱ)
1184 1277 1366 1331 Viden’
1392 1276 1665 1330 ebriorum
1693 1269 1983 1327 calculum?

400 1377 632 1440 Scimus,
658 1375 966 1431 nescimus;
1017 1385 1082 1424 ex
1144 1366 1456 1421 Bethlehem
1488 1364 1636 1418 venit
1689 1361 1978 1422 Christus;

399 1465 628 1518 Christus
657 1471 824 1514 autem
846 1476 962 1512 cum
989 1457 1196 1520 venerit,
1226 1469 1370 1507 nemo
1393 1453 1514 1505 sciet
1544 1451 1676 1504 unde
1719 1451 1803 1503 sit.
1844 1448 1982 1515 Quid

403 1557 502 1608 hac
530 1553 791 1608 dictorum
813 1563 983 1618 pugna
1014 1544 1352 1600 manifesdus
1379 1543 1402 1594 ?
1455 1542 1509 1596 ld
1538 1556 1698 1594 unum
1726 1539 1984 1607 respicie-

399 1648 546 1709 baut,
577 1655 723 1698 utne
751 1641 1053 1696 crederent.
1101 1636 1240 1705 Quid
1271 1650 1399 1705 ergo
1443 1633 1510 1687 ad
1539 1633 1657 1688 ha-e
1684 1632 1932 1687 Christus
1958 1632 1982 1684 ?

397 1737 488 1793 28.
533 1736 596 1790 Et
625 1752 702 1789 me
723 1735 900 1799 nostis,
941 1741 988 1785 et
1017 1730 1150 1784 unde
1177 1730 1274 1783 sint
1302 1728 1477 1782 scitis:
1510 1735 1554 1780 et
1583 1742 1616 1778 a
1637 1725 1830 1795 meipso
1878 1740 1979 1777 non

397 1826 727 1892 veni,sedest
747 1839 890 1878 verus
907 1823 992 1891 qui
1019 1820 1152 1874 misit
1189 1834 1288 1884 me,
1343 1833 1486 1887 quem
1525 1832 1610 1870 vos
1649 1815 1866 1870 nescitis.
1914 1814 1981 1868 Et

400 1932 634 1982 rursum,
667 1915 727 1970 Si
752 1931 829 1967 me
843 1914 1056 1975 sciretis,
1086 1920 1131 1964 et
1161 1909 1370 1962 Patrem
1397 1924 1563 1961 meum
1589 1907 1802 1961 sciretis.
1830 1907 1978 1973 Quo-

400 2007 560 2061 modo
590 2023 717 2076 ergo
743 2005 871 2060 dicit
901 2018 994 2058 eos
1021 2011 1075 2056 et
1094 2002 1290 2069 ipsmn,
1312 2009 1367 2053 et
1397 1997 1538 2052 unde
1567 1998 1636 2051 sit
1665 2012 1826 2052 nosse
1857 2013 1872 2062 ;
1923 2005 1977 2051 et

397 2097 520 2151 alibi
547 2137 562 2163 ,
590 2111 689 2150 nec
713 2096 883 2166 ipsum
913 2107 1091 2156 nosse,
1125 2105 1222 2144 nec
1240 2091 1452 2143 Patrem
1474 2087 1630 2141 ?Non
1660 2101 1843 2141 secum
1874 2102 1975 2156 pu-

395 2199 552 2256 gnat,
583 2187 762 2250 absit;
814 2183 907 2238 sed
939 2182 1094 2237 valde
1119 2181 1218 2236 sibi
1247 2187 1478 2234 constat.
1508 2179 1583 2233 De
1603 2177 1707 2231 alia
1745 2177 1978 2246 loquitur

394 2277 695 2346 cognitione
723 2316 740 2341 ,
781 2289 903 2329 cum
937 2273 1086 2338 dicit,
1111 2271 1227 2325 Non
1280 2270 1482 2333 nostis,
1528 2267 1975 2338 quemadmodum

393 2383 514 2422 cum
543 2366 673 2422 dicit
700 2381 716 2422 :
749 2364 871 2418 Filii
902 2364 1022 2418 Heli
1051 2403 1065 2428 ,
1099 2362 1194 2431 ﬁlii
1214 2362 1498 2432 pestilentes
1521 2401 1535 2425 ,
1567 2360 1836 2412 nescientes
1861 2358 1977 2412 Do-

393 2462 584 2513 minum
628 2459 709 2530 (l.
735 2459 861 2528 Reg.
885 2457 940 2510 ‘2.
969 2455 1078 2527 l2);
1101 2471 1164 2509 ac
1209 2469 1420 2508 rursum
1448 2494 1462 2517 ,
1498 2451 1665 2506 Israel
1690 2463 1858 2504 autem
1898 2468 1978 2506 me

391 2569 492 2605 non
513 2550 740 2621 cognovit
759 2547 914 2617 (lsai.
940 2548 992 2602 1.
1019 2547 1094 2616 5).
1131 2545 1194 2600 Ut
1221 2555 1272 2599 ct
1301 2543 1498 2598 Paulus
1523 2542 1598 2596 ait
1622 2557 1633 2594 :
1664 2541 1976 2610 Conﬁtentur

390 2661 444 2696 se
468 2659 613 2697 nosse
631 2640 794 2695 Deum
813 2679 827 2704 ,
854 2639 1001 2710 factis
1022 2647 1189 2690 autent
1219 2643 1402 2704 negant
1421 2631 1549 2700 (Tit.
1580 2633 1630 2688 1.
1653 2632 1762 2701 16).
1790 2633 1975 2687 Potest

389 2749 517 2804 ergo
537 2733 625 2803 qui
660 2734 780 2796 scit,
813 2733 1038 2786 nescire.
1076 2729 1187 2783 Hoc
1214 2728 1390 2796 itaque
1406 2725 1566 2778 dicit:
1598 2725 1650 2779 Si
1681 2740 1768 2779 me
1794 2739 1974 2779 nosse-

392 2826 480 2889 tis,
513 2823 723 2879 sciretis
751 2839 836 2876 tne
856 2836 975 2876 esse
993 2819 1186 2874 Filium
1221 2816 1332 2872 Dei.
1384 2815 1520 2870 lllud
1558 2823 1736 2868 autem
1763 2855 1778 2880 ,
1827 2813 1974 2868 Unde

390 2915 507 2979 sim,
532 2928 635 2967 non
660 2913 835 2967 locum
865 2910 952 2966 hic
975 2909 1217 2969 denotat,
1237 2917 1295 2961 ut
1313 2907 1484 2976 liquet
1512 2921 1576 2960 ex
1599 2904 1970 2974 sequentibus:

391 3004 460 3058 Et
486 3022 517 3057 (ι
542 3005 731 3073 meipso
754 3020 853 3056 non
871 3003 1004 3067 veni,
1033 3001 1122 3055 sed
1144 3015 1286 3052 verus
1303 3007 1372 3052 est
1394 2998 1479 3067 qui
1504 2996 1636 3049 misit
1663 3011 1741 3048 tne
1769 3036 1784 3059 ,
1825 3011 1970 3064 quem

392 3115 476 3151 vos
513 3097 732 3151 nescitis.
761 3096 856 3149 llic
877 3093 1110 3163 loquitur
1133 3092 1200 3146 de
1226 3089 1518 3160 ignorantia
1551 3088 1798 3156 operibus
1820 3102 1969 3142 com-

391 3191 614 3258 probata
640 3229 654 3254 ,
701 3189 769 3242 de
818 3202 922 3255 qua
966 3185 1160 3240 Paulus
1203 3183 1362 3236 dicit:
1413 3180 1728 3248 Conﬁtentur
1754 3195 1807 3233 se
1827 3196 1972 3234 nosse

393 3282 598 3345 Deum,
631 3280 780 3352 factis
798 3289 962 3331 autem
984 3286 1184 3347 negant.
1228 3275 1410 3344 Neque
1454 3275 1599 3328 enim
1643 3272 1960 3342 ignorantia:

393 3384 669 3446 peccatum
700 3381 836 3435 erat,
864 3370 959 3426 sed
1009 3369 1256 3439 nequitiae
1282 3377 1336 3421 et
1367 3366 1518 3420 malze
1547 3366 1853 3419 voluntatis.
1902 3365 1972 3419 Et

390 3482 514 3521 cum
559 3465 659 3519 hoc
687 3464 924 3525 scirent,
979 3461 1226 3530 ignorare
1275 3456 1545 3510 volebant.
1583 3455 1689 3509 Sed
1726 3469 1967 3523 quaenam

394 3557 506 3611 haec
522 3552 944 3625 consequentia?
969 3548 1238 3620 quomodo
1264 3556 1321 3601 ιιι
1349 3547 1470 3600 illos
1497 3546 1755 3609 confutet,
1781 3545 1968 3600 eadem

392 3663 513 3715 quae
543 3645 640 3714 ipsi
672 3644 906 3712 loquitur
932 3641 956 3693 ‘l
981 3640 1112 3694 Nam
1145 3653 1265 3692 eum
1299 3637 1373 3691 illi
1402 3636 1660 3700 dicerent,
1697 3634 1849 3688 Hunc
1877 3651 1971 3687 au-

396 3748 494 3789 tem
511 3737 697 3788 scimus
719 3734 853 3786 unde
873 3733 966 3797 sit,
997 3729 1253 3794 subdidit,
1284 3727 1350 3781 Et
1379 3745 1457 3782 me
1476 3728 1634 3782 scitis.
1661 3726 1796 3794 Quid
1828 3728 1970 3780 enim

393 3825 645 3880 dicebant
670 3823 742 3877 illi
765 3824 786 3876 ?
811 3839 878 3875 an
907 3821 1046 3891 quod
1070 3820 1379 3876 nescirent?
1410 3818 1521 3872 lmo
1547 3833 1673 3872 vero
1695 3818 1793 3886 ipsi
1822 3818 1972 3872 dice-

395 3918 548 3982 bant,
600 3915 820 3970 Scimus.
856 3913 1049 3968 Verum
1082 3927 1202 3966 cum
1249 3911 1493 3965 dicerent
1536 3925 1596 3964 se
1645 3909 1784 3963 scire
1831 3909 1972 3964 unde

396 4018 561 4074 esset,
583 4007 712 4062 nihil
741 4006 881 4060 aliud
913 4005 1306 4076 significabant,
1329 4017 1486 4072 quam
1516 4001 1666 4056 illum
1698 4001 1769 4054 de
1829 4010 1970 4056 terra

394 4116 516 4155 esse
543 4110 598 4154 et
639 4099 768 4152 labri
797 4099 982 4152 lilium.
1026 4097 1120 4151 llle
1163 4109 1292 4149 vero
1331 4092 1382 4147 in
1413 4092 1574 4148 caelos
1599 4091 1839 4161 erigebat
1879 4105 1974 4146 eos

385 4192 598 4255 dicens,
623 4188 782 4246 Scitis
803 4188 943 4243 unde
961 4187 1081 4248 sim;
1116 4186 1166 4240 id
1193 4194 1295 4249 est,
1337 4183 1452 4238 Non
1482 4182 1624 4237 unde
1663 4181 1975 4251 suspicami-

395 4285 448 4338 ni
473 4282 620 4349 veni,
648 4281 741 4336 sed
770 4283 909 4335 unde
937 4281 980 4334 is
1006 4279 1094 4348 qui
1128 4276 1276 4330 misit
1302 4290 1408 4330 me.
1437 4273 1570 4330 Cum
1595 4273 1905 4334 dicitenim,
1928 4272 1974 4323 Α

394 4377 588 4446 meipso
619 4391 720 4428 non
737 4374 867 4439 veni,
902 4373 1004 4426 hoc
1030 4369 1348 4432 subindieat,
1387 4369 1531 4437 ipsos
1559 4381 1750 4436 nempe
1785 4366 1923 4420 scire
1956 4405 1971 4430 ,

397 4468 539 4538 quod
569 4482 598 4519 a
622 4466 781 4520 Patre
808 4465 1004 4518 missus
1030 4469 1194 4525 esset,
1229 4460 1328 4514 etsi
1354 4461 1404 4513 id
1437 4475 1540 4512 non
1569 4457 1970 4512 conﬁterentur.

399 4555 605 4624 Duplici
629 4569 757 4623 ergo
787 4551 946 4606 modo
986 4551 1105 4604 illos
1130 4548 1391 4605 eonfntat.
1424 4548 1604 4601 Primo
1628 4563 1689 4600 ea
1732 4563 1851 4615 quae
1891 4559 1976 4599 se-

399 4656 551 4701 creto
579 4645 955 4713 loquebantur,
985 4642 1037 4694 in
1066 4639 1299 4694 medium
1345 4648 1398 4693 et
1423 4653 1543 4692 cum
1570 4637 1804 4691 clamore
1853 4650 1978 4706 pro-

395 4738 519 4800 fert,
555 4742 612 4787 ut
641 4734 760 4786 illos
783 4731 1115 4799 pudefaciat;
1144 4728 1336 4784 deinde
1360 4737 1592 4782 mentem
1620 4727 1829 4780 illorum
1851 4741 1977 4793 ape-

396 4828 485 4890 rit,
515 4839 579 4880 ae
599 4824 643 4880 si
665 4823 866 4878 diceret
889 4843 902 4876 :
927 4822 1042 4877 Non
1070 4821 1311 4889 abjectus
1338 4835 1492 4884 sum,
1532 4834 1637 4872 non
1667 4819 1782 4871 sine
1817 4830 1976 4870 causa

396 4917 556 4981 veni;
591 4914 698 4971 Sed
731 4929 874 4967 verus
898 4923 968 4966 est
997 4913 1084 4982 qui
1128 4911 1259 4966 misit
1306 4927 1416 4973 me,
1453 4925 1598 4979 quem
1627 4925 1715 4962 vos
1753 4907 1975 4962 nescitis.

398 5007 534 5074 Quid
565 5005 830 5078 significat
857 5004 983 5059 illud
1009 5046 1022 5069 ,
1063 5002 1223 5057 Verus
1244 5013 1313 5056 est
1332 5002 1416 5072 qui
1434 5001 1565 5053 misit
1587 4999 1705 5053 me?
1731 4999 1786 5051 Si
1818 5014 1978 5054 verus

399 5112 478 5158 est
501 5141 518 5168 ,
561 5103 613 5156 in
654 5100 886 5155 veritate
909 5114 992 5152 me
1017 5097 1158 5151 misit
1186 5113 1198 5148 :
1227 5097 1269 5148 si
1301 5109 1458 5150 verus
1482 5103 1582 5159 est,
1612 5091 1853 5162 sequitur
1882 5106 1976 5146 ve-

398 5208 514 5248 rum
549 5193 700 5247 illum
726 5206 846 5246 esse
873 5190 961 5260 qui
993 5189 1188 5242 missus
1209 5187 1324 5241 fuit.

468 5283 524 5336 Ω.
555 5285 674 5337 Alio
695 5297 906 5353 quoque
929 5281 1090 5336 modo
1123 5280 1171 5333 id
1203 5283 1412 5348 probat,
1447 5277 1678 5347 propriis
1710 5278 1828 5331 illos
1845 5290 1971 5331 ver-

400 5375 480 5428 bis
506 5376 740 5444 capiens.
775 5375 906 5443 Quia
937 5374 1079 5428 enim
1099 5373 1366 5436 dicebant,
1401 5369 1629 5425 Christus
1651 5386 1764 5422 cum
1792 5370 1974 5435 veniet,

399 5482 544 5520 uento
565 5469 681 5520 sciet
706 5469 956 5532 undesit,
1005 5467 1129 5521 hinc
1161 5465 1393 5520 ostendit
1436 5463 1786 5518 serristum
1829 5475 1968 5516 esse.

400 5559 531 5614 Nam
555 5559 653 5626 ipsi
686 5558 837 5621 illud,
897 5557 1058 5612 Nemo
1087 5560 1228 5625 sciet,
1283 5556 1574 5612 secundum
1624 5553 1975 5608 differentiam

467 5651 484 5680 ³
522 5648 604 5696 Hic
619 5646 761 5715 locus
780 5648 851 5695 sic
878 5635 1079 5715 eliertur
1101 5648 1226 5715 apud
1248 5645 1427 5715 savii...
1462 5665 1484 5691 ι
1503 5644 1627 5714 hunc
1645 5651 1804 5715 mitem
1827 5640 1977 5692 nesci-

401 5721 515 5776 mus
530 5709 656 5757 unde
674 5707 734 5758 sit
752 5725 776 5776 ιε
789 5745 797 5754 .
827 5724 850 5751 ι
874 5705 1055 5776 Scimus
1079 5705 1203 5758 mitte
1226 5714 1314 5769 est,
1332 5715 1376 5760 et
1399 5708 1634 5759 nescimus
1655 5705 1782 5756 unde
1805 5711 1873 5756 est
1906 5722 1928 5750 ν
1961 5716 1972 5750 :

405 5771 657 5824 Lbrictmn
681 5770 820 5820 ret-tut
844 5768 1114 5816 considera.

1140 340 1198 396 S.
1237 335 1513 394 JOANNIS
1548 331 2020 390 CllRYSOSTOMI
2069 334 2380 394 ARCIIIEP.
2403 339 2933 396 CONSTANTlNOP.

3569 339 3677 393 E80

2099 451 2338 508 locorum
2365 454 2752 524 loquebantur;
2799 464 2853 509 et
2882 455 3003 508 hinc
3046 455 3135 508 ille
3169 454 3405 509 ostendit
3432 471 3491 509 se
3519 454 3672 508 Chri-

2093 555 2231 599 stum
2261 560 2403 613 esse,
2443 548 2564 615 quia
2591 562 2618 599 a
2644 548 2800 602 Patre
2828 548 3072 612 venerit;
3116 557 3170 601 et
3199 546 3394 616 ubique
3418 548 3667 601 testiﬁca-

2095 647 2178 692 tur
2201 638 2370 692 Patris
2397 640 2754 709 eognitionem
2785 639 2886 694 sibi
2913 639 3015 693 soli
3059 648 3396 708 competere,
3446 639 3668 704 dicens,

2093 727 2216 784 Non
2243 730 2380 797 quod
2403 729 2610 784 Patrem
2637 732 2750 802 quis
2778 731 2927 797 vidit,
2950 731 3048 785 nisi
3065 732 3150 799 qui
3174 739 3247 784 est
3273 746 3307 782 a
3339 729 3512 782 Patre.
3538 730 3670 795 Qui-

2093 819 2191 874 bus
2206 820 2386 874 verbis
2411 820 2462 873 in
2492 820 2624 874 iram
2649 821 3075 876 concitabantur.
3112 819 3243 874 Nam
3272 836 3394 875 cum
3435 821 3666 888 diceret,

2091 909 2212 965 Non
2234 913 2390 966 nostis
2413 928 2547 976 eum,
2575 921 2629 966 et
2647 928 2767 966 cum
2791 914 3081 974 evinceret,
3106 913 3250 982 ipsos
3267 913 3406 966 seire
3419 891 3665 980 quidem,

2087 1003 2182 1057 sed
2209 1003 2558 1073 ignorantiam
2587 1005 2839 1060 simulare
2859 1047 2873 1070 ,
2896 1005 3014 1074 jure
3041 1005 3184 1072 ipsos
3211 1004 3488 1058 mordebat
3516 1013 3572 1059 et
3593 1006 3667 1058 ir-

2088 1094 2303 1148 ritabat.
2323 1095 2410 1150 50.
2439 1095 2740 1162 Quwrebant
2758 1113 2876 1166 ergo
2894 1113 3002 1148 eam
3029 1095 3424 1166 apprehendere,
3454 1105 3501 1149 et
3524 1112 3666 1149 nemo

2087 1185 2219 1236 misit
2242 1186 2295 1238 in
2321 1184 2466 1238 illum
2486 1203 2692 1239 manum
2710 1227 2724 1250 ,
2746 1187 2864 1256 quia
2897 1187 3123 1240 nondum
3151 1197 3351 1240 venerat
3379 1186 3508 1240 hora
3536 1188 3662 1256 ejus.

2091 1275 2275 1330 Viden’
2296 1278 2417 1331 illos
2442 1279 2784 1333 invisibiliter
2799 1277 3084 1341 cohibitus,
3118 1287 3174 1332 et
3198 1278 3410 1332 illorum
3455 1292 3512 1330 ec
3523 1279 3664 1331 erci-

2089 1375 2196 1418 tum
2219 1366 2492 1421 furorem?
2517 1366 2625 1422 Cur
2657 1385 2785 1424 vero
2810 1385 2918 1423 non
2948 1368 3083 1423 dixit
3105 1409 3118 1431 ,
3149 1368 3290 1438 quod
3325 1369 3666 1424 invisibiliter

2084 1469 2179 1509 eos
2199 1455 2507 1517 detinuerit,
2539 1457 2654 1523 sed,
2689 1458 2838 1524 Quod
2883 1458 3104 1510 nondum
3145 1457 3354 1510 uenisset
3379 1458 3506 1511 hora
3530 1461 3660 1529 ejus.

2089 1544 2310 1600 Volebat
2336 1549 2659 1617 evangelista
2687 1548 2923 1602 humano
2977 1549 3367 1617 humilioreque
3392 1549 3552 1604 modo
3581 1551 3663 1603 lo-

2084 1636 2193 1702 qui,
2225 1645 2281 1688 ut
2313 1635 2474 1689 homo
2499 1637 2656 1690 etiam
2682 1652 2804 1692 esse
2828 1648 3124 1706 putaretur.
3143 1639 3275 1705 Quia
3297 1640 3436 1693 enim
3469 1639 3662 1708 ubique

2085 1723 2336 1779 sublimia
2357 1725 2509 1790 dicit,
2539 1727 2657 1781 ideo
2675 1727 2789 1782 btec
2817 1728 2939 1782 hinc
2963 1729 3086 1783 inde
3105 1730 3306 1784 inserit.
3331 1730 3460 1784 Cum
3481 1740 3660 1785 autem

2084 1815 2230 1881 dicit,
2261 1817 2334 1870 Ab
2364 1819 2474 1886 ipso
2497 1834 2632 1884 sum,
2655 1835 2760 1872 non
2795 1820 3031 1890 loquitur
3058 1830 3112 1875 ut
3140 1823 3419 1890 propheta,
3447 1822 3534 1891 qui
3559 1821 3661 1877 hoc

2083 1908 2370 1976 acceperit,
2394 1908 2485 1963 sed
2504 1909 2645 1978 quod
2675 1910 2823 1964 illum
2843 1911 3040 1977 videat,
3072 1927 3133 1966 ac
3163 1927 3280 1966 cum
3305 1912 3419 1981 ipso
3449 1914 3534 1965 sit.
3565 1913 3659 1972 29,

2086 1996 2221 2051 Novi
2256 1999 2401 2052 illunt
2428 2040 2444 2063 ,
2491 2001 2706 2070 inquit,
2761 2003 2877 2072 quia
2915 2003 2978 2056 ab
3007 2003 3116 2072 ipso
3145 2020 3275 2056 sum.
3324 2004 3506 2058 Videu‘
3556 2022 3662 2074 quo

2083 2097 2237 2158 pacto
2258 2090 2360 2146 hoc
2409 2092 2601 2161 ubique
2641 2092 2848 2161 probet,
2881 2094 2919 2145 A
2947 2095 3134 2162 meipso
3161 2111 3260 2148 non
3296 2097 3423 2159 veni,
3454 2105 3526 2158 et,
3563 2096 3661 2162 Qui

2083 2184 2216 2238 misit
2238 2200 2314 2237 me
2341 2200 2486 2238 verus
2510 2195 2581 2240 est
2609 2186 2634 2239 .9
2660 2186 2709 2239 id
2732 2186 3082 2250 contendens,
3123 2204 3191 2242 ne
3210 2204 3240 2242 a
3291 2189 3400 2242 Deo
3455 2189 3664 2243 alienus

2080 2283 2315 2341 putetur.
2370 2276 2435 2329 Et
2459 2276 2857 2342 animadverte,
2891 2289 3087 2345 quanta
3137 2278 3208 2331 sit
3265 2278 3318 2331 in
3369 2279 3661 2334 luunilihus

2081 2365 2257 2420 verbis
2285 2367 2502 2422 utilitas.
2537 2367 2662 2421 Post
2697 2366 2830 2432 huic,
2863 2368 3053 2436 inquit,
3082 2367 3232 2421 multi
3257 2367 3538 2421 dicebant:
3567 2369 3656 2422 51.

2081 2456 2310 2512 Christus
2361 2475 2476 2512 cum
2520 2460 2742 2525 venerit,
2812 2459 3055 2528 numquid
3103 2459 3250 2529 plura
3295 2459 3440 2527 signa
3487 2461 3657 2529 faciet,

2077 2565 2227 2617 quam
2254 2566 2368 2620 qua:
2391 2549 2472 2602 hic
2511 2549 2679 2619 facit?
2713 2549 2843 2617 Quae
2891 2550 3093 2620 signa?
3142 2551 3300 2620 Atqui
3355 2551 3454 2604 tria
3506 2559 3660 2605 erant

2077 2641 2248 2709 signa,
2279 2641 2408 2706 vini,
2439 2641 2736 2711 paralytici,
2770 2649 2824 2694 et
2853 2640 2946 2695 lilii
2977 2641 3144 2710 reguli
3176 2658 3189 2692 :
3241 2641 3480 2710 nihilque
3517 2641 3655 2694 ultra

2077 2734 2313 2788 narravit
2337 2735 2680 2802 evangelista.
2707 2733 2860 2789 Unde
2882 2733 3069 2803 liquet,
3094 2743 3145 2787 ut
3170 2749 3314 2802 saepe
3336 2733 3443 2786 dixi
3466 2774 3480 2797 ,
3514 2733 3657 2800 ipsos

2077 2829 2240 2882 multa
2267 2828 2610 2898 praemittere,
2643 2827 2768 2880 dum
2813 2842 2874 2881 ea
2924 2836 3206 2880 recensent
3256 2842 3373 2894 qua:
3426 2826 3657 2892 maligne

2076 2919 2346 2990 principes
2377 2919 2836 2973 machinabantur.
2863 2918 3188 2985 Quaeri-bant
3208 2932 3335 2986 ergo
3380 2917 3525 2969 illtun
3557 2932 3653 2982 ap-

2078 3009 2417 3080 prehendere
2459 3019 2511 3064 et
2553 3010 2876 3063 interlicere.
2917 3007 3312 3075 Quinam?Non
3345 3007 3652 3072 multitudo,

2075 3118 2193 3172 qua:
2220 3102 2570 3171 principatum
2601 3116 2704 3154 non
2729 3097 3031 3165 allectabat,
3060 3112 3159 3153 nec
3182 3097 3374 3150 invidia
3401 3097 3655 3165 corripie-

2074 3193 2264 3259 batur;
2295 3193 2388 3247 sed
2415 3191 2742 3248 sacerdotes.
2798 3190 2971 3245 Turba
3003 3190 3143 3244 enim
3177 3188 3356 3258 populi
3397 3187 3650 3242 dicebat:

2075 3285 2302 3340 Christus
2331 3301 2446 3337 cum
2463 3285 2666 3348 venerit,
2698 3281 2942 3348 numquid
2971 3282 3118 3350 plura
3147 3281 3292 3349 signa
3322 3279 3469 3350 faciet
3501 3280 3526 3330 ἓν
3552 3278 3650 3331 At-

2074 3385 2252 3431 tamen
2278 3375 2392 3430 luec
2413 3374 2544 3430 ﬁdes
2572 3389 2700 3429 sana
2730 3389 2833 3427 non
2857 3381 3004 3434 erat,
3050 3371 3143 3425 sed
3189 3380 3245 3424 ut
3275 3371 3411 3424 solet
3456 3370 3655 3423 intimae

2074 3466 2242 3536 plebis
2268 3480 2408 3520 esse.
2436 3464 2564 3518 Illud
2594 3464 2754 3527 enim,
2791 3461 2914 3516 Cum
2944 3462 3161 3526 venerit,
3213 3476 3315 3512 non
3353 3469 3470 3513 erat
3522 3475 3645 3513 ere-

2074 3559 2315 3613 dentium
2342 3559 2483 3610 hunc
2503 3570 2622 3610 esse
2667 3555 2960 3609 Christum.
2993 3553 3098 3606 Aut
3127 3553 3192 3604 ita
3227 3551 3508 3606 dicendmn
3539 3559 3649 3615 est;

2075 3660 2168 3705 aut
2199 3650 2333 3704 forte
2355 3649 2406 3702 itt
2429 3662 2692 3702 concursu
2721 3644 2919 3715 populi,
2943 3659 3062 3698 cum
3085 3643 3352 3711 principes
3385 3659 3479 3711 pro
3512 3641 3650 3696 virili

2075 3741 2360 3795 ostendere
2388 3741 2686 3794 niterentur
2712 3738 2883 3807 ipsum
2910 3751 3014 3789 non
3039 3749 3159 3789 esse
3184 3733 3480 3800 Christum,
3503 3734 3658 3788 dixe—

2077 3835 2144 3886 rit
2177 3832 2329 3884 turba
2359 3849 2371 3885 :
2405 3831 2669 3884 Ponamus
2697 3844 2802 3882 non
2831 3842 2953 3880 esse
2977 3825 3266 3889 Christum,
3313 3842 3437 3878 nmn
3463 3826 3654 3879 melior

2081 3924 2185 3976 erit
2210 3921 2490 3975 Christus?
2515 3919 2586 3974 Ut
2614 3934 2825 3986 semper
2857 3917 2986 3981 dixi,
3016 3916 3253 3969 intimum
3288 3916 3474 3983 vulgus
3498 3956 3511 3978 ,
3545 3931 3652 3990 non

2079 4030 2107 4068 a
2151 4014 2413 4076 doctrina,
2435 4028 2539 4066 non
2570 4027 2598 4064 a
2625 4009 2996 4071 concionibus,
3029 4009 3121 4062 sed
3145 4025 3171 4060 a
3204 4009 3370 4076 signis
3395 4009 3650 4064 allicitur.

2077 4108 2166 4164 52.
2191 4107 2470 4160 Audierant
2495 4103 2744 4157 Pharisaei
2769 4104 2961 4155 tttrbam
2985 4111 3399 4162 murmurantem,
3425 4111 3470 4152 et
3501 4102 3654 4153 mise-

2077 4197 2484 4259 runtministros,
2515 4206 2567 4249 ut
2599 4193 3030 4265 apprehenderent
3067 4209 3200 4245 eum.
3237 4190 3421 4245 Viden'
3444 4191 3654 4245 sabbati

2078 4291 2394 4346 solutionem
2417 4288 2690 4342 obtentum
2721 4286 2879 4339 fuisse
2904 4285 2926 4338 ?
2952 4283 3102 4351 Quod
3133 4293 3306 4336 autem
3333 4283 3452 4337 illos
3477 4284 3657 4337 acrius

2078 4381 2350 4436 mordebat
2381 4421 2394 4443 ,
2452 4379 2552 4433 hoc
2625 4386 2758 4432 erat.
2824 4376 2920 4428 llic
2968 4369 3108 4429 enim
3171 4389 3293 4428 cum
3337 4373 3465 4427 nihil
3509 4373 3653 4442 quod

2079 4472 2486 4526 criminarentur
2510 4469 2789 4532 haberent,
2821 4466 2932 4520 sive
2959 4465 3009 4518 in
3027 4464 3205 4528 dictis,
3239 4465 3352 4517 sive
3380 4464 3431 4516 in
3459 4464 3648 4532 gestis,

2081 4573 2298 4633 propter
2323 4561 2531 4616 turbam
2574 4560 2823 4613 volebant
2869 4559 3016 4612 illum
3070 4555 3493 4626 apprehendere.
3549 4554 3658 4610 Nec

2081 4655 2346 4708 audebant
2395 4651 2688 4722 periculum
2717 4649 3072 4717 StISpicantes,
3103 4648 3194 4700 sed
3226 4647 3502 4700 ministros
3552 4645 3654 4698 tui-

2081 4752 2265 4799 serunt
2319 4743 2408 4812 qui
2471 4747 2758 4795 tentarent.
2819 4737 2864 4791 0
2911 4737 3216 4790 violentiam
3253 4735 3266 4786 l
3312 4751 3344 4790 ο
3373 4735 3655 4790 furorem!

2076 4838 2194 4891 sive
2246 4835 2422 4904 potius
2451 4875 2467 4896 ,
2504 4846 2538 4886 ο
2578 4830 2879 4885 insaniam!
2936 4830 3065 4883 Cum
3118 4828 3167 4880 id
3213 4827 3310 4894 ipsi
3354 4843 3496 4896 sa‘pe
3544 4837 3658 4880 ten-

2085 4935 2329 4987 tassent,
2384 4940 2482 4978 nec
2536 4923 2868 4992 potuissent,
2928 4919 3188 4974 ministris
3242 4934 3355 4972 rem
3407 4918 3656 4972 eommit-
3701 4923 3703 4925 ’

2084 5030 2200 5074 ιιιιιι
2229 5057 2246 5083 ,
2297 5015 2459 5070 furori
2513 5015 2797 5082 animoque
2822 5026 2920 5065 suo
2945 5021 3143 5063 temere
3175 5007 3528 5076 indulgentes.
3563 5008 3658 5058 At-

2083 5112 2172 5180 qui
2228 5108 2394 5163 multa
2441 5107 2587 5173 juxta
2647 5102 2901 5172 piscinam
2964 5101 3215 5171 loquutus
3269 5107 3394 5161 est,
3459 5106 3514 5150 et
3578 5095 3660 5148 nio

2086 5202 2154 5256 hil
2211 5199 2313 5253 tale
2366 5196 2534 5251 moliti
2583 5202 2744 5257 sunt;
2801 5192 2894 5246 sed
2939 5190 3263 5260 quresierunt
3301 5229 3316 5251 ,
3373 5203 3481 5240 non
3541 5197 3659 5238 ten-

2086 5299 2280 5346 larunt.
2314 5289 2407 5346 llic
2436 5301 2565 5340 vero
2605 5301 2718 5339 rem
2752 5285 2892 5338 l'erre
2933 5298 3037 5335 non
3071 5289 3332 5351 possunt:
3367 5293 3486 5331 cum
3521 5275 3661 5328 fulu—

2083 5401 2198 5438 rum
2249 5391 2392 5436 esset
2441 5389 2497 5433 ιιι
2548 5377 2699 5431 turba
2777 5383 3099 5429 accurrent.
3144 5370 3278 5437 Quid
3331 5383 3457 5438 ergo
3495 5365 3654 5420 (ibri-

2083 5476 2232 5531 stus?
2261 5475 2349 5527 55.
2381 5472 2558 5524 Adhuc
2585 5467 2836 5522 modicum
2857 5475 3048 5532 tempus
3079 5463 3326 5515 vobiscum
3354 5477 3486 5511 sum.
3519 5457 3654 5510 Cutu

2085 5575 2265 5638 posset
2295 5564 2565 5615 auditores
2602 5569 2654 5615 et
2698 5559 2909 5612 ﬂectere
2937 5565 2989 5608 et
3017 5562 3243 5612 terrere,
3272 5550 3431 5604 verba
3465 5549 3658 5617 profert

2090 5658 2382 5714 humilitate
2424 5654 2608 5723 plena,
2639 5667 2699 5704 ac
2726 5651 2768 5706 si
2800 5649 2998 5702 diceret
3027 5662 3040 5696 :
3069 5644 3174 5697 Cur
3213 5658 3295 5695 me
3328 5638 3624 5694 interﬁcere
3644 5678 3660 5701 ,

2089 5767 2184 5807 cur
2227 5744 2469 5818 persequi
2501 5741 2772 5813 quau-itis?
2802 5737 3058 5794 Modicum
3097 5739 3432 5804 exspectate,
3466 5738 3518 5784 et
3547 5727 3662 5781 sine
