4104 6156
487 361 580 418 231

487 484 636 533 tanto
659 478 847 529 ‘ves‘tro
876 477 1068 527 conatu
1109 482 1193 522 tne
1232 462 1547 535 capiendum
1590 461 1830 515 otl‘eram.
1871 456 2072 513 Deinde

485 585 554 624 ne
580 567 700 638 quis
728 576 1066 620 communem
1096 559 1198 614 dici
1226 567 1451 612 mortem
1476 555 1825 610 arbitraretur
1849 551 1931 605 his
1956 565 2075 605 ver-

486 661 601 724 bis,
643 657 825 712 Adhuc
860 654 1115 709 modicum
1153 661 1348 721 tempus
1372 647 1622 703 vobiscum
1651 662 1760 700 sicut
1782 645 1942 714 (nam
1971 641 2074 696 hoc

486 747 810 822 putabant);
833 746 978 800 hanc
1007 745 1309 814 opinionem
1341 749 1400 794 ut
1425 747 1721 803 amoveret,
1755 736 1924 805 ipsum
1955 739 2074 802 post

485 850 713 896 mortem
749 838 878 893 nihil
905 842 1246 905 operatnrum
1279 845 1405 887 esse
1419 870 1439 905 ι,
1468 827 1701 883 subdidit
1733 843 1747 880 :
1775 825 1862 880 δι.
1897 823 1960 877 Et
1985 822 2073 876 ubi

484 949 598 986 sum
626 947 718 1003 ego
741 971 754 996 ,
785 943 875 982 vos
905 943 1006 981 non
1037 924 1240 994 potestis
1266 919 1451 976 venire.
1491 917 1547 972 Si
1586 928 1764 972 autem
1809 917 1861 970 in
1899 922 2072 968 morte

484 1037 769 1078 mansurus
797 1028 942 1081 erat,
975 1018 1051 1072 ire
1080 1031 1209 1070 sane
1238 1013 1535 1084 potuissent
1563 1025 1578 1064 :
1607 1023 1674 1064 eo
1704 1021 1928 1075 namque
1951 1019 2070 1056 om-

487 1131 580 1168 nes
608 1114 917 1182 migranius.
940 1107 1249 1177 Simplicior
1274 1105 1449 1173 itaque
1475 1097 1756 1156 multitudo
1784 1097 1864 1149 his
1895 1094 2072 1148 verbis

485 1204 831 1264 ﬂectebatur;
867 1200 1097 1254 ferocior
1133 1195 1383 1260 timebat;
1415 1192 1704 1247 studiosior
1743 1188 1808 1242 ad
1847 1187 2070 1240 audien-

484 1296 610 1349 dum
653 1293 1006 1364 properabat,
1037 1289 1177 1360 quod
1220 1303 1404 1356 parum
1441 1292 1745 1354 superesset
1777 1279 2028 1350 temporis
2050 1319 2067 1345 ,

487 1401 584 1440 nec
625 1399 838 1452 semper
878 1391 1102 1452 possent
1143 1379 1232 1433 tali
1276 1376 1378 1430 frui
1417 1374 1678 1430 doctrina.
1720 1370 1827 1427 Nec
1866 1380 2069 1424 tantum

485 1476 638 1538 dixit,
668 1475 762 1529 llic
782 1488 922 1534 sum,
943 1471 1062 1537 sed,
1095 1465 1363 1524 Vobiscum
1385 1483 1495 1520 sum
1517 1481 1537 1529 ;
1564 1464 1612 1518 id
1640 1472 1740 1529 est,
1764 1463 1862 1517 etsi
1891 1475 2070 1531 perse-

485 1566 739 1638 quamini,
765 1565 865 1621 etsi
895 1563 1194 1634 exagitetis,
1225 1575 1292 1614 ne
1317 1557 1578 1612 tantillum
1609 1553 1822 1624 quidem
1848 1550 2070 1606 cessabo

485 1659 635 1714 vobis
661 1656 990 1729 prospicere,
1013 1663 1066 1706 et
1089 1666 1208 1721 qua:
1225 1649 1294 1704 ad
1324 1648 1549 1704 salutem
1571 1654 1802 1700 vestram
1829 1649 2070 1712 spectant

481 1749 793 1821 prtedicare.
825 1746 893 1800 Et
919 1746 1046 1800 vado
1070 1745 1137 1797 ad
1175 1759 1290 1796 eum
1312 1741 1398 1811 qui
1425 1739 1560 1794 misit
1586 1754 1682 1792 me.
1713 1737 1838 1792 Haec
1868 1745 2070 1790 terrere

481 1853 728 1912 poterant
757 1850 812 1894 et
837 1853 1052 1909 angere.
1085 1835 1215 1890 Nam
1255 1834 1368 1888 fore
1397 1840 1455 1887 ut
1492 1832 1609 1901 ejus
1651 1844 1754 1899 ope
1798 1828 2070 1897 indigeant

485 1933 743 2004 pmdicit.
778 1929 1020 1996 Quaretis
1046 1944 1158 1992 me,
1189 1925 1396 1995 inquit;
1429 1939 1535 1979 non
1575 1921 1746 1978 solum
1787 1935 1892 1974 non
1929 1917 2064 1972 obli-

479 2021 759 2078 viscemini
785 2062 799 2086 ,
829 2019 920 2075 sed
951 2019 1107 2073 etiam
1139 2015 1383 2083 Quwretis
1413 2030 1492 2067 me
1515 2055 1528 2075 ,
1561 2023 1608 2068 et
1647 2028 1749 2066 non
1787 2009 2064 2065 invenietis.

482 2115 548 2168 l'.‘t
594 2113 806 2167 ubinam
854 2110 1180 2182 quaesierunt
1225 2123 1346 2162 eum
1391 2105 1597 2162 Judaei?
1651 2104 1842 2158 Narrat
1897 2102 2068 2156 Lucas

481 2203 744 2274 (Cap.25.
773 2203 891 2268 49),
916 2202 1164 2256 mulieres
1192 2200 1338 2254 illum
1369 2197 1634 2268 planxisse
1659 2213 1673 2261 ;
1706 2204 1760 2250 et
1788 2204 1846 2249 ut
1877 2195 2066 2248 verisi-

481 2294 607 2350 mile
630 2305 732 2358 est,
757 2294 910 2348 tnulti
939 2293 1025 2346 alii
1055 2292 1306 2346 luxerunt
1333 2306 1480 2355 eum,
1510 2304 1573 2343 ac
1603 2295 1724 2358 post
1752 2287 1897 2342 urbis
1924 2285 2068 2340 exci-

480 2386 664 2452 dium,
703 2384 820 2454 ejus
867 2384 1204 2453 prtesentiam
1247 2389 1527 2450 optarunt,
1570 2379 1830 2434 recordati
1875 2393 2068 2446 nempe

475 2477 674 2534 Christi
701 2486 753 2533 et
784 2475 1159 2532 miraculorum
1190 2473 1325 2544 ejus.
1342 2473 1476 2537 ﬂzec
1499 2481 1676 2526 autem
1701 2470 1877 2525 omnia
1903 2468 2063 2532 dixit,

483 2580 542 2625 ut
567 2584 659 2626 eos
683 2568 942 2623 alliceret.
974 2564 1105 2621 Nam
1133 2564 1276 2634 quod
1308 2579 1491 2633 parum
1532 2567 1837 2630 superesset
1864 2568 2068 2628 tempo-

481 2663 578 2729 ris,
605 2661 743 2733 quod
770 2670 889 2730 post
903 2660 1196 2714 discessum
1219 2655 1465 2726 optabilis
1484 2655 1635 2717 foret,
1666 2668 1785 2706 cum
1807 2665 1909 2705 non
1930 2650 2066 2704 ultra

480 2764 668 2826 posset
685 2753 937 2817 inveniri;
958 2752 1096 2817 inec,
1116 2752 1349 2821 inquam,
1373 2748 1572 2814 omnia,
1602 2757 1659 2801 ut
1682 2748 1778 2816 ipsi
1805 2745 2069 2800 hmrerent

478 2849 707 2904 suadere
723 2845 1122 2918 poterant.Nam
1135 2845 1180 2899 si
1198 2846 1427 2899 futurum
1446 2859 1550 2897 non
1568 2850 1703 2906 erat,
1725 2847 1782 2894 ut
1798 2839 1913 2908 ejus
1927 2854 2066 2908 prm-

481 2943 653 2997 sentia
670 2941 920 3010 optabilis
949 2947 1120 3003 esset,
1145 2936 1274 2991 nihil
1297 2936 1424 3006 ipsis
1443 2951 1688 3004 magnum
1717 2933 1896 2987 dicere
1917 2931 2064 2987 vide-

488 3035 657 3090 batur.
683 3034 936 3097 Rursum,
960 3033 1003 3086 si
1026 3030 1270 3100 optabilis
1294 3029 1462 3082 futura
1480 3028 1593 3096 ejus
1619 3025 1896 3095 praesentia
1925 3033 2063 3090 erat,

481 3128 558 3181 ita
578 3136 631 3181 ut
651 3134 827 3180 tamen
846 3123 1066 3179 inveniri
1086 3131 1286 3192 posset,
1306 3119 1356 3174 id
1369 3137 1479 3174 non
1503 3119 1570 3172 ita
1591 3118 1710 3172 illos
1727 3116 2064 3172 turbavisset.

547 3224 610 3279 5.
653 3221 849 3276 lterum
895 3219 940 3274 si
989 3219 1156 3274 multo
1204 3227 1448 3287 tempore
1497 3232 1735 3288 praesens
1782 3230 2067 3269 mansurus

480 3316 694 3381 fuisset,
723 3313 896 3383 supini
929 3311 1154 3366 fortasse
1181 3310 1498 3366 evasissent.
1527 3306 1676 3362 Nunc
1705 3316 1881 3361 autern
1913 3305 2068 3360 undi-

486 3421 590 3474 que
619 3405 738 3460 illos
766 3403 995 3471 exagitat
1031 3409 1086 3455 et
1112 3409 1296 3456 terret.
1320 3398 1455 3453 Illud
1483 3413 1609 3452 vero
1627 3438 1642 3462 ,
1685 3394 1827 3449 Vado
1853 3397 1920 3449 ad
1955 3411 2066 3448 cum

483 3496 571 3565 qui
592 3496 724 3548 misit
752 3510 849 3556 me,
879 3493 1115 3549 declarat
1143 3491 1271 3545 nihil
1300 3490 1477 3545 damni
1506 3489 1737 3543 futurum
1767 3504 1832 3544 ex
1863 3486 2068 3542 insidiis

489 3600 711 3651 eorum,
740 3593 796 3639 et
837 3597 896 3638 se
922 3583 1220 3637 voluntarie
1266 3597 1563 3650 passurum.
1595 3582 1708 3634 Duo
1747 3581 1904 3649 igitur
1934 3596 2070 3648 pra:-

481 3680 639 3742 dixit,
681 3688 734 3732 et
759 3691 818 3731 se
854 3676 1012 3745 paulo
1043 3686 1160 3745 post
1203 3675 1468 3728 abiturum
1497 3715 1511 3739 ,
1539 3681 1593 3726 et
1637 3673 1753 3726 illos
1782 3672 1848 3726 ad
1877 3687 1934 3726 se
1962 3687 2068 3726 non

489 3780 740 3824 venturos
765 3782 885 3823 esse
915 3785 930 3820 :
958 3767 1098 3837 quod
1127 3775 1272 3820 certe
1302 3780 1404 3818 non
1434 3763 1534 3817 fuit
1565 3763 1808 3816 humana:
1837 3764 2027 3817 mentis
2050 3804 2067 3829 ,

489 3871 548 3916 ut
571 3869 797 3916 mortem
823 3876 973 3915 suam
1003 3859 1339 3929 praediceret.
1371 3857 1500 3910 Vide
1529 3871 1757 3925 namque
1777 3855 1900 3926 quid
1930 3856 2071 3910 dicat

491 3953 656 4007 David
684 3971 698 4008 :
727 3951 922 4006 Notum
956 3951 1038 4019 fac
1065 3951 1209 4013 mihi,
1242 3947 1476 4012 Domine,
1507 3949 1659 4016 linem
1681 3963 1868 4013 meum,
1896 3958 1940 4000 et
1975 3965 2071 4000 nu-

489 4060 684 4096 merum
718 4059 967 4096 mmorum
997 4057 1220 4095 meorum
1254 4040 1363 4109 quis
1393 4049 1465 4092 est
1485 4081 1500 4104 ,
1533 4049 1588 4092 ut
1612 4041 1767 4093 sciam
1795 4040 1914 4109 quid
1945 4039 2071 4093 desit

489 4135 656 4207 milti(
688 4134 829 4190 Psal.
856 4133 944 4190 38.
977 4133 1071 4202 5).
1110 4131 1164 4186 ld
1211 4131 1446 4202 profecto
1470 4147 1627 4186 nemo
1666 4131 1829 4184 novit.
1863 4131 1938 4184 Ex
1967 4145 2072 4183 uno

491 4236 666 4279 autem
695 4225 926 4280 alterum
953 4223 1322 4278 conﬁrmatur.
1353 4221 1464 4290 Ego
1493 4237 1619 4275 vero
1645 4230 1771 4290 puto
1801 4219 1852 4273 id
1880 4229 1933 4273 et
1971 4219 2071 4272 mi-

499 4319 683 4372 nistris
722 4317 1054 4388 aenigmatice
1079 4315 1181 4370 dici
1207 4357 1222 4381 ,
1252 4324 1307 4368 et
1335 4313 1603 4367 ministros
1648 4321 1922 4381 spectare,
1969 4328 2074 4380 quo

494 4407 724 4462 maxime
749 4407 870 4461 illos
909 4407 1180 4471 alliceret;
1209 4404 1499 4459 ostendens
1527 4418 1586 4458 se
1615 4404 1752 4457 scire
1779 4417 1874 4456 cur
1898 4403 2074 4455 venis‘

494 4509 646 4564 sent;
685 4514 748 4553 ac
785 4499 828 4553 si
858 4498 1090 4562 diceret,
1119 4498 1431 4566 Exspectate
1463 4496 1730 4565 paulisper
1752 4536 1769 4562 ,
1800 4502 1853 4548 et
1891 4494 2069 4548 abibo.

493 4591 582 4645 ‘55.
629 4589 872 4643 Dicebant
919 4605 1037 4659 ergo
1065 4588 1232 4642 Judwi
1284 4588 1412 4640 inter
1454 4603 1554 4644 se:
1587 4587 1697 4653 Quo
1747 4586 1910 4640 iturus
1956 4587 2078 4640 est?

495 4683 731 4738 Tametsi
760 4682 833 4737 illi
863 4683 951 4751 qui
977 4681 1350 4736 desiderabant
1374 4690 1429 4734 ut
1455 4679 1662 4744 abiret,
1693 4679 1928 4747 nihilque
1969 4694 2073 4731 non

497 4774 763 4843 agebant,
807 4782 864 4827 ut
892 4788 959 4827 ne
999 4772 1134 4825 ultra
1174 4771 1416 4825 viderent
1453 4786 1604 4834 eum,
1633 4787 1738 4823 non
1769 4770 2078 4824 debuissent

500 4866 599 4920 hoc
623 4880 902 4935 quzerere;
931 4863 1024 4919 sed
1053 4865 1228 4918 dicere
1249 4904 1263 4927 ,
1295 4862 1596 4917 Gaudemus
1621 4861 1760 4931 quod
1799 4861 1956 4915 abeas
1986 4878 1997 4912 :
2025 4871 2080 4915 et

498 4957 708 5027 quando
733 4957 837 5011 hoc
861 4957 1000 5011 erit?
1027 4956 1131 5010 Sed
1156 4955 1237 5008 his
1265 4955 1436 5008 verbis
1461 4955 1827 5019 movebantur,
1856 4964 1907 5006 et
1934 4954 1999 5006 ab
2019 4968 2078 5008 se

501 5059 682 5102 mutuo
705 5063 768 5102 ac
795 5048 956 5101 stulte
984 5055 1252 5117 quierunt,
1284 5062 1391 5115 quo
1420 5047 1590 5101 iturus
1620 5057 1782 5101 esset.
1821 5045 2080 5116 Numquid

498 5140 551 5191 in
595 5140 956 5210 dispersionem
997 5139 1268 5208 gentium?
1292 5137 1426 5203 Quid
1459 5147 1540 5191 est
1564 5179 1579 5201 ,
1613 5136 1675 5190 In
1719 5137 2080 5207 dispersionem

478 5231 722 5302 ‘gentium
746 5231 772 5284 ?
801 5230 891 5286 Sic
918 5241 1106 5300 gentes
1131 5230 1391 5284 vocabant
1415 5229 1604 5293 Judaei,
1632 5230 1752 5299 quia
1783 5230 1976 5299 ubique
2002 5231 2082 5284 di-

503 5339 701 5391 spersae
723 5331 896 5386 erant,
920 5331 974 5377 et
995 5322 1160 5376 libere
1181 5321 1681 5377 commiscebantur.
1710 5322 1854 5375 llanc
1874 5337 2083 5391 quoque

503 5425 558 5467 et
579 5415 652 5469 illi
675 5422 858 5483 postea
887 5412 1231 5484 ignominiam
1255 5412 1393 5482 paSsi
1423 5421 1547 5466 sunt
1574 5429 1587 5464 τ
1614 5428 1736 5466 nam
1757 5413 1852 5482 ipsi
1875 5429 2084 5483 quoque

503 5505 764 5574 dispersio
793 5507 1027 5561 luerunt.
1059 5504 1198 5560 Olim
1234 5515 1342 5558 tota
1372 5521 1503 5574 gens
1533 5505 1688 5560 simul
1720 5517 1903 5562 coacta
1925 5518 2040 5561 erat
2065 5549 2081 5574 ,

506 5613 605 5652 nec
648 5598 776 5652 alibi
801 5600 1040 5667 reperire
1066 5608 1180 5654 erat
1217 5598 1458 5653 Judwum
1479 5641 1493 5665 ,
1536 5615 1692 5669 quam
1726 5601 1776 5655 in
1808 5601 2084 5656 Palzestina

507 5699 734 5743 tantum.
765 5688 889 5743 Ideo
931 5689 1100 5745 Judaei
1146 5697 1328 5761 gentes
1361 5691 1619 5744 vocabant
1659 5691 2041 5761 dispersionem
2069 5735 2082 5756 ,

507 5781 897 5854 exprobrantes
935 5782 1079 5850 illis,
1125 5798 1188 5838 ac
1230 5782 1296 5838 de
1335 5796 1394 5838 se
1431 5781 1710 5854 magniﬁce
1771 5788 2079 5842 sentientes.

1507 344 1575 404 ΙΝ
1613 341 1924 403 ΙΟᾹΝΝΕΜ
1968 339 2192 398 1101111...
2229 339 2289 395 L.
2323 347 2394 396 at.
2436 335 2622 394 XLIX.

3658 340 3765 396 28?.

2180 474 2316 545 Quid
2356 493 2484 546 ergo
2510 475 2608 530 sibi
2640 475 2750 530 vult
2782 473 2944 537 illud,
2983 474 3094 543 Quo
3123 490 3212 546 ego
3250 475 3410 539 vado,
3439 492 3523 530 vos
3545 493 3646 530 non
3667 496 3763 544 po-

2180 569 2318 621 testis
2345 569 2511 621 renire
2531 608 2545 630 ,
2573 566 2698 621 dum
2729 581 2850 621 cum
2892 566 2997 620 illis
3021 565 3189 620 Judaei
3220 567 3414 636 ubique
3458 583 3552 635 per
3579 568 3762 622 orbem

2181 666 2442 712 terrarum
2469 657 2986 712 commiscercutur?
3013 657 3068 712 Si
3095 672 3225 726 ergo
3251 667 3438 727 gentes
3463 659 3764 726 signiﬁcare

2179 749 2454 811 voluisset,
2485 764 2590 802 non
2621 748 2863 812 dixisset,
2899 749 3011 814 Quo
3037 765 3137 802 non
3169 751 3373 819 potestis
3407 750 3592 805 venire.
3625 751 3762 804 Cum

2177 851 2354 895 autem
2381 840 2627 894 dixerunt
2651 880 2667 904 ,
2704 839 2844 892 Nunt
2871 840 2923 893 in
2964 840 3325 909 dispersionem
3352 843 3572 910 gentium
3601 844 3765 896 iturus

2175 933 2287 987 est?
2309 946 2412 985 non
2435 931 2772 993 addiderunt,
2799 929 2864 984 Et
2889 931 3188 1000 perditurus
3213 947 3326 997 eas,
3346 931 3460 995 sed,
3492 931 3760 986 Doctnrtts.

2178 1022 2267 1077 Sic
2315 1025 2496 1077 sedata
2546 1031 2628 1077 est
2674 1022 2884 1076 illorum
2938 1022 3014 1075 ira
3040 1062 3056 1087 ,
3100 1031 3155 1076 et
3183 1020 3340 1074 dictis
3383 1021 3748 1076 crediderunt.

2176 1112 2307 1168 Nam
2331 1115 2372 1168 si
2396 1129 2503 1167 non
2523 1112 2895 1177 credidissent,
2925 1127 3029 1165 non
3061 1111 3334 1182 quaesituri
3365 1114 3503 1166 inter
3525 1127 3584 1168 se
3609 1123 3762 1168 erant

2175 1204 2301 1275 quid
2325 1205 2546 1261 diceret.
2578 1205 2772 1260 Verum
2800 1204 2912 1258 It:er
2935 1204 3037 1257 illis
3065 1203 3204 1258 dicta
3225 1214 3403 1258 sunto.
3435 1204 3538 1259 Sed
3569 1204 3760 1259 timen-

2175 1295 2301 1350 dum
2322 1337 2337 1363 ,
2378 1311 2444 1351 ne
2470 1296 2621 1350 nobis
2650 1311 2864 1366 quoque
2902 1296 2987 1348 illa
3015 1303 3359 1364 competant,
3389 1295 3531 1364 quod
3562 1296 3648 1350 ubi
3676 1296 3766 1351 ille

2175 1398 2277 1453 est,
2309 1403 2374 1442 eo
2399 1401 2496 1442 nos
2524 1402 2626 1442 non
2656 1389 2920 1456 possimus
2947 1387 3115 1450 abire,
3139 1386 3278 1454 quod
3309 1387 3409 1440 vita
3434 1395 3611 1442 nostra
3637 1403 3765 1456 pec-

2174 1485 2306 1538 catis
2332 1484 2399 1538 sit
2432 1485 2606 1553 plena.
2640 1483 2716 1538 De
2759 1481 3036 1551 discipulis
3073 1481 3215 1535 enim
3257 1480 3370 1545 ait,
3425 1479 3550 1534 Volo
3587 1490 3639 1534 nt
3681 1481 3766 1535 ubi

2174 1592 2284 1629 sum
2315 1592 2406 1645 ego
2438 1617 2451 1640 ,
2481 1587 2531 1629 et
2561 1576 2640 1628 illi
2669 1576 2771 1628 sint
2793 1589 2988 1626 mecum
3014 1575 3030 1641 (
3055 1571 3210 1625 Joan.
3243 1572 3328 1625 17.
3361 1569 3472 1640 2-1).
3506 1571 3582 1626 De
3612 1572 3766 1626 nobis

2174 1683 2301 1721 vero
2325 1670 2485 1722 timeo
2511 1683 2578 1722 ne
2604 1667 2936 1721 contrarium
2967 1665 3176 1718 dicatur
3198 1706 3213 1731 ,
3244 1662 3339 1718 Ubi
3367 1680 3458 1734 ego
3497 1679 3628 1722 sum,
3664 1679 3765 1717 non

2175 1761 2378 1830 potestis
2421 1760 2608 1814 venire.
2657 1758 2791 1812 Cum
2837 1757 2980 1811 enim
3024 1766 3208 1811 contra
3260 1771 3417 1825 quam
3462 1755 3766 1824 prtct'ipitur

2172 1868 2422 1923 agamus.
2456 1850 2726 1923 quomodo
2767 1849 3061 1919 poterimus
3087 1849 3176 1902 illo
3214 1848 3401 1902 abire?
3428 1847 3556 1901 Nam
3586 1849 3635 1902 in
3663 1847 3764 1902 hoc

2173 1945 2391 2009 επξςιιιο,
2428 1945 2475 2000 si
2509 1945 2630 2015 quis
2661 1943 2815 1998 miles
2841 1959 2901 1997 ea
2932 1951 3050 2012 agat
3082 1958 3200 2011 quze
3223 1951 3406 1995 contra
3435 1942 3571 2006 regis
3595 1941 3766 2010 digni-

2176 2047 2336 2090 tatem
2364 2038 2490 2098 sint,
2516 2053 2620 2090 non
2651 2035 2845 2105 poterit
2870 2050 3050 2104 regem
3082 2032 3286 2098 videre,
3321 2032 3412 2088 sed
3440 2045 3762 2087 exauctora-

2176 2137 2259 2182 tus
2288 2137 2586 2182 cxtretnum
2613 2129 2721 2180 luet
2745 2125 3085 2194 supplicium.

2245 2221 2472 2273 Avaritia
2495 2261 2510 2284 ,
2537 2219 2720 2289 rapina
2741 2218 3087 2286 injustitiaque
3120 2215 3394 2286 fugienda.
3427 2213 3762 2285 Eleetnosyntt

2170 2311 2571 2365 commendatur.
2600 2337 2672 2349 —
2697 2308 2754 2363 Si
2783 2322 2911 2377 ergo
2942 2308 3230 2376 rapiamus,
3264 2305 3500 2360 avaritia:
3539 2306 3755 2359 studea-

2173 2419 2315 2468 tuus,
2348 2402 2540 2470 injuste
2565 2415 2805 2472 agamus,
2840 2399 3213 2469 percutiamus,
3237 2397 3629 2468 elecmosynam
3657 2413 3762 2452 non

2171 2509 2472 2565 erogemns,
2502 2511 2607 2548 non
2637 2493 2933 2563 poterimus
2961 2491 3052 2545 illo
3078 2491 3257 2551 abire;
3289 2489 3384 2545 sed
3415 2489 3465 2543 id
3496 2490 3760 2559 patiemur

2173 2587 2313 2657 quod
2345 2585 2638 2655 virginibus
2680 2585 2873 2639 accidit
2902 2601 2914 2637 :
2941 2599 3060 2652 qua:
3103 2583 3167 2636 ad
3220 2583 3365 2636 illum
3412 2581 3613 2649 ingredi
3657 2597 3762 2634 non

2173 2684 2460 2747 potuerunt
2481 2716 2500 2742 ,
2539 2674 2632 2729 sed
2661 2683 3040 2738 recesserunt,
3078 2672 3357 2727 exstinctis
3383 2672 3714 2739 lampadibus-
3739 2713 3759 2738 ,

2175 2769 2276 2822 hoc
2305 2776 2387 2822 est
2412 2808 2428 2831 ,
2458 2767 2627 2837 gratia
2655 2765 2960 2820 deficiente.
3009 2763 3302 2817 Flammam
3333 2763 3531 2832 quippe
3574 2763 3716 2816 illam
3744 2804 3760 2828 ,

2171 2874 2328 2928 quam
2357 2875 2384 2910 a
2414 2857 2642 2926 Spiritus
2669 2857 2838 2925 gratia
2877 2856 3057 2908 statim
3082 2854 3396 2924 accipimus,
3437 2853 3480 2906 si
3514 2849 3760 2916 velimus,

2172 2949 2532 3004 ardentiorem
2557 2948 2851 3012 efﬁcimus;
2878 2947 2960 3000 sin
2989 2945 3240 3011 nolimus,
3268 2945 3446 2998 statim
3470 2945 3612 2997 illam
3647 2959 3766 3012 pcr-

2172 3042 2377 3097 demus.
2410 3040 2501 3096 illa
2525 3049 2700 3094 autem
2722 3038 3002 3099 exstincta,
3028 3037 3158 3091 nihil
3186 3036 3328 3092 aliud
3349 3053 3508 3106 quam
3533 3037 3763 3091 tenebrze

2174 3134 2226 3188 in
2255 3133 2450 3187 nostris
2481 3131 2731 3186 insidebit
2754 3131 2962 3184 anitnis.
2987 3129 3135 3185 Sicut
3159 3130 3302 3184 enim
3330 3128 3554 3183 ardente
3576 3128 3757 3181 lucer-

2173 3240 2237 3279 tta
2261 3266 2276 3291 ,
2305 3225 2468 3278 multa
2498 3223 2584 3277 lux
2613 3217 2860 3292 splendet
2893 3237 2908 3274 :
2938 3221 3015 3274 sic
3045 3221 3131 3274 illa
3163 3219 3413 3273 restincta
3440 3259 3456 3284 ,
3503 3217 3632 3271 nihil
3661 3217 3760 3270 nisi

2174 3315 2425 3370 tenebrat.
2453 3314 2574 3368 Ideo
2590 3315 2662 3366 ait
2685 3331 2698 3366 :
2724 3311 2898 3366 Nolite
2916 3312 3151 3382 spiritum
3172 3311 3485 3380 exstinguere
3500 3309 3550 3380 (1
3564 3308 3759 3361 .Tltess.

2174 3409 2226 3463 5.
2267 3409 2393 3477 l9).
2426 3407 2790 3476 Exstinguitur
2816 3413 3022 3470 autem,
3051 3419 3171 3458 cum
3198 3403 3374 3457 oleum
3422 3416 3526 3456 non
3561 3400 3760 3462 habet;

2173 3501 2387 3573 quando
2431 3509 2592 3554 vento
2637 3498 3004 3552 vehementior
3053 3495 3294 3566 quaedam
3345 3495 3429 3548 vis
3476 3491 3760 3556 insufﬂat;

2174 3590 2389 3662 quando
2426 3589 2795 3659 comprimitur
2821 3597 2875 3642 et
2911 3596 3230 3640 coarctatur.
3261 3584 3349 3639 Sic
3377 3585 3521 3638 enim
3549 3584 3753 3637 exstin-

2173 3683 2351 3754 gttitttr
2395 3682 2549 3750 ignis.
2579 3678 2963 3748 Comprimitur
3005 3687 3180 3731 autent
3229 3691 3258 3730 ιι
3305 3675 3755 3730 sollicitudinilms

2175 3771 2549 3833 saecularibus,
2583 3779 2637 3824 et
2665 3768 3024 3839 exstinguitur
3049 3783 3078 3821 a
3123 3767 3260 3821 mala
3304 3764 3760 3835 concupiscentia.

2176 3865 2254 3920 Ad
2289 3865 2402 3919 lucc
2442 3863 2574 3918 nihil
2620 3863 2763 3918 illam
2795 3863 2863 3916 ita
2907 3861 3197 3931 exStinguit
3221 3899 3238 3923 ,
3283 3870 3335 3913 ιιι
3370 3858 3724 3914 inhumanitas
3749 3896 3763 3918 ,

2176 3956 2482 4016 crudelitas,
2505 3955 2687 4024 rapina
2732 3952 2862 4008 Cum
2888 3962 3089 4016 autem,
3112 3952 3231 4005 oleo
3251 3949 3552 4013 deﬁciente,
3576 3961 3765 4016 aquam

2176 4049 2333 4103 etiam
2365 4046 2606 4116 frigidam
2635 4044 2961 4097 infuntlintus
2987 4084 3001 4107 ,
3034 4044 3134 4096 hoc
3175 4051 3257 4094 est
3284 4040 3558 4094 avaritiam
3585 4078 3601 4104 ,
3643 4052 3764 4106 quae

2179 4155 2276 4208 per
2305 4137 2552 4191 l-.esorum
2580 4133 2889 4190 maestitiam
2921 4133 3125 4186 animas
3161 4131 3467 4198 exstinguit,
3500 4128 3642 4182 unde
3672 4142 3766 4196 po-

2179 4237 2357 4283 terunt
2403 4228 2595 4280 iterum
2627 4223 2890 4279 accendi?
2936 4221 3278 4292 aligrabimus
3320 4234 3447 4289 ergo
3495 4218 3767 4288 pulverem

2179 4320 2518 4386 cineremque
2544 4317 2768 4369 multum
2793 4314 3063 4369 uobiscum
3093 4311 3323 4366 ferentes
3346 4311 3648 4379 fumumque
3671 4324 3771 4362 nos

2180 4419 2543 4473 accusantem,
2573 4406 2713 4477 quod
2743 4405 3014 4476 lampadas
3044 4405 3475 4459 exstinxerimus.
3501 4400 3599 4457 Ubi
3626 4402 3767 4454 enim

2184 4503 2358 4556 fumus
2387 4509 2470 4556 est
2491 4542 2506 4565 ,
2539 4501 2610 4553 ibi
2642 4513 2862 4555 necesse
2891 4506 2973 4553 est
3001 4497 3319 4551 exstinctum
3367 4495 3542 4565 ignem
3583 4491 3766 4546 fuisse.

2186 4593 2378 4648 Verum
2405 4591 2544 4646 absit
2573 4606 2639 4646 ne
2670 4589 2928 4660 quispiam
2961 4588 3098 4643 hanc
3127 4603 3312 4641 vocem
3350 4586 3548 4648 audiat,
3581 4583 3770 4636 Nescio

2183 4701 2292 4739 vos.
2307 4682 2655 4751 Quandonam
2677 4690 2849 4736 autem
2871 4681 2983 4734 haec
3002 4695 3104 4734 vox
3128 4679 3388 4746 audietur,
3412 4677 3515 4731 nisi
3538 4676 3623 4730 ubi
3647 4689 3769 4728 cum

2187 4789 2472 4846 pauperem
2498 4773 2760 4839 videmus,
2791 4772 3015 4843 perinde
3042 4772 3214 4827 allecti
3243 4787 3429 4825 smnus
3449 4812 3466 4834 ,
3493 4785 3557 4825 ac
3586 4769 3628 4822 si
3656 4783 3762 4820 non

2186 4873 2486 4926 videremus
2505 4871 2527 4922 ἲ
2548 4869 2771 4936 Quando
2799 4883 2897 4921 nos
2920 4865 3186 4921 Christum
3214 4867 3534 4920 esurientem
3560 4864 3772 4930 ignora-

2187 4965 2384 5027 bimns,
2421 4960 2680 5030 ignorabit
2708 4969 2762 5012 et
2783 4959 2868 5012 ille
2895 4972 2990 5011 nos
3016 4958 3135 5010 oleo
3157 4969 3376 5025 egentes
3401 4972 3412 5006 :
3437 4963 3487 5006 et
3517 4951 3637 5018 jure
3657 4953 3774 5017 qui-

2187 5055 2326 5108 dem.
2363 5053 2494 5106 Nam
2528 5052 2616 5121 qui
2651 5052 2906 5104 miserum
2935 5049 3183 5117 despicit,
3217 5062 3315 5101 nec
3341 5048 3490 5114 juvat
3522 5059 3585 5095 ex
3621 5041 3777 5093 bonis

2191 5151 2324 5210 suis,
2350 5144 2621 5217 quomodo
2646 5152 2847 5214 quatret
2890 5145 3132 5210 accipere
3161 5155 3224 5193 cx
3255 5153 3361 5190 non
3389 5136 3498 5190 suis
3516 5133 3542 5185 ?
3569 5133 3769 5199 Quum-

2191 5239 2376 5292 obrem
2402 5279 2417 5302 ,
2451 5251 2582 5305 rogo
2603 5277 2618 5302 ,
2650 5236 2828 5289 omnia
2857 5233 3112 5286 faciamus
3138 5270 3152 5293 ,
3179 5229 3353 5282 omnia
3384 5239 3691 5280 moveamus
3721 5233 3780 5278 ut

2192 5331 2366 5384 oleum
2399 5328 2551 5382 nobis
2576 5343 2681 5380 non
2707 5325 2919 5379 deﬁciat
2945 5341 2959 5388 ;
2993 5323 3085 5375 sed
3117 5334 3366 5374 ornemus
3393 5317 3662 5386 lampades
3687 5358 3699 5378 ,
3727 5325 3780 5368 rt

2191 5437 2310 5476 cum
2333 5419 2600 5488 sponsoin
2626 5417 2911 5470 thalamum
2943 5411 3297 5480 ingrediantur
3329 5427 3339 5462 :
3365 5423 3521 5477 quem
3545 5422 3639 5460 nos
3661 5421 3779 5458 om-

2193 5529 2289 5567 nes
2319 5510 2529 5579 assequi
2560 5509 2872 5576 contingat,
2906 5504 3070 5574 gratia
3115 5513 3168 5557 et
3212 5501 3540 5570 benignitate
3572 5498 3779 5551 Domini

2194 5604 2360 5658 nostri
2378 5601 2501 5656 Jesu
2519 5597 2738 5663 Christi,
2770 5614 2862 5665 per
2883 5611 3040 5666 quem
3071 5603 3124 5650 et
3150 5609 3268 5648 cum
3299 5607 3403 5662 quo
3427 5591 3566 5646 Patri
3589 5590 3779 5659 gloria,

2194 5693 2457 5761 simulque
2481 5689 2698 5759 Spiritui
2729 5696 2916 5742 sancto
2942 5729 2955 5755 ,
2989 5701 3130 5742 nunc
3156 5697 3210 5741 et
3237 5699 3450 5756 semper
3475 5724 3490 5749 ,
3523 5691 3578 5736 ct
3606 5681 3656 5732 in
3684 5695 3784 5732 sae-

2199 5785 2314 5840 cula
2339 5781 2673 5838 saeculorum.
2709 5779 2896 5833 Amen.
