4072 6152
1025 310 1078 360 S.
1121 305 1396 361 JOA‘NNIS
1418 301 1887 358 CllltYSOSTOMl
1931 302 2244 357 ARCIHEP.
2285 302 2814 358 CONSTANTINOP.
3497 307 3596 360 2st

1739 513 2071 574 HOE'lllLIA
2121 515 2219 575 LI.

313 676 441 727 t'sr.
486 673 536 723 7.
580 687 630 723 v.
675 671 761 724 37.
801 668 861 722 In
915 667 1182 721 novissimo
1227 674 1394 717 autem
1425 663 1506 714 die
1552 676 1734 730 magno
1763 659 1900 730 [esti-

384 766 570 823 ritatis,
599 763 760 816 stabat
780 761 954 825 Jesus,
988 770 1033 812 ct
1059 758 1308 813 clamabat
1329 757 1534 809 dicens:
1560 753 1620 808 Si
1646 754 1756 822 quis
1777 754 1900 818 sitit,

386 859 552 908 ueniat
581 857 650 907 ad
674 873 751 909 me
778 865 826 909 et
850 855 1000 907 bibat.
1030 852 1103 925 (a)
1134 851 1222 906 58.
1251 851 1352 914 Qui
1371 847 1530 901 credit
1564 848 1617 899 in
1647 863 1744 909 me,
1774 848 1904 900 sicut

386 950 506 1002 dicit
540 949 812 1017 Scriptura
832 988 846 1011 ,
881 947 1096 1016 ﬂumina
1129 945 1192 998 de
1220 954 1387 997 ventre
1431 941 1539 1010 ejus
1575 940 1734 1008 ﬂuent
1761 955 1906 1009 aqua!

389 1044 534 1095 simu.
1167 1109 1172 1112 _

395 1136 448 1190 1.
482 1133 750 1187 Auditores
771 1133 927 1186 divini
954 1132 1086 1186 verbi
1113 1133 1334 1187 sitientes
1355 1149 1459 1186 esse
1496 1141 1786 1203 Oportet.——
1805 1129 1902 1194 Qui

319 1229 383 1281 ad
406 1227 639 1280 divinam
661 1226 918 1280 accedunt
941 1225 1388 1293 prtcdicationem,
1412 1236 1462 1280 et
1487 1225 1643 1279 [idem
1667 1233 1899 1287 servant,

317 1338 352 1376 ρ
373 1337 414 1375 ιε
443 1321 731 1374 sitientium
758 1317 1078 1372 desiderium
1109 1333 1217 1385 prae
1244 1333 1303 1371 se
1333 1317 1468 1371 ferre
1489 1327 1718 1387 oportet,
1748 1324 1906 1384 atque

329 1420 526 1463 tantam
576 1412 626 1463 in
679 1408 873 1476 scipsis
919 1408 1205 1462 incendere
1253 1407 1756 1476 concupiscentiam.
1816 1407 1907 1461 Sic

322 1503 464 1554 enim
491 1511 734 1569 poterunt
755 1499 891 1553 dicta
920 1500 1124 1552 cautius
1151 1498 1400 1553 retinere.
1429 1499 1558 1553 Nam
1583 1499 1670 1568 qui
1700 1499 1903 1563 sitiunt,

323 1603 598 1661 acceptum
631 1593 876 1660 poculum
908 1591 1253 1660 cupidissime
1283 1591 1551 1654 hauriunt,
1582 1603 1634 1645 et
1660 1593 1728 1645 ita
1760 1593 1904 1645 sitim

322 1685 530 1739 sedant.
571 1685 659 1740 Szc
686 1686 862 1752 itaque
890 1685 975 1753 qui
1007 1685 1215 1738 divinos
1247 1686 1495 1738 hauriunt
1521 1700 1796 1738 sermones
1818 1726 1831 1748 ,
1862 1685 1906 1738 si

322 1777 566 1830 sitientes
595 1777 866 1842 sorbeam,
897 1791 1181 1844 numquam
1207 1776 1490 1850 cessabunt
1514 1777 1684 1831 donec
1709 1775 1908 1830 exhau-

324 1870 510 1921 serint.
549 1868 698 1933 Quod
729 1867 868 1921 enim
900 1882 1112 1936 semper
1133 1877 1375 1936 Oporteat
1405 1869 1553 1921 sitire
1585 1879 1638 1921 et
1666 1869 1870 1922 esurire
1890 1910 1904 1933 ,

321 1960 535 2024 dicitur,
566 1959 708 2012 Beati
736 1961 820 2028 qui
846 1961 1067 2013 csuriunt
1108 1969 1154 2013 et
1200 1961 1374 2012 sitiunt
1393 1961 1645 2029 justitiam
1671 1960 1690 2032 (
1719 1959 1905 2014 Matth.

323 2053 375 2104 5.
407 2050 494 2110 (il.
531 2053 593 2104 Et
625 2051 706 2104 hic
751 2051 875 2104 dicit
903 2051 1148 2104 Christus
1177 2093 1190 2116 ,
1227 2051 1288 2105 Si
1333 2053 1442 2120 quis
1467 2053 1603 2117 sitit,
1631 2054 1794 2106 veniat
1840 2053 1911 2106 ad

321 2159 400 2194 me
426 2155 472 2194 ct
495 2143 626 2195 bibat
648 2159 666 2206 ;
693 2142 740 2195 id
769 2153 868 2207 est,
896 2142 1168 2196 Neminem
1194 2145 1512 2198 necessitate
1543 2153 1628 2197 aut
1659 2145 1704 2197 vi
1727 2143 1902 2208 traho;

319 2233 411 2287 sed
444 2235 482 2285 si
515 2234 634 2304 quis
660 2235 836 2286 animo
861 2244 1161 2303 promptus,
1191 2235 1234 2289 si
1263 2227 1384 2305 quis
1408 2235 1676 2290 desiderio
1699 2235 1906 2290 fervens

318 2325 382 2377 sit
405 2365 419 2388 ,
453 2323 591 2378 hunc
615 2341 713 2394 ego
746 2341 901 2379 voco.
935 2327 1003 2378 At
1030 2342 1124 2379 cur
1153 2327 1475 2397 evangelista
1506 2328 1583 2381 sic
1608 2328 1900 2396 expressit,

318 2417 383 2471 In
432 2421 696 2472 novissimo
723 2421 804 2472 die
845 2421 1074 2489 magno?
1101 2421 1308 2475 Etenim
1343 2422 1542 2490 primus
1591 2433 1644 2477 et
1689 2423 1904 2478 ultimus

318 2527 540 2580 magnus
563 2523 698 2577 erat,
729 2513 886 2566 medii
911 2524 1087 2567 autem
1107 2517 1283 2584 potius
1311 2516 1359 2567 in
1388 2514 1593 2568 deliciis
1617 2530 1900 2570 consume-

317 2601 528 2656 bantur.
575 2603 683 2656 Cur
712 2619 840 2671 ergo
887 2602 955 2656 In
987 2605 1260 2658 novissimo
1305 2605 1474 2659 dicit?
1517 2606 1648 2673 Quia
1699 2607 1790 2659 illo
1816 2605 1930 2660 die.

313 2709 500 2748 omnes
525 2694 936 2749 com-enitebant.
969 2695 1021 2749 In
1052 2697 1226 2765 primo
1255 2712 1360 2750 non
1385 2697 1528 2751 venit
1559 2697 1667 2763 ille,
1695 2707 1747 2752 et
1775 2713 1899 2751 cau-

311 2801 425 2838 sam
453 2787 582 2840 dixit
613 2786 882 2841 fratribus.
915 2788 1018 2842 Sed
1045 2803 1143 2843 nec
1170 2789 1220 2842 in
1248 2789 1506 2856 secundo,
1537 2804 1635 2844 nec
1660 2791 1710 2844 in
1745 2791 1900 2844 tertio

311 2877 582 2946 quidpiam
613 2879 715 2931 tale
741 2879 906 2943 dicit;
935 2895 1003 2932 ne
1029 2879 1177 2933 irrita
1218 2880 1397 2935 forent
1429 2881 1588 2935 verba
1617 2923 1628 2942 ,
1662 2880 1786 2934 dum
1821 2879 1900 2934 1⁸η-

312 2979 487 3024 turum
511 2979 622 3026 erat
654 2980 712 3027 ut
738 2971 808 3026 illi
852 2972 903 3025 in
935 2971 1142 3028 deliciis
1165 2980 1362 3028 essent.
1393 2971 1691 3028 Novissima
1717 2982 1896 3030 autem

310 3064 396 3118 die
425 3105 439 3128 ,
471 3065 684 3133 quando
713 3065 1036 3121 recedebant
1066 3066 1282 3121 domum
1313 3108 1327 3130 ,
1357 3065 1549 3120 viatica
1577 3067 1642 3120 ad
1671 3067 1895 3122 salutem

309 3155 402 3208 dat
429 3155 532 3209 illis
553 3198 566 3221 ,
607 3165 662 3210 et
699 3155 893 3209 clamat
919 3172 932 3219 ;
965 3167 1073 3210 tum
1102 3166 1159 3210 ut
1189 3156 1433 3211 ﬁduciam
1472 3167 1524 3210 ct
1554 3159 1798 3225 loquendi
1830 3159 1900 3212 li-

310 3246 567 3300 bertatem
593 3248 832 3300 ostendat
857 3263 870 3308 ;
897 3257 1003 3301 tum
1025 3259 1080 3302 nt
1099 3258 1256 3303 tanta:
1272 3249 1594 3303 multitudini
1616 3250 1895 3319 signilicct.

306 3354 366 3393 se
394 3339 460 3393 de
487 3339 744 3408 spirituali
778 3349 901 3410 potu
933 3341 1206 3410 loquutum
1248 3357 1398 3405 esse,
1434 3342 1722 3412 adjicitque
1751 3360 1764 3396 :
1797 3345 1899 3410 Qui

306 3431 464 3484 credit
501 3432 554 3485 in
586 3449 665 3486 me
688 3474 703 3498 ,
737 3434 864 3486 sicut
890 3434 1011 3486 dicit
1043 3433 1310 3503 Scriptura
1333 3473 1348 3497 ,
1393 3434 1608 3503 {lumina
1633 3438 1694 3487 de
1719 3446 1888 3489 ventre

305 3525 414 3588 eius
438 3525 596 3594 ﬂuent
624 3540 768 3586 aqua:
792 3527 932 3579 vivae.
968 3524 1220 3579 Ventrem
1249 3540 1344 3579 cor
1370 3533 1557 3588 vocat;
1591 3535 1645 3578 ut
1671 3535 1725 3579 et
1754 3526 1886 3580 alibi

304 3617 398 3680 ait,
422 3615 654 3685 Etlegem
671 3626 808 3669 tuam
831 3618 882 3669 in
907 3615 1069 3670 medio
1088 3617 1270 3670 ventris
1287 3617 1382 3669 mei
1403 3617 1473 3687 (b)
1500 3614 1669 3687 (Psal.
1691 3617 1779 3671 59.
1809 3616 1888 3687 9).

312 3705 379 3759 Et
423 3707 640 3758 ubinam
669 3706 797 3759 dicit
830 3707 1140 3775 Scriptura,
1188 3707 1433 3761 Flumina
1469 3708 1534 3761 de
1574 3719 1742 3762 ventre
1784 3711 1891 3778 ejus

305 3803 462 3869 fluent
492 3815 638 3868 aqua:
661 3801 785 3852 uicae
805 3801 830 3852 ?
855 3799 1145 3868 Nusquam.
1168 3800 1302 3865 Quid
1329 3800 1428 3854 sibi
1453 3801 1563 3855 vult
1581 3817 1708 3870 ergo
1739 3802 1885 3866 illud,

309 3890 411 3956 Qui
440 3888 604 3942 credit
633 3891 684 3941 in
716 3905 812 3951 mc,
841 3889 968 3942 sicut
997 3890 1117 3941 dicit
1146 3890 1456 3959 Scriptura?
1487 3891 1582 3944 Hic
1608 3893 1887 3960 interpun-

303 3980 535 4050 geudum
568 3989 688 4046 est;
719 3990 774 4034 ut
811 3980 935 4035 illud
968 4023 982 4044 ,
1014 3979 1255 4035 Flumina
1281 3983 1344 4034 de
1369 3992 1538 4036 ventre
1562 3985 1670 4053 ejus
1695 3985 1853 4055 ﬂuent
1873 4025 1888 4050 ,

301 4075 372 4127 sit
394 4072 590 4129 Christi
619 4077 904 4129 sententia.
945 4074 1078 4142 Quia
1119 4075 1259 4130 enim
1289 4077 1437 4130 inuiti
1471 4076 1753 4140 dicebant,
1790 4076 1887 4132 llic

301 4175 371 4219 cst
403 4166 670 4233 Christus;
702 4176 755 4224 et
781 4167 1010 4225 Christus
1055 4185 1169 4223 cum
1206 4171 1391 4223 venerit
1417 4210 1430 4234 ,
1474 4169 1718 4237 numquid
1744 4171 1892 4238 plura

304 4260 452 4327 signa
479 4261 626 4330 faciet
670 4261 688 4332 (
712 4277 760 4314 υ.
787 4261 877 4318 26.
905 4273 952 4315 et
978 4263 1038 4316 51
1069 4263 1126 4331 )?
1150 4263 1385 4317 ostendit
1412 4273 1663 4332 Oportere
1689 4274 1887 4318 rectam

304 4359 489 4404 tenere
520 4353 835 4406 sententiam
857 4393 870 4415 ,
907 4368 1078 4422 neque
1108 4353 1177 4406 ita
1221 4370 1285 4408 ex
1323 4354 1522 4424 signis,
1557 4363 1614 4408 ut
1656 4371 1720 4410 ex
1747 4354 1893 4410 Seria

302 4444 472 4509 pun-is
502 4444 827 4498 credendum
857 4462 997 4499 esse.
1036 4445 1182 4499 Multi
1206 4447 1350 4500 enim
1395 4463 1514 4501 cum
1551 4449 1700 4502 illum
1729 4449 1892 4503 mira-

299 4535 417 4587 cula
449 4533 694 4589 edentem
722 4545 1025 4599 cernerent,
1057 4552 1161 4588 non
1189 4538 1339 4606 quasi
1367 4536 1642 4592 Christum
1669 4540 1890 4608 recipie-

303 4625 432 4678 bant
461 4639 474 4686 ;
522 4626 633 4677 lmo
665 4625 858 4678 dicturi
885 4633 1043 4678 erant
1067 4666 1082 4688 ,
1115 4625 1300 4680 Nonne
1329 4627 1618 4697 Scriptura:
1665 4629 1848 4684 dicunt
1871 4673 1886 4695 ,

299 4717 576 4771 Christum
623 4732 688 4770 ex
720 4719 923 4772 semine
972 4716 1136 4772 David
1184 4728 1467 4773 venturum
1512 4722 1670 4775 esse?
1714 4721 1770 4775 ιιι
1799 4722 1889 4777 ille

299 4812 612 4882 frequenter
637 4810 881 4864 versabat
905 4853 920 4871 ,
953 4819 1012 4864 ιιι
1039 4810 1343 4867 ostenderet
1370 4827 1429 4867 se
1451 4811 1752 4882 huiusmodi
1793 4813 1888 4868 de.

305 4902 747 4957 umnstrationem
778 4918 880 4956 non
911 4901 1096 4972 fugere
1128 4921 1140 4956 :
1172 4919 1461 4972 rursusque
1489 4905 1611 4960 illos
1641 4905 1707 4960 ad
1743 4905 1888 4961 Scri-

305 5005 487 5064 ploras
535 4995 777 5051 remittit.
821 4995 1079 5063 Superius
1116 4995 1258 5049 enim
1301 4995 1543 5051 dixerat:
1579 4996 1892 5053 Scrutamini

304 5087 624 5156 Scripturas;
654 5096 708 5140 et
737 5102 945 5140 rursum
977 5103 992 5140 :
1021 5086 1281 5156 Scriptum
1311 5097 1382 5141 est
1406 5092 1457 5141 in
1487 5090 1747 5159 prophetis
1772 5132 1788 5155 ,
1821 5088 1888 5144 Et

300 5188 444 5229 erunt
483 5193 653 5231 omnes
685 5176 923 5232 docibiles
955 5176 1048 5231 Dei
1066 5175 1244 5249 (Joan.
1277 5179 1328 5232 5.
1356 5177 1422 5232 '59
1472 5189 1516 5231 et
1550 5179 1602 5232 6.
1631 5180 1735 5249 45)
1762 5195 1777 5245 ;
1811 5189 1884 5246 et,

303 5264 507 5337 Moyses
539 5284 625 5322 vos
667 5277 867 5322 accusat
891 5287 910 5334 ;
933 5268 1019 5324 hic
1045 5285 1172 5324 vero
1189 5309 1205 5334 ,
1234 5268 1378 5324 Sicut
1404 5269 1532 5322 dixit
1572 5271 1849 5340 Scriptura
1869 5312 1884 5337 ,

366 5442 440 5504 (τι)
476 5441 527 5504 in
550 5441 713 5504 )torel.
742 5455 851 5504 qua!
874 5451 1147 5504 sequuntur
1167 5441 1373 5493 deerant
1397 5445 1444 5491 in
1480 5443 1641 5494 titulo.

372 5503 442 5563 (ὁ)
471 5502 716 5581 llehraice
742 5502 922 5581 legitur
942 5502 1224 5581 ima-(1:12,
1245 5507 1294 5556 in
1315 5505 1478 5556 medio
1499 5505 1735 5581 riscerupt
1757 5518 1886 5555 meo-

297 5587 426 5629 rum.
446 5582 500 5622 ut
524 5575 670 5636 vertit
690 5575 1008 5635 Symmachus.
1026 5572 1189 5636 aqiiila
1211 5583 1376 5624 autem
1394 5583 1444 5623 et
1467 5572 1746 5636 'I'heodotio,
1766 5584 1890 5636 quos

299 5645 525 5698 sequitur
573 5633 895 5698 Hi_t_-ronyn_1_us
914 5669 927 5690 ,
952 5636 1001 5698 in
1032 5633 1202 5698 medio
1222 5644 1400 5684 uentris
1424 5633 1534 5684 mei.
1559 5640 1754 5698 I.xx_et
1770 5633 1888 5682 Vul-

300 5694 426 5758 gata.
453 5697 502 5746 in
526 5695 685 5746 medio
708 5694 867 5743 cordis
895 5694 1001 5742 mei.
1030 5695 1102 5742 Ex
1217 5698 1433 5744 Patribus
1455 5706 1620 5746 autem
1639 5695 1720 5746 alii
1745 5696 1886 5756 hanc,

299 5762 376 5808 ιιιι
405 5762 530 5808 illam
558 5759 1014 5819 interpretationem
1039 5765 1328 5817 sequuntur.

2008 663 2219 729 ﬂumina
2242 665 2302 717 de
2323 678 2489 722 ventre
2511 674 2620 739 ejus
2645 674 2804 742 [luent
2825 685 2839 747 (
2859 678 3014 735 Joan.
3043 683 3095 738 5.
3121 683 3188 740 hii
3210 682 3226 760 )
3251 707 3264 755 ;
3297 690 3594 744 ubertatem

2010 763 2062 807 et
2101 759 2307 854 copiam
2340 765 2522 854 gratia:
2550 769 2912 837 subindicans,
2964 789 3022 834 ut
3067 759 3216 839 alibi
3247 788 3397 854 dicit,
3456 791 3596 846 Fons

2008 855 2152 907 aqua:
2176 845 2398 899 salientis
2428 849 2478 900 in
2504 853 2652 906 vitam
2679 867 2916 914 wternam
2947 864 3120 932 (Ibid.
3149 872 3202 925 4.
3246 875 3340 943 Η)
3367 845 3460 942 {id
3492 895 3592 943 ρει,

2011 937 2228 1038 multum
2253 938 2466 996 habebit
2486 950 2730 1013 gratiam.
2752 955 2889 1010 Alibi
2915 959 3140 1027 dixerat,
3161 968 3311 1022 vitam
3332 983 3596 1038 attentarit;

2015 1025 2099 1080 hic
2123 1029 2270 1095 dicit,
2301 1050 2483 1105 aquam
2506 1039 2686 1095 rivum.
2714 1044 2897 1102 Vivam
2923 1065 3070 1106 vocat
3097 1072 3212 1112 eam
3241 1077 3359 1130 qua:
3385 1079 3595 1134 semper

2011 1129 2265 1186 operatur
2289 1165 2303 1189 ,
2333 1126 2562 1196 Spiritus
2589 1135 2730 1190 enim
2760 1142 2926 1208 gratia
2969 1158 3090 1200 cum
3137 1149 3189 1202 in
3233 1126 3467 1209 animam
3505 1126 3594 1211 iu-

2009 1225 2192 1314 gressa
2221 1224 2276 1269 et
2302 1221 2530 1277 stabilita
2561 1225 2748 1294 fuerit,
2784 1232 2899 1299 plus
2927 1251 3082 1305 quam
3111 1239 3226 1295 fons
3255 1247 3430 1314 quivis
3473 1265 3594 1305 Sca-

2014 1306 2142 1356 turit
2162 1322 2173 1367 ;
2197 1324 2377 1402 neque
2404 1326 2596 1379 cessat,
2630 1321 2710 1374 vel
2736 1337 3055 1396 evacuatur,
3088 1347 3260 1402 neque
3274 1306 3497 1397 desinit.
3528 1343 3597 1397 Ut.

2011 1408 2138 1500 ergo
2167 1398 2324 1505 simul
2350 1415 2403 1458 et
2430 1422 2716 1479 numquam
2745 1414 2992 1485 deiicere,
3021 1434 3072 1477 et
3097 1398 3434 1489 ineffabiliter
3454 1451 3593 1505 ope-

2012 1491 2114 1541 rari
2146 1490 2361 1549 denotet
2389 1538 2403 1562 ,
2436 1499 2638 1556 fontem
2680 1514 2734 1559 et
2763 1507 2950 1566 ﬂuvios
2989 1517 3253 1585 appellat;
3289 1538 3394 1580 non
3424 1490 3588 1581 miunt

2013 1584 2229 1640 fluvium
2257 1630 2270 1650 ,
2319 1592 2410 1645 sed
2463 1595 2898 1657 innumerabiles.
2930 1607 2996 1661 Et
3042 1610 3146 1665 illic
3187 1584 3462 1672 salientem
3495 1636 3591 1688 pro

2013 1676 2304 1777 inundante
2333 1683 2484 1737 dixit.
2519 1686 2670 1752 Quod
2700 1692 2844 1748 clare
2865 1698 3124 1767 percipiet
3153 1704 3196 1758 si
3229 1707 3348 1775 quis
3377 1676 3591 1777 sapien-

2016 1769 2142 1823 tiam
2173 1773 2430 1843 Stephani
2456 1820 2470 1841 ,
2503 1778 2646 1835 Petri
2679 1783 2946 1854 linguam,
2979 1789 3125 1845 Pauli
3155 1769 3262 1847 viui
3289 1769 3593 1854 considera-

2013 1863 2180 1929 verit,
2218 1881 2322 1935 quo
2356 1880 2507 1936 pacto
2537 1872 2665 1927 nihil
2703 1891 2796 1930 eos
2829 1881 3004 1934 tulerit
3032 1925 3046 1948 ,
3081 1885 3210 1940 nihil
3241 1891 3546 1946 sustinuerit
3575 1910 3589 1957 ;

2013 1969 2117 2007 non
2152 1959 2461 2026 populorum
2495 1962 2660 2032 furor,
2691 1982 2794 2021 non
2821 1979 3164 2040 tyrannorum
3193 1978 3461 2046 violentia,
3489 1999 3592 2037 non

2012 2047 2310 2104 dannonum
2345 2055 2568 2122 insidiae,
2602 2075 2704 2113 non
2727 2066 3050 2132 quotidiana:
3071 2080 3298 2137 mortes;
3327 2075 3421 2128 sed
3444 2077 3592 2144 quasi

2018 2140 2234 2194 flumina
2263 2160 2454 2214 magno
2478 2148 2676 2219 impetu
2706 2153 2944 2221 ﬂuentia,
2979 2160 3054 2213 sic
3077 2163 3254 2215 omnia
3286 2140 3474 2220 secum
3497 2176 3593 2221 tra~

2009 2231 2203 2285 xerint.
2231 2235 2319 2289 59.
2353 2236 2478 2291 Htrc
2499 2250 2665 2294 autem
2685 2242 2812 2297 dixit
2840 2247 2902 2299 de
2921 2248 3143 2318 Spiritu,
3171 2270 3317 2322 quem
3341 2260 3592 2325 accepturi

2009 2335 2150 2376 erant
2189 2327 2444 2382 credentes
2489 2331 2542 2384 in
2572 2349 2703 2387 eum.
2747 2335 2992 2392 Nondum
3033 2344 3165 2396 enint
3208 2357 3314 2399 erat
3365 2347 3592 2417 Spiritus

2007 2427 2227 2472 sanctus.
2277 2420 2555 2488 Quomodo
2595 2442 2722 2496 ergo
2769 2431 3038 2499 prOphetze
3073 2437 3492 2504 prophetarum.
3539 2451 3591 2496 et

2008 2507 2283 2565 innumera
2312 2514 2529 2570 edidere
2557 2520 2859 2576 miracula?
2889 2527 3129 2594 Apostoli
3163 2530 3303 2583 enim
3336 2548 3441 2587 non
3471 2533 3589 2602 Spi-

2006 2603 2130 2666 ritu,
2155 2605 2248 2658 sed
2272 2606 2387 2676 ejus
2410 2609 2602 2665 virtute
2621 2611 2882 2668 daemonia
2908 2617 3200 2685 ejecerunt,
3226 2631 3279 2674 ut
3303 2623 3415 2690 ipse
3437 2623 3586 2679 dicit:

2006 2696 2068 2749 Si
2096 2714 2186 2767 ego
2228 2700 2279 2752 in
2311 2700 2580 2756 Beelzebub
2619 2706 2764 2774 ejicio
2795 2709 3065 2774 daemonia,
3097 2714 3191 2778 ﬁlii
3221 2716 3368 2768 vestri
3394 2715 3449 2769 in
3489 2733 3588 2782 quo

2004 2791 2213 2861 ejiciunt
2250 2793 2267 2862 (
2294 2792 2479 2877 Muttlt.
2511 2797 2596 2851 1‘2.
2628 2799 2693 2852 27
2719 2800 2734 2868 )
2757 2804 2779 2854 ‘!
2806 2801 2916 2856 Hoc
2950 2813 3125 2859 autem
3169 2807 3380 2863 dicebat
3425 2810 3589 2880 signi-

2005 2880 2191 2952 ﬁcans,
2211 2899 2316 2940 uon
2337 2901 2525 2944 onmes
2543 2887 2742 2961 Spiritu
2759 2905 2882 2949 ante
2899 2909 3132 2966 crucem,
3151 2899 3244 2956 sed
3263 2899 3376 2970 ejus
3391 2906 3586 2960 virtute

2002 2975 2223 3045 cjecisse
2249 2980 2531 3035 daemonia.
2557 2983 2690 3040 Cum
2720 3002 2847 3057 ergo
2874 2989 2994 3043 illos
3015 2993 3271 3047 missurus
3294 3005 3429 3059 erat,
3463 3005 3587 3050 hinc

2005 3066 2155 3132 dixit,
2187 3070 2410 3139 Accipite
2437 3072 2689 3142 Spiritum
2706 3089 2958 3144 sanctum;
2985 3098 3046 3134 ac.
3077 3101 3286 3139 rursum
3305 3127 3319 3147 ,
3360 3084 3504 3141 Venit
3531 3088 3583 3141 in

2001 3176 2083 3213 eos
2101 3159 2322 3232 Spiritus
2337 3174 2560 3229 sanctus,
2580 3175 2626 3219 et
2638 3177 2754 3221 tunc
2769 3171 2913 3240 signa
2925 3172 3171 3240 faciebant
3193 3174 3584 3247 (JoanﬁOEQ).

2068 3252 2124 3305 2.
2166 3253 2296 3308 Cum
2323 3264 2499 3311 autem
2531 3259 2671 3312 misit
2692 3276 2804 3326 eos,
2833 3279 2938 3316 non
2962 3264 3111 3329 dixit,
3139 3267 3290 3322 1)ε-ιΙίι
3311 3271 3388 3322 eis
3415 3270 3586 3339 Spiri-

2002 3353 2110 3398 tum
2138 3355 2410 3413 sauctum;
2443 3349 2559 3414 sed,
2609 3350 2762 3406 Dedit
2788 3351 2859 3407 eis
2885 3365 3199 3424 potestatem,
3247 3359 3432 3414 dicens
3458 3379 3472 3414 :
3497 3359 3584 3414 Le-

1997 3453 2175 3505 prosos
2205 3439 2464 3513 mandate,
2513 3440 2764 3496 daemonia
2809 3446 2994 3514 ejicite,
3041 3458 3263 3503 mortuos
3305 3453 3580 3514 suscitate;

1995 3532 2152 3600 gratis
2173 3530 2454 3598 accepistis,
2480 3534 2640 3602 gratis
2670 3536 2784 3588 date
2811 3535 3034 3608 (Matth.
3070 3541 3154 3596 10.
3191 3542 3240 3594 1.
3274 3551 3320 3594 ct
3348 3545 3426 3611 8).
3447 3543 3580 3597 Pro~

1997 3621 2174 3691 phetis
2202 3633 2378 3677 autem
2413 3625 2462 3678 in
2491 3626 2737 3682 confesso
2780 3629 2919 3697 apud
2968 3647 3156 3688 omnes
3198 3644 3282 3689 cst
3325 3634 3578 3706 Spiritum

1997 3725 2238 3769 sanetum
2271 3716 2433 3772 fuisse
2463 3719 2676 3786 datum;
2708 3721 2802 3775 sed
2831 3724 2996 3792 gratia
3039 3725 3126 3780 illa
3168 3737 3436 3783 contracta
3465 3740 3582 3784 erat

1997 3815 2050 3860 et
2078 3807 2279 3874 avulsa,
2311 3817 2468 3880 atque
2493 3811 2547 3864 in
2570 3819 2706 3866 terra
2735 3813 2969 3868 desierat
2993 3817 3061 3870 ab
3103 3817 3190 3872 illa
3228 3819 3335 3884 die,
3368 3837 3468 3890 qua
3495 3820 3577 3875 di-

1997 3905 2138 3949 ctum
2168 3896 2285 3959 fuit,
2321 3897 2638 3970 Relinquitur
2663 3903 2844 3956 domus
2871 3915 3034 3958 vestra
3063 3907 3262 3962 deserta
3295 3909 3456 3978 (Ibid.
3487 3913 3576 3965 :25.

1997 3987 2108 4056 53).
2146 3987 2210 4040 Et
2235 3999 2360 4043 ante
2388 3990 2529 4044 illam
2551 3992 2691 4046 diem
2709 3993 2820 4062 jam
2841 3997 3012 4050 rarior
3031 4012 3150 4052 esse
3170 4011 3424 4068 carperat.
3447 4000 3580 4055 Nul-

1998 4079 2078 4134 lus
2100 4079 2238 4149 apud
2265 4079 2382 4134 illus
2411 4083 2666 4154 prOpheta
2689 4097 2833 4154 erat;
2868 4105 3038 4160 neque
3064 4093 3227 4160 gratia
3257 4093 3466 4148 illorum
3495 4111 3582 4148 sa-

1995 4177 2100 4229 cris
2148 4178 2522 4246 prospiciebat.
2569 4179 2700 4234 Cum
2747 4183 2905 4252 igitur
2947 4184 3172 4253 Spiritus
3213 4196 3425 4241 sanctus
3464 4187 3578 4255 jam

1995 4267 2200 4322 ablatus
2228 4277 2387 4333 esset,
2434 4270 2772 4342 futurumque
2802 4283 2943 4329 esset
2973 4285 3030 4330 ut
3063 4276 3260 4346 largius
3289 4277 3583 4332 elinudoro-

1997 4370 2099 4427 tur,
2120 4363 2272 4433 cujus
2287 4363 2410 4418 doni
2437 4366 2752 4436 principium
2779 4377 2898 4437 pest
2922 4385 3132 4426 crucem
3155 4373 3269 4436 fuit,
3300 4388 3404 4425 non
3422 4374 3584 4427 abun-

1994 4453 2204 4508 dantius
2226 4455 2404 4521 modo,
2429 4456 2523 4511 sed
2546 4458 2706 4512 etiam
2725 4474 2842 4512 cum
2869 4459 3159 4528 majoribus
3175 4461 3583 4519 cbarismatibus

1996 4547 2316 4613 (mirabilius
2342 4549 2538 4616 quippe
2569 4549 2771 4604 donum
2800 4549 2919 4618 fuit,
2950 4562 3006 4606 ut
3031 4567 3151 4606 cum
3177 4553 3324 4616 dicit,
3361 4554 3581 4609 Nescitis

1994 4639 2139 4707 cujus
2167 4637 2376 4705 spiritus
2399 4640 2509 4692 sitis
2535 4637 2682 4710 [Luc.
2707 4641 2760 4694 9.
2807 4640 2928 4714 55];
2957 4652 3010 4698 et
3048 4644 3261 4708 iterum,
3299 4645 3419 4700 Non
3451 4648 3582 4700 enim

1995 4730 2254 4797 accepistis
2273 4730 2505 4798 spiritum
2527 4732 2795 4796 servitutis,
2820 4735 2908 4788 sed
2926 4737 3189 4804 accepistis
3209 4739 3445 4806 spiritum
3458 4741 3584 4792 ado-

1997 4821 2181 4889 ptiouis
2203 4818 2378 4891 [Ιίοιη.
2410 4823 2464 4876 8.
2499 4820 2609 4894 15].
2639 4824 2771 4881 Nam
2815 4836 3024 4881 veteres
3068 4829 3140 4882 illi
3168 4843 3381 4900 quoque
3408 4831 3581 4899 Spiri-

1997 4921 2105 4964 tum
2153 4912 2439 4977 babebant,
2477 4914 2571 4968 sed
2615 4915 2734 4971 aliis
2765 4934 2868 4970 non
2902 4919 3279 4987 impertiebant
3309 4940 3321 4977 :
3353 4921 3580 4990 apostoli

1996 5019 2123 5058 vero
2150 5003 2459 5060 innumeros
2491 5005 2581 5059 illo
2609 5007 2936 5078 replebant);
2973 5012 3223 5079 quoniam
3253 5013 3412 5082 igitur
3439 5011 3582 5065 illam

1992 5096 2215 5165 gratiam
2247 5098 2512 5166 accepturi
2536 5107 2690 5153 erant
2709 5099 2964 5170 (nondum
2981 5103 3123 5157 enim
3146 5103 3266 5158 data
3285 5102 3441 5175 erat),
3463 5103 3585 5158 ideo

1994 5189 2085 5251 ait,
2113 5187 2357 5242 Nondum
2383 5200 2490 5243 erat
2518 5191 2744 5261 Spiritus
2765 5202 2987 5246 sanctus.
3022 5193 3095 5247 De
3122 5193 3219 5248 ltac
3241 5194 3401 5263 igitur
3414 5196 3580 5263 gratia

1994 5281 2320 5350 evangelista
2360 5282 2590 5344 dicebat.
2637 5282 2882 5336 Nondum
2937 5293 3041 5337 erat
3091 5285 3317 5353 Spiritus
3354 5297 3580 5351 sanctus,

1996 5387 2189 5440 nempe
2233 5373 2422 5435 datus,
2466 5376 2584 5434 quia
2627 5375 2777 5429 Jesus
2820 5376 3044 5429 nondum
3099 5387 3206 5431 erat
3245 5377 3581 5446 glori/iratus,

1993 5465 2216 5533 gloriam
2240 5466 2515 5535 appellans
2539 5481 2774 5520 crucem.
2799 5467 2931 5534 Quia
2954 5469 3094 5522 enim
3123 5468 3323 5523 inimici
3346 5483 3580 5530 eramus,

1998 5569 2321 5626 peccatores,
2341 5559 2508 5626 gratia
2539 5560 2627 5613 Dei
2647 5561 2858 5630 privati,
2884 5561 3085 5615 inimici
3111 5562 3233 5626 Dei;
3265 5561 3433 5630 gratia
3456 5575 3585 5614 vero

1994 5659 2111 5705 erat
2139 5652 2588 5707 reconciliationis
2617 5653 2898 5718 indicium;
2927 5654 3126 5708 donum
3158 5664 3336 5709 autem
3366 5670 3470 5708 non
3490 5654 3591 5706 ini-

1995 5744 2148 5799 micis
2175 5754 2228 5801 et
2257 5745 2480 5816 perosis,
2509 5745 2602 5803 sed
2627 5747 2814 5804 amicis
2843 5758 2897 5806 et
2924 5747 3160 5818 probatis
3209 5747 3394 5814 datur;
3427 5759 3577 5815 opor-
