4072 6152
1542 306 1606 363 ΙΝ
1636 306 1955 366 ῘΟᾹΝΧΕΜ
1999 310 2232 369 1103111..
2277 313 2363 370 ιλ.
2407 316 2479 372 al.
2525 316 2587 373 L.

3575 316 3684 373 νει

406 441 3651 474 ____._..______.__.._.__...___.___________________________v

1727 530 1883 604 [299]
1919 533 2163 586 omum
2206 534 2335 587 NA'.

391 620 497 696 ἐκ
516 620 585 675 δὲ
607 619 686 696 τῇ
726 619 960 696 ἐσχᾷτη
1002 621 1215 696 ἡμέραν
1241 620 1317 696 τῇ
1337 620 1574 696 μεγάλη
1605 621 1716 696 τῆς
1744 625 1977 696 ἑορτῆς.

448 693 748 765 εἱστήκει-
782 693 816 745 ὀ
852 692 1093 765 Ἰησοῦς
1121 732 1135 756 ,
1172 694 1289 765 καίΔ
1313 692 1519 763 ἔπραξε
1545 692 1818 765 ’λέγωνί
1840 694 1984 749 Ἐάν

329 802 335 811 .
446 779 538 828 τις
597 761 771 830 διψᾷ,
859 761 1327 834 ἐρχέσθω-πρός
1372 761 1469 834 με,
1515 767 1614 819 καὶ
1644 761 1896 821 ⁷κινείτω.
1926 765 1982 818 Ὀ

446 834 752 904 πιστεύων
767 833 857 897 εις
874 831 1002 901 ἐμὲ,
1020 832 1214 904 καθὼς
1232 831 1403 888 εἶπεν
1421 835 1460 901 ἡ
1480 835 1717 904 Γραφὴ.
1732 835 1982 904 ποταμοὶ

337 924 349 977 ι
447 902 517 955 ἐκ
540 901 651 970 τῆς
675 904 909 968 κοιλίας
934 903 1121 957 αὑτοῦ
1144 906 1485 972 ῥεύσουσιν
1504 901 1723 974 ὕδατος
1745 901 1981 972 ζῶντος.

341 994 348 1010 ¹
449 982 663 1049 α’.Τοί›ς
680 986 1004 1055 προσιόντας
1018 985 1096 1056 τῷ
1114 987 1244 1059 θείῳ
1260 987 1596 1060 κηρύγματι,
1615 990 1704 1043 καὶ
1716 992 1785 1060 τῇ
1802 989 1983 1042 πίστει

381 1068 766 1140 προσέχοντας,
790 1068 882 1123 τὸν
914 1068 1024 1123 τῶν
1053 1069 1333 1140 διψώντων
1361 1073 1543 1145 ἔρωτα
1575 1072 1982 1126 ἐπιδείκνυσθαι

381 1155 509 1225 χρὴ,
544 1152 640 1206 καὶ
677 1152 945 1223 τοσαύτην
996 1154 1259 1208 ἀνάπτειν
1302 1156 1597 1227 ἐπιθυμίαν
1640 1157 1700 1210 ἐν
1744 1157 1978 1218 ἑαυτοῖς.

383 1236 538 1291 Ούτω
569 1236 677 1308 γὰρ
700 1236 1021 1308 δυνήσονται
1071 1240 1165 1293 καὶ
1195 1238 1266 1293 τὰ
1311 1240 1579 1312 λεγόμενα
1610 1240 1749 1312 μετά
1782 1239 1981 1310 πολλῆς

382 1323 672 1392 κατασχεῖν
694 1321 795 1392 τῆς
822 1322 1087 1395 φυλακῆς.
1110 1323 1221 1377 Καὶ
1245 1324 1353 1395 γάρ
1384 1325 1435 1377 οί
1460 1322 1741 1394 διψῶντες,
1764 1322 1982 1377 ἐπειδὰν

379 1406 577 1459 κύλικα
605 1403 832 1469 λάϐωσι,
867 1405 1008 1477 μετὰ
1054 1406 1256 1477 πολλῆς
1282 1407 1450 1480 αὐτὴν
1472 1407 1691 1462 ἕλκουσι
1724 1408 1823 1478 τῆς
1847 1423 1982 1478 προ-

379 1490 599 1560 θυμίας,
653 1490 747 1543 καὶ
794 1488 918 1542 τότε
960 1489 1405 1544 διαναπαύονται.
1458 1489 1616 1544 Οῦτω
1660 1490 1839 1544 τοίνυν
1887 1489 1980 1542 καὶ

379 1574 426 1626 οί
455 1572 564 1625 τῶν
610 1572 770 1627 θείων
809 1570 1101 1636 ἀκούοντες
1144 1571 1363 1641 λογίων,
1407 1575 1456 1627 εί
1500 1572 1763 1643 διψῶντες
1808 1589 1979 1644 προσ-

378 1654 615 1719 λάδοιεν,
646 1656 901 1710 οὐδέποτε
936 1654 1238 1725 καμοῦνται
1283 1657 1389 1719 ἓως
1430 1655 1497 1709 ἂν
1535 1657 1824 1710 ἐκπίωσιν.
1855 1656 1979 1709 ’Ότι

376 1741 487 1812 γάρ
511 1742 597 1795 ιἰελ⁸
623 1739 731 1812 χρὴ
769 1740 928 1810 διψᾷν
963 1739 1058 1793 καὶ¹
1102 1742 1327 1810 πεινῇν·
1361 1738 1677 1808 Μακάριοι,
1713 1739 1897 1810 φησὶν,
1924 1741 1979 1793 οι

375 1824 697 1889 πεινῶντες
755 1825 850 1878 καί
902 1822 1198 1892 διψῶντες
1246 1823 1362 1891 τὴν
1401 1823 1818 1890 δικαιοσύνην.
1867 1821 1980 1876 Kal

379 1905 621 1959 ἐνταῦθά
643 1923 808 1976 φησιν
853 1907 881 1958 ὁ
924 1906 1183 1975 Χριστός·
1240 1907 1314 1958 EI
1356 1922 1449 1972 τις
1492 1904 1663 1974 διψᾷ,
1714 1902 1979 1974 ἐρχέσθω

379 1989 536 2057 πρός
580 2005 678 2057 με,
715 1988 814 2042 καί
854 1990 1085 2041 πινέτω.
1126 1989 1191 2042 Ὃ
1233 1989 1290 2042 δὲ
1335 1987 1485 2056 λέγει
1526 1988 1766 2042 τοιοῦτόν
1798 1990 1978 2041 ἐστιν·

380 2073 590 2125 Οὐδένα
621 2071 830 2141 ἀνάγκῃ
879 2072 973 2126 καὶ
1004 2071 1097 2142 βία
1133 2071 1432 2141 ἐφέλκομαι
1452 2087 1465 2100 ·
1500 2071 1616 2124 ἀλλ’
1663 2070 1719 2123 εί
1748 2087 1834 2133 τις
1864 2070 1977 2140 ἔχει

383 2154 691 2225 προθυμίαν
729 2153 946 2225 πολλὴν,
980 2155 1137 2218 εἴτις
1166 2155 1449 2209 ἐκκαίεται
1480 2153 1557 2224 τῷ
1584 2152 1756 2224 πόθῳ,
1786 2151 1976 2205 τοῦτον

377 2233 491 2303 ἐγὼ
526 2236 692 2290 καλῶ.
735 2237 891 2299 Τίνος
936 2237 992 2289 δὲ
1037 2238 1224 2290 ἕνεκεν
1267 2239 1654 2307 ἐπεσημήνατο
1679 2237 1709 2288 ὁ
1749 2237 1978 2304 εὐαγγε-

374 2318 585 2391 λιστὴς,
615 2322 699 2375 ὅτι
741 2321 837 2373 Ἐν
871 2319 946 2389 τῇ
984 2321 1215 2391 ἐσχάτῃ
1244 2321 1438 2391 ἡμέρα
1464 2319 1539 2389 τῇ
1565 2319 1836 2391 metu);
1868 2320 1977 2374 Kal

374 2402 485 2473 γὰρ
513 2405 546 2473 ή
578 2403 769 2475 πρώτη
803 2404 899 2457 καὶ
950 2405 983 2474 η
1029 2405 1313 2457 τελευταία
1350 2404 1561 2476 μεγάλη
1607 2401 1675 2474 ἦν
1696 2421 1708 2433 ·
1743 2404 1842 2466 τὰς
1868 2404 1977 2475 γάρ

376 2485 580 2557 μεταξὺ
613 2486 815 2558 μᾶλλον
853 2489 934 2551 είς
978 2488 1188 2559 τρυφὴν
1215 2488 1530 2560 ἀνήλισκον.
1561 2489 1717 2551 Τίνος
1744 2485 1837 2541 οὖν
1862 2489 1978 2541 ἐνε-

375 2585 474 2622 κεν
504 2570 608 2623 Ἐν
651 2568 725 2637 τῇ
770 2570 1001 2639 ἐσχάτῃ
1057 2570 1246 2637 λέγει;
1283 2572 1407 2625 Ὅτι
1465 2573 1523 2625 ἐν
1579 2573 1717 2642 αὐτῇ
1774 2571 1976 2633 πάντες

373 2647 515 2723 ἦσαν
545 2654 1064 2725 συγκεκροτημένοι.
1101 2655 1181 2726 Τῇ
1217 2655 1316 2725 μὲν
1355 2656 1463 2728 γάρ
1509 2655 1705 2727 πρώτῃ
1737 2656 1798 2708 οὐ
1834 2669 1978 2726 παρ-

374 2734 614 2803 εγένετο,
658 2738 750 2790 καὶ
789 2737 889 2807 τὴν
930 2737 1110 2790 αἰτίαν
1159 2732 1281 2790 εἷπε
1326 2738 1464 2809 πρὸς
1505 2739 1633 2801 τοὺς
1689 2738 1975 2806 ἀδελφούς.

388 2819 529 2873 Ἀλλ’
561 2820 682 2874 οὐδὲ
714 2823 777 2874 ἐν
793 2824 860 2890 τῇ
880 2820 1109 2892 δευτέρα
1133 2822 1226 2874 καὶ
1253 2822 1413 2894 τρίτῃ
1445 2839 1497 2875 τι
1532 2821 1771 2875 τοιοῦτον
1802 2821 1973 2890 λέγει,

373 2902 518 2957 ὥστε
553 2903 629 2975 μὴ
674 2902 969 2973 ἐκλυθῆναι
1000 2905 1068 2957 τὰ
1115 2904 1409 2975 λεγόμενα,
1453 2904 1755 2975 μελλόντων
1794 2904 1977 2960 αὐτῶν

374 2990 458 3051 είς
486 2988 696 3060 τρυφὴν
734 2987 894 3042 ίέναι.
935 2989 1013 3060 Τῇ
1051 2988 1108 3042 δὲ
1155 2989 1384 3061 ἐσχάτῃ,
1424 2990 1516 3044 ὅτε
1554 2987 1860 3060 ἀνεχώρουν
1894 2990 1975 3042 0!-

375 3071 528 3134 καδε,
555 3071 742 3140 ἐφόδια
775 3071 959 3135 αὐτοῖς
999 3071 1184 3124 δίδωσι
1214 3071 1352 3143 πρὸς
1384 3072 1680 3142 σωτηρίαν,
1711 3072 1807 3125 καὶ
1837 3072 1976 3141 κρά-

375 3154 487 3218 ζει·
532 3154 693 3208 τοῦτο
755 3154 877 3226 μὲν,
931 3155 1032 3226 τὴν
1080 3155 1393 3227 παρρησίαν
1436 3152 1603 3208 αὑτοῦ
1656 3154 1973 3224 ἐμφαίνων*

371 3235 532 3291 τοῦτο
554 3237 634 3301 δὲ,
677 3236 766 3291 διά
812 3238 905 3290 τὸν
953 3238 1120 3291 πολὺν
1161 3238 1340 3308 δχλον,
1382 3238 1478 3293 καὶ
1510 3236 1685 3308 δηλῶν
1728 3238 1811 3292 ὅτι
1844 3238 1975 3307 περὶ

374 3321 470 3374 τοῦ
498 3321 691 3390 νοητοῦ
719 3321 991 3390 διελέγετο
1022 3322 1285 3392 πόματος,
1324 3322 1519 3391 ἐπάγει
1537 3337 1552 3353 ·
1593 3322 1648 3374 '0
1674 3321 1977 3376 πιστεύων

377 3409 468 3474 είς
497 3405 621 3475 ἐμὲ,
658 3405 856 3472 καθὼς
883 3401 1053 3459 εἶπεν
1082 3408 1121 3474 ἡ
1167 3405 1404 3474 Γραφὴ,
1459 3405 1711 3474 ποταμοὶ
1758 3404 1827 3458 ἐκ
1865 3401 1977 3471 τῆς

375 3495 611 3559 κοιλίας
635 3492 824 3548 αὐτοῦ
848 3494 1187 3561 ῥεύσουσιν
1228 3491 1448 3558 ὕδατος
1486 3490 1721 3558 ζῶντος.
1751 3490 1976 3544 Κοιλίαν

373 3580 608 3637 ἐνταῦθα
660 3580 765 3652 τὴν
814 3579 1041 3652 καρδίαν
1086 3580 1242 3650 φησὶ,
1287 3580 1542 3651 καθάπερ
1591 3580 1686 3633 καὶ
1740 3577 1974 3648 ἀλλαχοῦ

377 3685 538 3741 φησι·
592 3669 703 3725 Καὶ
747 3669 858 3722 τὸν
887 3671 1077 3737 νόμον
1120 3683 1238 3720 σου
1286 3667 1356 3720 ὲν
1387 3669 1558 3736 μέσῳ
1592 3665 1705 3735 τῆς
1744 3668 1977 3730 κοιλίας

368 3771 494 3824 μου
525 3766 575 3807 ι.
610 3751 720 3807 Kal
758 3750 863 3804 ποῦ
896 3749 1049 3804 εἶπεν
1082 3752 1116 3821 ἡ
1139 3750 1352 3822 Γραφὴ,
1376 3752 1458 3803 ὅτι
1481 3748 1737 3819 Ποταμοί
1770 3749 1842 3801 ἐκ
1865 3746 1977 3815 τῆς

374 3837 612 3903 κοιλίας
660 3833 848 3890 αὐτοῦ
885 3834 1223 3902 ῥεύσουσιν
1257 3833 1478 3897 ὓδατος
1520 3827 1777 3898 (away;
1806 3830 1976 3883 Οὐδα-

379 3923 507 3996 μοῦ.
547 3924 612 3977 Τί
660 3918 755 3977 οὖν
805 3924 973 3987 ἐστιν,
1013 3922 1067 3973 '0
1123 3922 1428 3975 πιστεύων
1467 3922 1556 3987 είς
1607 3918 1733 3989 ἐμὲ,
1781 3918 1975 3985 καθὼς

374 4009 549 4064 εἶπεν
574 4007 613 4075 ἠ
644 4005 894 4076 Γραφής
932 4003 1202 4059 Ἐνταῦθα
1250 4005 1535 4070 ὑποστίξαι
1569 4004 1669 4066 δεῖ,
1716 4003 1802 4057 ἴνα
1913 4003 1975 4056 τὸ

375 4094 637 4163 Ποταμοῖ
663 4095 732 4148 ἐκ
761 4093 873 4162 τῆς
907 4093 1142 4158 κοιλίας
1178 4092 1365 4146 αὐτοῦ
1388 4092 1706 4160 ῥεύσουσι,
1748 4090 1846 4160 τῆς
1874 4090 1973 4142 αύ-

372 4179 470 4233 τοῦ
497 4178 842 4248 ἀποφάσεως.
881 4175 1100 4246 Ἐπειδὴ
1147 4176 1258 4247 γὰρ
1304 4175 1488 4243 ἔλεγον
1535 4174 1740 4235 πολλοὶ,
1785 4168 1974 4237 Οὗτός

372 4264 555 4318 ἐστιν
578 4266 611 4317 ό
640 4261 893 4330 Χριστός
911 4277 925 4291 ·
953 4261 1067 4322 καὶ,
1110 4260 1174 4314 '0
1203 4259 1460 4328 Χριστὸς
1505 4258 1652 4310 ὅταν
1679 4256 1849 4323 ἔλθῃ,
1886 4255 1973 4323 μὴ

375 4346 631 4401 πλείονα
652 4345 873 4415 σημεῖα
903 4345 1145 4410 ποιήσει
1168 4362 1187 4409 ;
1218 4344 1510 4401 δείκνυσιν.
1534 4342 1617 4394 ὅτι
1659 4339 1977 4410 διωρθωμέ-

374 4448 475 4502 νην
504 4431 585 4484 δεῖ
614 4431 716 4501 τὴν
752 4429 952 4498 γνῶσιν
976 4429 1140 4499 ἔχειν,
1172 4428 1268 4481 καὶ
1311 4427 1412 4481 οὐκ
1457 4426 1565 4479 ἀπὸ
1599 4424 1709 4477 τῶν
1733 4423 1975 4493 σημείων

375 4514 581 4578 οὕτως,
628 4514 704 4577 ὡς
753 4512 865 4568 ἀπὸ
905 4513 1014 4565 τῶν
1076 4511 1308 4583 Γραφῶν
1360 4507 1730 4563 πιστεύεσθαι.
1784 4506 1975 4561 Πολλοὶ

375 4599 508 4669 γοῦν
549 4598 711 4652 αὑτὸν
754 4597 847 4651 καὶ
889 4595 1410 4666 θαυματουργοῦντα
1458 4593 1690 4655 ἰδόντες,
1749 4592 1846 4661 οὐχ
1898 4589 1975 4653 ὡς

378 4682 612 4754 Χριστὸν
661 4681 933 4752 ἐδέχοντο·
982 4679 1204 4749 ἔμελλον
1248 4678 1303 4731 δέ
1357 4677 1558 4746 λέγειν,
1609 4676 1692 4728 ὅτι
1732 4674 1869 4744 Οὐχὶ
1917 4674 1975 4725 al

377 4768 594 4837 Γραφαὶ
635 4764 908 4833 λέγουσιν,
934 4763 1016 4816 ὅτι
1049 4763 1077 4813 ὁ
1121 4762 1352 4831 Χριστὸς
1386 4761 1494 4814 ἀπὸ
1531 4758 1625 4813 τοῦ
1663 4758 1975 4830 σπέρματος

378 4849 472 4902 τοῦ
496 4848 658 4902 Δαυῖδ
677 4847 895 4919 ἔρχεται
915 4863 929 4909 ;
954 4847 1064 4900 Καὶ
1082 4844 1253 4898 ταῦτα
1278 4846 1392 4898 ἄνω
1421 4844 1518 4897 καὶ
1538 4844 1689 4896 κάτω
1721 4841 1972 4911 ἔστρεφε,

377 4934 550 4998 δεῖξαι
572 4931 723 5004 [300]
741 4930 1063 5002 βουλόμενος
1086 4929 1135 4991 δ,
1160 4931 1240 4981 ὅτι
1261 4930 1319 4981 οὐ
1345 4928 1534 4996 φεύγει
1555 4926 1652 4996 τὴν
1669 4927 1755 4979 διὰ
1770 4925 1974 4978 τούτων

378 5016 673 5082 ἀπόδειξιν,
723 5014 885 5069 πάλιν
918 5014 1113 5076 αὐτοὺς
1146 5015 1225 5077 εἰς
1272 5011 1370 5074 τὰς
1419 5011 1639 5079 Γραφάς
1683 5007 1975 5079 παραπέμο

379 5116 495 5153 πει.
531 5100 640 5152 Kal
665 5099 774 5168 γάρ
804 5098 916 5152 ἄνω
958 5096 1163 5164 ἔλεγεν,
1208 5093 1523 5162 Ἐρευνᾶτε
1553 5092 1661 5158 τὰς
1689 5090 1935 5159 Γραφάς
1957 5106 1974 5121 ⁹

380 5182 475 5235 καὶ
508 5182 692 5244 πάλιν,
736 5182 905 5234 Ἔστι
943 5176 1350 5248 γεπτραμμένον
1376 5176 1446 5228 ἐν
1468 5175 1591 5241 τοῖς
1618 5174 1973 5243 προφήταις,

382 5265 494 5319 Καὶ
516 5265 760 5320 ἔσονται
789 5264 1013 5330 πάντες
1041 5260 1306 5316 διδακτοὶ
1346 5260 1493 5313 Θεοῦ
1513 5275 1527 5288 ·
1569 5260 1683 5322 καὶ,
1716 5256 1979 5324 Μωϋσῆς

381 5347 551 5417 ὑμῶν
606 5346 950 5418 κατηγορεῖ·
1003 5347 1099 5400 καὶ
1159 5344 1415 5408 ἐνταῦθα,
1470 5341 1675 5407 Καθὼς
1720 5336 1889 5394 εἶπεν
1937 5341 1977 5409 ἡ

384 5433 621 5502 Γραεεὴ.
651 5431 901 5501 ποταμοί
934 5431 1003 5485 ἐκ
1032 5428 1143 5495 τῆς
1178 5428 1412 5491 κοιλίας
1449 5425 1636 5479 αὑτοῦ
1658 5424 1976 5493 ρεύσουσι,

384 5518 446 5570 τὸ
485 5516 707 5586 δαψιλὲς
761 5517 857 5568 καὶ
900 5513 1131 5582 ἄφθονον
1184 5512 1284 5581 τῆς
1323 5511 1544 5580 χάριτος
1589 5506 1978 5578 αἰνιττόμενος.

384 5599 568 5671 Ὀπερ
596 5596 831 5668 ἀλλαχοῦ
859 5614 1025 5668 φησι·
1068 5595 1237 5663 Πηγὴ
1272 5593 1489 5658 ὕδατος
1526 5593 1869 5662 ἁλλομένου
1896 5594 1976 5656 είς

387 5680 541 5750 ζωὴν
565 5681 839 5735 αἰώνιον·
872 5680 1137 5739 τουτέστι,
1168 5677 1370 5748 πολλὴν
1417 5678 1528 5742 ἔξει
1566 5677 1744 5747 χάριν.
1794 5676 1983 5729 Ἀλλα-

386 5765 485 5837 χοῦ
537 5767 638 5838 μέν
681 5760 797 5829 οὖν,
838 5763 1011 5831 Ζωὴν
1058 5761 1332 5824 αἰώνιον,
1385 5760 1565 5829 λέγει·
1620 5758 1856 5813 ἐνταῦθα
1902 5759 1982 5824 δέ,

451 5871 481 5901 ⁸
528 5870 622 5942 Ἐν.
644 5871 781 5942 μέσῳ
810 5876 895 5927 τῆς
918 5868 1100 5942 κοιλίας
1123 5884 1246 5942 μουὲ
1260 5862 1458 5942 Viden}
1479 5877 1589 5942 (ιιιςε
1608 5865 1673 5915 ad
1697 5863 1985 5942 interman-

389 5927 563 5983 ﬂ'onem
605 5926 821 5979 Latinam
857 5938 1017 5979 nolam
1062 5926 1184 5977 sum.
1209 5926 1343 5990 Εοιτ.
1432 5927 1459 5966 b
1494 5926 1782 5990 Ἔστρεφον.
1818 5927 1985 5990 ,Δεῖξει

386 5998 545 6042 το²·,ιιν
574 5996 621 6037 (ι.
651 5994 782 6041 διινὶι
833 6000 885 6041 el
913 5994 1023 6039 cod.
1048 5991 1166 6050 706,
1205 5988 1249 6037 is
1279 5996 1440 6036 tamen
1478 5988 1715 6038 omium:
1752 5989 1921 6034 τοίνυν.

2092 623 2277 694 ’Υδωρ
2312 626 2441 688 ζῶν.
2477 626 2592 680 Ζῶν
2638 628 2694 682 δὲ
2743 629 2893 699 λέγει
2937 631 2999 685 τὸ
3042 631 3299 701 ἐνεργοῦν
3346 632 3451 687 άεί.
3488 634 3551 688 'n
3582 637 3692 706 γάρ

2090 708 2183 761 τοῦ
2225 708 2538 779 Πνεύματος
2584 710 2762 780 χάρις,
2810 712 3030 767 ἐπειδὰν
3076 715 3156 777 είς
3192 714 3430 770 διάνοιαν
3474 715 3689 786 εἰσέλθῃ

2090 791 2185 844 καὶ
2218 791 2434 862 ἱδρυνθῇ
2465 802 2513 857 ο,
2554 793 2735 860 πάσης
2770 796 2954 864 πηγῆς
3001 797 3201 866 μᾶλλον
3246 798 3558 864 ἀναϐλύζει,
3595 800 3690 851 καὶ

2088 874 2148 926 οὐ
2194 873 2567 946 διαλιμπάνει,
2603 875 2726 928 οὐδὲ
2773 876 3039 942 κενοῦται,
3088 879 3197 931 οὐδ’
3239 880 3476 934 Ρσταται.
3521 881 3688 953 Ὀμοῦ

2086 958 2267 1041 τοίνυν
2299 963 2394 1041 καὶ
2432 959 2495 1012 τὸ
2526 960 2810 1023 ἀνελλιπὲς
2849 961 2950 1030 τῆς
2980 963 3245 1034 χορηγίας
3275 964 3472 1032 δηλῶν,
3500 968 3593 1020 καὶ
3628 966 3690 1019 τὸ

2088 1039 2294 1109 ἄφατον
2324 1039 2423 1112 τῆς
2450 1043 2748 1113 ἐνεργείας,
2772 1044 2954 1115 πηγὴν
2985 1046 3078 1098 xal
3098 1046 3377 1117 ποταμοὺς
3398 1047 3686 1106 ἐκάλεσεν.

2087 1124 2184 1195 οὐχ
2231 1124 2328 1179 ἕνα
2375 1126 2639 1197 ποταμὸν,
2687 1126 2823 1180 ἀλλὰ
2871 1128 3146 1197 ἀφάτους·
3194 1130 3291 1184 καὶ
3334 1131 3450 1184 ἐκεῖ
3482 1130 3561 1193 δέ,
3590 1132 3690 1203 τὴν

2089 1207 2426 1279 πλημμύραν
2473 1208 2561 1262 διὰ
2614 1207 2709 1262 τοῦ
2754 1210 3010 1265 ἅλλεσθαι
3057 1214 3392 1285 παρέστησε.
3432 1214 3543 1267 Kal
3588 1214 3689 1267 ίδοι

2086 1310 2171 1357 τις
2202 1292 2268 1346 ἂν
2309 1294 2369 1347 τδ
2413 1294 2703 1364 λεγόμενον
2740 1296 2949 1363 σαφῶς,
2984 1297 3033 1350 εί
3067 1298 3165 1368 τὴν
3210 1298 3401 1367 σοφίαν
3429 1298 3524 1352 τοῦ
3559 1300 3690 1352 Στε-

2088 1377 2279 1445 φάνου,
2307 1377 2356 1429 εί
2389 1376 2486 1446 τὴν
2534 1378 2740 1448 Πέτρου
2772 1377 3040 1447 γλῶτταν,
3082 1379 3178 1433 καὶ
3221 1381 3319 1452 τὴν
3350 1379 3564 1434 Παύλου
3590 1379 3688 1451 ῥύ-

2090 1476 2200 1530 μην
2247 1460 2537 1531 ὲννοήσειε,
2572 1461 2688 1524 πῶς
2726 1460 2876 1515 οὐδὲν
2911 1463 3106 1525 αὐτοὺς
3154 1462 3367 1534 ἔφερεν,
3398 1463 3548 1516 οὐδὲν
3583 1464 3686 1530 ὕφ-

2090 1541 2303 1595 ίστατο·
2333 1543 2394 1595 οὐ
2419 1542 2607 1614 δήμων
2637 1542 2828 1615 θυμδς,
2859 1545 2919 1597 ού
2952 1544 3232 1614 τυράννων
3266 1546 3684 1609 ἐπαναστάσεις,

2085 1624 2144 1677 οὐ
2172 1623 2438 1695 δαιμόνων
2467 1625 2770 1689 ἐπιϐουλαὶ,
2797 1628 2856 1679 οὐ
2886 1627 3103 1681 θάνατοι
3142 1628 3501 1699 καθημερινοί
3522 1644 3534 1658 ·
3569 1625 3684 1680 ἀλλ’

2085 1707 2275 1786 ὥσπερ
2328 1710 2563 1778 ποταμοὶ
2616 1710 2796 1781 πολλῷ
2846 1710 2925 1782 τῷ
2976 1710 3140 1784 ῥοίζῳ
3189 1713 3503 1782 φερόμενοι,
3543 1709 3686 1765 οὕτω

2085 1794 2264 1846 πάντα
2288 1794 2699 1866 παρασύροντες
2725 1794 2994 1867 ἀπῄεσαν.
3030 1795 3220 1849 Ταῦτα
3249 1794 3317 1849 δὲ
3342 1795 3514 1864 ἔλεγε
3550 1794 3683 1863 περὶ

2084 1875 2191 1930 τοῦ
2225 1878 2593 1946 Πνεύματος,
2637 1879 2823 1949 φησὶν,
2859 1873 2932 1934 οὗ
2973 1878 3237 1948 ἔμελλον
3267 1878 3598 1949 λαμϐάνειν
3631 1881 3685 1932 οἱ

2083 1962 2492 2026 πιστεύοντες.
2547 1962 2723 2015 Οὔπω
2759 1965 2871 2031 γὰρ
2904 1956 2985 2032 ἦν
3024 1962 3268 2032 Πνεῦμα
3312 1962 3505 2030 ἅγιον.
3557 1961 3685 2027 Πῶς

2084 2037 2178 2095 οὖν
2206 2043 2255 2094 οί
2292 2046 2567 2115 προφῆται
2595 2046 3036 2114 προεφήτευσαν,
3067 2045 3159 2097 καὶ
3193 2045 3261 2097 τὰ
3295 2046 3465 2117 μυρία
3497 2047 3685 2116 ιιίργά⁴

2086 2143 2247 2180 σαντο
2275 2126 2562 2197 θαύματα;
2598 2129 2662 2180 Οί
2695 2128 2981 2181 ἀπόστολοι
3017 2128 3117 2197 μέν
3150 2127 3258 2199 γὰρ
3306 2129 3367 2181 οὐ
3404 2128 3683 2198 Πνεύματι

2086 2209 2371 2275 ἐξέϐαλον,
2408 2209 2545 2263 άλλά
2588 2212 2653 2281 τῇ
2706 2208 2833 2282 παρ’
2876 2209 3040 2263 αὐτοῦ
3090 2211 3348 2282 ἐξουσίᾳ,
3397 2211 3473 2275 ὡς
3523 2205 3683 2276 αὐτός

2083 2309 2268 2362 φησιν.
2302 2294 2371 2346 El
2408 2293 2522 2362 ἐγὼ
2566 2294 2638 2346 ἐν
2665 2292 3025 2354 Βεελζεϐοὺλ
3072 2293 3346 2348 ἐκϐάλλω
3378 2295 3450 2349 τὰ
3482 2295 3684 2364 δαιμό-

2082 2392 2200 2434 νια.
2237 2376 2291 2428 οἱ
2339 2376 2456 2429 υἱοί
2502 2374 2672 2444 ὑμῶν
2712 2378 2783 2430 ἐν
2817 2378 2935 2430 τίνι
2973 2376 3380 2441 ἐκθάλλουσι;
3415 2377 3589 2431 Τοῦτο
3625 2379 3683 2431 δὲ

2082 2458 2256 2524 ἔλεγε,
2290 2457 2465 2528 δηλῶν
2499 2459 2581 2511 ὅτι
2616 2459 2676 2511 ού
2718 2460 2917 2523 πάντες
2960 2459 3237 2529 Πνεύματι
3283 2459 3537 2524 ἐξέϐαλον
3577 2461 3685 2531 πρὸ

2081 2540 2175 2593 τοῦ
2212 2541 2469 2611 σταυροῦ,
2506 2541 2642 2594 ἀλλὰ
2671 2545 2735 2613 τῇ
2776 2540 2907 2612 παρ’
2931 2541 3095 2596 αὑτοῦ
3131 2542 3366 2614 ἐξουσίᾳ.
3397 2544 3526 2596 Ὅτε
3553 2542 3684 2611 γοῦν

2081 2624 2279 2684 αὐτοὺς
2320 2624 2509 2694 ἔμελλε
2539 2625 2797 2695 πέμπειν,
2827 2626 2947 2678 τότε
2987 2625 3162 2694 ἔλεγε,
3194 2623 3416 2679 Λάϐετε
3440 2625 3684 2694 Πνεῦμα

2083 2706 2281 2776 ἅγιον·
2306 2707 2398 2760 καὶ
2424 2708 2606 2770 πάλιν,
2625 2705 2846 2762 Ἦλθεν
2865 2708 2958 2761 ἐπ’
2978 2708 3201 2774 αὐτοὺς
3222 2709 3465 2779 Πνεῦμα
3489 2708 3682 2780 ἅγιον,

2081 2789 2183 2844 καί
2216 2792 2348 2844 τότε
2386 2791 2459 2844 τὰ
2486 2789 2707 2859 σημεῖα
2729 2792 3001 2845 ἐποίουν.

2156 2873 2223 2944 β’.
2252 2875 2380 2927 Ὅτε
2410 2874 2467 2926 δε
2486 2872 2731 2944 ἔπεμπεν
2749 2873 2967 2938 αὐτοὺς,
2990 2874 3089 2928 οὐκ
3118 2870 3291 2937 εἶπεν,
3318 2874 3559 2929 Ἔδωκεν
3588 2874 3684 2929 αὐ-

2082 2959 2192 3020 τοῖς
2219 2955 2443 3027 Πνεῦμα
2472 2955 2627 3023 ἀγιον
2646 2973 2660 2987 ·
2693 2956 2808 3010 ἀλλ’
2841 2957 3100 3011 Ἔδωκεν
3129 2958 3335 3024 αὐτοῖς
3367 2958 3680 3022 ἐξουσίαν.

2081 3040 2284 3109 λέγων·
2311 3038 2585 3107 Λεπροὺς
2617 3038 2973 3107 καθαρίζετε,
3019 3040 3296 3109 δαιμόνια
3338 3040 3681 3103 ἐκϐάλλετε.

2081 3123 2337 3192 νεκροὺς
2375 3123 2631 3191 ἐγείρετε
2649 3134 2664 3151 ·
2715 3124 2945 3192 δωρεὰν
2970 3122 3234 3187 ἐλάϐετε,
3270 3121 3501 3190 δωρεὰν
3523 3122 3681 3178 δότε.

2095 3207 2217 3260 Ἐπὶ
2268 3206 2326 3259 δὲ
2375 3205 2484 3259 τῶν
2517 3204 2815 3277 προφητῶν
2862 3206 3012 3275 παρὰ
3051 3210 3269 3259 πάντων
3313 3205 3681 3277 ὡμολόγηται,

2082 3288 2164 3342 ὃτι
2202 3288 2517 3360 Πνεύματος
2551 3287 2707 3356 ἁγίου
2745 3287 2893 3352 δόσις
2913 3284 3002 3360 ἦν,
3037 3287 3152 3341 ἀλλ’
3185 3284 3253 3360 ἦν
3282 3286 3419 3360 αὕτη
3462 3290 3495 3359 ἡ
3529 3290 3685 3360 χάρις

2085 3371 2411 3426 συσταλεῖσα
2455 3371 2550 3425 καὶ
2589 3371 2898 3433 ἀποστᾶσα,
2933 3371 3026 3425 καὶ
3077 3371 3185 3424 ἀπὸ
3225 3371 3327 3441 τῆς
3358 3372 3464 3442 γῆς
3494 3373 3685 3425 ἀπολι-

2083 3456 2261 3509 ποῦσα
2313 3455 2422 3508 ἀπὸ
2470 3455 2568 3524 τῆς
2608 3454 2816 3524 ἡμέρας
2872 3454 3126 3525 ἐκείνης,
3174 3453 3269 3522 ἀφ’
3324 3449 3392 3525 ἦς
3453 3456 3683 3526 ἐρρήθη,

2096 3539 2347 3607 Ἆφίεται
2386 3540 2421 3590 ὁ
2473 3533 2640 3601 οἶκος
2680 3534 2851 3605 ὑμῶν
2889 3535 3130 3605 ἕρημος.
3176 3537 3286 3592 Kal
3321 3537 3427 3607 πρὸ
3469 3538 3685 3609 ἐκείνης

2081 3622 2138 3675 δέ
2164 3620 2338 3694 ἀρχὴν
2368 3619 2674 3691 ἐλάμϐανεν
2695 3618 2834 3688 αῦτη
2859 3621 2892 3689 ὴ
2920 3620 3134 3682 σπάνις.
3162 3619 3276 3672 Οὐκ
3304 3619 3385 3672 ἔτι
3417 3619 3527 3692 γάρ
3550 3636 3685 3693 προ.

2083 3707 2261 3776 φήτης
2314 3705 2443 3775 παρ’
2477 3703 2661 3766 αὐτοῖς
2709 3697 2799 3773 ἦν,
2853 3701 2975 3755 οὐδὲ
3028 3700 3347 3755 ἐπώπτευεν
3394 3702 3573 3757 αὐτῶν
3616 3703 3686 3757 τά

2083 3789 2216 3857 ἆγια
2246 3788 2280 3857 ἡ
2314 3787 2474 3857 χάρις
2501 3784 2552 3840 δ.
2590 3785 2744 3839 Ἐπεὶ
2775 3780 2868 3837 οὖν
2897 3783 3192 3839 ἁνέσταλτο
3232 3787 3328 3855 μὲν
3364 3785 3427 3838 τὸ
3460 3786 3684 3855 Πνεῦμα

2080 3870 2142 3923 τὸ
2172 3869 2347 3938 ἅγιον.
2383 3867 2578 3940 ἔμελλε
2615 3868 2672 3922 δὲ
2712 3867 2898 3921 λοιπὸν
2939 3867 3217 3939 ἐκχεῖσθαι
3258 3867 3524 3939 δαψιλῶς·
3548 3868 3682 3921 ταύ-

2079 3974 2178 4027 της
2203 3955 2261 4009 δὲ
2285 3956 2387 4027 τῆς
2416 3954 2681 4025 διανομῆς
2715 3955 2857 4025 ἀρχὴ
2900 3955 3037 4025 μετὰ
3067 3955 3158 4008 τὸν
3192 3955 3424 4023 σταυρὸν
3450 3955 3679 4022 ἐγίνετο.

2080 4042 2141 4094 ού
2173 4041 2333 4112 μόνον
2360 4037 2661 4108 δαψιλείας,
2704 4038 2841 4090 ἀλλὰ
2888 4039 2981 4090 καὶ
3018 4038 3279 4107 μειζόνων
3324 4038 3685 4109 χαρισμάτων

2083 4125 2199 4196 (καὶ
2230 4123 2339 4193 γὰρ
2371 4120 2786 4192 θαυμαστοτέρα
2829 4116 2897 4190 ἦν
2927 4122 2962 4191 ἡ
3007 4120 3203 4190 δωρεὰ.
3234 4120 3309 4183 ὡς
3351 4122 3479 4173 ὅταν
3514 4121 3678 4191 λέγῃ·

2086 4213 2209 4263 Οὐκ
2234 4208 2437 4261 οἴδατε
2483 4205 2660 4258 ποίου
2685 4204 3025 4272 πνεύματός
3061 4202 3407 4276 [301]ὲστε·
3443 4205 3537 4257 καὶ
3572 4206 3682 4258 πά-

2081 4294 2187 4358 λιν,
2216 4293 2300 4345 Ού
2338 4291 2448 4360 γὰρ
2492 4287 2735 4343 ἐλάϐετε
2761 4287 2999 4356 πνεῦμα
3037 4286 3338 4352 δουλείας.
3367 4286 3505 4340 ἀλλ’
3538 4287 3679 4341 ἐλά-

2083 4382 2214 4433 ϐετε
2266 4373 2504 4443 πνεῦμα
2543 4372 2868 4438 υἱοθεσίας.
2923 4372 3032 4425 Καὶ
3069 4370 3178 4443 γὰρ
3222 4371 3272 4423 οί
3314 4370 3533 4423 παλαιοὶ
3584 4372 3681 4424 καὶ

2082 4461 2236 4515 αὐτοὶ
2281 4459 2378 4529 μὲν
2429 4455 2648 4525 πνεῦμα
2676 4452 2842 4525 εἶχον,
2879 4453 3060 4517 ἄλλοις
3104 4454 3159 4507 δὲ
3194 4453 3254 4506 οὐ
3301 4455 3595 4524 παρεῖχον·
3627 4454 3680 4508 οί

2081 4546 2140 4600 δέ
2167 4540 2455 4597 ἀπόστολοι
2496 4537 2762 4610 μυριάδας
2802 4536 3150 4606 ἐνέπλησαν)·
3183 4535 3368 4606 ἐπειδὴ
3416 4532 3510 4589 οὖν
3548 4535 3680 4589 ταύ-

2079 4646 2179 4699 την
2231 4623 2453 4697 ἔμελλον
2500 4621 2797 4692 λαμϐάνειν
2845 4619 2944 4692 τὴν
2981 4620 3162 4690 χάριν,
3200 4617 3355 4699 οὖπω
3391 4619 3448 4672 δέ
3483 4615 3552 4691 ἦν
3594 4619 3682 4673 δο-

2082 4698 2259 4777 θεῖσα,
2316 4706 2404 4760 διὰ
2455 4704 2615 4759 τοῦτό
2684 4721 2882 4775 φησιν·
2929 4703 3105 4756 Οὔπω
3153 4701 3265 4771 γὰρ
3313 4698 3395 4773 ἦν
3436 4703 3681 4773 Πνεῦμα

2082 4794 2272 4862 ἅγιον.
2313 4793 2328 4813 ⁶
2360 4788 2513 4842 Ἐπεὶ
2533 4784 2626 4841 οῦν
2662 4788 2791 4857 περὶ
2816 4785 3018 4856 ταύτης
3064 4785 3237 4854 λέγων
3264 4785 3364 4856 τῆς
3400 4787 3619 4857 χάριτος
3651 4789 3681 4840 ό

2080 4873 2470 4944 εύαγγελιστὴς
2501 4871 2684 4941 ἔλεγεν
2709 4887 2721 4899 ·
2744 4871 2921 4924 Οὔπω
2949 4869 3060 4938 γὰρ
3086 4865 3165 4938 ἦν
3205 4869 3449 4938 Πνεῦμα
3485 4868 3679 4937 ἅγιον,

2080 4958 2347 5019 τουτέστι,
2399 4955 2575 5018 δοθὲν,
2627 4954 2757 5007 ἐπεὶ
2801 4951 3031 5020 Ἰησοῦς
3076 4953 3309 5006 οὐδέπω
3353 4949 3677 5017 ἐδοξάσθη,

2080 5044 2237 5110 δόξαν
2272 5040 2453 5095 καλῶν
2491 5038 2581 5091 τὸν
2626 5036 2878 5109 σταυρόν.
2928 5035 3146 5105 Ἐπειδὴ
3173 5034 3282 5104 γὰρ
3316 5032 3501 5102 ἐχθροὶ
3538 5029 3683 5102 ἦμεν

2082 5127 2177 5179 καὶ
2200 5121 2583 5196 ἡμαρτηκότες
2626 5121 2722 5173 καὶ
2763 5116 3151 5189 ὑστερούμενοι
3194 5116 3293 5186 τῆς
3336 5114 3542 5185 δωρεᾶς
3584 5115 3679 5196 τοῦ

2082 5195 2238 5275 Θεοῦ,
2290 5208 2386 5262 καὶ
2423 5207 2766 5274 θεοστυγεῖς·
2814 5206 2849 5274 η
2895 5204 2951 5257 δὲ
2999 5204 3161 5272 χάρις
3217 5198 3562 5268 καταλλαγῆς
3612 5195 3683 5272 ἦν

2083 5293 2389 5360 ἀπόδειξις·
2422 5291 2592 5363 δῶρον
2625 5290 2683 5343 δέ
2727 5289 2789 5342 ού
2834 5290 2946 5350 τοῖς
2995 5285 3230 5355 ἐχθροῖς,
3274 5283 3396 5336 οὐδέ
3430 5288 3543 5347 τοῖς
3596 5302 3683 5351 μι-

2086 5381 2387 5451 σουμένοις,
2426 5376 2562 5430 ἀλλὰ
2590 5378 2700 5439 τοῖς
2751 5373 2925 5442 φίλοις
2949 5370 3171 5431 δίδοται,
3208 5368 3302 5421 καὶ
3340 5371 3452 5432 τοῖς
3487 5371 3682 5442 εύηρε-

2088 5463 2376 5534 στηκόσιν·
2435 5460 2541 5513 ἔδει
2594 5459 2858 5529 πρότερον
2904 5451 3334 5525 προσενεχθῆναι
3394 5452 3493 5523 τὴν
3543 5453 3685 5524 ὑπὲρ

2088 5550 2244 5620 ἡμῶν
2287 5545 2498 5609 θυσίαν,
2532 5542 2628 5596 καὶ
2679 5541 2777 5610 τὴν
2840 5537 3039 5608 ἔχθραν
3192 5539 3257 5607 τῇ
3313 5537 3475 5603 σαρκὶ
3524 5554 3687 5591 κατα.

2088 5619 2335 5702 λυθῆναι,
2388 5630 2483 5680 καὶ
2536 5623 2790 5694 γενέσθαι
2840 5621 2932 5675 τοῦ
2982 5619 3117 5673 Θεοῦ
3150 5620 3358 5690 φίλους,
3415 5620 3509 5673 καὶ
3563 5621 3684 5673 τότε

2089 5713 2274 5767 λαϐεῖν
2304 5711 2402 5781 τὴν
2427 5709 2656 5779 δωρεάν.
2692 5707 2754 5759 ΕΞ
2784 5706 2892 5776 γὰρ
2915 5705 3007 5758 ἐπὶ
3040 5704 3141 5773 τῆς
3169 5703 3504 5770 ἐπαγγελίας
3531 5702 3687 5754 τοῦτο

2091 5798 2282 5867 γέγονε
2323 5795 2423 5865 τῆς
2483 5792 2619 5863 πρὸς
2651 5789 2901 5862 Ἀϐραὰμ
2925 5829 2940 5856 ,
2982 5786 3161 5857 πολλῷ
3211 5786 3409 5856 μᾶλλον
3455 5784 3548 5836 ἐπὶ
3587 5783 3687 5850 τῆς

2156 5927 2179 5955 θ
2205 5922 2376 5970 Morel.
2401 5921 2586 5982 ἱδρυθῇ,
2612 5919 2792 5967 τηρηάο
2816 5916 2942 5966 haud
2967 5914 3115 5964 dubie
3141 5907 3507 5972 lypographico.
3545 5902 3682 5951 dAlii

2096 5987 2253 6034 αὐτῶν
2276 5986 2335 6031 τὰ
2360 5986 2460 6031 θεῖα
2485 5986 2512 6037 ἡ
2541 5983 2687 6045 χάρις.
