4072 6152
445 296 552 352 ’1θῆ

432 428 471 483 χ
493 429 674 483 ιριτος.
705 411 816 465 Kal
841 409 998 465 τοῦτο
1038 406 1216 478 δηλῶν
1266 410 1294 461 ὁ
1338 405 1550 471 Παῦλος
1584 406 1799 474 ἔλεγεν·
1828 406 1899 460 Εἰ
1931 404 2045 475 γὰρ

436 502 505 552 ἐκ
527 503 714 565 νιζιιου
736 491 1119 561 κληρονόμοι,
1149 490 1470 545 κεκένωται
1503 492 1543 559 ἠ
1591 490 1824 555 πίστις’
1869 490 1903 542 ὁ
1931 488 2043 558 γὰρ

436 581 621 648 νόμος
667 577 854 647 ὀργὴν
906 573 1339 645 κατεργάζεται.
1375 575 1440 627 Ὂ
1481 573 1541 626 δὲ
1582 572 1754 642 λέγει,
1803 570 2042 626 τοιοῦτόν

436 663 607 714 ἐστιν·
642 657 1037 731 Ἑπηγγείλατο
1056 658 1086 711 ό
1108 657 1243 721 Θεὸς
1264 655 1343 728 τῷ
1381 654 1637 728 Ἀϐραὰμ
1668 656 1760 708 καὶ
1783 653 1863 725 τῷ
1886 655 2049 724 σπέρ-

438 761 568 815 ματι
616 742 784 797 αὐτοῦ
826 742 1019 795 δώσειν
1055 740 1156 812 τὴν
1200 743 1334 812 γῆν·
1382 739 1498 794 ἀλλ’
1529 737 1739 804 ἀνάξιοι
1771 732 1912 808 ἦσαν
1944 738 2045 807 τῆς

436 825 770 897 ἐπαγγελίας
805 825 1125 893 οἰοέκγονοι,
1160 824 1256 878 zeal
1304 823 1362 888 ἐξ
1397 822 1614 878 οἰκείων
1641 822 1743 876 οὐκ
1786 819 2047 890 ὴδύναντο

437 912 804 983 εὐαρεστῆσαι
851 910 1052 964 πόνων.
1108 909 1207 962 Διά
1257 908 1417 962 τοῦτο
1471 906 1721 977 εἰσῆλθεν
1765 907 1799 976 ἡ
1841 906 2043 970 πίστις,

439 995 676 1067 πρᾶγμα
712 991 958 1057 εύκολον,
984 993 1071 1045 ῖνα
1098 992 1198 1063 τὴν
1224 992 1388 1063 χάριν
1423 991 1816 1059 ἐπισπάσηται,
1844 989 1937 1042 zea‘e
1970 987 2046 1059 μὴ

436 1078 772 1132 διαπέσωσιν
801 1079 857 1131 αἰ
885 1075 1231 1145 ἐπαγγελίαι.
1263 1076 1375 1129 Kal
1414 1074 1593 1142 λέγει·
1623 1073 1728 1129 Διὰ
1771 1072 1948 1127 τοῦτο
1974 1071 2045 1124 ἐκ

438 1162 720 1227 πίστεως,
750 1161 854 1214 ἵνα
876 1159 1026 1214 κατὰ
1050 1156 1249 1229 χάριν,
1281 1159 1369 1224 εἰς
1390 1157 1456 1210 τὸ
1487 1152 1636 1211 εἶναι
1652 1156 1912 1221 ,βεϐαίαν
1930 1152 2047 1221 τὴν

437 1244 824 1314 ἐπαγγελίαν.
860 1240 958 1295 Διά
982 1241 1141 1294 τοῦτο
1162 1240 1323 1295 Κατὰ
1346 1238 1545 1309 χάριν,
1581 1238 1771 1311 ἐπειδὴ
1808 1238 1869 1302 ἐξ
1895 1236 2047 1309 ἰδρώο

438 1344 548 1380 των
572 1326 673 1381 οὐκ
717 1324 964 1396 ἴσχυσαν.
1006 1324 1164 1388 Τίνος
1207 1323 1264 1377 δέ
1309 1323 1496 1378 ἕνεκεν
1541 1322 1732 1389 εἰπὼν,
1773 1324 1916 1377 κατά
1945 1322 2045 1386 τάς

438 1411 480 1463 Γ
479 1411 702 1480 μφάς,
773 1408 874 1462 οὐκ
928 1407 1124 1474 ἐπάγει
1182 1406 1278 1463 zeal
1345 1406 1444 1478 τὴν
1507 1406 1855 1479 μαρτυρίαν;
1921 1404 2043 1459 Ὀτι

434 1492 807 1562 διεφθαρμένη
839 1489 1020 1545 αὐτῶν
1058 1492 1092 1562 ἡ
1120 1490 1314 1563 γνώμη
1345 1487 1433 1563 ἦν.
1478 1493 1545 1545 Ol
1596 1490 1710 1560 μὲν
1757 1489 1871 1560 γὰρ
1909 1487 2045 1543 ἕλε-

436 1593 576 1646 νονο
610 1569 801 1641 Οὗτός
824 1575 996 1628 ἐστιν
1032 1577 1065 1629 ό
1103 1573 1448 1643 προφήτης·
1498 1572 1677 1629 ἄλλοι
1703 1572 1772 1627 δὲ
1803 1573 2041 1642 ἔλεγον,

435 1658 525 1711 ὅτι
553 1654 767 1724 Πλιινᾷ
796 1657 903 1711 τὸν
928 1658 1120 1727 ὄχλον
1140 1674 1152 1687 ·
1190 1657 1371 1713 ἄλλοι
1413 1657 1483 1711 δὲ
1538 1657 1774 1726 ἔλεγον,
1808 1657 1930 1708 Οὐκ
1974 1653 2043 1707 ἐκ

438 1741 550 1810 τῆς
578 1742 906 1808 Γαλιλαίας
933 1741 1170 1812 ἔρχεται
1197 1745 1231 1797 ὀ
1251 1741 1528 1810 Χριστὸς,
1550 1740 1713 1796 ἀλλὰ
1739 1738 1859 1795 ἀπὸ
1888 1741 2036 1804 Βηθ-

436 1824 587 1895 λεὲμ
618 1823 730 1894 τῆς
766 1824 968 1894 κώμης
990 1841 1006 1855 ·
1046 1823 1227 1880 ἄλλοι
1275 1825 1344 1879 δὲ
1392 1824 1643 1896 ἔλεγον,
1680 1823 1734 1876 Ὀ
1787 1821 2044 1892 Χριστὸς

438 1909 586 1962 ὅταν
621 1908 888 1978 ἔρχηται,
940 1908 1143 1977 οὐδεὶς
1191 1908 1471 1981 γινώσκει
1515 1909 1703 1963 πόθεν
1745 1908 1909 1963 ἐστι·
1947 1907 2044 1960 καὶ

436 1991 692 2062 διάφορος
721 1987 789 2064 ἦν
820 1993 852 2062 ἡ
885 1990 1100 2063 γνώμη,
1133 1991 1228 2046 ἅτε
1252 1995 1311 2047 ἐν
1345 1991 1541 2064 πλήθει
1569 1990 1964 2064 τεταραγμένῳ
1989 2001 2038 2041 η.

438 2075 575 2128 Οὐδέ
602 2074 711 2147 γὰρ
755 2075 999 2146 ἀκριϐῶς
1043 2079 1330 2148 προσεῖχον
1371 2078 1484 2140 τοῖς
1533 2075 1872 2147 λεγομένοις,
1919 2072 2043 2126 οὐδέ

435 2158 530 2211 τοῦ
569 2158 766 2229 μαθεῖν
797 2158 1002 2212 ἕνεκεν.
1039 2159 1139 2211 Δια
1175 2159 1241 2231 δὴ
1281 2160 1443 2214 τοῦτο
1484 2158 1693 2223 τούτοις
1744 2159 1843 2228 μὲν
1892 2155 2042 2210 οὐδὲν

437 2241 812 2314 ἀποκρίνεται,
839 2241 1014 2295 καίτοι
1057 2241 1311 2312 λέγουσι·
1343 2242 1442 2312 Μὴ
1469 2243 1539 2297 ἐκ
1564 2242 1674 2311 τῆς
1708 2241 2042 2307 Γαλιλαίας

437 2327 473 2379 ὁ
507 2323 762 2392 Χριστὸς
791 2325 1068 2395 ἔρχεται;
1113 2326 1205 2380 τὸν
1249 2324 1309 2380 δέ
1358 2326 1654 2398 Ναθαναὴλ
1683 2324 2040 2396 σφοδρότερον

435 2409 658 2463 εἰπόντα
687 2409 782 2462 zeal
819 2408 1285 2480 πληκτικώτερον,
1334 2411 1431 2464 Ἐκ
1477 2406 1738 2478 Ναζαρὲτ
1787 2407 2042 2462 δύναται

436 2509 490 2545 τι
521 2492 748 2561 ἀγαθὸν
777 2492 968 2557 stram,-
1002 2493 1268 2564 ἐπῄνεσεν
1298 2492 1375 2556 ώς
1415 2491 1633 2563 ἀληθῶς
1674 2491 2036 2564 Ἰσραηλίτην.

435 2570 592 2631 Οὗτοι
626 2575 726 2648 μὲν
752 2575 863 2648 γὰρ
892 2576 988 2630 zeal
1018 2577 1069 2629 οἰ
1105 2576 1243 2647 πρὸς
1287 2576 1380 2630 τὸν
1419 2576 1730 2648 Νικόδημον
1767 2576 2034 2642 εἰπόντες,

446 2657 817 2726 Ἐρεύνησον
841 2659 938 2711 καὶ
971 2659 1083 2723 ἴδε,
1112 2657 1202 2712 ὅτι
1244 2659 1315 2713 ἐκ
1362 2657 1470 2727 τῆς
1512 2660 1844 2725 Γαλιλαίας
1889 2674 2036 2726 προ-

433 2741 635 2811 φήτης
664 2744 775 2796 οὐκ
801 2740 1132 2811 ἐγήγερται,
1165 2742 1227 2795 οὐ
1269 2741 1462 2813 μαθεῖν
1511 2740 1798 2812 ζητοῦντες
1828 2741 2035 2810 ἔλεγον,

433 2826 551 2882 ἀλλ’
581 2823 768 2889 ἁπλῶς
796 2824 1101 2896 ἀνατρέψαι
1130 2824 1229 2899 τὴν
1278 2826 1408 2896 περὶ
1460 2826 1552 2880 τοῦ
1588 2826 1824 2899 Χριστοῦ
1853 2825 2032 2890 δόξαν.

446 2911 683 2974 Ἐκεῖνος
726 2909 783 2963 δέ
824 2908 1082 2979 ἀληθείας
1136 2907 1213 2961 ῶν
1267 2908 1523 2980 ἐραστὴς,
1561 2910 1656 2962 zeal
1708 2908 1780 2962 τὰ
1828 2909 2035 2965 παλαιά

431 2992 678 3064 ἀκριϐῶς
703 2993 881 3046 πάντα
917 2993 1303 3061 ἐπιστάμενος,
1342 2991 1501 3043 τοῦτο
1533 2989 1718 3059 ἔλεγεν
1738 3007 1750 3020 ·
1787 2993 1944 3046 αὐτοὶ
1978 2993 2037 3046 δέ

433 3076 573 3148 πρὸς
605 3075 664 3129 ἓν
691 3075 851 3145 μόνον
897 3072 1105 3145 ἐώρων,
1139 3073 1199 3125 τὸ
1242 3072 1540 3143 ἀνατρέψαι
1591 3074 1674 3127 ὅτι
1719 3076 1748 3127 ό
1801 3076 2036 3145 Χριστός

435 3159 574 3212 ἐστι.
608 3157 807 3229 Διόπερ
847 3156 1029 3219 αὐτοῖς
1053 3154 1205 3208 οὐδὲν
1242 3156 1652 3209 ἀπεκάλυπτεν.
1690 3158 1755 3210 Ol
1802 3159 1910 3229 γὰρ
1941 3159 2037 3213 καὶ

433 3242 648 3304 ἐαυτοῖς
706 3238 926 3293 ἐναντία
974 3238 1224 3308 λέγοντες
1246 3279 1263 3305 ,
1315 3238 1411 3293 καὶ
1462 3241 1595 3294 ποτέ
1647 3239 1780 3311 μὲν,
1823 3241 2037 3308 οὐδεὶς

433 3325 715 3397 γινώσκει
752 3323 939 3378 πόθεν
981 3323 1239 3394 ἔρχεται.
1278 3323 1409 3377 ποτέ
1442 3323 1521 3387 δὲ,
1568 3324 1702 3379 Ἀπὸ
1741 3325 2035 3397 Βηθλεὲμ,

433 3409 659 3482 εὔδηλον
680 3409 761 3463 ὅτι
785 3409 879 3462 zeal
906 3407 1170 3479 μαθόντες
1188 3405 1599 3478 ἠναντιώθησαν
1630 3408 1678 3464 1».
1699 3407 1880 3463 Ἔστω
1902 3411 2030 3483 γὰρ,

431 3493 526 3548 τὸν
557 3493 721 3548 τόπον
754 3492 1002 3563 ἡγνόουν,
1027 3492 1110 3545 ὃτι
1158 3491 1268 3545 ἀπὸ
1316 3491 1585 3562 Βηθλεέμ,
1632 3491 1721 3546 διὰ
1761 3492 1860 3565 τὴν
1904 3496 2033 3549 ἀνα-

435 3576 675 3649 στροφὴν
696 3576 795 3648 τὴν
822 3577 880 3629 ἐν
903 3575 1157 3646 Ναζαρὲτ
1197 3574 1397 3647 (καίτοι
1434 3575 1556 3630 οὐδέ
1582 3576 1741 3632 τοῦτο
1781 3579 2030 3649 συγγνώ-

439 3676 546 3730 μην
573 3657 723 3731 [502]
753 3656 927 3728 εἶχεν
960 3658 1021 3712 οὐ
1066 3657 1176 3730 γὰρ
1217 3660 1336 3713 ἐκεῖ
1388 3658 1606 3732 ἐτέχθη)
1630 3677 1643 3692 ³
1684 3655 1795 3732 ἆρα
1839 3661 1935 3716 καί
1970 3663 2031 3721 τὸ

436 3742 592 3809 γένος
618 3742 865 3810 ἠγνόουν,
888 3741 971 3793 ὅτι
996 3740 1055 3807 ἐξ
1083 3741 1233 3794 οῖκου
1268 3742 1362 3795 καὶ
1401 3745 1638 3814 πατριᾶς
1670 3745 1865 3809 Δαυῖδς
1906 3744 2031 3810 Πῶς

433 3822 529 3881 οὖν
558 3824 765 3894 ελεγον,
799 3825 921 3877 Οὐκ
957 3824 1078 3877 ἀπὸ
1113 3825 1219 3878 τοῦ
1268 3825 1613 3893 σπέρματος
1656 3829 1839 3882 Δαυτδ
1861 3829 2032 3897 ἔρχε-

434 3926 530 3964 ται
566 3911 600 3963 ό
630 3906 925 3976 Χριστός;
959 3904 1119 3960 Ἀλλά
1169 3907 1264 3960 zeal
1301 3906 1459 3960 τοῦτο
1506 3908 1698 3981 ἐκείνῳ
1742 3913 2031 3967 συσκιάσαι

434 3992 736 4058 ἐϐούλοντο,
767 3989 1092 4063 κακούργως
1121 3991 1337 4045 ἅπαντα
1365 3990 1747 4064 φθεγγόμενοι.
1788 3994 1943 4062 Τίνος
1974 3998 2030 4051 δὲ

432 4077 619 4132 ἕνεκεν
642 4076 764 4148 οὐχὶ
786 4074 1178 4147 προσελθόντες
1208 4069 1361 4127 εἷπον
1379 4092 1392 4105 ·
1438 4075 1746 4149 Ἐπειδὴτά
1766 4079 1866 4149 μὲν
1896 4080 2031 4135 ἄλλα

435 4159 613 4214 πάντα
637 4158 1015 4231 θαυμάζομεν,
1059 4156 1301 4223 κελεύεις
1334 4156 1393 4211 δέ
1443 4175 1526 4213 σοι
1570 4160 1852 4217 πείθεσθαι
1892 4166 2031 4220 κατά

433 4244 533 4307 τὰς
560 4242 803 4314 Γραφδα,
839 4242 979 4306 εἰπὲ,
1010 4240 1127 4307 πῶς
1170 4243 1228 4296 αἰ
1265 4241 1364 4313 μὲν
1394 4242 1610 4315 Γραφαί.
1651 4245 1917 4315 λέγουσιν,
1946 4251 2030 4304 ὅτι

432 4325 542 4381 ἀπὺ
582 4325 827 4397 Βηθλεέμ
851 4325 933 4379 δεῖ
967 4325 1059 4379 τὸν
1086 4324 1323 4396 Χριστὸν
1350 4324 1545 4390 ἐλθεῖν,
1592 4327 1659 4381 σὺ
1696 4329 1752 4384 δὲ
1790 4331 1898 4385 ἀπὸ
1929 4333 2029 4405 τῆς

434 4409 720 4474 Γαλιλαίας
763 4408 990 4477 ἀφῖξαις
1035 4408 1175 4461 Ἀλλ’
1211 4409 1365 4463 οὐδὲν
1410 4409 1617 4465 τούτων
1659 4409 1843 4477 εἷπον,
1892 4415 2028 4471 ἀλλὰ

434 4495 612 4549 πάντα
641 4494 891 4563 πονηρῶς
921 4492 1268 4561 φθέγγονται.
1296 4493 1420 4546 Ὅτι
1452 4494 1561 4565 γὰρ
1607 4497 1668 4549 οὐ
1716 4497 2024 4569 ζητοῦντες,

433 4577 554 4630 οὐδέ
600 4577 792 4646 μαθεῖν
825 4574 1161 4644 βουλόμενοι,
1194 4575 1396 4639 εὐθέως
1430 4578 1710 4650 ἐπήγαγεν
1735 4581 1763 4632 ὁ
1792 4584 2027 4652 εὐαγγε-

435 4658 643 4728 λιστὴς,
675 4659 757 4711 ὅτι
785 4656 949 4723 Τινὲς
976 4656 1200 4725 ἤθελον
1226 4655 1436 4710 πιάσαι
1465 4661 1672 4725 αὑτὸν,
1696 4664 1794 4715 καί
1827 4666 2027 4734 οὐδεὶς

435 4740 734 4795 ἐπέϐαλεν
755 4738 849 4793 ἐπ’
875 4741 1062 4793 αὑτὸν
1104 4740 1219 4806 τὴν
1258 4739 1428 4810 χεῖρα
1457 4742 1645 4796 αὐτοῦ
1666 4757 1680 4772 ·
1714 4746 1763 4797 εἰ
1796 4747 1905 4817 γάρ
1934 4756 2027 4804 καί

439 4824 605 4897 μηδὲν
634 4823 840 4895 ἕτερον,
888 4820 1047 4875 τοῦτο
1089 4822 1220 4891 γοῦν
1266 4823 1450 4878 ἰκανὸν
1497 4820 1567 4898 ἦν
1613 4827 1692 4891 εἰς
1736 4830 2025 4897 κατάνυξιν

435 4910 633 4972 αὐτοὺς
668 4908 926 4977 ἀγαγεῖν·
968 4905 1084 4959 ἀλλ’
1120 4907 1181 4960 οὐ
1220 4907 1615 4979 κατενύγησαν,
1654 4911 1835 4977 καθώς
1861 4931 2025 4984 φησιν

432 4994 463 5047 ὁ
489 4993 801 5063 προφήτηςο
833 4990 1303 5060 Διεσχίσθησαν,
1330 4992 1429 5046 καί
1464 4995 1538 5047 οὺ
1581 4996 2020 5066 κατενύγησαν.

504 5083 574 5145 γ’.
594 5073 846 5129 Τοιοῦτον
883 5074 987 5144 γάρ
1018 5074 1052 5143 ἡ
1077 5074 1314 5145 πονηρία
1332 5090 1345 5104 ·
1370 5076 1544 5129 οὐδενὶ
1563 5074 1811 5147 βούλεται
1830 5079 2019 5150 εἴκειν,

435 5160 573 5231 πρὸς
621 5159 681 5213 ἓν
731 5158 919 5229 βλέπει
971 5162 1167 5231 μόνον,
1213 5156 1356 5212 ὣστε
1400 5159 1491 5213 τὸν
1540 5161 2022 5233 ἐπιϐουλευόμενον

434 5242 666 5298 ἀνελεῖν.
712 5242 875 5297 Ἀλλά
896 5245 948 5297 τί
979 5260 1146 5315 φησιν
1178 5244 1212 5313 ἡ
1245 5241 1435 5315 Γραφὴ
1463 5260 1478 5307 ;
1519 5244 1582 5299 '0
1606 5246 1891 5313 ὀρύσσων
1911 5249 2022 5313 ,Βό-

436 5328 581 5392 ορον
617 5323 698 5391 τῷ
743 5328 1034 5396 πλησίον,
1074 5329 1163 5393 εἰς
1204 5326 1395 5380 αὐτὸν
1442 5327 1785 5397 ἐμπεσεῖται
1808 5347 1822 5361 °
1883 5332 2021 5404 ὅπερ

437 5408 533 5461 καὶ
568 5409 689 5461 τότε
740 5410 982 5480 γέγονεν.
1027 5412 1191 5466 Αὐτοὶ
1236 5410 1335 5482 μὲν
1379 5410 1491 5482 γὰρ
1534 5413 1815 5469 ἐϐούλοντο
1858 5417 2021 5471 αὐτὸν

435 5489 668 5554 ἀνελεῖν,
711 5493 787 5556 ὼς
826 5493 890 5567 δὴ
936 5495 1255 5559 σϐεννύντες
1286 5495 1346 5550 τὸ
1396 5497 1662 5568 κήρυγμα
1684 5514 1698 5528 ·
1740 5498 1931 5568 γέγονε
1964 5499 2019 5555 δὲ

438 5573 768 5628 τούναντίον.
799 5576 873 5630 Τὸ
906 5579 1005 5647 μὲν
1029 5578 1138 5649 γάρ
1167 5581 1433 5651 κήρυγμα
1472 5580 1629 5635 ἀνθεῖ
1656 5583 1723 5652 τῇ
1758 5581 1853 5636 τοῦ
1887 5585 2021 5656 Χρι-

440 5656 565 5711 στοῦ
592 5656 776 5729 χάριτι
799 5674 814 5690 ο
862 5660 933 5713 τὰ
965 5661 1024 5713 δέ
1058 5662 1279 5716 ἐκείνων
1321 5664 1495 5719 πάντα
1528 5666 1762 5739 ἐσϐέσθη
1788 5670 1882 5722 καὶ
1915 5670 2021 5723 ἀπ-

500 5812 528 5886 :
551 5812 724 5886 Men-el.
841 5817 1007 5877 πλήθει
1035 5819 1099 5886 μῄ
1121 5823 1409 5886 τεταγμένῳ.
1474 5823 1503 5864 δ
1529 5825 1666 5875 Bene
1694 5825 1902 5877 advertit
1930 5829 2020 5877 Sn-

438 5877 587 5950 γίἰίιις
611 5879 875 5950 Iegemlum
909 5877 1045 5950 καθ’
1067 5877 1420 5950 ἠναπιόρῃσὶιιν
1445 5886 1519 5950 ἄν.
1547 5887 1646 5950 Sed
1666 5888 1725 5934 ἄν
1750 5889 2016 5950 repelilnm

438 5938 488 5988 In
512 5954 625 5989 unus.
650 5940 873 5991 onmibus
894 5943 1126 5992 omissum
1151 5950 1245 5994 est.
1271 5938 1379 5995 Mox
1404 5947 1600 6009 quidam
1625 5938 1906 6012 ἀνατροᾷἠν.

1122 287 1483 349 SJOANNIS
1519 285 2010 345 CHRYSOSTOMI
2044 283 2368 349 ARCUIEP.
2408 291 2959 352 CONSTANTINOP.

3620 300 3733 355 τεο

2150 407 2342 471 όλωλε,
2372 410 2468 464 zeal
2497 411 2754 481 πατρίδος
2777 412 2873 465 καὶ
2903 409 3236 482 ἐλευθερίας,
3269 411 3366 466 zeal
3398 410 3586 479 ἀδείας
3606 456 3622 483 ,
3654 417 3748 471 zeal

2151 490 2405 565 λατρείας
2426 492 2703 559 ἐξέπεσον,
2738 496 2834 548 καὶ
2852 495 3034 566 πάσης
3058 495 3518 568 ἀπεστερήθησαν
3542 499 3747 571 εὐημε-

2157 575 2299 645 ρίας,
2334 575 2429 629 καὶ
2451 576 2710 645 γεγόνασι
2735 576 2913 629 δοῦλοι
2934 577 3028 630 zeal
3062 577 3420 648 αἰχμάλωτοι.
3456 581 3623 635 Ταῦτ’
3652 579 3748 637 οὖν

2152 656 2376 723 εἰδότες,
2409 658 2679 728 μηδέποτε
2721 657 3165 730 ἐπιϐουλεύωμεν
3194 660 3438 734 ἑτέροις,
3476 664 3746 734 μαθόντες

2148 743 2231 796 ὅτι
2278 742 2400 797 καθ’
2431 744 2640 798 ἐαυτῶν
2671 744 2957 816 ἀκονῶμεν
2992 746 3057 798 τὸ
3098 743 3272 814 ξίφος,
3308 748 3402 802 καὶ
3435 748 3743 822 βαθυτέραν

2149 827 2360 891 ἑαυτοῖς
2383 826 2634 897 διδόαμεν
2662 826 2761 898 τὴν
2788 827 3023 900 πληγήν.
3074 827 3214 881 Ἀλλ’
3242 827 3484 901 ἐλύπησέ
3511 848 3617 896 τις,
3650 831 3749 886 zeal

2152 906 2331 979 βούλει
2361 909 2524 963 αὐτὸν
2553 908 2865 981 ἀμύνασθαι
2890 927 2905 977 ;
2928 912 3020 983 Μὴ
3051 912 3256 986 ἀμύνῃο
3288 913 3436 967 οὕτω
3462 914 3571 986 γὰρ
3598 916 3745 987 ἀμύ-

2149 991 2346 1047 νασθαι
2371 991 2599 1065 δυνήσῃ.
2652 993 2776 1047 Ἐἀν
2806 993 2865 1047 δέ
2893 994 3099 1068 ἀμύνῃ,
3139 996 3242 1050 οὐκ
3276 995 3492 1067 ἡμύνω.
3521 998 3633 1052 Kal
3666 999 3742 1070 μὴ

2146 1075 2374 1147 νομίσῃς
2419 1076 2651 1146 αἴνιγμα
2685 1073 2825 1131 εἶναι
2857 1076 2919 1131 τὸ
2951 1079 3265 1149 εἰρημένον,
3296 1079 3411 1133 ἀλλ’
3442 1077 3618 1152 ἀληθῆ
3655 1081 3746 1134 λό-

2146 1175 2263 1227 γον.
2300 1157 2428 1223 Πῶς
2460 1161 2558 1214 zeal
2582 1160 2689 1214 τίνι
2733 1160 2923 1233 τρόπῳ
2950 1177 2966 1228 ;
2995 1162 3119 1215 Ὅτι
3148 1163 3214 1217 σύ
3245 1162 3322 1234 μὴ
3359 1164 3704 1236 ἀμυνόμενος
3724 1205 3741 1232 ,

2145 1241 2239 1294 τὸν
2289 1240 2423 1297 Θεὸν
2478 1242 2629 1314 αὐτῷ
2661 1243 2923 1316 καθιστᾷς
2977 1244 3207 1317 ἐχθρόν’
3258 1246 3605 1319 ἀμυνόμενος
3640 1248 3697 1303 δέ
3723 1288 3741 1313 ,

2146 1323 2351 1380 οὐκέτι.
2399 1325 2556 1395 Ἐμοί
2608 1325 2719 1397 γάρ
2756 1326 3092 1395 ἐκδίκησις,
3143 1328 3260 1398 ἐγὼ
3291 1329 3696 1385 ἀνταποδώσω
3722 1373 3738 1397 ,

2145 1407 2309 1477 λέγει
2337 1409 2571 1477 Κύριος.
2601 1410 2665 1488 Εἰ
2696 1409 2806 1483 γὰρ
2828 1409 3049 1474 οἰκέτας
3075 1410 3294 1484 ἔχομεν,
3337 1412 3439 1466 κᾶν
3478 1414 3617 1488 πρὸς
3645 1414 3743 1468 ἀλ-

2144 1489 2341 1562 λήλους
2359 1486 2724 1561 διενεχθέντες
2749 1502 2800 1557 θ,
2831 1491 2906 1564 μὴ
2932 1492 3031 1563 τῆς
3051 1492 3207 1565 δίκης
3227 1494 3436 1567 καὶτῆς
3464 1486 3741 1557 κολάσεως

2142 1575 2279 1645 ἡμῖν
2324 1575 2823 1647 παραχωρήσωσιν,
2852 1576 2967 1630 ἀλλ’
2994 1578 3207 1642 ἑαυτοῖς
3236 1579 3599 1650 ἐπιτρέψωσι,
3633 1580 3740 1634 κᾶν

2147 1657 2406 1729 μυριάκις
2426 1658 2819 1730 προσέλθωσιν,
2838 1659 2899 1713 οὐ
2932 1660 3094 1731 μόνον
3113 1662 3212 1716 οὐκ
3230 1663 3569 1735 ἀμυνόμεθα,
3597 1664 3737 1719 ἀλλά

2142 1740 2240 1794 zeal
2266 1740 2705 1812 ἀγανακτοῦμεν,
2738 1743 3015 1815 Δραπέτα,
3051 1743 3299 1813 λέγοντες
3325 1784 3343 1811 ,
3375 1747 3499 1812 zeal,
3537 1764 3737 1818 μαστι·

2143 1822 2240 1891 γία
2259 1821 2311 1887 ἀ,
2346 1822 2410 1876 τὸ
2437 1825 2547 1877 πᾶν
2564 1826 2700 1895 ἡμῖν
2716 1824 3009 1895 ἐπιτρέψαι
3030 1826 3217 1899 ἐχρῆν·
3251 1827 3440 1900 ἐπειδὴ
3469 1828 3527 1882 δέ
3550 1830 3737 1901 σαυτῷ

2143 1904 2433 1977 προλαϐὼν
2453 1907 2681 1978 ἡμυνες,
2715 1908 2880 1979 μηδὲν
2909 1908 3117 1980 ἐνόχλει
3145 1909 3359 1964 λοιπόν·
3390 1910 3570 1982 πολλῷ
3596 1911 3735 1983 μᾶλ-

2141 1988 2234 2042 λον
2266 1988 2295 2040 ὁ
2320 1989 2474 2054 Θεὸς,
2508 1991 2537 2043 ό
2567 1990 2946 2062 παραγγείλας
2980 1992 3130 2063 αὐτῷ
3172 1995 3527 2065 παραχωρεῖν
3559 1995 3737 2050 ἀπάν-

2140 2088 2272 2136 των,
2295 2070 2455 2126 τοῦτο
2485 2072 2619 2144 ἐρεῖ.
2651 2074 2777 2138 Πῶς
2799 2074 2908 2147 γὰρ
2940 2075 3042 2128 οὐκ
3070 2075 3439 2140 ἀτοπον,ὃταν
3462 2077 3615 2150 παρά
3632 2065 3738 2149 μὲν

2142 2153 2348 2209 παίδων
2384 2153 2494 2208 τῶν
2531 2156 2824 2229 ἡμετέρων
2851 2158 3122 2229 τοσαύτην
3154 2158 3478 2231 ἀπαιτῶμεν
3515 2161 3733 2230 φιλοσο-

2142 2237 2272 2316 φίαν
2302 2239 2397 2292 zeal
2425 2238 2677 2309 ὑπακοήν
2700 2256 2713 2270 ο
2734 2239 2814 2312 τῷ
2840 2240 2897 2295 δὲ
2925 2241 3171 2314 Δεσπότῃ
3207 2243 3282 2316 μὴ
3313 2243 3731 2316 παραχωρῶμεν

2140 2312 2220 2376 ὧν
2240 2319 2541 2392 βουλόμεθα
2568 2322 2692 2386 τούς
2719 2323 2938 2388 οἰκέτας
2973 2326 3103 2396 ἡμῖν
3125 2312 3480 2398 παραχωρεῖν
3491 2312 3516 2388 V;
3546 2312 3735 2381 Ταῦτα

2138 2402 2197 2456 δὲ
2228 2402 2372 2472 λέγω
2393 2442 2408 2464 ,
2455 2404 2544 2459 διὰ
2585 2405 2646 2459 τὸ
2680 2406 2958 2477 πρόθυμον
2992 2407 3147 2479 ὑμῶν
3195 2410 3324 2480 περὶ
3351 2410 3452 2482 τὴν
3485 2409 3735 2482 ἀλλήλων

2139 2486 2362 2540 κόλασιν
2377 2502 2394 2518 ο
2419 2488 2542 2542 ἐπεὶ
2568 2489 2662 2544 τόν
2679 2506 2741 2559 γε
2779 2489 2997 2561 ἀληθῶς
3016 2489 3412 2562 φιλοσοφοῦντα
3429 2492 3549 2547 οὐδέ
3575 2493 3735 2549 τοῦτο

2139 2569 2246 2642 χρὴ
2265 2573 2463 2634 ποιεῖν,
2499 2572 2640 2627 ἀλλά
2673 2572 3069 2643 συγγινώσκειν
3100 2576 3197 2630 zeal
3222 2576 3441 2645 ἀφιέναι
3465 2576 3535 2631 τά
3555 2578 3734 2648 ἀμαρ-

2137 2650 2377 2720 τήματα,
2397 2653 2447 2703 εἰ
2476 2652 2571 2705 καὶ
2595 2650 2672 2724 μὴ
2697 2654 2875 2706 ἐκεῖνο
2898 2649 2968 2725 ἦν
2984 2653 3047 2707 τὸ
3075 2654 3222 2724 μέγα
3252 2654 3507 2720 ἔπαθλον,
3524 2655 3586 2709 τὸ
3604 2657 3736 2725 ἀφε-

2140 2744 2225 2781 σιν
2256 2727 2380 2781 ἀντὶ⁸
2405 2727 2612 2784 τούτων
2638 2730 2957 2802 λαμϐάνειν.
2990 2732 3054 2785 Εἰ
3081 2733 3192 2805 γὰρ
3213 2773 3227 2792 .
3261 2734 3383 2787 εἰπέ
3415 2751 3527 2805 μοι,
3563 2751 3734 2789 καταο

2137 2807 2433 2879 γινώσκεις
2460 2811 2555 2866 τοῦ
2571 2813 2975 2884 ἡμαρτηκότος,
2991 2815 3138 2880 τίνος
3155 2816 3308 2888 [303]
3327 2816 3512 2871 ἐνεκεν
3526 2818 3621 2871 zeal
3643 2820 3734 2872 αὐ·

2136 2892 2230 2956 τὸς
2243 2892 2600 2965 ἁμαρτάνεις,
2617 2897 2711 2950 zeal
2724 2899 2839 2961 τοῖς
2852 2897 3036 2961 αὐτοῖς
3053 2915 3118 2951 πε
3124 2898 3400 2970 ριπίπτεις
3419 2917 3434 2963 ;
3462 2899 3692 2971 ’Υϐρισε
3712 2915 3728 2965 ;

2137 2977 2231 3045 Μὴ
2259 2976 2621 3050 ἀνθυϐρίσῃς”
2662 2980 2787 3033 ἐπεὶ
2810 2980 3006 3034 σαυτὸν
3038 2980 3291 3053 ὕϐρισας.
3325 2982 3602 3053 Ἐπληξε;
3641 2984 3729 3056 Μὴ

2138 3060 2472 3133 ἀντιπλὴξῃς
2491 3078 2507 3095 ο
2536 3062 2662 3116 ἐπεὶ
2693 3064 2754 3118 τὸ
2803 3063 3060 3135 διάφορον
3092 3064 3352 3136 οὐδαμοῦ.
3418 3066 3729 3137 Ἐλύπησες

2142 3142 2236 3214 Μὴ
2265 3143 2640 3216 ἀντιλυπὴσῃς
2660 3160 2675 3176 ⁸
2712 3146 2836 3201 ἐπεὶ
2871 3147 2935 3202 τὸ
2969 3148 3161 3220 κέρδος
3190 3148 3363 3213 οωέν,
3395 3149 3532 3203 ἀλλά
3560 3150 3724 3220 γέγο-

2136 3242 2234 3289 νας
2262 3225 2487 3281 ἐκείνων
2525 3238 2550 3267 ο
2579 3227 2744 3282 πάλιν
2766 3230 2900 3293 ῖσος.
2936 3231 3126 3294 Οὓτως
3159 3232 3320 3286 αὐτὸν
3350 3232 3606 3305 ἐντρέψαι
3636 3235 3729 3287 δυ-

2136 3311 2277 3382 νήσῃ
2301 3351 2316 3375 ,
2347 3308 2416 3364 ἀν
2449 3310 2588 3382 μετά
2622 3313 2930 3385 πραότητος
2963 3314 3193 3388 ἐνέγκῃς
3221 3317 3482 3382 ἐπιεικῶς
3503 3333 3518 3349 ο
3553 3317 3728 3383 οὕτως

2136 3389 2300 3445 αὐτὸν
2326 3388 2643 3444 καταιδέσαι
2667 3430 2682 3454 ,
2717 3390 2892 3458 οὕτως
2936 3394 3098 3448 αὐτὸν
3137 3396 3367 3467 ἐγκόψαι
3397 3396 3499 3468 τῆς
3529 3398 3722 3469 ὀργῆς.

2135 3471 2326 3536 οὐδεὶς
2368 3471 2526 3542 κακῷ
2578 3473 2748 3528 κακὸν
2783 3475 2931 3530 ίᾶται
2957 3517 2972 3542 ,
3026 3476 3142 3531 ἀλλ’
3181 3478 3371 3551 ἀγαθῷ
3425 3481 3487 3534 τὸ
3519 3481 3715 3535 κακόν.

2134 3554 2321 3610 Ταῦτα
2344 3555 2476 3628 παρ’
2493 3556 2886 3629 Ἕλλησίτινες
2906 3560 3309 3631 φιλοσοφοῦσιν.
3333 3563 3726 3636 Αἰσχυνθῶμεν

2134 3638 2333 3707 τοίνυν,
2368 3640 2417 3693 εί
2442 3641 2570 3712 παρ’
2599 3640 2826 3712 Ἕλλησι
2854 3645 2965 3706 τοῖς
2986 3643 3235 3717 ἀνοήτοις
3256 3645 3526 3717 τοσαύτης
3556 3646 3727 3718 ούσης

2132 3725 2231 3794 τῆς
2256 3724 2575 3794 φιλοσοφίας
2596 3766 2612 3791 ,
2650 3726 2812 3796 ἡμεῖς
2851 3728 3110 3792 ἐλάττους
3148 3730 3498 3801 φαινοίμεθα.
3530 3731 3725 3786 Πολλοὶ

2133 3811 2495 3883 ἡδικὴθησαν,
2522 3815 2618 3867 zeal
2661 3813 2899 3884 ἡνεγκαν
2916 3829 2933 3847 ο
2962 3814 3149 3868 πολλοὶ
3177 3817 3719 3889 ἐσυκοφαντήθησαν.

2137 3894 2238 3947 καὶ
2269 3895 2369 3948 οὐκ
2398 3894 2707 3964 ἡμύναντο⁶
2757 3896 3251 3968 ἐπεϐουλεύθησαν,
3286 3900 3381 3954 καί
3422 3900 3725 3973 εὐηργέτη-

2135 3993 2255 4030 σαν.
2285 3976 2418 4041 Δέος
2444 3977 2503 4032 δέ
2534 3978 2598 4032 οὐ
2628 3978 2844 4050 μικρὸν.
2872 3979 2948 4051 μὴ
2975 3980 3195 4051 μείζους
3220 3981 3378 4054 ἡμῶν
3409 4000 3556 4048 τινες
3590 3981 3723 4055 παρ’

2131 4060 2315 4124 αὐτοῖς
2338 4060 2478 4114 κατά
2500 4060 2592 4114 τὸν
2619 4060 2734 4131 βίον
2757 4062 3045 4134 εύρεθῶσι,
3071 4065 3165 4119 zeal
3192 4066 3558 4137 σφοδροτέραν
3588 4068 3723 4138 ἡμῖν

2129 4143 2229 4215 τὴν
2276 4143 2496 4198 κόλασιν
2529 4145 2894 4217 ἐργάσωνται.
2939 4147 3109 4202 Ὅταν
3155 4148 3264 4220 γὰρ
3306 4151 3355 4203 οἰ
3403 4150 3724 4220 Πνεύματος

2133 4228 2564 4299 μετεσχηκότες,
2608 4228 2658 4282 οἰ
2690 4227 2968 4299 βασιλείαν
3008 4231 3419 4303 προσδοκῶντες
3444 4275 3460 4299 ,
3492 4234 3543 4287 οἰ
3577 4235 3722 4305 ὑπὲρ

2128 4308 2237 4363 τῶν
2265 4309 2511 4382 οὐρανῶν
2541 4310 2981 4382 φιλοσοφοῦντες,
3004 4315 3054 4368 οἱ
3085 4314 3159 4386 μὴ
3183 4314 3483 4381 δεδοικότες
3515 4315 3536 4357 ί
3566 4320 3722 4386 γέεν-

2129 4410 2246 4457 ναν,
2280 4394 2330 4446 οἰ
2365 4394 2711 4466 κελευόμενοι
2742 4396 2968 4467 ἄγγελοι
3005 4398 3286 4466 γίνεσθαι,
3317 4402 3366 4453 οἰ
3401 4402 3719 4473 μυστηρίων

2127 4477 2497 4543 ἀπολαύοντες
2515 4520 2530 4543 ,
2559 4480 2696 4551 μηδέ
2726 4482 2807 4544 εἰς
2837 4482 2936 4553 τὴν
2960 4481 3130 4553 αὐτὴν
3160 4483 3392 4549 ἐκείνοις
3422 4485 3719 4556 φθάσωμεν

2127 4560 2349 4630 ἀρετὴν,
2372 4561 2533 4613 ποίαν
2554 4561 2748 4633 ἕξομεν
2771 4564 3102 4637 συγγνώμην
3121 4573 3148 4611 8
3169 4584 3183 4634 ;
3210 4568 3271 4620 Εἰ
3288 4568 3398 4639 γὰρ
3431 4568 3718 4634 Ἰουδαίους

2129 4642 2481 4712 ὑπερϐαίνειν
2507 4644 2613 4715 χρὴ
2644 4647 2805 4705 (Εὰν
2829 4647 2938 4718 γὰρ
2956 4648 3044 4716 μὴ
3072 4653 3450 4720 περισσεύσῃ
3480 4650 3649 4720 ὑμῶν
3677 4654 3717 4720 ἡ

2127 4720 2505 4787 δικαιοσύνη,
2532 4740 2604 4792 φη
2613 4723 2684 4789 al,
2709 4725 2902 4780 πλέον
2924 4724 3043 4780 τῶν
3063 4729 3453 4798 γραμματέων
3474 4732 3572 4785 καί
3602 4734 3719 4785 Φα-

2117 4803 2394 4871 ρισαίων,
2424 4805 2497 4859 οὐ
2517 4805 2604 4874 μὴ
2630 4806 2949 4876 εἰσέλθητε
2977 4812 3066 4877 εἰς
3096 4810 3214 4881 τὴν
3239 4813 3572 4877 ,ϐασιλείαν
3601 4813 3718 4867 τῶν

2126 4882 2399 4950 οὐρανῶν
2421 4886 2459 4947 ξ,
2491 4882 2670 4954 πολλῷ
2703 4886 2905 4956 μᾶλλον
2935 4889 3208 4960 ’Έλληνας
3231 4910 3245 4923 ο
3280 4894 3330 4945 εἰ
3351 4893 3714 4964 Φαρισαίους,

2126 4965 2308 5049 πολλῷ
2335 4966 2536 5036 μᾶλλον
2560 4969 2687 5033 τούς
2709 4971 2993 5032 ἀπίστους.
3022 4974 3085 5027 Εἰ
3112 4974 3221 5046 γὰρ
3252 4976 3329 5048 μὴ
3360 4977 3716 5049 ὑπερϐάντων

2123 5048 2283 5120 ἡμῶν
2313 5049 2411 5121 τὴν
2441 5051 2664 5106 ἐκείνων
2699 5054 2998 5122 πολιτείαν,
3038 5048 3482 5114 ἀποκέκλεισται
3513 5061 3581 5114 τά
3614 5062 3715 5131 τῆς

2125 5131 2426 5203 βασιλείας·
2464 5135 2593 5191 ὅταν
2628 5139 2725 5192 καὶ
2775 5140 3042 5212 Ἐλλήνων
3089 5142 3413 5214 φαινώμεθα
3455 5145 3712 5216 χείρους,

2124 5216 2242 5280 πῶς
2262 5217 2458 5288 ἕξομεν
2483 5220 2689 5293 ταύτης
2706 5224 2985 5296 ἐπιτυχεῖν
3006 5244 3020 5290 ;
3040 5229 3229 5282 Πᾶσαν
3253 5228 3432 5282 τοίνυν
3461 5229 3709 5301 πικρίαν,

2124 5301 2220 5355 zeal
2245 5301 2437 5373 ὀργὴν,
2473 5302 2566 5357 zeal
2601 5303 2774 5376 θυμὸν
2808 5308 3151 5380 ἐκϐάλωμεν.
3201 5311 3278 5365 Τὰ
3308 5312 3462 5367 αὐτά
3484 5313 3711 5382 λέγειν,

2121 5382 2251 5467 ἐμοὶ
2274 5384 2394 5452 μὲν
2429 5386 2542 5439 οὐκ
2569 5386 2853 5456 ὀκνηρὸν.
2880 5391 3025 5461 ὑμῖν
3047 5392 3120 5446 δὲ
3140 5392 3436 5463 ἀσφαλές.
3471 5396 3583 5450 Kal
3603 5398 3714 5467 γὰρ

2122 5466 2216 5551 zeal
2246 5468 2424 5551 ίατροὶ
2447 5468 2527 5538 τῷ
2555 5469 2706 5540 αὐτῷ
2732 5472 2994 5537 πολλάκις
3019 5475 3259 5545 χρῶνται
3282 5478 3575 5551 φαρμάκῳ.
3602 5466 3713 5533 καὶ

2120 5548 2282 5618 ἡμεῖς
2306 5550 2368 5601 οὺ
2400 5551 2723 5634 παυσόμεθα
2750 5554 2819 5608 τά
2853 5556 2995 5610 αὐτά
3028 5548 3371 5628 ἐνηχοῦντες,
3403 5548 3712 5634 ἀναμιμνή-

2122 5646 2367 5695 σκοντες,
2397 5632 2760 5704 διδάσκοντες,
2784 5639 3255 5711 παρακαλοῦντες.
3280 5644 3394 5697 Καὶ
3406 5632 3522 5717 γὰρ
3541 5632 3710 5709 πολύς

2184 5773 2207 5801 ⁸
2222 5771 2318 5846 Alii
2342 5774 2671 5846 διαλεχθέντες.
2748 5778 2900 5847 εᾳνιι.
2921 5781 3496 5847 δραπέταςγθίμαστιγῖας.
3524 5783 3711 5847 ἶἘκείο

2117 5850 2229 5906 νων,
2251 5836 2503 5906 εξεριηηὶα
2523 5840 2849 5906 exemplaria,
2871 5836 2963 5906 sed
2988 5836 3252 5906 Iegendun‘z
3282 5836 3482 5895 ἐκείνου.
3530 5842 3552 5885 ί
3584 5847 3707 5905 Ouk

2119 5895 2595 5968 «lul‘llﬂlﬁibomé‘ytg.
2623 5895 2999 5968 _U'lr_0vi_s_'me_zd0
3025 5895 3180 5968 I‘égas,
3209 5910 3463 5968 sententia
3488 5895 3700 5959 cons‘lal,

2127 5958 2151 6003 ς
2181 5957 2275 6006 Alii
2303 5959 2529 6008 inserunt
2549 5960 2693 6009 ποίαν
2716 5963 2773 6010 ἀν
2797 5963 2963 6016 ἐλπίδα
2992 5957 3178 6031 εξυῐρωί
3194 5967 3325 6031 (sic).
