4072 6152
424 236 527 293 285

423 357 562 408 lebat
593 354 740 421 prius
780 367 879 421 pro
917 352 1070 408 nobis
1104 353 1283 410 oll‘erri
1325 355 1662 422 sacrilicium,
1696 367 1750 412 et
1777 358 2004 414 inimici-

421 446 547 498 tiam
577 445 628 497 in
656 458 817 497 carne
845 438 1002 509 solvi,
1036 460 1237 516 nosque
1271 446 1359 502 Dei
1387 448 1587 503 amicos
1610 448 1771 513 efﬁci,
1800 459 1853 504 et
1882 460 2005 505 tunc

415 532 616 587 donum
646 533 910 602 accipere.
940 533 1070 588 Nam
1101 537 1144 589 si
1188 536 1288 591 hoc
1317 539 1367 592 in
1396 540 1746 607 promissione
1773 541 2004 598 Ahraha:

416 622 609 677 factum
643 631 743 688 est,
795 625 962 678 multo
1005 627 1173 696 magis
1221 627 1271 681 in
1317 631 1505 697 gratia.
1549 630 1617 686 Et
1642 630 1745 686 hoc
1769 631 1999 689 declarat

415 712 609 767 l'anlus
638 713 719 767 his
750 714 959 769 verbis:
991 714 1053 771 Si
1082 718 1234 782 enim,
1262 720 1349 788 qui
1372 735 1436 775 ea:
1455 720 1581 792 lege,
1610 722 1835 777 hteredes
1858 734 1996 794 sunt,

410 808 675 861 exinanita
701 817 773 861 est
789 808 915 875 ﬁdes
933 825 951 863 :
970 808 1052 863 lea:
1074 812 1206 864 enim
1226 813 1355 867 iram
1374 825 1612 884 operatur
1628 816 1802 886 (Rom.
1830 818 1885 874 4.
1908 821 1996 875 14.

411 898 534 968 15);
569 898 669 954 hoc
715 910 818 965 est,
872 901 1122 957 Promisit
1154 904 1293 960 Deus
1331 907 1560 963 Abrahae
1584 918 1637 964 et
1663 912 1852 967 semini
1881 912 1996 983 ejus

408 989 657 1044 daturum
679 1006 737 1047 se
769 1001 965 1046 terram
994 1013 1007 1048 :
1027 994 1119 1049 sed
1142 1004 1361 1065 nepotes
1384 996 1499 1068 ejus
1523 1001 1878 1069 promissione
1905 1004 1992 1060 illa

410 1082 611 1153 indigni
642 1082 810 1149 fuere,
840 1093 896 1139 et
926 1100 992 1141 ex
1038 1090 1266 1158 prOpriis
1308 1091 1578 1149 laboribus
1620 1095 1833 1164 placere
1884 1113 1989 1154 non

408 1184 717 1244 potuerunt.
750 1177 1038 1246 Pr0pterea
1059 1181 1271 1235 intravit
1289 1183 1441 1251 lides,
1467 1200 1552 1240 res
1581 1185 1768 1253 facilis,
1795 1198 1853 1243 ut
1871 1204 1992 1259 gra-

409 1269 531 1322 tiam
562 1266 878 1332 attraheret,
904 1278 960 1325 et
984 1271 1242 1340 promissa
1270 1289 1376 1329 non
1396 1276 1721 1332 exciderent.
1748 1280 1833 1346 Et,
1861 1279 1988 1336 Ideo

404 1374 466 1413 ex
488 1359 610 1427 ﬁde,
643 1358 794 1426 dicit,
828 1370 883 1415 ut
910 1362 1187 1415 secundum
1210 1365 1427 1435 gratiam
1447 1367 1530 1433 sit,
1549 1378 1700 1440 utque
1721 1372 1988 1439 promissio

403 1451 552 1517 firma
580 1452 644 1505 sit
676 1450 838 1521 (Ibid.
878 1470 925 1506 v.
963 1454 1071 1524 16).
1107 1454 1228 1509 ldeo
1247 1456 1552 1513 Secundum
1590 1462 1828 1531 gratiam,
1860 1464 1985 1533 quia

404 1540 452 1595 id
476 1541 655 1598 lahore
682 1542 984 1614 sudoreque
1005 1559 1102 1599 suo
1124 1560 1227 1601 non
1249 1557 1510 1615 poterant.
1539 1549 1646 1606 Cur
1668 1560 1845 1609 autem
1862 1570 1982 1610 cum

400 1632 643 1701 dixisset,
676 1634 980 1689 Secundum
1008 1635 1327 1706 Scripturas,
1377 1649 1482 1694 non
1527 1640 1706 1711 adjicit
1747 1645 1985 1700 testimo-

401 1722 583 1781 nium?
612 1723 743 1789 Quia
775 1735 1023 1794 corrnpta
1058 1725 1269 1781 illorum
1296 1730 1559 1784 sententia
1596 1740 1729 1787 erat.
1759 1734 1846 1789 40.
1877 1735 1983 1790 Alii

401 1815 535 1868 enim
563 1815 818 1879 dicebant,
853 1815 949 1871 Hic
975 1826 1046 1871 est
1074 1818 1162 1872 ille
1187 1820 1462 1889 propheta;
1487 1822 1573 1876 il.
1610 1823 1702 1876 alii
1730 1825 1974 1892 dicebant,

405 1904 617 1961 Seducit
661 1906 893 1973 turbam;
920 1908 1027 1974 alii,
1064 1907 1185 1963 Non
1228 1928 1290 1965 ea:
1318 1910 1532 1966 Galilwa
1558 1915 1689 1969 venit
1726 1916 1974 1981 Christus,

403 1995 493 2051 42.
521 1997 609 2051 sed
633 2014 697 2052 ex
719 1996 1007 2053 Bethlehem
1033 2001 1176 2067 vico;
1196 2001 1287 2055 alii
1308 2002 1561 2069 dicebant,
1605 2002 1835 2062 Christus
1862 2024 1976 2063 cum

402 2088 605 2153 venerit,
632 2104 774 2142 nemo
801 2091 891 2144 scit
920 2092 1054 2145 unde
1081 2093 1181 2156 sit;
1210 2103 1264 2147 et
1299 2093 1525 2148 diversa:
1566 2104 1720 2149 erant
1769 2097 1976 2167 opinio-

397 2191 513 2243 nes,
543 2187 600 2231 ut
627 2179 678 2232 in
709 2179 860 2234 turba
904 2182 1146 2237 confusa.
1191 2183 1371 2253 Neque
1402 2184 1541 2239 enim
1574 2185 1729 2240 dictis
1757 2189 1975 2245 adhibe-

393 2265 520 2320 bant
549 2268 806 2336 aninnnn,
837 2285 1011 2340 neque
1038 2271 1278 2327 discendi
1324 2273 1502 2343 cupidi
1530 2284 1702 2330 erant.
1738 2276 1859 2332 ideo
1888 2278 1973 2335 his

392 2357 523 2413 nihil
565 2361 873 2429 respondet,
924 2363 1026 2417 etsi
1073 2363 1330 2427 dicerent,
1379 2364 1643 2435 Numquid
1668 2384 1732 2423 ex
1760 2368 1973 2430 Galiltea

391 2450 616 2505 Christus
632 2453 794 2517 venit;
815 2453 1196 2510 Nathanaelem
1224 2470 1351 2511 vero
1367 2457 1734 2514 vehementius
1750 2469 1803 2515 et
1817 2476 1973 2531 aspc-

390 2545 500 2598 rius
527 2544 814 2609 dicentem,
848 2546 930 2600 Ea:
956 2546 1216 2603 Nazareth
1241 2559 1401 2620 potest
1429 2551 1626 2619 aliquid
1657 2553 1772 2607 boni
1798 2554 1971 2608 exire?

390 2629 700 2690 laudavit‘ht
730 2653 857 2692 vere
879 2636 1189 2693 lsraelitam.
1226 2640 1285 2694 lli
1316 2642 1458 2696 enim
1489 2650 1543 2696 et
1564 2643 1651 2712 qui
1682 2643 1969 2701 Nicodemo

387 2727 651 2795 dicebant,
684 2729 933 2784 Scrutare
956 2741 1003 2784 et
1031 2730 1163 2798 vide,
1203 2733 1321 2803 quia
1367 2750 1433 2788 ea;
1480 2733 1695 2790 Galiltea
1723 2752 1823 2789 non
1863 2754 1969 2791 sura

386 2818 514 2871 rea-it
550 2820 816 2889 propheta,
860 2835 966 2875 non
1010 2820 1247 2877 discendi
1278 2838 1436 2878 causa
1483 2823 1755 2891 dicebant,
1786 2826 1878 2880 sed
1912 2836 1964 2881 ut

385 2912 689 2981 opinionem
720 2912 787 2967 de
819 2912 1031 2968 Christo
1084 2915 1387 2983 rejicerent.
1444 2916 1537 2971 llle
1586 2932 1734 2981 vero,
1782 2927 1965 2987 utpote

384 3005 617 3058 veritatis
636 3019 840 3068 amans,
861 3006 947 3074 qui
976 3014 1153 3061 vetera
1181 3006 1355 3060 omnia
1374 3015 1620 3063 accurate
1641 3018 1841 3074 nosset,
1862 3009 1965 3066 huc

382 3094 623 3148 dicebat:
650 3095 720 3148 illi
747 3105 925 3149 autem
962 3112 1124 3151 unum
1156 3097 1327 3151 solum
1357 3098 1690 3166 spectabant,
1725 3111 1780 3153 ut
1808 3101 1960 3155 cvm-

379 3194 563 3240 cerent
590 3187 760 3254 ipsum
802 3201 906 3239 non
951 3202 1068 3241 esse
1110 3187 1401 3241 Christum.
1444 3189 1778 3260 Quapropter
1824 3192 1954 3261 ipsis

379 3276 507 3331 nihil
555 3278 830 3333 revelavit.
864 3278 964 3349 Qui
1012 3280 1152 3332 enim
1202 3282 1469 3335 cuntraria
1502 3282 1871 3352 loquebantur,
1904 3293 1959 3339 et

377 3368 559 3431 modo,
593 3366 759 3421 Nemo
782 3369 875 3421 scit
904 3370 1037 3422 unde
1068 3371 1220 3436 venit,
1256 3370 1436 3437 mrdu,
1474 3371 1556 3425 Ea:
1580 3371 1959 3427 Bethlehemve-

376 3457 470 3522 nit,
501 3456 778 3524 dicebant;
807 3459 1016 3514 etiamsi
1047 3458 1379 3525 didicissent,
1409 3461 1786 3515 contradicturi
1818 3462 1956 3515 haud

376 3550 538 3604 dubie
576 3560 749 3605 erant.
784 3552 911 3605 Esto
955 3553 1120 3617 enim,
1153 3551 1327 3604 locum
1362 3553 1685 3622 ignorarent,
1719 3554 1859 3623 quod
1891 3571 1957 3609 ex

377 3641 689 3698 Bethlehem
736 3652 898 3708 esset,
949 3644 1070 3712 quia
1116 3643 1165 3697 in
1198 3642 1459 3697 Nazareth
1504 3653 1745 3697 versatus
1788 3643 1959 3699 fuerat

378 3733 640 3804 (quamvis
673 3735 774 3791 hoc
805 3735 955 3789 venia
1002 3735 1218 3804 dignum
1249 3751 1351 3788 non
1383 3744 1553 3799 esset;
1605 3749 1777 3804 neque
1814 3737 1955 3791 enim

375 3829 447 3883 ibi
475 3836 631 3882 natus
655 3827 827 3901 erat);
862 3844 985 3883 num
1016 3844 1183 3897 genus
1213 3841 1425 3896 quoque
1453 3826 1783 3896 ignorabant,
1813 3829 1954 3898 quod

373 3930 518 3976 esset
537 3936 605 3977 ex
629 3922 790 3976 domo
811 3932 863 3976 et
889 3917 1085 3975 familia
1121 3918 1322 3974 David?
1344 3915 1628 3983 Quomodo
1655 3937 1782 3991 ergo
1810 3921 1955 3976 dice-

374 4010 522 4079 bant,
550 4013 732 4067 Annon
771 4022 834 4066 ea:
857 4013 1042 4066 semine
1073 4011 1237 4065 David
1264 4015 1393 4065 venit
1422 4010 1688 4067 Christus?
1717 4012 1818 4067 Sed
1854 4013 1955 4068 hoc

373 4103 464 4156 illo
491 4102 648 4158 modo
674 4104 925 4173 obtegere
966 4102 1234 4165 volebant,
1276 4116 1339 4155 ac
1381 4101 1744 4157 fraudulenter
1774 4103 1951 4157 omnia

374 4194 741 4264 loquebantur.
770 4196 874 4249 Cur
893 4202 1069 4250 autem
1091 4208 1192 4249 non
1212 4203 1557 4249 accesserunt
1578 4194 1767 4248 dicturi
1788 4215 1800 4249 :
1821 4195 1951 4248 Cum

371 4295 562 4342 eadem
591 4287 767 4341 omnia
797 4285 1145 4348 admiremur,
1167 4284 1461 4353 jubeasque
1480 4284 1622 4338 credi
1645 4284 1735 4337 tibi
1763 4298 1946 4336 secun-

370 4373 495 4430 dum
519 4376 840 4446 Scripturas,
871 4377 955 4431 dic
981 4390 1078 4430 cur
1108 4375 1397 4442 Scriptura:
1435 4374 1617 4428 dicant
1642 4389 1709 4427 ex
1735 4374 1952 4427 Bethle-

374 4466 491 4521 hem
523 4467 787 4521 Christum
828 4482 947 4522 esse
979 4476 1288 4530 venturum;
1324 4473 1375 4518 tu
1413 4473 1588 4518 autem
1630 4481 1695 4518 ex
1734 4464 1947 4519 Galiltea

372 4558 600 4612 venisti?
630 4558 699 4612 At
730 4557 860 4611 nihil
894 4559 1083 4611 horum
1110 4557 1382 4620 dixerunt,
1415 4572 1596 4610 verum
1622 4557 1798 4610 omnia
1833 4571 1945 4610 ma-

369 4648 511 4718 ligno
536 4649 716 4703 animo
738 4649 1203 4704 causilieabantnr.
1246 4649 1397 4714 Quod
1441 4648 1582 4703 enim
1610 4647 1816 4702 discere
1843 4664 1945 4701 non

369 4750 672 4812 qumrerent
715 4749 808 4795 aut
834 4742 1048 4804 vellent,
1079 4743 1254 4794 statim
1284 4741 1546 4811 signifieat
1576 4741 1898 4811 evangelista
1929 4760 1942 4794 :

371 4834 455 4889 64.
486 4834 705 4902 Quidam
733 4834 960 4889 volebant
990 4834 1362 4903 apprehendere
1380 4849 1512 4895 eum,
1536 4833 1624 4886 scd
1648 4850 1792 4886 nemo
1815 4834 1946 4887 misit

372 4942 517 4996 super
552 4927 699 4980 illum
729 4944 930 4980 manum
978 4945 1140 4977 suain.
1172 4925 1300 4979 Nam
1331 4927 1429 4978 etsi
1480 4926 1605 4978 nihil
1638 4926 1799 4987 aliud,
1845 4926 1947 4980 hoc

368 5017 552 5073 Saltem
603 5017 723 5073 illos
777 5032 1136 5086 compungrre
1185 5016 1502 5068 debuisset:
1547 5015 1639 5069 Sed
1673 5032 1779 5070 non
1823 5025 1946 5070 sunt

365 5112 691 5179 compuncti,
725 5121 780 5164 ut
811 5111 886 5164 ait
917 5110 1173 5178 propheta
1209 5127 1220 5161 :
1262 5107 1500 5176 Dissipali
1529 5117 1664 5172 sunt,
1695 5124 1784 5161 nec
1812 5124 1947 5161 com-

366 5202 538 5270 puncti
561 5200 729 5270 (Psal.
763 5202 847 5257 54.
881 5202 992 5269 15).

433 5295 488 5349 3.
528 5293 742 5348 Malitia:
766 5295 1049 5347 character.
1093 5290 1292 5345 Malitia
1325 5289 1620 5343 Judazorum
1647 5291 1769 5358 ipsis
1795 5291 1944 5344 exilio

364 5387 477 5457 fuit.
526 5385 765 5440 Inimicos
811 5386 1061 5455 quomodo
1102 5384 1279 5436 ulcisci
1316 5391 1565 5452 oporteat.
1606 5382 1801 5437 Malum
1844 5400 1945 5437 non

363 5474 519 5543 malo,
547 5475 638 5530 sed
662 5475 790 5528 bono
819 5486 1048 5528 sanatur.
1070 5504 1140 5513 —
1173 5474 1478 5542 llnjnsmodi
1510 5474 1648 5527 enim
1678 5484 1760 5529 est
1789 5476 1941 5528 mali-

364 5566 467 5619 tia:
501 5566 701 5620 nemini
749 5565 859 5618 vult
911 5566 1124 5629 cedere,
1177 5580 1336 5616 unum
1388 5567 1561 5621 solum
1605 5568 1841 5636 respicit,
1889 5577 1945 5620 ut

364 5670 492 5712 eum
521 5655 730 5727 perdat,
761 5656 845 5709 cui
877 5656 1170 5709 insidiatur.
1196 5654 1298 5708 Sed
1324 5656 1448 5720 quid
1480 5656 1601 5710 dicit
1632 5657 1941 5728 Scriptura?

694 5752 962 5813 Ps’rnOL.
1010 5757 1122 5814 (in.
1178 5757 1338 5821 LIX.
1794 5749 1805 5765 ε

1557 248 1624 304 lN
1659 246 1971 305 JOANNEM
2011 250 2243 308 IIOMIL.
2284 252 2370 309 LI.
2408 253 2480 311 al.
2523 256 2583 311 Ι..

2119 360 2226 465 Qui
2237 364 2367 465 (odit
2391 369 2586 435 foveam
2600 371 2852 438 proximo,
2874 374 2925 427 in
2941 392 3051 431 eam
3066 378 3249 435 incidet
3265 383 3445 451 (Prov.
3470 386 3558 446 26.
3581 393 3695 465 27).

2111 450 2262 517 Quod
2295 463 2419 509 tunc
2446 458 2604 513 etiam
2633 463 2874 532 contigit.
2904 465 2981 521 llli
3026 484 3252 541 namque
3272 450 3451 543 ipsum
3489 450 3691 537 interii:

2108 554 2233 597 cere
2260 544 2528 613 volebant,
2560 557 2612 603 ut
2642 552 3073 620 praedicationem
3102 560 3413 622 abolerent:
3443 570 3536 625 sed
3558 587 3689 628 con.

2111 632 2328 734 trariutn
2355 637 2553 693 evenit.
2605 640 2920 700 Praedicatio
2969 665 3197 721 namque
3225 670 3319 724 per
3344 658 3540 718 Christi
3570 681 3690 734 ενδ.

2106 720 2233 775 tiam
2264 723 2437 791 ﬂoret,
2469 727 2678 785 illorum
2708 748 2835 788 vero
2866 739 3041 792 omnia
3070 720 3328 799 evstincta
3365 762 3488 805 sunt
3516 720 3687 824 clupe-

2103 809 2329 879 rierunt,
2360 824 2519 885 atque
2542 819 2615 874 illi
2640 823 2830 890 patria,
2871 826 3115 884 libertate
3144 842 3197 886 et
3226 837 3369 890 cultu
3410 857 3507 896 suo
3536 809 3686 900 exei-

2100 901 2315 1003 dcrunt,
2348 916 2507 978 atque
2527 912 2673 965 tnuni
2708 912 2957 972 felicitate
2988 920 3196 988 privati,
3229 928 3370 981 servi
3405 942 3461 985 et
3487 939 3683 1003 captivi

2100 990 2223 1049 facti
2252 1006 2394 1053 sunt.
2422 1001 2546 1056 llzec
2572 1019 2693 1059 cum
2730 1008 2981 1070 sciamus.
3010 1029 3297 1086 numquam
3322 1022 3439 1078 aliis
3468 990 3685 1080 insidie—

2096 1099 2234 1154 mur,
2266 1092 2416 1159 gnari
2460 1106 2557 1149 nos
2605 1108 2790 1153 contra
2823 1105 3178 1175 nosmetipsos
3205 1110 3434 1179 gladium
3461 1132 3678 1189 acuere,

2093 1185 2149 1278 et
2169 1179 2564 1247 profundiorem
2593 1189 2745 1244 nobis
2776 1191 3013 1262 inﬂigere
3035 1197 3260 1268 plagam.
3280 1200 3384 1258 Sed
3413 1214 3464 1261 te
3489 1179 3680 1278 aliquis

2092 1268 2245 1338 ltesit,
2280 1283 2335 1328 et
2362 1277 2441 1333 vis
2468 1280 2613 1335 illum
2643 1284 2857 1341 ulcisci?
2885 1287 2963 1343 Ne
2988 1291 3280 1362 ulciscaris,
3312 1300 3366 1352 et
3394 1299 3471 1354 sic
3493 1301 3674 1361 ulcisci

2091 1366 2313 1430 poteris.
2361 1368 2418 1425 Si
2467 1373 2761 1441 ulciscaris,
2792 1394 2900 1434 ncn
2933 1381 3227 1440 ulcisceris.
3258 1387 3366 1444 Nec
3393 1399 3543 1461 putes
3571 1396 3674 1451 hoc

2089 1454 2315 1526 amigma
2347 1475 2486 1529 esse,
2522 1467 2614 1521 sed
2645 1484 2826 1524 verum
2858 1482 2959 1528 est.
2989 1474 3270 1542 Quomodo
3294 1491 3346 1536 et
3369 1454 3472 1553 qua
3509 1488 3673 1544 ratio-

2088 1547 2192 1601 ne?
2216 1550 2348 1616 Quia
2376 1554 2422 1609 si
2444 1572 2550 1612 non
2587 1560 2877 1630 ulciscaris,
2912 1566 3073 1621 Deum
3107 1570 3205 1639 ipsi
3241 1572 3510 1632 inimicum
3535 1592 3665 1634 eone

2085 1635 2290 1705 stituis;
2313 1643 2356 1697 si
2381 1645 2672 1716 ulciscaris,
2694 1666 2799 1731 non
2823 1653 2969 1709 item.
2994 1635 3146 1722 Nam,
3174 1659 3307 1715 Mihi
3324 1665 3560 1733 vindicta,
3576 1684 3666 1740 ego

2084 1728 2373 1828 retribuam,
2401 1735 2528 1789 dicit
2556 1728 2995 1813 Dominus(liom.
3012 1745 3099 1800 12.
3126 1748 3215 1803 l9.
3253 1749 3407 1806 Deut.
3434 1756 3520 1811 52.

2082 1816 2212 1908 ματη
2244 1821 2287 1875 si
2317 1837 2503 1880 servos
2531 1827 2822 1888 habeamus
2847 1835 2935 1905 qui
2954 1847 3139 1892 mutuo
3166 1842 3428 1908 rixentur,
3453 1861 3549 1903 nec
3565 1816 3666 1905 no-

2080 1906 2163 1963 bis
2192 1910 2480 1970 ulciscendi
2503 1928 2684 1988 partes
2708 1924 3024 1991 concedant,
3056 1929 3150 1985 sed
3176 1931 3313 1987 sibi:
3343 1906 3446 1991 etsi
3467 1940 3665 2008 smpius

2080 2012 2180 2052 nos
2206 2013 2414 2073 rogent,
2445 2023 2552 2063 non
2584 2010 2744 2067 modo
2773 2029 2879 2069 non
2905 2016 3233 2087 ulciscimur,
3266 2021 3361 2079 sed
3391 2028 3552 2082 etiam
3582 2031 3665 2085 iu-

2078 2086 2379 2159 dignamur,
2410 2104 2465 2151 et
2491 2097 2738 2168 fugitivos
2760 2106 3136 2178 mastigiasqnc
3166 2086 3449 2169 vacamus:
3482 2116 3660 2187 Opors

2075 2179 2220 2282 lebat
2246 2185 2416 2252 enim,
2441 2186 2697 2259 dicimus,
2727 2201 2788 2249 ut
2818 2201 2991 2252 totum
3034 2202 3190 2257 nobis
3221 2204 3495 2277 deferres;
3530 2179 3654 2282 sed,

2071 2271 2200 2341 quia
2249 2276 2480 2347 teipsum
2523 2283 2669 2340 ultus
2715 2301 2796 2352 es,
2831 2304 2898 2343 ne
2940 2291 3245 2347 moleStiam
3293 2298 3430 2353 ultra
3466 2271 3650 2373 crees;

2075 2361 2243 2417 multo
2269 2367 2434 2436 magis
2464 2369 2619 2449 Deus,
2648 2372 2736 2443 qui
2762 2376 3033 2445 pnecepit,
3064 2388 3122 2433 ut
3164 2380 3264 2436 sibi
3310 2386 3485 2440 omnia
3511 2361 3657 2443 com;

2074 2450 2423 2521 mitteremus,
2457 2457 2507 2511 id
2531 2458 2767 2518 dicturus
2795 2474 2894 2519 est.
2925 2465 3201 2532 Quomodo
3231 2470 3516 2531 absurdum
3548 2489 3654 2538 non

2072 2537 2252 2610 fuerit,
2272 2559 2393 2599 cum
2420 2562 2446 2600 a
2477 2552 2647 2605 servis
2680 2555 2879 2607 nostris
2902 2554 3038 2612 hanc
3062 2558 3458 2633 philosophiam
3485 2577 3540 2624 et
3566 2570 3655 2627 ob-

2071 2635 2313 2703 sequium
2344 2638 2641 2709 exigamus,
2684 2645 2910 2701 Domino
2953 2665 3057 2705 non
3087 2667 3150 2707 ea
3179 2658 3498 2729 concedere,
3531 2677 3653 2735 quat

2072 2725 2314 2783 volumus
2336 2745 2367 2785 a
2397 2736 2569 2790 servis
2600 2738 2797 2792 nostris
2827 2740 3048 2797 concedi
3098 2746 3287 2802 nobis?
3325 2750 3451 2809 Haec
3486 2725 3651 2825 pth-ro

2069 2815 2211 2912 dico,
2239 2821 2380 2891 quod
2407 2823 2478 2879 ita
2505 2830 2736 2899 prompti
2767 2831 2882 2886 sitis
2902 2833 2968 2888 ad
2988 2834 3242 2893 ultionem
3268 2815 3648 2912 expetendam.

2067 2904 2199 2962 Nam
2232 2925 2355 2967 eum
2384 2915 2474 2984 qui
2523 2926 2648 2972 vere
2678 2920 3084 2991 philoso;ihatur
3114 2926 3164 2982 id
3197 2904 3376 2988 facere
3407 2950 3513 2992 non
3550 2939 3649 2995 de-

2066 3006 2171 3066 cet,
2207 3000 2305 3056 sed
2344 3003 2502 3061 debet
2548 3007 2637 3063 ille
2682 3021 2896 3079 peccata
2939 3013 3209 3073 dimittere
3238 3029 3293 3075 et
3319 3024 3645 3095 condonare,

2066 3089 2272 3145 etiamsi
2303 3108 2417 3150 non
2440 3110 2628 3167 magna
2651 3111 3023 3170 expectaretur
3053 3121 3277 3176 merces,
3310 3089 3646 3179 peccatorum

2068 3197 2257 3254 nempe
2287 3190 2548 3244 remissio.
2594 3192 2723 3247 Nam
2766 3195 2810 3250 si
2853 3195 3075 3253 damnas
3126 3214 3481 3274 peccatorum,
3528 3224 3646 3274 cur,

2063 3289 2263 3343 qumso,
2297 3280 2410 3349 ipse
2443 3298 2649 3352 peCCaS,
2680 3296 2728 3341 et
2759 3288 2809 3341 in
2836 3289 3021 3346 eadem
3041 3292 3358 3353 laberis?Te
3384 3301 3503 3370 quis
3518 3317 3648 3358 con-

2066 3367 2276 3421 tumelia
2315 3370 2524 3425 affecit?
2554 3373 2630 3429 Ne
2657 3381 3032 3434 contumeliam
3064 3385 3347 3453 rependas,
3390 3367 3446 3443 ut
3474 3407 3541 3447 ne
3581 3393 3647 3447 ila

2065 3453 2166 3509 lam
2200 3458 2289 3511 tibi
2321 3460 2417 3528 ipsi
2446 3462 2660 3518 inferas.
2704 3466 3005 3523 Percussit?
3034 3470 3110 3525 Ne
3147 3479 3490 3547 repercutias,
3524 3483 3646 3551 quia

2063 3547 2194 3601 nihil
2227 3549 2348 3604 inde
2381 3552 2619 3608 utilitatis
2651 3559 2930 3627 percipies.
2958 3561 3187 3617 Mterore
3216 3565 3297 3621 alii
3320 3564 3430 3622 cit?
3452 3547 3645 3628 Ne'vié

2061 3649 2176 3689 eem
2208 3637 2426 3704 referas,
2458 3644 2579 3712 quia
2608 3646 2737 3701 nihil
2762 3648 2882 3702 inde
2906 3649 3056 3719 lucri,
3083 3653 3174 3707 sed
3207 3654 3281 3710 illi
3308 3659 3495 3716 similis
3521 3679 3636 3717 eva;

2060 3726 2161 3783 dis.
2195 3731 2284 3785 Sic
2311 3732 2457 3788 illum
2484 3734 2708 3794 fortasse
2736 3741 2786 3796 in
2820 3742 3072 3809 pudorem
3094 3746 3366 3817 conjicies,
3395 3757 3437 3807 si
3460 3758 3640 3813 omnia

2062 3835 2338 3880 mansuete
2369 3825 2536 3893 feras;
2570 3829 2649 3884 sic
2677 3831 2727 3885 in
2760 3833 3027 3901 ruborem,
3077 3837 3145 3890 ita
3199 3846 3255 3894 ut
3302 3840 3436 3896 iram
3466 3845 3639 3904 sedet;

2058 3910 2225 3965 Nemo
2248 3914 2441 3970 malum
2468 3919 2606 3974 malo
2629 3931 2801 3983 sanat,
2829 3924 2921 3978 sed
2945 3925 3083 3980 bono
3113 3928 3327 3983 malum.
3352 3931 3475 3987 ΙΙωο
3499 3936 3639 4003 apud

2057 4005 2283 4071 gentiles
2313 4008 2550 4062 nonnulli
2597 4011 3056 4081 philosophantur.
3102 4017 3210 4071 Nos
3255 4034 3382 4088 ergo
3423 4023 3631 4093 pudeat,-

2058 4093 2198 4162 quod
2230 4095 2403 4149 stultis
2445 4098 2728 4165 gentilibus
2771 4112 3027 4169 qumtum
3053 4100 3117 4158 ad
3149 4106 3533 4179 philosophiam
3565 4116 3639 4170 εἰς

2058 4199 2176 4237 mus
2205 4185 2501 4241 inferiores.
2527 4187 2674 4242 Multi
2708 4206 2890 4244 eorum
2916 4192 3107 4261 injuria
3134 4196 3330 4265 allecti,
3357 4216 3511 4272 arquo
3531 4207 3639 4262 ani~

2057 4288 2145 4326 mo
2173 4273 2437 4336 tulerunt;
2469 4274 2618 4331 multi
2649 4279 2942 4335 calumnias
2974 4298 3078 4338 non
3113 4288 3518 4359 propulsarunt;
3550 4295 3635 4351 ill-'-

2057 4362 2310 4419 sidiantes
2349 4365 2608 4420 beneficio
2646 4367 2954 4426 aliecerunt.
2998 4373 3418 4449 Timendumque
3446 4393 3528 4439 est
3568 4402 3637 4445 ne

2055 4455 2270 4525 quidam
2298 4471 2361 4512 ex
2394 4457 2497 4511 illis
2526 4459 2645 4513 vita:
2675 4460 2915 4516 instituto
2939 4465 3093 4520 nubis
3122 4472 3516 4535 przestantiores
3546 4492 3635 4532 re-

2057 4548 2348 4617 periantur,
2395 4559 2448 4605 et
2488 4550 2610 4605 hinc
2663 4569 2759 4608 nos
2801 4558 3014 4623 gravius
3043 4560 3357 4628 supplicium
3400 4572 3632 4623 maneat.-

2054 4636 2184 4693 Nam
2214 4640 2257 4694 si
2289 4655 2386 4695 nos
2416 4643 2501 4710 qui
2534 4641 2787 4712 Spiritum
2817 4649 3139 4717 accepimus,
3167 4654 3254 4720 qui
3287 4668 3508 4725 regnum
3538 4673 3635 4714 εχει

2051 4740 2372 4800 spectamus,
2396 4733 2483 4802 qui
2518 4749 2611 4801 pro
2642 4735 2891 4790 etc-lorum
2922 4742 3142 4808 pra-min
3173 4740 3623 4817 philosophamur,

2051 4827 2139 4895 qui
2167 4826 2464 4896 gehennam
2489 4844 2592 4881 non
2625 4830 2894 4897 timemus,
2922 4833 3008 4901 qui
3032 4835 3201 4903 angeli
3224 4850 3341 4890 esse
3358 4837 3630 4905 jubetnun
3657 4818 3675 4869 θ

2051 4917 2138 4985 qui
2172 4918 2543 4987 mysteriorum
2576 4920 2858 4989 participes
2904 4938 3111 4989 sumus,
3156 4940 3261 4979 non
3294 4924 3413 4981 illos
3440 4931 3632 4985 virtute

2050 5008 2389 5077 attingamus,
2421 5020 2579 5078 quam
2610 5024 2999 5081 consequcnmr
3027 5014 3233 5067 vestiam
3255 5015 3312 5067 1?
3338 5017 3545 5071 Etenim
3586 5018 3630 5073 si

2050 5098 2264 5153 Juda'os
2292 5115 2544 5169 superare
2576 5109 2816 5157 tenemur
2858 5102 3018 5170 (Aisi,
3061 5105 3250 5172 inquit,
3299 5105 3631 5162 abundaverit

2043 5194 2243 5260 jttstitt'a
2287 5202 2447 5245 vestra
2489 5192 2600 5260 plus
2629 5208 2779 5261 quam
2825 5195 3100 5244 scribarum
3132 5201 3178 5245 et
3225 5192 3624 5265 Pharisworum,

2051 5299 2148 5336 non
2167 5282 2415 5335 iutrabilis
2438 5283 2487 5334 in
2511 5298 2717 5352 regnum
2741 5283 2976 5335 caelorum
3013 5281 3222 5352 [.iIatth.
3251 5284 3302 5338 5.
3327 5284 3441 5357 20])
3459 5304 3472 5351 ;
3492 5288 3620 5343 mul-

2052 5384 2105 5428 to
2133 5376 2298 5443 magis
2333 5375 2584 5443 gentiles;
2613 5374 2657 5426 si
2691 5373 3004 5437 Pharismos,
3040 5372 3205 5426 multo
3235 5376 3399 5445 magis
3440 5377 3625 5433 inlide-

2053 5466 2148 5521 les.
2182 5467 2312 5520 Cum
2344 5466 2505 5529 enim,
2540 5465 2638 5518 nisi
2695 5464 2812 5516 illos
2857 5477 3187 5532 superemus,
3225 5482 3441 5536 regnum
3475 5469 3626 5529 nobis

2117 5666 2129 5693 ί
2170 5661 2262 5709 Alii
2283 5663 2520 5719 inserunt,
2546 5671 2688 5721 quam
2711 5672 2839 5719 spem
2861 5671 3106 5724 possumus
3130 5660 3304 5712 habere
3326 5662 3351 5712 Ρ

3182 5764 3256 5825 18
