  <div class='ocr_page' id='page_1' title='image "/cluster/home/n/w/nwhite01/storage/ocr_20150623/59/mdp.39015009383640/285.png"; bbox 0 0 4072 6152; ppageno 0'>
   <div class='ocr_carea' id='block_1_1' title="bbox 362 292 3635 371">
    <p class='ocr_par' dir='ltr' id='par_1_1' title="bbox 362 292 3635 371">
     <span class='ocr_line' id='line_1_1' title="bbox 362 292 3635 371; baseline -0 -17"><span class='ocrx_word' id='word_1_1' title='bbox 362 317 459 371; x_wconf 64' lang='grc' dir='ltr'><strong>εδτ</strong></span> <span class='ocrx_word' id='word_1_2' title='bbox 1100 305 1151 359; x_wconf 87' lang='lat' dir='ltr'><strong>S.</strong></span> <span class='ocrx_word' id='word_1_3' title='bbox 1195 299 1469 356; x_wconf 69' lang='lat' dir='ltr'><strong>JOASNIS</strong></span> <span class='ocrx_word' id='word_1_4' title='bbox 1505 292 1977 351; x_wconf 75' lang='lat' dir='ltr'><strong>CHRYSOSTOMI</strong></span> <span class='ocrx_word' id='word_1_5' title='bbox 2018 292 2329 348; x_wconf 70' lang='lat' dir='ltr'><strong>ARClliEP.</strong></span> <span class='ocrx_word' id='word_1_6' title='bbox 2371 292 2899 348; x_wconf 70' lang='lat' dir='ltr'><strong>CONSTANTINOP.</strong></span> <span class='ocrx_word' id='word_1_7' title='bbox 3532 300 3635 354; x_wconf 69' lang='lat'><strong>283</strong></span> 
     </span>
    </p>
   </div>
   <div class='ocr_carea' id='block_1_2' title="bbox 357 407 1945 488">
    <p class='ocr_par' dir='ltr' id='par_1_2' title="bbox 357 407 1945 488">
     <span class='ocr_line' id='line_1_2' title="bbox 357 407 1945 488; baseline -0.015 -6"><span class='ocrx_word' id='word_1_8' title='bbox 357 429 598 482; x_wconf 83' lang='lat' dir='ltr'><strong>clausum</strong></span> <span class='ocrx_word' id='word_1_9' title='bbox 646 422 747 487; x_wconf 85' lang='lat' dir='ltr'><strong>sit;</strong></span> <span class='ocrx_word' id='word_1_10' title='bbox 800 421 843 474; x_wconf 88' lang='lat' dir='ltr'><strong>si</strong></span> <span class='ocrx_word' id='word_1_11' title='bbox 888 416 1171 488; x_wconf 76' lang='lat' dir='ltr'><strong>gentilibus</strong></span> <span class='ocrx_word' id='word_1_12' title='bbox 1203 413 1412 483; x_wconf 75' lang='lat' dir='ltr'><strong>pejores</strong></span> <span class='ocrx_word' id='word_1_13' title='bbox 1456 411 1645 471; x_wconf 71' lang='lat' dir='ltr'><strong>simus,</strong></span> <span class='ocrx_word' id='word_1_14' title='bbox 1677 407 1945 478; x_wconf 87' lang='lat' dir='ltr'><strong>quomodo</strong></span> 
     </span>
    </p>
   </div>
   <div class='ocr_carea' id='block_1_3' title="bbox 361 502 1946 589">
    <p class='ocr_par' dir='ltr' id='par_1_3' title="bbox 361 502 1946 589">
     <span class='ocr_line' id='line_1_3' title="bbox 361 502 1946 589; baseline -0.015 -14"><span class='ocrx_word' id='word_1_15' title='bbox 361 521 464 576; x_wconf 88' lang='lat' dir='ltr'><strong>hoc</strong></span> <span class='ocrx_word' id='word_1_16' title='bbox 486 520 657 589; x_wconf 81' lang='lat' dir='ltr'><strong>ipsum</strong></span> <span class='ocrx_word' id='word_1_17' title='bbox 677 526 893 582; x_wconf 78' lang='lat' dir='ltr'><strong>regnum</strong></span> <span class='ocrx_word' id='word_1_18' title='bbox 916 506 1337 577; x_wconf 89' lang='lat' dir='ltr'><strong>consequemur?</strong></span> <span class='ocrx_word' id='word_1_19' title='bbox 1358 505 1583 559; x_wconf 84' lang='lat' dir='ltr'>Omnem</span> <span class='ocrx_word' id='word_1_20' title='bbox 1607 502 1783 572; x_wconf 78' lang='lat' dir='ltr'><strong>itaque</strong></span> <span class='ocrx_word' id='word_1_21' title='bbox 1805 515 1946 555; x_wconf 83' lang='lat' dir='ltr'><strong>acer-</strong></span> 
     </span>
    </p>
   </div>
   <div class='ocr_carea' id='block_1_4' title="bbox 363 592 1946 672">
    <p class='ocr_par' dir='ltr' id='par_1_4' title="bbox 363 592 1946 672">
     <span class='ocr_line' id='line_1_4' title="bbox 363 592 1946 672; baseline -0.013 -8"><span class='ocrx_word' id='word_1_22' title='bbox 363 610 604 672; x_wconf 81' lang='lat' dir='ltr'><strong>bitatem,</strong></span> <span class='ocrx_word' id='word_1_23' title='bbox 633 607 789 672; x_wconf 87' lang='lat' dir='ltr'><strong>iram,</strong></span> <span class='ocrx_word' id='word_1_24' title='bbox 814 603 1044 657; x_wconf 90' lang='lat' dir='ltr'><strong>furorem</strong></span> <span class='ocrx_word' id='word_1_25' title='bbox 1077 599 1369 669; x_wconf 85' lang='lat' dir='ltr'><strong>ejiciamus.</strong></span> <span class='ocrx_word' id='word_1_26' title='bbox 1403 595 1594 650; x_wconf 52' lang='lat' dir='ltr'><strong>Eiidem</strong></span> <span class='ocrx_word' id='word_1_27' title='bbox 1613 595 1799 659; x_wconf 81' lang='lat' dir='ltr'><strong>dicere,</strong></span> <span class='ocrx_word' id='word_1_28' title='bbox 1822 592 1946 645; x_wconf 87' lang='lat' dir='ltr'><strong>mihi</strong></span> 
     </span>
    </p>
   </div>
   <div class='ocr_carea' id='block_1_5' title="bbox 357 683 1946 772">
    <p class='ocr_par' dir='ltr' id='par_1_5' title="bbox 357 683 1946 772">
     <span class='ocr_line' id='line_1_5' title="bbox 357 683 1946 772; baseline -0.011 -17"><span class='ocrx_word' id='word_1_29' title='bbox 357 700 560 772; x_wconf 78' lang='lat' dir='ltr'><strong>quidem</strong></span> <span class='ocrx_word' id='word_1_30' title='bbox 580 714 679 752; x_wconf 87' lang='lat' dir='ltr'><strong>non</strong></span> <span class='ocrx_word' id='word_1_31' title='bbox 706 696 993 759; x_wconf 88' lang='lat' dir='ltr'><strong>molestum,</strong></span> <span class='ocrx_word' id='word_1_32' title='bbox 1024 691 1157 745; x_wconf 82' lang='lat' dir='ltr'><strong>robis</strong></span> <span class='ocrx_word' id='word_1_33' title='bbox 1175 699 1341 744; x_wconf 89' lang='lat' dir='ltr'><strong>autem</strong></span> <span class='ocrx_word' id='word_1_34' title='bbox 1363 696 1521 741; x_wconf 87' lang='lat' dir='ltr'><strong>lutum</strong></span> <span class='ocrx_word' id='word_1_35' title='bbox 1550 684 1772 759; x_wconf 79' lang='lat' dir='ltr'><strong>(Philip.</strong></span> <span class='ocrx_word' id='word_1_36' title='bbox 1798 683 1851 737; x_wconf 82' lang='grc'><strong>5.</strong></span> <span class='ocrx_word' id='word_1_37' title='bbox 1870 684 1946 751; x_wconf 82' lang='lat' dir='ltr'><strong>l).</strong></span> 
     </span>
    </p>
   </div>
   <div class='ocr_carea' id='block_1_6' title="bbox 360 774 1948 854">
    <p class='ocr_par' dir='ltr' id='par_1_6' title="bbox 360 774 1948 854">
     <span class='ocr_line' id='line_1_6' title="bbox 360 774 1948 854; baseline -0.013 -7"><span class='ocrx_word' id='word_1_38' title='bbox 360 791 493 847; x_wconf 70' lang='lat' dir='ltr'><strong>Nam</strong></span> <span class='ocrx_word' id='word_1_39' title='bbox 544 787 735 844; x_wconf 91' lang='lat' dir='ltr'><strong>medici</strong></span> <span class='ocrx_word' id='word_1_40' title='bbox 777 785 963 841; x_wconf 89' lang='lat' dir='ltr'><strong>eodem</strong></span> <span class='ocrx_word' id='word_1_41' title='bbox 996 783 1112 854; x_wconf 89' lang='lat' dir='ltr'><strong>ipso</strong></span> <span class='ocrx_word' id='word_1_42' title='bbox 1142 796 1284 850; x_wconf 62' lang='lat' dir='ltr'><strong>saepe</strong></span> <span class='ocrx_word' id='word_1_43' title='bbox 1331 787 1548 833; x_wconf 92' lang='lat' dir='ltr'><strong>utuntur</strong></span> <span class='ocrx_word' id='word_1_44' title='bbox 1591 774 1850 831; x_wconf 87' lang='lat' dir='ltr'><strong>remedio.</strong></span> <span class='ocrx_word' id='word_1_45' title='bbox 1880 774 1948 827; x_wconf 85' lang='lat' dir='ltr'><strong>Et</strong></span> 
     </span>
    </p>
   </div>
   <div class='ocr_carea' id='block_1_7' title="bbox 362 867 1948 937">
    <p class='ocr_par' dir='ltr' id='par_1_7' title="bbox 362 867 1948 937">
     <span class='ocr_line' id='line_1_7' title="bbox 362 867 1948 937; baseline -0.013 -1"><span class='ocrx_word' id='word_1_46' title='bbox 362 896 460 937; x_wconf 88' lang='lat' dir='ltr'><strong>uos</strong></span> <span class='ocrx_word' id='word_1_47' title='bbox 486 894 596 933; x_wconf 89' lang='lat' dir='ltr'><strong>non</strong></span> <span class='ocrx_word' id='word_1_48' title='bbox 625 878 785 933; x_wconf 89' lang='lat' dir='ltr'><strong>linem</strong></span> <span class='ocrx_word' id='word_1_49' title='bbox 815 875 1069 930; x_wconf 77' lang='lat' dir='ltr'><strong>faciemus</strong></span> <span class='ocrx_word' id='word_1_50' title='bbox 1115 871 1301 927; x_wconf 87' lang='lat' dir='ltr'><strong>eadem</strong></span> <span class='ocrx_word' id='word_1_51' title='bbox 1329 867 1614 932; x_wconf 84' lang='lat' dir='ltr'><strong>clamandi,</strong></span> <span class='ocrx_word' id='word_1_52' title='bbox 1649 877 1948 920; x_wconf 85' lang='lat' dir='ltr'><strong>memoran-</strong></span> 
     </span>
    </p>
   </div>
   <div class='ocr_carea' id='block_1_8' title="bbox 367 958 1951 1038">
    <p class='ocr_par' dir='ltr' id='par_1_8' title="bbox 367 958 1951 1038">
     <span class='ocr_line' id='line_1_8' title="bbox 367 958 1951 1038; baseline -0.011 -12"><span class='ocrx_word' id='word_1_53' title='bbox 367 974 443 1038; x_wconf 92' lang='lat' dir='ltr'><strong>di,</strong></span> <span class='ocrx_word' id='word_1_54' title='bbox 472 970 722 1034; x_wconf 82' lang='lat' dir='ltr'><strong>docendi,</strong></span> <span class='ocrx_word' id='word_1_55' title='bbox 756 966 1028 1022; x_wconf 80' lang='lat' dir='ltr'><strong>hortandi.</strong></span> <span class='ocrx_word' id='word_1_56' title='bbox 1054 963 1187 1019; x_wconf 85' lang='lat' dir='ltr'><strong>Nam</strong></span> <span class='ocrx_word' id='word_1_57' title='bbox 1215 962 1377 1016; x_wconf 88' lang='lat' dir='ltr'><strong>tuulta</strong></span> <span class='ocrx_word' id='word_1_58' title='bbox 1406 969 1487 1016; x_wconf 82' lang='lat' dir='ltr'><strong>est</strong></span> <span class='ocrx_word' id='word_1_59' title='bbox 1513 958 1842 1013; x_wconf 72' lang='lat' dir='ltr'><strong>smeularium</strong></span> <span class='ocrx_word' id='word_1_60' title='bbox 1868 970 1951 1010; x_wconf 83' lang='lat' dir='ltr'><strong>rc-</strong></span> 
     </span>
    </p>
   </div>
   <div class='ocr_carea' id='block_1_9' title="bbox 2049 407 3635 481">
    <p class='ocr_par' dir='ltr' id='par_1_9' title="bbox 2049 407 3635 481">
     <span class='ocr_line' id='line_1_9' title="bbox 2049 407 3635 481; baseline 0.005 -19"><span class='ocrx_word' id='word_1_61' title='bbox 2049 424 2166 462; x_wconf 89' lang='lat' dir='ltr'><strong>rum</strong></span> <span class='ocrx_word' id='word_1_62' title='bbox 2199 407 2371 474; x_wconf 84' lang='lat' dir='ltr'><strong>turba,</strong></span> <span class='ocrx_word' id='word_1_63' title='bbox 2395 424 2511 481; x_wconf 71' lang='lat' dir='ltr'><strong>qua:</strong></span> <span class='ocrx_word' id='word_1_64' title='bbox 2531 410 2580 463; x_wconf 89' lang='lat' dir='ltr'><strong>in</strong></span> <span class='ocrx_word' id='word_1_65' title='bbox 2610 409 2798 464; x_wconf 89' lang='lat' dir='ltr'><strong>horum</strong></span> <span class='ocrx_word' id='word_1_66' title='bbox 2826 410 3145 466; x_wconf 80' lang='lat' dir='ltr'><strong>oblivionem</strong></span> <span class='ocrx_word' id='word_1_67' title='bbox 3169 413 3437 481; x_wconf 85' lang='lat' dir='ltr'><strong>conjiciat,</strong></span> <span class='ocrx_word' id='word_1_68' title='bbox 3461 417 3635 470; x_wconf 77' lang='lat' dir='ltr'><strong>aedo-</strong></span> 
     </span>
    </p>
   </div>
   <div class='ocr_carea' id='block_1_10' title="bbox 2048 499 3634 571">
    <p class='ocr_par' dir='ltr' id='par_1_10' title="bbox 2048 499 3634 571">
     <span class='ocr_line' id='line_1_10' title="bbox 2048 499 3634 571; baseline 0.004 -17"><span class='ocrx_word' id='word_1_69' title='bbox 2048 500 2218 554; x_wconf 90' lang='lat' dir='ltr'><strong>ctriua</strong></span> <span class='ocrx_word' id='word_1_70' title='bbox 2245 499 2503 569; x_wconf 82' lang='lat' dir='ltr'><strong>frequenti</strong></span> <span class='ocrx_word' id='word_1_71' title='bbox 2532 510 2609 555; x_wconf 91' lang='lat' dir='ltr'><strong>est</strong></span> <span class='ocrx_word' id='word_1_72' title='bbox 2640 514 2794 569; x_wconf 74' lang='lat' dir='ltr'><strong>Opus.</strong></span> <span class='ocrx_word' id='word_1_73' title='bbox 2821 500 2898 555; x_wconf 79' lang='lat' dir='ltr'><strong>Ne</strong></span> <span class='ocrx_word' id='word_1_74' title='bbox 2927 516 3056 571; x_wconf 84' lang='lat' dir='ltr'><strong>ergo</strong></span> <span class='ocrx_word' id='word_1_75' title='bbox 3082 500 3184 557; x_wconf 91' lang='lat' dir='ltr'><strong>huc</strong></span> <span class='ocrx_word' id='word_1_76' title='bbox 3210 501 3403 558; x_wconf 68' lang='lat' dir='ltr'><strong>flustra</strong></span> <span class='ocrx_word' id='word_1_77' title='bbox 3435 521 3634 561; x_wconf 86' lang='lat' dir='ltr'><strong>convc-</strong></span> 
     </span>
    </p>
   </div>
   <div class='ocr_carea' id='block_1_11' title="bbox 2054 588 3637 659">
    <p class='ocr_par' dir='ltr' id='par_1_11' title="bbox 2054 588 3637 659">
     <span class='ocr_line' id='line_1_11' title="bbox 2054 588 3637 659; baseline 0.003 -15"><span class='ocrx_word' id='word_1_78' title='bbox 2054 590 2283 654; x_wconf 88' lang='lat' dir='ltr'><strong>niamus,</strong></span> <span class='ocrx_word' id='word_1_79' title='bbox 2308 604 2471 659; x_wconf 81' lang='lat' dir='ltr'><strong>opera</strong></span> <span class='ocrx_word' id='word_1_80' title='bbox 2498 588 2844 647; x_wconf 80' lang='lat' dir='ltr'><strong>exhibeamus</strong></span> <span class='ocrx_word' id='word_1_81' title='bbox 2874 591 3032 657; x_wconf 89' lang='lat' dir='ltr'><strong>bona,</strong></span> <span class='ocrx_word' id='word_1_82' title='bbox 3069 602 3125 647; x_wconf 92' lang='lat' dir='ltr'><strong>ut</strong></span> <span class='ocrx_word' id='word_1_83' title='bbox 3152 593 3325 647; x_wconf 87' lang='lat' dir='ltr'><strong>futura</strong></span> <span class='ocrx_word' id='word_1_84' title='bbox 3351 593 3486 648; x_wconf 88' lang='lat' dir='ltr'><strong>bona</strong></span> <span class='ocrx_word' id='word_1_85' title='bbox 3507 611 3637 651; x_wconf 84' lang='lat' dir='ltr'><strong>con-</strong></span> 
     </span>
    </p>
   </div>
   <div class='ocr_carea' id='block_1_12' title="bbox 2048 680 3635 751">
    <p class='ocr_par' dir='ltr' id='par_1_12' title="bbox 2048 680 3635 751">
     <span class='ocr_line' id='line_1_12' title="bbox 2048 680 3635 751; baseline 0.003 -17"><span class='ocrx_word' id='word_1_86' title='bbox 2048 695 2356 748; x_wconf 81' lang='lat' dir='ltr'><strong>sequamur,</strong></span> <span class='ocrx_word' id='word_1_87' title='bbox 2401 680 2569 749; x_wconf 87' lang='lat' dir='ltr'><strong>gratia</strong></span> <span class='ocrx_word' id='word_1_88' title='bbox 2615 688 2670 735; x_wconf 89' lang='lat' dir='ltr'><strong>et</strong></span> <span class='ocrx_word' id='word_1_89' title='bbox 2699 682 3023 751; x_wconf 91' lang='lat' dir='ltr'><strong>benignitate</strong></span> <span class='ocrx_word' id='word_1_90' title='bbox 3069 682 3280 737; x_wconf 89' lang='lat' dir='ltr'><strong>Domini</strong></span> <span class='ocrx_word' id='word_1_91' title='bbox 3312 685 3478 739; x_wconf 79' lang='lat' dir='ltr'><strong>nostri</strong></span> <span class='ocrx_word' id='word_1_92' title='bbox 3508 684 3635 740; x_wconf 82' lang='lat' dir='ltr'><strong>Jesu</strong></span> 
     </span>
    </p>
   </div>
   <div class='ocr_carea' id='block_1_13' title="bbox 2047 772 3637 846">
    <p class='ocr_par' dir='ltr' id='par_1_13' title="bbox 2047 772 3637 846">
     <span class='ocr_line' id='line_1_13' title="bbox 2047 772 3637 846; baseline 0.003 -20"><span class='ocrx_word' id='word_1_93' title='bbox 2047 772 2265 837; x_wconf 78' lang='lat' dir='ltr'><strong>Christi,</strong></span> <span class='ocrx_word' id='word_1_94' title='bbox 2308 787 2401 840; x_wconf 91' lang='lat' dir='ltr'><strong>per</strong></span> <span class='ocrx_word' id='word_1_95' title='bbox 2428 786 2586 842; x_wconf 88' lang='lat' dir='ltr'><strong>quem</strong></span> <span class='ocrx_word' id='word_1_96' title='bbox 2630 782 2683 827; x_wconf 91' lang='lat' dir='ltr'><strong>et</strong></span> <span class='ocrx_word' id='word_1_97' title='bbox 2711 787 2830 827; x_wconf 91' lang='lat' dir='ltr'><strong>cum</strong></span> <span class='ocrx_word' id='word_1_98' title='bbox 2862 789 2969 843; x_wconf 93' lang='lat' dir='ltr'><strong>quo</strong></span> <span class='ocrx_word' id='word_1_99' title='bbox 2998 773 3141 828; x_wconf 90' lang='lat' dir='ltr'><strong>Patri</strong></span> <span class='ocrx_word' id='word_1_100' title='bbox 3172 775 3339 844; x_wconf 89' lang='lat' dir='ltr'><strong>gloria</strong></span> <span class='ocrx_word' id='word_1_101' title='bbox 3368 776 3637 846; x_wconf 82' lang='lat' dir='ltr'><strong>simulque</strong></span> 
     </span>
    </p>
   </div>
   <div class='ocr_carea' id='block_1_14' title="bbox 2051 864 3638 936">
    <p class='ocr_par' dir='ltr' id='par_1_14' title="bbox 2051 864 3638 936">
     <span class='ocr_line' id='line_1_14' title="bbox 2051 864 3638 936; baseline 0.003 -18"><span class='ocrx_word' id='word_1_102' title='bbox 2051 864 2269 933; x_wconf 84' lang='lat' dir='ltr'><strong>Spiritui</strong></span> <span class='ocrx_word' id='word_1_103' title='bbox 2300 873 2502 930; x_wconf 87' lang='lat' dir='ltr'><strong>sancto,</strong></span> <span class='ocrx_word' id='word_1_104' title='bbox 2538 879 2677 919; x_wconf 91' lang='lat' dir='ltr'><strong>nunc</strong></span> <span class='ocrx_word' id='word_1_105' title='bbox 2702 875 2756 920; x_wconf 92' lang='lat' dir='ltr'><strong>et</strong></span> <span class='ocrx_word' id='word_1_106' title='bbox 2781 879 3016 936; x_wconf 86' lang='lat' dir='ltr'><strong>semper,</strong></span> <span class='ocrx_word' id='word_1_107' title='bbox 3038 877 3091 922; x_wconf 89' lang='lat' dir='ltr'><strong>et</strong></span> <span class='ocrx_word' id='word_1_108' title='bbox 3119 867 3168 922; x_wconf 93' lang='lat' dir='ltr'><strong>in</strong></span> <span class='ocrx_word' id='word_1_109' title='bbox 3191 869 3384 924; x_wconf 60' lang='lat' dir='ltr'><strong>secula</strong></span> <span class='ocrx_word' id='word_1_110' title='bbox 3412 871 3638 925; x_wconf 64' lang='lat' dir='ltr'><strong>saeculo-</strong></span> 
     </span>
    </p>
   </div>
   <div class='ocr_carea' id='block_1_15' title="bbox 2052 955 2411 1009">
    <p class='ocr_par' dir='ltr' id='par_1_15' title="bbox 2052 955 2411 1009">
     <span class='ocr_line' id='line_1_15' title="bbox 2052 955 2411 1009; baseline -0.003 0"><span class='ocrx_word' id='word_1_111' title='bbox 2052 970 2191 1009; x_wconf 86' lang='lat' dir='ltr'><strong>rum.</strong></span> <span class='ocrx_word' id='word_1_112' title='bbox 2221 955 2411 1009; x_wconf 82' lang='lat' dir='ltr'><strong>Amen.</strong></span> 
     </span>
    </p>
   </div>
   <div class='ocr_carea' id='block_1_16' title="bbox 1684 1167 2205 1231">
    <p class='ocr_par' dir='ltr' id='par_1_16' title="bbox 1684 1167 2205 1231">
     <span class='ocr_line' id='line_1_16' title="bbox 1684 1167 2205 1231; baseline 0.002 -2"><span class='ocrx_word' id='word_1_113' title='bbox 1684 1167 2036 1231; x_wconf 77' lang='lat' dir='ltr'><strong>HOMILIA</strong></span> <span class='ocrx_word' id='word_1_114' title='bbox 2078 1168 2205 1230; x_wconf 85' lang='lat' dir='ltr'><strong>LII.</strong></span> 
     </span>
    </p>
   </div>
   <div class='ocr_carea' id='block_1_17' title="bbox 377 1308 1939 1393">
    <p class='ocr_par' dir='ltr' id='par_1_17' title="bbox 377 1308 1939 1393">
     <span class='ocr_line' id='line_1_17' title="bbox 377 1308 1939 1393; baseline -0.011 -12"><span class='ocrx_word' id='word_1_115' title='bbox 377 1326 502 1381; x_wconf 60' lang='lat' dir='ltr'><strong>Car.</strong></span> <span class='ocrx_word' id='word_1_116' title='bbox 528 1308 592 1382; x_wconf 61' lang='grc'><strong>⁵’7.</strong></span> <span class='ocrx_word' id='word_1_117' title='bbox 624 1342 676 1381; x_wconf 81' lang='lat' dir='ltr'><strong>v.</strong></span> <span class='ocrx_word' id='word_1_118' title='bbox 704 1325 789 1382; x_wconf 72' lang='grc'><strong>45.</strong></span> <span class='ocrx_word' id='word_1_119' title='bbox 819 1323 1072 1379; x_wconf 77' lang='lat' dir='ltr'><strong>Venerunt</strong></span> <span class='ocrx_word' id='word_1_120' title='bbox 1113 1338 1229 1393; x_wconf 87' lang='lat' dir='ltr'><strong>ergo</strong></span> <span class='ocrx_word' id='word_1_121' title='bbox 1272 1318 1486 1374; x_wconf 84' lang='lat' dir='ltr'><strong>ministri</strong></span> <span class='ocrx_word' id='word_1_122' title='bbox 1510 1315 1578 1368; x_wconf 84' lang='lat' dir='ltr'><strong>ad</strong></span> <span class='ocrx_word' id='word_1_123' title='bbox 1604 1313 1865 1385; x_wconf 86' lang='lat' dir='ltr'><strong>pontiﬁces</strong></span> <span class='ocrx_word' id='word_1_124' title='bbox 1893 1321 1939 1365; x_wconf 87' lang='lat' dir='ltr'><strong>et</strong></span> 
     </span>
    </p>
   </div>
   <div class='ocr_carea' id='block_1_18' title="bbox 453 1403 1950 1479">
    <p class='ocr_par' dir='ltr' id='par_1_18' title="bbox 453 1403 1950 1479">
     <span class='ocr_line' id='line_1_18' title="bbox 453 1403 1950 1479; baseline -0.012 -8"><span class='ocrx_word' id='word_1_125' title='bbox 453 1418 741 1472; x_wconf 66' lang='lat' dir='ltr'><strong>Pharisa‘os</strong></span> <span class='ocrx_word' id='word_1_126' title='bbox 767 1458 778 1479; x_wconf 88' lang='lat'><strong>,</strong></span> <span class='ocrx_word' id='word_1_127' title='bbox 807 1426 852 1469; x_wconf 87' lang='lat' dir='ltr'><strong>et</strong></span> <span class='ocrx_word' id='word_1_128' title='bbox 878 1414 1112 1469; x_wconf 74' lang='lat' dir='ltr'><strong>dixerunt</strong></span> <span class='ocrx_word' id='word_1_129' title='bbox 1137 1412 1208 1466; x_wconf 87' lang='lat' dir='ltr'><strong>eis</strong></span> <span class='ocrx_word' id='word_1_130' title='bbox 1234 1411 1312 1465; x_wconf 85' lang='lat' dir='ltr'><strong>illi</strong></span> <span class='ocrx_word' id='word_1_131' title='bbox 1342 1425 1360 1464; x_wconf 91' lang='lat'><strong><em>:</em></strong></span> <span class='ocrx_word' id='word_1_132' title='bbox 1396 1409 1567 1476; x_wconf 79' lang='lat' dir='ltr'><strong>Quare</strong></span> <span class='ocrx_word' id='word_1_133' title='bbox 1592 1422 1696 1460; x_wconf 84' lang='lat' dir='ltr'><strong>non</strong></span> <span class='ocrx_word' id='word_1_134' title='bbox 1726 1403 1950 1457; x_wconf 72' lang='lat' dir='ltr'><strong>adduxi-</strong></span> 
     </span>
    </p>
   </div>
   <div class='ocr_carea' id='block_1_19' title="bbox 442 1496 1953 1575">
    <p class='ocr_par' dir='ltr' id='par_1_19' title="bbox 442 1496 1953 1575">
     <span class='ocr_line' id='line_1_19' title="bbox 442 1496 1953 1575; baseline -0.01 -11"><span class='ocrx_word' id='word_1_135' title='bbox 442 1512 532 1564; x_wconf 93' lang='lat' dir='ltr'><strong>stis</strong></span> <span class='ocrx_word' id='word_1_136' title='bbox 557 1509 711 1563; x_wconf 82' lang='lat' dir='ltr'><strong>eum?</strong></span> <span class='ocrx_word' id='word_1_137' title='bbox 739 1507 825 1563; x_wconf 70' lang='grc'><strong>46.</strong></span> <span class='ocrx_word' id='word_1_138' title='bbox 855 1505 1239 1575; x_wconf 80' lang='lat' dir='ltr'><strong>Responderunt</strong></span> <span class='ocrx_word' id='word_1_139' title='bbox 1265 1502 1482 1557; x_wconf 78' lang='lat' dir='ltr'><strong>ministri</strong></span> <span class='ocrx_word' id='word_1_140' title='bbox 1509 1516 1526 1554; x_wconf 93' lang='lat'><strong><em>:</em></strong></span> <span class='ocrx_word' id='word_1_141' title='bbox 1559 1498 1851 1566; x_wconf 79' lang='lat' dir='ltr'><strong>Numquam</strong></span> <span class='ocrx_word' id='word_1_142' title='bbox 1878 1496 1953 1550; x_wconf 83' lang='lat' dir='ltr'><strong>sic</strong></span> 
     </span>
    </p>
   </div>
   <div class='ocr_carea' id='block_1_20' title="bbox 443 1596 1354 1671">
    <p class='ocr_par' dir='ltr' id='par_1_20' title="bbox 443 1596 1354 1671">
     <span class='ocr_line' id='line_1_20' title="bbox 443 1596 1354 1671; baseline -0.003 -17"><span class='ocrx_word' id='word_1_143' title='bbox 443 1603 678 1671; x_wconf 85' lang='lat' dir='ltr'><strong>loquutus</strong></span> <span class='ocrx_word' id='word_1_144' title='bbox 707 1608 778 1654; x_wconf 89' lang='lat' dir='ltr'><strong>est</strong></span> <span class='ocrx_word' id='word_1_145' title='bbox 803 1598 954 1652; x_wconf 89' lang='lat' dir='ltr'><strong>homo</strong></span> <span class='ocrx_word' id='word_1_146' title='bbox 985 1605 1037 1649; x_wconf 89' lang='lat' dir='ltr'><strong>ut</strong></span> <span class='ocrx_word' id='word_1_147' title='bbox 1078 1596 1159 1650; x_wconf 87' lang='lat' dir='ltr'><strong>hic</strong></span> <span class='ocrx_word' id='word_1_148' title='bbox 1181 1596 1354 1651; x_wconf 90' lang='lat' dir='ltr'><strong>homo.</strong></span> 
     </span>
    </p>
   </div>
   <div class='ocr_carea' id='block_1_21' title="bbox 446 1680 1954 1755">
    <p class='ocr_par' dir='ltr' id='par_1_21' title="bbox 446 1680 1954 1755">
     <span class='ocr_line' id='line_1_21' title="bbox 446 1680 1954 1755; baseline -0.01 -6"><span class='ocrx_word' id='word_1_149' title='bbox 446 1697 496 1750; x_wconf 80' lang='lat' dir='ltr'><strong>l.</strong></span> <span class='ocrx_word' id='word_1_150' title='bbox 541 1693 760 1748; x_wconf 78' lang='lat' dir='ltr'><strong>Veritate</strong></span> <span class='ocrx_word' id='word_1_151' title='bbox 802 1692 930 1745; x_wconf 81' lang='lat' dir='ltr'><strong>nihil</strong></span> <span class='ocrx_word' id='word_1_152' title='bbox 955 1689 1140 1744; x_wconf 85' lang='lat' dir='ltr'><strong>clarius</strong></span> <span class='ocrx_word' id='word_1_153' title='bbox 1163 1729 1179 1755; x_wconf 91' lang='lat'><strong>,</strong></span> <span class='ocrx_word' id='word_1_154' title='bbox 1222 1688 1351 1742; x_wconf 83' lang='lat' dir='ltr'><strong>nihil</strong></span> <span class='ocrx_word' id='word_1_155' title='bbox 1396 1683 1692 1745; x_wconf 75' lang='lat' dir='ltr'><strong>simplicius.</strong></span> <span class='ocrx_word' id='word_1_156' title='bbox 1721 1712 1793 1723; x_wconf 91' lang='lat'><strong>—</strong></span> <span class='ocrx_word' id='word_1_157' title='bbox 1814 1680 1954 1736; x_wconf 82' lang='lat' dir='ltr'><strong>Nihil</strong></span> 
     </span>
    </p>
   </div>
   <div class='ocr_carea' id='block_1_22' title="bbox 373 1773 1959 1848">
    <p class='ocr_par' dir='ltr' id='par_1_22' title="bbox 373 1773 1959 1848">
     <span class='ocr_line' id='line_1_22' title="bbox 373 1773 1959 1848; baseline -0.008 -9"><span class='ocrx_word' id='word_1_158' title='bbox 373 1786 599 1842; x_wconf 74' lang='lat' dir='ltr'><strong>veritate</strong></span> <span class='ocrx_word' id='word_1_159' title='bbox 646 1783 863 1847; x_wconf 89' lang='lat' dir='ltr'><strong>clarius,</strong></span> <span class='ocrx_word' id='word_1_160' title='bbox 907 1781 1043 1836; x_wconf 87' lang='lat' dir='ltr'><strong>nihil</strong></span> <span class='ocrx_word' id='word_1_161' title='bbox 1086 1778 1396 1848; x_wconf 86' lang='lat' dir='ltr'><strong>simplicius,</strong></span> <span class='ocrx_word' id='word_1_162' title='bbox 1443 1777 1546 1831; x_wconf 88' lang='lat' dir='ltr'><strong>nisi</strong></span> <span class='ocrx_word' id='word_1_163' title='bbox 1588 1791 1684 1831; x_wconf 88' lang='lat' dir='ltr'><strong>nos</strong></span> <span class='ocrx_word' id='word_1_164' title='bbox 1728 1773 1959 1841; x_wconf 79' lang='lat' dir='ltr'><strong>maligne</strong></span> 
     </span>
    </p>
   </div>
   <div class='ocr_carea' id='block_1_23' title="bbox 378 1865 1951 1948">
    <p class='ocr_par' dir='ltr' id='par_1_23' title="bbox 378 1865 1951 1948">
     <span class='ocr_line' id='line_1_23' title="bbox 378 1865 1951 1948; baseline -0.011 -17"><span class='ocrx_word' id='word_1_165' title='bbox 378 1889 599 1948; x_wconf 78' lang='lat' dir='ltr'><strong>agamus</strong></span> <span class='ocrx_word' id='word_1_166' title='bbox 625 1891 640 1928; x_wconf 87' lang='lat'>:</span> <span class='ocrx_word' id='word_1_167' title='bbox 667 1873 760 1929; x_wconf 86' lang='lat' dir='ltr'><strong>sed</strong></span> <span class='ocrx_word' id='word_1_168' title='bbox 791 1874 838 1928; x_wconf 86' lang='lat' dir='ltr'><strong>si</strong></span> <span class='ocrx_word' id='word_1_169' title='bbox 857 1872 1086 1942; x_wconf 80' lang='lat' dir='ltr'><strong>maligne</strong></span> <span class='ocrx_word' id='word_1_170' title='bbox 1112 1885 1210 1925; x_wconf 86' lang='lat' dir='ltr'><strong>nos</strong></span> <span class='ocrx_word' id='word_1_171' title='bbox 1228 1883 1493 1936; x_wconf 75' lang='lat' dir='ltr'><strong>geramus,</strong></span> <span class='ocrx_word' id='word_1_172' title='bbox 1518 1866 1646 1921; x_wconf 84' lang='lat' dir='ltr'><strong>nihil</strong></span> <span class='ocrx_word' id='word_1_173' title='bbox 1664 1865 1951 1920; x_wconf 85' lang='lat' dir='ltr'><strong>diflicilius.</strong></span> 
     </span>
    </p>
   </div>
   <div class='ocr_carea' id='block_1_24' title="bbox 381 1955 1957 2034">
    <p class='ocr_par' dir='ltr' id='par_1_24' title="bbox 381 1955 1957 2034">
     <span class='ocr_line' id='line_1_24' title="bbox 381 1955 1957 2034; baseline -0.01 -10"><span class='ocrx_word' id='word_1_174' title='bbox 381 1971 520 2025; x_wconf 84' lang='lat' dir='ltr'><strong>Ecce</strong></span> <span class='ocrx_word' id='word_1_175' title='bbox 543 1965 800 2022; x_wconf 82' lang='lat' dir='ltr'><strong>Pharisaei</strong></span> <span class='ocrx_word' id='word_1_176' title='bbox 829 1973 884 2021; x_wconf 89' lang='lat' dir='ltr'><strong>et</strong></span> <span class='ocrx_word' id='word_1_177' title='bbox 907 1964 1118 2028; x_wconf 68' lang='lat' dir='ltr'><strong>scribae,</strong></span> <span class='ocrx_word' id='word_1_178' title='bbox 1143 1963 1231 2034; x_wconf 89' lang='lat' dir='ltr'><strong>qui</strong></span> <span class='ocrx_word' id='word_1_179' title='bbox 1259 1960 1612 2030; x_wconf 84' lang='lat' dir='ltr'><strong>sapientiores</strong></span> <span class='ocrx_word' id='word_1_180' title='bbox 1658 1972 1779 2015; x_wconf 76' lang='lat' dir='ltr'><strong>esse</strong></span> <span class='ocrx_word' id='word_1_181' title='bbox 1807 1955 1957 2010; x_wconf 85' lang='lat' dir='ltr'><strong>vide-</strong></span> 
     </span>
    </p>
   </div>
   <div class='ocr_carea' id='block_1_25' title="bbox 381 2048 1960 2127">
    <p class='ocr_par' dir='ltr' id='par_1_25' title="bbox 381 2048 1960 2127">
     <span class='ocr_line' id='line_1_25' title="bbox 381 2048 1960 2127; baseline -0.008 -13"><span class='ocrx_word' id='word_1_182' title='bbox 381 2061 593 2125; x_wconf 82' lang='lat' dir='ltr'><strong>bantur,</strong></span> <span class='ocrx_word' id='word_1_183' title='bbox 627 2057 716 2127; x_wconf 86' lang='lat' dir='ltr'><strong>qui</strong></span> <span class='ocrx_word' id='word_1_184' title='bbox 746 2071 867 2112; x_wconf 90' lang='lat' dir='ltr'><strong>cum</strong></span> <span class='ocrx_word' id='word_1_185' title='bbox 892 2055 1112 2111; x_wconf 79' lang='lat' dir='ltr'><strong>Christo</strong></span> <span class='ocrx_word' id='word_1_186' title='bbox 1140 2068 1353 2124; x_wconf 85' lang='lat' dir='ltr'><strong>semper</strong></span> <span class='ocrx_word' id='word_1_187' title='bbox 1377 2060 1551 2118; x_wconf 88' lang='lat' dir='ltr'><strong>erant,</strong></span> <span class='ocrx_word' id='word_1_188' title='bbox 1584 2050 1704 2120; x_wconf 90' lang='lat' dir='ltr'><strong>quia</strong></span> <span class='ocrx_word' id='word_1_189' title='bbox 1738 2048 1960 2103; x_wconf 80' lang='lat' dir='ltr'><strong>insidias</strong></span> 
     </span>
    </p>
   </div>
   <div class='ocr_carea' id='block_1_26' title="bbox 379 2139 1959 2214">
    <p class='ocr_par' dir='ltr' id='par_1_26' title="bbox 379 2139 1959 2214">
     <span class='ocr_line' id='line_1_26' title="bbox 379 2139 1959 2214; baseline -0.009 -8"><span class='ocrx_word' id='word_1_190' title='bbox 379 2150 454 2206; x_wconf 91' lang='lat' dir='ltr'><strong>illi</strong></span> <span class='ocrx_word' id='word_1_191' title='bbox 480 2149 780 2214; x_wconf 89' lang='lat' dir='ltr'><strong>struebant,</strong></span> <span class='ocrx_word' id='word_1_192' title='bbox 804 2146 938 2202; x_wconf 86' lang='lat' dir='ltr'><strong>licet</strong></span> <span class='ocrx_word' id='word_1_193' title='bbox 964 2145 1221 2200; x_wconf 88' lang='lat' dir='ltr'><strong>miracula</strong></span> <span class='ocrx_word' id='word_1_194' title='bbox 1243 2143 1491 2199; x_wconf 79' lang='lat' dir='ltr'><strong>viderent</strong></span> <span class='ocrx_word' id='word_1_195' title='bbox 1518 2184 1533 2208; x_wconf 90' lang='lat'><strong>,</strong></span> <span class='ocrx_word' id='word_1_196' title='bbox 1552 2142 1690 2196; x_wconf 86' lang='lat' dir='ltr'><strong>licet</strong></span> <span class='ocrx_word' id='word_1_197' title='bbox 1716 2139 1959 2208; x_wconf 86' lang='lat' dir='ltr'><strong>Scriptu-</strong></span> 
     </span>
    </p>
   </div>
   <div class='ocr_carea' id='block_1_27' title="bbox 378 2232 1956 2314">
    <p class='ocr_par' dir='ltr' id='par_1_27' title="bbox 378 2232 1956 2314">
     <span class='ocr_line' id='line_1_27' title="bbox 378 2232 1956 2314; baseline -0.011 -15"><span class='ocrx_word' id='word_1_198' title='bbox 378 2257 468 2299; x_wconf 87' lang='lat' dir='ltr'><strong>ras</strong></span> <span class='ocrx_word' id='word_1_199' title='bbox 487 2243 745 2314; x_wconf 78' lang='lat' dir='ltr'><strong>legerent,</strong></span> <span class='ocrx_word' id='word_1_200' title='bbox 775 2238 907 2295; x_wconf 89' lang='lat' dir='ltr'><strong>nihil</strong></span> <span class='ocrx_word' id='word_1_201' title='bbox 935 2238 1085 2303; x_wconf 91' lang='lat' dir='ltr'><strong>lucri,</strong></span> <span class='ocrx_word' id='word_1_202' title='bbox 1117 2235 1212 2292; x_wconf 90' lang='lat' dir='ltr'><strong>sed</strong></span> <span class='ocrx_word' id='word_1_203' title='bbox 1234 2236 1456 2290; x_wconf 91' lang='lat' dir='ltr'><strong>multum</strong></span> <span class='ocrx_word' id='word_1_204' title='bbox 1479 2232 1657 2289; x_wconf 89' lang='lat' dir='ltr'><strong>damni</strong></span> <span class='ocrx_word' id='word_1_205' title='bbox 1685 2232 1920 2286; x_wconf 89' lang='lat' dir='ltr'><strong>tulerunt</strong></span> <span class='ocrx_word' id='word_1_206' title='bbox 1945 2247 1956 2281; x_wconf 94' lang='lat'><strong>:</strong></span> 
     </span>
    </p>
   </div>
   <div class='ocr_carea' id='block_1_28' title="bbox 381 2327 1963 2397">
    <p class='ocr_par' dir='ltr' id='par_1_28' title="bbox 381 2327 1963 2397">
     <span class='ocr_line' id='line_1_28' title="bbox 381 2327 1963 2397; baseline -0.011 -7"><span class='ocrx_word' id='word_1_207' title='bbox 381 2333 608 2397; x_wconf 75' lang='lat' dir='ltr'><strong>ministri</strong></span> <span class='ocrx_word' id='word_1_208' title='bbox 641 2348 771 2388; x_wconf 87' lang='lat' dir='ltr'><strong>vero</strong></span> <span class='ocrx_word' id='word_1_209' title='bbox 795 2372 810 2397; x_wconf 93' lang='lat'><strong>,</strong></span> <span class='ocrx_word' id='word_1_210' title='bbox 840 2330 941 2386; x_wconf 86' lang='lat' dir='ltr'><strong>etsi</strong></span> <span class='ocrx_word' id='word_1_211' title='bbox 973 2329 1078 2384; x_wconf 88' lang='lat' dir='ltr'><strong>illis</strong></span> <span class='ocrx_word' id='word_1_212' title='bbox 1109 2327 1359 2383; x_wconf 91' lang='lat' dir='ltr'><strong>omnibus</strong></span> <span class='ocrx_word' id='word_1_213' title='bbox 1388 2334 1656 2395; x_wconf 76' lang='lat' dir='ltr'><strong>expertes,</strong></span> <span class='ocrx_word' id='word_1_214' title='bbox 1701 2338 1807 2378; x_wconf 89' lang='lat' dir='ltr'><strong>una</strong></span> <span class='ocrx_word' id='word_1_215' title='bbox 1833 2337 1963 2376; x_wconf 91' lang='lat' dir='ltr'><strong>con-</strong></span> 
     </span>
    </p>
   </div>
   <div class='ocr_carea' id='block_1_29' title="bbox 380 2415 1960 2494">
    <p class='ocr_par' dir='ltr' id='par_1_29' title="bbox 380 2415 1960 2494">
     <span class='ocr_line' id='line_1_29' title="bbox 380 2415 1960 2494; baseline -0.011 -11"><span class='ocrx_word' id='word_1_216' title='bbox 380 2428 537 2483; x_wconf 89' lang='lat' dir='ltr'><strong>cione</strong></span> <span class='ocrx_word' id='word_1_217' title='bbox 563 2424 703 2494; x_wconf 87' lang='lat' dir='ltr'><strong>capti</strong></span> <span class='ocrx_word' id='word_1_218' title='bbox 758 2432 857 2478; x_wconf 92' lang='lat' dir='ltr'><strong>unt</strong></span> <span class='ocrx_word' id='word_1_219' title='bbox 888 2439 901 2475; x_wconf 92' lang='lat'>:</span> <span class='ocrx_word' id='word_1_220' title='bbox 935 2429 991 2476; x_wconf 90' lang='lat' dir='ltr'><strong>et</strong></span> <span class='ocrx_word' id='word_1_221' title='bbox 1013 2419 1101 2489; x_wconf 85' lang='lat' dir='ltr'><strong>qui</strong></span> <span class='ocrx_word' id='word_1_222' title='bbox 1131 2418 1198 2473; x_wconf 88' lang='lat' dir='ltr'><strong>ad</strong></span> <span class='ocrx_word' id='word_1_223' title='bbox 1228 2419 1378 2473; x_wconf 89' lang='lat' dir='ltr'><strong>illum</strong></span> <span class='ocrx_word' id='word_1_224' title='bbox 1427 2415 1763 2471; x_wconf 88' lang='lat' dir='ltr'><strong>vinciendum</strong></span> <span class='ocrx_word' id='word_1_225' title='bbox 1794 2428 1960 2468; x_wconf 82' lang='lat' dir='ltr'><strong>vene-</strong></span> 
     </span>
    </p>
   </div>
   <div class='ocr_carea' id='block_1_30' title="bbox 383 2506 1963 2585">
    <p class='ocr_par' dir='ltr' id='par_1_30' title="bbox 383 2506 1963 2585">
     <span class='ocr_line' id='line_1_30' title="bbox 383 2506 1963 2585; baseline -0.011 -12"><span class='ocrx_word' id='word_1_226' title='bbox 383 2526 525 2585; x_wconf 81' lang='lat' dir='ltr'><strong>rant,</strong></span> <span class='ocrx_word' id='word_1_227' title='bbox 555 2514 907 2572; x_wconf 82' lang='lat' dir='ltr'><strong>admiratione</strong></span> <span class='ocrx_word' id='word_1_228' title='bbox 935 2511 1095 2566; x_wconf 90' lang='lat' dir='ltr'><strong>vincti</strong></span> <span class='ocrx_word' id='word_1_229' title='bbox 1125 2509 1418 2565; x_wconf 87' lang='lat' dir='ltr'><strong>redierunt.</strong></span> <span class='ocrx_word' id='word_1_230' title='bbox 1447 2507 1563 2562; x_wconf 77' lang='lat' dir='ltr'><strong>Non</strong></span> <span class='ocrx_word' id='word_1_231' title='bbox 1591 2506 1804 2561; x_wconf 91' lang='lat' dir='ltr'><strong>illorum</strong></span> <span class='ocrx_word' id='word_1_232' title='bbox 1832 2520 1963 2575; x_wconf 85' lang='lat' dir='ltr'><strong>pru-</strong></span> 
     </span>
    </p>
   </div>
   <div class='ocr_carea' id='block_1_31' title="bbox 368 2596 1962 2669">
    <p class='ocr_par' dir='ltr' id='par_1_31' title="bbox 368 2596 1962 2669">
     <span class='ocr_line' id='line_1_31' title="bbox 368 2596 1962 2669; baseline -0.011 -4"><span class='ocrx_word' id='word_1_233' title='bbox 368 2609 564 2665; x_wconf 25' lang='lat' dir='ltr'><strong>identia</strong></span> <span class='ocrx_word' id='word_1_234' title='bbox 590 2615 792 2662; x_wconf 88' lang='lat' dir='ltr'><strong>tantum</strong></span> <span class='ocrx_word' id='word_1_235' title='bbox 833 2600 1142 2658; x_wconf 88' lang='lat' dir='ltr'><strong>admiranda</strong></span> <span class='ocrx_word' id='word_1_236' title='bbox 1170 2608 1253 2655; x_wconf 90' lang='lat' dir='ltr'><strong>est</strong></span> <span class='ocrx_word' id='word_1_237' title='bbox 1273 2641 1287 2667; x_wconf 90' lang='lat'><strong>,</strong></span> <span class='ocrx_word' id='word_1_238' title='bbox 1318 2598 1457 2669; x_wconf 90' lang='lat' dir='ltr'><strong>quod</strong></span> <span class='ocrx_word' id='word_1_239' title='bbox 1482 2596 1648 2668; x_wconf 85' lang='lat' dir='ltr'><strong>signis</strong></span> <span class='ocrx_word' id='word_1_240' title='bbox 1677 2610 1781 2650; x_wconf 89' lang='lat' dir='ltr'><strong>non</strong></span> <span class='ocrx_word' id='word_1_241' title='bbox 1826 2608 1962 2664; x_wconf 87' lang='lat' dir='ltr'><strong>opus</strong></span> 
     </span>
    </p>
   </div>
   <div class='ocr_carea' id='block_1_32' title="bbox 388 2687 1967 2762">
    <p class='ocr_par' dir='ltr' id='par_1_32' title="bbox 388 2687 1967 2762">
     <span class='ocr_line' id='line_1_32' title="bbox 388 2687 1967 2762; baseline -0.01 -9"><span class='ocrx_word' id='word_1_242' title='bbox 388 2697 703 2762; x_wconf 80' lang='lat' dir='ltr'><strong>habuerint;</strong></span> <span class='ocrx_word' id='word_1_243' title='bbox 747 2694 840 2750; x_wconf 86' lang='lat' dir='ltr'><strong>sed</strong></span> <span class='ocrx_word' id='word_1_244' title='bbox 870 2694 1027 2749; x_wconf 89' lang='lat' dir='ltr'><strong>etiam</strong></span> <span class='ocrx_word' id='word_1_245' title='bbox 1067 2691 1210 2762; x_wconf 87' lang='lat' dir='ltr'><strong>quod</strong></span> <span class='ocrx_word' id='word_1_246' title='bbox 1253 2690 1365 2745; x_wconf 89' lang='lat' dir='ltr'><strong>sola</strong></span> <span class='ocrx_word' id='word_1_247' title='bbox 1394 2687 1633 2744; x_wconf 89' lang='lat' dir='ltr'><strong>doctrina</strong></span> <span class='ocrx_word' id='word_1_248' title='bbox 1677 2687 1816 2755; x_wconf 90' lang='lat' dir='ltr'><strong>capti</strong></span> <span class='ocrx_word' id='word_1_249' title='bbox 1861 2687 1967 2739; x_wconf 81' lang='lat' dir='ltr'><strong>sint</strong></span> 
     </span>
    </p>
   </div>
   <div class='ocr_carea' id='block_1_33' title="bbox 388 2775 1964 2859">
    <p class='ocr_par' dir='ltr' id='par_1_33' title="bbox 388 2775 1964 2859">
     <span class='ocr_line' id='line_1_33' title="bbox 388 2775 1964 2859; baseline -0.01 -15"><span class='ocrx_word' id='word_1_250' title='bbox 388 2791 521 2859; x_wconf 90' lang='lat' dir='ltr'><strong>(non</strong></span> <span class='ocrx_word' id='word_1_251' title='bbox 554 2787 803 2842; x_wconf 78' lang='lat' dir='ltr'><strong>dixerunt</strong></span> <span class='ocrx_word' id='word_1_252' title='bbox 829 2784 994 2848; x_wconf 88' lang='lat' dir='ltr'><strong>enim,</strong></span> <span class='ocrx_word' id='word_1_253' title='bbox 1020 2782 1187 2837; x_wconf 85' lang='lat' dir='ltr'><strong>Nemo</strong></span> <span class='ocrx_word' id='word_1_254' title='bbox 1218 2795 1467 2850; x_wconf 88' lang='lat' dir='ltr'><strong>umquam</strong></span> <span class='ocrx_word' id='word_1_255' title='bbox 1494 2786 1639 2833; x_wconf 88' lang='lat' dir='ltr'><strong>tanta</strong></span> <span class='ocrx_word' id='word_1_256' title='bbox 1664 2776 1837 2833; x_wconf 89' lang='lat' dir='ltr'><strong>edidit</strong></span> <span class='ocrx_word' id='word_1_257' title='bbox 1863 2775 1964 2830; x_wconf 90' lang='lat' dir='ltr'><strong>mi-</strong></span> 
     </span>
    </p>
   </div>
   <div class='ocr_carea' id='block_1_34' title="bbox 387 2865 1963 2947">
    <p class='ocr_par' dir='ltr' id='par_1_34' title="bbox 387 2865 1963 2947">
     <span class='ocr_line' id='line_1_34' title="bbox 387 2865 1963 2947; baseline -0.011 -12"><span class='ocrx_word' id='word_1_258' title='bbox 387 2880 570 2935; x_wconf 78' lang='lat' dir='ltr'><strong>racula</strong></span> <span class='ocrx_word' id='word_1_259' title='bbox 595 2894 609 2942; x_wconf 89' lang='lat'><strong>;</strong></span> <span class='ocrx_word' id='word_1_260' title='bbox 637 2877 730 2933; x_wconf 82' lang='lat' dir='ltr'><strong>sed</strong></span> <span class='ocrx_word' id='word_1_261' title='bbox 755 2875 922 2947; x_wconf 81' lang='lat' dir='ltr'><strong>quid?</strong></span> <span class='ocrx_word' id='word_1_262' title='bbox 957 2873 1122 2928; x_wconf 88' lang='lat' dir='ltr'><strong>Nemo</strong></span> <span class='ocrx_word' id='word_1_263' title='bbox 1164 2888 1404 2944; x_wconf 86' lang='lat' dir='ltr'><strong>umquam</strong></span> <span class='ocrx_word' id='word_1_264' title='bbox 1432 2870 1503 2925; x_wconf 89' lang='lat' dir='ltr'><strong>sic</strong></span> <span class='ocrx_word' id='word_1_265' title='bbox 1546 2870 1781 2938; x_wconf 80' lang='lat' dir='ltr'><strong>loquutus</strong></span> <span class='ocrx_word' id='word_1_266' title='bbox 1810 2865 1918 2938; x_wconf 86' lang='lat' dir='ltr'><strong>est)</strong></span> <span class='ocrx_word' id='word_1_267' title='bbox 1950 2882 1963 2917; x_wconf 88' lang='lat'><strong>:</strong></span> 
     </span>
    </p>
   </div>
   <div class='ocr_carea' id='block_1_35' title="bbox 391 2957 1965 3038">
    <p class='ocr_par' dir='ltr' id='par_1_35' title="bbox 391 2957 1965 3038">
     <span class='ocr_line' id='line_1_35' title="bbox 391 2957 1965 3038; baseline -0.01 -11"><span class='ocrx_word' id='word_1_268' title='bbox 391 2986 498 3027; x_wconf 91' lang='lat' dir='ltr'><strong>non</strong></span> <span class='ocrx_word' id='word_1_269' title='bbox 527 2985 712 3027; x_wconf 88' lang='lat' dir='ltr'><strong>eorum</strong></span> <span class='ocrx_word' id='word_1_270' title='bbox 732 2981 861 3038; x_wconf 88' lang='lat' dir='ltr'><strong>ergo</strong></span> <span class='ocrx_word' id='word_1_271' title='bbox 886 2965 1163 3037; x_wconf 83' lang='lat' dir='ltr'><strong>prudentia</strong></span> <span class='ocrx_word' id='word_1_272' title='bbox 1187 2965 1357 3019; x_wconf 91' lang='lat' dir='ltr'><strong>solum</strong></span> <span class='ocrx_word' id='word_1_273' title='bbox 1384 2961 1712 3017; x_wconf 87' lang='lat' dir='ltr'><strong>admirabilis</strong></span> <span class='ocrx_word' id='word_1_274' title='bbox 1742 2968 1844 3023; x_wconf 88' lang='lat' dir='ltr'><strong>est,</strong></span> <span class='ocrx_word' id='word_1_275' title='bbox 1873 2957 1965 3013; x_wconf 88' lang='lat' dir='ltr'><strong>sed</strong></span> 
     </span>
    </p>
   </div>
   <div class='ocr_carea' id='block_1_36' title="bbox 391 3051 1970 3134">
    <p class='ocr_par' dir='ltr' id='par_1_36' title="bbox 391 3051 1970 3134">
     <span class='ocr_line' id='line_1_36' title="bbox 391 3051 1970 3134; baseline -0.009 -14"><span class='ocrx_word' id='word_1_276' title='bbox 391 3062 833 3134; x_wconf 74' lang='lat' dir='ltr'><strong>etiam‘loquendi</strong></span> <span class='ocrx_word' id='word_1_277' title='bbox 862 3061 1079 3116; x_wconf 87' lang='lat' dir='ltr'><strong>libertas</strong></span> <span class='ocrx_word' id='word_1_278' title='bbox 1102 3100 1118 3125; x_wconf 91' lang='lat'><strong>,</strong></span> <span class='ocrx_word' id='word_1_279' title='bbox 1164 3056 1305 3127; x_wconf 90' lang='lat' dir='ltr'><strong>quod</strong></span> <span class='ocrx_word' id='word_1_280' title='bbox 1338 3057 1452 3111; x_wconf 73' lang='lat' dir='ltr'><strong>hazc</strong></span> <span class='ocrx_word' id='word_1_281' title='bbox 1498 3055 1560 3109; x_wconf 92' lang='lat' dir='ltr'><strong>iis</strong></span> <span class='ocrx_word' id='word_1_282' title='bbox 1589 3053 1678 3124; x_wconf 90' lang='lat' dir='ltr'><strong>qui</strong></span> <span class='ocrx_word' id='word_1_283' title='bbox 1723 3066 1782 3107; x_wconf 89' lang='lat' dir='ltr'><strong>se</strong></span> <span class='ocrx_word' id='word_1_284' title='bbox 1805 3051 1970 3105; x_wconf 88' lang='lat' dir='ltr'><strong>mise-</strong></span> 
     </span>
    </p>
   </div>
   <div class='ocr_carea' id='block_1_37' title="bbox 376 3142 1966 3223">
    <p class='ocr_par' dir='ltr' id='par_1_37' title="bbox 376 3142 1966 3223">
     <span class='ocr_line' id='line_1_37' title="bbox 376 3142 1966 3223; baseline -0.01 -12"><span class='ocrx_word' id='word_1_285' title='bbox 376 3165 533 3222; x_wconf 79' lang='lat' dir='ltr'><strong>rant,</strong></span> <span class='ocrx_word' id='word_1_286' title='bbox 560 3155 825 3220; x_wconf 81' lang='lat' dir='ltr'><strong>dixerint;</strong></span> <span class='ocrx_word' id='word_1_287' title='bbox 851 3151 992 3223; x_wconf 90' lang='lat' dir='ltr'><strong>quod</strong></span> <span class='ocrx_word' id='word_1_288' title='bbox 1012 3148 1296 3204; x_wconf 81' lang='lat' dir='ltr'><strong>Pbarisaeis</strong></span> <span class='ocrx_word' id='word_1_289' title='bbox 1318 3147 1490 3217; x_wconf 91' lang='lat' dir='ltr'><strong>ipsum</strong></span> <span class='ocrx_word' id='word_1_290' title='bbox 1515 3142 1966 3215; x_wconf 86' lang='lat' dir='ltr'><strong>impugnantibus,</strong></span> 
     </span>
    </p>
   </div>
   <div class='ocr_carea' id='block_1_38' title="bbox 389 3234 1967 3318">
    <p class='ocr_par' dir='ltr' id='par_1_38' title="bbox 389 3234 1967 3318">
     <span class='ocr_line' id='line_1_38' title="bbox 389 3234 1967 3318; baseline -0.009 -17"><span class='ocrx_word' id='word_1_291' title='bbox 389 3247 611 3318; x_wconf 84' lang='lat' dir='ltr'><strong>qni‘hac</strong></span> <span class='ocrx_word' id='word_1_292' title='bbox 634 3245 702 3301; x_wconf 88' lang='lat' dir='ltr'><strong>de</strong></span> <span class='ocrx_word' id='word_1_293' title='bbox 729 3258 888 3300; x_wconf 86' lang='lat' dir='ltr'><strong>causa</strong></span> <span class='ocrx_word' id='word_1_294' title='bbox 913 3242 1042 3297; x_wconf 90' lang='lat' dir='ltr'><strong>nihil</strong></span> <span class='ocrx_word' id='word_1_295' title='bbox 1062 3255 1167 3295; x_wconf 92' lang='lat' dir='ltr'><strong>non</strong></span> <span class='ocrx_word' id='word_1_296' title='bbox 1190 3238 1432 3311; x_wconf 89' lang='lat' dir='ltr'><strong>agebant.</strong></span> <span class='ocrx_word' id='word_1_297' title='bbox 1462 3237 1715 3291; x_wconf 82' lang='lat' dir='ltr'><strong>Venerunt</strong></span> <span class='ocrx_word' id='word_1_298' title='bbox 1732 3234 1967 3298; x_wconf 86' lang='lat' dir='ltr'><strong>ministri,</strong></span> 
     </span>
    </p>
   </div>
   <div class='ocr_carea' id='block_1_39' title="bbox 393 3324 1973 3397">
    <p class='ocr_par' dir='ltr' id='par_1_39' title="bbox 393 3324 1973 3397">
     <span class='ocr_line' id='line_1_39' title="bbox 393 3324 1973 3397; baseline -0.009 -5"><span class='ocrx_word' id='word_1_299' title='bbox 393 3348 439 3392; x_wconf 90' lang='lat' dir='ltr'><strong>et</strong></span> <span class='ocrx_word' id='word_1_300' title='bbox 466 3338 637 3392; x_wconf 87' lang='lat' dir='ltr'><strong>dicunt</strong></span> <span class='ocrx_word' id='word_1_301' title='bbox 681 3341 752 3390; x_wconf 83' lang='lat' dir='ltr'><strong>ets</strong></span> <span class='ocrx_word' id='word_1_302' title='bbox 792 3332 1080 3397; x_wconf 73' lang='lat' dir='ltr'><strong>Pharisazi,</strong></span> <span class='ocrx_word' id='word_1_303' title='bbox 1133 3329 1305 3396; x_wconf 83' lang='lat' dir='ltr'><strong>Quare</strong></span> <span class='ocrx_word' id='word_1_304' title='bbox 1346 3346 1446 3383; x_wconf 87' lang='lat' dir='ltr'><strong>non</strong></span> <span class='ocrx_word' id='word_1_305' title='bbox 1489 3326 1776 3382; x_wconf 71' lang='lat' dir='ltr'><strong>adduxistis</strong></span> <span class='ocrx_word' id='word_1_306' title='bbox 1815 3324 1973 3381; x_wconf 83' lang='lat' dir='ltr'><strong>eum?</strong></span> 
     </span>
    </p>
   </div>
   <div class='ocr_carea' id='block_1_40' title="bbox 392 3416 1974 3495">
    <p class='ocr_par' dir='ltr' id='par_1_40' title="bbox 392 3416 1974 3495">
     <span class='ocr_line' id='line_1_40' title="bbox 392 3416 1974 3495; baseline -0.009 -11"><span class='ocrx_word' id='word_1_307' title='bbox 392 3426 544 3495; x_wconf 84' lang='lat' dir='ltr'><strong>Quod</strong></span> <span class='ocrx_word' id='word_1_308' title='bbox 573 3425 816 3482; x_wconf 88' lang='lat' dir='ltr'><strong>venerint</strong></span> <span class='ocrx_word' id='word_1_309' title='bbox 843 3464 859 3490; x_wconf 93' lang='lat'><strong>,</strong></span> <span class='ocrx_word' id='word_1_310' title='bbox 890 3423 1051 3492; x_wconf 85' lang='lat' dir='ltr'><strong>longe</strong></span> <span class='ocrx_word' id='word_1_311' title='bbox 1083 3421 1254 3489; x_wconf 85' lang='lat' dir='ltr'><strong>majus</strong></span> <span class='ocrx_word' id='word_1_312' title='bbox 1293 3419 1387 3473; x_wconf 87' lang='lat' dir='ltr'><strong>fuit</strong></span> <span class='ocrx_word' id='word_1_313' title='bbox 1407 3459 1422 3486; x_wconf 96' lang='lat'><strong>,</strong></span> <span class='ocrx_word' id='word_1_314' title='bbox 1454 3433 1611 3488; x_wconf 90' lang='lat' dir='ltr'><strong>quam</strong></span> <span class='ocrx_word' id='word_1_315' title='bbox 1651 3417 1697 3472; x_wconf 87' lang='lat' dir='ltr'><strong>si</strong></span> <span class='ocrx_word' id='word_1_316' title='bbox 1744 3416 1974 3470; x_wconf 86' lang='lat' dir='ltr'><strong>mansis-</strong></span> 
     </span>
    </p>
   </div>
   <div class='ocr_carea' id='block_1_41' title="bbox 395 3506 1970 3584">
    <p class='ocr_par' dir='ltr' id='par_1_41' title="bbox 395 3506 1970 3584">
     <span class='ocr_line' id='line_1_41' title="bbox 395 3506 1970 3584; baseline -0.01 -11"><span class='ocrx_word' id='word_1_317' title='bbox 395 3529 553 3573; x_wconf 88' lang='lat' dir='ltr'><strong>sent:</strong></span> <span class='ocrx_word' id='word_1_318' title='bbox 582 3517 660 3571; x_wconf 91' lang='lat' dir='ltr'><strong>sic</strong></span> <span class='ocrx_word' id='word_1_319' title='bbox 685 3514 897 3584; x_wconf 74' lang='lat' dir='ltr'><strong>quidem</strong></span> <span class='ocrx_word' id='word_1_320' title='bbox 935 3515 1143 3568; x_wconf 89' lang='lat' dir='ltr'><strong>illorum</strong></span> <span class='ocrx_word' id='word_1_321' title='bbox 1182 3510 1424 3566; x_wconf 83' lang='lat' dir='ltr'><strong>molestia</strong></span> <span class='ocrx_word' id='word_1_322' title='bbox 1455 3510 1663 3564; x_wconf 88' lang='lat' dir='ltr'><strong>liberati</strong></span> <span class='ocrx_word' id='word_1_323' title='bbox 1708 3506 1970 3572; x_wconf 87' lang='lat' dir='ltr'><strong>fuissent;</strong></span> 
     </span>
    </p>
   </div>
   <div class='ocr_carea' id='block_1_42' title="bbox 395 3598 1973 3673">
    <p class='ocr_par' dir='ltr' id='par_1_42' title="bbox 395 3598 1973 3673">
     <span class='ocr_line' id='line_1_42' title="bbox 395 3598 1973 3673; baseline -0.005 -14"><span class='ocrx_word' id='word_1_324' title='bbox 395 3608 488 3663; x_wconf 81' lang='lat' dir='ltr'><strong>sed</strong></span> <span class='ocrx_word' id='word_1_325' title='bbox 519 3622 659 3662; x_wconf 89' lang='lat' dir='ltr'><strong>nunc</strong></span> <span class='ocrx_word' id='word_1_326' title='bbox 686 3605 879 3662; x_wconf 81' lang='lat' dir='ltr'><strong>Christi</strong></span> <span class='ocrx_word' id='word_1_327' title='bbox 907 3604 1183 3673; x_wconf 69' lang='lat' dir='ltr'><strong>sapientia:</strong></span> <span class='ocrx_word' id='word_1_328' title='bbox 1211 3612 1333 3658; x_wconf 91' lang='lat' dir='ltr'><strong>sunt</strong></span> <span class='ocrx_word' id='word_1_329' title='bbox 1358 3614 1652 3672; x_wconf 77' lang='lat' dir='ltr'><strong>praecones,</strong></span> <span class='ocrx_word' id='word_1_330' title='bbox 1686 3598 1973 3670; x_wconf 85' lang='lat' dir='ltr'><strong>majorem-</strong></span> 
     </span>
    </p>
   </div>
   <div class='ocr_carea' id='block_1_43' title="bbox 397 3692 1972 3767">
    <p class='ocr_par' dir='ltr' id='par_1_43' title="bbox 397 3692 1972 3767">
     <span class='ocr_line' id='line_1_43' title="bbox 397 3692 1972 3767; baseline -0.004 -15"><span class='ocrx_word' id='word_1_331' title='bbox 397 3712 501 3767; x_wconf 91' lang='lat' dir='ltr'><strong>que</strong></span> <span class='ocrx_word' id='word_1_332' title='bbox 531 3697 786 3752; x_wconf 80' lang='lat' dir='ltr'><strong>exhibent</strong></span> <span class='ocrx_word' id='word_1_333' title='bbox 835 3696 1104 3751; x_wconf 72' lang='lat' dir='ltr'><strong>ﬁduciam.</strong></span> <span class='ocrx_word' id='word_1_334' title='bbox 1145 3694 1260 3749; x_wconf 83' lang='lat' dir='ltr'><strong>Nec</strong></span> <span class='ocrx_word' id='word_1_335' title='bbox 1303 3693 1518 3757; x_wconf 89' lang='lat' dir='ltr'><strong>dicunt,</strong></span> <span class='ocrx_word' id='word_1_336' title='bbox 1547 3693 1662 3747; x_wconf 85' lang='lat' dir='ltr'><strong>Non</strong></span> <span class='ocrx_word' id='word_1_337' title='bbox 1707 3692 1972 3763; x_wconf 87' lang='lat' dir='ltr'><strong>potuimus</strong></span> 
     </span>
    </p>
   </div>
   <div class='ocr_carea' id='block_1_44' title="bbox 400 3782 1973 3855">
    <p class='ocr_par' dir='ltr' id='par_1_44' title="bbox 400 3782 1973 3855">
     <span class='ocr_line' id='line_1_44' title="bbox 400 3782 1973 3855; baseline -0.001 -16"><span class='ocrx_word' id='word_1_338' title='bbox 400 3795 619 3855; x_wconf 88' lang='lat' dir='ltr'><strong>propter</strong></span> <span class='ocrx_word' id='word_1_339' title='bbox 650 3785 879 3851; x_wconf 79' lang='lat' dir='ltr'><strong>turbam,</strong></span> <span class='ocrx_word' id='word_1_340' title='bbox 911 3798 1029 3854; x_wconf 73' lang='lat' dir='ltr'><strong>qure</strong></span> <span class='ocrx_word' id='word_1_341' title='bbox 1062 3784 1209 3838; x_wconf 91' lang='lat' dir='ltr'><strong>illum</strong></span> <span class='ocrx_word' id='word_1_342' title='bbox 1240 3785 1389 3850; x_wconf 87' lang='lat' dir='ltr'><strong>quasi</strong></span> <span class='ocrx_word' id='word_1_343' title='bbox 1429 3783 1739 3852; x_wconf 88' lang='lat' dir='ltr'><strong>prophetam</strong></span> <span class='ocrx_word' id='word_1_344' title='bbox 1782 3782 1928 3834; x_wconf 91' lang='lat' dir='ltr'><strong>audit</strong></span> <span class='ocrx_word' id='word_1_345' title='bbox 1954 3796 1973 3837; x_wconf 87' lang='lat'><strong>:</strong></span> 
     </span>
    </p>
   </div>
   <div class='ocr_carea' id='block_1_45' title="bbox 399 3872 1969 3946">
    <p class='ocr_par' dir='ltr' id='par_1_45' title="bbox 399 3872 1969 3946">
     <span class='ocr_line' id='line_1_45' title="bbox 399 3872 1969 3946; baseline -0.003 -16"><span class='ocrx_word' id='word_1_346' title='bbox 399 3875 494 3930; x_wconf 85' lang='lat' dir='ltr'><strong>sed</strong></span> <span class='ocrx_word' id='word_1_347' title='bbox 522 3874 687 3946; x_wconf 88' lang='lat' dir='ltr'><strong>quid?</strong></span> <span class='ocrx_word' id='word_1_348' title='bbox 715 3873 878 3927; x_wconf 78' lang='lat' dir='ltr'><strong>Nemo</strong></span> <span class='ocrx_word' id='word_1_349' title='bbox 905 3888 1141 3942; x_wconf 86' lang='lat' dir='ltr'><strong>umquam</strong></span> <span class='ocrx_word' id='word_1_350' title='bbox 1166 3873 1238 3927; x_wconf 85' lang='lat' dir='ltr'><strong>sic</strong></span> <span class='ocrx_word' id='word_1_351' title='bbox 1264 3872 1497 3939; x_wconf 86' lang='lat' dir='ltr'><strong>loquutus</strong></span> <span class='ocrx_word' id='word_1_352' title='bbox 1516 3881 1606 3925; x_wconf 83' lang='lat' dir='ltr'><strong>cst.</strong></span> <span class='ocrx_word' id='word_1_353' title='bbox 1638 3872 1797 3941; x_wconf 82' lang='lat' dir='ltr'><strong>Atqui</strong></span> <span class='ocrx_word' id='word_1_354' title='bbox 1825 3881 1969 3941; x_wconf 84' lang='lat' dir='ltr'><strong>pote-</strong></span> 
     </span>
    </p>
   </div>
   <div class='ocr_carea' id='block_1_46' title="bbox 395 3962 1969 4020">
    <p class='ocr_par' dir='ltr' id='par_1_46' title="bbox 395 3962 1969 4020">
     <span class='ocr_line' id='line_1_46' title="bbox 395 3962 1969 4020; baseline -0.003 0"><span class='ocrx_word' id='word_1_355' title='bbox 395 3975 519 4020; x_wconf 81' lang='lat' dir='ltr'><strong>rant</strong></span> <span class='ocrx_word' id='word_1_356' title='bbox 542 3965 683 4019; x_wconf 88' lang='lat' dir='ltr'><strong>illam</strong></span> <span class='ocrx_word' id='word_1_357' title='bbox 706 3963 1103 4020; x_wconf 80' lang='lat' dir='ltr'><strong>excusationem</strong></span> <span class='ocrx_word' id='word_1_358' title='bbox 1126 3962 1319 4019; x_wconf 84' lang='lat' dir='ltr'><strong>all‘erre</strong></span> <span class='ocrx_word' id='word_1_359' title='bbox 1342 3980 1356 4019; x_wconf 88' lang='lat'>:</span> <span class='ocrx_word' id='word_1_360' title='bbox 1383 3962 1478 4018; x_wconf 88' lang='lat' dir='ltr'><strong>sed</strong></span> <span class='ocrx_word' id='word_1_361' title='bbox 1504 3972 1708 4019; x_wconf 88' lang='lat' dir='ltr'><strong>rectmn</strong></span> <span class='ocrx_word' id='word_1_362' title='bbox 1734 3963 1969 4016; x_wconf 91' lang='lat' dir='ltr'><strong>animum</strong></span> 
     </span>
    </p>
   </div>
   <div class='ocr_carea' id='block_1_47' title="bbox 397 4053 1972 4127">
    <p class='ocr_par' dir='ltr' id='par_1_47' title="bbox 397 4053 1972 4127">
     <span class='ocr_line' id='line_1_47' title="bbox 397 4053 1972 4127; baseline -0.004 -14"><span class='ocrx_word' id='word_1_363' title='bbox 397 4072 505 4127; x_wconf 63' lang='lat' dir='ltr'><strong>pra:</strong></span> <span class='ocrx_word' id='word_1_364' title='bbox 558 4071 617 4113; x_wconf 87' lang='lat' dir='ltr'><strong>se</strong></span> <span class='ocrx_word' id='word_1_365' title='bbox 658 4056 853 4112; x_wconf 84' lang='lat' dir='ltr'><strong>ferunt.</strong></span> <span class='ocrx_word' id='word_1_366' title='bbox 905 4056 1014 4111; x_wconf 86' lang='lat' dir='ltr'><strong>lloc</strong></span> <span class='ocrx_word' id='word_1_367' title='bbox 1053 4055 1193 4110; x_wconf 89' lang='lat' dir='ltr'><strong>enim</strong></span> <span class='ocrx_word' id='word_1_368' title='bbox 1239 4069 1342 4109; x_wconf 91' lang='lat' dir='ltr'><strong>non</strong></span> <span class='ocrx_word' id='word_1_369' title='bbox 1391 4054 1763 4109; x_wconf 86' lang='lat' dir='ltr'><strong>admirantium</strong></span> <span class='ocrx_word' id='word_1_370' title='bbox 1814 4053 1972 4109; x_wconf 91' lang='lat' dir='ltr'><strong>modo</strong></span> 
     </span>
    </p>
   </div>
   <div class='ocr_carea' id='block_1_48' title="bbox 394 4146 1973 4219">
    <p class='ocr_par' dir='ltr' id='par_1_48' title="bbox 394 4146 1973 4219">
     <span class='ocr_line' id='line_1_48' title="bbox 394 4146 1973 4219; baseline -0.001 -16"><span class='ocrx_word' id='word_1_371' title='bbox 394 4159 504 4204; x_wconf 88' lang='lat' dir='ltr'><strong>erat</strong></span> <span class='ocrx_word' id='word_1_372' title='bbox 538 4190 553 4216; x_wconf 90' lang='lat'><strong>,</strong></span> <span class='ocrx_word' id='word_1_373' title='bbox 605 4148 697 4205; x_wconf 90' lang='lat' dir='ltr'><strong>sed</strong></span> <span class='ocrx_word' id='word_1_374' title='bbox 747 4149 905 4209; x_wconf 90' lang='lat' dir='ltr'><strong>etiam</strong></span> <span class='ocrx_word' id='word_1_375' title='bbox 958 4147 1351 4204; x_wconf 85' lang='lat' dir='ltr'><strong>criminantium</strong></span> <span class='ocrx_word' id='word_1_376' title='bbox 1406 4147 1546 4219; x_wconf 74' lang='grc' dir='ltr'><strong>(μιοᾱ</strong></span> <span class='ocrx_word' id='word_1_377' title='bbox 1595 4162 1656 4204; x_wconf 89' lang='lat' dir='ltr'><strong>se</strong></span> <span class='ocrx_word' id='word_1_378' title='bbox 1709 4146 1775 4202; x_wconf 88' lang='lat' dir='ltr'><strong>ad</strong></span> <span class='ocrx_word' id='word_1_379' title='bbox 1826 4148 1973 4202; x_wconf 89' lang='lat' dir='ltr'><strong>illum</strong></span> 
     </span>
    </p>
   </div>
   <div class='ocr_carea' id='block_1_49' title="bbox 394 4240 1971 4312">
    <p class='ocr_par' dir='ltr' id='par_1_49' title="bbox 394 4240 1971 4312">
     <span class='ocr_line' id='line_1_49' title="bbox 394 4240 1971 4312; baseline -0.003 -17"><span class='ocrx_word' id='word_1_380' title='bbox 394 4240 665 4312; x_wconf 87' lang='lat' dir='ltr'><strong>ligandum</strong></span> <span class='ocrx_word' id='word_1_381' title='bbox 707 4242 994 4307; x_wconf 84' lang='lat' dir='ltr'><strong>misissent,</strong></span> <span class='ocrx_word' id='word_1_382' title='bbox 1028 4256 1184 4311; x_wconf 88' lang='lat' dir='ltr'><strong>quem</strong></span> <span class='ocrx_word' id='word_1_383' title='bbox 1222 4241 1397 4311; x_wconf 87' lang='lat' dir='ltr'><strong>potius</strong></span> <span class='ocrx_word' id='word_1_384' title='bbox 1447 4240 1630 4296; x_wconf 90' lang='lat' dir='ltr'><strong>audire</strong></span> <span class='ocrx_word' id='word_1_385' title='bbox 1670 4241 1971 4311; x_wconf 82' lang='lat' dir='ltr'><strong>Oportebat.</strong></span> 
     </span>
    </p>
   </div>
   <div class='ocr_carea' id='block_1_50' title="bbox 394 4332 1971 4406">
    <p class='ocr_par' dir='ltr' id='par_1_50' title="bbox 394 4332 1971 4406">
     <span class='ocr_line' id='line_1_50' title="bbox 394 4332 1971 4406; baseline -0.002 -18"><span class='ocrx_word' id='word_1_386' title='bbox 394 4335 553 4405; x_wconf 78' lang='lat' dir='ltr'><strong>Atqui</strong></span> <span class='ocrx_word' id='word_1_387' title='bbox 583 4349 686 4390; x_wconf 92' lang='lat' dir='ltr'><strong>non</strong></span> <span class='ocrx_word' id='word_1_388' title='bbox 715 4334 949 4406; x_wconf 86' lang='lat' dir='ltr'><strong>longam,</strong></span> <span class='ocrx_word' id='word_1_389' title='bbox 969 4333 1062 4388; x_wconf 89' lang='lat' dir='ltr'><strong>sed</strong></span> <span class='ocrx_word' id='word_1_390' title='bbox 1092 4333 1307 4388; x_wconf 83' lang='lat' dir='ltr'><strong>brevem</strong></span> <span class='ocrx_word' id='word_1_391' title='bbox 1329 4332 1608 4387; x_wconf 90' lang='lat' dir='ltr'><strong>audierant</strong></span> <span class='ocrx_word' id='word_1_392' title='bbox 1632 4334 1971 4388; x_wconf 88' lang='lat' dir='ltr'><strong>concionem.</strong></span> 
     </span>
    </p>
   </div>
   <div class='ocr_carea' id='block_1_51' title="bbox 394 4422 1975 4493">
    <p class='ocr_par' dir='ltr' id='par_1_51' title="bbox 394 4422 1975 4493">
     <span class='ocr_line' id='line_1_51' title="bbox 394 4422 1975 4493; baseline -0.003 -14"><span class='ocrx_word' id='word_1_393' title='bbox 394 4425 540 4481; x_wconf 78' lang='lat' dir='ltr'><strong>Mens</strong></span> <span class='ocrx_word' id='word_1_394' title='bbox 565 4427 706 4481; x_wconf 90' lang='lat' dir='ltr'><strong>enim</strong></span> <span class='ocrx_word' id='word_1_395' title='bbox 756 4427 963 4481; x_wconf 88' lang='lat' dir='ltr'><strong>sincera</strong></span> <span class='ocrx_word' id='word_1_396' title='bbox 1002 4440 1108 4477; x_wconf 90' lang='lat' dir='ltr'><strong>non</strong></span> <span class='ocrx_word' id='word_1_397' title='bbox 1141 4424 1313 4493; x_wconf 81' lang='lat' dir='ltr'><strong>longis</strong></span> <span class='ocrx_word' id='word_1_398' title='bbox 1354 4439 1488 4492; x_wconf 82' lang='lat' dir='ltr'><strong>Opus</strong></span> <span class='ocrx_word' id='word_1_399' title='bbox 1520 4422 1681 4477; x_wconf 88' lang='lat' dir='ltr'><strong>habet</strong></span> <span class='ocrx_word' id='word_1_400' title='bbox 1711 4423 1975 4477; x_wconf 81' lang='lat' dir='ltr'><strong>sermoni-</strong></span> 
     </span>
    </p>
   </div>
   <div class='ocr_carea' id='block_1_52' title="bbox 384 4512 1973 4582">
    <p class='ocr_par' dir='ltr' id='par_1_52' title="bbox 384 4512 1973 4582">
     <span class='ocr_line' id='line_1_52' title="bbox 384 4512 1973 4582; baseline -0.004 -10"><span class='ocrx_word' id='word_1_401' title='bbox 384 4519 515 4572; x_wconf 77' lang='lat' dir='ltr'><strong>bus.</strong></span> <span class='ocrx_word' id='word_1_402' title='bbox 543 4518 709 4571; x_wconf 85' lang='lat' dir='ltr'><strong>Tanta</strong></span> <span class='ocrx_word' id='word_1_403' title='bbox 738 4528 818 4572; x_wconf 91' lang='lat' dir='ltr'><strong>est</strong></span> <span class='ocrx_word' id='word_1_404' title='bbox 840 4517 919 4568; x_wconf 91' lang='lat' dir='ltr'><strong>vis</strong></span> <span class='ocrx_word' id='word_1_405' title='bbox 942 4514 1196 4569; x_wconf 86' lang='lat' dir='ltr'><strong>veritatis.</strong></span> <span class='ocrx_word' id='word_1_406' title='bbox 1219 4513 1354 4579; x_wconf 88' lang='lat' dir='ltr'><strong>Quid</strong></span> <span class='ocrx_word' id='word_1_407' title='bbox 1378 4528 1505 4582; x_wconf 87' lang='lat' dir='ltr'><strong>ergo</strong></span> <span class='ocrx_word' id='word_1_408' title='bbox 1524 4514 1774 4566; x_wconf 69' lang='lat' dir='ltr'><strong>Pharisuri</strong></span> <span class='ocrx_word' id='word_1_409' title='bbox 1799 4512 1973 4567; x_wconf 71' lang='lat' dir='ltr'><strong>lCum</strong></span> 
     </span>
    </p>
   </div>
   <div class='ocr_carea' id='block_1_53' title="bbox 394 4603 1971 4676">
    <p class='ocr_par' dir='ltr' id='par_1_53' title="bbox 394 4603 1971 4676">
     <span class='ocr_line' id='line_1_53' title="bbox 394 4603 1971 4676; baseline -0.002 -17"><span class='ocrx_word' id='word_1_410' title='bbox 394 4608 682 4676; x_wconf 83' lang='lat' dir='ltr'><strong>eompungi</strong></span> <span class='ocrx_word' id='word_1_411' title='bbox 726 4605 1088 4675; x_wconf 89' lang='lat' dir='ltr'><strong>oportuisset,</strong></span> <span class='ocrx_word' id='word_1_412' title='bbox 1138 4605 1211 4657; x_wconf 89' lang='lat' dir='ltr'><strong>illi</strong></span> <span class='ocrx_word' id='word_1_413' title='bbox 1241 4611 1425 4656; x_wconf 83' lang='lat' dir='ltr'><strong>contra</strong></span> <span class='ocrx_word' id='word_1_414' title='bbox 1457 4603 1533 4655; x_wconf 88' lang='lat' dir='ltr'><strong>sic</strong></span> <span class='ocrx_word' id='word_1_415' title='bbox 1565 4604 1809 4656; x_wconf 78' lang='lat' dir='ltr'><strong>incusant</strong></span> <span class='ocrx_word' id='word_1_416' title='bbox 1854 4619 1971 4667; x_wconf 86' lang='lat' dir='ltr'><strong>eos,</strong></span> 
     </span>
    </p>
   </div>
   <div class='ocr_carea' id='block_1_54' title="bbox 393 4693 1977 4767">
    <p class='ocr_par' dir='ltr' id='par_1_54' title="bbox 393 4693 1977 4767">
     <span class='ocr_line' id='line_1_54' title="bbox 393 4693 1977 4767; baseline -0.003 -15"><span class='ocrx_word' id='word_1_417' title='bbox 393 4699 483 4752; x_wconf 70' lang='grc'><strong>47.</strong></span> <span class='ocrx_word' id='word_1_418' title='bbox 521 4695 788 4767; x_wconf 84' lang='lat' dir='ltr'><strong>Numquid</strong></span> <span class='ocrx_word' id='word_1_419' title='bbox 809 4704 859 4751; x_wconf 85' lang='lat' dir='ltr'><strong>et</strong></span> <span class='ocrx_word' id='word_1_420' title='bbox 888 4711 971 4749; x_wconf 76' lang='lat' dir='ltr'><strong>vos</strong></span> <span class='ocrx_word' id='word_1_421' title='bbox 994 4694 1184 4749; x_wconf 80' lang='lat' dir='ltr'><strong>seducti</strong></span> <span class='ocrx_word' id='word_1_422' title='bbox 1207 4694 1369 4748; x_wconf 75' lang='lat' dir='ltr'><strong>estis?</strong></span> <span class='ocrx_word' id='word_1_423' title='bbox 1400 4693 1583 4748; x_wconf 77' lang='lat' dir='ltr'><strong>Adhuc</strong></span> <span class='ocrx_word' id='word_1_424' title='bbox 1612 4694 1977 4760; x_wconf 80' lang='lat' dir='ltr'><strong>blandiuntur,</strong></span> 
     </span>
    </p>
   </div>
   <div class='ocr_carea' id='block_1_55' title="bbox 396 4787 1975 4860">
    <p class='ocr_par' dir='ltr' id='par_1_55' title="bbox 396 4787 1975 4860">
     <span class='ocr_line' id='line_1_55' title="bbox 396 4787 1975 4860; baseline -0.004 -14"><span class='ocrx_word' id='word_1_425' title='bbox 396 4805 497 4847; x_wconf 89' lang='lat' dir='ltr'><strong>nec</strong></span> <span class='ocrx_word' id='word_1_426' title='bbox 533 4790 739 4860; x_wconf 84' lang='lat' dir='ltr'><strong>asperis</strong></span> <span class='ocrx_word' id='word_1_427' title='bbox 797 4796 1012 4842; x_wconf 85' lang='lat' dir='ltr'><strong>uttmtur</strong></span> <span class='ocrx_word' id='word_1_428' title='bbox 1062 4788 1279 4853; x_wconf 89' lang='lat' dir='ltr'><strong>verbis,</strong></span> <span class='ocrx_word' id='word_1_429' title='bbox 1343 4787 1491 4841; x_wconf 89' lang='lat' dir='ltr'><strong>veriti</strong></span> <span class='ocrx_word' id='word_1_430' title='bbox 1541 4804 1606 4842; x_wconf 89' lang='lat' dir='ltr'><strong>ne</strong></span> <span class='ocrx_word' id='word_1_431' title='bbox 1647 4788 1864 4841; x_wconf 86' lang='lat' dir='ltr'><strong>omnino</strong></span> <span class='ocrx_word' id='word_1_432' title='bbox 1918 4802 1975 4839; x_wconf 86' lang='lat' dir='ltr'><strong>se</strong></span> 
     </span>
    </p>
   </div>
   <div class='ocr_carea' id='block_1_56' title="bbox 340 4870 1973 4946">
    <p class='ocr_par' dir='ltr' id='par_1_56' title="bbox 340 4870 1973 4946">
     <span class='ocr_line' id='line_1_56' title="bbox 340 4870 1973 4946; baseline -0.003 -10"><span class='ocrx_word' id='word_1_433' title='bbox 340 4870 347 4881; x_wconf 63' lang='grc'><strong><em>’</em></strong></span> <span class='ocrx_word' id='word_1_434' title='bbox 395 4881 706 4938; x_wconf 87' lang='lat' dir='ltr'><strong>desererent</strong></span> <span class='ocrx_word' id='word_1_435' title='bbox 732 4896 747 4946; x_wconf 92' lang='lat'><strong>;</strong></span> <span class='ocrx_word' id='word_1_436' title='bbox 780 4877 875 4933; x_wconf 88' lang='lat' dir='ltr'><strong>sed</strong></span> <span class='ocrx_word' id='word_1_437' title='bbox 899 4877 1126 4931; x_wconf 84' lang='lat' dir='ltr'><strong>furorem</strong></span> <span class='ocrx_word' id='word_1_438' title='bbox 1157 4887 1327 4931; x_wconf 83' lang='lat' dir='ltr'><strong>tamen</strong></span> <span class='ocrx_word' id='word_1_439' title='bbox 1357 4878 1594 4932; x_wconf 84' lang='lat' dir='ltr'><strong>indicant</strong></span> <span class='ocrx_word' id='word_1_440' title='bbox 1622 4887 1675 4932; x_wconf 86' lang='lat' dir='ltr'><strong>et</strong></span> <span class='ocrx_word' id='word_1_441' title='bbox 1713 4886 1867 4931; x_wconf 85' lang='lat' dir='ltr'><strong>caute</strong></span> <span class='ocrx_word' id='word_1_442' title='bbox 1897 4876 1973 4931; x_wconf 80' lang='lat' dir='ltr'><strong>l0-</strong></span> 
     </span>
    </p>
   </div>
   <div class='ocr_carea' id='block_1_57' title="bbox 394 4971 1970 5047">
    <p class='ocr_par' dir='ltr' id='par_1_57' title="bbox 394 4971 1970 5047">
     <span class='ocr_line' id='line_1_57' title="bbox 394 4971 1970 5047; baseline -0.003 -18"><span class='ocrx_word' id='word_1_443' title='bbox 394 4985 646 5047; x_wconf 90' lang='lat' dir='ltr'><strong>quuntur.</strong></span> <span class='ocrx_word' id='word_1_444' title='bbox 677 4971 807 5030; x_wconf 89' lang='lat' dir='ltr'><strong>Cum</strong></span> <span class='ocrx_word' id='word_1_445' title='bbox 837 4971 1162 5041; x_wconf 86' lang='lat' dir='ltr'><strong>oportuisset</strong></span> <span class='ocrx_word' id='word_1_446' title='bbox 1188 4971 1518 5039; x_wconf 81' lang='lat' dir='ltr'><strong>interrogare</strong></span> <span class='ocrx_word' id='word_1_447' title='bbox 1560 4971 1685 5041; x_wconf 91' lang='lat' dir='ltr'><strong>quid</strong></span> <span class='ocrx_word' id='word_1_448' title='bbox 1726 4971 1970 5035; x_wconf 79' lang='lat' dir='ltr'><strong>dixisset,</strong></span> 
     </span>
    </p>
   </div>
   <div class='ocr_carea' id='block_1_58' title="bbox 394 5061 1973 5136">
    <p class='ocr_par' dir='ltr' id='par_1_58' title="bbox 394 5061 1973 5136">
     <span class='ocr_line' id='line_1_58' title="bbox 394 5061 1973 5136; baseline -0.005 -13"><span class='ocrx_word' id='word_1_449' title='bbox 394 5079 448 5123; x_wconf 91' lang='lat' dir='ltr'><strong>et</strong></span> <span class='ocrx_word' id='word_1_450' title='bbox 468 5067 609 5122; x_wconf 86' lang='lat' dir='ltr'><strong>dicta</strong></span> <span class='ocrx_word' id='word_1_451' title='bbox 636 5066 753 5136; x_wconf 88' lang='lat' dir='ltr'><strong>ejus</strong></span> <span class='ocrx_word' id='word_1_452' title='bbox 773 5062 1024 5119; x_wconf 86' lang='lat' dir='ltr'><strong>admirari</strong></span> <span class='ocrx_word' id='word_1_453' title='bbox 1053 5103 1068 5129; x_wconf 93' lang='lat'><strong>,</strong></span> <span class='ocrx_word' id='word_1_454' title='bbox 1100 5061 1148 5116; x_wconf 88' lang='lat' dir='ltr'><strong>id</strong></span> <span class='ocrx_word' id='word_1_455' title='bbox 1181 5077 1284 5115; x_wconf 92' lang='lat' dir='ltr'><strong>non</strong></span> <span class='ocrx_word' id='word_1_456' title='bbox 1316 5061 1515 5116; x_wconf 78' lang='lat' dir='ltr'><strong>facitnit</strong></span> <span class='ocrx_word' id='word_1_457' title='bbox 1537 5101 1550 5127; x_wconf 89' lang='lat'><strong>,</strong></span> <span class='ocrx_word' id='word_1_458' title='bbox 1574 5062 1722 5131; x_wconf 81' lang='lat' dir='ltr'><strong>gnari</strong></span> <span class='ocrx_word' id='word_1_459' title='bbox 1746 5078 1805 5116; x_wconf 87' lang='lat' dir='ltr'><strong>se</strong></span> <span class='ocrx_word' id='word_1_460' title='bbox 1835 5061 1973 5115; x_wconf 88' lang='lat' dir='ltr'><strong>haud</strong></span> 
     </span>
    </p>
   </div>
   <div class='ocr_carea' id='block_1_59' title="bbox 393 5152 1976 5229">
    <p class='ocr_par' dir='ltr' id='par_1_59' title="bbox 393 5152 1976 5229">
     <span class='ocr_line' id='line_1_59' title="bbox 393 5152 1976 5229; baseline -0.004 -15"><span class='ocrx_word' id='word_1_461' title='bbox 393 5158 554 5215; x_wconf 74' lang='lat' dir='ltr'><strong>dubie</strong></span> <span class='ocrx_word' id='word_1_462' title='bbox 606 5167 818 5229; x_wconf 85' lang='lat' dir='ltr'><strong>captum</strong></span> <span class='ocrx_word' id='word_1_463' title='bbox 865 5154 966 5219; x_wconf 87' lang='lat' dir='ltr'><strong>iri;</strong></span> <span class='ocrx_word' id='word_1_464' title='bbox 1015 5153 1109 5209; x_wconf 83' lang='lat' dir='ltr'><strong>sed</strong></span> <span class='ocrx_word' id='word_1_465' title='bbox 1153 5152 1466 5207; x_wconf 71' lang='lat' dir='ltr'><strong>stultissimo</strong></span> <span class='ocrx_word' id='word_1_466' title='bbox 1501 5154 1618 5207; x_wconf 86' lang='lat' dir='ltr'><strong>illos</strong></span> <span class='ocrx_word' id='word_1_467' title='bbox 1663 5161 1976 5222; x_wconf 81' lang='lat' dir='ltr'><strong>argumento</strong></span> 
     </span>
    </p>
   </div>
   <div class='ocr_carea' id='block_1_60' title="bbox 392 5244 1972 5318">
    <p class='ocr_par' dir='ltr' id='par_1_60' title="bbox 392 5244 1972 5318">
     <span class='ocr_line' id='line_1_60' title="bbox 392 5244 1972 5318; baseline -0.003 -16"><span class='ocrx_word' id='word_1_468' title='bbox 392 5251 675 5318; x_wconf 78' lang='lat' dir='ltr'><strong>impetum.</strong></span> <span class='ocrx_word' id='word_1_469' title='bbox 705 5248 794 5303; x_wconf 64' lang='lat'><strong>£8.</strong></span> <span class='ocrx_word' id='word_1_470' title='bbox 828 5246 949 5313; x_wconf 81' lang='lat' dir='ltr'><strong>Cur,</strong></span> <span class='ocrx_word' id='word_1_471' title='bbox 981 5245 1245 5317; x_wconf 90' lang='lat' dir='ltr'><strong>inquiunt,</strong></span> <span class='ocrx_word' id='word_1_472' title='bbox 1269 5260 1414 5298; x_wconf 85' lang='lat' dir='ltr'><strong>nemo</strong></span> <span class='ocrx_word' id='word_1_473' title='bbox 1437 5261 1500 5298; x_wconf 81' lang='lat' dir='ltr'><strong>ea:</strong></span> <span class='ocrx_word' id='word_1_474' title='bbox 1524 5244 1836 5315; x_wconf 81' lang='lat' dir='ltr'><strong>principibus</strong></span> <span class='ocrx_word' id='word_1_475' title='bbox 1860 5260 1972 5297; x_wconf 84' lang='lat' dir='ltr'><strong>cre-</strong></span> 
     </span>
    </p>
   </div>
   <div class='ocr_carea' id='block_1_61' title="bbox 398 5337 1973 5409">
    <p class='ocr_par' dir='ltr' id='par_1_61' title="bbox 398 5337 1973 5409">
     <span class='ocr_line' id='line_1_61' title="bbox 398 5337 1973 5409; baseline -0.001 -16"><span class='ocrx_word' id='word_1_476' title='bbox 398 5339 528 5393; x_wconf 81' lang='lat' dir='ltr'><strong>didit</strong></span> <span class='ocrx_word' id='word_1_477' title='bbox 560 5343 613 5393; x_wconf 86' lang='lat' dir='ltr'><strong>in</strong></span> <span class='ocrx_word' id='word_1_478' title='bbox 637 5358 746 5394; x_wconf 87' lang='lat' dir='ltr'><strong>eum</strong></span> <span class='ocrx_word' id='word_1_479' title='bbox 766 5341 790 5395; x_wconf 82' lang='lat'><strong>.’</strong></span> <span class='ocrx_word' id='word_1_480' title='bbox 812 5340 977 5403; x_wconf 89' lang='lat' dir='ltr'><strong>Itane,</strong></span> <span class='ocrx_word' id='word_1_481' title='bbox 996 5354 1197 5409; x_wconf 59' lang='lat' dir='ltr'><strong>qumso,</strong></span> <span class='ocrx_word' id='word_1_482' title='bbox 1224 5337 1491 5393; x_wconf 80' lang='lat' dir='ltr'><strong>Christum</strong></span> <span class='ocrx_word' id='word_1_483' title='bbox 1518 5352 1756 5402; x_wconf 88' lang='lat' dir='ltr'><strong>accusas,</strong></span> <span class='ocrx_word' id='word_1_484' title='bbox 1787 5346 1840 5392; x_wconf 91' lang='lat' dir='ltr'><strong>et</strong></span> <span class='ocrx_word' id='word_1_485' title='bbox 1867 5352 1973 5391; x_wconf 89' lang='lat' dir='ltr'><strong>non</strong></span> 
     </span>
    </p>
   </div>
   <div class='ocr_carea' id='block_1_62' title="bbox 395 5428 1973 5500">
    <p class='ocr_par' dir='ltr' id='par_1_62' title="bbox 395 5428 1973 5500">
     <span class='ocr_line' id='line_1_62' title="bbox 395 5428 1973 5500; baseline -0.003 -16"><span class='ocrx_word' id='word_1_486' title='bbox 395 5429 741 5484; x_wconf 79' lang='lat' dir='ltr'><strong>incredulos?</strong></span> <span class='ocrx_word' id='word_1_487' title='bbox 766 5430 854 5487; x_wconf 70' lang='lat'><strong>49.</strong></span> <span class='ocrx_word' id='word_1_488' title='bbox 889 5430 995 5486; x_wconf 86' lang='lat' dir='ltr'><strong>Sed</strong></span> <span class='ocrx_word' id='word_1_489' title='bbox 1019 5429 1186 5496; x_wconf 84' lang='lat' dir='ltr'><strong>turba,</strong></span> <span class='ocrx_word' id='word_1_490' title='bbox 1210 5445 1323 5500; x_wconf 71' lang='lat' dir='ltr'><strong>qua:</strong></span> <span class='ocrx_word' id='word_1_491' title='bbox 1348 5445 1449 5482; x_wconf 86' lang='lat' dir='ltr'><strong>non</strong></span> <span class='ocrx_word' id='word_1_492' title='bbox 1480 5429 1615 5482; x_wconf 80' lang='lat' dir='ltr'><strong>norit</strong></span> <span class='ocrx_word' id='word_1_493' title='bbox 1638 5428 1795 5499; x_wconf 80' lang='lat' dir='ltr'><strong>legem</strong></span> <span class='ocrx_word' id='word_1_494' title='bbox 1820 5469 1836 5494; x_wconf 92' lang='lat'><strong>,</strong></span> <span class='ocrx_word' id='word_1_495' title='bbox 1860 5445 1973 5480; x_wconf 87' lang='lat' dir='ltr'><strong>ma-</strong></span> 
     </span>
    </p>
   </div>
   <div class='ocr_carea' id='block_1_63' title="bbox 405 5522 1971 5594">
    <p class='ocr_par' dir='ltr' id='par_1_63' title="bbox 405 5522 1971 5594">
     <span class='ocr_line' id='line_1_63' title="bbox 405 5522 1971 5594; baseline 0.001 -17"><span class='ocrx_word' id='word_1_496' title='bbox 405 5522 576 5577; x_wconf 82' lang='lat' dir='ltr'><strong>ledicti</strong></span> <span class='ocrx_word' id='word_1_497' title='bbox 604 5534 739 5575; x_wconf 81' lang='lat' dir='ltr'><strong>sunt.</strong></span> <span class='ocrx_word' id='word_1_498' title='bbox 793 5523 925 5577; x_wconf 92' lang='lat' dir='ltr'><strong>lliuc</strong></span> <span class='ocrx_word' id='word_1_499' title='bbox 951 5525 1119 5594; x_wconf 86' lang='lat' dir='ltr'><strong>magis</strong></span> <span class='ocrx_word' id='word_1_500' title='bbox 1152 5524 1435 5579; x_wconf 87' lang='lat' dir='ltr'><strong>accusandi</strong></span> <span class='ocrx_word' id='word_1_501' title='bbox 1472 5525 1618 5590; x_wconf 71' lang='lat' dir='ltr'><strong>estis,</strong></span> <span class='ocrx_word' id='word_1_502' title='bbox 1645 5524 1787 5594; x_wconf 89' lang='lat' dir='ltr'><strong>quod</strong></span> <span class='ocrx_word' id='word_1_503' title='bbox 1819 5524 1971 5580; x_wconf 85' lang='lat' dir='ltr'><strong>turba</strong></span> 
     </span>
    </p>
   </div>
   <div class='ocr_carea' id='block_1_64' title="bbox 383 5612 1970 5687">
    <p class='ocr_par' dir='ltr' id='par_1_64' title="bbox 383 5612 1970 5687">
     <span class='ocr_line' id='line_1_64' title="bbox 383 5612 1970 5687; baseline 0.003 -20"><span class='ocrx_word' id='word_1_504' title='bbox 383 5612 647 5668; x_wconf 80' lang='lat' dir='ltr'><strong>credente</strong></span> <span class='ocrx_word' id='word_1_505' title='bbox 699 5627 793 5667; x_wconf 89' lang='lat' dir='ltr'><strong>vos</strong></span> <span class='ocrx_word' id='word_1_506' title='bbox 843 5613 1097 5667; x_wconf 86' lang='lat' dir='ltr'><strong>increduli</strong></span> <span class='ocrx_word' id='word_1_507' title='bbox 1143 5616 1459 5670; x_wconf 89' lang='lat' dir='ltr'><strong>manseritis.</strong></span> <span class='ocrx_word' id='word_1_508' title='bbox 1510 5616 1799 5687; x_wconf 82' lang='lat' dir='ltr'><strong>Populares</strong></span> <span class='ocrx_word' id='word_1_509' title='bbox 1828 5619 1970 5672; x_wconf 79' lang='lat' dir='ltr'><strong>enim</strong></span> 
     </span>
    </p>
   </div>
   <div class='ocr_carea' id='block_1_65' title="bbox 397 5700 1967 5780">
    <p class='ocr_par' dir='ltr' id='par_1_65' title="bbox 397 5700 1967 5780">
     <span class='ocr_line' id='line_1_65' title="bbox 397 5700 1967 5780; baseline 0.007 -26"><span class='ocrx_word' id='word_1_510' title='bbox 397 5713 457 5757; x_wconf 87' lang='lat' dir='ltr'><strong>ut</strong></span> <span class='ocrx_word' id='word_1_511' title='bbox 481 5700 652 5772; x_wconf 81' lang='lat' dir='ltr'><strong>legem</strong></span> <span class='ocrx_word' id='word_1_512' title='bbox 674 5710 1056 5768; x_wconf 76' lang='lat' dir='ltr'><strong>cognoscentes</strong></span> <span class='ocrx_word' id='word_1_513' title='bbox 1099 5701 1322 5771; x_wconf 75' lang='lat' dir='ltr'><strong>agebant</strong></span> <span class='ocrx_word' id='word_1_514' title='bbox 1352 5724 1364 5760; x_wconf 85' lang='lat'><strong>:</strong></span> <span class='ocrx_word' id='word_1_515' title='bbox 1397 5709 1663 5776; x_wconf 70' lang='lat' dir='ltr'><strong>quomodo</strong></span> <span class='ocrx_word' id='word_1_516' title='bbox 1701 5726 1827 5780; x_wconf 84' lang='lat' dir='ltr'><strong>ergo</strong></span> <span class='ocrx_word' id='word_1_517' title='bbox 1859 5727 1967 5765; x_wconf 84' lang='lat' dir='ltr'><strong>:na-</strong></span> 
     </span>
    </p>
   </div>
   <div class='ocr_carea' id='block_1_66' title="bbox 2068 1310 3641 1392">
    <p class='ocr_par' dir='ltr' id='par_1_66' title="bbox 2068 1310 3641 1392">
     <span class='ocr_line' id='line_1_66' title="bbox 2068 1310 3641 1392; baseline 0.011 -29"><span class='ocrx_word' id='word_1_518' title='bbox 2068 1310 2250 1366; x_wconf 88' lang='lat' dir='ltr'><strong>ledicti</strong></span> <span class='ocrx_word' id='word_1_519' title='bbox 2281 1314 2444 1368; x_wconf 83' lang='lat' dir='ltr'><strong>sunt?</strong></span> <span class='ocrx_word' id='word_1_520' title='bbox 2472 1314 2580 1370; x_wconf 85' lang='lat' dir='ltr'><strong>Vos</strong></span> <span class='ocrx_word' id='word_1_521' title='bbox 2606 1317 2693 1387; x_wconf 89' lang='lat' dir='ltr'><strong>qui</strong></span> <span class='ocrx_word' id='word_1_522' title='bbox 2723 1318 2892 1389; x_wconf 82' lang='lat' dir='ltr'><strong>legem</strong></span> <span class='ocrx_word' id='word_1_523' title='bbox 2941 1335 3045 1375; x_wconf 91' lang='lat' dir='ltr'><strong>non</strong></span> <span class='ocrx_word' id='word_1_524' title='bbox 3078 1324 3304 1378; x_wconf 86' lang='lat' dir='ltr'><strong>servatis</strong></span> <span class='ocrx_word' id='word_1_525' title='bbox 3330 1367 3344 1392; x_wconf 92' lang='lat'><strong>,</strong></span> <span class='ocrx_word' id='word_1_526' title='bbox 3376 1327 3641 1383; x_wconf 82' lang='lat' dir='ltr'><strong>maledicti</strong></span> 
     </span>
    </p>
   </div>
   <div class='ocr_carea' id='block_1_67' title="bbox 2063 1401 3643 1485">
    <p class='ocr_par' dir='ltr' id='par_1_67' title="bbox 2063 1401 3643 1485">
     <span class='ocr_line' id='line_1_67' title="bbox 2063 1401 3643 1485; baseline 0.013 -33"><span class='ocrx_word' id='word_1_527' title='bbox 2063 1401 2230 1466; x_wconf 88' lang='lat' dir='ltr'><strong>estis;</strong></span> <span class='ocrx_word' id='word_1_528' title='bbox 2263 1418 2371 1456; x_wconf 91' lang='lat' dir='ltr'><strong>non</strong></span> <span class='ocrx_word' id='word_1_529' title='bbox 2406 1404 2477 1457; x_wconf 91' lang='lat' dir='ltr'><strong>illi</strong></span> <span class='ocrx_word' id='word_1_530' title='bbox 2506 1406 2593 1475; x_wconf 92' lang='lat' dir='ltr'><strong>qui</strong></span> <span class='ocrx_word' id='word_1_531' title='bbox 2626 1407 2725 1476; x_wconf 83' lang='lat' dir='ltr'><strong>legi</strong></span> <span class='ocrx_word' id='word_1_532' title='bbox 2773 1409 3157 1479; x_wconf 81' lang='lat' dir='ltr'><strong>obsequuntur.</strong></span> <span class='ocrx_word' id='word_1_533' title='bbox 3207 1412 3321 1468; x_wconf 86' lang='lat' dir='ltr'><strong>Non</strong></span> <span class='ocrx_word' id='word_1_534' title='bbox 3363 1419 3643 1485; x_wconf 78' lang='lat' dir='ltr'><strong>Oportebat</strong></span> 
     </span>
    </p>
   </div>
   <div class='ocr_carea' id='block_1_68' title="bbox 2060 1489 3642 1566">
    <p class='ocr_par' dir='ltr' id='par_1_68' title="bbox 2060 1489 3642 1566">
     <span class='ocr_line' id='line_1_68' title="bbox 2060 1489 3642 1566; baseline 0.013 -25"><span class='ocrx_word' id='word_1_535' title='bbox 2060 1489 2201 1544; x_wconf 89' lang='lat' dir='ltr'><strong>enim</strong></span> <span class='ocrx_word' id='word_1_536' title='bbox 2227 1506 2255 1543; x_wconf 93' lang='lat' dir='ltr'><strong>a</strong></span> <span class='ocrx_word' id='word_1_537' title='bbox 2284 1506 2388 1546; x_wconf 91' lang='lat' dir='ltr'><strong>non</strong></span> <span class='ocrx_word' id='word_1_538' title='bbox 2424 1494 2763 1551; x_wconf 88' lang='lat' dir='ltr'><strong>credentibus</strong></span> <span class='ocrx_word' id='word_1_539' title='bbox 2789 1499 3061 1554; x_wconf 88' lang='lat' dir='ltr'><strong>criminari</strong></span> <span class='ocrx_word' id='word_1_540' title='bbox 3090 1516 3207 1555; x_wconf 90' lang='lat' dir='ltr'><strong>eum</strong></span> <span class='ocrx_word' id='word_1_541' title='bbox 3232 1544 3245 1566; x_wconf 95' lang='lat'><strong>,</strong></span> <span class='ocrx_word' id='word_1_542' title='bbox 3274 1504 3359 1558; x_wconf 81' lang='lat' dir='ltr'><strong>cui</strong></span> <span class='ocrx_word' id='word_1_543' title='bbox 3388 1522 3490 1559; x_wconf 88' lang='lat' dir='ltr'><strong>non</strong></span> <span class='ocrx_word' id='word_1_544' title='bbox 3519 1522 3642 1562; x_wconf 82' lang='lat' dir='ltr'><strong>cre-</strong></span> 
     </span>
    </p>
   </div>
   <div class='ocr_carea' id='block_1_69' title="bbox 2061 1581 3642 1656">
    <p class='ocr_par' dir='ltr' id='par_1_69' title="bbox 2061 1581 3642 1656">
     <span class='ocr_line' id='line_1_69' title="bbox 2061 1581 3642 1656; baseline 0.012 -21"><span class='ocrx_word' id='word_1_545' title='bbox 2061 1581 2274 1637; x_wconf 87' lang='lat' dir='ltr'><strong>debant.</strong></span> <span class='ocrx_word' id='word_1_546' title='bbox 2372 1585 2488 1640; x_wconf 84' lang='lat' dir='ltr'><strong>Non</strong></span> <span class='ocrx_word' id='word_1_547' title='bbox 2506 1587 2812 1656; x_wconf 90' lang='lat' dir='ltr'><strong>probandus</strong></span> <span class='ocrx_word' id='word_1_548' title='bbox 2843 1590 2928 1645; x_wconf 88' lang='lat' dir='ltr'><strong>hic</strong></span> <span class='ocrx_word' id='word_1_549' title='bbox 2957 1593 3146 1647; x_wconf 91' lang='lat' dir='ltr'><strong>modus</strong></span> <span class='ocrx_word' id='word_1_550' title='bbox 3176 1603 3282 1650; x_wconf 90' lang='lat' dir='ltr'><strong>est.</strong></span> <span class='ocrx_word' id='word_1_551' title='bbox 3307 1594 3437 1650; x_wconf 82' lang='lat' dir='ltr'><strong>Nam</strong></span> <span class='ocrx_word' id='word_1_552' title='bbox 3465 1607 3519 1651; x_wconf 89' lang='lat' dir='ltr'><strong>et</strong></span> <span class='ocrx_word' id='word_1_553' title='bbox 3550 1614 3642 1653; x_wconf 82' lang='lat' dir='ltr'><strong>vos</strong></span> 
     </span>
    </p>
   </div>
   <div class='ocr_carea' id='block_1_70' title="bbox 2065 1677 3641 1750">
    <p class='ocr_par' dir='ltr' id='par_1_70' title="bbox 2065 1677 3641 1750">
     <span class='ocr_line' id='line_1_70' title="bbox 2065 1677 3641 1750; baseline 0.01 -22"><span class='ocrx_word' id='word_1_554' title='bbox 2065 1690 2170 1729; x_wconf 91' lang='lat' dir='ltr'><strong>non</strong></span> <span class='ocrx_word' id='word_1_555' title='bbox 2194 1677 2496 1732; x_wconf 76' lang='lat' dir='ltr'><strong>credidistis</strong></span> <span class='ocrx_word' id='word_1_556' title='bbox 2528 1681 2653 1742; x_wconf 84' lang='lat' dir='ltr'><strong>Deo,</strong></span> <span class='ocrx_word' id='word_1_557' title='bbox 2680 1691 2737 1735; x_wconf 84' lang='grc' dir='ltr'><strong>ιιι</strong></span> <span class='ocrx_word' id='word_1_558' title='bbox 2768 1682 2960 1736; x_wconf 89' lang='lat' dir='ltr'><strong>Paulus</strong></span> <span class='ocrx_word' id='word_1_559' title='bbox 2982 1684 3055 1737; x_wconf 88' lang='lat' dir='ltr'><strong>ait</strong></span> <span class='ocrx_word' id='word_1_560' title='bbox 3088 1702 3101 1739; x_wconf 91' lang='lat'>:</span> <span class='ocrx_word' id='word_1_561' title='bbox 3139 1685 3272 1750; x_wconf 79' lang='lat' dir='ltr'><strong>Quid</strong></span> <span class='ocrx_word' id='word_1_562' title='bbox 3313 1689 3443 1741; x_wconf 90' lang='lat' dir='ltr'><strong>enim</strong></span> <span class='ocrx_word' id='word_1_563' title='bbox 3469 1690 3513 1742; x_wconf 88' lang='lat' dir='ltr'><strong>si</strong></span> <span class='ocrx_word' id='word_1_564' title='bbox 3541 1706 3641 1743; x_wconf 87' lang='lat' dir='ltr'><strong>non</strong></span> 
     </span>
    </p>
   </div>
   <div class='ocr_carea' id='block_1_71' title="bbox 2063 1769 3645 1847">
    <p class='ocr_par' dir='ltr' id='par_1_71' title="bbox 2063 1769 3645 1847">
     <span class='ocr_line' id='line_1_71' title="bbox 2063 1769 3645 1847; baseline 0.004 -22"><span class='ocrx_word' id='word_1_565' title='bbox 2063 1769 2383 1825; x_wconf 75' lang='lat' dir='ltr'><strong>Crediderunt</strong></span> <span class='ocrx_word' id='word_1_566' title='bbox 2422 1770 2668 1839; x_wconf 83' lang='lat' dir='ltr'><strong>quidam?</strong></span> <span class='ocrx_word' id='word_1_567' title='bbox 2717 1769 2981 1842; x_wconf 85' lang='lat' dir='ltr'><strong>Numquid</strong></span> <span class='ocrx_word' id='word_1_568' title='bbox 3014 1774 3338 1829; x_wconf 77' lang='lat' dir='ltr'><strong>incredulitas</strong></span> <span class='ocrx_word' id='word_1_569' title='bbox 3365 1793 3537 1831; x_wconf 87' lang='lat' dir='ltr'><strong>eorum</strong></span> <span class='ocrx_word' id='word_1_570' title='bbox 3580 1781 3645 1847; x_wconf 78' lang='lat' dir='ltr'><strong>(i-</strong></span> 
     </span>
    </p>
   </div>
   <div class='ocr_carea' id='block_1_72' title="bbox 2063 1859 3646 1940">
    <p class='ocr_par' dir='ltr' id='par_1_72' title="bbox 2063 1859 3646 1940">
     <span class='ocr_line' id='line_1_72' title="bbox 2063 1859 3646 1940; baseline 0.007 -25"><span class='ocrx_word' id='word_1_571' title='bbox 2063 1862 2176 1915; x_wconf 88' lang='lat' dir='ltr'><strong>dem</strong></span> <span class='ocrx_word' id='word_1_572' title='bbox 2200 1859 2295 1915; x_wconf 79' lang='lat' dir='ltr'><strong>Dei</strong></span> <span class='ocrx_word' id='word_1_573' title='bbox 2315 1861 2569 1916; x_wconf 72' lang='lat' dir='ltr'><strong>evacuabit</strong></span> <span class='ocrx_word' id='word_1_574' title='bbox 2588 1863 2614 1915; x_wconf 75' lang='lat'><strong>1’</strong></span> <span class='ocrx_word' id='word_1_575' title='bbox 2643 1865 2782 1917; x_wconf 84' lang='lat' dir='ltr'><strong>Absit</strong></span> <span class='ocrx_word' id='word_1_576' title='bbox 2813 1864 3000 1934; x_wconf 84' lang='lat' dir='ltr'><strong>(Rom.</strong></span> <span class='ocrx_word' id='word_1_577' title='bbox 3030 1867 3080 1921; x_wconf 80' lang='grc'><strong>5.</strong></span> <span class='ocrx_word' id='word_1_578' title='bbox 3108 1868 3186 1936; x_wconf 75' lang='lat'><strong>3).</strong></span> <span class='ocrx_word' id='word_1_579' title='bbox 3218 1868 3344 1921; x_wconf 80' lang='lat' dir='ltr'><strong>Nam</strong></span> <span class='ocrx_word' id='word_1_580' title='bbox 3375 1871 3646 1940; x_wconf 72' lang='lat' dir='ltr'><strong>prophvtzc</strong></span> 
     </span>
    </p>
   </div>
   <div class='ocr_carea' id='block_1_73' title="bbox 2065 1952 3650 2025">
    <p class='ocr_par' dir='ltr' id='par_1_73' title="bbox 2065 1952 3650 2025">
     <span class='ocr_line' id='line_1_73' title="bbox 2065 1952 3650 2025; baseline 0.006 -20"><span class='ocrx_word' id='word_1_581' title='bbox 2065 1968 2277 2020; x_wconf 84' lang='lat' dir='ltr'><strong>quoque</strong></span> <span class='ocrx_word' id='word_1_582' title='bbox 2327 1952 2470 2021; x_wconf 87' lang='lat' dir='ltr'><strong>ipsos</strong></span> <span class='ocrx_word' id='word_1_583' title='bbox 2516 1967 2729 2023; x_wconf 88' lang='lat' dir='ltr'><strong>semper</strong></span> <span class='ocrx_word' id='word_1_584' title='bbox 2783 1956 3105 2011; x_wconf 87' lang='lat' dir='ltr'><strong>accusabant</strong></span> <span class='ocrx_word' id='word_1_585' title='bbox 3156 1957 3417 2025; x_wconf 89' lang='lat' dir='ltr'><strong>dicentes,</strong></span> <span class='ocrx_word' id='word_1_586' title='bbox 3464 1961 3650 2015; x_wconf 80' lang='lat' dir='ltr'><strong>Audite</strong></span> 
     </span>
    </p>
   </div>
   <div class='ocr_carea' id='block_1_74' title="bbox 2066 2042 3649 2121">
    <p class='ocr_par' dir='ltr' id='par_1_74' title="bbox 2066 2042 3649 2121">
     <span class='ocr_line' id='line_1_74' title="bbox 2066 2042 3649 2121; baseline 0.006 -26"><span class='ocrx_word' id='word_1_587' title='bbox 2066 2044 2323 2111; x_wconf 83' lang='lat' dir='ltr'><strong>principes</strong></span> <span class='ocrx_word' id='word_1_588' title='bbox 2350 2042 2727 2108; x_wconf 87' lang='lat' dir='ltr'><strong>Sodomorum;</strong></span> <span class='ocrx_word' id='word_1_589' title='bbox 2747 2055 2819 2109; x_wconf 90' lang='lat' dir='ltr'><strong>et,</strong></span> <span class='ocrx_word' id='word_1_590' title='bbox 2857 2045 3123 2117; x_wconf 84' lang='lat' dir='ltr'><strong>Principes</strong></span> <span class='ocrx_word' id='word_1_591' title='bbox 3153 2050 3225 2101; x_wconf 86' lang='lat' dir='ltr'><strong>tui</strong></span> <span class='ocrx_word' id='word_1_592' title='bbox 3251 2065 3352 2103; x_wconf 87' lang='lat' dir='ltr'><strong>non</strong></span> <span class='ocrx_word' id='word_1_593' title='bbox 3395 2049 3649 2121; x_wconf 82' lang='lat' dir='ltr'><strong>obtempe-</strong></span> 
     </span>
    </p>
   </div>
   <div class='ocr_carea' id='block_1_75' title="bbox 2065 2133 3645 2208">
    <p class='ocr_par' dir='ltr' id='par_1_75' title="bbox 2065 2133 3645 2208">
     <span class='ocr_line' id='line_1_75' title="bbox 2065 2133 3645 2208; baseline 0.006 -21"><span class='ocrx_word' id='word_1_594' title='bbox 2065 2143 2181 2187; x_wconf 82' lang='lat' dir='ltr'><strong>rant</strong></span> <span class='ocrx_word' id='word_1_595' title='bbox 2220 2133 2386 2205; x_wconf 87' lang='lat' dir='ltr'><strong>(lsai.</strong></span> <span class='ocrx_word' id='word_1_596' title='bbox 2420 2137 2469 2189; x_wconf 86' lang='lat' dir='ltr'><strong>l.</strong></span> <span class='ocrx_word' id='word_1_597' title='bbox 2508 2135 2592 2190; x_wconf 86' lang='lat' dir='ltr'><strong>lO.</strong></span> <span class='ocrx_word' id='word_1_598' title='bbox 2626 2146 2671 2191; x_wconf 90' lang='lat' dir='ltr'><strong>et</strong></span> <span class='ocrx_word' id='word_1_599' title='bbox 2700 2136 2845 2208; x_wconf 73' lang='lat'><strong>25);</strong></span> <span class='ocrx_word' id='word_1_600' title='bbox 2875 2153 2937 2192; x_wconf 89' lang='lat' dir='ltr'><strong>ac</strong></span> <span class='ocrx_word' id='word_1_601' title='bbox 2964 2154 3193 2203; x_wconf 84' lang='lat' dir='ltr'><strong>rursum,</strong></span> <span class='ocrx_word' id='word_1_602' title='bbox 3227 2140 3408 2195; x_wconf 80' lang='lat' dir='ltr'><strong>Annon</strong></span> <span class='ocrx_word' id='word_1_603' title='bbox 3430 2151 3645 2196; x_wconf 82' lang='lat' dir='ltr'><strong>vestrum</strong></span> 
     </span>
    </p>
   </div>
   <div class='ocr_carea' id='block_1_76' title="bbox 2065 2226 3641 2300">
    <p class='ocr_par' dir='ltr' id='par_1_76' title="bbox 2065 2226 3641 2300">
     <span class='ocr_line' id='line_1_76' title="bbox 2065 2226 3641 2300; baseline 0.006 -22"><span class='ocrx_word' id='word_1_604' title='bbox 2065 2234 2135 2280; x_wconf 82' lang='lat' dir='ltr'><strong>est</strong></span> <span class='ocrx_word' id='word_1_605' title='bbox 2156 2242 2299 2280; x_wconf 88' lang='lat' dir='ltr'><strong>nosse</strong></span> <span class='ocrx_word' id='word_1_606' title='bbox 2315 2226 2566 2297; x_wconf 83' lang='lat' dir='ltr'><strong>judicium</strong></span> <span class='ocrx_word' id='word_1_607' title='bbox 2588 2227 2607 2296; x_wconf 97' lang='lat'>(</span> <span class='ocrx_word' id='word_1_608' title='bbox 2633 2227 2793 2282; x_wconf 86' lang='lat' dir='ltr'><strong>Mich.</strong></span> <span class='ocrx_word' id='word_1_609' title='bbox 2814 2229 2867 2283; x_wconf 79' lang='grc'><strong>5.</strong></span> <span class='ocrx_word' id='word_1_610' title='bbox 2903 2231 2925 2284; x_wconf 83' lang='lat' dir='ltr'><strong>l</strong></span> <span class='ocrx_word' id='word_1_611' title='bbox 2954 2226 3008 2298; x_wconf 70' lang='lat'><strong>)2</strong></span> <span class='ocrx_word' id='word_1_612' title='bbox 3043 2231 3107 2285; x_wconf 83' lang='lat' dir='ltr'><strong>Et</strong></span> <span class='ocrx_word' id='word_1_613' title='bbox 3130 2232 3325 2300; x_wconf 89' lang='lat' dir='ltr'><strong>ubique</strong></span> <span class='ocrx_word' id='word_1_614' title='bbox 3355 2232 3641 2288; x_wconf 57' lang='lat' dir='ltr'><strong>vehemeuw</strong></span> 
     </span>
    </p>
   </div>
   <div class='ocr_carea' id='block_1_77' title="bbox 2069 2317 3650 2398">
    <p class='ocr_par' dir='ltr' id='par_1_77' title="bbox 2069 2317 3650 2398">
     <span class='ocr_line' id='line_1_77' title="bbox 2069 2317 3650 2398; baseline 0.008 -28"><span class='ocrx_word' id='word_1_615' title='bbox 2069 2317 2172 2372; x_wconf 90' lang='lat' dir='ltr'><strong>tius</strong></span> <span class='ocrx_word' id='word_1_616' title='bbox 2228 2317 2347 2373; x_wconf 82' lang='lat' dir='ltr'><strong>illos</strong></span> <span class='ocrx_word' id='word_1_617' title='bbox 2385 2319 2673 2375; x_wconf 89' lang='lat' dir='ltr'><strong>incessunt.</strong></span> <span class='ocrx_word' id='word_1_618' title='bbox 2713 2320 2847 2388; x_wconf 86' lang='lat' dir='ltr'><strong>Quid</strong></span> <span class='ocrx_word' id='word_1_619' title='bbox 2898 2322 3096 2391; x_wconf 80' lang='lat' dir='ltr'><strong>igitur?</strong></span> <span class='ocrx_word' id='word_1_620' title='bbox 3151 2324 3390 2381; x_wconf 87' lang='lat' dir='ltr'><strong>Dcumne</strong></span> <span class='ocrx_word' id='word_1_621' title='bbox 3439 2337 3650 2398; x_wconf 69' lang='lat' dir='ltr'><strong>prome-</strong></span> 
     </span>
    </p>
   </div>
   <div class='ocr_carea' id='block_1_78' title="bbox 2068 2409 3651 2483">
    <p class='ocr_par' dir='ltr' id='par_1_78' title="bbox 2068 2409 3651 2483">
     <span class='ocr_line' id='line_1_78' title="bbox 2068 2409 3651 2483; baseline 0.007 -22"><span class='ocrx_word' id='word_1_622' title='bbox 2068 2422 2157 2462; x_wconf 89' lang='lat' dir='ltr'><strong>rea</strong></span> <span class='ocrx_word' id='word_1_623' title='bbox 2212 2409 2473 2479; x_wconf 89' lang='lat' dir='ltr'><strong>quispiam</strong></span> <span class='ocrx_word' id='word_1_624' title='bbox 2513 2410 2828 2465; x_wconf 82' lang='lat' dir='ltr'><strong>accusabit?</strong></span> <span class='ocrx_word' id='word_1_625' title='bbox 2865 2416 3079 2483; x_wconf 82' lang='lat' dir='ltr'><strong>Apage;</strong></span> <span class='ocrx_word' id='word_1_626' title='bbox 3142 2413 3352 2469; x_wconf 91' lang='lat' dir='ltr'><strong>illorum</strong></span> <span class='ocrx_word' id='word_1_627' title='bbox 3392 2416 3492 2471; x_wconf 89' lang='lat' dir='ltr'><strong>hoc</strong></span> <span class='ocrx_word' id='word_1_628' title='bbox 3545 2419 3651 2472; x_wconf 81' lang='lat' dir='ltr'><strong>cri-</strong></span> 
     </span>
    </p>
   </div>
   <div class='ocr_carea' id='block_1_79' title="bbox 2068 2502 3652 2578">
    <p class='ocr_par' dir='ltr' id='par_1_79' title="bbox 2068 2502 3652 2578">
     <span class='ocr_line' id='line_1_79' title="bbox 2068 2502 3652 2578; baseline 0.005 -24"><span class='ocrx_word' id='word_1_629' title='bbox 2068 2514 2188 2555; x_wconf 92' lang='lat' dir='ltr'><strong>men</strong></span> <span class='ocrx_word' id='word_1_630' title='bbox 2216 2511 2314 2555; x_wconf 92' lang='lat' dir='ltr'><strong>est.</strong></span> <span class='ocrx_word' id='word_1_631' title='bbox 2363 2502 2601 2568; x_wconf 85' lang='lat' dir='ltr'><strong>Quonam</strong></span> <span class='ocrx_word' id='word_1_632' title='bbox 2647 2511 2824 2558; x_wconf 89' lang='lat' dir='ltr'><strong>autem</strong></span> <span class='ocrx_word' id='word_1_633' title='bbox 2868 2503 2970 2557; x_wconf 90' lang='lat' dir='ltr'><strong>alio</strong></span> <span class='ocrx_word' id='word_1_634' title='bbox 2998 2506 3150 2574; x_wconf 89' lang='lat' dir='ltr'><strong>signo</strong></span> <span class='ocrx_word' id='word_1_635' title='bbox 3192 2506 3310 2575; x_wconf 86' lang='lat' dir='ltr'><strong>quis</strong></span> <span class='ocrx_word' id='word_1_636' title='bbox 3347 2507 3652 2578; x_wconf 84' lang='lat' dir='ltr'><strong>deprchen-</strong></span> 
     </span>
    </p>
   </div>
   <div class='ocr_carea' id='block_1_80' title="bbox 2071 2590 3653 2670">
    <p class='ocr_par' dir='ltr' id='par_1_80' title="bbox 2071 2590 3653 2670">
     <span class='ocr_line' id='line_1_80' title="bbox 2071 2590 3653 2670; baseline 0.007 -25"><span class='ocrx_word' id='word_1_637' title='bbox 2071 2590 2199 2646; x_wconf 89' lang='lat' dir='ltr'><strong>dere</strong></span> <span class='ocrx_word' id='word_1_638' title='bbox 2250 2592 2413 2660; x_wconf 81' lang='lat' dir='ltr'><strong>possit</strong></span> <span class='ocrx_word' id='word_1_639' title='bbox 2450 2609 2545 2648; x_wconf 89' lang='lat' dir='ltr'><strong>vos</strong></span> <span class='ocrx_word' id='word_1_640' title='bbox 2575 2608 2679 2648; x_wconf 91' lang='lat' dir='ltr'><strong>non</strong></span> <span class='ocrx_word' id='word_1_641' title='bbox 2729 2609 3049 2665; x_wconf 65' lang='lat' dir='ltr'><strong>cognosci-re</strong></span> <span class='ocrx_word' id='word_1_642' title='bbox 3095 2595 3305 2665; x_wconf 84' lang='lat' dir='ltr'><strong>legem.</strong></span> <span class='ocrx_word' id='word_1_643' title='bbox 3360 2600 3499 2670; x_wconf 91' lang='lat' dir='ltr'><strong>quod</strong></span> <span class='ocrx_word' id='word_1_644' title='bbox 3549 2616 3653 2656; x_wconf 90' lang='lat' dir='ltr'><strong>non</strong></span> 
     </span>
    </p>
   </div>
   <div class='ocr_carea' id='block_1_81' title="bbox 2072 2682 3654 2762">
    <p class='ocr_par' dir='ltr' id='par_1_81' title="bbox 2072 2682 3654 2762">
     <span class='ocr_line' id='line_1_81' title="bbox 2072 2682 3654 2762; baseline 0.007 -26"><span class='ocrx_word' id='word_1_645' title='bbox 2072 2682 2340 2737; x_wconf 85' lang='lat' dir='ltr'><strong>credatis?</strong></span> <span class='ocrx_word' id='word_1_646' title='bbox 2386 2682 2516 2738; x_wconf 88' lang='lat' dir='ltr'><strong>Cmn</strong></span> <span class='ocrx_word' id='word_1_647' title='bbox 2569 2694 2746 2740; x_wconf 89' lang='lat' dir='ltr'><strong>autem</strong></span> <span class='ocrx_word' id='word_1_648' title='bbox 2800 2685 3064 2741; x_wconf 78' lang='lat' dir='ltr'><strong>dixissent</strong></span> <span class='ocrx_word' id='word_1_649' title='bbox 3113 2689 3382 2744; x_wconf 88' lang='lat' dir='ltr'><strong>neminem</strong></span> <span class='ocrx_word' id='word_1_650' title='bbox 3452 2694 3654 2762; x_wconf 83' lang='lat' dir='ltr'><strong>princi-</strong></span> 
     </span>
    </p>
   </div>
   <div class='ocr_carea' id='block_1_82' title="bbox 2079 2774 3653 2854">
    <p class='ocr_par' dir='ltr' id='par_1_82' title="bbox 2079 2774 3653 2854">
     <span class='ocr_line' id='line_1_82' title="bbox 2079 2774 3653 2854; baseline 0.009 -29"><span class='ocrx_word' id='word_1_651' title='bbox 2079 2788 2201 2842; x_wconf 89' lang='lat' dir='ltr'><strong>pum</strong></span> <span class='ocrx_word' id='word_1_652' title='bbox 2242 2774 2534 2829; x_wconf 85' lang='lat' dir='ltr'><strong>credidissc</strong></span> <span class='ocrx_word' id='word_1_653' title='bbox 2563 2775 2614 2830; x_wconf 92' lang='lat' dir='ltr'><strong>in</strong></span> <span class='ocrx_word' id='word_1_654' title='bbox 2657 2792 2778 2831; x_wconf 90' lang='lat' dir='ltr'><strong>eum</strong></span> <span class='ocrx_word' id='word_1_655' title='bbox 2807 2818 2821 2842; x_wconf 95' lang='lat'><strong>,</strong></span> <span class='ocrx_word' id='word_1_656' title='bbox 2877 2778 2968 2832; x_wconf 88' lang='lat' dir='ltr'><strong>sed</strong></span> <span class='ocrx_word' id='word_1_657' title='bbox 2997 2793 3088 2834; x_wconf 87' lang='lat' dir='ltr'><strong>eos</strong></span> <span class='ocrx_word' id='word_1_658' title='bbox 3113 2781 3202 2849; x_wconf 91' lang='lat' dir='ltr'><strong>qui</strong></span> <span class='ocrx_word' id='word_1_659' title='bbox 3247 2780 3416 2852; x_wconf 80' lang='lat' dir='ltr'><strong>legem</strong></span> <span class='ocrx_word' id='word_1_660' title='bbox 3444 2783 3653 2854; x_wconf 81' lang='lat' dir='ltr'><strong>ignora-</strong></span> 
     </span>
    </p>
   </div>
   <div class='ocr_carea' id='block_1_83' title="bbox 2074 2863 3652 2939">
    <p class='ocr_par' dir='ltr' id='par_1_83' title="bbox 2074 2863 3652 2939">
     <span class='ocr_line' id='line_1_83' title="bbox 2074 2863 3652 2939; baseline 0.008 -21"><span class='ocrx_word' id='word_1_661' title='bbox 2074 2863 2243 2931; x_wconf 84' lang='lat' dir='ltr'><strong>bant,</strong></span> <span class='ocrx_word' id='word_1_662' title='bbox 2290 2867 2483 2921; x_wconf 88' lang='lat' dir='ltr'><strong>merito</strong></span> <span class='ocrx_word' id='word_1_663' title='bbox 2528 2866 2647 2923; x_wconf 91' lang='lat' dir='ltr'><strong>illos</strong></span> <span class='ocrx_word' id='word_1_664' title='bbox 2698 2870 2872 2939; x_wconf 88' lang='lat' dir='ltr'><strong>arguit</strong></span> <span class='ocrx_word' id='word_1_665' title='bbox 2920 2869 3240 2927; x_wconf 87' lang='lat' dir='ltr'><strong>Nicodemus</strong></span> <span class='ocrx_word' id='word_1_666' title='bbox 3275 2871 3357 2927; x_wconf 89' lang='lat' dir='ltr'><strong>his</strong></span> <span class='ocrx_word' id='word_1_667' title='bbox 3412 2873 3585 2929; x_wconf 80' lang='lat' dir='ltr'><strong>verbis</strong></span> <span class='ocrx_word' id='word_1_668' title='bbox 3640 2896 3652 2930; x_wconf 94' lang='lat'>:</span> 
     </span>
    </p>
   </div>
   <div class='ocr_carea' id='block_1_84' title="bbox 2076 2956 3652 3031">
    <p class='ocr_par' dir='ltr' id='par_1_84' title="bbox 2076 2956 3652 3031">
     <span class='ocr_line' id='line_1_84' title="bbox 2076 2956 3652 3031; baseline 0.004 -18"><span class='ocrx_word' id='word_1_669' title='bbox 2076 2957 2166 3013; x_wconf 79' lang='lat' dir='ltr'><strong>5i.</strong></span> <span class='ocrx_word' id='word_1_670' title='bbox 2196 2956 2469 3029; x_wconf 80' lang='lat' dir='ltr'><strong>Numquid</strong></span> <span class='ocrx_word' id='word_1_671' title='bbox 2498 2958 2579 3014; x_wconf 78' lang='lat' dir='ltr'><strong>lea:</strong></span> <span class='ocrx_word' id='word_1_672' title='bbox 2609 2971 2783 3014; x_wconf 84' lang='lat' dir='ltr'><strong>nostra</strong></span> <span class='ocrx_word' id='word_1_673' title='bbox 2826 2963 3023 3030; x_wconf 80' lang='lat' dir='ltr'><strong>iudicat</strong></span> <span class='ocrx_word' id='word_1_674' title='bbox 3050 2964 3330 3031; x_wconf 77' lang='lat' dir='ltr'><strong>Immineat,</strong></span> <span class='ocrx_word' id='word_1_675' title='bbox 3360 2965 3460 3018; x_wconf 85' lang='lat' dir='ltr'><strong>nisi</strong></span> <span class='ocrx_word' id='word_1_676' title='bbox 3481 2966 3652 3019; x_wconf 72' lang='lat' dir='ltr'><strong>audie-</strong></span> 
     </span>
    </p>
   </div>
   <div class='ocr_carea' id='block_1_85' title="bbox 2074 3049 3653 3123">
    <p class='ocr_par' dir='ltr' id='par_1_85' title="bbox 2074 3049 3653 3123">
     <span class='ocr_line' id='line_1_85' title="bbox 2074 3049 3653 3123; baseline 0.006 -20"><span class='ocrx_word' id='word_1_677' title='bbox 2074 3051 2141 3105; x_wconf 78' lang='lat' dir='ltr'><strong>rit</strong></span> <span class='ocrx_word' id='word_1_678' title='bbox 2170 3049 2233 3104; x_wconf 85' lang='lat' dir='ltr'><strong>ab</strong></span> <span class='ocrx_word' id='word_1_679' title='bbox 2260 3052 2370 3121; x_wconf 86' lang='lat' dir='ltr'><strong>ipso</strong></span> <span class='ocrx_word' id='word_1_680' title='bbox 2401 3054 2582 3123; x_wconf 80' lang='lat' dir='ltr'><strong>prius?</strong></span> <span class='ocrx_word' id='word_1_681' title='bbox 2610 3052 2847 3109; x_wconf 88' lang='lat' dir='ltr'><strong>Ostendit</strong></span> <span class='ocrx_word' id='word_1_682' title='bbox 2879 3070 2972 3110; x_wconf 89' lang='lat' dir='ltr'><strong>eos</strong></span> <span class='ocrx_word' id='word_1_683' title='bbox 3003 3071 3100 3112; x_wconf 91' lang='lat' dir='ltr'><strong>nec</strong></span> <span class='ocrx_word' id='word_1_684' title='bbox 3122 3071 3298 3120; x_wconf 91' lang='lat' dir='ltr'><strong>nosse,</strong></span> <span class='ocrx_word' id='word_1_685' title='bbox 3324 3072 3420 3112; x_wconf 89' lang='lat' dir='ltr'><strong>nec</strong></span> <span class='ocrx_word' id='word_1_686' title='bbox 3441 3072 3653 3113; x_wconf 84' lang='lat' dir='ltr'><strong>servare</strong></span> 
     </span>
    </p>
   </div>
   <div class='ocr_carea' id='block_1_86' title="bbox 2078 3141 3652 3218">
    <p class='ocr_par' dir='ltr' id='par_1_86' title="bbox 2078 3141 3652 3218">
     <span class='ocr_line' id='line_1_86' title="bbox 2078 3141 3652 3218; baseline 0.006 -24"><span class='ocrx_word' id='word_1_687' title='bbox 2078 3141 2272 3211; x_wconf 75' lang='lat' dir='ltr'><strong>legem.</strong></span> <span class='ocrx_word' id='word_1_688' title='bbox 2304 3142 2434 3197; x_wconf 89' lang='lat' dir='ltr'><strong>Nam</strong></span> <span class='ocrx_word' id='word_1_689' title='bbox 2477 3144 2523 3198; x_wconf 91' lang='lat' dir='ltr'><strong>si</strong></span> <span class='ocrx_word' id='word_1_690' title='bbox 2575 3143 2660 3200; x_wconf 79' lang='lat' dir='ltr'><strong>lex</strong></span> <span class='ocrx_word' id='word_1_691' title='bbox 2703 3154 2847 3201; x_wconf 89' lang='lat' dir='ltr'><strong>vetat</strong></span> <span class='ocrx_word' id='word_1_692' title='bbox 2902 3162 3219 3218; x_wconf 88' lang='lat' dir='ltr'><strong>quemquam</strong></span> <span class='ocrx_word' id='word_1_693' title='bbox 3270 3148 3512 3212; x_wconf 79' lang='lat' dir='ltr'><strong>interfici,</strong></span> <span class='ocrx_word' id='word_1_694' title='bbox 3554 3150 3652 3205; x_wconf 80' lang='lat' dir='ltr'><strong>nisi</strong></span> 
     </span>
    </p>
   </div>
   <div class='ocr_carea' id='block_1_87' title="bbox 2080 3232 3649 3307">
    <p class='ocr_par' dir='ltr' id='par_1_87' title="bbox 2080 3232 3649 3307">
     <span class='ocr_line' id='line_1_87' title="bbox 2080 3232 3649 3307; baseline 0.003 -21"><span class='ocrx_word' id='word_1_695' title='bbox 2080 3232 2225 3301; x_wconf 90' lang='lat' dir='ltr'><strong>prius</strong></span> <span class='ocrx_word' id='word_1_696' title='bbox 2249 3232 2533 3300; x_wconf 90' lang='lat' dir='ltr'><strong>audiatur;</strong></span> <span class='ocrx_word' id='word_1_697' title='bbox 2563 3235 2660 3305; x_wconf 87' lang='lat' dir='ltr'><strong>ipsi</strong></span> <span class='ocrx_word' id='word_1_698' title='bbox 2692 3250 2817 3290; x_wconf 87' lang='lat' dir='ltr'><strong>vero</strong></span> <span class='ocrx_word' id='word_1_699' title='bbox 2843 3245 3129 3307; x_wconf 83' lang='lat' dir='ltr'><strong>antequam</strong></span> <span class='ocrx_word' id='word_1_700' title='bbox 3161 3236 3423 3304; x_wconf 72' lang='lat' dir='ltr'><strong>audirent,</strong></span> <span class='ocrx_word' id='word_1_701' title='bbox 3453 3238 3503 3293; x_wconf 90' lang='lat' dir='ltr'><strong>id</strong></span> <span class='ocrx_word' id='word_1_702' title='bbox 3532 3254 3649 3292; x_wconf 86' lang='lat' dir='ltr'><strong>mo-</strong></span> 
     </span>
    </p>
   </div>
   <div class='ocr_carea' id='block_1_88' title="bbox 2078 3322 3657 3399">
    <p class='ocr_par' dir='ltr' id='par_1_88' title="bbox 2078 3322 3657 3399">
     <span class='ocr_line' id='line_1_88' title="bbox 2078 3322 3657 3399; baseline 0.004 -22"><span class='ocrx_word' id='word_1_703' title='bbox 2078 3322 2342 3378; x_wconf 86' lang='lat' dir='ltr'><strong>licbantur</strong></span> <span class='ocrx_word' id='word_1_704' title='bbox 2370 3341 2382 3377; x_wconf 94' lang='lat'>:</span> <span class='ocrx_word' id='word_1_705' title='bbox 2413 3332 2834 3396; x_wconf 83' lang='lat' dir='ltr'><strong>transgressores</strong></span> <span class='ocrx_word' id='word_1_706' title='bbox 2883 3338 3006 3383; x_wconf 88' lang='lat' dir='ltr'><strong>sunt</strong></span> <span class='ocrx_word' id='word_1_707' title='bbox 3036 3327 3186 3398; x_wconf 87' lang='lat' dir='ltr'><strong>legis.</strong></span> <span class='ocrx_word' id='word_1_708' title='bbox 3235 3329 3300 3382; x_wconf 83' lang='lat' dir='ltr'><strong>Et</strong></span> <span class='ocrx_word' id='word_1_709' title='bbox 3342 3329 3463 3399; x_wconf 91' lang='lat' dir='ltr'><strong>quia</strong></span> <span class='ocrx_word' id='word_1_710' title='bbox 3511 3329 3657 3385; x_wconf 84' lang='lat' dir='ltr'><strong>dice-</strong></span> 
     </span>
    </p>
   </div>
   <div class='ocr_carea' id='block_1_89' title="bbox 2077 3407 3657 3488">
    <p class='ocr_par' dir='ltr' id='par_1_89' title="bbox 2077 3407 3657 3488">
     <span class='ocr_line' id='line_1_89' title="bbox 2077 3407 3657 3488; baseline 0.003 -18"><span class='ocrx_word' id='word_1_711' title='bbox 2077 3414 2207 3470; x_wconf 88' lang='lat' dir='ltr'><strong>bant</strong></span> <span class='ocrx_word' id='word_1_712' title='bbox 2255 3416 2522 3471; x_wconf 88' lang='lat' dir='ltr'><strong>neminem</strong></span> <span class='ocrx_word' id='word_1_713' title='bbox 2567 3417 2865 3488; x_wconf 87' lang='lat' dir='ltr'><strong>principum</strong></span> <span class='ocrx_word' id='word_1_714' title='bbox 2914 3418 3206 3474; x_wconf 68' lang='lat' dir='ltr'><strong>credidisse</strong></span> <span class='ocrx_word' id='word_1_715' title='bbox 3251 3419 3301 3474; x_wconf 91' lang='lat' dir='ltr'><strong>in</strong></span> <span class='ocrx_word' id='word_1_716' title='bbox 3351 3407 3494 3484; x_wconf 75' lang='lat' dir='ltr'><strong>eum,</strong></span> <span class='ocrx_word' id='word_1_717' title='bbox 3541 3419 3657 3475; x_wconf 89' lang='lat' dir='ltr'><strong>ideo</strong></span> 
     </span>
    </p>
   </div>
   <div class='ocr_carea' id='block_1_90' title="bbox 2080 3508 3658 3582">
    <p class='ocr_par' dir='ltr' id='par_1_90' title="bbox 2080 3508 3658 3582">
     <span class='ocr_line' id='line_1_90' title="bbox 2080 3508 3658 3582; baseline 0.003 -19"><span class='ocrx_word' id='word_1_718' title='bbox 2080 3508 2281 3564; x_wconf 85' lang='lat' dir='ltr'><strong>indicat</strong></span> <span class='ocrx_word' id='word_1_719' title='bbox 2306 3510 2628 3580; x_wconf 71' lang='lat' dir='ltr'><strong>evangelista</strong></span> <span class='ocrx_word' id='word_1_720' title='bbox 2666 3511 2835 3581; x_wconf 88' lang='lat' dir='ltr'><strong>ipsum</strong></span> <span class='ocrx_word' id='word_1_721' title='bbox 2863 3527 2928 3567; x_wconf 87' lang='lat' dir='ltr'><strong>ex</strong></span> <span class='ocrx_word' id='word_1_722' title='bbox 2956 3527 3138 3567; x_wconf 89' lang='lat' dir='ltr'><strong>eorum</strong></span> <span class='ocrx_word' id='word_1_723' title='bbox 3173 3528 3394 3568; x_wconf 89' lang='lat' dir='ltr'><strong>numero</strong></span> <span class='ocrx_word' id='word_1_724' title='bbox 3419 3528 3536 3569; x_wconf 91' lang='lat' dir='ltr'><strong>esse</strong></span> <span class='ocrx_word' id='word_1_725' title='bbox 3558 3554 3575 3582; x_wconf 91' lang='lat'><strong>,</strong></span> <span class='ocrx_word' id='word_1_726' title='bbox 3605 3520 3658 3568; x_wconf 90' lang='lat' dir='ltr'><strong>ut</strong></span> 
     </span>
    </p>
   </div>
   <div class='ocr_carea' id='block_1_91' title="bbox 2078 3600 3657 3673">
    <p class='ocr_par' dir='ltr' id='par_1_91' title="bbox 2078 3600 3657 3673">
     <span class='ocr_line' id='line_1_91' title="bbox 2078 3600 3657 3673; baseline 0.004 -18"><span class='ocrx_word' id='word_1_727' title='bbox 2078 3600 2323 3657; x_wconf 84' lang='lat' dir='ltr'><strong>ostendat</strong></span> <span class='ocrx_word' id='word_1_728' title='bbox 2343 3602 2501 3657; x_wconf 90' lang='lat' dir='ltr'><strong>etiam</strong></span> <span class='ocrx_word' id='word_1_729' title='bbox 2540 3603 2809 3673; x_wconf 71' lang='lat' dir='ltr'><strong>principes</strong></span> <span class='ocrx_word' id='word_1_730' title='bbox 2839 3604 2890 3658; x_wconf 90' lang='lat' dir='ltr'><strong>in</strong></span> <span class='ocrx_word' id='word_1_731' title='bbox 2930 3619 3051 3659; x_wconf 91' lang='lat' dir='ltr'><strong>eum</strong></span> <span class='ocrx_word' id='word_1_732' title='bbox 3083 3604 3391 3663; x_wconf 89' lang='lat' dir='ltr'><strong>credidisse.</strong></span> <span class='ocrx_word' id='word_1_733' title='bbox 3416 3605 3657 3662; x_wconf 84' lang='lat' dir='ltr'><strong>Nondum</strong></span> 
     </span>
    </p>
   </div>
   <div class='ocr_carea' id='block_1_92' title="bbox 2079 3692 3658 3762">
    <p class='ocr_par' dir='ltr' id='par_1_92' title="bbox 2079 3692 3658 3762">
     <span class='ocr_line' id='line_1_92' title="bbox 2079 3692 3658 3762; baseline 0.004 -16"><span class='ocrx_word' id='word_1_734' title='bbox 2079 3701 2259 3746; x_wconf 91' lang='lat' dir='ltr'><strong>tamen</strong></span> <span class='ocrx_word' id='word_1_735' title='bbox 2303 3692 2353 3746; x_wconf 90' lang='lat' dir='ltr'><strong>id</strong></span> <span class='ocrx_word' id='word_1_736' title='bbox 2385 3692 2557 3762; x_wconf 88' lang='lat' dir='ltr'><strong>palam</strong></span> <span class='ocrx_word' id='word_1_737' title='bbox 2580 3733 2594 3758; x_wconf 93' lang='lat'><strong>,</strong></span> <span class='ocrx_word' id='word_1_738' title='bbox 2620 3702 2681 3746; x_wconf 91' lang='lat' dir='ltr'><strong>ut</strong></span> <span class='ocrx_word' id='word_1_739' title='bbox 2719 3693 3015 3760; x_wconf 87' lang='lat' dir='ltr'><strong>decuisset,</strong></span> <span class='ocrx_word' id='word_1_740' title='bbox 3059 3696 3414 3753; x_wconf 80' lang='lat' dir='ltr'><strong>exhibuerant</strong></span> <span class='ocrx_word' id='word_1_741' title='bbox 3441 3713 3458 3752; x_wconf 94' lang='lat'><strong>:</strong></span> <span class='ocrx_word' id='word_1_742' title='bbox 3485 3709 3658 3755; x_wconf 87' lang='lat' dir='ltr'><strong>erant-</strong></span> 
     </span>
    </p>
   </div>
   <div class='ocr_carea' id='block_1_93' title="bbox 2078 3783 3657 3860">
    <p class='ocr_par' dir='ltr' id='par_1_93' title="bbox 2078 3783 3657 3860">
     <span class='ocr_line' id='line_1_93' title="bbox 2078 3783 3657 3860; baseline 0.007 -25"><span class='ocrx_word' id='word_1_743' title='bbox 2078 3797 2183 3853; x_wconf 90' lang='lat' dir='ltr'><strong>que</strong></span> <span class='ocrx_word' id='word_1_744' title='bbox 2232 3783 2579 3841; x_wconf 90' lang='lat' dir='ltr'><strong>nihilominus</strong></span> <span class='ocrx_word' id='word_1_745' title='bbox 2619 3786 2832 3841; x_wconf 88' lang='lat' dir='ltr'><strong>Christo</strong></span> <span class='ocrx_word' id='word_1_746' title='bbox 2877 3786 3097 3843; x_wconf 87' lang='lat' dir='ltr'><strong>addicti.</strong></span> <span class='ocrx_word' id='word_1_747' title='bbox 3134 3789 3268 3845; x_wconf 76' lang='lat' dir='ltr'><strong>V&#39;ide</strong></span> <span class='ocrx_word' id='word_1_748' title='bbox 3296 3799 3472 3846; x_wconf 88' lang='lat' dir='ltr'><strong>autem</strong></span> <span class='ocrx_word' id='word_1_749' title='bbox 3503 3807 3657 3860; x_wconf 90' lang='lat' dir='ltr'><strong>quam</strong></span> 
     </span>
    </p>
   </div>
   <div class='ocr_carea' id='block_1_94' title="bbox 2083 3874 3651 3944">
    <p class='ocr_par' dir='ltr' id='par_1_94' title="bbox 2083 3874 3651 3944">
     <span class='ocr_line' id='line_1_94' title="bbox 2083 3874 3651 3944; baseline 0.008 -22"><span class='ocrx_word' id='word_1_750' title='bbox 2083 3886 2243 3939; x_wconf 88' lang='lat' dir='ltr'><strong>parce</strong></span> <span class='ocrx_word' id='word_1_751' title='bbox 2270 3874 2458 3944; x_wconf 86' lang='lat' dir='ltr'><strong>arguit.</strong></span> <span class='ocrx_word' id='word_1_752' title='bbox 2490 3874 2604 3930; x_wconf 83' lang='lat' dir='ltr'><strong>Non</strong></span> <span class='ocrx_word' id='word_1_753' title='bbox 2632 3875 2755 3931; x_wconf 92' lang='lat' dir='ltr'><strong>dicit</strong></span> <span class='ocrx_word' id='word_1_754' title='bbox 2781 3877 2945 3942; x_wconf 91' lang='lat' dir='ltr'><strong>enim,</strong></span> <span class='ocrx_word' id='word_1_755' title='bbox 2980 3878 3085 3933; x_wconf 83' lang='lat' dir='ltr'><strong>Vos</strong></span> <span class='ocrx_word' id='word_1_756' title='bbox 3113 3888 3294 3934; x_wconf 85' lang='lat' dir='ltr'><strong>autem</strong></span> <span class='ocrx_word' id='word_1_757' title='bbox 3321 3881 3478 3935; x_wconf 82' lang='lat' dir='ltr'><strong>vultis</strong></span> <span class='ocrx_word' id='word_1_758' title='bbox 3506 3880 3651 3935; x_wconf 89' lang='lat' dir='ltr'><strong>illum</strong></span> 
     </span>
    </p>
   </div>
   <div class='ocr_carea' id='block_1_95' title="bbox 2081 3963 3658 4031">
    <p class='ocr_par' dir='ltr' id='par_1_95' title="bbox 2081 3963 3658 4031">
     <span class='ocr_line' id='line_1_95' title="bbox 2081 3963 3658 4031; baseline 0.004 -12"><span class='ocrx_word' id='word_1_759' title='bbox 2081 3963 2347 4031; x_wconf 88' lang='lat' dir='ltr'><strong>occidere,</strong></span> <span class='ocrx_word' id='word_1_760' title='bbox 2381 3976 2433 4021; x_wconf 90' lang='lat' dir='ltr'><strong>et</strong></span> <span class='ocrx_word' id='word_1_761' title='bbox 2464 3974 2663 4021; x_wconf 89' lang='lat' dir='ltr'><strong>temere</strong></span> <span class='ocrx_word' id='word_1_762' title='bbox 2682 3967 3060 4024; x_wconf 84' lang='lat' dir='ltr'><strong>condemnatis</strong></span> <span class='ocrx_word' id='word_1_763' title='bbox 3102 3969 3373 4025; x_wconf 91' lang='lat' dir='ltr'><strong>hominem</strong></span> <span class='ocrx_word' id='word_1_764' title='bbox 3406 3980 3464 4025; x_wconf 92' lang='lat' dir='ltr'><strong>ut</strong></span> <span class='ocrx_word' id='word_1_765' title='bbox 3495 3971 3658 4027; x_wconf 87' lang='lat' dir='ltr'><strong>scdu-</strong></span> 
     </span>
    </p>
   </div>
   <div class='ocr_carea' id='block_1_96' title="bbox 2084 4055 3658 4132">
    <p class='ocr_par' dir='ltr' id='par_1_96' title="bbox 2084 4055 3658 4132">
     <span class='ocr_line' id='line_1_96' title="bbox 2084 4055 3658 4132; baseline 0.005 -25"><span class='ocrx_word' id='word_1_766' title='bbox 2084 4063 2305 4109; x_wconf 87' lang='lat' dir='ltr'><strong>ctorem.</strong></span> <span class='ocrx_word' id='word_1_767' title='bbox 2347 4055 2540 4110; x_wconf 82' lang='lat' dir='ltr'><strong>Verum</strong></span> <span class='ocrx_word' id='word_1_768' title='bbox 2570 4071 2673 4111; x_wconf 92' lang='lat' dir='ltr'><strong>non</strong></span> <span class='ocrx_word' id='word_1_769' title='bbox 2708 4058 2775 4112; x_wconf 90' lang='lat' dir='ltr'><strong>ita</strong></span> <span class='ocrx_word' id='word_1_770' title='bbox 2807 4058 2957 4125; x_wconf 73' lang='lat' dir='ltr'><strong>dixit,</strong></span> <span class='ocrx_word' id='word_1_771' title='bbox 2987 4058 3080 4113; x_wconf 89' lang='lat' dir='ltr'><strong>sed</strong></span> <span class='ocrx_word' id='word_1_772' title='bbox 3118 4059 3443 4115; x_wconf 89' lang='lat' dir='ltr'><strong>moderatius</strong></span> <span class='ocrx_word' id='word_1_773' title='bbox 3470 4060 3658 4132; x_wconf 82' lang='lat' dir='ltr'><strong>ingen-</strong></span> 
     </span>
    </p>
   </div>
   <div class='ocr_carea' id='block_1_97' title="bbox 2081 4146 3658 4217">
    <p class='ocr_par' dir='ltr' id='par_1_97' title="bbox 2081 4146 3658 4217">
     <span class='ocr_line' id='line_1_97' title="bbox 2081 4146 3658 4217; baseline 0.006 -18"><span class='ocrx_word' id='word_1_774' title='bbox 2081 4156 2185 4200; x_wconf 89' lang='lat' dir='ltr'><strong>tem</strong></span> <span class='ocrx_word' id='word_1_775' title='bbox 2234 4146 2439 4201; x_wconf 86' lang='lat' dir='ltr'><strong>illorum</strong></span> <span class='ocrx_word' id='word_1_776' title='bbox 2495 4147 2755 4217; x_wconf 83' lang='lat' dir='ltr'><strong>impetum</strong></span> <span class='ocrx_word' id='word_1_777' title='bbox 2804 4151 3123 4216; x_wconf 88' lang='lat' dir='ltr'><strong>cohibebat,</strong></span> <span class='ocrx_word' id='word_1_778' title='bbox 3181 4166 3384 4205; x_wconf 90' lang='lat' dir='ltr'><strong>necnon</strong></span> <span class='ocrx_word' id='word_1_779' title='bbox 3444 4152 3658 4208; x_wconf 90' lang='lat' dir='ltr'><strong>illorum</strong></span> 
     </span>
    </p>
   </div>
   <div class='ocr_carea' id='block_1_98' title="bbox 2079 4237 3659 4312">
    <p class='ocr_par' dir='ltr' id='par_1_98' title="bbox 2079 4237 3659 4312">
     <span class='ocr_line' id='line_1_98' title="bbox 2079 4237 3659 4312; baseline 0.004 -19"><span class='ocrx_word' id='word_1_780' title='bbox 2079 4237 2579 4294; x_wconf 87' lang='lat' dir='ltr'><strong>inconsiderantiam</strong></span> <span class='ocrx_word' id='word_1_781' title='bbox 2620 4250 2671 4296; x_wconf 88' lang='lat' dir='ltr'><strong>et</strong></span> <span class='ocrx_word' id='word_1_782' title='bbox 2715 4242 3109 4312; x_wconf 87' lang='lat' dir='ltr'><strong>sanguinarium</strong></span> <span class='ocrx_word' id='word_1_783' title='bbox 3149 4243 3406 4297; x_wconf 88' lang='lat' dir='ltr'><strong>animum.</strong></span> <span class='ocrx_word' id='word_1_784' title='bbox 3443 4243 3566 4298; x_wconf 84' lang='lat' dir='ltr'><strong>Ideo</strong></span> <span class='ocrx_word' id='word_1_785' title='bbox 3607 4246 3659 4299; x_wconf 92' lang='lat' dir='ltr'><strong>in</strong></span> 
     </span>
    </p>
   </div>
   <div class='ocr_carea' id='block_1_99' title="bbox 2080 4331 3661 4405">
    <p class='ocr_par' dir='ltr' id='par_1_99' title="bbox 2080 4331 3661 4405">
     <span class='ocr_line' id='line_1_99' title="bbox 2080 4331 3661 4405; baseline 0.004 -20"><span class='ocrx_word' id='word_1_786' title='bbox 2080 4331 2248 4400; x_wconf 77' lang='lat' dir='ltr'><strong>legem</strong></span> <span class='ocrx_word' id='word_1_787' title='bbox 2298 4347 2599 4388; x_wconf 90' lang='lat' dir='ltr'><strong>sermonem</strong></span> <span class='ocrx_word' id='word_1_788' title='bbox 2653 4336 2935 4400; x_wconf 87' lang='lat' dir='ltr'><strong>convertit,</strong></span> <span class='ocrx_word' id='word_1_789' title='bbox 2994 4335 3169 4405; x_wconf 87' lang='lat' dir='ltr'><strong>aitque</strong></span> <span class='ocrx_word' id='word_1_790' title='bbox 3219 4351 3233 4390; x_wconf 90' lang='lat'><strong>:</strong></span> <span class='ocrx_word' id='word_1_791' title='bbox 3283 4334 3400 4391; x_wconf 83' lang='lat' dir='ltr'><strong>Nisi</strong></span> <span class='ocrx_word' id='word_1_792' title='bbox 3447 4338 3661 4391; x_wconf 85' lang='lat' dir='ltr'><strong>audierit</strong></span> 
     </span>
    </p>
   </div>
   <div class='ocr_carea' id='block_1_100' title="bbox 2080 4423 3659 4497">
    <p class='ocr_par' dir='ltr' id='par_1_100' title="bbox 2080 4423 3659 4497">
     <span class='ocr_line' id='line_1_100' title="bbox 2080 4423 3659 4497; baseline 0.004 -22"><span class='ocrx_word' id='word_1_793' title='bbox 2080 4423 2368 4493; x_wconf 81' lang='lat' dir='ltr'><strong>diligenter,</strong></span> <span class='ocrx_word' id='word_1_794' title='bbox 2391 4433 2440 4477; x_wconf 88' lang='lat' dir='ltr'><strong>et</strong></span> <span class='ocrx_word' id='word_1_795' title='bbox 2464 4425 2749 4495; x_wconf 86' lang='lat' dir='ltr'><strong>cognoverit</strong></span> <span class='ocrx_word' id='word_1_796' title='bbox 2778 4425 2899 4496; x_wconf 89' lang='lat' dir='ltr'><strong>quid</strong></span> <span class='ocrx_word' id='word_1_797' title='bbox 2919 4426 3094 4497; x_wconf 77' lang='lat' dir='ltr'><strong>faciat.</strong></span> <span class='ocrx_word' id='word_1_798' title='bbox 3124 4424 3307 4496; x_wconf 80' lang='lat' dir='ltr'><strong>itaque</strong></span> <span class='ocrx_word' id='word_1_799' title='bbox 3337 4441 3440 4481; x_wconf 90' lang='lat' dir='ltr'><strong>non</strong></span> <span class='ocrx_word' id='word_1_800' title='bbox 3472 4427 3659 4482; x_wconf 88' lang='lat' dir='ltr'><strong>audire</strong></span> 
     </span>
    </p>
   </div>
   <div class='ocr_carea' id='block_1_101' title="bbox 2080 4514 3654 4585">
    <p class='ocr_par' dir='ltr' id='par_1_101' title="bbox 2080 4514 3654 4585">
     <span class='ocr_line' id='line_1_101' title="bbox 2080 4514 3654 4585; baseline 0.002 -19"><span class='ocrx_word' id='word_1_801' title='bbox 2080 4521 2283 4567; x_wconf 88' lang='lat' dir='ltr'><strong>tantum</strong></span> <span class='ocrx_word' id='word_1_802' title='bbox 2321 4523 2567 4583; x_wconf 89' lang='lat' dir='ltr'><strong>oportet,</strong></span> <span class='ocrx_word' id='word_1_803' title='bbox 2593 4514 2687 4569; x_wconf 91' lang='lat' dir='ltr'><strong>sed</strong></span> <span class='ocrx_word' id='word_1_804' title='bbox 2717 4516 2999 4585; x_wconf 78' lang='lat' dir='ltr'><strong>diligenter</strong></span> <span class='ocrx_word' id='word_1_805' title='bbox 3027 4517 3212 4572; x_wconf 89' lang='lat' dir='ltr'><strong>audire</strong></span> <span class='ocrx_word' id='word_1_806' title='bbox 3258 4532 3274 4570; x_wconf 86' lang='lat'><strong>:</strong></span> <span class='ocrx_word' id='word_1_807' title='bbox 3304 4517 3353 4571; x_wconf 92' lang='lat' dir='ltr'><strong>id</strong></span> <span class='ocrx_word' id='word_1_808' title='bbox 3385 4520 3527 4572; x_wconf 90' lang='lat' dir='ltr'><strong>enim</strong></span> <span class='ocrx_word' id='word_1_809' title='bbox 3554 4517 3654 4571; x_wconf 86' lang='lat' dir='ltr'><strong>sibi</strong></span> 
     </span>
    </p>
   </div>
   <div class='ocr_carea' id='block_1_102' title="bbox 2078 4604 3659 4681">
    <p class='ocr_par' dir='ltr' id='par_1_102' title="bbox 2078 4604 3659 4681">
     <span class='ocr_line' id='line_1_102' title="bbox 2078 4604 3659 4681; baseline 0.005 -25"><span class='ocrx_word' id='word_1_810' title='bbox 2078 4605 2191 4658; x_wconf 88' lang='lat' dir='ltr'><strong>vult</strong></span> <span class='ocrx_word' id='word_1_811' title='bbox 2218 4605 2366 4671; x_wconf 90' lang='lat' dir='ltr'><strong>illud,</strong></span> <span class='ocrx_word' id='word_1_812' title='bbox 2397 4604 2462 4659; x_wconf 89' lang='lat' dir='ltr'><strong>Et</strong></span> <span class='ocrx_word' id='word_1_813' title='bbox 2486 4609 2768 4676; x_wconf 73' lang='lat' dir='ltr'><strong>cognoverit</strong></span> <span class='ocrx_word' id='word_1_814' title='bbox 2792 4610 2913 4678; x_wconf 88' lang='lat' dir='ltr'><strong>quid</strong></span> <span class='ocrx_word' id='word_1_815' title='bbox 2948 4609 3118 4680; x_wconf 72' lang='lat' dir='ltr'><strong>faciat,</strong></span> <span class='ocrx_word' id='word_1_816' title='bbox 3142 4609 3268 4680; x_wconf 87' lang='lat' dir='ltr'><strong>quid</strong></span> <span class='ocrx_word' id='word_1_817' title='bbox 3298 4610 3443 4675; x_wconf 84' lang='lat' dir='ltr'><strong>velit,</strong></span> <span class='ocrx_word' id='word_1_818' title='bbox 3477 4626 3659 4681; x_wconf 84' lang='lat' dir='ltr'><strong>quare,</strong></span> 
     </span>
    </p>
   </div>
   <div class='ocr_carea' id='block_1_103' title="bbox 2078 4700 3660 4769">
    <p class='ocr_par' dir='ltr' id='par_1_103' title="bbox 2078 4700 3660 4769">
     <span class='ocr_line' id='line_1_103' title="bbox 2078 4700 3660 4769; baseline 0.004 -20"><span class='ocrx_word' id='word_1_819' title='bbox 2078 4704 2132 4749; x_wconf 87' lang='lat' dir='ltr'><strong>et</strong></span> <span class='ocrx_word' id='word_1_820' title='bbox 2156 4710 2312 4765; x_wconf 90' lang='lat' dir='ltr'><strong>quam</strong></span> <span class='ocrx_word' id='word_1_821' title='bbox 2338 4712 2450 4750; x_wconf 89' lang='lat' dir='ltr'><strong>rem</strong></span> <span class='ocrx_word' id='word_1_822' title='bbox 2495 4706 2739 4766; x_wconf 90' lang='lat' dir='ltr'><strong>spectet,</strong></span> <span class='ocrx_word' id='word_1_823' title='bbox 2782 4714 2847 4753; x_wconf 92' lang='lat' dir='ltr'><strong>an</strong></span> <span class='ocrx_word' id='word_1_824' title='bbox 2876 4700 2941 4753; x_wconf 91' lang='lat' dir='ltr'><strong>ad</strong></span> <span class='ocrx_word' id='word_1_825' title='bbox 2989 4702 3294 4769; x_wconf 85' lang='lat' dir='ltr'><strong>reipublicae</strong></span> <span class='ocrx_word' id='word_1_826' title='bbox 3332 4702 3660 4756; x_wconf 81' lang='lat' dir='ltr'><strong>eversionem</strong></span> 
     </span>
    </p>
   </div>
   <div class='ocr_carea' id='block_1_104' title="bbox 2081 4787 3659 4860">
    <p class='ocr_par' dir='ltr' id='par_1_104' title="bbox 2081 4787 3659 4860">
     <span class='ocr_line' id='line_1_104' title="bbox 2081 4787 3659 4860; baseline 0.003 -19"><span class='ocrx_word' id='word_1_827' title='bbox 2081 4787 2262 4842; x_wconf 87' lang='lat' dir='ltr'><strong>tendat</strong></span> <span class='ocrx_word' id='word_1_828' title='bbox 2302 4797 2359 4841; x_wconf 92' lang='lat' dir='ltr'><strong>ut</strong></span> <span class='ocrx_word' id='word_1_829' title='bbox 2388 4788 2650 4843; x_wconf 89' lang='lat' dir='ltr'><strong>inimicus.</strong></span> <span class='ocrx_word' id='word_1_830' title='bbox 2686 4790 2997 4846; x_wconf 86' lang='lat' dir='ltr'><strong>Dnbitautes</strong></span> <span class='ocrx_word' id='word_1_831' title='bbox 3028 4806 3155 4860; x_wconf 78' lang='lat' dir='ltr'><strong>ergo</strong></span> <span class='ocrx_word' id='word_1_832' title='bbox 3196 4808 3315 4846; x_wconf 90' lang='lat' dir='ltr'><strong>cum</strong></span> <span class='ocrx_word' id='word_1_833' title='bbox 3362 4793 3659 4857; x_wconf 72' lang='lat' dir='ltr'><strong>dixissent,</strong></span> 
     </span>
    </p>
   </div>
   <div class='ocr_carea' id='block_1_105' title="bbox 2080 4879 3658 4949">
    <p class='ocr_par' dir='ltr' id='par_1_105' title="bbox 2080 4879 3658 4949">
     <span class='ocr_line' id='line_1_105' title="bbox 2080 4879 3658 4949; baseline 0 -14"><span class='ocrx_word' id='word_1_834' title='bbox 2080 4880 2347 4935; x_wconf 90' lang='lat' dir='ltr'><strong>neminem</strong></span> <span class='ocrx_word' id='word_1_835' title='bbox 2378 4879 2678 4949; x_wconf 87' lang='lat' dir='ltr'><strong>principum</strong></span> <span class='ocrx_word' id='word_1_836' title='bbox 2704 4882 2754 4934; x_wconf 88' lang='lat' dir='ltr'><strong>in</strong></span> <span class='ocrx_word' id='word_1_837' title='bbox 2780 4880 2951 4949; x_wconf 88' lang='lat' dir='ltr'><strong>ipsum</strong></span> <span class='ocrx_word' id='word_1_838' title='bbox 2973 4882 3219 4949; x_wconf 89' lang='lat' dir='ltr'><strong>credere,</strong></span> <span class='ocrx_word' id='word_1_839' title='bbox 3246 4897 3344 4937; x_wconf 90' lang='lat' dir='ltr'><strong>nec</strong></span> <span class='ocrx_word' id='word_1_840' title='bbox 3371 4882 3658 4936; x_wconf 83' lang='lat' dir='ltr'><strong>vehemen-</strong></span> 
     </span>
    </p>
   </div>
   <div class='ocr_carea' id='block_1_106' title="bbox 2082 4970 3061 5027">
    <p class='ocr_par' dir='ltr' id='par_1_106' title="bbox 2082 4970 3061 5027">
     <span class='ocr_line' id='line_1_106' title="bbox 2082 4970 3061 5027; baseline -0.002 -1"><span class='ocrx_word' id='word_1_841' title='bbox 2082 4982 2162 5027; x_wconf 90' lang='lat' dir='ltr'><strong>ter</strong></span> <span class='ocrx_word' id='word_1_842' title='bbox 2192 4985 2291 5025; x_wconf 84' lang='lat' dir='ltr'><strong>nec</strong></span> <span class='ocrx_word' id='word_1_843' title='bbox 2313 4972 2538 5026; x_wconf 85' lang='lat' dir='ltr'><strong>remisse</strong></span> <span class='ocrx_word' id='word_1_844' title='bbox 2564 4972 2615 5025; x_wconf 93' lang='lat' dir='ltr'><strong>in</strong></span> <span class='ocrx_word' id='word_1_845' title='bbox 2647 4987 2768 5026; x_wconf 91' lang='lat' dir='ltr'><strong>eum</strong></span> <span class='ocrx_word' id='word_1_846' title='bbox 2797 4970 3061 5027; x_wconf 80' lang='lat' dir='ltr'><strong>feruntur.</strong></span> 
     </span>
    </p>
   </div>
   <div class='ocr_carea' id='block_1_107' title="bbox 2147 5065 3661 5136">
    <p class='ocr_par' dir='ltr' id='par_1_107' title="bbox 2147 5065 3661 5136">
     <span class='ocr_line' id='line_1_107' title="bbox 2147 5065 3661 5136; baseline 0.001 -17"><span class='ocrx_word' id='word_1_847' title='bbox 2147 5065 2201 5119; x_wconf 73' lang='grc'><strong>2.</strong></span> <span class='ocrx_word' id='word_1_848' title='bbox 2232 5068 2485 5129; x_wconf 66' lang='lat' dir='ltr'><strong>Quaenam</strong></span> <span class='ocrx_word' id='word_1_849' title='bbox 2532 5065 2647 5121; x_wconf 65' lang='lat' dir='ltr'><strong>haec</strong></span> <span class='ocrx_word' id='word_1_850' title='bbox 2675 5068 3055 5136; x_wconf 86' lang='lat' dir='ltr'><strong>consequentia</strong></span> <span class='ocrx_word' id='word_1_851' title='bbox 3078 5109 3092 5133; x_wconf 93' lang='lat'><strong>,</strong></span> <span class='ocrx_word' id='word_1_852' title='bbox 3141 5068 3232 5121; x_wconf 92' lang='lat' dir='ltr'><strong>illo</strong></span> <span class='ocrx_word' id='word_1_853' title='bbox 3272 5067 3484 5123; x_wconf 88' lang='lat' dir='ltr'><strong>dicente</strong></span> <span class='ocrx_word' id='word_1_854' title='bbox 3509 5110 3522 5130; x_wconf 92' lang='lat'><strong>,</strong></span> <span class='ocrx_word' id='word_1_855' title='bbox 3556 5065 3661 5120; x_wconf 64' lang='lat' dir='ltr'><strong>Lex</strong></span> 
     </span>
    </p>
   </div>
   <div class='ocr_carea' id='block_1_108' title="bbox 2078 5156 3660 5228">
    <p class='ocr_par' dir='ltr' id='par_1_108' title="bbox 2078 5156 3660 5228">
     <span class='ocr_line' id='line_1_108' title="bbox 2078 5156 3660 5228; baseline -0.001 -17"><span class='ocrx_word' id='word_1_856' title='bbox 2078 5168 2252 5211; x_wconf 86' lang='lat' dir='ltr'><strong>nostra</strong></span> <span class='ocrx_word' id='word_1_857' title='bbox 2281 5173 2381 5211; x_wconf 88' lang='lat' dir='ltr'><strong>non</strong></span> <span class='ocrx_word' id='word_1_858' title='bbox 2399 5157 2601 5228; x_wconf 88' lang='lat' dir='ltr'><strong>judicat</strong></span> <span class='ocrx_word' id='word_1_859' title='bbox 2619 5173 2943 5228; x_wconf 84' lang='lat' dir='ltr'><strong>quemquam,</strong></span> <span class='ocrx_word' id='word_1_860' title='bbox 2976 5158 3328 5226; x_wconf 87' lang='lat' dir='ltr'><strong>respondere.</strong></span> <span class='ocrx_word' id='word_1_861' title='bbox 3361 5157 3449 5213; x_wconf 69' lang='grc' dir='ltr'>ΒΞ.</span> <span class='ocrx_word' id='word_1_862' title='bbox 3486 5156 3660 5211; x_wconf 83' lang='lat' dir='ltr'><strong>Num-</strong></span> 
     </span>
    </p>
   </div>
   <div class='ocr_carea' id='block_1_109' title="bbox 2077 5247 3661 5319">
    <p class='ocr_par' dir='ltr' id='par_1_109' title="bbox 2077 5247 3661 5319">
     <span class='ocr_line' id='line_1_109' title="bbox 2077 5247 3661 5319; baseline 0 -18"><span class='ocrx_word' id='word_1_863' title='bbox 2077 5247 2198 5317; x_wconf 90' lang='lat' dir='ltr'><strong>quid</strong></span> <span class='ocrx_word' id='word_1_864' title='bbox 2220 5260 2268 5301; x_wconf 88' lang='lat' dir='ltr'><strong>et</strong></span> <span class='ocrx_word' id='word_1_865' title='bbox 2291 5259 2342 5301; x_wconf 88' lang='lat' dir='ltr'><strong>tu</strong></span> <span class='ocrx_word' id='word_1_866' title='bbox 2364 5264 2426 5303; x_wconf 77' lang='lat' dir='ltr'><strong>ea:</strong></span> <span class='ocrx_word' id='word_1_867' title='bbox 2446 5247 2660 5303; x_wconf 75' lang='lat' dir='ltr'><strong>Galiltea</strong></span> <span class='ocrx_word' id='word_1_868' title='bbox 2681 5265 2731 5303; x_wconf 85' lang='lat' dir='ltr'><strong>es</strong></span> <span class='ocrx_word' id='word_1_869' title='bbox 2748 5249 2774 5303; x_wconf 72' lang='grc' dir='ltr'><em>Ι</em></span> <span class='ocrx_word' id='word_1_870' title='bbox 2797 5250 2926 5303; x_wconf 86' lang='lat' dir='ltr'><strong>Cum</strong></span> <span class='ocrx_word' id='word_1_871' title='bbox 2956 5251 3283 5319; x_wconf 85' lang='lat' dir='ltr'><strong>oportuisset</strong></span> <span class='ocrx_word' id='word_1_872' title='bbox 3306 5255 3445 5304; x_wconf 89' lang='lat' dir='ltr'><strong>enim</strong></span> <span class='ocrx_word' id='word_1_873' title='bbox 3476 5262 3661 5305; x_wconf 85' lang='lat' dir='ltr'><strong>osten-</strong></span> 
     </span>
    </p>
   </div>
   <div class='ocr_carea' id='block_1_110' title="bbox 2078 5338 3658 5410">
    <p class='ocr_par' dir='ltr' id='par_1_110' title="bbox 2078 5338 3658 5410">
     <span class='ocr_line' id='line_1_110' title="bbox 2078 5338 3658 5410; baseline -0.001 -16"><span class='ocrx_word' id='word_1_874' title='bbox 2078 5338 2208 5394; x_wconf 90' lang='lat' dir='ltr'><strong>dere</strong></span> <span class='ocrx_word' id='word_1_875' title='bbox 2250 5355 2310 5395; x_wconf 92' lang='lat' dir='ltr'><strong>se</strong></span> <span class='ocrx_word' id='word_1_876' title='bbox 2338 5355 2442 5394; x_wconf 91' lang='lat' dir='ltr'><strong>non</strong></span> <span class='ocrx_word' id='word_1_877' title='bbox 2476 5348 2676 5394; x_wconf 85' lang='lat' dir='ltr'><strong>temere</strong></span> <span class='ocrx_word' id='word_1_878' title='bbox 2707 5354 2772 5395; x_wconf 89' lang='lat' dir='ltr'><strong>eo</strong></span> <span class='ocrx_word' id='word_1_879' title='bbox 2804 5340 3016 5395; x_wconf 88' lang='lat' dir='ltr'><strong>misisse</strong></span> <span class='ocrx_word' id='word_1_880' title='bbox 3054 5342 3141 5410; x_wconf 88' lang='lat' dir='ltr'><strong>qui</strong></span> <span class='ocrx_word' id='word_1_881' title='bbox 3186 5340 3334 5394; x_wconf 90' lang='lat' dir='ltr'><strong>illum</strong></span> <span class='ocrx_word' id='word_1_882' title='bbox 3387 5350 3658 5408; x_wconf 80' lang='lat' dir='ltr'><strong>vocarent,</strong></span> 
     </span>
    </p>
   </div>
   <div class='ocr_carea' id='block_1_111' title="bbox 2078 5429 3664 5501">
    <p class='ocr_par' dir='ltr' id='par_1_111' title="bbox 2078 5429 3664 5501">
     <span class='ocr_line' id='line_1_111' title="bbox 2078 5429 3664 5501; baseline -0.001 -15"><span class='ocrx_word' id='word_1_883' title='bbox 2078 5441 2128 5486; x_wconf 89' lang='lat' dir='ltr'><strong>et</strong></span> <span class='ocrx_word' id='word_1_884' title='bbox 2163 5446 2267 5485; x_wconf 90' lang='lat' dir='ltr'><strong>non</strong></span> <span class='ocrx_word' id='word_1_885' title='bbox 2302 5446 2436 5501; x_wconf 81' lang='lat' dir='ltr'><strong>opus</strong></span> <span class='ocrx_word' id='word_1_886' title='bbox 2474 5445 2594 5485; x_wconf 87' lang='lat' dir='ltr'><strong>esse</strong></span> <span class='ocrx_word' id='word_1_887' title='bbox 2624 5431 2797 5500; x_wconf 91' lang='lat' dir='ltr'><strong>ipsum</strong></span> <span class='ocrx_word' id='word_1_888' title='bbox 2839 5430 3078 5501; x_wconf 89' lang='lat' dir='ltr'><strong>alloqui,</strong></span> <span class='ocrx_word' id='word_1_889' title='bbox 3122 5433 3315 5485; x_wconf 87' lang='lat' dir='ltr'><strong>acerbe</strong></span> <span class='ocrx_word' id='word_1_890' title='bbox 3360 5429 3664 5501; x_wconf 79' lang='lat' dir='ltr'><strong>furioseque</strong></span> 
     </span>
    </p>
   </div>
   <div class='ocr_carea' id='block_1_112' title="bbox 2081 5520 3662 5592">
    <p class='ocr_par' dir='ltr' id='par_1_112' title="bbox 2081 5520 3662 5592">
     <span class='ocr_line' id='line_1_112' title="bbox 2081 5520 3662 5592; baseline -0.002 -15"><span class='ocrx_word' id='word_1_891' title='bbox 2081 5531 2382 5590; x_wconf 86' lang='lat' dir='ltr'><strong>reponunt:</strong></span> <span class='ocrx_word' id='word_1_892' title='bbox 2411 5522 2653 5576; x_wconf 83' lang='lat' dir='ltr'><strong>Scrutare</strong></span> <span class='ocrx_word' id='word_1_893' title='bbox 2673 5531 2720 5575; x_wconf 90' lang='lat' dir='ltr'><strong>et</strong></span> <span class='ocrx_word' id='word_1_894' title='bbox 2746 5521 2859 5575; x_wconf 85' lang='lat' dir='ltr'><strong>vide</strong></span> <span class='ocrx_word' id='word_1_895' title='bbox 2882 5562 2895 5587; x_wconf 91' lang='lat'><strong>,</strong></span> <span class='ocrx_word' id='word_1_896' title='bbox 2921 5521 3043 5591; x_wconf 87' lang='lat' dir='ltr'><strong>quia</strong></span> <span class='ocrx_word' id='word_1_897' title='bbox 3073 5538 3137 5575; x_wconf 75' lang='lat' dir='ltr'><strong>ex</strong></span> <span class='ocrx_word' id='word_1_898' title='bbox 3171 5520 3388 5576; x_wconf 73' lang='lat' dir='ltr'><strong>Galiliea</strong></span> <span class='ocrx_word' id='word_1_899' title='bbox 3416 5523 3662 5592; x_wconf 81' lang='lat' dir='ltr'><strong>propheta</strong></span> 
     </span>
    </p>
   </div>
   <div class='ocr_carea' id='block_1_113' title="bbox 2078 5612 3659 5684">
    <p class='ocr_par' dir='ltr' id='par_1_113' title="bbox 2078 5612 3659 5684">
     <span class='ocr_line' id='line_1_113' title="bbox 2078 5612 3659 5684; baseline -0.001 -14"><span class='ocrx_word' id='word_1_900' title='bbox 2078 5633 2179 5670; x_wconf 88' lang='lat' dir='ltr'><strong>non</strong></span> <span class='ocrx_word' id='word_1_901' title='bbox 2228 5615 2406 5684; x_wconf 88' lang='lat' dir='ltr'><strong>surgit.</strong></span> <span class='ocrx_word' id='word_1_902' title='bbox 2434 5612 2570 5680; x_wconf 84' lang='lat' dir='ltr'><strong>Quid</strong></span> <span class='ocrx_word' id='word_1_903' title='bbox 2615 5614 2757 5669; x_wconf 89' lang='lat' dir='ltr'><strong>enim</strong></span> <span class='ocrx_word' id='word_1_904' title='bbox 2804 5613 2941 5670; x_wconf 78' lang='lat' dir='ltr'><strong>dixit</strong></span> <span class='ocrx_word' id='word_1_905' title='bbox 2988 5613 3149 5668; x_wconf 89' lang='lat' dir='ltr'><strong>homo</strong></span> <span class='ocrx_word' id='word_1_906' title='bbox 3192 5613 3321 5668; x_wconf 87' lang='lat' dir='ltr'><strong>ille?</strong></span> <span class='ocrx_word' id='word_1_907' title='bbox 3351 5629 3475 5669; x_wconf 90' lang='lat' dir='ltr'><strong>num</strong></span> <span class='ocrx_word' id='word_1_908' title='bbox 3521 5613 3659 5682; x_wconf 85' lang='lat' dir='ltr'><strong>quod</strong></span> 
     </span>
    </p>
   </div>
   <div class='ocr_carea' id='block_1_114' title="bbox 2081 5704 3658 5787">
    <p class='ocr_par' dir='ltr' id='par_1_114' title="bbox 2081 5704 3658 5787">
     <span class='ocr_line' id='line_1_114' title="bbox 2081 5704 3658 5787; baseline 0 -28"><span class='ocrx_word' id='word_1_909' title='bbox 2081 5707 2335 5787; x_wconf 69' lang='lat' dir='ltr'><strong>propheta</strong></span> <span class='ocrx_word' id='word_1_910' title='bbox 2378 5704 2560 5762; x_wconf 86' lang='lat' dir='ltr'><strong>esset?</strong></span> <span class='ocrx_word' id='word_1_911' title='bbox 2605 5704 2784 5776; x_wconf 75' lang='lat' dir='ltr'><strong>Dixit,</strong></span> <span class='ocrx_word' id='word_1_912' title='bbox 2817 5720 2922 5762; x_wconf 92' lang='lat' dir='ltr'><strong>non</strong></span> <span class='ocrx_word' id='word_1_913' title='bbox 2969 5704 3263 5777; x_wconf 85' lang='lat' dir='ltr'><strong>jndicatum</strong></span> <span class='ocrx_word' id='word_1_914' title='bbox 3317 5719 3420 5763; x_wconf 84' lang='lat' dir='ltr'><strong>non</strong></span> <span class='ocrx_word' id='word_1_915' title='bbox 3490 5704 3658 5761; x_wconf 88' lang='lat' dir='ltr'><strong>occidi</strong></span> 
     </span>
    </p>
   </div>
  </div>
