  <div class='ocr_page' id='page_1' title='image "/cluster/home/n/w/nwhite01/storage/ocr_20150623/59/mdp.39015009383640/288.png"; bbox 0 0 4072 6152; ppageno 0'>
   <div class='ocr_carea' id='block_1_1' title="bbox 492 281 595 339">
    <p class='ocr_par' dir='ltr' id='par_1_1' title="bbox 492 281 595 339">
     <span class='ocr_line' id='line_1_1' title="bbox 492 281 595 339; baseline 0.019 -2"><span class='ocrx_word' id='word_1_1' title='bbox 492 281 595 339; x_wconf 72' lang='grc'><strong>989</strong></span> 
     </span>
    </p>
   </div>
   <div class='ocr_carea' id='block_1_2' title="bbox 489 378 2060 466">
    <p class='ocr_par' dir='ltr' id='par_1_2' title="bbox 489 378 2060 466">
     <span class='ocr_line' id='line_1_2' title="bbox 489 378 2060 466; baseline -0.017 -13"><span class='ocrx_word' id='word_1_2' title='bbox 489 405 757 466; x_wconf 56' lang='lat' dir='ltr'><strong>oportere.</strong></span> <span class='ocrx_word' id='word_1_3' title='bbox 785 390 864 445; x_wconf 94' lang='lat' dir='ltr'><strong>Illi</strong></span> <span class='ocrx_word' id='word_1_4' title='bbox 895 402 1020 443; x_wconf 88' lang='lat' dir='ltr'><strong>vero</strong></span> <span class='ocrx_word' id='word_1_5' title='bbox 1050 383 1434 442; x_wconf 87' lang='lat' dir='ltr'><strong>contumeliose</strong></span> <span class='ocrx_word' id='word_1_6' title='bbox 1460 421 1474 449; x_wconf 91' lang='lat'><strong>,</strong></span> <span class='ocrx_word' id='word_1_7' title='bbox 1509 396 1569 436; x_wconf 91' lang='lat' dir='ltr'><strong>ac</strong></span> <span class='ocrx_word' id='word_1_8' title='bbox 1599 380 1645 434; x_wconf 88' lang='lat' dir='ltr'><strong>si</strong></span> <span class='ocrx_word' id='word_1_9' title='bbox 1673 378 2060 446; x_wconf 86' lang='lat' dir='ltr'><strong>Scripturarum</strong></span> 
     </span>
    </p>
   </div>
   <div class='ocr_carea' id='block_1_3' title="bbox 489 470 2060 558">
    <p class='ocr_par' dir='ltr' id='par_1_3' title="bbox 489 470 2060 558">
     <span class='ocr_line' id='line_1_3' title="bbox 489 470 2060 558; baseline -0.013 -17"><span class='ocrx_word' id='word_1_10' title='bbox 489 500 707 558; x_wconf 82' lang='lat' dir='ltr'><strong>prorsus</strong></span> <span class='ocrx_word' id='word_1_11' title='bbox 731 485 944 553; x_wconf 85' lang='lat' dir='ltr'><strong>ignarus</strong></span> <span class='ocrx_word' id='word_1_12' title='bbox 972 487 1134 545; x_wconf 97' lang='lat' dir='ltr'><strong>esset,</strong></span> <span class='ocrx_word' id='word_1_13' title='bbox 1163 477 1277 530; x_wconf 80' lang='lat' dir='ltr'><strong>haec</strong></span> <span class='ocrx_word' id='word_1_14' title='bbox 1303 482 1586 545; x_wconf 86' lang='lat' dir='ltr'><strong>reponunt,</strong></span> <span class='ocrx_word' id='word_1_15' title='bbox 1615 486 1678 526; x_wconf 88' lang='lat' dir='ltr'><strong>ac</strong></span> <span class='ocrx_word' id='word_1_16' title='bbox 1707 471 1751 526; x_wconf 89' lang='lat' dir='ltr'><strong>si</strong></span> <span class='ocrx_word' id='word_1_17' title='bbox 1783 470 2022 525; x_wconf 84' lang='lat' dir='ltr'><strong>dicerem</strong></span> <span class='ocrx_word' id='word_1_18' title='bbox 2047 486 2060 520; x_wconf 87' lang='lat'><strong>;</strong></span> 
     </span>
    </p>
   </div>
   <div class='ocr_carea' id='block_1_4' title="bbox 496 561 2058 642">
    <p class='ocr_par' dir='ltr' id='par_1_4' title="bbox 496 561 2058 642">
     <span class='ocr_line' id='line_1_4' title="bbox 496 561 2058 642; baseline -0.013 -10"><span class='ocrx_word' id='word_1_19' title='bbox 496 578 656 642; x_wconf 83' lang='lat' dir='ltr'><strong>Vade,</strong></span> <span class='ocrx_word' id='word_1_20' title='bbox 686 576 868 638; x_wconf 85' lang='lat' dir='ltr'><strong>disce;</strong></span> <span class='ocrx_word' id='word_1_21' title='bbox 899 572 948 627; x_wconf 91' lang='lat' dir='ltr'><strong>id</strong></span> <span class='ocrx_word' id='word_1_22' title='bbox 970 573 1109 627; x_wconf 90' lang='lat' dir='ltr'><strong>enim</strong></span> <span class='ocrx_word' id='word_1_23' title='bbox 1136 569 1236 624; x_wconf 89' lang='lat' dir='ltr'><strong>sibi</strong></span> <span class='ocrx_word' id='word_1_24' title='bbox 1264 568 1374 622; x_wconf 93' lang='lat' dir='ltr'><strong>vult</strong></span> <span class='ocrx_word' id='word_1_25' title='bbox 1408 565 1558 632; x_wconf 91' lang='lat' dir='ltr'><strong>illud,</strong></span> <span class='ocrx_word' id='word_1_26' title='bbox 1591 566 1830 620; x_wconf 79' lang='lat' dir='ltr'><strong>Scrutare</strong></span> <span class='ocrx_word' id='word_1_27' title='bbox 1859 571 1902 616; x_wconf 90' lang='lat' dir='ltr'><strong>et</strong></span> <span class='ocrx_word' id='word_1_28' title='bbox 1930 561 2058 614; x_wconf 76' lang='lat' dir='ltr'><strong>ride.</strong></span> 
     </span>
    </p>
   </div>
   <div class='ocr_carea' id='block_1_5' title="bbox 489 656 2060 735">
    <p class='ocr_par' dir='ltr' id='par_1_5' title="bbox 489 656 2060 735">
     <span class='ocr_line' id='line_1_5' title="bbox 489 656 2060 735; baseline -0.012 -12"><span class='ocrx_word' id='word_1_29' title='bbox 489 668 622 735; x_wconf 85' lang='lat' dir='ltr'><strong>Quid</strong></span> <span class='ocrx_word' id='word_1_30' title='bbox 665 680 792 735; x_wconf 88' lang='lat' dir='ltr'><strong>ergo</strong></span> <span class='ocrx_word' id='word_1_31' title='bbox 845 661 1124 719; x_wconf 74' lang='lat' dir='ltr'><strong>Christus?</strong></span> <span class='ocrx_word' id='word_1_32' title='bbox 1163 659 1293 728; x_wconf 91' lang='lat' dir='ltr'><strong>Quia</strong></span> <span class='ocrx_word' id='word_1_33' title='bbox 1339 658 1615 714; x_wconf 67' lang='lat' dir='ltr'><strong>Galilazam</strong></span> <span class='ocrx_word' id='word_1_34' title='bbox 1657 664 1711 710; x_wconf 88' lang='lat' dir='ltr'><strong>et</strong></span> <span class='ocrx_word' id='word_1_35' title='bbox 1749 656 2060 724; x_wconf 77' lang='lat' dir='ltr'><strong>prophetam</strong></span> 
     </span>
    </p>
   </div>
   <div class='ocr_carea' id='block_1_6' title="bbox 493 747 2062 832">
    <p class='ocr_par' dir='ltr' id='par_1_6' title="bbox 493 747 2062 832">
     <span class='ocr_line' id='line_1_6' title="bbox 493 747 2062 832; baseline -0.014 -13"><span class='ocrx_word' id='word_1_36' title='bbox 493 777 704 832; x_wconf 79' lang='lat' dir='ltr'><strong>semper</strong></span> <span class='ocrx_word' id='word_1_37' title='bbox 731 763 782 814; x_wconf 94' lang='lat' dir='ltr'><strong>in</strong></span> <span class='ocrx_word' id='word_1_38' title='bbox 822 775 916 815; x_wconf 90' lang='lat' dir='ltr'><strong>ore</strong></span> <span class='ocrx_word' id='word_1_39' title='bbox 945 757 1231 813; x_wconf 85' lang='lat' dir='ltr'><strong>versabant</strong></span> <span class='ocrx_word' id='word_1_40' title='bbox 1263 798 1276 819; x_wconf 88' lang='lat'><strong>,</strong></span> <span class='ocrx_word' id='word_1_41' title='bbox 1307 769 1495 809; x_wconf 87' lang='lat' dir='ltr'><strong>omnes</strong></span> <span class='ocrx_word' id='word_1_42' title='bbox 1518 753 1584 805; x_wconf 87' lang='lat' dir='ltr'><strong>ab</strong></span> <span class='ocrx_word' id='word_1_43' title='bbox 1617 751 1790 805; x_wconf 89' lang='lat' dir='ltr'><strong>aliena</strong></span> <span class='ocrx_word' id='word_1_44' title='bbox 1813 747 2062 818; x_wconf 89' lang='lat' dir='ltr'><strong>opinione</strong></span> 
     </span>
    </p>
   </div>
   <div class='ocr_carea' id='block_1_7' title="bbox 492 835 2061 915">
    <p class='ocr_par' dir='ltr' id='par_1_7' title="bbox 492 835 2061 915">
     <span class='ocr_line' id='line_1_7' title="bbox 492 835 2061 915; baseline -0.013 -7"><span class='ocrx_word' id='word_1_45' title='bbox 492 857 794 915; x_wconf 80' lang='lat' dir='ltr'><strong>removens,</strong></span> <span class='ocrx_word' id='word_1_46' title='bbox 828 859 879 905; x_wconf 90' lang='lat' dir='ltr'><strong>et</strong></span> <span class='ocrx_word' id='word_1_47' title='bbox 904 847 1192 904; x_wconf 86' lang='lat' dir='ltr'><strong>ostendens</strong></span> <span class='ocrx_word' id='word_1_48' title='bbox 1212 861 1274 901; x_wconf 90' lang='lat' dir='ltr'><strong>se</strong></span> <span class='ocrx_word' id='word_1_49' title='bbox 1292 860 1395 898; x_wconf 89' lang='lat' dir='ltr'><strong>non</strong></span> <span class='ocrx_word' id='word_1_50' title='bbox 1412 857 1530 898; x_wconf 91' lang='lat' dir='ltr'><strong>esse</strong></span> <span class='ocrx_word' id='word_1_51' title='bbox 1557 856 1716 894; x_wconf 89' lang='lat' dir='ltr'><strong>unum</strong></span> <span class='ocrx_word' id='word_1_52' title='bbox 1739 855 1801 892; x_wconf 84' lang='lat' dir='ltr'><strong>ex</strong></span> <span class='ocrx_word' id='word_1_53' title='bbox 1831 835 2061 906; x_wconf 86' lang='lat' dir='ltr'><strong>prophe-</strong></span> 
     </span>
    </p>
   </div>
   <div class='ocr_carea' id='block_1_8' title="bbox 492 929 2061 1011">
    <p class='ocr_par' dir='ltr' id='par_1_8' title="bbox 492 929 2061 1011">
     <span class='ocr_line' id='line_1_8' title="bbox 492 929 2061 1011; baseline -0.013 -11"><span class='ocrx_word' id='word_1_54' title='bbox 492 946 581 1011; x_wconf 86' lang='lat' dir='ltr'><strong>tis,</strong></span> <span class='ocrx_word' id='word_1_55' title='bbox 612 944 704 999; x_wconf 89' lang='lat' dir='ltr'><strong>scd</strong></span> <span class='ocrx_word' id='word_1_56' title='bbox 730 941 910 997; x_wconf 90' lang='lat' dir='ltr'><strong>mundi</strong></span> <span class='ocrx_word' id='word_1_57' title='bbox 939 943 1221 994; x_wconf 88' lang='lat' dir='ltr'><strong>Dominum</strong></span> <span class='ocrx_word' id='word_1_58' title='bbox 1246 980 1259 1002; x_wconf 92' lang='lat'><strong>,</strong></span> <span class='ocrx_word' id='word_1_59' title='bbox 1282 939 1354 991; x_wconf 92' lang='lat' dir='ltr'><strong>ait</strong></span> <span class='ocrx_word' id='word_1_60' title='bbox 1377 935 1526 1007; x_wconf 86' lang='lat' dir='ltr'><strong>(Cap.</strong></span> <span class='ocrx_word' id='word_1_61' title='bbox 1553 934 1620 1001; x_wconf 90' lang='lat'><strong>8)</strong></span> <span class='ocrx_word' id='word_1_62' title='bbox 1657 951 1669 986; x_wconf 91' lang='lat'><strong>:</strong></span> <span class='ocrx_word' id='word_1_63' title='bbox 1704 931 1788 985; x_wconf 72' lang='lat'><strong>12.</strong></span> <span class='ocrx_word' id='word_1_64' title='bbox 1819 929 1930 999; x_wconf 82' lang='lat' dir='ltr'><strong>Ego</strong></span> <span class='ocrx_word' id='word_1_65' title='bbox 1953 944 2061 981; x_wconf 88' lang='lat' dir='ltr'><strong>sum</strong></span> 
     </span>
    </p>
   </div>
   <div class='ocr_carea' id='block_1_9' title="bbox 491 1018 2063 1104">
    <p class='ocr_par' dir='ltr' id='par_1_9' title="bbox 491 1018 2063 1104">
     <span class='ocr_line' id='line_1_9' title="bbox 491 1018 2063 1104; baseline -0.013 -12"><span class='ocrx_word' id='word_1_66' title='bbox 491 1039 579 1092; x_wconf 79' lang='lat' dir='ltr'><strong>tua:</strong></span> <span class='ocrx_word' id='word_1_67' title='bbox 604 1035 780 1089; x_wconf 84' lang='lat' dir='ltr'><strong>mundi</strong></span> <span class='ocrx_word' id='word_1_68' title='bbox 803 1031 904 1104; x_wconf 93' lang='lat' dir='ltr'><strong>(a).</strong></span> <span class='ocrx_word' id='word_1_69' title='bbox 929 1032 1043 1086; x_wconf 81' lang='lat' dir='ltr'><strong>Non</strong></span> <span class='ocrx_word' id='word_1_70' title='bbox 1072 1029 1307 1085; x_wconf 70' lang='lat' dir='ltr'><strong>Galilma:</strong></span> <span class='ocrx_word' id='word_1_71' title='bbox 1329 1070 1342 1091; x_wconf 90' lang='lat'><strong>,</strong></span> <span class='ocrx_word' id='word_1_72' title='bbox 1376 1041 1478 1081; x_wconf 89' lang='lat' dir='ltr'><strong>non</strong></span> <span class='ocrx_word' id='word_1_73' title='bbox 1506 1024 1818 1086; x_wconf 66' lang='lat' dir='ltr'><strong>Palat-ratium,</strong></span> <span class='ocrx_word' id='word_1_74' title='bbox 1846 1035 1948 1074; x_wconf 89' lang='lat' dir='ltr'><strong>non</strong></span> <span class='ocrx_word' id='word_1_75' title='bbox 1967 1018 2063 1074; x_wconf 69' lang='lat' dir='ltr'><strong>Ju.</strong></span> 
     </span>
    </p>
   </div>
   <div class='ocr_carea' id='block_1_10' title="bbox 491 1111 2064 1192">
    <p class='ocr_par' dir='ltr' id='par_1_10' title="bbox 491 1111 2064 1192">
     <span class='ocr_line' id='line_1_10' title="bbox 491 1111 2064 1192; baseline -0.013 -11"><span class='ocrx_word' id='word_1_76' title='bbox 491 1128 636 1182; x_wconf 61' lang='lat' dir='ltr'><strong>ama}.</strong></span> <span class='ocrx_word' id='word_1_77' title='bbox 663 1123 799 1191; x_wconf 84' lang='lat' dir='ltr'><strong>Quid</strong></span> <span class='ocrx_word' id='word_1_78' title='bbox 823 1137 982 1192; x_wconf 88' lang='lat' dir='ltr'><strong>porro</strong></span> <span class='ocrx_word' id='word_1_79' title='bbox 1010 1119 1220 1175; x_wconf 80' lang='lat' dir='ltr'><strong>Judaei?</strong></span> <span class='ocrx_word' id='word_1_80' title='bbox 1247 1120 1333 1175; x_wconf 81' lang='grc'><strong>15.</strong></span> <span class='ocrx_word' id='word_1_81' title='bbox 1360 1117 1440 1171; x_wconf 86' lang='lat' dir='ltr'><strong>Tu</strong></span> <span class='ocrx_word' id='word_1_82' title='bbox 1463 1117 1525 1169; x_wconf 83' lang='lat' dir='ltr'><strong>de</strong></span> <span class='ocrx_word' id='word_1_83' title='bbox 1553 1117 1710 1184; x_wconf 88' lang='lat' dir='ltr'><strong>teipso</strong></span> <span class='ocrx_word' id='word_1_84' title='bbox 1730 1111 2064 1166; x_wconf 87' lang='lat' dir='ltr'><strong>testimonium</strong></span> 
     </span>
    </p>
   </div>
   <div class='ocr_carea' id='block_1_11' title="bbox 495 1203 2064 1290">
    <p class='ocr_par' dir='ltr' id='par_1_11' title="bbox 495 1203 2064 1290">
     <span class='ocr_line' id='line_1_11' title="bbox 495 1203 2064 1290; baseline -0.011 -17"><span class='ocrx_word' id='word_1_85' title='bbox 495 1219 741 1290; x_wconf 78' lang='lat' dir='ltr'><strong>perhibes,</strong></span> <span class='ocrx_word' id='word_1_86' title='bbox 789 1217 1125 1270; x_wconf 87' lang='lat' dir='ltr'><strong>testimonium</strong></span> <span class='ocrx_word' id='word_1_87' title='bbox 1173 1225 1312 1266; x_wconf 83' lang='lat' dir='ltr'><strong>tuum</strong></span> <span class='ocrx_word' id='word_1_88' title='bbox 1341 1228 1510 1266; x_wconf 85' lang='lat' dir='ltr'><strong>verum</strong></span> <span class='ocrx_word' id='word_1_89' title='bbox 1541 1226 1637 1263; x_wconf 87' lang='lat' dir='ltr'><strong>nou</strong></span> <span class='ocrx_word' id='word_1_90' title='bbox 1682 1217 1772 1261; x_wconf 87' lang='lat' dir='ltr'><strong>cst.</strong></span> <span class='ocrx_word' id='word_1_91' title='bbox 1803 1207 1848 1261; x_wconf 83' lang='grc' dir='ltr'>υ</span> <span class='ocrx_word' id='word_1_92' title='bbox 1891 1203 2064 1259; x_wconf 86' lang='lat' dir='ltr'><strong>stulti-</strong></span> 
     </span>
    </p>
   </div>
   <div class='ocr_carea' id='block_1_12' title="bbox 494 1295 2060 1374">
    <p class='ocr_par' dir='ltr' id='par_1_12' title="bbox 494 1295 2060 1374">
     <span class='ocr_line' id='line_1_12' title="bbox 494 1295 2060 1374; baseline -0.008 -13"><span class='ocrx_word' id='word_1_93' title='bbox 494 1310 656 1362; x_wconf 86' lang='lat' dir='ltr'><strong>tiam?</strong></span> <span class='ocrx_word' id='word_1_94' title='bbox 685 1307 762 1361; x_wconf 83' lang='lat' dir='ltr'><strong>Ad</strong></span> <span class='ocrx_word' id='word_1_95' title='bbox 799 1306 1102 1374; x_wconf 86' lang='lat' dir='ltr'><strong>Scripturas</strong></span> <span class='ocrx_word' id='word_1_96' title='bbox 1131 1304 1249 1357; x_wconf 85' lang='lat' dir='ltr'><strong>illos</strong></span> <span class='ocrx_word' id='word_1_97' title='bbox 1291 1316 1504 1370; x_wconf 78' lang='lat' dir='ltr'><strong>semper</strong></span> <span class='ocrx_word' id='word_1_98' title='bbox 1542 1299 1736 1360; x_wconf 91' lang='lat' dir='ltr'><strong>mittit,</strong></span> <span class='ocrx_word' id='word_1_99' title='bbox 1767 1306 1820 1351; x_wconf 88' lang='lat' dir='ltr'><strong>et</strong></span> <span class='ocrx_word' id='word_1_100' title='bbox 1858 1295 2060 1360; x_wconf 91' lang='lat' dir='ltr'><strong>dicunt,</strong></span> 
     </span>
    </p>
   </div>
   <div class='ocr_carea' id='block_1_13' title="bbox 492 1386 2065 1465">
    <p class='ocr_par' dir='ltr' id='par_1_13' title="bbox 492 1386 2065 1465">
     <span class='ocr_line' id='line_1_13' title="bbox 492 1386 2065 1465; baseline -0.009 -13"><span class='ocrx_word' id='word_1_101' title='bbox 492 1397 571 1452; x_wconf 82' lang='lat' dir='ltr'><strong>Tu</strong></span> <span class='ocrx_word' id='word_1_102' title='bbox 597 1397 930 1452; x_wconf 87' lang='lat' dir='ltr'><strong>testimonium</strong></span> <span class='ocrx_word' id='word_1_103' title='bbox 957 1396 1182 1465; x_wconf 75' lang='lat' dir='ltr'><strong>perhibes</strong></span> <span class='ocrx_word' id='word_1_104' title='bbox 1218 1393 1280 1447; x_wconf 84' lang='lat' dir='ltr'><strong>de</strong></span> <span class='ocrx_word' id='word_1_105' title='bbox 1304 1394 1476 1462; x_wconf 89' lang='lat' dir='ltr'><strong>teipso.</strong></span> <span class='ocrx_word' id='word_1_106' title='bbox 1505 1389 1654 1456; x_wconf 85' lang='lat' dir='ltr'><strong>Quod</strong></span> <span class='ocrx_word' id='word_1_107' title='bbox 1682 1400 1856 1442; x_wconf 87' lang='lat' dir='ltr'><strong>autem</strong></span> <span class='ocrx_word' id='word_1_108' title='bbox 1889 1386 2065 1456; x_wconf 87' lang='lat' dir='ltr'><strong>perhi-</strong></span> 
     </span>
    </p>
   </div>
   <div class='ocr_carea' id='block_1_14' title="bbox 495 1479 2062 1554">
    <p class='ocr_par' dir='ltr' id='par_1_14' title="bbox 495 1479 2062 1554">
     <span class='ocr_line' id='line_1_14' title="bbox 495 1479 2062 1554; baseline -0.006 -13"><span class='ocrx_word' id='word_1_109' title='bbox 495 1489 604 1543; x_wconf 89' lang='lat' dir='ltr'><strong>buit</strong></span> <span class='ocrx_word' id='word_1_110' title='bbox 650 1485 1046 1542; x_wconf 85' lang='lat' dir='ltr'><strong>testimonium?</strong></span> <span class='ocrx_word' id='word_1_111' title='bbox 1102 1484 1210 1554; x_wconf 76' lang='lat' dir='ltr'><strong>Ego</strong></span> <span class='ocrx_word' id='word_1_112' title='bbox 1261 1500 1371 1537; x_wconf 79' lang='lat' dir='ltr'><strong>sum</strong></span> <span class='ocrx_word' id='word_1_113' title='bbox 1423 1484 1511 1535; x_wconf 76' lang='lat' dir='ltr'><strong>lux</strong></span> <span class='ocrx_word' id='word_1_114' title='bbox 1576 1481 1771 1533; x_wconf 86' lang='lat' dir='ltr'><strong>nnmdi.</strong></span> <span class='ocrx_word' id='word_1_115' title='bbox 1822 1479 2062 1548; x_wconf 86' lang='lat' dir='ltr'><strong>Magnum</strong></span> 
     </span>
    </p>
   </div>
   <div class='ocr_carea' id='block_1_15' title="bbox 493 1569 2065 1648">
    <p class='ocr_par' dir='ltr' id='par_1_15' title="bbox 493 1569 2065 1648">
     <span class='ocr_line' id='line_1_15' title="bbox 493 1569 2065 1648; baseline -0.007 -14"><span class='ocrx_word' id='word_1_116' title='bbox 493 1581 711 1646; x_wconf 84' lang='lat' dir='ltr'><strong>dictum,</strong></span> <span class='ocrx_word' id='word_1_117' title='bbox 738 1579 917 1648; x_wconf 81' lang='lat' dir='ltr'><strong>utique</strong></span> <span class='ocrx_word' id='word_1_118' title='bbox 945 1593 1213 1646; x_wconf 84' lang='lat' dir='ltr'><strong>magnum.</strong></span> <span class='ocrx_word' id='word_1_119' title='bbox 1246 1574 1348 1630; x_wconf 94' lang='lat' dir='ltr'><strong>Sed</strong></span> <span class='ocrx_word' id='word_1_120' title='bbox 1378 1590 1478 1627; x_wconf 89' lang='lat' dir='ltr'><strong>non</strong></span> <span class='ocrx_word' id='word_1_121' title='bbox 1506 1573 1657 1626; x_wconf 78' lang='lat' dir='ltr'><strong>valde</strong></span> <span class='ocrx_word' id='word_1_122' title='bbox 1686 1573 1805 1626; x_wconf 87' lang='lat' dir='ltr'><strong>illos</strong></span> <span class='ocrx_word' id='word_1_123' title='bbox 1833 1569 2065 1640; x_wconf 84' lang='lat' dir='ltr'><strong>exagita-</strong></span> 
     </span>
    </p>
   </div>
   <div class='ocr_carea' id='block_1_16' title="bbox 495 1662 2064 1738">
    <p class='ocr_par' dir='ltr' id='par_1_16' title="bbox 495 1662 2064 1738">
     <span class='ocr_line' id='line_1_16' title="bbox 495 1662 2064 1738; baseline -0.004 -17"><span class='ocrx_word' id='word_1_124' title='bbox 495 1672 570 1724; x_wconf 87' lang='lat' dir='ltr'><strong>vit</strong></span> <span class='ocrx_word' id='word_1_125' title='bbox 600 1711 613 1734; x_wconf 93' lang='lat'><strong>,</strong></span> <span class='ocrx_word' id='word_1_126' title='bbox 646 1671 767 1738; x_wconf 87' lang='lat' dir='ltr'><strong>quia</strong></span> <span class='ocrx_word' id='word_1_127' title='bbox 816 1683 914 1722; x_wconf 90' lang='lat' dir='ltr'><strong>nec</strong></span> <span class='ocrx_word' id='word_1_128' title='bbox 939 1682 998 1721; x_wconf 90' lang='lat' dir='ltr'><strong>se</strong></span> <span class='ocrx_word' id='word_1_129' title='bbox 1020 1667 1129 1735; x_wconf 89' lang='lat' dir='ltr'><strong>jam</strong></span> <span class='ocrx_word' id='word_1_130' title='bbox 1160 1665 1414 1734; x_wconf 67' lang='lat' dir='ltr'><strong>aequalem</strong></span> <span class='ocrx_word' id='word_1_131' title='bbox 1444 1664 1585 1718; x_wconf 83' lang='lat' dir='ltr'><strong>Patri</strong></span> <span class='ocrx_word' id='word_1_132' title='bbox 1613 1662 1823 1718; x_wconf 88' lang='lat' dir='ltr'><strong>dicebat</strong></span> <span class='ocrx_word' id='word_1_133' title='bbox 1847 1701 1860 1727; x_wconf 90' lang='lat'><strong>,</strong></span> <span class='ocrx_word' id='word_1_134' title='bbox 1889 1675 1988 1714; x_wconf 88' lang='lat' dir='ltr'><strong>nec</strong></span> <span class='ocrx_word' id='word_1_135' title='bbox 2007 1675 2064 1714; x_wconf 89' lang='lat' dir='ltr'><strong>se</strong></span> 
     </span>
    </p>
   </div>
   <div class='ocr_carea' id='block_1_17' title="bbox 495 1749 2062 1828">
    <p class='ocr_par' dir='ltr' id='par_1_17' title="bbox 495 1749 2062 1828">
     <span class='ocr_line' id='line_1_17' title="bbox 495 1749 2062 1828; baseline -0.007 -14"><span class='ocrx_word' id='word_1_136' title='bbox 495 1760 685 1814; x_wconf 79' lang='lat' dir='ltr'><strong>Filium</strong></span> <span class='ocrx_word' id='word_1_137' title='bbox 713 1759 828 1828; x_wconf 83' lang='lat' dir='ltr'><strong>ejus</strong></span> <span class='ocrx_word' id='word_1_138' title='bbox 849 1772 967 1812; x_wconf 88' lang='lat' dir='ltr'><strong>esse</strong></span> <span class='ocrx_word' id='word_1_139' title='bbox 998 1757 1076 1810; x_wconf 92' lang='lat' dir='ltr'><strong>vel</strong></span> <span class='ocrx_word' id='word_1_140' title='bbox 1127 1757 1312 1813; x_wconf 86' lang='lat' dir='ltr'><strong>Deum.</strong></span> <span class='ocrx_word' id='word_1_141' title='bbox 1341 1753 1435 1808; x_wconf 89' lang='lat' dir='ltr'><strong>sed</strong></span> <span class='ocrx_word' id='word_1_142' title='bbox 1476 1755 1644 1807; x_wconf 88' lang='lat' dir='ltr'><strong>lucem</strong></span> <span class='ocrx_word' id='word_1_143' title='bbox 1679 1761 1903 1806; x_wconf 88' lang='lat' dir='ltr'><strong>tantum.</strong></span> <span class='ocrx_word' id='word_1_144' title='bbox 1933 1749 2062 1804; x_wconf 89' lang='lat' dir='ltr'><strong>Illud</strong></span> 
     </span>
    </p>
   </div>
   <div class='ocr_carea' id='block_1_18' title="bbox 494 1840 2062 1920">
    <p class='ocr_par' dir='ltr' id='par_1_18' title="bbox 494 1840 2062 1920">
     <span class='ocr_line' id='line_1_18' title="bbox 494 1840 2062 1920; baseline -0.006 -18"><span class='ocrx_word' id='word_1_145' title='bbox 494 1865 705 1920; x_wconf 89' lang='lat' dir='ltr'><strong>quoque</strong></span> <span class='ocrx_word' id='word_1_146' title='bbox 751 1857 925 1902; x_wconf 85' lang='lat' dir='ltr'><strong>tamen</strong></span> <span class='ocrx_word' id='word_1_147' title='bbox 969 1856 1209 1902; x_wconf 82' lang='lat' dir='ltr'><strong>evertere</strong></span> <span class='ocrx_word' id='word_1_148' title='bbox 1252 1845 1498 1899; x_wconf 82' lang='lat' dir='ltr'><strong>volebant</strong></span> <span class='ocrx_word' id='word_1_149' title='bbox 1528 1860 1541 1895; x_wconf 90' lang='lat'><strong>:</strong></span> <span class='ocrx_word' id='word_1_150' title='bbox 1571 1857 1689 1895; x_wconf 89' lang='lat' dir='ltr'><strong>nam</strong></span> <span class='ocrx_word' id='word_1_151' title='bbox 1721 1842 1888 1910; x_wconf 83' lang='lat' dir='ltr'><strong>majus</strong></span> <span class='ocrx_word' id='word_1_152' title='bbox 1937 1840 2062 1894; x_wconf 84' lang='lat' dir='ltr'><strong>illud</strong></span> 
     </span>
    </p>
   </div>
   <div class='ocr_carea' id='block_1_19' title="bbox 497 1933 2064 2010">
    <p class='ocr_par' dir='ltr' id='par_1_19' title="bbox 497 1933 2064 2010">
     <span class='ocr_line' id='line_1_19' title="bbox 497 1933 2064 2010; baseline -0.005 -15"><span class='ocrx_word' id='word_1_153' title='bbox 497 1950 633 2006; x_wconf 87' lang='lat' dir='ltr'><strong>erat,</strong></span> <span class='ocrx_word' id='word_1_154' title='bbox 666 1956 823 2010; x_wconf 79' lang='lat' dir='ltr'><strong>quam</strong></span> <span class='ocrx_word' id='word_1_155' title='bbox 853 1939 1048 2004; x_wconf 88' lang='lat' dir='ltr'><strong>dicere,</strong></span> <span class='ocrx_word' id='word_1_156' title='bbox 1077 1938 1176 2004; x_wconf 92' lang='lat' dir='ltr'><strong>Qui</strong></span> <span class='ocrx_word' id='word_1_157' title='bbox 1203 1939 1424 2006; x_wconf 77' lang='lat' dir='ltr'><strong>sequitur</strong></span> <span class='ocrx_word' id='word_1_158' title='bbox 1463 1953 1560 2001; x_wconf 89' lang='lat' dir='ltr'><strong>me,</strong></span> <span class='ocrx_word' id='word_1_159' title='bbox 1590 1952 1687 1988; x_wconf 88' lang='lat' dir='ltr'><strong>non</strong></span> <span class='ocrx_word' id='word_1_160' title='bbox 1710 1933 1982 1989; x_wconf 79' lang='lat' dir='ltr'><strong>ambulabit</strong></span> <span class='ocrx_word' id='word_1_161' title='bbox 2010 1935 2064 1988; x_wconf 86' lang='lat' dir='ltr'><strong>in</strong></span> 
     </span>
    </p>
   </div>
   <div class='ocr_carea' id='block_1_20' title="bbox 501 2029 2060 2099">
    <p class='ocr_par' dir='ltr' id='par_1_20' title="bbox 501 2029 2060 2099">
     <span class='ocr_line' id='line_1_20' title="bbox 501 2029 2060 2099; baseline -0.005 -12"><span class='ocrx_word' id='word_1_162' title='bbox 501 2034 731 2087; x_wconf 78' lang='lat' dir='ltr'><strong>tenebris.</strong></span> <span class='ocrx_word' id='word_1_163' title='bbox 766 2032 952 2087; x_wconf 86' lang='lat' dir='ltr'><strong>Lucem</strong></span> <span class='ocrx_word' id='word_1_164' title='bbox 980 2041 1033 2086; x_wconf 91' lang='lat' dir='ltr'><strong>et</strong></span> <span class='ocrx_word' id='word_1_165' title='bbox 1062 2031 1306 2085; x_wconf 88' lang='lat' dir='ltr'><strong>tenebras</strong></span> <span class='ocrx_word' id='word_1_166' title='bbox 1327 2029 1630 2099; x_wconf 72' lang='lat' dir='ltr'><strong>Spiritualcs</strong></span> <span class='ocrx_word' id='word_1_167' title='bbox 1646 2029 1806 2093; x_wconf 88' lang='lat' dir='ltr'><strong>dicit;</strong></span> <span class='ocrx_word' id='word_1_168' title='bbox 1837 2031 1938 2082; x_wconf 86' lang='lat' dir='ltr'><strong>hoc</strong></span> <span class='ocrx_word' id='word_1_169' title='bbox 1957 2035 2060 2093; x_wconf 85' lang='lat' dir='ltr'><strong>est,</strong></span> 
     </span>
    </p>
   </div>
   <div class='ocr_carea' id='block_1_21' title="bbox 499 2118 2061 2187">
    <p class='ocr_par' dir='ltr' id='par_1_21' title="bbox 499 2118 2061 2187">
     <span class='ocr_line' id='line_1_21' title="bbox 499 2118 2061 2187; baseline -0.006 -8"><span class='ocrx_word' id='word_1_170' title='bbox 499 2124 610 2179; x_wconf 83' lang='lat' dir='ltr'><strong>Non</strong></span> <span class='ocrx_word' id='word_1_171' title='bbox 637 2133 810 2178; x_wconf 86' lang='lat' dir='ltr'><strong>manet</strong></span> <span class='ocrx_word' id='word_1_172' title='bbox 834 2125 882 2177; x_wconf 91' lang='lat' dir='ltr'><strong>in</strong></span> <span class='ocrx_word' id='word_1_173' title='bbox 898 2137 1098 2178; x_wconf 86' lang='lat' dir='ltr'><strong>errore.</strong></span> <span class='ocrx_word' id='word_1_174' title='bbox 1126 2122 1221 2176; x_wconf 88' lang='lat' dir='ltr'><strong>llic</strong></span> <span class='ocrx_word' id='word_1_175' title='bbox 1246 2121 1588 2174; x_wconf 82' lang='lat' dir='ltr'><strong>Nicodemum</strong></span> <span class='ocrx_word' id='word_1_176' title='bbox 1613 2120 1778 2173; x_wconf 82' lang='lat' dir='ltr'><strong>allicit</strong></span> <span class='ocrx_word' id='word_1_177' title='bbox 1807 2129 1860 2173; x_wconf 91' lang='lat' dir='ltr'><strong>et</strong></span> <span class='ocrx_word' id='word_1_178' title='bbox 1886 2118 2061 2187; x_wconf 79' lang='lat' dir='ltr'><strong>erigit,</strong></span> 
     </span>
    </p>
   </div>
   <div class='ocr_carea' id='block_1_22' title="bbox 495 2211 2063 2286">
    <p class='ocr_par' dir='ltr' id='par_1_22' title="bbox 495 2211 2063 2286">
     <span class='ocr_line' id='line_1_22' title="bbox 495 2211 2063 2286; baseline -0.006 -14"><span class='ocrx_word' id='word_1_179' title='bbox 495 2227 672 2286; x_wconf 86' lang='lat' dir='ltr'><strong>utpote</strong></span> <span class='ocrx_word' id='word_1_180' title='bbox 700 2217 787 2286; x_wconf 91' lang='lat' dir='ltr'><strong>qui</strong></span> <span class='ocrx_word' id='word_1_181' title='bbox 817 2216 981 2270; x_wconf 87' lang='lat' dir='ltr'><strong>libere</strong></span> <span class='ocrx_word' id='word_1_182' title='bbox 1015 2215 1260 2284; x_wconf 89' lang='lat' dir='ltr'><strong>loquutus</strong></span> <span class='ocrx_word' id='word_1_183' title='bbox 1282 2223 1441 2274; x_wconf 86' lang='lat' dir='ltr'><strong>esset,</strong></span> <span class='ocrx_word' id='word_1_184' title='bbox 1469 2223 1628 2283; x_wconf 86' lang='lat' dir='ltr'><strong>atque</strong></span> <span class='ocrx_word' id='word_1_185' title='bbox 1655 2213 1922 2266; x_wconf 88' lang='lat' dir='ltr'><strong>ministros</strong></span> <span class='ocrx_word' id='word_1_186' title='bbox 1946 2211 2063 2264; x_wconf 84' lang='lat' dir='ltr'><strong>lau-</strong></span> 
     </span>
    </p>
   </div>
   <div class='ocr_carea' id='block_1_23' title="bbox 492 2301 2062 2377">
    <p class='ocr_par' dir='ltr' id='par_1_23' title="bbox 492 2301 2062 2377">
     <span class='ocr_line' id='line_1_23' title="bbox 492 2301 2062 2377; baseline -0.006 -15"><span class='ocrx_word' id='word_1_187' title='bbox 492 2308 584 2362; x_wconf 86' lang='lat' dir='ltr'><strong>dat</strong></span> <span class='ocrx_word' id='word_1_188' title='bbox 601 2307 740 2377; x_wconf 87' lang='lat' dir='ltr'><strong>quod</strong></span> <span class='ocrx_word' id='word_1_189' title='bbox 770 2307 838 2361; x_wconf 91' lang='lat' dir='ltr'><strong>ita</strong></span> <span class='ocrx_word' id='word_1_190' title='bbox 861 2320 917 2360; x_wconf 88' lang='lat' dir='ltr'><strong>se</strong></span> <span class='ocrx_word' id='word_1_191' title='bbox 938 2305 1218 2375; x_wconf 80' lang='lat' dir='ltr'><strong>gesserint.</strong></span> <span class='ocrx_word' id='word_1_192' title='bbox 1238 2303 1479 2358; x_wconf 86' lang='lat' dir='ltr'><strong>Clamare</strong></span> <span class='ocrx_word' id='word_1_193' title='bbox 1506 2304 1646 2356; x_wconf 91' lang='lat' dir='ltr'><strong>enim</strong></span> <span class='ocrx_word' id='word_1_194' title='bbox 1672 2301 1745 2374; x_wconf 74' lang='grc' dir='ltr'><strong>(ὁ)</strong></span> <span class='ocrx_word' id='word_1_195' title='bbox 1773 2302 1872 2356; x_wconf 86' lang='lat' dir='ltr'><strong>hoc</strong></span> <span class='ocrx_word' id='word_1_196' title='bbox 1897 2301 2062 2371; x_wconf 82' lang='lat' dir='ltr'><strong>signi-</strong></span> 
     </span>
    </p>
   </div>
   <div class='ocr_carea' id='block_1_24' title="bbox 493 2393 2061 2468">
    <p class='ocr_par' dir='ltr' id='par_1_24' title="bbox 493 2393 2061 2468">
     <span class='ocr_line' id='line_1_24' title="bbox 493 2393 2061 2468; baseline -0.006 -15"><span class='ocrx_word' id='word_1_197' title='bbox 493 2400 636 2465; x_wconf 88' lang='lat' dir='ltr'><strong>ﬁcat,</strong></span> <span class='ocrx_word' id='word_1_198' title='bbox 680 2397 822 2468; x_wconf 88' lang='lat' dir='ltr'><strong>quod</strong></span> <span class='ocrx_word' id='word_1_199' title='bbox 850 2398 1076 2452; x_wconf 86' lang='lat' dir='ltr'><strong>voluerit</strong></span> <span class='ocrx_word' id='word_1_200' title='bbox 1119 2395 1236 2450; x_wconf 90' lang='lat' dir='ltr'><strong>illos</strong></span> <span class='ocrx_word' id='word_1_201' title='bbox 1277 2395 1342 2449; x_wconf 90' lang='lat' dir='ltr'><strong>ad</strong></span> <span class='ocrx_word' id='word_1_202' title='bbox 1383 2393 1702 2448; x_wconf 90' lang='lat' dir='ltr'><strong>audiendum</strong></span> <span class='ocrx_word' id='word_1_203' title='bbox 1750 2393 2001 2446; x_wconf 88' lang='lat' dir='ltr'><strong>inducere</strong></span> <span class='ocrx_word' id='word_1_204' title='bbox 2047 2406 2061 2444; x_wconf 92' lang='lat'><strong>:</strong></span> 
     </span>
    </p>
   </div>
   <div class='ocr_carea' id='block_1_25' title="bbox 495 2482 2064 2559">
    <p class='ocr_par' dir='ltr' id='par_1_25' title="bbox 495 2482 2064 2559">
     <span class='ocr_line' id='line_1_25' title="bbox 495 2482 2064 2559; baseline -0.006 -14"><span class='ocrx_word' id='word_1_205' title='bbox 495 2490 755 2559; x_wconf 83' lang='lat' dir='ltr'><strong>simulque</strong></span> <span class='ocrx_word' id='word_1_206' title='bbox 800 2487 1138 2553; x_wconf 85' lang='lat' dir='ltr'><strong>subindicat,</strong></span> <span class='ocrx_word' id='word_1_207' title='bbox 1179 2486 1298 2539; x_wconf 86' lang='lat' dir='ltr'><strong>illos</strong></span> <span class='ocrx_word' id='word_1_208' title='bbox 1345 2485 1478 2540; x_wconf 87' lang='lat' dir='ltr'><strong>clam</strong></span> <span class='ocrx_word' id='word_1_209' title='bbox 1534 2484 1688 2538; x_wconf 80' lang='lat' dir='ltr'><strong>dolos</strong></span> <span class='ocrx_word' id='word_1_210' title='bbox 1742 2491 1969 2545; x_wconf 84' lang='lat' dir='ltr'><strong>struere,</strong></span> <span class='ocrx_word' id='word_1_211' title='bbox 2013 2482 2064 2536; x_wconf 89' lang='lat' dir='ltr'><strong>in</strong></span> 
     </span>
    </p>
   </div>
   <div class='ocr_carea' id='block_1_26' title="bbox 493 2575 2066 2649">
    <p class='ocr_par' dir='ltr' id='par_1_26' title="bbox 493 2575 2066 2649">
     <span class='ocr_line' id='line_1_26' title="bbox 493 2575 2066 2649; baseline -0.007 -13"><span class='ocrx_word' id='word_1_212' title='bbox 493 2581 728 2636; x_wconf 87' lang='lat' dir='ltr'><strong>tenebris</strong></span> <span class='ocrx_word' id='word_1_213' title='bbox 756 2593 948 2649; x_wconf 89' lang='lat' dir='ltr'><strong>nempe</strong></span> <span class='ocrx_word' id='word_1_214' title='bbox 973 2588 1026 2632; x_wconf 87' lang='lat' dir='ltr'><strong>et</strong></span> <span class='ocrx_word' id='word_1_215' title='bbox 1053 2579 1104 2631; x_wconf 94' lang='lat' dir='ltr'><strong>iu</strong></span> <span class='ocrx_word' id='word_1_216' title='bbox 1135 2592 1319 2631; x_wconf 89' lang='lat' dir='ltr'><strong>errore</strong></span> <span class='ocrx_word' id='word_1_217' title='bbox 1345 2616 1362 2641; x_wconf 91' lang='lat'><strong>,</strong></span> <span class='ocrx_word' id='word_1_218' title='bbox 1393 2575 1487 2630; x_wconf 88' lang='lat' dir='ltr'><strong>sed</strong></span> <span class='ocrx_word' id='word_1_219' title='bbox 1516 2575 1687 2630; x_wconf 90' lang='lat' dir='ltr'><strong>lucem</strong></span> <span class='ocrx_word' id='word_1_220' title='bbox 1719 2589 1822 2628; x_wconf 91' lang='lat' dir='ltr'><strong>non</strong></span> <span class='ocrx_word' id='word_1_221' title='bbox 1847 2588 2066 2643; x_wconf 85' lang='lat' dir='ltr'><strong>supera—</strong></span> 
     </span>
    </p>
   </div>
   <div class='ocr_carea' id='block_1_27' title="bbox 497 2663 2065 2738">
    <p class='ocr_par' dir='ltr' id='par_1_27' title="bbox 497 2663 2065 2738">
     <span class='ocr_line' id='line_1_27' title="bbox 497 2663 2065 2738; baseline -0.006 -11"><span class='ocrx_word' id='word_1_222' title='bbox 497 2682 644 2727; x_wconf 89' lang='lat' dir='ltr'><strong>turos</strong></span> <span class='ocrx_word' id='word_1_223' title='bbox 673 2685 812 2727; x_wconf 85' lang='lat' dir='ltr'><strong>esse.</strong></span> <span class='ocrx_word' id='word_1_224' title='bbox 839 2671 1011 2738; x_wconf 80' lang='lat' dir='ltr'><strong>Atque</strong></span> <span class='ocrx_word' id='word_1_225' title='bbox 1026 2667 1315 2722; x_wconf 87' lang='lat' dir='ltr'><strong>Nicodemo</strong></span> <span class='ocrx_word' id='word_1_226' title='bbox 1338 2667 1390 2720; x_wconf 89' lang='lat' dir='ltr'><strong>in</strong></span> <span class='ocrx_word' id='word_1_227' title='bbox 1412 2675 1644 2721; x_wconf 89' lang='lat' dir='ltr'><strong>mentem</strong></span> <span class='ocrx_word' id='word_1_228' title='bbox 1672 2673 1887 2719; x_wconf 80' lang='lat' dir='ltr'><strong>revocat</strong></span> <span class='ocrx_word' id='word_1_229' title='bbox 1904 2663 2065 2718; x_wconf 88' lang='lat' dir='ltr'><strong>verba</strong></span> 
     </span>
    </p>
   </div>
   <div class='ocr_carea' id='block_1_28' title="bbox 495 2753 2064 2833">
    <p class='ocr_par' dir='ltr' id='par_1_28' title="bbox 495 2753 2064 2833">
     <span class='ocr_line' id='line_1_28' title="bbox 495 2753 2064 2833; baseline -0.008 -15"><span class='ocrx_word' id='word_1_230' title='bbox 495 2765 583 2819; x_wconf 88' lang='lat' dir='ltr'><strong>illa</strong></span> <span class='ocrx_word' id='word_1_231' title='bbox 631 2778 748 2833; x_wconf 74' lang='lat' dir='ltr'><strong>qua:</strong></span> <span class='ocrx_word' id='word_1_232' title='bbox 799 2776 965 2830; x_wconf 84' lang='lat' dir='ltr'><strong>nuper</strong></span> <span class='ocrx_word' id='word_1_233' title='bbox 1007 2759 1256 2813; x_wconf 80' lang='lat' dir='ltr'><strong>dixerat:</strong></span> <span class='ocrx_word' id='word_1_234' title='bbox 1293 2757 1469 2811; x_wconf 88' lang='lat' dir='ltr'><strong>Omnis</strong></span> <span class='ocrx_word' id='word_1_235' title='bbox 1515 2757 1600 2827; x_wconf 88' lang='lat' dir='ltr'><strong>qui</strong></span> <span class='ocrx_word' id='word_1_236' title='bbox 1643 2753 1773 2808; x_wconf 84' lang='lat' dir='ltr'><strong>male</strong></span> <span class='ocrx_word' id='word_1_237' title='bbox 1807 2763 2064 2823; x_wconf 83' lang='lat' dir='ltr'><strong>operatur,</strong></span> 
     </span>
    </p>
   </div>
   <div class='ocr_carea' id='block_1_29' title="bbox 497 2849 2068 2921">
    <p class='ocr_par' dir='ltr' id='par_1_29' title="bbox 497 2849 2068 2921">
     <span class='ocr_line' id='line_1_29' title="bbox 497 2849 2068 2921; baseline -0.006 -12"><span class='ocrx_word' id='word_1_238' title='bbox 497 2856 599 2910; x_wconf 90' lang='lat' dir='ltr'><strong>odit</strong></span> <span class='ocrx_word' id='word_1_239' title='bbox 624 2856 805 2921; x_wconf 82' lang='lat' dir='ltr'><strong>lucem,</strong></span> <span class='ocrx_word' id='word_1_240' title='bbox 835 2862 1004 2907; x_wconf 87' lang='lat' dir='ltr'><strong>etnon</strong></span> <span class='ocrx_word' id='word_1_241' title='bbox 1034 2852 1162 2904; x_wconf 82' lang='lat' dir='ltr'><strong>venit</strong></span> <span class='ocrx_word' id='word_1_242' title='bbox 1187 2850 1254 2902; x_wconf 87' lang='lat' dir='ltr'><strong>ad</strong></span> <span class='ocrx_word' id='word_1_243' title='bbox 1277 2851 1457 2912; x_wconf 84' lang='lat' dir='ltr'><strong>lucem,</strong></span> <span class='ocrx_word' id='word_1_244' title='bbox 1489 2865 1552 2902; x_wconf 86' lang='lat' dir='ltr'><strong>ne</strong></span> <span class='ocrx_word' id='word_1_245' title='bbox 1589 2864 1742 2916; x_wconf 83' lang='lat' dir='ltr'><strong>opera</strong></span> <span class='ocrx_word' id='word_1_246' title='bbox 1772 2849 1882 2918; x_wconf 88' lang='lat' dir='ltr'><strong>ejus</strong></span> <span class='ocrx_word' id='word_1_247' title='bbox 1905 2863 2068 2916; x_wconf 86' lang='lat' dir='ltr'><strong>appa-</strong></span> 
     </span>
    </p>
   </div>
   <div class='ocr_carea' id='block_1_30' title="bbox 498 2937 2067 3014">
    <p class='ocr_par' dir='ltr' id='par_1_30' title="bbox 498 2937 2067 3014">
     <span class='ocr_line' id='line_1_30' title="bbox 498 2937 2067 3014; baseline -0.005 -16"><span class='ocrx_word' id='word_1_248' title='bbox 498 2955 634 2999; x_wconf 85' lang='lat' dir='ltr'><strong>reant</strong></span> <span class='ocrx_word' id='word_1_249' title='bbox 658 2943 837 3014; x_wconf 84' lang='lat' dir='ltr'><strong>(Joan.</strong></span> <span class='ocrx_word' id='word_1_250' title='bbox 872 2944 920 2998; x_wconf 74' lang='grc'><strong>5.</strong></span> <span class='ocrx_word' id='word_1_251' title='bbox 952 2942 1072 3012; x_wconf 71' lang='lat'><strong>20).</strong></span> <span class='ocrx_word' id='word_1_252' title='bbox 1107 2941 1238 3008; x_wconf 89' lang='lat' dir='ltr'><strong>Quia</strong></span> <span class='ocrx_word' id='word_1_253' title='bbox 1269 2939 1538 3004; x_wconf 89' lang='lat' dir='ltr'><strong>dicebant,</strong></span> <span class='ocrx_word' id='word_1_254' title='bbox 1572 2939 1840 2993; x_wconf 90' lang='lat' dir='ltr'><strong>neminem</strong></span> <span class='ocrx_word' id='word_1_255' title='bbox 1869 2937 2067 3007; x_wconf 86' lang='lat' dir='ltr'><strong>princi-</strong></span> 
     </span>
    </p>
   </div>
   <div class='ocr_carea' id='block_1_31' title="bbox 498 3029 2066 3105">
    <p class='ocr_par' dir='ltr' id='par_1_31' title="bbox 498 3029 2066 3105">
     <span class='ocr_line' id='line_1_31' title="bbox 498 3029 2066 3105; baseline -0.004 -17"><span class='ocrx_word' id='word_1_256' title='bbox 498 3049 618 3105; x_wconf 90' lang='lat' dir='ltr'><strong>pum</strong></span> <span class='ocrx_word' id='word_1_257' title='bbox 651 3035 702 3088; x_wconf 90' lang='lat' dir='ltr'><strong>in</strong></span> <span class='ocrx_word' id='word_1_258' title='bbox 725 3048 844 3087; x_wconf 89' lang='lat' dir='ltr'><strong>eum</strong></span> <span class='ocrx_word' id='word_1_259' title='bbox 874 3031 1199 3094; x_wconf 86' lang='lat' dir='ltr'><strong>credidisse;</strong></span> <span class='ocrx_word' id='word_1_260' title='bbox 1233 3031 1352 3085; x_wconf 89' lang='lat' dir='ltr'><strong>ideo</strong></span> <span class='ocrx_word' id='word_1_261' title='bbox 1379 3031 1491 3096; x_wconf 88' lang='lat' dir='ltr'><strong>ait,</strong></span> <span class='ocrx_word' id='word_1_262' title='bbox 1527 3029 1628 3096; x_wconf 88' lang='lat' dir='ltr'><strong>Qui</strong></span> <span class='ocrx_word' id='word_1_263' title='bbox 1656 3029 1786 3083; x_wconf 89' lang='lat' dir='ltr'><strong>male</strong></span> <span class='ocrx_word' id='word_1_264' title='bbox 1810 3029 1934 3097; x_wconf 84' lang='lat' dir='ltr'><strong>agit,</strong></span> <span class='ocrx_word' id='word_1_265' title='bbox 1965 3045 2066 3082; x_wconf 81' lang='lat' dir='ltr'><strong>non</strong></span> 
     </span>
    </p>
   </div>
   <div class='ocr_carea' id='block_1_32' title="bbox 495 3120 2066 3187">
    <p class='ocr_par' dir='ltr' id='par_1_32' title="bbox 495 3120 2066 3187">
     <span class='ocr_line' id='line_1_32' title="bbox 495 3120 2066 3187; baseline -0.005 -7"><span class='ocrx_word' id='word_1_266' title='bbox 495 3127 626 3180; x_wconf 84' lang='lat' dir='ltr'><strong>venit</strong></span> <span class='ocrx_word' id='word_1_267' title='bbox 652 3125 718 3178; x_wconf 87' lang='lat' dir='ltr'><strong>ad</strong></span> <span class='ocrx_word' id='word_1_268' title='bbox 753 3123 944 3187; x_wconf 88' lang='lat' dir='ltr'><strong>lucem,</strong></span> <span class='ocrx_word' id='word_1_269' title='bbox 976 3121 1263 3176; x_wconf 90' lang='lat' dir='ltr'><strong>ostendens</strong></span> <span class='ocrx_word' id='word_1_270' title='bbox 1302 3136 1406 3175; x_wconf 87' lang='lat' dir='ltr'><strong>non</strong></span> <span class='ocrx_word' id='word_1_271' title='bbox 1447 3136 1514 3176; x_wconf 77' lang='lat' dir='ltr'><strong>ex</strong></span> <span class='ocrx_word' id='word_1_272' title='bbox 1546 3121 1678 3175; x_wconf 88' lang='lat' dir='ltr'><strong>lucis</strong></span> <span class='ocrx_word' id='word_1_273' title='bbox 1705 3120 2066 3175; x_wconf 89' lang='lat' dir='ltr'><strong>imbecillitate</strong></span> 
     </span>
    </p>
   </div>
   <div class='ocr_carea' id='block_1_33' title="bbox 497 3211 2062 3282">
    <p class='ocr_par' dir='ltr' id='par_1_33' title="bbox 497 3211 2062 3282">
     <span class='ocr_line' id='line_1_33' title="bbox 497 3211 2062 3282; baseline -0.003 -13"><span class='ocrx_word' id='word_1_274' title='bbox 497 3216 622 3271; x_wconf 91' lang='lat' dir='ltr'><strong>illud</strong></span> <span class='ocrx_word' id='word_1_275' title='bbox 669 3231 788 3271; x_wconf 88' lang='lat' dir='ltr'><strong>esse</strong></span> <span class='ocrx_word' id='word_1_276' title='bbox 817 3255 829 3278; x_wconf 92' lang='lat'><strong>,</strong></span> <span class='ocrx_word' id='word_1_277' title='bbox 861 3215 954 3269; x_wconf 88' lang='lat' dir='ltr'><strong>sed</strong></span> <span class='ocrx_word' id='word_1_278' title='bbox 983 3231 1049 3270; x_wconf 87' lang='lat' dir='ltr'><strong>ex</strong></span> <span class='ocrx_word' id='word_1_279' title='bbox 1093 3215 1300 3268; x_wconf 90' lang='lat' dir='ltr'><strong>illorum</strong></span> <span class='ocrx_word' id='word_1_280' title='bbox 1332 3229 1577 3282; x_wconf 87' lang='lat' dir='ltr'><strong>perversa</strong></span> <span class='ocrx_word' id='word_1_281' title='bbox 1611 3213 1899 3268; x_wconf 83' lang='lat' dir='ltr'><strong>voluntate.</strong></span> <span class='ocrx_word' id='word_1_282' title='bbox 1953 3211 2062 3265; x_wconf 86' lang='lat' dir='ltr'><strong>Rc-</strong></span> 
     </span>
    </p>
   </div>
   <div class='ocr_carea' id='block_1_34' title="bbox 494 3302 2056 3374">
    <p class='ocr_par' dir='ltr' id='par_1_34' title="bbox 494 3302 2056 3374">
     <span class='ocr_line' id='line_1_34' title="bbox 494 3302 2056 3374; baseline -0.001 -18"><span class='ocrx_word' id='word_1_283' title='bbox 494 3306 803 3374; x_wconf 85' lang='lat' dir='ltr'><strong>sponderunt</strong></span> <span class='ocrx_word' id='word_1_284' title='bbox 855 3314 902 3358; x_wconf 88' lang='lat' dir='ltr'><strong>et</strong></span> <span class='ocrx_word' id='word_1_285' title='bbox 935 3306 1179 3358; x_wconf 73' lang='lat' dir='ltr'><strong>dixerunt</strong></span> <span class='ocrx_word' id='word_1_286' title='bbox 1207 3304 1292 3356; x_wconf 88' lang='lat' dir='ltr'><strong>ei:</strong></span> <span class='ocrx_word' id='word_1_287' title='bbox 1324 3302 1398 3356; x_wconf 87' lang='lat' dir='ltr'><strong>Tu</strong></span> <span class='ocrx_word' id='word_1_288' title='bbox 1423 3303 1485 3355; x_wconf 85' lang='lat' dir='ltr'><strong>de</strong></span> <span class='ocrx_word' id='word_1_289' title='bbox 1525 3303 1681 3371; x_wconf 83' lang='lat' dir='ltr'><strong>teipse</strong></span> <span class='ocrx_word' id='word_1_290' title='bbox 1720 3303 2056 3357; x_wconf 76' lang='lat' dir='ltr'><strong>testimonium</strong></span> 
     </span>
    </p>
   </div>
   <div class='ocr_carea' id='block_1_35' title="bbox 497 3391 2067 3466">
    <p class='ocr_par' dir='ltr' id='par_1_35' title="bbox 497 3391 2067 3466">
     <span class='ocr_line' id='line_1_35' title="bbox 497 3391 2067 3466; baseline -0.003 -16"><span class='ocrx_word' id='word_1_291' title='bbox 497 3397 742 3464; x_wconf 78' lang='lat' dir='ltr'><strong>perhibes.</strong></span> <span class='ocrx_word' id='word_1_292' title='bbox 795 3396 930 3462; x_wconf 87' lang='lat' dir='ltr'><strong>Quid</strong></span> <span class='ocrx_word' id='word_1_293' title='bbox 972 3397 1131 3466; x_wconf 86' lang='lat' dir='ltr'><strong>igitur</strong></span> <span class='ocrx_word' id='word_1_294' title='bbox 1173 3395 1294 3449; x_wconf 90' lang='lat' dir='ltr'><strong>ille?</strong></span> <span class='ocrx_word' id='word_1_295' title='bbox 1330 3395 1414 3448; x_wconf 75' lang='grc'><strong>14.</strong></span> <span class='ocrx_word' id='word_1_296' title='bbox 1448 3391 1561 3447; x_wconf 84' lang='lat' dir='ltr'><strong>Etsi</strong></span> <span class='ocrx_word' id='word_1_297' title='bbox 1607 3410 1696 3463; x_wconf 87' lang='lat' dir='ltr'><strong>ego</strong></span> <span class='ocrx_word' id='word_1_298' title='bbox 1731 3393 2067 3447; x_wconf 84' lang='lat' dir='ltr'><strong>testimonium</strong></span> 
     </span>
    </p>
   </div>
   <div class='ocr_carea' id='block_1_36' title="bbox 496 3487 2069 3557">
    <p class='ocr_par' dir='ltr' id='par_1_36' title="bbox 496 3487 2069 3557">
     <span class='ocr_line' id='line_1_36' title="bbox 496 3487 2069 3557; baseline -0.001 -17"><span class='ocrx_word' id='word_1_299' title='bbox 496 3488 728 3557; x_wconf 86' lang='lat' dir='ltr'><strong>perhibeo</strong></span> <span class='ocrx_word' id='word_1_300' title='bbox 764 3487 826 3540; x_wconf 85' lang='lat' dir='ltr'><strong>de</strong></span> <span class='ocrx_word' id='word_1_301' title='bbox 873 3487 1079 3557; x_wconf 85' lang='lat' dir='ltr'><strong>meipso,</strong></span> <span class='ocrx_word' id='word_1_302' title='bbox 1137 3487 1472 3540; x_wconf 87' lang='lat' dir='ltr'><strong>testimonium</strong></span> <span class='ocrx_word' id='word_1_303' title='bbox 1518 3502 1679 3539; x_wconf 87' lang='lat' dir='ltr'><strong>meum</strong></span> <span class='ocrx_word' id='word_1_304' title='bbox 1727 3501 1894 3538; x_wconf 84' lang='lat' dir='ltr'><strong>verum</strong></span> <span class='ocrx_word' id='word_1_305' title='bbox 1943 3493 2012 3538; x_wconf 84' lang='lat' dir='ltr'><strong>est</strong></span> <span class='ocrx_word' id='word_1_306' title='bbox 2050 3501 2069 3539; x_wconf 92' lang='lat'><strong><em>:</em></strong></span> 
     </span>
    </p>
   </div>
   <div class='ocr_carea' id='block_1_37' title="bbox 494 3575 2067 3646">
    <p class='ocr_par' dir='ltr' id='par_1_37' title="bbox 494 3575 2067 3646">
     <span class='ocr_line' id='line_1_37' title="bbox 494 3575 2067 3646; baseline 0.001 -19"><span class='ocrx_word' id='word_1_307' title='bbox 494 3578 614 3646; x_wconf 86' lang='lat' dir='ltr'><strong>quia</strong></span> <span class='ocrx_word' id='word_1_308' title='bbox 640 3579 743 3632; x_wconf 87' lang='lat' dir='ltr'><strong>scio</strong></span> <span class='ocrx_word' id='word_1_309' title='bbox 776 3577 906 3630; x_wconf 87' lang='lat' dir='ltr'><strong>unde</strong></span> <span class='ocrx_word' id='word_1_310' title='bbox 933 3578 1076 3643; x_wconf 88' lang='lat' dir='ltr'><strong>veni,</strong></span> <span class='ocrx_word' id='word_1_311' title='bbox 1118 3587 1166 3631; x_wconf 88' lang='lat' dir='ltr'><strong>et</strong></span> <span class='ocrx_word' id='word_1_312' title='bbox 1205 3593 1300 3646; x_wconf 88' lang='lat' dir='ltr'><strong>quo</strong></span> <span class='ocrx_word' id='word_1_313' title='bbox 1331 3575 1458 3630; x_wconf 84' lang='lat' dir='ltr'><strong>vado</strong></span> <span class='ocrx_word' id='word_1_314' title='bbox 1477 3592 1495 3640; x_wconf 79' lang='lat'><strong>,&#39;</strong></span> <span class='ocrx_word' id='word_1_315' title='bbox 1523 3592 1606 3628; x_wconf 84' lang='lat' dir='ltr'><strong>vos</strong></span> <span class='ocrx_word' id='word_1_316' title='bbox 1652 3585 1817 3630; x_wconf 88' lang='lat' dir='ltr'><strong>autem</strong></span> <span class='ocrx_word' id='word_1_317' title='bbox 1864 3576 2067 3630; x_wconf 82' lang='lat' dir='ltr'><strong>nescitis</strong></span> 
     </span>
    </p>
   </div>
   <div class='ocr_carea' id='block_1_38' title="bbox 494 3667 2064 3738">
    <p class='ocr_par' dir='ltr' id='par_1_38' title="bbox 494 3667 2064 3738">
     <span class='ocr_line' id='line_1_38' title="bbox 494 3667 2064 3738; baseline -0.002 -15"><span class='ocrx_word' id='word_1_318' title='bbox 494 3671 627 3723; x_wconf 86' lang='lat' dir='ltr'><strong>unde</strong></span> <span class='ocrx_word' id='word_1_319' title='bbox 653 3671 813 3724; x_wconf 85' lang='lat' dir='ltr'><strong>venio.</strong></span> <span class='ocrx_word' id='word_1_320' title='bbox 843 3669 992 3736; x_wconf 89' lang='lat' dir='ltr'><strong>Quod</strong></span> <span class='ocrx_word' id='word_1_321' title='bbox 1023 3670 1166 3738; x_wconf 89' lang='lat' dir='ltr'><strong>prius</strong></span> <span class='ocrx_word' id='word_1_322' title='bbox 1188 3668 1413 3733; x_wconf 84' lang='lat' dir='ltr'><strong>dixerat,</strong></span> <span class='ocrx_word' id='word_1_323' title='bbox 1442 3668 1542 3722; x_wconf 89' lang='lat' dir='ltr'><strong>hoc</strong></span> <span class='ocrx_word' id='word_1_324' title='bbox 1571 3677 1844 3736; x_wconf 90' lang='lat' dir='ltr'><strong>opponunt</strong></span> <span class='ocrx_word' id='word_1_325' title='bbox 1870 3667 2064 3733; x_wconf 59' lang='lat' dir='ltr'><strong>Judaei,</strong></span> 
     </span>
    </p>
   </div>
   <div class='ocr_carea' id='block_1_39' title="bbox 496 3758 2066 3831">
    <p class='ocr_par' dir='ltr' id='par_1_39' title="bbox 496 3758 2066 3831">
     <span class='ocr_line' id='line_1_39' title="bbox 496 3758 2066 3831; baseline -0.002 -17"><span class='ocrx_word' id='word_1_326' title='bbox 496 3771 762 3831; x_wconf 86' lang='lat' dir='ltr'><strong>tamquam</strong></span> <span class='ocrx_word' id='word_1_327' title='bbox 792 3761 1054 3830; x_wconf 68' lang='lat' dir='ltr'><strong>praecipue</strong></span> <span class='ocrx_word' id='word_1_328' title='bbox 1075 3760 1293 3814; x_wconf 89' lang='lat' dir='ltr'><strong>dictum.</strong></span> <span class='ocrx_word' id='word_1_329' title='bbox 1326 3759 1462 3827; x_wconf 88' lang='lat' dir='ltr'><strong>Quid</strong></span> <span class='ocrx_word' id='word_1_330' title='bbox 1488 3773 1616 3828; x_wconf 87' lang='lat' dir='ltr'><strong>ergo</strong></span> <span class='ocrx_word' id='word_1_331' title='bbox 1634 3758 1910 3813; x_wconf 85' lang='lat' dir='ltr'><strong>Christus?</strong></span> <span class='ocrx_word' id='word_1_332' title='bbox 1938 3758 2066 3812; x_wconf 91' lang='lat' dir='ltr'><strong>Illud</strong></span> 
     </span>
    </p>
   </div>
   <div class='ocr_carea' id='block_1_40' title="bbox 494 3851 2068 3922">
    <p class='ocr_par' dir='ltr' id='par_1_40' title="bbox 494 3851 2068 3922">
     <span class='ocr_line' id='line_1_40' title="bbox 494 3851 2068 3922; baseline -0.004 -13"><span class='ocrx_word' id='word_1_333' title='bbox 494 3853 687 3909; x_wconf 83' lang='lat' dir='ltr'><strong>evertit</strong></span> <span class='ocrx_word' id='word_1_334' title='bbox 736 3863 892 3922; x_wconf 89' lang='lat' dir='ltr'><strong>atque</strong></span> <span class='ocrx_word' id='word_1_335' title='bbox 933 3851 1197 3919; x_wconf 81' lang='lat' dir='ltr'><strong>ostendit,</strong></span> <span class='ocrx_word' id='word_1_336' title='bbox 1250 3867 1309 3906; x_wconf 83' lang='lat' dir='ltr'><strong>se</strong></span> <span class='ocrx_word' id='word_1_337' title='bbox 1360 3852 1447 3906; x_wconf 87' lang='lat' dir='ltr'><strong>illa</strong></span> <span class='ocrx_word' id='word_1_338' title='bbox 1495 3851 1784 3906; x_wconf 91' lang='lat' dir='ltr'><strong>secundum</strong></span> <span class='ocrx_word' id='word_1_339' title='bbox 1835 3852 2068 3921; x_wconf 89' lang='lat' dir='ltr'><strong>ipsorum</strong></span> 
     </span>
    </p>
   </div>
   <div class='ocr_carea' id='block_1_41' title="bbox 496 3943 2073 4013">
    <p class='ocr_par' dir='ltr' id='par_1_41' title="bbox 496 3943 2073 4013">
     <span class='ocr_line' id='line_1_41' title="bbox 496 3943 2073 4013; baseline -0.001 -16"><span class='ocrx_word' id='word_1_340' title='bbox 496 3943 798 4013; x_wconf 80' lang='lat' dir='ltr'><strong>Opinionem</strong></span> <span class='ocrx_word' id='word_1_341' title='bbox 828 3944 1024 3998; x_wconf 84' lang='lat' dir='ltr'><strong>dixisse</strong></span> <span class='ocrx_word' id='word_1_342' title='bbox 1067 3944 1179 4009; x_wconf 91' lang='lat' dir='ltr'><strong>eis,</strong></span> <span class='ocrx_word' id='word_1_343' title='bbox 1211 3943 1349 4013; x_wconf 91' lang='lat' dir='ltr'><strong>quod</strong></span> <span class='ocrx_word' id='word_1_344' title='bbox 1398 3959 1517 3998; x_wconf 90' lang='lat' dir='ltr'><strong>eum</strong></span> <span class='ocrx_word' id='word_1_345' title='bbox 1561 3944 1853 4012; x_wconf 85' lang='lat' dir='ltr'><strong>simplicem</strong></span> <span class='ocrx_word' id='word_1_346' title='bbox 1898 3944 2073 3999; x_wconf 89' lang='lat' dir='ltr'><strong>homi-</strong></span> 
     </span>
    </p>
   </div>
   <div class='ocr_carea' id='block_1_42' title="bbox 496 4033 2068 4106">
    <p class='ocr_par' dir='ltr' id='par_1_42' title="bbox 496 4033 2068 4106">
     <span class='ocr_line' id='line_1_42' title="bbox 496 4033 2068 4106; baseline 0.001 -18"><span class='ocrx_word' id='word_1_347' title='bbox 496 4050 616 4089; x_wconf 88' lang='lat' dir='ltr'><strong>nem</strong></span> <span class='ocrx_word' id='word_1_348' title='bbox 647 4051 764 4090; x_wconf 90' lang='lat' dir='ltr'><strong>esse</strong></span> <span class='ocrx_word' id='word_1_349' title='bbox 792 4035 1193 4096; x_wconf 88' lang='lat' dir='ltr'><strong>arbitrarentur,</strong></span> <span class='ocrx_word' id='word_1_350' title='bbox 1221 4035 1402 4104; x_wconf 88' lang='lat' dir='ltr'><strong>aitque</strong></span> <span class='ocrx_word' id='word_1_351' title='bbox 1432 4053 1443 4088; x_wconf 92' lang='lat'><strong>:</strong></span> <span class='ocrx_word' id='word_1_352' title='bbox 1468 4033 1579 4089; x_wconf 80' lang='lat' dir='ltr'><strong>Etsi</strong></span> <span class='ocrx_word' id='word_1_353' title='bbox 1605 4052 1693 4106; x_wconf 85' lang='lat' dir='ltr'><strong>ego</strong></span> <span class='ocrx_word' id='word_1_354' title='bbox 1734 4038 2068 4091; x_wconf 82' lang='lat' dir='ltr'><strong>testimonium</strong></span> 
     </span>
    </p>
   </div>
   <div class='ocr_carea' id='block_1_43' title="bbox 497 4127 2068 4198">
    <p class='ocr_par' dir='ltr' id='par_1_43' title="bbox 497 4127 2068 4198">
     <span class='ocr_line' id='line_1_43' title="bbox 497 4127 2068 4198; baseline 0.006 -23"><span class='ocrx_word' id='word_1_355' title='bbox 497 4127 728 4191; x_wconf 87' lang='lat' dir='ltr'><strong>perhibeo</strong></span> <span class='ocrx_word' id='word_1_356' title='bbox 753 4129 814 4181; x_wconf 87' lang='lat' dir='ltr'><strong>de</strong></span> <span class='ocrx_word' id='word_1_357' title='bbox 838 4144 914 4180; x_wconf 87' lang='lat' dir='ltr'><strong>me</strong></span> <span class='ocrx_word' id='word_1_358' title='bbox 934 4129 1064 4198; x_wconf 83' lang='lat' dir='ltr'><strong>ipso,</strong></span> <span class='ocrx_word' id='word_1_359' title='bbox 1087 4144 1253 4181; x_wconf 83' lang='lat' dir='ltr'><strong>verum</strong></span> <span class='ocrx_word' id='word_1_360' title='bbox 1279 4138 1354 4182; x_wconf 85' lang='lat' dir='ltr'><strong>est</strong></span> <span class='ocrx_word' id='word_1_361' title='bbox 1379 4130 1713 4182; x_wconf 87' lang='lat' dir='ltr'><strong>testimonium</strong></span> <span class='ocrx_word' id='word_1_362' title='bbox 1739 4147 1922 4195; x_wconf 88' lang='lat' dir='ltr'><strong>meum,</strong></span> <span class='ocrx_word' id='word_1_363' title='bbox 1951 4131 2068 4198; x_wconf 85' lang='lat' dir='ltr'><strong>quia</strong></span> 
     </span>
    </p>
   </div>
   <div class='ocr_carea' id='block_1_44' title="bbox 495 4217 2068 4285">
    <p class='ocr_par' dir='ltr' id='par_1_44' title="bbox 495 4217 2068 4285">
     <span class='ocr_line' id='line_1_44' title="bbox 495 4217 2068 4285; baseline 0.002 -16"><span class='ocrx_word' id='word_1_364' title='bbox 495 4218 597 4270; x_wconf 81' lang='lat' dir='ltr'><strong>scio</strong></span> <span class='ocrx_word' id='word_1_365' title='bbox 620 4218 749 4270; x_wconf 86' lang='lat' dir='ltr'><strong>unde</strong></span> <span class='ocrx_word' id='word_1_366' title='bbox 779 4217 940 4271; x_wconf 85' lang='lat' dir='ltr'><strong>venio.</strong></span> <span class='ocrx_word' id='word_1_367' title='bbox 986 4217 1120 4284; x_wconf 87' lang='lat' dir='ltr'><strong>Quid</strong></span> <span class='ocrx_word' id='word_1_368' title='bbox 1151 4218 1251 4271; x_wconf 89' lang='lat' dir='ltr'><strong>sibi</strong></span> <span class='ocrx_word' id='word_1_369' title='bbox 1283 4220 1395 4271; x_wconf 89' lang='lat' dir='ltr'><strong>vult</strong></span> <span class='ocrx_word' id='word_1_370' title='bbox 1421 4219 1564 4272; x_wconf 90' lang='lat' dir='ltr'><strong>hoc?</strong></span> <span class='ocrx_word' id='word_1_371' title='bbox 1608 4220 1682 4272; x_wconf 79' lang='lat' dir='ltr'><strong>Ex</strong></span> <span class='ocrx_word' id='word_1_372' title='bbox 1717 4220 1824 4274; x_wconf 92' lang='lat' dir='ltr'><strong>Deo</strong></span> <span class='ocrx_word' id='word_1_373' title='bbox 1846 4234 1985 4285; x_wconf 91' lang='lat' dir='ltr'><strong>sum,</strong></span> <span class='ocrx_word' id='word_1_374' title='bbox 2016 4228 2068 4274; x_wconf 90' lang='lat' dir='ltr'><strong>et</strong></span> 
     </span>
    </p>
   </div>
   <div class='ocr_carea' id='block_1_45' title="bbox 498 4306 2068 4378">
    <p class='ocr_par' dir='ltr' id='par_1_45' title="bbox 498 4306 2068 4378">
     <span class='ocr_line' id='line_1_45' title="bbox 498 4306 2068 4378; baseline 0.003 -19"><span class='ocrx_word' id='word_1_375' title='bbox 498 4306 654 4372; x_wconf 86' lang='lat' dir='ltr'><strong>Dens,</strong></span> <span class='ocrx_word' id='word_1_376' title='bbox 686 4317 738 4362; x_wconf 92' lang='lat' dir='ltr'><strong>et</strong></span> <span class='ocrx_word' id='word_1_377' title='bbox 769 4307 930 4361; x_wconf 90' lang='lat' dir='ltr'><strong>Filius</strong></span> <span class='ocrx_word' id='word_1_378' title='bbox 957 4307 1071 4362; x_wconf 87' lang='lat' dir='ltr'><strong>Dei.</strong></span> <span class='ocrx_word' id='word_1_379' title='bbox 1107 4308 1246 4362; x_wconf 91' lang='lat' dir='ltr'><strong>Deus</strong></span> <span class='ocrx_word' id='word_1_380' title='bbox 1274 4309 1373 4362; x_wconf 91' lang='lat' dir='ltr'><strong>sibi</strong></span> <span class='ocrx_word' id='word_1_381' title='bbox 1397 4309 1498 4362; x_wconf 91' lang='lat' dir='ltr'><strong>ﬁde</strong></span> <span class='ocrx_word' id='word_1_382' title='bbox 1527 4309 1716 4378; x_wconf 88' lang='lat' dir='ltr'><strong>dignus</strong></span> <span class='ocrx_word' id='word_1_383' title='bbox 1743 4311 1891 4364; x_wconf 89' lang='lat' dir='ltr'><strong>testis</strong></span> <span class='ocrx_word' id='word_1_384' title='bbox 1929 4329 1940 4364; x_wconf 94' lang='lat'>:</span> <span class='ocrx_word' id='word_1_385' title='bbox 1974 4326 2068 4364; x_wconf 92' lang='lat' dir='ltr'><strong>vos</strong></span> 
     </span>
    </p>
   </div>
   <div class='ocr_carea' id='block_1_46' title="bbox 496 4397 2061 4468">
    <p class='ocr_par' dir='ltr' id='par_1_46' title="bbox 496 4397 2061 4468">
     <span class='ocr_line' id='line_1_46' title="bbox 496 4397 2061 4468; baseline 0.001 -19"><span class='ocrx_word' id='word_1_386' title='bbox 496 4412 622 4451; x_wconf 81' lang='lat' dir='ltr'><strong>vero</strong></span> <span class='ocrx_word' id='word_1_387' title='bbox 648 4414 754 4451; x_wconf 82' lang='lat' dir='ltr'><strong>non</strong></span> <span class='ocrx_word' id='word_1_388' title='bbox 782 4397 950 4452; x_wconf 91' lang='lat' dir='ltr'><strong>nostis</strong></span> <span class='ocrx_word' id='word_1_389' title='bbox 975 4415 988 4461; x_wconf 91' lang='lat'><strong>;</strong></span> <span class='ocrx_word' id='word_1_390' title='bbox 1017 4406 1207 4466; x_wconf 89' lang='lat' dir='ltr'><strong>sponte</strong></span> <span class='ocrx_word' id='word_1_391' title='bbox 1233 4406 1404 4451; x_wconf 86' lang='lat' dir='ltr'><strong>vestra</strong></span> <span class='ocrx_word' id='word_1_392' title='bbox 1425 4398 1653 4467; x_wconf 89' lang='lat' dir='ltr'><strong>maligne</strong></span> <span class='ocrx_word' id='word_1_393' title='bbox 1673 4400 1847 4468; x_wconf 85' lang='lat' dir='ltr'><strong>agitis,</strong></span> <span class='ocrx_word' id='word_1_394' title='bbox 1869 4411 1923 4453; x_wconf 85' lang='lat' dir='ltr'><strong>et</strong></span> <span class='ocrx_word' id='word_1_395' title='bbox 1946 4414 2061 4453; x_wconf 88' lang='lat' dir='ltr'><strong>cum</strong></span> 
     </span>
    </p>
   </div>
   <div class='ocr_carea' id='block_1_47' title="bbox 494 4486 2064 4547">
    <p class='ocr_par' dir='ltr' id='par_1_47' title="bbox 494 4486 2064 4547">
     <span class='ocr_line' id='line_1_47' title="bbox 494 4486 2064 4547; baseline 0.002 -9"><span class='ocrx_word' id='word_1_396' title='bbox 494 4486 679 4540; x_wconf 87' lang='lat' dir='ltr'><strong>sciatis</strong></span> <span class='ocrx_word' id='word_1_397' title='bbox 703 4528 716 4547; x_wconf 86' lang='lat'><strong>,</strong></span> <span class='ocrx_word' id='word_1_398' title='bbox 749 4487 954 4541; x_wconf 88' lang='lat' dir='ltr'><strong>nescire</strong></span> <span class='ocrx_word' id='word_1_399' title='bbox 983 4486 1244 4541; x_wconf 89' lang='lat' dir='ltr'><strong>simulatis</strong></span> <span class='ocrx_word' id='word_1_400' title='bbox 1283 4504 1296 4539; x_wconf 89' lang='lat'><strong>:</strong></span> <span class='ocrx_word' id='word_1_401' title='bbox 1327 4486 1416 4540; x_wconf 85' lang='lat' dir='ltr'><strong>sed</strong></span> <span class='ocrx_word' id='word_1_402' title='bbox 1447 4487 1734 4541; x_wconf 89' lang='lat' dir='ltr'><strong>secundum</strong></span> <span class='ocrx_word' id='word_1_403' title='bbox 1781 4487 2064 4541; x_wconf 88' lang='lat' dir='ltr'><strong>humanam</strong></span> 
     </span>
    </p>
   </div>
   <div class='ocr_carea' id='block_1_48' title="bbox 493 4576 2067 4650">
    <p class='ocr_par' dir='ltr' id='par_1_48' title="bbox 493 4576 2067 4650">
     <span class='ocr_line' id='line_1_48' title="bbox 493 4576 2067 4650; baseline 0.004 -21"><span class='ocrx_word' id='word_1_404' title='bbox 493 4577 809 4631; x_wconf 86' lang='lat' dir='ltr'><strong>sententiam</strong></span> <span class='ocrx_word' id='word_1_405' title='bbox 857 4577 1172 4646; x_wconf 92' lang='lat' dir='ltr'><strong>loquimini,</strong></span> <span class='ocrx_word' id='word_1_406' title='bbox 1204 4576 1440 4647; x_wconf 89' lang='lat' dir='ltr'><strong>nihilque</strong></span> <span class='ocrx_word' id='word_1_407' title='bbox 1487 4579 1716 4646; x_wconf 88' lang='lat' dir='ltr'><strong>amplius</strong></span> <span class='ocrx_word' id='word_1_408' title='bbox 1767 4580 2067 4650; x_wconf 84' lang='lat' dir='ltr'><strong>intelligere</strong></span> 
     </span>
    </p>
   </div>
   <div class='ocr_carea' id='block_1_49' title="bbox 495 4667 2068 4737">
    <p class='ocr_par' dir='ltr' id='par_1_49' title="bbox 495 4667 2068 4737">
     <span class='ocr_line' id='line_1_49' title="bbox 495 4667 2068 4737; baseline 0.004 -19"><span class='ocrx_word' id='word_1_409' title='bbox 495 4667 674 4731; x_wconf 89' lang='lat' dir='ltr'><strong>vultis,</strong></span> <span class='ocrx_word' id='word_1_410' title='bbox 706 4683 865 4734; x_wconf 88' lang='lat' dir='ltr'><strong>quam</strong></span> <span class='ocrx_word' id='word_1_411' title='bbox 895 4667 944 4721; x_wconf 89' lang='lat' dir='ltr'><strong>id</strong></span> <span class='ocrx_word' id='word_1_412' title='bbox 974 4668 1113 4737; x_wconf 88' lang='lat' dir='ltr'><strong>quod</strong></span> <span class='ocrx_word' id='word_1_413' title='bbox 1137 4679 1375 4737; x_wconf 88' lang='lat' dir='ltr'><strong>apparet.</strong></span> <span class='ocrx_word' id='word_1_414' title='bbox 1409 4669 1494 4724; x_wconf 83' lang='lat' dir='ltr'><strong>I5.</strong></span> <span class='ocrx_word' id='word_1_415' title='bbox 1537 4667 1636 4723; x_wconf 84' lang='lat' dir='ltr'><strong>Vos</strong></span> <span class='ocrx_word' id='word_1_416' title='bbox 1658 4672 1935 4724; x_wconf 86' lang='lat' dir='ltr'><strong>secundum</strong></span> <span class='ocrx_word' id='word_1_417' title='bbox 1961 4687 2068 4724; x_wconf 88' lang='lat' dir='ltr'><strong>car-</strong></span> 
     </span>
    </p>
   </div>
   <div class='ocr_carea' id='block_1_50' title="bbox 494 4758 2068 4828">
    <p class='ocr_par' dir='ltr' id='par_1_50' title="bbox 494 4758 2068 4828">
     <span class='ocr_line' id='line_1_50' title="bbox 494 4758 2068 4828; baseline 0.005 -19"><span class='ocrx_word' id='word_1_418' title='bbox 494 4775 603 4810; x_wconf 87' lang='lat' dir='ltr'><strong>nem</strong></span> <span class='ocrx_word' id='word_1_419' title='bbox 620 4759 887 4828; x_wconf 85' lang='lat' dir='ltr'><strong>judicatis.</strong></span> <span class='ocrx_word' id='word_1_420' title='bbox 919 4758 988 4814; x_wconf 89' lang='lat' dir='ltr'><strong>Ut</strong></span> <span class='ocrx_word' id='word_1_421' title='bbox 1016 4759 1305 4814; x_wconf 90' lang='lat' dir='ltr'><strong>secundum</strong></span> <span class='ocrx_word' id='word_1_422' title='bbox 1332 4774 1547 4814; x_wconf 88' lang='lat' dir='ltr'><strong>carnem</strong></span> <span class='ocrx_word' id='word_1_423' title='bbox 1573 4760 1752 4815; x_wconf 86' lang='lat' dir='ltr'><strong>vivere</strong></span> <span class='ocrx_word' id='word_1_424' title='bbox 1778 4802 1792 4826; x_wconf 92' lang='lat'><strong>,</strong></span> <span class='ocrx_word' id='word_1_425' title='bbox 1824 4763 1961 4816; x_wconf 85' lang='lat' dir='ltr'><strong>male</strong></span> <span class='ocrx_word' id='word_1_426' title='bbox 1990 4763 2068 4817; x_wconf 91' lang='lat' dir='ltr'><strong>vi-</strong></span> 
     </span>
    </p>
   </div>
   <div class='ocr_carea' id='block_1_51' title="bbox 495 4850 2066 4923">
    <p class='ocr_par' dir='ltr' id='par_1_51' title="bbox 495 4850 2066 4923">
     <span class='ocr_line' id='line_1_51' title="bbox 495 4850 2066 4923; baseline 0.006 -24"><span class='ocrx_word' id='word_1_427' title='bbox 495 4863 618 4903; x_wconf 90' lang='lat' dir='ltr'><strong>vere</strong></span> <span class='ocrx_word' id='word_1_428' title='bbox 645 4858 731 4903; x_wconf 87' lang='lat' dir='ltr'><strong>est</strong></span> <span class='ocrx_word' id='word_1_429' title='bbox 762 4867 774 4903; x_wconf 91' lang='lat'>:</span> <span class='ocrx_word' id='word_1_430' title='bbox 808 4850 885 4904; x_wconf 89' lang='lat' dir='ltr'><strong>sic</strong></span> <span class='ocrx_word' id='word_1_431' title='bbox 910 4850 1202 4904; x_wconf 76' lang='lat' dir='ltr'><strong>secundum</strong></span> <span class='ocrx_word' id='word_1_432' title='bbox 1233 4865 1446 4906; x_wconf 89' lang='lat' dir='ltr'><strong>carnem</strong></span> <span class='ocrx_word' id='word_1_433' title='bbox 1469 4851 1729 4920; x_wconf 87' lang='lat' dir='ltr'><strong>judicare,</strong></span> <span class='ocrx_word' id='word_1_434' title='bbox 1755 4862 1836 4907; x_wconf 90' lang='lat' dir='ltr'><strong>est</strong></span> <span class='ocrx_word' id='word_1_435' title='bbox 1869 4855 2066 4923; x_wconf 90' lang='lat' dir='ltr'><strong>injuste</strong></span> 
     </span>
    </p>
   </div>
   <div class='ocr_carea' id='block_1_52' title="bbox 491 4937 2065 5012">
    <p class='ocr_par' dir='ltr' id='par_1_52' title="bbox 491 4937 2065 5012">
     <span class='ocr_line' id='line_1_52' title="bbox 491 4937 2065 5012; baseline 0.005 -22"><span class='ocrx_word' id='word_1_436' title='bbox 491 4937 746 5008; x_wconf 89' lang='lat' dir='ltr'><strong>judicare.</strong></span> <span class='ocrx_word' id='word_1_437' title='bbox 777 4938 884 5009; x_wconf 81' lang='lat' dir='ltr'><strong>Ego</strong></span> <span class='ocrx_word' id='word_1_438' title='bbox 928 4955 1026 4993; x_wconf 87' lang='lat' dir='ltr'><strong>non</strong></span> <span class='ocrx_word' id='word_1_439' title='bbox 1039 4940 1216 5009; x_wconf 85' lang='lat' dir='ltr'><strong>judico</strong></span> <span class='ocrx_word' id='word_1_440' title='bbox 1253 4957 1546 5010; x_wconf 86' lang='lat' dir='ltr'><strong>quemquam</strong></span> <span class='ocrx_word' id='word_1_441' title='bbox 1575 4958 1592 4995; x_wconf 89' lang='lat'><strong><em>:</em></strong></span> <span class='ocrx_word' id='word_1_442' title='bbox 1617 4943 1700 4997; x_wconf 85' lang='grc'><strong>16.</strong></span> <span class='ocrx_word' id='word_1_443' title='bbox 1731 4953 1777 4998; x_wconf 88' lang='lat' dir='ltr'><strong>et</strong></span> <span class='ocrx_word' id='word_1_444' title='bbox 1803 4945 1850 4997; x_wconf 89' lang='lat' dir='ltr'><strong>si</strong></span> <span class='ocrx_word' id='word_1_445' title='bbox 1863 4945 2065 5012; x_wconf 78' lang='lat' dir='ltr'><strong>judico,</strong></span> 
     </span>
    </p>
   </div>
   <div class='ocr_carea' id='block_1_53' title="bbox 493 5027 2061 5101">
    <p class='ocr_par' dir='ltr' id='par_1_53' title="bbox 493 5027 2061 5101">
     <span class='ocr_line' id='line_1_53' title="bbox 493 5027 2061 5101; baseline 0.007 -24"><span class='ocrx_word' id='word_1_446' title='bbox 493 5027 737 5088; x_wconf 73' lang='lat' dir='ltr'><strong>indicina:</strong></span> <span class='ocrx_word' id='word_1_447' title='bbox 774 5044 938 5080; x_wconf 89' lang='lat' dir='ltr'><strong>meum</strong></span> <span class='ocrx_word' id='word_1_448' title='bbox 976 5044 1145 5081; x_wconf 82' lang='lat' dir='ltr'><strong>verum</strong></span> <span class='ocrx_word' id='word_1_449' title='bbox 1175 5039 1265 5082; x_wconf 88' lang='lat' dir='ltr'><strong>est.</strong></span> <span class='ocrx_word' id='word_1_450' title='bbox 1313 5029 1422 5084; x_wconf 87' lang='lat' dir='ltr'><strong>Ilne</strong></span> <span class='ocrx_word' id='word_1_451' title='bbox 1442 5040 1542 5093; x_wconf 88' lang='lat' dir='ltr'><strong>est,</strong></span> <span class='ocrx_word' id='word_1_452' title='bbox 1572 5029 1770 5100; x_wconf 91' lang='lat' dir='ltr'><strong>Iujuste</strong></span> <span class='ocrx_word' id='word_1_453' title='bbox 1791 5034 2061 5101; x_wconf 89' lang='lat' dir='ltr'><strong>judicatis.</strong></span> 
     </span>
    </p>
   </div>
   <div class='ocr_carea' id='block_1_54' title="bbox 494 5115 2066 5194">
    <p class='ocr_par' dir='ltr' id='par_1_54' title="bbox 494 5115 2066 5194">
     <span class='ocr_line' id='line_1_54' title="bbox 494 5115 2066 5194; baseline 0.006 -26"><span class='ocrx_word' id='word_1_454' title='bbox 494 5115 558 5168; x_wconf 84' lang='lat' dir='ltr'><strong>Et</strong></span> <span class='ocrx_word' id='word_1_455' title='bbox 583 5116 625 5169; x_wconf 93' lang='lat' dir='ltr'><strong>si</strong></span> <span class='ocrx_word' id='word_1_456' title='bbox 648 5116 844 5185; x_wconf 82' lang='lat' dir='ltr'><strong>injuste</strong></span> <span class='ocrx_word' id='word_1_457' title='bbox 865 5116 1186 5186; x_wconf 87' lang='lat' dir='ltr'><strong>judicamus,</strong></span> <span class='ocrx_word' id='word_1_458' title='bbox 1214 5119 1477 5187; x_wconf 91' lang='lat' dir='ltr'><strong>inquiunt,</strong></span> <span class='ocrx_word' id='word_1_459' title='bbox 1503 5135 1598 5174; x_wconf 87' lang='lat' dir='ltr'><strong>cur</strong></span> <span class='ocrx_word' id='word_1_460' title='bbox 1622 5137 1723 5175; x_wconf 92' lang='lat' dir='ltr'><strong>non</strong></span> <span class='ocrx_word' id='word_1_461' title='bbox 1753 5124 2066 5194; x_wconf 89' lang='lat' dir='ltr'><strong>redarguis?</strong></span> 
     </span>
    </p>
   </div>
   <div class='ocr_carea' id='block_1_55' title="bbox 491 5210 2064 5283">
    <p class='ocr_par' dir='ltr' id='par_1_55' title="bbox 491 5210 2064 5283">
     <span class='ocr_line' id='line_1_55' title="bbox 491 5210 2064 5283; baseline 0.009 -23"><span class='ocrx_word' id='word_1_462' title='bbox 491 5220 586 5260; x_wconf 90' lang='lat' dir='ltr'><strong>cur</strong></span> <span class='ocrx_word' id='word_1_463' title='bbox 614 5222 718 5261; x_wconf 92' lang='lat' dir='ltr'><strong>non</strong></span> <span class='ocrx_word' id='word_1_464' title='bbox 759 5210 1029 5279; x_wconf 86' lang='lat' dir='ltr'><strong>castigas?</strong></span> <span class='ocrx_word' id='word_1_465' title='bbox 1055 5226 1150 5265; x_wconf 91' lang='lat' dir='ltr'><strong>cur</strong></span> <span class='ocrx_word' id='word_1_466' title='bbox 1179 5226 1282 5264; x_wconf 90' lang='lat' dir='ltr'><strong>non</strong></span> <span class='ocrx_word' id='word_1_467' title='bbox 1312 5212 1635 5268; x_wconf 90' lang='lat' dir='ltr'><strong>condemnas</strong></span> <span class='ocrx_word' id='word_1_468' title='bbox 1655 5218 1678 5268; x_wconf 83' lang='lat' dir='ltr'><strong>‘t</strong></span> <span class='ocrx_word' id='word_1_469' title='bbox 1699 5215 1831 5283; x_wconf 86' lang='lat' dir='ltr'><strong>Quia</strong></span> <span class='ocrx_word' id='word_1_470' title='bbox 1862 5234 1967 5272; x_wconf 92' lang='lat' dir='ltr'><strong>non</strong></span> <span class='ocrx_word' id='word_1_471' title='bbox 1999 5221 2064 5275; x_wconf 90' lang='lat' dir='ltr'><strong>ad</strong></span> 
     </span>
    </p>
   </div>
   <div class='ocr_carea' id='block_1_56' title="bbox 489 5299 2065 5378">
    <p class='ocr_par' dir='ltr' id='par_1_56' title="bbox 489 5299 2065 5378">
     <span class='ocr_line' id='line_1_56' title="bbox 489 5299 2065 5378; baseline 0.008 -26"><span class='ocrx_word' id='word_1_472' title='bbox 489 5299 592 5354; x_wconf 88' lang='lat' dir='ltr'><strong>hoc</strong></span> <span class='ocrx_word' id='word_1_473' title='bbox 623 5301 783 5368; x_wconf 88' lang='lat' dir='ltr'><strong>veni,</strong></span> <span class='ocrx_word' id='word_1_474' title='bbox 812 5301 1000 5371; x_wconf 90' lang='lat' dir='ltr'><strong>inquit.</strong></span> <span class='ocrx_word' id='word_1_475' title='bbox 1048 5300 1102 5355; x_wconf 88' lang='lat' dir='ltr'><strong>Id</strong></span> <span class='ocrx_word' id='word_1_476' title='bbox 1145 5303 1287 5356; x_wconf 91' lang='lat' dir='ltr'><strong>enim</strong></span> <span class='ocrx_word' id='word_1_477' title='bbox 1336 5303 1597 5372; x_wconf 84' lang='lat' dir='ltr'><strong>signiﬁcat</strong></span> <span class='ocrx_word' id='word_1_478' title='bbox 1627 5305 1752 5360; x_wconf 92' lang='lat' dir='ltr'><strong>illud</strong></span> <span class='ocrx_word' id='word_1_479' title='bbox 1779 5325 1791 5359; x_wconf 89' lang='lat'><em>:</em></span> <span class='ocrx_word' id='word_1_480' title='bbox 1827 5307 1934 5378; x_wconf 86' lang='lat' dir='ltr'><strong>Ego</strong></span> <span class='ocrx_word' id='word_1_481' title='bbox 1965 5326 2065 5364; x_wconf 89' lang='lat' dir='ltr'><strong>non</strong></span> 
     </span>
    </p>
   </div>
   <div class='ocr_carea' id='block_1_57' title="bbox 552 5490 2065 5558">
    <p class='ocr_par' dir='ltr' id='par_1_57' title="bbox 552 5490 2065 5558">
     <span class='ocr_line' id='line_1_57' title="bbox 552 5490 2065 5558; baseline 0.007 -21"><span class='ocrx_word' id='word_1_482' title='bbox 552 5491 630 5558; x_wconf 66' lang='lat' dir='ltr'><strong>(tt)</strong></span> <span class='ocrx_word' id='word_1_483' title='bbox 652 5491 737 5541; x_wconf 91' lang='lat' dir='ltr'><strong>ttic</strong></span> <span class='ocrx_word' id='word_1_484' title='bbox 761 5497 906 5539; x_wconf 87' lang='lat' dir='ltr'><strong>totam</strong></span> <span class='ocrx_word' id='word_1_485' title='bbox 940 5491 1006 5558; x_wconf 79' lang='lat' dir='ltr'><strong>de</strong></span> <span class='ocrx_word' id='word_1_486' title='bbox 1041 5490 1249 5558; x_wconf 73' lang='lat' dir='ltr'><strong>muliere</strong></span> <span class='ocrx_word' id='word_1_487' title='bbox 1285 5490 1333 5538; x_wconf 88' lang='lat' dir='ltr'><strong>in</strong></span> <span class='ocrx_word' id='word_1_488' title='bbox 1370 5491 1609 5542; x_wconf 85' lang='lat' dir='ltr'><strong>adulterio</strong></span> <span class='ocrx_word' id='word_1_489' title='bbox 1640 5494 1949 5558; x_wconf 81' lang='lat' dir='ltr'><strong>deprehensa</strong></span> <span class='ocrx_word' id='word_1_490' title='bbox 1991 5497 2065 5547; x_wconf 81' lang='lat' dir='ltr'><strong>hi-</strong></span> 
     </span>
    </p>
   </div>
   <div class='ocr_carea' id='block_1_58' title="bbox 487 5552 1423 5616">
    <p class='ocr_par' dir='ltr' id='par_1_58' title="bbox 487 5552 1423 5616">
     <span class='ocr_line' id='line_1_58' title="bbox 487 5552 1423 5616; baseline -0.001 -16"><span class='ocrx_word' id='word_1_491' title='bbox 487 5554 680 5616; x_wconf 72' lang='lat' dir='ltr'><strong>sturiam</strong></span> <span class='ocrx_word' id='word_1_492' title='bbox 695 5553 1031 5616; x_wconf 62' lang='lat' dir='ltr'><strong>praetermittit</strong></span> <span class='ocrx_word' id='word_1_493' title='bbox 1050 5552 1423 5616; x_wconf 9' lang='lat' dir='ltr'><strong>ijrysostotnus.</strong></span> 
     </span>
    </p>
   </div>
   <div class='ocr_carea' id='block_1_59' title="bbox 555 5613 2065 5682">
    <p class='ocr_par' dir='ltr' id='par_1_59' title="bbox 555 5613 2065 5682">
     <span class='ocr_line' id='line_1_59' title="bbox 555 5613 2065 5682; baseline 0.007 -19"><span class='ocrx_word' id='word_1_494' title='bbox 555 5613 624 5682; x_wconf 75' lang='grc' dir='ltr'><strong>(ὁ)</strong></span> <span class='ocrx_word' id='word_1_495' title='bbox 655 5614 792 5669; x_wconf 81' lang='lat' dir='ltr'><strong>llltul,</strong></span> <span class='ocrx_word' id='word_1_496' title='bbox 815 5613 1025 5682; x_wconf 71' lang='lat' dir='ltr'><strong>clamare</strong></span> <span class='ocrx_word' id='word_1_497' title='bbox 1045 5613 1188 5682; x_wconf 78' lang='lat' dir='ltr'><strong>e_u_iin,</strong></span> <span class='ocrx_word' id='word_1_498' title='bbox 1217 5613 1405 5682; x_wconf 71' lang='lat' dir='ltr'><strong>videtur</strong></span> <span class='ocrx_word' id='word_1_499' title='bbox 1430 5618 1678 5682; x_wconf 83' lang='lat' dir='ltr'><strong>respicere</strong></span> <span class='ocrx_word' id='word_1_500' title='bbox 1700 5620 1816 5671; x_wconf 90' lang='lat' dir='ltr'><strong>illud</strong></span> <span class='ocrx_word' id='word_1_501' title='bbox 1849 5635 1952 5682; x_wconf 86' lang='lat' dir='ltr'><strong>cap.</strong></span> <span class='ocrx_word' id='word_1_502' title='bbox 1983 5635 2065 5673; x_wconf 83' lang='lat' dir='ltr'><strong>sc-</strong></span> 
     </span>
    </p>
   </div>
   <div class='ocr_carea' id='block_1_60' title="bbox 489 5675 1661 5736">
    <p class='ocr_par' dir='ltr' id='par_1_60' title="bbox 489 5675 1661 5736">
     <span class='ocr_line' id='line_1_60' title="bbox 489 5675 1661 5736; baseline 0.003 -12"><span class='ocrx_word' id='word_1_503' title='bbox 489 5677 621 5736; x_wconf 84' lang='lat' dir='ltr'><strong>ptnni</strong></span> <span class='ocrx_word' id='word_1_504' title='bbox 643 5675 963 5734; x_wconf 71' lang='lat' dir='ltr'><strong>|‘|‘iCCL&quot;t.lclllIS</strong></span> <span class='ocrx_word' id='word_1_505' title='bbox 989 5690 1030 5724; x_wconf 86' lang='lat' dir='ltr'><strong>v.</strong></span> <span class='ocrx_word' id='word_1_506' title='bbox 1059 5676 1136 5734; x_wconf 74' lang='lat'><strong>57,</strong></span> <span class='ocrx_word' id='word_1_507' title='bbox 1163 5684 1205 5726; x_wconf 81' lang='lat' dir='ltr'><strong>ct</strong></span> <span class='ocrx_word' id='word_1_508' title='bbox 1230 5676 1464 5728; x_wconf 80' lang='lat' dir='ltr'><strong>clamabat</strong></span> <span class='ocrx_word' id='word_1_509' title='bbox 1482 5679 1661 5730; x_wconf 83' lang='lat' dir='ltr'><strong>dicens.</strong></span> 
     </span>
    </p>
   </div>
   <div class='ocr_carea' id='block_1_61' title="bbox 1601 256 2651 319">
    <p class='ocr_par' dir='ltr' id='par_1_61' title="bbox 1601 256 2651 319">
     <span class='ocr_line' id='line_1_61' title="bbox 1601 256 2651 319; baseline -0.001 0"><span class='ocrx_word' id='word_1_510' title='bbox 1601 265 1663 318; x_wconf 78' lang='lat' dir='ltr'><strong>IN</strong></span> <span class='ocrx_word' id='word_1_511' title='bbox 1702 260 2009 319; x_wconf 65' lang='lat' dir='ltr'><strong>JOANNEM</strong></span> <span class='ocrx_word' id='word_1_512' title='bbox 2051 256 2280 314; x_wconf 81' lang='lat' dir='ltr'><strong>lIOMlL.</strong></span> <span class='ocrx_word' id='word_1_513' title='bbox 2322 257 2425 313; x_wconf 85' lang='lat' dir='ltr'><strong>LII.</strong></span> <span class='ocrx_word' id='word_1_514' title='bbox 2461 262 2527 316; x_wconf 84' lang='lat' dir='ltr'><strong>ul.</strong></span> <span class='ocrx_word' id='word_1_515' title='bbox 2569 263 2651 319; x_wconf 93' lang='lat' dir='ltr'><strong>LI.</strong></span> 
     </span>
    </p>
   </div>
   <div class='ocr_carea' id='block_1_62' title="bbox 3644 275 3754 333">
    <p class='ocr_par' dir='ltr' id='par_1_62' title="bbox 3644 275 3754 333">
     <span class='ocr_line' id='line_1_62' title="bbox 3644 275 3754 333; baseline 0.018 -2"><span class='ocrx_word' id='word_1_516' title='bbox 3644 275 3754 333; x_wconf 74' lang='lat'><strong>290</strong></span> 
     </span>
    </p>
   </div>
   <div class='ocr_carea' id='block_1_63' title="bbox 2170 372 3748 452">
    <p class='ocr_par' dir='ltr' id='par_1_63' title="bbox 2170 372 3748 452">
     <span class='ocr_line' id='line_1_63' title="bbox 2170 372 3748 452; baseline 0.013 -28"><span class='ocrx_word' id='word_1_517' title='bbox 2170 372 2342 439; x_wconf 82' lang='lat' dir='ltr'><strong>judico</strong></span> <span class='ocrx_word' id='word_1_518' title='bbox 2369 390 2664 445; x_wconf 83' lang='lat' dir='ltr'><strong>quemquam</strong></span> <span class='ocrx_word' id='word_1_519' title='bbox 2692 395 2708 431; x_wconf 86' lang='lat'><em>:</em></span> <span class='ocrx_word' id='word_1_520' title='bbox 2733 387 2780 432; x_wconf 87' lang='lat' dir='ltr'><strong>et</strong></span> <span class='ocrx_word' id='word_1_521' title='bbox 2805 379 2848 432; x_wconf 84' lang='lat' dir='ltr'><strong>si</strong></span> <span class='ocrx_word' id='word_1_522' title='bbox 2864 381 3060 450; x_wconf 78' lang='lat' dir='ltr'><strong>judico,</strong></span> <span class='ocrx_word' id='word_1_523' title='bbox 3083 383 3334 452; x_wconf 79' lang='lat' dir='ltr'><strong>judicium</strong></span> <span class='ocrx_word' id='word_1_524' title='bbox 3373 403 3535 441; x_wconf 85' lang='lat' dir='ltr'><strong>meum</strong></span> <span class='ocrx_word' id='word_1_525' title='bbox 3580 404 3748 445; x_wconf 79' lang='lat' dir='ltr'><strong>verum</strong></span> 
     </span>
    </p>
   </div>
   <div class='ocr_carea' id='block_1_64' title="bbox 2170 465 3749 541">
    <p class='ocr_par' dir='ltr' id='par_1_64' title="bbox 2170 465 3749 541">
     <span class='ocr_line' id='line_1_64' title="bbox 2170 465 3749 541; baseline 0.016 -24"><span class='ocrx_word' id='word_1_526' title='bbox 2170 474 2259 518; x_wconf 82' lang='lat' dir='ltr'><strong>est.</strong></span> <span class='ocrx_word' id='word_1_527' title='bbox 2292 465 2423 521; x_wconf 87' lang='lat' dir='ltr'><strong>Nam</strong></span> <span class='ocrx_word' id='word_1_528' title='bbox 2449 467 2492 521; x_wconf 93' lang='lat' dir='ltr'><strong>si</strong></span> <span class='ocrx_word' id='word_1_529' title='bbox 2515 467 2756 537; x_wconf 88' lang='lat' dir='ltr'><strong>judicare</strong></span> <span class='ocrx_word' id='word_1_530' title='bbox 2794 472 3008 540; x_wconf 85' lang='lat' dir='ltr'><strong>vellem,</strong></span> <span class='ocrx_word' id='word_1_531' title='bbox 3032 491 3098 530; x_wconf 88' lang='lat' dir='ltr'><strong>ex</strong></span> <span class='ocrx_word' id='word_1_532' title='bbox 3123 475 3494 535; x_wconf 89' lang='lat' dir='ltr'><strong>damnatorum</strong></span> <span class='ocrx_word' id='word_1_533' title='bbox 3527 498 3749 541; x_wconf 89' lang='lat' dir='ltr'><strong>numem</strong></span> 
     </span>
    </p>
   </div>
   <div class='ocr_carea' id='block_1_65' title="bbox 2170 559 3748 650">
    <p class='ocr_par' dir='ltr' id='par_1_65' title="bbox 2170 559 3748 650">
     <span class='ocr_line' id='line_1_65' title="bbox 2170 559 3748 650; baseline 0.015 -40"><span class='ocrx_word' id='word_1_534' title='bbox 2170 559 2362 613; x_wconf 89' lang='lat' dir='ltr'><strong>essetis</strong></span> <span class='ocrx_word' id='word_1_535' title='bbox 2389 576 2400 611; x_wconf 94' lang='lat'>:</span> <span class='ocrx_word' id='word_1_536' title='bbox 2433 559 2548 615; x_wconf 71' lang='lat' dir='ltr'><strong>tunc</strong></span> <span class='ocrx_word' id='word_1_537' title='bbox 2596 578 2725 618; x_wconf 84' lang='lat' dir='ltr'><strong>vero</strong></span> <span class='ocrx_word' id='word_1_538' title='bbox 2754 580 2858 620; x_wconf 92' lang='lat' dir='ltr'><strong>non</strong></span> <span class='ocrx_word' id='word_1_539' title='bbox 2885 567 3130 635; x_wconf 86' lang='lat' dir='ltr'><strong>judicans</strong></span> <span class='ocrx_word' id='word_1_540' title='bbox 3156 570 3277 626; x_wconf 82' lang='lat' dir='ltr'><strong>dice</strong></span> <span class='ocrx_word' id='word_1_541' title='bbox 3303 613 3317 637; x_wconf 90' lang='lat'><strong>,</strong></span> <span class='ocrx_word' id='word_1_542' title='bbox 3347 574 3534 644; x_wconf 88' lang='lat' dir='ltr'><strong>inquit.</strong></span> <span class='ocrx_word' id='word_1_543' title='bbox 3563 576 3748 650; x_wconf 84' lang='lat' dir='ltr'><strong>Neque</strong></span> 
     </span>
    </p>
   </div>
   <div class='ocr_carea' id='block_1_66' title="bbox 2167 643 3777 733">
    <p class='ocr_par' dir='ltr' id='par_1_66' title="bbox 2167 643 3777 733">
     <span class='ocr_line' id='line_1_66' title="bbox 2167 643 3777 733; baseline 0.014 -31"><span class='ocrx_word' id='word_1_544' title='bbox 2167 647 2291 703; x_wconf 88' lang='lat' dir='ltr'><strong>ideo</strong></span> <span class='ocrx_word' id='word_1_545' title='bbox 2317 648 2441 713; x_wconf 86' lang='lat' dir='ltr'><strong>dixi,</strong></span> <span class='ocrx_word' id='word_1_546' title='bbox 2476 651 2590 706; x_wconf 85' lang='lat' dir='ltr'><strong>Non</strong></span> <span class='ocrx_word' id='word_1_547' title='bbox 2613 653 2858 722; x_wconf 88' lang='lat' dir='ltr'><strong>judicans</strong></span> <span class='ocrx_word' id='word_1_548' title='bbox 2889 658 3028 723; x_wconf 86' lang='lat' dir='ltr'><strong>dico,</strong></span> <span class='ocrx_word' id='word_1_549' title='bbox 3055 661 3198 730; x_wconf 89' lang='lat' dir='ltr'><strong>quod</strong></span> <span class='ocrx_word' id='word_1_550' title='bbox 3230 679 3336 718; x_wconf 90' lang='lat' dir='ltr'><strong>non</strong></span> <span class='ocrx_word' id='word_1_551' title='bbox 3377 643 3557 733; x_wconf 77' lang='lat' dir='ltr'><strong>ﬁdam,</strong></span> <span class='ocrx_word' id='word_1_552' title='bbox 3588 643 3677 722; x_wconf 75' lang='lat' dir='ltr'><strong>me</strong></span> <span class='ocrx_word' id='word_1_553' title='bbox 3702 643 3777 723; x_wconf 49' lang='lat' dir='ltr'><strong>sil</strong></span> 
     </span>
    </p>
   </div>
   <div class='ocr_carea' id='block_1_67' title="bbox 2164 739 3748 829">
    <p class='ocr_par' dir='ltr' id='par_1_67' title="bbox 2164 739 3748 829">
     <span class='ocr_line' id='line_1_67' title="bbox 2164 739 3748 829; baseline 0.016 -38"><span class='ocrx_word' id='word_1_554' title='bbox 2164 739 2418 808; x_wconf 90' lang='lat' dir='ltr'><strong>judicem,</strong></span> <span class='ocrx_word' id='word_1_555' title='bbox 2451 757 2547 796; x_wconf 86' lang='lat' dir='ltr'><strong>vos</strong></span> <span class='ocrx_word' id='word_1_556' title='bbox 2572 759 2689 800; x_wconf 91' lang='lat' dir='ltr'><strong>esse</strong></span> <span class='ocrx_word' id='word_1_557' title='bbox 2714 757 2990 816; x_wconf 90' lang='lat' dir='ltr'><strong>capturum</strong></span> <span class='ocrx_word' id='word_1_558' title='bbox 3021 751 3165 822; x_wconf 90' lang='lat' dir='ltr'><strong>(nam</strong></span> <span class='ocrx_word' id='word_1_559' title='bbox 3193 755 3236 808; x_wconf 90' lang='lat' dir='ltr'><strong>si</strong></span> <span class='ocrx_word' id='word_1_560' title='bbox 3264 755 3580 824; x_wconf 86' lang='lat' dir='ltr'><strong>jndicarem,</strong></span> <span class='ocrx_word' id='word_1_561' title='bbox 3604 759 3748 829; x_wconf 88' lang='lat' dir='ltr'><strong>juste</strong></span> 
     </span>
    </p>
   </div>
   <div class='ocr_carea' id='block_1_68' title="bbox 2172 831 3744 914">
    <p class='ocr_par' dir='ltr' id='par_1_68' title="bbox 2172 831 3744 914">
     <span class='ocr_line' id='line_1_68' title="bbox 2172 831 3744 914; baseline 0.015 -33"><span class='ocrx_word' id='word_1_562' title='bbox 2172 845 2264 883; x_wconf 89' lang='lat' dir='ltr'><strong>vos</strong></span> <span class='ocrx_word' id='word_1_563' title='bbox 2291 831 2701 888; x_wconf 90' lang='lat' dir='ltr'><strong>condemnarem</strong></span> <span class='ocrx_word' id='word_1_564' title='bbox 2726 835 2745 905; x_wconf 88' lang='lat'>)</span> <span class='ocrx_word' id='word_1_565' title='bbox 2781 855 2794 891; x_wconf 89' lang='lat'><strong>:</strong></span> <span class='ocrx_word' id='word_1_566' title='bbox 2835 846 2890 890; x_wconf 90' lang='lat' dir='ltr'><strong>at</strong></span> <span class='ocrx_word' id='word_1_567' title='bbox 2911 854 3051 894; x_wconf 91' lang='lat' dir='ltr'><strong>nunc</strong></span> <span class='ocrx_word' id='word_1_568' title='bbox 3074 849 3280 912; x_wconf 88' lang='lat' dir='ltr'><strong>tempus</strong></span> <span class='ocrx_word' id='word_1_569' title='bbox 3303 846 3488 914; x_wconf 86' lang='lat' dir='ltr'><strong>judicii</strong></span> <span class='ocrx_word' id='word_1_570' title='bbox 3515 863 3618 904; x_wconf 91' lang='lat' dir='ltr'><strong>non</strong></span> <span class='ocrx_word' id='word_1_571' title='bbox 3640 859 3744 906; x_wconf 90' lang='lat' dir='ltr'><strong>est.</strong></span> 
     </span>
    </p>
   </div>
   <div class='ocr_carea' id='block_1_69' title="bbox 2172 919 3744 1007">
    <p class='ocr_par' dir='ltr' id='par_1_69' title="bbox 2172 919 3744 1007">
     <span class='ocr_line' id='line_1_69' title="bbox 2172 919 3744 1007; baseline 0.014 -34"><span class='ocrx_word' id='word_1_572' title='bbox 2172 919 2426 976; x_wconf 87' lang='lat' dir='ltr'><strong>Futurum</strong></span> <span class='ocrx_word' id='word_1_573' title='bbox 2479 939 2690 996; x_wconf 90' lang='lat' dir='ltr'><strong>quoque</strong></span> <span class='ocrx_word' id='word_1_574' title='bbox 2733 927 2988 996; x_wconf 86' lang='lat' dir='ltr'><strong>judicium</strong></span> <span class='ocrx_word' id='word_1_575' title='bbox 3037 931 3371 1002; x_wconf 90' lang='lat' dir='ltr'><strong>subindicat,</strong></span> <span class='ocrx_word' id='word_1_576' title='bbox 3426 953 3546 993; x_wconf 92' lang='lat' dir='ltr'><strong>eum</strong></span> <span class='ocrx_word' id='word_1_577' title='bbox 3596 938 3744 1007; x_wconf 80' lang='lat' dir='ltr'><strong>dicit,</strong></span> 
     </span>
    </p>
   </div>
   <div class='ocr_carea' id='block_1_70' title="bbox 2176 1013 3747 1092">
    <p class='ocr_par' dir='ltr' id='par_1_70' title="bbox 2176 1013 3747 1092">
     <span class='ocr_line' id='line_1_70' title="bbox 2176 1013 3747 1092; baseline 0.013 -27"><span class='ocrx_word' id='word_1_578' title='bbox 2176 1013 2308 1080; x_wconf 84' lang='lat' dir='ltr'><strong>Quia</strong></span> <span class='ocrx_word' id='word_1_579' title='bbox 2334 1015 2473 1070; x_wconf 89' lang='lat' dir='ltr'><strong>solus</strong></span> <span class='ocrx_word' id='word_1_580' title='bbox 2503 1032 2603 1070; x_wconf 81' lang='lat' dir='ltr'><strong>non</strong></span> <span class='ocrx_word' id='word_1_581' title='bbox 2643 1033 2775 1083; x_wconf 83' lang='lat' dir='ltr'><strong>sum,</strong></span> <span class='ocrx_word' id='word_1_582' title='bbox 2803 1021 2895 1073; x_wconf 88' lang='lat' dir='ltr'><strong>sed</strong></span> <span class='ocrx_word' id='word_1_583' title='bbox 2914 1037 3004 1091; x_wconf 89' lang='lat' dir='ltr'><strong>ego</strong></span> <span class='ocrx_word' id='word_1_584' title='bbox 3029 1035 3074 1075; x_wconf 84' lang='lat' dir='ltr'><strong>et</strong></span> <span class='ocrx_word' id='word_1_585' title='bbox 3094 1025 3179 1092; x_wconf 81' lang='lat' dir='ltr'><strong>qui</strong></span> <span class='ocrx_word' id='word_1_586' title='bbox 3199 1026 3332 1078; x_wconf 85' lang='lat' dir='ltr'><strong>misit</strong></span> <span class='ocrx_word' id='word_1_587' title='bbox 3352 1043 3430 1080; x_wconf 84' lang='lat' dir='ltr'><strong>me</strong></span> <span class='ocrx_word' id='word_1_588' title='bbox 3453 1027 3628 1083; x_wconf 83' lang='lat' dir='ltr'><strong>Pater.</strong></span> <span class='ocrx_word' id='word_1_589' title='bbox 3652 1030 3747 1086; x_wconf 82' lang='lat' dir='ltr'><strong>Ilie</strong></span> 
     </span>
    </p>
   </div>
   <div class='ocr_carea' id='block_1_71' title="bbox 2173 1105 3736 1182">
    <p class='ocr_par' dir='ltr' id='par_1_71' title="bbox 2173 1105 3736 1182">
     <span class='ocr_line' id='line_1_71' title="bbox 2173 1105 3736 1182; baseline 0.011 -26"><span class='ocrx_word' id='word_1_590' title='bbox 2173 1118 2333 1172; x_wconf 89' lang='lat' dir='ltr'><strong>porro</strong></span> <span class='ocrx_word' id='word_1_591' title='bbox 2365 1105 2554 1172; x_wconf 91' lang='lat' dir='ltr'><strong>innuit,</strong></span> <span class='ocrx_word' id='word_1_592' title='bbox 2586 1122 2689 1161; x_wconf 86' lang='lat' dir='ltr'><strong>non</strong></span> <span class='ocrx_word' id='word_1_593' title='bbox 2707 1122 2766 1163; x_wconf 87' lang='lat' dir='ltr'><strong>se</strong></span> <span class='ocrx_word' id='word_1_594' title='bbox 2793 1110 2964 1165; x_wconf 90' lang='lat' dir='ltr'><strong>solum</strong></span> <span class='ocrx_word' id='word_1_595' title='bbox 2989 1112 3131 1181; x_wconf 88' lang='lat' dir='ltr'><strong>ipsos</strong></span> <span class='ocrx_word' id='word_1_596' title='bbox 3157 1113 3433 1182; x_wconf 87' lang='lat' dir='ltr'><strong>danmare,</strong></span> <span class='ocrx_word' id='word_1_597' title='bbox 3456 1120 3548 1173; x_wconf 91' lang='lat' dir='ltr'><strong>sed</strong></span> <span class='ocrx_word' id='word_1_598' title='bbox 3579 1121 3736 1174; x_wconf 82' lang='lat' dir='ltr'><strong>etiam</strong></span> 
     </span>
    </p>
   </div>
   <div class='ocr_carea' id='block_1_72' title="bbox 2171 1195 3746 1278">
    <p class='ocr_par' dir='ltr' id='par_1_72' title="bbox 2171 1195 3746 1278">
     <span class='ocr_line' id='line_1_72' title="bbox 2171 1195 3746 1278; baseline 0.011 -30"><span class='ocrx_word' id='word_1_599' title='bbox 2171 1195 2400 1251; x_wconf 86' lang='lat' dir='ltr'><strong>Patrem.</strong></span> <span class='ocrx_word' id='word_1_600' title='bbox 2453 1198 2650 1253; x_wconf 90' lang='lat' dir='ltr'><strong>Deinde</strong></span> <span class='ocrx_word' id='word_1_601' title='bbox 2703 1200 2804 1256; x_wconf 89' lang='lat' dir='ltr'><strong>hoc</strong></span> <span class='ocrx_word' id='word_1_602' title='bbox 2837 1203 2936 1256; x_wconf 89' lang='lat' dir='ltr'><strong>sub</strong></span> <span class='ocrx_word' id='word_1_603' title='bbox 2969 1205 3150 1260; x_wconf 86' lang='lat' dir='ltr'><strong>umbra</strong></span> <span class='ocrx_word' id='word_1_604' title='bbox 3207 1206 3431 1278; x_wconf 86' lang='lat' dir='ltr'><strong>quadam</strong></span> <span class='ocrx_word' id='word_1_605' title='bbox 3487 1208 3638 1277; x_wconf 80' lang='lat' dir='ltr'><strong>dixit,</strong></span> <span class='ocrx_word' id='word_1_606' title='bbox 3693 1213 3746 1265; x_wconf 90' lang='lat' dir='ltr'><strong>in</strong></span> 
     </span>
    </p>
   </div>
   <div class='ocr_carea' id='block_1_73' title="bbox 2170 1286 3746 1369">
    <p class='ocr_par' dir='ltr' id='par_1_73' title="bbox 2170 1286 3746 1369">
     <span class='ocr_line' id='line_1_73' title="bbox 2170 1286 3746 1369; baseline 0.011 -30"><span class='ocrx_word' id='word_1_607' title='bbox 2170 1286 2246 1340; x_wconf 89' lang='lat' dir='ltr'><strong>rei</strong></span> <span class='ocrx_word' id='word_1_608' title='bbox 2280 1288 2638 1344; x_wconf 89' lang='lat' dir='ltr'><strong>testimonium</strong></span> <span class='ocrx_word' id='word_1_609' title='bbox 2686 1292 2944 1348; x_wconf 89' lang='lat' dir='ltr'><strong>inducens</strong></span> <span class='ocrx_word' id='word_1_610' title='bbox 2988 1313 3000 1348; x_wconf 93' lang='lat'>:</span> <span class='ocrx_word' id='word_1_611' title='bbox 3046 1296 3130 1350; x_wconf 85' lang='lat' dir='ltr'><strong>I7.</strong></span> <span class='ocrx_word' id='word_1_612' title='bbox 3164 1295 3229 1350; x_wconf 86' lang='lat' dir='ltr'><strong>In</strong></span> <span class='ocrx_word' id='word_1_613' title='bbox 3259 1298 3366 1369; x_wconf 88' lang='lat' dir='ltr'><strong>lege</strong></span> <span class='ocrx_word' id='word_1_614' title='bbox 3391 1310 3557 1354; x_wconf 89' lang='lat' dir='ltr'><strong>autem</strong></span> <span class='ocrx_word' id='word_1_615' title='bbox 3583 1311 3746 1356; x_wconf 79' lang='lat' dir='ltr'><strong>vestra</strong></span> 
     </span>
    </p>
   </div>
   <div class='ocr_carea' id='block_1_74' title="bbox 2169 1381 3746 1451">
    <p class='ocr_par' dir='ltr' id='par_1_74' title="bbox 2169 1381 3746 1451">
     <span class='ocr_line' id='line_1_74' title="bbox 2169 1381 3746 1451; baseline 0.013 -20"><span class='ocrx_word' id='word_1_616' title='bbox 2169 1381 2410 1448; x_wconf 85' lang='lat' dir='ltr'><strong>scriptum</strong></span> <span class='ocrx_word' id='word_1_617' title='bbox 2441 1391 2532 1449; x_wconf 83' lang='lat' dir='ltr'><strong>est,</strong></span> <span class='ocrx_word' id='word_1_618' title='bbox 2553 1382 2765 1437; x_wconf 86' lang='lat' dir='ltr'><strong>duorum</strong></span> <span class='ocrx_word' id='word_1_619' title='bbox 2800 1386 3058 1441; x_wconf 87' lang='lat' dir='ltr'><strong>hominum</strong></span> <span class='ocrx_word' id='word_1_620' title='bbox 3079 1391 3409 1446; x_wconf 80' lang='lat' dir='ltr'><strong>testimonium</strong></span> <span class='ocrx_word' id='word_1_621' title='bbox 3434 1410 3603 1448; x_wconf 81' lang='lat' dir='ltr'><strong>verum</strong></span> <span class='ocrx_word' id='word_1_622' title='bbox 3621 1412 3746 1451; x_wconf 81' lang='lat' dir='ltr'><strong>esse.</strong></span> 
     </span>
    </p>
   </div>
   <div class='ocr_carea' id='block_1_75' title="bbox 2265 1469 3745 1547">
    <p class='ocr_par' dir='ltr' id='par_1_75' title="bbox 2265 1469 3745 1547">
     <span class='ocr_line' id='line_1_75' title="bbox 2265 1469 3745 1547; baseline 0.012 -24"><span class='ocrx_word' id='word_1_623' title='bbox 2265 1470 2316 1524; x_wconf 82' lang='lat'><strong>5.</strong></span> <span class='ocrx_word' id='word_1_624' title='bbox 2352 1469 2717 1528; x_wconf 71' lang='lat' dir='ltr'><strong>Ila‘reticorum</strong></span> <span class='ocrx_word' id='word_1_625' title='bbox 2745 1475 2976 1542; x_wconf 83' lang='lat' dir='ltr'><strong>obiectio.</strong></span> <span class='ocrx_word' id='word_1_626' title='bbox 2999 1509 3071 1520; x_wconf 91' lang='lat'><strong><em>—</em></strong></span> <span class='ocrx_word' id='word_1_627' title='bbox 3091 1483 3223 1547; x_wconf 89' lang='lat' dir='ltr'><strong>Quid</strong></span> <span class='ocrx_word' id='word_1_628' title='bbox 3253 1482 3335 1537; x_wconf 86' lang='lat' dir='ltr'><strong>hic</strong></span> <span class='ocrx_word' id='word_1_629' title='bbox 3364 1483 3596 1540; x_wconf 76' lang='lat' dir='ltr'><strong>dixerint</strong></span> <span class='ocrx_word' id='word_1_630' title='bbox 3633 1486 3745 1542; x_wconf 75' lang='lat' dir='ltr'><strong>lun-</strong></span> 
     </span>
    </p>
   </div>
   <div class='ocr_carea' id='block_1_76' title="bbox 2170 1563 3748 1641">
    <p class='ocr_par' dir='ltr' id='par_1_76' title="bbox 2170 1563 3748 1641">
     <span class='ocr_line' id='line_1_76' title="bbox 2170 1563 3748 1641; baseline 0.011 -25"><span class='ocrx_word' id='word_1_631' title='bbox 2170 1563 2362 1617; x_wconf 87' lang='lat' dir='ltr'><strong>retiei?</strong></span> <span class='ocrx_word' id='word_1_632' title='bbox 2404 1563 2540 1632; x_wconf 89' lang='lat' dir='ltr'><strong>Quid</strong></span> <span class='ocrx_word' id='word_1_633' title='bbox 2598 1567 2715 1635; x_wconf 91' lang='lat' dir='ltr'><strong>plus</strong></span> <span class='ocrx_word' id='word_1_634' title='bbox 2763 1568 2986 1634; x_wconf 86' lang='lat' dir='ltr'><strong>habeat,</strong></span> <span class='ocrx_word' id='word_1_635' title='bbox 3032 1587 3190 1641; x_wconf 90' lang='lat' dir='ltr'><strong>quam</strong></span> <span class='ocrx_word' id='word_1_636' title='bbox 3253 1574 3514 1640; x_wconf 87' lang='lat' dir='ltr'><strong>homines,</strong></span> <span class='ocrx_word' id='word_1_637' title='bbox 3555 1579 3598 1632; x_wconf 89' lang='lat' dir='ltr'><strong>si</strong></span> <span class='ocrx_word' id='word_1_638' title='bbox 3645 1579 3748 1635; x_wconf 88' lang='lat' dir='ltr'><strong>hoc</strong></span> 
     </span>
    </p>
   </div>
   <div class='ocr_carea' id='block_1_77' title="bbox 2169 1653 3754 1734">
    <p class='ocr_par' dir='ltr' id='par_1_77' title="bbox 2169 1653 3754 1734">
     <span class='ocr_line' id='line_1_77' title="bbox 2169 1653 3754 1734; baseline 0.011 -27"><span class='ocrx_word' id='word_1_639' title='bbox 2169 1653 2369 1708; x_wconf 92' lang='lat' dir='ltr'><strong>dictum</strong></span> <span class='ocrx_word' id='word_1_640' title='bbox 2409 1655 2724 1724; x_wconf 87' lang='lat' dir='ltr'><strong>simpliciter</strong></span> <span class='ocrx_word' id='word_1_641' title='bbox 2749 1659 3112 1728; x_wconf 87' lang='lat' dir='ltr'><strong>accipiamus?</strong></span> <span class='ocrx_word' id='word_1_642' title='bbox 3140 1664 3290 1734; x_wconf 74' lang='lat' dir='ltr'><strong>Apud</strong></span> <span class='ocrx_word' id='word_1_643' title='bbox 3336 1666 3576 1723; x_wconf 89' lang='lat' dir='ltr'><strong>homines</strong></span> <span class='ocrx_word' id='word_1_644' title='bbox 3606 1671 3754 1724; x_wconf 84' lang='lat' dir='ltr'><strong>enim</strong></span> 
     </span>
    </p>
   </div>
   <div class='ocr_carea' id='block_1_78' title="bbox 2171 1743 3749 1819">
    <p class='ocr_par' dir='ltr' id='par_1_78' title="bbox 2171 1743 3749 1819">
     <span class='ocr_line' id='line_1_78' title="bbox 2171 1743 3749 1819; baseline 0.012 -23"><span class='ocrx_word' id='word_1_645' title='bbox 2171 1743 2290 1797; x_wconf 90' lang='lat' dir='ltr'><strong>ideo</strong></span> <span class='ocrx_word' id='word_1_646' title='bbox 2329 1743 2427 1798; x_wconf 91' lang='lat' dir='ltr'><strong>hoc</strong></span> <span class='ocrx_word' id='word_1_647' title='bbox 2472 1753 2727 1801; x_wconf 88' lang='lat' dir='ltr'><strong>statutum</strong></span> <span class='ocrx_word' id='word_1_648' title='bbox 2784 1748 2916 1815; x_wconf 78' lang='lat' dir='ltr'><strong>fuit,</strong></span> <span class='ocrx_word' id='word_1_649' title='bbox 2953 1752 3074 1819; x_wconf 89' lang='lat' dir='ltr'><strong>quia</strong></span> <span class='ocrx_word' id='word_1_650' title='bbox 3128 1769 3286 1809; x_wconf 89' lang='lat' dir='ltr'><strong>nemo</strong></span> <span class='ocrx_word' id='word_1_651' title='bbox 3324 1757 3470 1810; x_wconf 86' lang='lat' dir='ltr'><strong>solus</strong></span> <span class='ocrx_word' id='word_1_652' title='bbox 3510 1768 3591 1813; x_wconf 90' lang='lat' dir='ltr'><strong>est</strong></span> <span class='ocrx_word' id='word_1_653' title='bbox 3645 1759 3749 1816; x_wconf 86' lang='lat' dir='ltr'><strong>ﬁde</strong></span> 
     </span>
    </p>
   </div>
   <div class='ocr_carea' id='block_1_79' title="bbox 2168 1835 3744 1918">
    <p class='ocr_par' dir='ltr' id='par_1_79' title="bbox 2168 1835 3744 1918">
     <span class='ocr_line' id='line_1_79' title="bbox 2168 1835 3744 1918; baseline 0.011 -29"><span class='ocrx_word' id='word_1_654' title='bbox 2168 1835 2357 1906; x_wconf 86' lang='lat' dir='ltr'><strong>dignus</strong></span> <span class='ocrx_word' id='word_1_655' title='bbox 2388 1855 2400 1891; x_wconf 91' lang='lat'><strong>:</strong></span> <span class='ocrx_word' id='word_1_656' title='bbox 2432 1838 2572 1906; x_wconf 86' lang='lat' dir='ltr'><strong>apud</strong></span> <span class='ocrx_word' id='word_1_657' title='bbox 2603 1840 2766 1894; x_wconf 90' lang='lat' dir='ltr'><strong>Deum</strong></span> <span class='ocrx_word' id='word_1_658' title='bbox 2796 1851 2975 1896; x_wconf 86' lang='lat' dir='ltr'><strong>autem</strong></span> <span class='ocrx_word' id='word_1_659' title='bbox 3002 1844 3270 1912; x_wconf 90' lang='lat' dir='ltr'><strong>quomodo</strong></span> <span class='ocrx_word' id='word_1_660' title='bbox 3313 1844 3414 1900; x_wconf 88' lang='lat' dir='ltr'><strong>hoc</strong></span> <span class='ocrx_word' id='word_1_661' title='bbox 3457 1857 3602 1904; x_wconf 86' lang='lat' dir='ltr'><strong>stare</strong></span> <span class='ocrx_word' id='word_1_662' title='bbox 3643 1864 3744 1918; x_wconf 86' lang='lat' dir='ltr'><strong>po-</strong></span> 
     </span>
    </p>
   </div>
   <div class='ocr_carea' id='block_1_80' title="bbox 2170 1927 3745 2004">
    <p class='ocr_par' dir='ltr' id='par_1_80' title="bbox 2170 1927 3745 2004">
     <span class='ocr_line' id='line_1_80' title="bbox 2170 1927 3745 2004; baseline 0.01 -26"><span class='ocrx_word' id='word_1_663' title='bbox 2170 1927 2365 1980; x_wconf 82' lang='lat' dir='ltr'><strong>tuerit?</strong></span> <span class='ocrx_word' id='word_1_664' title='bbox 2393 1927 2496 1981; x_wconf 91' lang='lat' dir='ltr'><strong>Cur</strong></span> <span class='ocrx_word' id='word_1_665' title='bbox 2515 1927 2716 1984; x_wconf 91' lang='lat' dir='ltr'><strong>dictum</strong></span> <span class='ocrx_word' id='word_1_666' title='bbox 2739 1939 2854 1997; x_wconf 91' lang='lat' dir='ltr'><strong>est,</strong></span> <span class='ocrx_word' id='word_1_667' title='bbox 2898 1931 3058 1986; x_wconf 81' lang='lat' dir='ltr'><strong>Duo?</strong></span> <span class='ocrx_word' id='word_1_668' title='bbox 3088 1949 3211 1988; x_wconf 92' lang='lat' dir='ltr'><strong>num</strong></span> <span class='ocrx_word' id='word_1_669' title='bbox 3260 1937 3383 2004; x_wconf 89' lang='lat' dir='ltr'><strong>quia</strong></span> <span class='ocrx_word' id='word_1_670' title='bbox 3422 1937 3529 1992; x_wconf 93' lang='lat' dir='ltr'><strong>duo</strong></span> <span class='ocrx_word' id='word_1_671' title='bbox 3576 1948 3702 1993; x_wconf 88' lang='lat' dir='ltr'><strong>sunt</strong></span> <span class='ocrx_word' id='word_1_672' title='bbox 3731 1982 3745 2003; x_wconf 95' lang='lat'><strong>,</strong></span> 
     </span>
    </p>
   </div>
   <div class='ocr_carea' id='block_1_81' title="bbox 2169 2017 3746 2097">
    <p class='ocr_par' dir='ltr' id='par_1_81' title="bbox 2169 2017 3746 2097">
     <span class='ocr_line' id='line_1_81' title="bbox 2169 2017 3746 2097; baseline 0.01 -27"><span class='ocrx_word' id='word_1_673' title='bbox 2169 2017 2249 2072; x_wconf 86' lang='lat' dir='ltr'><strong>vel</strong></span> <span class='ocrx_word' id='word_1_674' title='bbox 2267 2019 2385 2087; x_wconf 89' lang='lat' dir='ltr'><strong>quia</strong></span> <span class='ocrx_word' id='word_1_675' title='bbox 2410 2018 2651 2075; x_wconf 91' lang='lat' dir='ltr'><strong>homines</strong></span> <span class='ocrx_word' id='word_1_676' title='bbox 2664 2031 2805 2086; x_wconf 89' lang='lat' dir='ltr'><strong>sunt,</strong></span> <span class='ocrx_word' id='word_1_677' title='bbox 2824 2023 2940 2077; x_wconf 89' lang='lat' dir='ltr'><strong>ideo</strong></span> <span class='ocrx_word' id='word_1_678' title='bbox 2956 2033 3080 2078; x_wconf 86' lang='lat' dir='ltr'><strong>sunt</strong></span> <span class='ocrx_word' id='word_1_679' title='bbox 3095 2023 3202 2079; x_wconf 90' lang='lat' dir='ltr'><strong>duo</strong></span> <span class='ocrx_word' id='word_1_680' title='bbox 3217 2027 3239 2079; x_wconf 87' lang='lat'><strong>?</strong></span> <span class='ocrx_word' id='word_1_681' title='bbox 3267 2025 3320 2082; x_wconf 90' lang='lat' dir='ltr'><strong>Si</strong></span> <span class='ocrx_word' id='word_1_682' title='bbox 3337 2028 3456 2096; x_wconf 91' lang='lat' dir='ltr'><strong>quia</strong></span> <span class='ocrx_word' id='word_1_683' title='bbox 3480 2028 3585 2084; x_wconf 89' lang='lat' dir='ltr'><strong>duo</strong></span> <span class='ocrx_word' id='word_1_684' title='bbox 3600 2041 3746 2097; x_wconf 88' lang='lat' dir='ltr'><strong>sunt,</strong></span> 
     </span>
    </p>
   </div>
   <div class='ocr_carea' id='block_1_82' title="bbox 2167 2112 3747 2183">
    <p class='ocr_par' dir='ltr' id='par_1_82' title="bbox 2167 2112 3747 2183">
     <span class='ocr_line' id='line_1_82' title="bbox 2167 2112 3747 2183; baseline 0.009 -21"><span class='ocrx_word' id='word_1_685' title='bbox 2167 2125 2264 2164; x_wconf 90' lang='lat' dir='ltr'><strong>cur</strong></span> <span class='ocrx_word' id='word_1_686' title='bbox 2289 2126 2392 2164; x_wconf 91' lang='lat' dir='ltr'><strong>non</strong></span> <span class='ocrx_word' id='word_1_687' title='bbox 2414 2112 2647 2182; x_wconf 81' lang='lat' dir='ltr'><strong>confugit</strong></span> <span class='ocrx_word' id='word_1_688' title='bbox 2666 2113 2731 2167; x_wconf 86' lang='lat' dir='ltr'><strong>ad</strong></span> <span class='ocrx_word' id='word_1_689' title='bbox 2753 2113 3033 2182; x_wconf 85' lang='lat' dir='ltr'><strong>Joannem,</strong></span> <span class='ocrx_word' id='word_1_690' title='bbox 3063 2131 3162 2172; x_wconf 91' lang='lat' dir='ltr'><strong>nec</strong></span> <span class='ocrx_word' id='word_1_691' title='bbox 3187 2117 3338 2183; x_wconf 80' lang='lat' dir='ltr'><strong>dixit,</strong></span> <span class='ocrx_word' id='word_1_692' title='bbox 3360 2119 3747 2177; x_wconf 89' lang='lat' dir='ltr'><strong>Testimonium</strong></span> 
     </span>
    </p>
   </div>
   <div class='ocr_carea' id='block_1_83' title="bbox 2169 2203 3753 2281">
    <p class='ocr_par' dir='ltr' id='par_1_83' title="bbox 2169 2203 3753 2281">
     <span class='ocr_line' id='line_1_83' title="bbox 2169 2203 3753 2281; baseline 0.008 -25"><span class='ocrx_word' id='word_1_693' title='bbox 2169 2217 2268 2272; x_wconf 87' lang='lat' dir='ltr'><strong>ego</strong></span> <span class='ocrx_word' id='word_1_694' title='bbox 2312 2203 2570 2272; x_wconf 89' lang='lat' dir='ltr'><strong>perhibeo</strong></span> <span class='ocrx_word' id='word_1_695' title='bbox 2617 2204 2683 2259; x_wconf 88' lang='lat' dir='ltr'><strong>de</strong></span> <span class='ocrx_word' id='word_1_696' title='bbox 2738 2207 2980 2274; x_wconf 91' lang='lat' dir='ltr'><strong>meipso,</strong></span> <span class='ocrx_word' id='word_1_697' title='bbox 3032 2209 3281 2276; x_wconf 87' lang='lat' dir='ltr'><strong>perbibet</strong></span> <span class='ocrx_word' id='word_1_698' title='bbox 3309 2225 3518 2281; x_wconf 89' lang='lat' dir='ltr'><strong>quoque</strong></span> <span class='ocrx_word' id='word_1_699' title='bbox 3546 2213 3613 2268; x_wconf 88' lang='lat' dir='ltr'><strong>de</strong></span> <span class='ocrx_word' id='word_1_700' title='bbox 3663 2229 3753 2269; x_wconf 79' lang='lat' dir='ltr'><strong>me</strong></span> 
     </span>
    </p>
   </div>
   <div class='ocr_carea' id='block_1_84' title="bbox 2169 2291 3750 2372">
    <p class='ocr_par' dir='ltr' id='par_1_84' title="bbox 2169 2291 3750 2372">
     <span class='ocr_line' id='line_1_84' title="bbox 2169 2291 3750 2372; baseline 0.008 -26"><span class='ocrx_word' id='word_1_701' title='bbox 2169 2291 2438 2348; x_wconf 79' lang='lat' dir='ltr'><strong>Joannes?</strong></span> <span class='ocrx_word' id='word_1_702' title='bbox 2463 2308 2558 2348; x_wconf 88' lang='lat' dir='ltr'><strong>cur</strong></span> <span class='ocrx_word' id='word_1_703' title='bbox 2579 2310 2682 2348; x_wconf 89' lang='lat' dir='ltr'><strong>non</strong></span> <span class='ocrx_word' id='word_1_704' title='bbox 2705 2294 2770 2349; x_wconf 87' lang='lat' dir='ltr'><strong>ad</strong></span> <span class='ocrx_word' id='word_1_705' title='bbox 2793 2297 3074 2366; x_wconf 84' lang='lat' dir='ltr'><strong>angelum?</strong></span> <span class='ocrx_word' id='word_1_706' title='bbox 3097 2314 3194 2352; x_wconf 91' lang='lat' dir='ltr'><strong>cur</strong></span> <span class='ocrx_word' id='word_1_707' title='bbox 3213 2315 3317 2354; x_wconf 90' lang='lat' dir='ltr'><strong>non</strong></span> <span class='ocrx_word' id='word_1_708' title='bbox 3341 2301 3404 2356; x_wconf 86' lang='lat' dir='ltr'><strong>ad</strong></span> <span class='ocrx_word' id='word_1_709' title='bbox 3430 2304 3750 2372; x_wconf 83' lang='lat' dir='ltr'><strong>prophetas?</strong></span> 
     </span>
    </p>
   </div>
   <div class='ocr_carea' id='block_1_85' title="bbox 2171 2385 3744 2457">
    <p class='ocr_par' dir='ltr' id='par_1_85' title="bbox 2171 2385 3744 2457">
     <span class='ocr_line' id='line_1_85' title="bbox 2171 2385 3744 2457; baseline 0.009 -21"><span class='ocrx_word' id='word_1_710' title='bbox 2171 2398 2291 2437; x_wconf 91' lang='lat' dir='ltr'><strong>nam</strong></span> <span class='ocrx_word' id='word_1_711' title='bbox 2335 2392 2586 2438; x_wconf 78' lang='lat' dir='ltr'><strong>sexcenta</strong></span> <span class='ocrx_word' id='word_1_712' title='bbox 2633 2385 2734 2440; x_wconf 90' lang='lat' dir='ltr'><strong>alia</strong></span> <span class='ocrx_word' id='word_1_713' title='bbox 2765 2387 3004 2455; x_wconf 80' lang='lat' dir='ltr'><strong>proferre</strong></span> <span class='ocrx_word' id='word_1_714' title='bbox 3034 2400 3238 2457; x_wconf 86' lang='lat' dir='ltr'><strong>poterat</strong></span> <span class='ocrx_word' id='word_1_715' title='bbox 3265 2393 3588 2448; x_wconf 90' lang='lat' dir='ltr'><strong>testimonia.</strong></span> <span class='ocrx_word' id='word_1_716' title='bbox 3636 2395 3744 2450; x_wconf 87' lang='lat' dir='ltr'><strong>Sed</strong></span> 
     </span>
    </p>
   </div>
   <div class='ocr_carea' id='block_1_86' title="bbox 2171 2475 3749 2551">
    <p class='ocr_par' dir='ltr' id='par_1_86' title="bbox 2171 2475 3749 2551">
     <span class='ocr_line' id='line_1_86' title="bbox 2171 2475 3749 2551; baseline 0.007 -22"><span class='ocrx_word' id='word_1_717' title='bbox 2171 2490 2276 2530; x_wconf 90' lang='lat' dir='ltr'><strong>non</strong></span> <span class='ocrx_word' id='word_1_718' title='bbox 2307 2475 2407 2533; x_wconf 90' lang='lat' dir='ltr'><strong>hoc</strong></span> <span class='ocrx_word' id='word_1_719' title='bbox 2445 2485 2649 2530; x_wconf 90' lang='lat' dir='ltr'><strong>tantum</strong></span> <span class='ocrx_word' id='word_1_720' title='bbox 2678 2478 2788 2531; x_wconf 87' lang='lat' dir='ltr'><strong>vult</strong></span> <span class='ocrx_word' id='word_1_721' title='bbox 2818 2478 3138 2548; x_wconf 83' lang='lat' dir='ltr'><strong>signiﬁcare,</strong></span> <span class='ocrx_word' id='word_1_722' title='bbox 3167 2482 3308 2551; x_wconf 90' lang='lat' dir='ltr'><strong>quod</strong></span> <span class='ocrx_word' id='word_1_723' title='bbox 3343 2483 3447 2538; x_wconf 92' lang='lat' dir='ltr'><strong>duo</strong></span> <span class='ocrx_word' id='word_1_724' title='bbox 3475 2485 3617 2550; x_wconf 90' lang='lat' dir='ltr'><strong>sint;</strong></span> <span class='ocrx_word' id='word_1_725' title='bbox 3652 2486 3749 2540; x_wconf 87' lang='lat' dir='ltr'><strong>sed</strong></span> 
     </span>
    </p>
   </div>
   <div class='ocr_carea' id='block_1_87' title="bbox 2170 2566 3747 2636">
    <p class='ocr_par' dir='ltr' id='par_1_87' title="bbox 2170 2566 3747 2636">
     <span class='ocr_line' id='line_1_87' title="bbox 2170 2566 3747 2636; baseline 0.006 -16"><span class='ocrx_word' id='word_1_726' title='bbox 2170 2567 2328 2620; x_wconf 88' lang='lat' dir='ltr'><strong>etiam</strong></span> <span class='ocrx_word' id='word_1_727' title='bbox 2351 2566 2489 2636; x_wconf 91' lang='lat' dir='ltr'><strong>quod</strong></span> <span class='ocrx_word' id='word_1_728' title='bbox 2516 2582 2585 2621; x_wconf 88' lang='lat' dir='ltr'><strong>ex</strong></span> <span class='ocrx_word' id='word_1_729' title='bbox 2614 2568 2801 2622; x_wconf 89' lang='lat' dir='ltr'><strong>eadem</strong></span> <span class='ocrx_word' id='word_1_730' title='bbox 2839 2570 2947 2623; x_wconf 91' lang='lat' dir='ltr'><strong>sint</strong></span> <span class='ocrx_word' id='word_1_731' title='bbox 2973 2570 3287 2626; x_wconf 87' lang='lat' dir='ltr'><strong>susbtantia.</strong></span> <span class='ocrx_word' id='word_1_732' title='bbox 3322 2573 3408 2627; x_wconf 85' lang='lat' dir='ltr'><strong>I9.</strong></span> <span class='ocrx_word' id='word_1_733' title='bbox 3434 2574 3618 2630; x_wconf 85' lang='lat' dir='ltr'><strong>Dicunt</strong></span> <span class='ocrx_word' id='word_1_734' title='bbox 3646 2576 3692 2629; x_wconf 86' lang='lat' dir='ltr'><strong>ei</strong></span> <span class='ocrx_word' id='word_1_735' title='bbox 3730 2593 3747 2630; x_wconf 89' lang='lat'><strong><em>:</em></strong></span> 
     </span>
    </p>
   </div>
   <div class='ocr_carea' id='block_1_88' title="bbox 2174 2656 3748 2735">
    <p class='ocr_par' dir='ltr' id='par_1_88' title="bbox 2174 2656 3748 2735">
     <span class='ocr_line' id='line_1_88' title="bbox 2174 2656 3748 2735; baseline 0.007 -26"><span class='ocrx_word' id='word_1_736' title='bbox 2174 2657 2299 2723; x_wconf 88' lang='lat' dir='ltr'><strong>Quis</strong></span> <span class='ocrx_word' id='word_1_737' title='bbox 2341 2665 2413 2710; x_wconf 81' lang='lat' dir='ltr'><strong>est</strong></span> <span class='ocrx_word' id='word_1_738' title='bbox 2461 2656 2615 2711; x_wconf 84' lang='lat' dir='ltr'><strong>Pater</strong></span> <span class='ocrx_word' id='word_1_739' title='bbox 2664 2660 2826 2713; x_wconf 85' lang='lat' dir='ltr'><strong>tuus?</strong></span> <span class='ocrx_word' id='word_1_740' title='bbox 2865 2658 3144 2730; x_wconf 82' lang='lat' dir='ltr'><strong>Respondit</strong></span> <span class='ocrx_word' id='word_1_741' title='bbox 3185 2661 3334 2716; x_wconf 85' lang='lat' dir='ltr'><strong>Jesus</strong></span> <span class='ocrx_word' id='word_1_742' title='bbox 3367 2678 3386 2717; x_wconf 91' lang='lat'><strong><em>:</em></strong></span> <span class='ocrx_word' id='word_1_743' title='bbox 3435 2663 3611 2735; x_wconf 86' lang='lat' dir='ltr'><strong>Neque</strong></span> <span class='ocrx_word' id='word_1_744' title='bbox 3671 2682 3748 2720; x_wconf 85' lang='lat' dir='ltr'><strong>me</strong></span> 
     </span>
    </p>
   </div>
   <div class='ocr_carea' id='block_1_89' title="bbox 2171 2748 3748 2822">
    <p class='ocr_par' dir='ltr' id='par_1_89' title="bbox 2171 2748 3748 2822">
     <span class='ocr_line' id='line_1_89' title="bbox 2171 2748 3748 2822; baseline 0.009 -22"><span class='ocrx_word' id='word_1_745' title='bbox 2171 2748 2324 2813; x_wconf 87' lang='lat' dir='ltr'><strong>scitis,</strong></span> <span class='ocrx_word' id='word_1_746' title='bbox 2356 2764 2511 2818; x_wconf 76' lang='lat' dir='ltr'><strong>neque</strong></span> <span class='ocrx_word' id='word_1_747' title='bbox 2550 2748 2757 2804; x_wconf 83' lang='lat' dir='ltr'><strong>Patrem</strong></span> <span class='ocrx_word' id='word_1_748' title='bbox 2785 2767 2971 2808; x_wconf 88' lang='lat' dir='ltr'><strong>meum.</strong></span> <span class='ocrx_word' id='word_1_749' title='bbox 3017 2751 3148 2807; x_wconf 87' lang='lat' dir='ltr'><strong>Cum</strong></span> <span class='ocrx_word' id='word_1_750' title='bbox 3179 2756 3323 2822; x_wconf 85' lang='lat' dir='ltr'><strong>enim</strong></span> <span class='ocrx_word' id='word_1_751' title='bbox 3352 2757 3586 2813; x_wconf 87' lang='lat' dir='ltr'><strong>scientes</strong></span> <span class='ocrx_word' id='word_1_752' title='bbox 3616 2766 3748 2814; x_wconf 89' lang='lat' dir='ltr'><strong>tam-</strong></span> 
     </span>
    </p>
   </div>
   <div class='ocr_carea' id='block_1_90' title="bbox 2170 2841 3750 2920">
    <p class='ocr_par' dir='ltr' id='par_1_90' title="bbox 2170 2841 3750 2920">
     <span class='ocr_line' id='line_1_90' title="bbox 2170 2841 3750 2920; baseline 0.01 -27"><span class='ocrx_word' id='word_1_753' title='bbox 2170 2855 2328 2910; x_wconf 89' lang='lat' dir='ltr'><strong>quam</strong></span> <span class='ocrx_word' id='word_1_754' title='bbox 2359 2841 2511 2897; x_wconf 88' lang='lat' dir='ltr'><strong>inscii</strong></span> <span class='ocrx_word' id='word_1_755' title='bbox 2545 2842 2970 2914; x_wconf 82' lang='lat' dir='ltr'><strong>interrogarent,</strong></span> <span class='ocrx_word' id='word_1_756' title='bbox 3001 2850 3152 2917; x_wconf 86' lang='lat' dir='ltr'><strong>quasi</strong></span> <span class='ocrx_word' id='word_1_757' title='bbox 3200 2857 3463 2906; x_wconf 87' lang='lat' dir='ltr'><strong>tentantes</strong></span> <span class='ocrx_word' id='word_1_758' title='bbox 3485 2867 3605 2907; x_wconf 92' lang='lat' dir='ltr'><strong>eum</strong></span> <span class='ocrx_word' id='word_1_759' title='bbox 3626 2895 3641 2920; x_wconf 92' lang='lat'><strong>,</strong></span> <span class='ocrx_word' id='word_1_760' title='bbox 3683 2871 3750 2910; x_wconf 82' lang='lat' dir='ltr'><strong>ne</strong></span> 
     </span>
    </p>
   </div>
   <div class='ocr_carea' id='block_1_91' title="bbox 2172 2933 3751 3010">
    <p class='ocr_par' dir='ltr' id='par_1_91' title="bbox 2172 2933 3751 3010">
     <span class='ocr_line' id='line_1_91' title="bbox 2172 2933 3751 3010; baseline 0.012 -27"><span class='ocrx_word' id='word_1_761' title='bbox 2172 2933 2519 3000; x_wconf 88' lang='lat' dir='ltr'><strong>responsione</strong></span> <span class='ocrx_word' id='word_1_762' title='bbox 2587 2934 2800 3004; x_wconf 90' lang='lat' dir='ltr'><strong>quidem</strong></span> <span class='ocrx_word' id='word_1_763' title='bbox 2866 2937 2986 2993; x_wconf 91' lang='lat' dir='ltr'><strong>illos</strong></span> <span class='ocrx_word' id='word_1_764' title='bbox 3039 2938 3305 3010; x_wconf 81' lang='lat' dir='ltr'><strong>dignatur.</strong></span> <span class='ocrx_word' id='word_1_765' title='bbox 3372 2942 3496 2999; x_wconf 91' lang='lat' dir='ltr'><strong>Ideo</strong></span> <span class='ocrx_word' id='word_1_766' title='bbox 3556 2946 3751 3002; x_wconf 89' lang='lat' dir='ltr'><strong>clarius</strong></span> 
     </span>
    </p>
   </div>
   <div class='ocr_carea' id='block_1_92' title="bbox 2171 3019 3749 3107">
    <p class='ocr_par' dir='ltr' id='par_1_92' title="bbox 2171 3019 3749 3107">
     <span class='ocr_line' id='line_1_92' title="bbox 2171 3019 3749 3107; baseline 0.011 -33"><span class='ocrx_word' id='word_1_767' title='bbox 2171 3019 2422 3091; x_wconf 87' lang='lat' dir='ltr'><strong>deinceps</strong></span> <span class='ocrx_word' id='word_1_768' title='bbox 2450 3022 2776 3095; x_wconf 89' lang='lat' dir='ltr'><strong>liberiusque</strong></span> <span class='ocrx_word' id='word_1_769' title='bbox 2802 3025 3056 3097; x_wconf 90' lang='lat' dir='ltr'><strong>loquitur,</strong></span> <span class='ocrx_word' id='word_1_770' title='bbox 3089 3040 3248 3100; x_wconf 89' lang='lat' dir='ltr'><strong>atque</strong></span> <span class='ocrx_word' id='word_1_771' title='bbox 3273 3047 3338 3088; x_wconf 86' lang='lat' dir='ltr'><strong>ex</strong></span> <span class='ocrx_word' id='word_1_772' title='bbox 3383 3035 3549 3103; x_wconf 84' lang='lat' dir='ltr'><strong>signis</strong></span> <span class='ocrx_word' id='word_1_773' title='bbox 3578 3052 3749 3107; x_wconf 81' lang='lat' dir='ltr'><strong>exque</strong></span> 
     </span>
    </p>
   </div>
   <div class='ocr_carea' id='block_1_93' title="bbox 2171 3111 3753 3197">
    <p class='ocr_par' dir='ltr' id='par_1_93' title="bbox 2171 3111 3753 3197">
     <span class='ocr_line' id='line_1_93' title="bbox 2171 3111 3753 3197; baseline 0.009 -31"><span class='ocrx_word' id='word_1_774' title='bbox 2171 3111 2414 3167; x_wconf 85' lang='lat' dir='ltr'><strong>doctrina</strong></span> <span class='ocrx_word' id='word_1_775' title='bbox 2463 3117 2799 3184; x_wconf 88' lang='lat' dir='ltr'><strong>sequentium</strong></span> <span class='ocrx_word' id='word_1_776' title='bbox 2843 3133 2902 3172; x_wconf 90' lang='lat' dir='ltr'><strong>se</strong></span> <span class='ocrx_word' id='word_1_777' title='bbox 2950 3121 3308 3176; x_wconf 90' lang='lat' dir='ltr'><strong>testimonium</strong></span> <span class='ocrx_word' id='word_1_778' title='bbox 3352 3125 3580 3194; x_wconf 89' lang='lat' dir='ltr'><strong>accipit,</strong></span> <span class='ocrx_word' id='word_1_779' title='bbox 3609 3127 3753 3197; x_wconf 86' lang='lat' dir='ltr'><strong>quod</strong></span> 
     </span>
    </p>
   </div>
   <div class='ocr_carea' id='block_1_94' title="bbox 2169 3203 3749 3282">
    <p class='ocr_par' dir='ltr' id='par_1_94' title="bbox 2169 3203 3749 3282">
     <span class='ocr_line' id='line_1_94' title="bbox 2169 3203 3749 3282; baseline 0.009 -27"><span class='ocrx_word' id='word_1_780' title='bbox 2169 3203 2277 3272; x_wconf 87' lang='lat' dir='ltr'><strong>jam</strong></span> <span class='ocrx_word' id='word_1_781' title='bbox 2299 3205 2473 3260; x_wconf 87' lang='lat' dir='ltr'><strong>crucis</strong></span> <span class='ocrx_word' id='word_1_782' title='bbox 2500 3214 2707 3276; x_wconf 84' lang='lat' dir='ltr'><strong>tempus</strong></span> <span class='ocrx_word' id='word_1_783' title='bbox 2753 3208 3078 3265; x_wconf 88' lang='lat' dir='ltr'><strong>immineret.</strong></span> <span class='ocrx_word' id='word_1_784' title='bbox 3103 3211 3244 3277; x_wconf 89' lang='lat' dir='ltr'><strong>Scio,</strong></span> <span class='ocrx_word' id='word_1_785' title='bbox 3273 3211 3440 3282; x_wconf 91' lang='lat' dir='ltr'><strong>inquit</strong></span> <span class='ocrx_word' id='word_1_786' title='bbox 3461 3255 3475 3280; x_wconf 92' lang='lat'><strong>,</strong></span> <span class='ocrx_word' id='word_1_787' title='bbox 3507 3215 3638 3270; x_wconf 83' lang='lat' dir='ltr'><strong>unde</strong></span> <span class='ocrx_word' id='word_1_788' title='bbox 3664 3231 3749 3270; x_wconf 81' lang='lat' dir='ltr'><strong>ue-</strong></span> 
     </span>
    </p>
   </div>
   <div class='ocr_carea' id='block_1_95' title="bbox 2178 3296 3751 3365">
    <p class='ocr_par' dir='ltr' id='par_1_95' title="bbox 2178 3296 3751 3365">
     <span class='ocr_line' id='line_1_95' title="bbox 2178 3296 3751 3365; baseline 0.009 -17"><span class='ocrx_word' id='word_1_789' title='bbox 2178 3296 2358 3350; x_wconf 80' lang='lat' dir='ltr'><strong>nerint.</strong></span> <span class='ocrx_word' id='word_1_790' title='bbox 2385 3296 2536 3364; x_wconf 89' lang='lat' dir='ltr'><strong>Quod</strong></span> <span class='ocrx_word' id='word_1_791' title='bbox 2564 3297 2681 3353; x_wconf 90' lang='lat' dir='ltr'><strong>illos</strong></span> <span class='ocrx_word' id='word_1_792' title='bbox 2709 3314 2813 3353; x_wconf 91' lang='lat' dir='ltr'><strong>non</strong></span> <span class='ocrx_word' id='word_1_793' title='bbox 2837 3300 2992 3356; x_wconf 87' lang='lat' dir='ltr'><strong>valde</strong></span> <span class='ocrx_word' id='word_1_794' title='bbox 3023 3303 3188 3357; x_wconf 91' lang='lat' dir='ltr'><strong>movit</strong></span> <span class='ocrx_word' id='word_1_795' title='bbox 3213 3319 3228 3365; x_wconf 90' lang='lat'><strong>;</strong></span> <span class='ocrx_word' id='word_1_796' title='bbox 3262 3319 3382 3360; x_wconf 90' lang='lat' dir='ltr'><strong>eum</strong></span> <span class='ocrx_word' id='word_1_797' title='bbox 3410 3307 3614 3362; x_wconf 85' lang='lat' dir='ltr'><strong>addidit</strong></span> <span class='ocrx_word' id='word_1_798' title='bbox 3653 3323 3751 3364; x_wconf 85' lang='lat' dir='ltr'><strong>au-</strong></span> 
     </span>
    </p>
   </div>
   <div class='ocr_carea' id='block_1_96' title="bbox 2174 3388 3746 3468">
    <p class='ocr_par' dir='ltr' id='par_1_96' title="bbox 2174 3388 3746 3468">
     <span class='ocr_line' id='line_1_96' title="bbox 2174 3388 3746 3468; baseline 0.008 -27"><span class='ocrx_word' id='word_1_799' title='bbox 2174 3395 2279 3442; x_wconf 90' lang='lat' dir='ltr'><strong>tem</strong></span> <span class='ocrx_word' id='word_1_800' title='bbox 2306 3427 2322 3454; x_wconf 91' lang='lat'><strong>,</strong></span> <span class='ocrx_word' id='word_1_801' title='bbox 2357 3388 2469 3455; x_wconf 85' lang='lat' dir='ltr'><strong>Quo</strong></span> <span class='ocrx_word' id='word_1_802' title='bbox 2489 3405 2579 3459; x_wconf 89' lang='lat' dir='ltr'><strong>ego</strong></span> <span class='ocrx_word' id='word_1_803' title='bbox 2620 3391 2765 3456; x_wconf 84' lang='lat' dir='ltr'><strong>vado,</strong></span> <span class='ocrx_word' id='word_1_804' title='bbox 2797 3392 2964 3461; x_wconf 83' lang='lat' dir='ltr'><strong>magis</strong></span> <span class='ocrx_word' id='word_1_805' title='bbox 2995 3393 3112 3449; x_wconf 84' lang='lat' dir='ltr'><strong>illos</strong></span> <span class='ocrx_word' id='word_1_806' title='bbox 3139 3396 3432 3464; x_wconf 76' lang='lat' dir='ltr'><strong>exterruit,</strong></span> <span class='ocrx_word' id='word_1_807' title='bbox 3464 3399 3613 3468; x_wconf 89' lang='lat' dir='ltr'><strong>quasi</strong></span> <span class='ocrx_word' id='word_1_808' title='bbox 3640 3415 3746 3454; x_wconf 90' lang='lat' dir='ltr'><strong>non</strong></span> 
     </span>
    </p>
   </div>
   <div class='ocr_carea' id='block_1_97' title="bbox 2172 3479 3747 3556">
    <p class='ocr_par' dir='ltr' id='par_1_97' title="bbox 2172 3479 3747 3556">
     <span class='ocr_line' id='line_1_97' title="bbox 2172 3479 3747 3556; baseline 0.007 -23"><span class='ocrx_word' id='word_1_809' title='bbox 2172 3487 2318 3534; x_wconf 86' lang='lat' dir='ltr'><strong>esset</strong></span> <span class='ocrx_word' id='word_1_810' title='bbox 2367 3479 2418 3532; x_wconf 92' lang='lat' dir='ltr'><strong>iu</strong></span> <span class='ocrx_word' id='word_1_811' title='bbox 2471 3488 2644 3534; x_wconf 90' lang='lat' dir='ltr'><strong>morte</strong></span> <span class='ocrx_word' id='word_1_812' title='bbox 2693 3495 3092 3550; x_wconf 82' lang='lat' dir='ltr'><strong>permansuros.</strong></span> <span class='ocrx_word' id='word_1_813' title='bbox 3136 3485 3240 3540; x_wconf 89' lang='lat' dir='ltr'><strong>Sed</strong></span> <span class='ocrx_word' id='word_1_814' title='bbox 3285 3500 3380 3541; x_wconf 92' lang='lat' dir='ltr'><strong>cur</strong></span> <span class='ocrx_word' id='word_1_815' title='bbox 3430 3504 3536 3542; x_wconf 92' lang='lat' dir='ltr'><strong>non</strong></span> <span class='ocrx_word' id='word_1_816' title='bbox 3575 3489 3747 3556; x_wconf 89' lang='lat' dir='ltr'><strong>dixit,</strong></span> 
     </span>
    </p>
   </div>
   <div class='ocr_carea' id='block_1_98' title="bbox 2175 3569 3755 3646">
    <p class='ocr_par' dir='ltr' id='par_1_98' title="bbox 2175 3569 3755 3646">
     <span class='ocr_line' id='line_1_98' title="bbox 2175 3569 3755 3646; baseline 0.008 -23"><span class='ocrx_word' id='word_1_817' title='bbox 2175 3569 2315 3624; x_wconf 88' lang='lat' dir='ltr'><strong>Deus</strong></span> <span class='ocrx_word' id='word_1_818' title='bbox 2356 3582 2510 3634; x_wconf 91' lang='lat' dir='ltr'><strong>sum;</strong></span> <span class='ocrx_word' id='word_1_819' title='bbox 2559 3569 2652 3625; x_wconf 89' lang='lat' dir='ltr'><strong>sed</strong></span> <span class='ocrx_word' id='word_1_820' title='bbox 2678 3612 2694 3636; x_wconf 91' lang='lat'><strong>,</strong></span> <span class='ocrx_word' id='word_1_821' title='bbox 2737 3571 2858 3626; x_wconf 90' lang='lat' dir='ltr'><strong>Scio</strong></span> <span class='ocrx_word' id='word_1_822' title='bbox 2896 3574 3029 3627; x_wconf 87' lang='lat' dir='ltr'><strong>unde</strong></span> <span class='ocrx_word' id='word_1_823' title='bbox 3060 3575 3242 3628; x_wconf 82' lang='lat' dir='ltr'><strong>venio?</strong></span> <span class='ocrx_word' id='word_1_824' title='bbox 3282 3575 3504 3646; x_wconf 89' lang='lat' dir='ltr'><strong>Semper</strong></span> <span class='ocrx_word' id='word_1_825' title='bbox 3533 3577 3755 3639; x_wconf 79' lang='lat' dir='ltr'><strong>humilia</strong></span> 
     </span>
    </p>
   </div>
   <div class='ocr_carea' id='block_1_99' title="bbox 2170 3658 3748 3727">
    <p class='ocr_par' dir='ltr' id='par_1_99' title="bbox 2170 3658 3748 3727">
     <span class='ocr_line' id='line_1_99' title="bbox 2170 3658 3748 3727; baseline 0.01 -16"><span class='ocrx_word' id='word_1_826' title='bbox 2170 3658 2486 3713; x_wconf 86' lang='lat' dir='ltr'><strong>sublimibus</strong></span> <span class='ocrx_word' id='word_1_827' title='bbox 2511 3660 2789 3726; x_wconf 89' lang='lat' dir='ltr'><strong>admiscet,</strong></span> <span class='ocrx_word' id='word_1_828' title='bbox 2823 3671 2875 3716; x_wconf 92' lang='lat' dir='ltr'><strong>et</strong></span> <span class='ocrx_word' id='word_1_829' title='bbox 2905 3662 3019 3718; x_wconf 78' lang='lat' dir='ltr'><strong>haec</strong></span> <span class='ocrx_word' id='word_1_830' title='bbox 3039 3665 3199 3720; x_wconf 90' lang='lat' dir='ltr'><strong>etiam</strong></span> <span class='ocrx_word' id='word_1_831' title='bbox 3236 3666 3589 3725; x_wconf 89' lang='lat' dir='ltr'><strong>suboccultat.</strong></span> <span class='ocrx_word' id='word_1_832' title='bbox 3617 3671 3748 3727; x_wconf 91' lang='lat' dir='ltr'><strong>Cum</strong></span> 
     </span>
    </p>
   </div>
   <div class='ocr_carea' id='block_1_100' title="bbox 2172 3749 3747 3833">
    <p class='ocr_par' dir='ltr' id='par_1_100' title="bbox 2172 3749 3747 3833">
     <span class='ocr_line' id='line_1_100' title="bbox 2172 3749 3747 3833; baseline 0.011 -30"><span class='ocrx_word' id='word_1_833' title='bbox 2172 3749 2398 3805; x_wconf 86' lang='lat' dir='ltr'><strong>dixisset</strong></span> <span class='ocrx_word' id='word_1_834' title='bbox 2422 3752 2591 3818; x_wconf 88' lang='lat' dir='ltr'><strong>enim,</strong></span> <span class='ocrx_word' id='word_1_835' title='bbox 2635 3753 2745 3824; x_wconf 89' lang='lat' dir='ltr'><strong>Ego</strong></span> <span class='ocrx_word' id='word_1_836' title='bbox 2793 3756 3127 3810; x_wconf 84' lang='lat' dir='ltr'><strong>testimonium</strong></span> <span class='ocrx_word' id='word_1_837' title='bbox 3167 3759 3400 3829; x_wconf 80' lang='lat' dir='ltr'><strong>perhibeo</strong></span> <span class='ocrx_word' id='word_1_838' title='bbox 3442 3762 3504 3817; x_wconf 87' lang='lat' dir='ltr'><strong>de</strong></span> <span class='ocrx_word' id='word_1_839' title='bbox 3539 3765 3747 3833; x_wconf 86' lang='lat' dir='ltr'><strong>meipso,</strong></span> 
     </span>
    </p>
   </div>
   <div class='ocr_carea' id='block_1_101' title="bbox 2174 3841 3746 3918">
    <p class='ocr_par' dir='ltr' id='par_1_101' title="bbox 2174 3841 3746 3918">
     <span class='ocr_line' id='line_1_101' title="bbox 2174 3841 3746 3918; baseline 0.008 -23"><span class='ocrx_word' id='word_1_840' title='bbox 2174 3841 2331 3911; x_wconf 91' lang='lat' dir='ltr'><strong>idque</strong></span> <span class='ocrx_word' id='word_1_841' title='bbox 2358 3843 2715 3912; x_wconf 88' lang='lat' dir='ltr'><strong>ostendisset,</strong></span> <span class='ocrx_word' id='word_1_842' title='bbox 2755 3845 2821 3899; x_wconf 92' lang='lat' dir='ltr'><strong>ad</strong></span> <span class='ocrx_word' id='word_1_843' title='bbox 2848 3844 3127 3904; x_wconf 86' lang='lat' dir='ltr'><strong>humiliora</strong></span> <span class='ocrx_word' id='word_1_844' title='bbox 3149 3851 3330 3916; x_wconf 89' lang='lat' dir='ltr'><strong>venit;</strong></span> <span class='ocrx_word' id='word_1_845' title='bbox 3355 3866 3417 3907; x_wconf 87' lang='lat' dir='ltr'><strong>ac</strong></span> <span class='ocrx_word' id='word_1_846' title='bbox 3443 3852 3487 3908; x_wconf 93' lang='lat' dir='ltr'><strong>si</strong></span> <span class='ocrx_word' id='word_1_847' title='bbox 3507 3853 3746 3918; x_wconf 82' lang='lat' dir='ltr'><strong>dixisset,</strong></span> 
     </span>
    </p>
   </div>
   <div class='ocr_carea' id='block_1_102' title="bbox 2170 3934 3749 4010">
    <p class='ocr_par' dir='ltr' id='par_1_102' title="bbox 2170 3934 3749 4010">
     <span class='ocr_line' id='line_1_102' title="bbox 2170 3934 3749 4010; baseline 0.009 -22"><span class='ocrx_word' id='word_1_848' title='bbox 2170 3934 2292 3989; x_wconf 88' lang='lat' dir='ltr'><strong>Scio</strong></span> <span class='ocrx_word' id='word_1_849' title='bbox 2317 3951 2346 3990; x_wconf 88' lang='lat' dir='ltr'><strong>a</strong></span> <span class='ocrx_word' id='word_1_850' title='bbox 2372 3951 2476 4005; x_wconf 92' lang='lat' dir='ltr'><strong>quo</strong></span> <span class='ocrx_word' id='word_1_851' title='bbox 2503 3936 2697 3991; x_wconf 89' lang='lat' dir='ltr'><strong>missus</strong></span> <span class='ocrx_word' id='word_1_852' title='bbox 2742 3938 2862 4004; x_wconf 90' lang='lat' dir='ltr'><strong>sim,</strong></span> <span class='ocrx_word' id='word_1_853' title='bbox 2912 3951 2964 3994; x_wconf 90' lang='lat' dir='ltr'><strong>et</strong></span> <span class='ocrx_word' id='word_1_854' title='bbox 2994 3941 3058 3994; x_wconf 89' lang='lat' dir='ltr'><strong>ad</strong></span> <span class='ocrx_word' id='word_1_855' title='bbox 3084 3957 3244 4010; x_wconf 88' lang='lat' dir='ltr'><strong>quem</strong></span> <span class='ocrx_word' id='word_1_856' title='bbox 3279 3943 3488 3998; x_wconf 89' lang='lat' dir='ltr'><strong>vadam.</strong></span> <span class='ocrx_word' id='word_1_857' title='bbox 3521 3946 3608 4002; x_wconf 90' lang='lat' dir='ltr'><strong>Sic</strong></span> <span class='ocrx_word' id='word_1_858' title='bbox 3644 3961 3749 4002; x_wconf 89' lang='lat' dir='ltr'><strong>non</strong></span> 
     </span>
    </p>
   </div>
   <div class='ocr_carea' id='block_1_103' title="bbox 2175 4028 3746 4101">
    <p class='ocr_par' dir='ltr' id='par_1_103' title="bbox 2175 4028 3746 4101">
     <span class='ocr_line' id='line_1_103' title="bbox 2175 4028 3746 4101; baseline 0.008 -22"><span class='ocrx_word' id='word_1_859' title='bbox 2175 4035 2419 4094; x_wconf 85' lang='lat' dir='ltr'><strong>poterant</strong></span> <span class='ocrx_word' id='word_1_860' title='bbox 2443 4028 2831 4095; x_wconf 87' lang='lat' dir='ltr'><strong>contradicere,</strong></span> <span class='ocrx_word' id='word_1_861' title='bbox 2855 4045 2975 4084; x_wconf 90' lang='lat' dir='ltr'><strong>cum</strong></span> <span class='ocrx_word' id='word_1_862' title='bbox 3003 4033 3284 4101; x_wconf 89' lang='lat' dir='ltr'><strong>audirent,</strong></span> <span class='ocrx_word' id='word_1_863' title='bbox 3324 4036 3391 4090; x_wconf 88' lang='lat' dir='ltr'><strong>ab</strong></span> <span class='ocrx_word' id='word_1_864' title='bbox 3429 4051 3494 4091; x_wconf 87' lang='lat' dir='ltr'><strong>eo</strong></span> <span class='ocrx_word' id='word_1_865' title='bbox 3530 4038 3746 4092; x_wconf 90' lang='lat' dir='ltr'><strong>missum</strong></span> 
     </span>
    </p>
   </div>
   <div class='ocr_carea' id='block_1_104' title="bbox 2172 4118 3746 4193">
    <p class='ocr_par' dir='ltr' id='par_1_104' title="bbox 2172 4118 3746 4193">
     <span class='ocr_line' id='line_1_104' title="bbox 2172 4118 3746 4193; baseline 0.008 -23"><span class='ocrx_word' id='word_1_866' title='bbox 2172 4130 2310 4180; x_wconf 85' lang='lat' dir='ltr'><strong>esse,</strong></span> <span class='ocrx_word' id='word_1_867' title='bbox 2341 4126 2396 4170; x_wconf 90' lang='lat' dir='ltr'><strong>et</strong></span> <span class='ocrx_word' id='word_1_868' title='bbox 2419 4118 2483 4171; x_wconf 85' lang='lat' dir='ltr'><strong>ad</strong></span> <span class='ocrx_word' id='word_1_869' title='bbox 2515 4133 2636 4172; x_wconf 87' lang='lat' dir='ltr'><strong>euut</strong></span> <span class='ocrx_word' id='word_1_870' title='bbox 2665 4120 2880 4172; x_wconf 89' lang='lat' dir='ltr'><strong>reverti.</strong></span> <span class='ocrx_word' id='word_1_871' title='bbox 2905 4121 3044 4174; x_wconf 87' lang='lat' dir='ltr'><strong>Nihil</strong></span> <span class='ocrx_word' id='word_1_872' title='bbox 3071 4125 3212 4176; x_wconf 87' lang='lat' dir='ltr'><strong>enim</strong></span> <span class='ocrx_word' id='word_1_873' title='bbox 3233 4165 3248 4189; x_wconf 93' lang='lat'><strong>,</strong></span> <span class='ocrx_word' id='word_1_874' title='bbox 3284 4125 3490 4193; x_wconf 89' lang='lat' dir='ltr'><strong>inquit,</strong></span> <span class='ocrx_word' id='word_1_875' title='bbox 3523 4125 3639 4182; x_wconf 81' lang='lat' dir='ltr'><strong>falsi</strong></span> <span class='ocrx_word' id='word_1_876' title='bbox 3671 4128 3746 4182; x_wconf 79' lang='lat' dir='ltr'><strong>lo-</strong></span> 
     </span>
    </p>
   </div>
   <div class='ocr_carea' id='block_1_105' title="bbox 2173 4206 3746 4282">
    <p class='ocr_par' dir='ltr' id='par_1_105' title="bbox 2173 4206 3746 4282">
     <span class='ocr_line' id='line_1_105' title="bbox 2173 4206 3746 4282; baseline 0.01 -25"><span class='ocrx_word' id='word_1_877' title='bbox 2173 4215 2367 4273; x_wconf 88' lang='lat' dir='ltr'><strong>quutus</strong></span> <span class='ocrx_word' id='word_1_878' title='bbox 2407 4221 2545 4260; x_wconf 91' lang='lat' dir='ltr'><strong>sum.</strong></span> <span class='ocrx_word' id='word_1_879' title='bbox 2591 4206 2716 4261; x_wconf 87' lang='lat' dir='ltr'><strong>lude</strong></span> <span class='ocrx_word' id='word_1_880' title='bbox 2760 4209 2915 4272; x_wconf 90' lang='lat' dir='ltr'><strong>veni,</strong></span> <span class='ocrx_word' id='word_1_881' title='bbox 2961 4209 3084 4265; x_wconf 93' lang='lat' dir='ltr'><strong>illuc</strong></span> <span class='ocrx_word' id='word_1_882' title='bbox 3129 4212 3392 4282; x_wconf 88' lang='lat' dir='ltr'><strong>remigro,</strong></span> <span class='ocrx_word' id='word_1_883' title='bbox 3445 4214 3510 4270; x_wconf 89' lang='lat' dir='ltr'><strong>ad</strong></span> <span class='ocrx_word' id='word_1_884' title='bbox 3562 4232 3746 4273; x_wconf 87' lang='lat' dir='ltr'><strong>verum</strong></span> 
     </span>
    </p>
   </div>
   <div class='ocr_carea' id='block_1_106' title="bbox 2175 4297 3758 4363">
    <p class='ocr_par' dir='ltr' id='par_1_106' title="bbox 2175 4297 3758 4363">
     <span class='ocr_line' id='line_1_106' title="bbox 2175 4297 3758 4363; baseline 0.008 -13"><span class='ocrx_word' id='word_1_885' title='bbox 2175 4299 2360 4352; x_wconf 87' lang='lat' dir='ltr'><strong>Deum.</strong></span> <span class='ocrx_word' id='word_1_886' title='bbox 2389 4297 2494 4351; x_wconf 83' lang='lat' dir='ltr'><strong>Vos</strong></span> <span class='ocrx_word' id='word_1_887' title='bbox 2521 4306 2697 4352; x_wconf 89' lang='lat' dir='ltr'><strong>autem</strong></span> <span class='ocrx_word' id='word_1_888' title='bbox 2733 4299 2898 4354; x_wconf 88' lang='lat' dir='ltr'><strong>Deum</strong></span> <span class='ocrx_word' id='word_1_889' title='bbox 2923 4317 3026 4354; x_wconf 91' lang='lat' dir='ltr'><strong>non</strong></span> <span class='ocrx_word' id='word_1_890' title='bbox 3056 4303 3223 4357; x_wconf 84' lang='lat' dir='ltr'><strong>nostis</strong></span> <span class='ocrx_word' id='word_1_891' title='bbox 3255 4322 3268 4358; x_wconf 91' lang='lat'><strong>:</strong></span> <span class='ocrx_word' id='word_1_892' title='bbox 3313 4304 3433 4359; x_wconf 91' lang='lat' dir='ltr'><strong>ideo</strong></span> <span class='ocrx_word' id='word_1_893' title='bbox 3456 4307 3758 4363; x_wconf 70' lang='lat' dir='ltr'><strong>secundum.</strong></span> 
     </span>
    </p>
   </div>
   <div class='ocr_carea' id='block_1_107' title="bbox 2171 4388 3741 4462">
    <p class='ocr_par' dir='ltr' id='par_1_107' title="bbox 2171 4388 3741 4462">
     <span class='ocr_line' id='line_1_107' title="bbox 2171 4388 3741 4462; baseline 0.005 -18"><span class='ocrx_word' id='word_1_894' title='bbox 2171 4405 2386 4444; x_wconf 88' lang='lat' dir='ltr'><strong>carnem</strong></span> <span class='ocrx_word' id='word_1_895' title='bbox 2411 4388 2681 4458; x_wconf 91' lang='lat' dir='ltr'><strong>judicatis.</strong></span> <span class='ocrx_word' id='word_1_896' title='bbox 2715 4390 2846 4444; x_wconf 89' lang='lat' dir='ltr'><strong>Nam</strong></span> <span class='ocrx_word' id='word_1_897' title='bbox 2882 4401 3000 4462; x_wconf 91' lang='lat' dir='ltr'><strong>post</strong></span> <span class='ocrx_word' id='word_1_898' title='bbox 3045 4401 3122 4447; x_wconf 90' lang='lat' dir='ltr'><strong>tot</strong></span> <span class='ocrx_word' id='word_1_899' title='bbox 3149 4395 3326 4449; x_wconf 89' lang='lat' dir='ltr'><strong>audita</strong></span> <span class='ocrx_word' id='word_1_900' title='bbox 3364 4397 3554 4451; x_wconf 84' lang='lat' dir='ltr'><strong>indicia</strong></span> <span class='ocrx_word' id='word_1_901' title='bbox 3584 4408 3639 4452; x_wconf 88' lang='lat' dir='ltr'><strong>et</strong></span> <span class='ocrx_word' id='word_1_902' title='bbox 3663 4415 3741 4452; x_wconf 62' lang='lat' dir='ltr'><strong>an</strong></span> 
     </span>
    </p>
   </div>
   <div class='ocr_carea' id='block_1_108' title="bbox 2174 4481 3756 4560">
    <p class='ocr_par' dir='ltr' id='par_1_108' title="bbox 2174 4481 3756 4560">
     <span class='ocr_line' id='line_1_108' title="bbox 2174 4481 3756 4560; baseline 0.006 -27"><span class='ocrx_word' id='word_1_903' title='bbox 2174 4492 2423 4551; x_wconf 77' lang='lat' dir='ltr'><strong>gumenta</strong></span> <span class='ocrx_word' id='word_1_904' title='bbox 2454 4481 2629 4536; x_wconf 88' lang='lat' dir='ltr'><strong>adhuc</strong></span> <span class='ocrx_word' id='word_1_905' title='bbox 2674 4483 2884 4550; x_wconf 87' lang='lat' dir='ltr'><strong>dicitis,</strong></span> <span class='ocrx_word' id='word_1_906' title='bbox 2942 4483 3063 4538; x_wconf 87' lang='lat' dir='ltr'><strong>Non</strong></span> <span class='ocrx_word' id='word_1_907' title='bbox 3089 4496 3162 4540; x_wconf 84' lang='lat' dir='ltr'><strong>est</strong></span> <span class='ocrx_word' id='word_1_908' title='bbox 3194 4503 3336 4541; x_wconf 74' lang='lat' dir='ltr'><strong>verus</strong></span> <span class='ocrx_word' id='word_1_909' title='bbox 3372 4504 3390 4540; x_wconf 90' lang='lat'><em>:</em></span> <span class='ocrx_word' id='word_1_910' title='bbox 3437 4497 3492 4543; x_wconf 91' lang='lat' dir='ltr'><strong>et</strong></span> <span class='ocrx_word' id='word_1_911' title='bbox 3534 4489 3756 4560; x_wconf 81' lang='lat' dir='ltr'><strong>Moysen-</strong></span> 
     </span>
    </p>
   </div>
   <div class='ocr_carea' id='block_1_109' title="bbox 2175 4572 3742 4650">
    <p class='ocr_par' dir='ltr' id='par_1_109' title="bbox 2175 4572 3742 4650">
     <span class='ocr_line' id='line_1_109' title="bbox 2175 4572 3742 4650; baseline 0.006 -25"><span class='ocrx_word' id='word_1_912' title='bbox 2175 4572 2277 4627; x_wconf 88' lang='lat' dir='ltr'><strong>ﬁdc</strong></span> <span class='ocrx_word' id='word_1_913' title='bbox 2301 4572 2514 4642; x_wconf 84' lang='lat' dir='ltr'><strong>dignum</strong></span> <span class='ocrx_word' id='word_1_914' title='bbox 2542 4576 2756 4642; x_wconf 89' lang='lat' dir='ltr'><strong>putatis,</strong></span> <span class='ocrx_word' id='word_1_915' title='bbox 2785 4583 2840 4628; x_wconf 90' lang='lat' dir='ltr'><strong>et</strong></span> <span class='ocrx_word' id='word_1_916' title='bbox 2877 4575 2942 4629; x_wconf 91' lang='lat' dir='ltr'><strong>de</strong></span> <span class='ocrx_word' id='word_1_917' title='bbox 2980 4577 3097 4630; x_wconf 90' lang='lat' dir='ltr'><strong>aliis</strong></span> <span class='ocrx_word' id='word_1_918' title='bbox 3127 4586 3179 4632; x_wconf 88' lang='lat' dir='ltr'><strong>et</strong></span> <span class='ocrx_word' id='word_1_919' title='bbox 3212 4577 3280 4634; x_wconf 89' lang='lat' dir='ltr'><strong>de</strong></span> <span class='ocrx_word' id='word_1_920' title='bbox 3313 4595 3372 4634; x_wconf 89' lang='lat' dir='ltr'><strong>se</strong></span> <span class='ocrx_word' id='word_1_921' title='bbox 3406 4581 3742 4650; x_wconf 86' lang='lat' dir='ltr'><strong>loquentem;</strong></span> 
     </span>
    </p>
   </div>
   <div class='ocr_carea' id='block_1_110' title="bbox 2173 4661 3746 4726">
    <p class='ocr_par' dir='ltr' id='par_1_110' title="bbox 2173 4661 3746 4726">
     <span class='ocr_line' id='line_1_110' title="bbox 2173 4661 3746 4726; baseline 0.006 -10"><span class='ocrx_word' id='word_1_922' title='bbox 2173 4661 2440 4717; x_wconf 90' lang='lat' dir='ltr'><strong>Christum</strong></span> <span class='ocrx_word' id='word_1_923' title='bbox 2468 4679 2596 4718; x_wconf 90' lang='lat' dir='ltr'><strong>vero</strong></span> <span class='ocrx_word' id='word_1_924' title='bbox 2623 4681 2726 4720; x_wconf 92' lang='lat' dir='ltr'><strong>non</strong></span> <span class='ocrx_word' id='word_1_925' title='bbox 2765 4667 2908 4720; x_wconf 91' lang='lat' dir='ltr'><strong>item.</strong></span> <span class='ocrx_word' id='word_1_926' title='bbox 2942 4666 3055 4722; x_wconf 90' lang='lat' dir='ltr'><strong>Iloc</strong></span> <span class='ocrx_word' id='word_1_927' title='bbox 3101 4678 3182 4724; x_wconf 88' lang='lat' dir='ltr'><strong>est</strong></span> <span class='ocrx_word' id='word_1_928' title='bbox 3209 4670 3500 4725; x_wconf 91' lang='lat' dir='ltr'><strong>secundum</strong></span> <span class='ocrx_word' id='word_1_929' title='bbox 3531 4687 3746 4726; x_wconf 87' lang='lat' dir='ltr'><strong>carnem</strong></span> 
     </span>
    </p>
   </div>
   <div class='ocr_carea' id='block_1_111' title="bbox 2168 4754 3744 4833">
    <p class='ocr_par' dir='ltr' id='par_1_111' title="bbox 2168 4754 3744 4833">
     <span class='ocr_line' id='line_1_111' title="bbox 2168 4754 3744 4833; baseline 0.006 -25"><span class='ocrx_word' id='word_1_930' title='bbox 2168 4754 2428 4824; x_wconf 84' lang='lat' dir='ltr'><strong>judicare.</strong></span> <span class='ocrx_word' id='word_1_931' title='bbox 2448 4756 2553 4826; x_wconf 77' lang='lat' dir='ltr'><strong>Ego</strong></span> <span class='ocrx_word' id='word_1_932' title='bbox 2567 4767 2728 4810; x_wconf 87' lang='lat' dir='ltr'><strong>autem</strong></span> <span class='ocrx_word' id='word_1_933' title='bbox 2746 4775 2844 4811; x_wconf 85' lang='lat' dir='ltr'><strong>non</strong></span> <span class='ocrx_word' id='word_1_934' title='bbox 2852 4761 3030 4828; x_wconf 86' lang='lat' dir='ltr'><strong>judico</strong></span> <span class='ocrx_word' id='word_1_935' title='bbox 3047 4777 3343 4832; x_wconf 80' lang='lat' dir='ltr'><strong>quemquam</strong></span> <span class='ocrx_word' id='word_1_936' title='bbox 3360 4761 3538 4832; x_wconf 79' lang='lat' dir='ltr'><strong>(Joan.</strong></span> <span class='ocrx_word' id='word_1_937' title='bbox 3629 4763 3744 4833; x_wconf 72' lang='grc'><strong>22).</strong></span> 
     </span>
    </p>
   </div>
   <div class='ocr_carea' id='block_1_112' title="bbox 2172 4846 3748 4921">
    <p class='ocr_par' dir='ltr' id='par_1_112' title="bbox 2172 4846 3748 4921">
     <span class='ocr_line' id='line_1_112' title="bbox 2172 4846 3748 4921; baseline 0.004 -22"><span class='ocrx_word' id='word_1_938' title='bbox 2172 4846 2331 4915; x_wconf 86' lang='lat' dir='ltr'><strong>Atqui</strong></span> <span class='ocrx_word' id='word_1_939' title='bbox 2361 4847 2520 4900; x_wconf 86' lang='lat' dir='ltr'><strong>etiam</strong></span> <span class='ocrx_word' id='word_1_940' title='bbox 2552 4847 2714 4915; x_wconf 89' lang='lat' dir='ltr'><strong>dicit,</strong></span> <span class='ocrx_word' id='word_1_941' title='bbox 2763 4846 2920 4901; x_wconf 89' lang='lat' dir='ltr'><strong>Pater</strong></span> <span class='ocrx_word' id='word_1_942' title='bbox 2948 4851 3192 4903; x_wconf 83' lang='lat' dir='ltr'><strong>neminem</strong></span> <span class='ocrx_word' id='word_1_943' title='bbox 3216 4853 3437 4921; x_wconf 82' lang='lat' dir='ltr'><strong>judicat.</strong></span> <span class='ocrx_word' id='word_1_944' title='bbox 3491 4851 3597 4906; x_wconf 89' lang='lat' dir='ltr'><strong>Cur</strong></span> <span class='ocrx_word' id='word_1_945' title='bbox 3621 4868 3748 4920; x_wconf 83' lang='lat' dir='ltr'><strong>ergo</strong></span> 
     </span>
    </p>
   </div>
   <div class='ocr_carea' id='block_1_113' title="bbox 2174 4937 3752 5008">
    <p class='ocr_par' dir='ltr' id='par_1_113' title="bbox 2174 4937 3752 5008">
     <span class='ocr_line' id='line_1_113' title="bbox 2174 4937 3752 5008; baseline 0.003 -17"><span class='ocrx_word' id='word_1_946' title='bbox 2174 4938 2259 4993; x_wconf 88' lang='lat' dir='ltr'><strong>hic</strong></span> <span class='ocrx_word' id='word_1_947' title='bbox 2286 4938 2413 4992; x_wconf 88' lang='lat' dir='ltr'><strong>dicit</strong></span> <span class='ocrx_word' id='word_1_948' title='bbox 2447 4956 2459 4991; x_wconf 88' lang='lat'><strong>:</strong></span> <span class='ocrx_word' id='word_1_949' title='bbox 2494 4937 2555 4990; x_wconf 85' lang='lat' dir='ltr'><strong>Et</strong></span> <span class='ocrx_word' id='word_1_950' title='bbox 2593 4939 2636 4991; x_wconf 88' lang='lat' dir='ltr'><strong>si</strong></span> <span class='ocrx_word' id='word_1_951' title='bbox 2662 4939 2838 5007; x_wconf 80' lang='lat' dir='ltr'><strong>judico</strong></span> <span class='ocrx_word' id='word_1_952' title='bbox 2862 4980 2876 5003; x_wconf 92' lang='lat'><strong>,</strong></span> <span class='ocrx_word' id='word_1_953' title='bbox 2919 4942 3172 5008; x_wconf 81' lang='lat' dir='ltr'><strong>judicium</strong></span> <span class='ocrx_word' id='word_1_954' title='bbox 3209 4959 3370 4995; x_wconf 85' lang='lat' dir='ltr'><strong>meum</strong></span> <span class='ocrx_word' id='word_1_955' title='bbox 3406 4944 3597 5008; x_wconf 80' lang='lat' dir='ltr'><strong>justum</strong></span> <span class='ocrx_word' id='word_1_956' title='bbox 3636 4952 3707 4995; x_wconf 82' lang='lat' dir='ltr'><strong>est</strong></span> <span class='ocrx_word' id='word_1_957' title='bbox 3731 4983 3752 5005; x_wconf 79' lang='lat'><strong>,.</strong></span> 
     </span>
    </p>
   </div>
   <div class='ocr_carea' id='block_1_114' title="bbox 2172 5032 3747 5103">
    <p class='ocr_par' dir='ltr' id='par_1_114' title="bbox 2172 5032 3747 5103">
     <span class='ocr_line' id='line_1_114' title="bbox 2172 5032 3747 5103; baseline 0.003 -20"><span class='ocrx_word' id='word_1_958' title='bbox 2172 5033 2289 5098; x_wconf 87' lang='lat' dir='ltr'><strong>quia</strong></span> <span class='ocrx_word' id='word_1_959' title='bbox 2315 5048 2414 5084; x_wconf 86' lang='lat' dir='ltr'><strong>non</strong></span> <span class='ocrx_word' id='word_1_960' title='bbox 2443 5048 2553 5084; x_wconf 83' lang='lat' dir='ltr'><strong>sunt</strong></span> <span class='ocrx_word' id='word_1_961' title='bbox 2582 5032 2766 5084; x_wconf 87' lang='lat' dir='ltr'><strong>solus?</strong></span> <span class='ocrx_word' id='word_1_962' title='bbox 2812 5033 3014 5086; x_wconf 80' lang='lat' dir='ltr'><strong>Rursus</strong></span> <span class='ocrx_word' id='word_1_963' title='bbox 3058 5035 3348 5088; x_wconf 88' lang='lat' dir='ltr'><strong>secundum</strong></span> <span class='ocrx_word' id='word_1_964' title='bbox 3393 5034 3601 5087; x_wconf 91' lang='lat' dir='ltr'><strong>illorum</strong></span> <span class='ocrx_word' id='word_1_965' title='bbox 3634 5038 3747 5103; x_wconf 82' lang='lat' dir='ltr'><strong>opi-</strong></span> 
     </span>
    </p>
   </div>
   <div class='ocr_carea' id='block_1_115' title="bbox 2173 5123 3749 5191">
    <p class='ocr_par' dir='ltr' id='par_1_115' title="bbox 2173 5123 3749 5191">
     <span class='ocr_line' id='line_1_115' title="bbox 2173 5123 3749 5191; baseline 0.001 -15"><span class='ocrx_word' id='word_1_966' title='bbox 2173 5124 2385 5176; x_wconf 90' lang='lat' dir='ltr'><strong>nionem</strong></span> <span class='ocrx_word' id='word_1_967' title='bbox 2435 5123 2687 5191; x_wconf 90' lang='lat' dir='ltr'><strong>loquitur.</strong></span> <span class='ocrx_word' id='word_1_968' title='bbox 2735 5123 2846 5178; x_wconf 90' lang='lat' dir='ltr'><strong>lIoc</strong></span> <span class='ocrx_word' id='word_1_969' title='bbox 2890 5134 3009 5188; x_wconf 90' lang='lat' dir='ltr'><strong>est,</strong></span> <span class='ocrx_word' id='word_1_970' title='bbox 3056 5124 3320 5179; x_wconf 80' lang='lat' dir='ltr'><strong>Judicium</strong></span> <span class='ocrx_word' id='word_1_971' title='bbox 3351 5139 3527 5178; x_wconf 90' lang='lat' dir='ltr'><strong>meum</strong></span> <span class='ocrx_word' id='word_1_972' title='bbox 3579 5125 3749 5179; x_wconf 85' lang='lat' dir='ltr'><strong>Patris</strong></span> 
     </span>
    </p>
   </div>
   <div class='ocr_carea' id='block_1_116' title="bbox 2172 5215 3746 5285">
    <p class='ocr_par' dir='ltr' id='par_1_116' title="bbox 2172 5215 3746 5285">
     <span class='ocr_line' id='line_1_116' title="bbox 2172 5215 3746 5285; baseline 0.003 -17"><span class='ocrx_word' id='word_1_973' title='bbox 2172 5224 2296 5268; x_wconf 88' lang='lat' dir='ltr'><strong>est:</strong></span> <span class='ocrx_word' id='word_1_974' title='bbox 2332 5229 2504 5283; x_wconf 88' lang='lat' dir='ltr'><strong>neque</strong></span> <span class='ocrx_word' id='word_1_975' title='bbox 2546 5216 2701 5269; x_wconf 86' lang='lat' dir='ltr'><strong>aliter</strong></span> <span class='ocrx_word' id='word_1_976' title='bbox 2746 5231 2902 5284; x_wconf 89' lang='lat' dir='ltr'><strong>quam</strong></span> <span class='ocrx_word' id='word_1_977' title='bbox 2951 5230 3050 5284; x_wconf 87' lang='lat' dir='ltr'><strong>ego</strong></span> <span class='ocrx_word' id='word_1_978' title='bbox 3103 5216 3259 5269; x_wconf 88' lang='lat' dir='ltr'><strong>Pater</strong></span> <span class='ocrx_word' id='word_1_979' title='bbox 3293 5215 3533 5284; x_wconf 88' lang='lat' dir='ltr'><strong>jndieat,</strong></span> <span class='ocrx_word' id='word_1_980' title='bbox 3577 5233 3746 5285; x_wconf 90' lang='lat' dir='ltr'><strong>neque</strong></span> 
     </span>
    </p>
   </div>
   <div class='ocr_carea' id='block_1_117' title="bbox 2175 5305 3747 5374">
    <p class='ocr_par' dir='ltr' id='par_1_117' title="bbox 2175 5305 3747 5374">
     <span class='ocr_line' id='line_1_117' title="bbox 2175 5305 3747 5374; baseline 0.002 -17"><span class='ocrx_word' id='word_1_981' title='bbox 2175 5305 2329 5358; x_wconf 88' lang='lat' dir='ltr'><strong>aliter</strong></span> <span class='ocrx_word' id='word_1_982' title='bbox 2355 5319 2474 5374; x_wconf 88' lang='lat' dir='ltr'><strong>ego,</strong></span> <span class='ocrx_word' id='word_1_983' title='bbox 2502 5321 2657 5374; x_wconf 90' lang='lat' dir='ltr'><strong>quam</strong></span> <span class='ocrx_word' id='word_1_984' title='bbox 2682 5305 2857 5359; x_wconf 91' lang='lat' dir='ltr'><strong>Pater.</strong></span> <span class='ocrx_word' id='word_1_985' title='bbox 2880 5306 2989 5358; x_wconf 83' lang='lat' dir='ltr'><strong>Cur</strong></span> <span class='ocrx_word' id='word_1_986' title='bbox 3013 5321 3140 5358; x_wconf 81' lang='lat' dir='ltr'><strong>vero</strong></span> <span class='ocrx_word' id='word_1_987' title='bbox 3166 5305 3374 5358; x_wconf 90' lang='lat' dir='ltr'><strong>Patrem</strong></span> <span class='ocrx_word' id='word_1_988' title='bbox 3402 5308 3747 5362; x_wconf 86' lang='lat' dir='ltr'><strong>memoravit?</strong></span> 
     </span>
    </p>
   </div>
   <div class='ocr_carea' id='block_1_118' title="bbox 2172 5395 3748 5466">
    <p class='ocr_par' dir='ltr' id='par_1_118' title="bbox 2172 5395 3748 5466">
     <span class='ocr_line' id='line_1_118' title="bbox 2172 5395 3748 5466; baseline 0.002 -16"><span class='ocrx_word' id='word_1_989' title='bbox 2172 5396 2286 5451; x_wconf 89' lang='lat' dir='ltr'><strong>Non</strong></span> <span class='ocrx_word' id='word_1_990' title='bbox 2336 5398 2589 5466; x_wconf 88' lang='lat' dir='ltr'><strong>putabant</strong></span> <span class='ocrx_word' id='word_1_991' title='bbox 2635 5396 2710 5450; x_wconf 93' lang='lat' dir='ltr'><strong>illi</strong></span> <span class='ocrx_word' id='word_1_992' title='bbox 2748 5395 2850 5449; x_wconf 90' lang='lat' dir='ltr'><strong>ﬁde</strong></span> <span class='ocrx_word' id='word_1_993' title='bbox 2883 5395 3100 5464; x_wconf 85' lang='lat' dir='ltr'><strong>dignum</strong></span> <span class='ocrx_word' id='word_1_994' title='bbox 3147 5395 3374 5460; x_wconf 88' lang='lat' dir='ltr'><strong>Filium,</strong></span> <span class='ocrx_word' id='word_1_995' title='bbox 3428 5397 3528 5451; x_wconf 90' lang='lat' dir='ltr'><strong>nisi</strong></span> <span class='ocrx_word' id='word_1_996' title='bbox 3577 5398 3748 5453; x_wconf 85' lang='lat' dir='ltr'><strong>Patris</strong></span> 
     </span>
    </p>
   </div>
   <div class='ocr_carea' id='block_1_119' title="bbox 2174 5485 3744 5555">
    <p class='ocr_par' dir='ltr' id='par_1_119' title="bbox 2174 5485 3744 5555">
     <span class='ocr_line' id='line_1_119' title="bbox 2174 5485 3744 5555; baseline 0 -13"><span class='ocrx_word' id='word_1_997' title='bbox 2174 5489 2536 5544; x_wconf 89' lang='lat' dir='ltr'><strong>testimonium</strong></span> <span class='ocrx_word' id='word_1_998' title='bbox 2565 5487 2861 5555; x_wconf 88' lang='lat' dir='ltr'><strong>accepisset</strong></span> <span class='ocrx_word' id='word_1_999' title='bbox 2897 5504 2909 5539; x_wconf 92' lang='lat'><strong>:</strong></span> <span class='ocrx_word' id='word_1_1000' title='bbox 2954 5485 3185 5554; x_wconf 85' lang='lat' dir='ltr'><strong>alioquin</strong></span> <span class='ocrx_word' id='word_1_1001' title='bbox 3237 5486 3435 5542; x_wconf 89' lang='lat' dir='ltr'><strong>dictum</strong></span> <span class='ocrx_word' id='word_1_1002' title='bbox 3472 5487 3598 5543; x_wconf 89' lang='lat' dir='ltr'><strong>illud</strong></span> <span class='ocrx_word' id='word_1_1003' title='bbox 3641 5504 3744 5542; x_wconf 88' lang='lat' dir='ltr'><strong>non</strong></span> 
     </span>
    </p>
   </div>
   <div class='ocr_carea' id='block_1_120' title="bbox 2174 5577 3745 5647">
    <p class='ocr_par' dir='ltr' id='par_1_120' title="bbox 2174 5577 3745 5647">
     <span class='ocr_line' id='line_1_120' title="bbox 2174 5577 3745 5647; baseline -0.003 -12"><span class='ocrx_word' id='word_1_1004' title='bbox 2174 5583 2430 5636; x_wconf 88' lang='lat' dir='ltr'><strong>stetisset.</strong></span> <span class='ocrx_word' id='word_1_1005' title='bbox 2461 5579 2612 5647; x_wconf 83' lang='lat' dir='ltr'><strong>Apud</strong></span> <span class='ocrx_word' id='word_1_1006' title='bbox 2640 5577 2885 5631; x_wconf 91' lang='lat' dir='ltr'><strong>homines</strong></span> <span class='ocrx_word' id='word_1_1007' title='bbox 2916 5577 3057 5631; x_wconf 90' lang='lat' dir='ltr'><strong>enim</strong></span> <span class='ocrx_word' id='word_1_1008' title='bbox 3093 5592 3211 5632; x_wconf 89' lang='lat' dir='ltr'><strong>cum</strong></span> <span class='ocrx_word' id='word_1_1009' title='bbox 3242 5578 3346 5632; x_wconf 90' lang='lat' dir='ltr'><strong>duo</strong></span> <span class='ocrx_word' id='word_1_1010' title='bbox 3371 5579 3438 5633; x_wconf 89' lang='lat' dir='ltr'><strong>de</strong></span> <span class='ocrx_word' id='word_1_1011' title='bbox 3469 5595 3527 5635; x_wconf 89' lang='lat' dir='ltr'><strong>re</strong></span> <span class='ocrx_word' id='word_1_1012' title='bbox 3573 5579 3745 5633; x_wconf 85' lang='lat' dir='ltr'><strong>aliena</strong></span> 
     </span>
    </p>
   </div>
   <div class='ocr_carea' id='block_1_121' title="bbox 2180 5669 3745 5736">
    <p class='ocr_par' dir='ltr' id='par_1_121' title="bbox 2180 5669 3745 5736">
     <span class='ocr_line' id='line_1_121' title="bbox 2180 5669 3745 5736; baseline -0.003 -8"><span class='ocrx_word' id='word_1_1013' title='bbox 2180 5674 2544 5728; x_wconf 80' lang='lat' dir='ltr'><strong>testimonium</strong></span> <span class='ocrx_word' id='word_1_1014' title='bbox 2566 5671 2773 5736; x_wconf 81' lang='lat' dir='ltr'><strong>lerunt,</strong></span> <span class='ocrx_word' id='word_1_1015' title='bbox 2817 5679 2941 5726; x_wconf 90' lang='lat' dir='ltr'><strong>tunc</strong></span> <span class='ocrx_word' id='word_1_1016' title='bbox 2971 5671 3330 5726; x_wconf 87' lang='lat' dir='ltr'><strong>testimonium</strong></span> <span class='ocrx_word' id='word_1_1017' title='bbox 3357 5687 3537 5726; x_wconf 85' lang='lat' dir='ltr'><strong>verum</strong></span> <span class='ocrx_word' id='word_1_1018' title='bbox 3587 5669 3745 5724; x_wconf 82' lang='lat' dir='ltr'><strong>habe-</strong></span> 
     </span>
    </p>
   </div>
  </div>
