4072 6152
375 247 470 312 29!

373 371 495 420 tur;
531 357 638 416 hoc
668 366 750 415 est
775 357 938 423 enim,
985 353 1118 410 duos
1152 353 1515 409 testimonium
1564 351 1720 406 ferre.
1752 350 1808 406 Si
1849 351 1972 420 quis

375 466 497 504 vero
516 449 583 505 de
601 465 660 506 se
679 449 1039 506 testimonium
1068 447 1219 511 ferat,
1242 461 1345 500 non
1374 446 1483 515 jam
1506 458 1612 499 duo
1631 453 1796 499 testes
1813 452 1956 498 sunt.

441 541 672 605 Christus
713 559 766 596 se
799 541 941 594 Patri
992 538 1468 596 consubstantialem
1514 538 1748 592 ostendit.
1773 566 1846 578 ——
1872 535 1959 590 Vi-

370 632 488 689 den‘
520 633 667 686 illum
698 648 802 686 non
831 631 930 686 alia
960 631 1026 686 de
1053 644 1216 685 causa
1248 631 1349 684 hoc
1377 629 1598 694 dixisse,
1635 628 1738 683 nisi
1779 637 1838 683 ut
1867 644 1961 683 os-

371 725 614 782 tenderet
641 739 701 779 se
722 723 1234 780 consubstantialem
1256 737 1395 784 esse,
1421 731 1474 776 et
1500 737 1594 790 per
1613 721 1957 790 semetipsum

369 820 562 874 deinde
591 833 696 871 non
728 833 886 887 egere
914 833 972 870 se
1001 815 1107 870 alio
1139 814 1443 869 testimonio
1468 830 1483 879 ;
1518 823 1678 882 utque
1709 812 1959 881 probaret

370 927 429 964 se
471 910 603 965 nihil
663 909 840 962 minus
895 906 1115 970 habere,
1172 922 1331 976 quant
1381 903 1787 958 Patrem?\’ide
1831 917 1957 972 ergo

369 1003 762 1062 auctoritatem.
795 1001 876 1055 l8.
907 999 1018 1069 Ego
1035 1015 1146 1052 sum
1167 998 1248 1068 qui
1272 996 1606 1050 testimonium
1631 993 1864 1063 perhibeo
1896 995 1956 1048 de

371 1093 564 1158 meipso,
587 1134 601 1156 ,
634 1100 678 1144 et
723 1090 1057 1148 testiinonium
1089 1087 1312 1158 perhibet
1364 1086 1426 1140 de
1454 1101 1532 1138 me
1573 1085 1661 1153 qui
1705 1085 1838 1136 misit
1879 1100 1959 1138 me

377 1183 549 1242 Pater.
580 1183 699 1237 Non
725 1183 774 1236 id
804 1181 1069 1252 posuisset
1095 1180 1138 1232 si
1167 1178 1388 1235 tinuoris
1413 1176 1724 1230 substantia:
1749 1175 1953 1230 fuisset.

373 1276 575 1337 Doimle
598 1293 663 1329 ne
695 1274 901 1328 numeri
924 1287 1080 1326 cauea
1112 1272 1166 1325 id
1210 1271 1437 1339 positum
1469 1277 1623 1338 putes
1647 1309 1662 1335 ,
1703 1268 1824 1323 vide
1859 1283 1956 1338 po-

370 1377 614 1422 testatem
639 1366 688 1419 in
717 1365 860 1418 nullo
881 1363 1172 1418 diversam.
1192 1361 1530 1414 Tcstiftcatur
1552 1359 1715 1416 homo
1733 1373 1852 1412 cum
1881 1373 1950 1413 ex

367 1474 428 1511 so
458 1456 558 1519 (ide
588 1456 776 1525 dignus
801 1462 904 1518 est,
933 1467 1037 1506 non
1069 1466 1190 1505 cum
1223 1451 1529 1505 testimonio
1554 1460 1673 1520 eget
1700 1465 1715 1515 ;
1745 1448 1955 1520 hocque

367 1551 419 1603 in
449 1549 626 1609 aliena
665 1562 722 1601 re
750 1562 762 1597 :
795 1545 846 1598 in
891 1560 950 1598 re
981 1557 1110 1599 vero
1161 1558 1254 1597 sua
1284 1559 1405 1596 Clltll
1449 1543 1759 1597 testimonio
1808 1551 1950 1612 eget,

364 1655 470 1693 non
494 1639 607 1709 jam
632 1646 717 1693 est
742 1636 846 1691 fide
869 1635 1079 1706 dignus.
1112 1635 1208 1689 llic
1237 1650 1364 1689 vero
1389 1644 1594 1688 contra.
1637 1633 1769 1688 Nam
1816 1636 1866 1687 in
1894 1650 1952 1688 re

363 1745 458 1786 sua
488 1729 799 1793 testil‘tCans,
831 1737 885 1782 et
905 1741 963 1780 se
987 1726 1208 1781 alterius
1240 1727 1601 1780 testimonium
1637 1726 1832 1781 habere
1858 1725 1949 1779 di-

364 1837 514 1887 cens,
541 1837 600 1874 se
623 1819 725 1875 fide
754 1819 975 1888 dignum
1004 1833 1124 1872 esse
1144 1817 1292 1884 dicit,
1324 1815 1559 1884 undique
1583 1832 1734 1871 suam
1765 1827 1950 1872 osten-

367 1913 506 1967 dens
550 1910 945 1966 auctoritatem.
978 1907 1088 1963 Cur
1122 1909 1264 1967 enim
1310 1924 1429 1961 cum
1468 1907 1639 1974 dixit,
1684 1906 1805 1961 Non
1842 1924 1953 1961 sum

365 2004 524 2068 solus,
553 2001 642 2056 sed
665 2017 756 2070 ego
783 2009 830 2054 et
856 2002 940 2069 qui
969 1999 1102 2057 misit
1125 2015 1204 2054 me
1229 1997 1428 2061 Pater;
1454 2009 1507 2053 et
1528 2040 1544 2061 ,
1578 1998 1808 2051 Duorum
1852 2000 1949 2052 ho-

365 2094 558 2147 minum
587 2093 922 2146 testimonium
948 2105 1118 2147 verum
1139 2098 1211 2146 est
1233 2106 1251 2154 ;
1275 2104 1384 2144 non
1409 2090 1588 2150 tacuit,
1614 2088 1706 2143 sed
1734 2090 1948 2158 adjecit,

365 2185 478 2256 Ego
507 2201 618 2239 sum
645 2185 731 2255 qui
764 2184 1102 2237 testimonium
1126 2181 1363 2253 perhibeo
1386 2182 1454 2236 de.
1472 2183 1663 2252 meipso
1689 2183 1714 2236 ?
1752 2185 1951 2238 Aucto-

363 2280 572 2332 ritatem
617 2278 798 2345 utique
839 2273 1236 2328 demonstrans.
1285 2273 1350 2326 Et
1387 2274 1558 2342 primo
1593 2273 1824 2342 scipsum
1852 2289 1948 2343 po-

361 2371 466 2424 suit
497 2388 509 2424 :
543 2368 649 2439 Ego
676 2384 787 2422 sum
811 2367 896 2438 qui
919 2366 1256 2420 testimonium
1273 2365 1505 2436 perhibeo
1533 2366 1595 2419 de
1621 2367 1829 2436 meipso.
1856 2366 1952 2421 llic

362 2477 488 2516 vero
516 2459 748 2515 ostendit
776 2474 835 2514 se
881 2459 1085 2513 honore
1126 2472 1307 2527 parem
1339 2474 1352 2512 :
1383 2457 1620 2527 nihilque
1669 2458 1771 2512 illis
1799 2458 1951 2527 prod-

362 2568 503 2617 esse,
523 2552 568 2607 si
595 2552 763 2608 Deum
791 2551 1001 2608 Patrem
1030 2565 1090 2605 se
1111 2563 1270 2604 nosse
1295 2548 1493 2613 dicant,
1524 2549 1568 2603 si
1591 2562 1651 2602 se
1675 2549 1942 2618 ignorent,

361 2645 510 2715 cujus
535 2646 608 2700 rei
635 2659 849 2700 causam
877 2658 997 2697 esse
1025 2642 1187 2705 dicit,
1239 2639 1380 2710 quod
1411 2655 1469 2694 se
1501 2653 1823 2711 cognoscere
1847 2656 1948 2695 no-

362 2738 481 2794 lint.
516 2738 651 2792 Dicit
677 2753 805 2806 ergo
834 2752 938 2790 non
974 2749 1132 2805 posse
1176 2733 1387 2788 Patrem
1430 2734 1679 2803 cognosci
1724 2733 1840 2788 sine
1865 2736 1948 2789 sui

359 2829 663 2900 cognitione
685 2867 701 2892 ,
732 2837 789 2882 ut
819 2829 897 2883 vel
939 2828 1018 2882 sic
1037 2840 1131 2881 eos
1157 2825 1222 2880 ad
1249 2826 1328 2880 sui
1360 2823 1600 2878 notitiam
1629 2824 1946 2882 attraheret.

363 2922 497 2988 Quia
551 2919 731 2986 enim,
783 2919 897 2989 ipso
945 2918 1161 2982 relicto,
1209 2916 1423 2972 Patrem
1473 2930 1689 2985 semper
1744 2916 1950 2971 discere

359 3013 666 3083 maerebant
688 3051 704 3077 ,
738 3013 812 3065 ait
841 3029 852 3064 :
911 3011 1029 3065 Non
1075 3009 1280 3080 potestis
1309 3023 1455 3062 nosse
1482 3006 1688 3060 Patrem
1708 3008 1816 3060 sine
1845 3021 1946 3063 me.

360 3103 540 3174 Itaque
569 3104 658 3173 qui
687 3103 740 3156 in
776 3101 970 3157 Filiqu
1015 3100 1385 3169 blasphemaut
1411 3113 1517 3152 non
1549 3099 1602 3152 in
1629 3097 1800 3167 ipsum
1825 3106 1946 3153 tau-

361 3204 494 3262 ttIm,
525 3193 619 3250 sed
644 3203 697 3250 et
723 3194 775 3248 in
807 3193 1016 3247 Patrem
1046 3191 1430 3262 hlasphemant.

431 3286 484 3342 ι.
516 3286 642 3342 ηερε
673 3301 769 3342 nos
795 3299 1097 3352 caveamus,
1123 3291 1176 3338 et
1207 3283 1398 3337 Filium
1425 3280 1786 3352 glorificemus
1813 3297 1827 3335 :
1857 3281 1944 3352 qui

359 3378 406 3436 si
437 3395 543 3434 nou
573 3377 811 3449 ejusdem
837 3387 980 3433 esset
1007 3386 1230 3441 naturm,
1256 3391 1360 3430 non
1395 3375 1462 3428 ita
1503 3373 1753 3442 loquutus
1783 3382 1944 3428 esset.

359 3471 513 3538 Quod
529 3472 574 3527 si
603 3479 807 3526 tantum
837 3469 1100 3536 docuerit,
1136 3469 1257 3524 licet
1285 3468 1509 3524 alterius
1531 3458 1674 3521 esset
1701 3465 1950 3520 substan-

359 3563 481 3628 tias,
527 3571 708 3632 posset
732 3563 994 3634 quispiam
1025 3573 1353 3632 cognoscere
1394 3560 1643 3628 Patrem,
1675 3567 1730 3614 et
1771 3559 1944 3629 ipsum

360 3656 606 3725 ignorare
639 3672 654 3710 :
708 3669 1030 3724 rursumque
1073 3654 1161 3723 qui
1190 3653 1397 3708 Patrem
1431 3661 1642 3715 nosset,
1693 3666 1801 3706 non
1827 3650 1948 3706 ideo

362 3746 558 3803 Filium
584 3754 948 3816 cognosceret.
978 3744 1164 3814 Neque
1187 3745 1326 3800 enim
1353 3744 1440 3814 qui
1467 3744 1612 3798 novit
1639 3743 1945 3810 hominem,

359 3838 509 3894 novit
531 3839 694 3893 etiam
735 3837 1007 3908 angelum.
1062 3835 1172 3890 lmo
1199 3877 1214 3901 ,
1245 3837 1486 3906 inquies;
1521 3851 1642 3888 nam
1671 3837 1758 3904 qui
1803 3835 1951 3891 novit

356 3938 653 3984 creaturam
683 3971 697 3994 ,
733 3929 875 3982 novit
903 3935 958 3982 et
981 3926 1168 3981 Deum.
1200 3925 1433 3981 Minime.
1468 3925 1616 3980 Multi
1664 3926 1807 3989 enim
1848 3939 1947 3982 no-

359 4029 480 4082 runt
507 4031 804 4076 creaturam
828 4061 842 4085 ,
875 4019 983 4074 imo
1013 4031 1203 4074 omnes
1229 4017 1506 4084 homines,
1552 4016 1640 4085 qui
1672 4015 1852 4081 vident
1880 4015 1945 4070 il-

359 4113 496 4179 lam,
537 4121 593 4168 et
622 4113 786 4167 Deum
816 4127 920 4166 non
964 4119 1176 4166 norunt.
1208 4109 1575 4167 Gloriliccmus
1603 4123 1730 4178 ergo
1754 4107 1945 4163 Filium

363 4204 489 4270 Dei,
537 4219 648 4261 non
673 4203 774 4259 hac
799 4203 969 4274 gloria
1000 4212 1238 4269 tantum,
1287 4203 1382 4259 sed
1425 4203 1586 4260 etiam
1635 4217 1730 4282 per
1757 4215 1942 4272 opera.

1097 243 1151 298 S.
1195 240 1472 297 JO.\NNI$
1510 235 1990 300 CIIRYSOSTOMI
2025 237 2344 296 ARCHIEP.
2385 239 2915 299 CQVSTANTINOP.

3553 251 3660 306 992

2066 351 2192 408 Sine
2224 351 2323 408 hac
2356 353 2497 406 enim
2527 353 2724 422 gloria,
2755 353 2841 408 illa
2874 354 3002 409 nihil
3035 365 3132 410 est.
3179 357 3304 413 Vide
3331 369 3414 425 tu,
3448 362 3657 434 inquit,

2063 439 2281 497 Judreus
2309 444 2677 513 cognominaris
2695 486 2710 510 ,
2761 455 2805 497 et
2834 446 2886 498 in
2915 446 3023 516 lege
3051 449 3295 518 quiescis,
3331 462 3378 506 et
3422 454 3658 523 gloriaris

2066 535 2118 586 in
2149 532 2254 588 Deo
2287 536 2458 605 (Rom.
2499 535 2552 588 2.
2586 537 2696 603 l7).
2746 536 2846 600 Qui
2881 539 3037 592 alium
3077 542 3222 596 doces
3247 585 3262 610 ,
3299 545 3511 614 teipsum
3557 565 3657 603 non

2065 626 2213 680 doces
2237 629 2250 656 ²
2271 627 2295 680 2
2319 627 2402 696 qui
2424 627 2475 680 in
2511 629 2616 698 lege
2641 628 2876 698 gloriaris
2895 671 2909 694 ,
2942 648 3030 700 per
3054 635 3179 703 legis
3207 641 3656 709 transgressionem

2064 715 2228 770 Deum
2266 717 2538 771 inhonorus
2570 717 2728 788 (Ibid.
2775 735 2822 773 υ.
2863 720 2996 792 2|)?
3034 723 3161 780 Vide
3207 742 3274 781 ne
3317 744 3415 782 nos
3455 729 3554 799 ipsi
3603 731 3653 784 in

2063 816 2206 861 recta
2235 807 2337 860 fide
2364 807 2682 877 gloriantes,
2715 810 2855 879 quod
2886 811 3048 866 vitam
3090 814 3209 870 fidei
3238 829 3652 876 consentaneum

2066 916 2170 952 non
2203 899 2568 965 exhibeamus,
2602 901 2767 955 Deum
2795 902 3211 971 inhonoremus,
3241 907 3366 962 dum
3408 910 3459 964 in
3494 925 3651 967 causa

2062 1003 2248 1043 sumus
2271 990 2410 1059 quod
2431 991 2850 1060 blasphemetur.
2879 993 3002 1046 Vult
3018 996 3161 1050 enim
3181 998 3265 1052 ille
3285 999 3652 1057 Christianum

2063 1095 2182 1134 esse
2239 1079 2515 1135 doctorem
2565 1081 2744 1148 orbis,
2798 1083 3153 1154 fermentum,
3205 1088 3417 1158 lucem,
3459 1094 3646 1148 salem.

2061 1172 2197 1239 Quid
2223 1183 2302 1226 est
2334 1173 2461 1227 lux?
2497 1173 2611 1228 Vita
2642 1175 2957 1244 Splendens,
3001 1179 3129 1232 nihil
3159 1181 3372 1238 obscuri
3419 1186 3643 1240 habens.

2061 1265 2172 1323 Lux
2207 1281 2312 1321 non
2339 1266 2437 1320 sibi
2470 1267 2611 1320 utilis
2634 1275 2715 1320 est
2735 1307 2750 1333 ,
2781 1275 2836 1320 ut
2867 1282 3038 1338 neque
3066 1270 3174 1336 sal,
3205 1287 3379 1342 neque
3409 1275 3645 1332 fermen-

2062 1365 2169 1416 tum
2196 1399 2210 1423 ,
2239 1357 2333 1412 sed
2360 1358 2478 1412 aliis
2506 1357 2784 1417 utilitatem
2810 1356 3058 1413 alterunt.
3085 1361 3158 1414 Ita
3181 1377 3208 1415 a
3238 1365 3391 1418 nobis
3413 1381 3518 1420 non
3541 1370 3646 1423 uti-

2060 1447 2178 1501 litas
2203 1457 2405 1502 tantum
2437 1458 2636 1516 nostra,
2665 1451 2759 1504 sed
2787 1459 2840 1505 et
2867 1451 3089 1512 aliorum
3112 1453 3360 1524 exigitur.
3392 1457 3479 1512 Sal
3502 1461 3644 1516 enim

2059 1540 2156 1594 nisi
2187 1540 2381 1594 snlsum
2414 1541 2634 1607 reddat,
2669 1557 2774 1596 non
2825 1551 2909 1598 est
2946 1545 3043 1599 sat.
3072 1545 3174 1601 Sed
3202 1548 3346 1607 aliud
3370 1551 3641 1622 quidpiam

2062 1631 2502 1700 deprehenditur.
2529 1633 2658 1687 Nam
2683 1635 2726 1688 si
2749 1651 2845 1690 nos
2867 1645 3008 1692 recte
3030 1636 3294 1707 vivamus,
3317 1641 3405 1696 alii
3427 1659 3642 1715 quoque

2059 1723 2193 1779 bene
2222 1739 2278 1778 se
2303 1732 2490 1794 gerent
2516 1742 2528 1777 :
2557 1725 2727 1781 donec
2751 1735 2928 1782 autem
2951 1737 3096 1783 recte
3123 1728 3377 1795 vivamus,
3407 1748 3512 1786 non
3539 1749 3639 1804 po-

2059 1814 2278 1868 terimus
2307 1815 2426 1869 aliis
2449 1815 2722 1885 prodesse.
2747 1816 2886 1871 Nihil
2916 1817 3138 1883 fatuum,
3164 1819 3293 1874 nihil
3319 1823 3474 1879 molle
3498 1825 3636 1894 apud

2059 1921 2158 1961 nos
2185 1908 2272 1960 sit.
2304 1907 2457 1963 Tales
2487 1919 2612 1963 sunt
2635 1924 2719 1963 res
2747 1911 3032 1964 sxccularcs
3056 1952 3070 1977 ,
3103 1914 3232 1968 tales
3264 1913 3419 1983 hujus
3459 1919 3638 1975 mundi

2055 2000 2462 2054 sollicitudines.
2513 2001 2636 2055 Ideo
2682 2002 2911 2073 virgines
2951 2003 3110 2059 fatuae
3152 2016 3276 2060 sunt
3323 2009 3636 2077 appellatae,

2055 2093 2177 2161 quia
2225 2092 2384 2147 fatuis
2414 2093 2571 2148 rebus
2623 2095 2969 2150 szecnlaribus
3015 2112 3232 2166 operam
3281 2098 3479 2153 dabant
3512 2120 3522 2154 :
3555 2102 3641 2158 hic

2054 2194 2459 2254 congregantes,
2488 2200 2586 2239 nec
2611 2185 2941 2255 deponentes
2964 2187 3048 2241 ubi
3079 2187 3349 2256 deponere
3372 2205 3466 2259 par
3503 2202 3638 2246 erat.

2054 2274 2368 2332 Titttettdtttn
2415 2291 2542 2346 ergo
2573 2292 2639 2330 ne
2681 2276 2909 2346 idipsum
2953 2277 3106 2332 nobis
3132 2281 3444 2350 contingat,
3499 2298 3639 2338 neve

2057 2366 2290 2422 sordidis
2335 2367 2504 2421 induti
2551 2369 2785 2424 vestibus
2836 2370 3089 2424 abeamus
3135 2371 3264 2440 illo,
3312 2372 3397 2427 ubi
3452 2388 3639 2432 euntes

2051 2458 2343 2527 splendidis
2370 2467 2494 2514 sunt
2525 2459 2710 2512 induti.
2740 2460 2877 2514 Nihil
2904 2461 3045 2515 enim
3073 2463 3343 2518 sordidius
3376 2474 3595 2534 peccato
3618 2507 3634 2530 ,

2051 2548 2182 2603 nihil
2209 2549 2490 2617 impurius.
2522 2549 2856 2619 Quapropter
2897 2552 3011 2619 ejus
3041 2561 3281 2607 naturam
3326 2554 3637 2612 describens

2053 2640 2310 2710 propheta
2338 2641 2635 2695 clamabat:
2668 2639 2980 2694 Putruerunt
3007 2651 3054 2696 et
3079 2654 3330 2712 corrupta:
3367 2656 3482 2700 sunt
3505 2647 3636 2700 cica-

2051 2731 2198 2786 trires
2222 2746 2345 2785 mea
2371 2729 2543 2800 (Psal.
2575 2733 2664 2787 57.
2695 2730 2770 2803 6).
2799 2731 2854 2788 Si
2888 2733 2964 2786 vis
2993 2735 3190 2802 peccati
3237 2735 3480 2790 lictorem
3525 2737 3637 2791 edi-

2052 2840 2225 2892 scere,
2248 2834 2523 2895 postquam
2554 2827 2895 2881 commissum
2916 2835 3000 2881 est
3025 2827 3178 2894 illud,
3207 2829 3484 2883 considera
3514 2844 3633 2883 cum

2047 2917 2158 2987 jam
2182 2934 2210 2971 a
2237 2919 2669 2988 concupiscentia
2694 2919 2826 2973 liber
2851 2935 2909 2974 es
2933 2959 2948 2981 ,
2973 2933 3092 2974 cum
3136 2920 3256 2990 igne
3277 2935 3382 2975 non
3413 2935 3635 2975 succcn-

2050 3010 2222 3078 deris,
2254 3020 2378 3065 tunc
2403 3010 2665 3080 percipies
2694 3011 2822 3080 quid
2847 3012 2915 3066 sit
2941 3021 3236 3081 peccatum.
3277 3013 3412 3067 Iram
3457 3013 3629 3080 cogita

2052 3118 2172 3159 cum
2202 3103 2516 3172 tranquillus
2545 3117 2639 3167 cs;
2683 3103 2957 3156 avaritiam
2981 3144 2997 3169 ,
3029 3119 3146 3159 oum
3188 3119 3376 3173 expers
3406 3119 3465 3158 es
3491 3103 3632 3159 illius

2051 3193 2292 3250 affectus.
2321 3193 2463 3252 Nihil
2485 3193 2711 3263 turpius,
2740 3192 2868 3249 nihil
2901 3193 3091 3249 fmdius
3115 3195 3292 3262 rapina
3316 3203 3369 3250 et
3388 3195 3628 3248 avaritia.

2051 3284 2176 3342 Ihuc
2207 3285 2516 3356 frequenter
2541 3285 2787 3350 dicimus,
2821 3299 2925 3338 non
2961 3294 3018 3338 ut
3044 3285 3196 3340 vobis
3218 3285 3512 3340 molestiam
3534 3301 3632 3356 pa-

2052 3380 2272 3444 riamns,
2303 3379 2396 3434 sed
2429 3388 2484 3433 ut
2510 3393 2762 3448 magnum
2790 3393 2858 3432 ac
2879 3377 3121 3435 mirabile
3143 3377 3413 3449 quidpiam
3457 3378 3634 3434 lucre-

2052 3488 2191 3527 mur.
2213 3471 2342 3525 Nam
2369 3471 2478 3542 qui,
2513 3486 2572 3525 re
2598 3469 2763 3525 semel
2791 3469 2992 3536 audita,
3023 3485 3130 3535 non
3160 3472 3458 3541 corrigitur,
3500 3471 3636 3527 forte

2051 3565 2096 3620 si
2123 3563 2358 3618 secundo
2385 3562 2599 3626 audiat,
2626 3562 3029 3634 emendabitur;
3063 3563 3149 3616 vel
3177 3562 3386 3617 tandem
3408 3563 3452 3618 si
3480 3565 3637 3618 tertio

2053 3665 2350 3709 moneatur.
2387 3652 2599 3709 Utinam
2628 3659 2806 3706 autem
2829 3667 3016 3706 omnes
3049 3667 3079 3705 a
3115 3653 3268 3707 maiis
3299 3654 3544 3708 omnibus
3567 3653 3635 3707 lio

2054 3746 2222 3802 herati
2264 3747 2459 3800 bonum
2499 3743 2694 3800 Christi
2726 3743 2944 3798 odorem
2992 3743 3319 3810 habeamus,
3358 3745 3442 3800 cui
3469 3745 3634 3814 gloria

2053 3855 2173 3894 cum
2200 3840 2352 3895 Patre
2380 3847 2435 3893 et
2457 3838 2656 3906 Spiritu
2687 3849 2872 3892 sancto
2901 3879 2916 3905 ,
2951 3851 3091 3891 nunc
3119 3846 3173 3892 et
3215 3853 3444 3909 semper,
3478 3845 3532 3893 et
3581 3837 3634 3892 in

2051 3931 2248 3989 smcula
2277 3931 2616 3986 saeculorum.
2647 3929 2838 3984 Amen.

2116 4085 2132 4117 ί
2165 4083 2294 4142 Editi
2318 4083 2514 4151 habent,
2535 4081 2738 4142 teipsum
2759 4094 2852 4131 non
2861 4078 3206 4174 ⁸ξιιιίὶιτίιδῗδεεό
3227 4079 3424 4129 Savilius
3459 4080 3635 4142 legeno

2119 4160 2162 4174 -ιη
2190 4152 2319 4174 nul-ss
2358 4150 2565 4174 Ias-muns
2592 4157 2679 4174 smn
2707 4142 2848 4174 Annae
2900 4151 2944 4174 nl
2972 4143 3295 4174 nsiinlrncucc
3338 4144 3407 4174 ein
3431 4142 3611 4174 Imhnnl

2051 4146 2164 4208 dum
2190 4152 2340 4208 putat,
2357 4143 2568 4208 teipsum
2589 4157 2681 4208 non
2706 4142 2884 4192 doces?
2900 4151 2951 4193 et
2972 4143 3082 4204 quia
3095 4150 3196 4190 tres
3207 4148 3315 4190 Mss.
3338 4144 3408 4190 sic
3431 4142 3633 4202 habent,

2053 4207 2174 4257 hanc
2191 4205 2496 4256 restituimus
2515 4205 2796 4254 lectionem.

1699 4407 2036 4471 HOMILIA
2078 4407 2238 4475 LIII.

353 4561 484 4618 ΒΜ».
515 4560 571 4618 8.
605 4575 655 4614 v.
707 4559 797 4614 Q0.
838 4557 958 4610 ch
992 4558 1139 4610 verba
1183 4555 1418 4626 loquutus
1467 4564 1538 4608 est
1562 4553 1713 4607 Iesus
1746 4553 1799 4605 in
1841 4569 1936 4623 ga-

430 4651 754 4721 zophylacio,
777 4649 962 4702 docens
991 4649 1043 4701 in
1084 4648 1269 4717 templo
1303 4663 1322 4700 :
1364 4655 1408 4700 et
1437 4661 1580 4699 nemo
1609 4643 1942 4715 apprehendit

429 4759 545 4797 euut
563 4783 577 4803 ,
609 4741 729 4810 quia
758 4741 983 4794 nondum
1008 4748 1206 4794 venerat
1233 4739 1357 4791 hora
1385 4738 1516 4808 ejus.

431 4835 481 4890 Ι.
508 4834 553 4890 ο
572 4832 847 4888 ιιυάέιίςειηι
874 4832 1196 4886 dementiam
1219 4831 1233 4887 !
1267 4833 1404 4886 Ante
1432 4828 1632 4884 Pascha
1655 4843 1777 4884 eum
1799 4844 1942 4899 quat-

353 4929 566 4992 robant,
599 4934 759 4995 atque
801 4925 856 4980 in
885 4923 1060 4979 medio
1100 4924 1362 4995 positum,
1411 4931 1466 4978 et
1507 4936 1600 4992 per
1638 4935 1698 4976 sc
1743 4931 1798 4976 ct
1849 4937 1944 4991 per

350 5022 486 5077 alios
508 5021 680 5091 ipsum
701 5017 1159 5090 comprehendere
1180 5031 1322 5087 sarpe
1347 5016 1536 5070 frustra
1565 5022 1936 5078 tentaverant;

352 5125 529 5182 neque
557 5121 733 5167 tamen
765 5111 844 5166 sic
872 5109 940 5165 de
981 5109 1120 5164 illius
1147 5108 1344 5162 virtute
1372 5105 1650 5174 stupefacti
1677 5114 1820 5168 sunt,
1846 5103 1940 5159 sed

352 5205 404 5258 in
434 5203 633 5259 malitia
665 5204 1034 5273 perstiterunt.
1058 5201 1212 5270 Quod
1255 5203 1396 5264 enim
1426 5201 1477 5256 id
1515 5214 1727 5270 semper
1763 5209 1938 5255 tenta-

352 5304 508 5359 rent,
540 5295 736 5350 indicat
764 5295 852 5350 ille
884 5313 899 5350 :
934 5293 1057 5348 Iltec
1085 5295 1317 5364 loquutus
1346 5301 1418 5346 est
1458 5293 1512 5346 in
1551 5291 1937 5363 gazophylacio,

351 5387 536 5440 docens
566 5386 618 5439 in
648 5387 833 5456 tempto
853 5430 869 5454 ,
901 5398 946 5442 et
974 5403 1119 5441 nemo
1143 5385 1475 5457 apprehendit
1496 5401 1630 5438 eum.
1657 5383 1711 5437 In
1741 5383 1940 5451 templo

353 5475 668 5548 loquebatur
697 5495 846 5537 more
889 5479 1124 5548 magistri
1149 5519 1163 5542 ,
1191 5477 1332 5548 quod
1361 5476 1530 5546 stragis
1553 5475 1670 5530 illos
1703 5475 1940 5530 excitare

353 5566 628 5624 debuisset
660 5584 673 5619 :
705 5579 756 5621 ct
781 5583 843 5622 ea
870 5567 1181 5638 loquebatur
1200 5568 1266 5623 dc
1291 5567 1482 5636 quibus
1503 5565 1932 5628 oﬂ'endcbantur,

357 5664 412 5719 ct
447 5658 774 5723 accusabant
805 5674 932 5716 eum
959 5699 971 5721 ,
1029 5659 1169 5728 quod
1215 5661 1448 5729 scipsum
1493 5661 1750 5731 aequalem
1798 5660 1934 5714 l’atri

2047 4554 2263 4611 faceret.
2290 4555 2424 4610 Illud
2471 4555 2651 4620 enim,
2710 4553 2940 4607 Duorum
2995 4553 3255 4607 hominum
3298 4552 3632 4607 testimonium

2046 4663 2215 4702 uerum
2240 4657 2312 4702 est
2335 4689 2350 4713 ,
2387 4647 2489 4701 hoc
2525 4646 2806 4716 signlﬁcat.
2839 4647 3084 4700 Attamen
3120 4643 3270 4711 Haec,
3319 4643 3522 4712 inquit,
3556 4642 3632 4696 lo-

2044 4737 2290 4808 quebatur
2325 4739 2377 4791 in
2422 4737 2606 4805 templo
2627 4778 2639 4800 ,
2669 4745 2724 4791 et
2749 4736 2898 4806 quasi
2953 4735 3222 4806 magister,
3276 4744 3322 4789 et
3362 4749 3506 4787 nemo
3541 4749 3634 4800 ap-

2045 4830 2305 4900 prehendit
2335 4845 2469 4892 enm,
2499 4829 2615 4897 quia
2643 4827 2866 4881 nondum
2897 4837 3095 4880 venerat
3127 4828 3254 4878 hora
3278 4827 3422 4896 ejus;
3453 4823 3502 4876 id
3527 4832 3628 4886 est,

2045 4933 2254 4992 tempus
2285 4921 2533 4975 idnncmn
2564 4937 2667 4972 non
2698 4928 2816 4974 erat
2841 4933 2946 4987 quo
2973 4918 3208 4986 crucifigi
3247 4916 3477 4969 volebat.
3523 4911 3626 4966 Ita-

2045 5029 2152 5082 que
2182 5021 2305 5066 tunc
2331 5026 2433 5064 non
2461 5010 2672 5064 illorum
2701 5009 2976 5078 potestatis
3009 5008 3122 5069 fuit,
3160 5006 3251 5061 sed
3276 5005 3629 5076 dispensatio-

2046 5106 2128 5160 nis
2157 5105 2292 5174 ejus.
2323 5104 2426 5174 Ipsi
2445 5104 2586 5158 enim
2614 5102 2721 5170 jam
2743 5102 2870 5156 olim
2895 5100 3163 5162 volebant,
3189 5114 3285 5152 nec
3313 5105 3626 5167 potuerunt;

2045 5213 2146 5254 nec
2174 5207 2299 5252 tunc
2332 5197 2665 5265 potuissent,
2699 5195 2798 5248 nisi
2827 5195 2940 5262 ipse
2981 5193 3332 5262 permisisset.
3364 5188 3452 5243 9.1.
3489 5185 3629 5240 Dia-it

2043 5307 2161 5361 ergo
2185 5292 2255 5343 eis
2298 5289 2477 5342 iterant
2502 5286 2656 5341 Iesus
2682 5301 2702 5340 :
2734 5285 2846 5356 Ego
2871 5285 2997 5339 uado
3022 5325 3036 5348 ,
3064 5293 3109 5334 et
3137 5280 3370 5351 qnwretis
3397 5293 3491 5330 me.
3521 5274 3630 5330 Cur

2045 5383 2146 5437 hoc
2173 5380 2479 5450 frequenter
2504 5377 2671 5432 dicit?
2700 5376 2766 5432 Ut
2793 5376 3006 5430 illorum
3028 5373 3234 5426 animos
3266 5374 3630 5426 commoveret

2043 5488 2107 5528 ac
2146 5470 2605 5542 perterrefaceret.
2640 5467 2774 5522 Vide
2800 5483 3029 5537 namque
3059 5474 3309 5534 quantum
3344 5462 3392 5516 id
3421 5468 3630 5530 pareret

2043 5562 2397 5619 formidinem.
2427 5561 2556 5614 Nam
2585 5575 2704 5614 cum
2735 5559 2880 5614 illum
2906 5556 3207 5613 interficere
3234 5554 3454 5619 vellent,
3487 5560 3542 5606 ut
3562 5549 3629 5604 ah

2041 5657 2129 5710 illo
2160 5671 2216 5710 se
2245 5662 2627 5719 exeticrarcnl,
2671 5659 2917 5722 quaerunt
2941 5662 3045 5720 quo
3083 5646 3232 5702 vadat
3269 5661 3280 5697 :
3313 5655 3512 5699 tantam
3560 5639 3626 5693 de
