4072 6152
411 310 513 365 293

409 442 467 481 re
495 425 584 479 tali
629 431 985 494 conceperant
1028 423 1354 493 opinionem.
1411 424 1568 480 Aliud
1615 442 1827 497 quoque
1865 427 1986 484 illos

403 523 600 574 docere
644 516 888 581 volebat,
938 532 1042 570 non
1090 531 1153 569 ex
1201 516 1437 586 ipsorum
1464 516 1711 572 violentia
1756 533 1868 572 rem
1920 518 1990 573 ita

407 612 518 665 fore
538 650 554 675 ,
585 609 679 663 sed
709 608 760 663 id
790 608 903 683 jam
947 607 1150 677 pridem
1185 608 1578 678 prmﬁguratum
1608 623 1729 665 esse
1748 651 1763 673 ,
1813 619 1868 664 et
1910 611 1991 665 his

406 700 581 755 verbis
608 698 1054 755 resurrectionem
1087 698 1345 767 prtedixit.
1392 699 1649 755 Dicebant
1692 714 1819 771 ergo
1851 718 1864 754 :
1896 701 1986 755 22.

407 790 675 864 Numquid
699 792 962 860 iuterﬁciet
989 792 1355 861 semetipsum?
1379 792 1516 858 Quid
1545 809 1673 863 ergo
1709 793 1989 849 Christus?

402 884 618 939 Illorum
647 892 704 938 ut
730 891 1032 938 removeret
1060 883 1440 952 sus;:iciouem,
1467 893 1524 939 et
1541 885 1852 943 ostenderet
1874 900 1987 940 rem

400 974 549 1028 illam
577 988 695 1041 esse
727 981 1023 1042 peccatum,
1051 973 1123 1027 ait
1152 991 1165 1027 :
1213 973 1303 1027 25.
1354 972 1455 1027 Vos
1493 973 1726 1029 deorsum
1750 977 1908 1039 estis;
1936 976 1987 1031 id

400 1073 482 1119 est
505 1104 524 1131 ,
555 1064 698 1119 Nihil
728 1064 921 1118 mirum
952 1064 995 1118 si
1033 1078 1127 1118 vos
1157 1064 1399 1120 homines
1431 1067 1672 1121 carnales
1699 1066 1821 1122 talia
1844 1067 1987 1137 cogi-

404 1156 527 1210 tatis
552 1197 569 1223 ,
617 1155 705 1225 qui
736 1154 868 1209 nihil
898 1154 1179 1225 spirituale
1219 1157 1520 1225 concipitis.
1553 1158 1623 1213 At
1658 1173 1758 1229 ego
1784 1174 1887 1213 non
1916 1161 1987 1213 si-

401 1246 526 1301 mile
552 1246 822 1317 quidpiam
851 1244 1042 1302 faciam
1066 1263 1080 1309 ;
1108 1244 1189 1300 De
1229 1248 1462 1317 supernis
1511 1250 1643 1303 enim
1684 1266 1799 1303 sum
1832 1265 1853 1305 :
1899 1267 1985 1305 vos

400 1335 464 1391 de
483 1337 576 1390 hoc
592 1337 780 1390 mutulo
794 1337 932 1390 estis.
957 1336 1054 1390 llic
1081 1352 1291 1391 rursum
1319 1338 1615 1394 mundanas
1635 1341 1984 1411 earnalesque

399 1428 747 1498 cogitationes
778 1428 925 1482 dicit.
958 1426 1111 1483 Unde
1144 1428 1315 1497 palam
1367 1436 1451 1483 est
1504 1429 1669 1497 illud,
1720 1430 1831 1502 Ego
1881 1448 1982 1487 non

397 1534 507 1572 sum
534 1517 594 1572 de
615 1518 709 1572 hoc
736 1517 954 1583 mundo,
984 1534 1090 1572 non
1121 1517 1424 1588 signiﬁcare
1467 1519 1641 1589 ipsu:n
1683 1536 1789 1575 non
1824 1536 1979 1577 acce-

399 1610 538 1680 pisse
567 1624 782 1664 carnem
802 1650 818 1676 ,
860 1609 955 1663 sed
986 1608 1170 1680 procul
1201 1623 1321 1664 esse
1349 1611 1417 1664 ab
1460 1610 1673 1665 illorum
1719 1613 1976 1682 nequitia.

397 1701 603 1754 Etenim
627 1700 915 1771 discipulos
939 1715 1002 1755 ex
1028 1699 1224 1754 mundo
1245 1715 1351 1755 non
1378 1716 1498 1756 esse
1520 1703 1641 1756 dicit
1665 1720 1679 1768 ;
1714 1703 1980 1758 habebant

394 1800 573 1848 tamen
622 1794 696 1848 illi
728 1808 962 1848 carnem.
991 1791 1448 1860 Quemadmodum
1488 1793 1647 1861 igitur
1672 1796 1866 1849 Paulus
1891 1794 1975 1849 di-

393 1900 546 1949 cens,
575 1884 696 1939 Non
724 1886 840 1939 estis
857 1886 910 1939 iu
933 1900 1087 1940 carne
1107 1882 1284 1955 (Rom.
1314 1884 1366 1939 8.
1392 1882 1470 1956 9),
1497 1902 1604 1943 non
1627 1885 1975 1955 incorporeas

396 1975 646 2046 intelligit
678 1993 690 2030 :
722 1980 799 2031 sic
830 1976 1116 2047 discipulos
1147 1991 1251 2029 non
1280 1989 1401 2031 esse
1429 1975 1497 2030 de
1525 1977 1627 2032 hoc
1675 1976 1894 2045 mundo,
1921 1978 1974 2033 id

397 2066 605 2121 illorum
635 2067 1022 2139 philosophiam
1049 2067 1379 2124 testiﬁcatur.
1405 2067 1496 2124 24.
1526 2067 1648 2123 Dixi
1667 2085 1786 2142 ergo
1812 2070 1970 2136 vobis,

391 2159 513 2227 quia
556 2159 601 2213 si
647 2175 747 2213 non
798 2160 1113 2214 credideritis
1156 2160 1273 2229 quia
1321 2175 1412 2230 ego
1461 2177 1610 2225 sum,
1654 2160 1707 2214 iu
1758 2161 1973 2229 peccatis

387 2250 564 2303 uestris
612 2249 916 2305 moriemini.
966 2249 1097 2305 Nam
1135 2251 1178 2304 si
1246 2247 1365 2304 ideo
1429 2251 1609 2317 venit,
1662 2261 1720 2305 ut
1765 2251 1973 2307 tolleret

388 2351 663 2412 peccatum
708 2341 929 2410 mundi,
959 2350 1014 2399 et
1066 2345 1111 2398 si
1143 2358 1247 2396 non
1301 2352 1475 2412 potest
1517 2344 1645 2398 exui
1694 2355 1968 2414 peccatum

386 2433 490 2489 nisi
529 2448 623 2503 per
651 2434 953 2499 lavacrum,
1007 2450 1229 2490 necesse
1259 2444 1342 2489 est
1382 2450 1487 2489 non
1525 2437 1840 2491 credentem
1882 2453 1970 2491 ve-

388 2531 553 2579 terem
605 2525 803 2580 habere
853 2524 1143 2581 hominem.
1198 2524 1329 2579 Nam
1388 2526 1477 2596 qui
1535 2540 1642 2581 non
1681 2527 1793 2580 vult
1847 2542 1968 2583 sese

385 2630 482 2685 per
527 2616 685 2671 ﬁdem
735 2618 892 2671 morti
958 2617 1168 2672 tradere
1227 2628 1281 2672 et
1339 2619 1657 2686 sepulturas,
1715 2630 1837 2671 cum
1877 2634 1969 2674 ve-

386 2710 487 2766 teri
518 2708 734 2765 homine
770 2711 1047 2776 morietur,
1081 2718 1137 2765 et
1188 2709 1281 2764 illo
1323 2710 1570 2779 migrabit
1623 2718 1963 2779 peccatorum

387 2816 571 2872 pennas
615 2801 857 2856 daturus.
925 2800 1050 2856 ldeo
1101 2800 1311 2855 dicebat
1362 2818 1374 2853 :
1430 2800 1534 2868 Qui
1598 2815 1700 2854 non
1763 2800 1962 2869 credit,

383 2894 491 2970 iam
526 2894 786 2964 judicatus
808 2904 880 2949 est
902 2935 916 2961 ,
948 2910 1054 2949 non
1097 2894 1267 2949 solum
1292 2894 1432 2965 quod
1462 2909 1567 2949 non
1615 2895 1823 2961 credat,
1870 2894 1964 2951 sed

384 2987 543 3043 etiam
579 2988 701 3057 quia
730 3002 853 3041 cum
921 2986 1189 3056 prioribus
1238 2988 1471 3057 peccatis
1518 2986 1648 3041 abit.
1710 2987 1966 3042 Dicebant

380 3096 550 3153 ergo:
580 3083 670 3138 25.
725 3081 805 3137 Tu
845 3084 957 3154 quis
988 3083 1083 3138 es?
1126 3083 1170 3139 Ο
1199 3083 1553 3139 dementiam!
1586 3084 1715 3140 Post
1759 3093 1960 3140 tantum

380 3176 668 3244 temporis,
703 3184 824 3245 post
859 3176 1008 3244 signa
1040 3186 1094 3230 et
1121 3175 1449 3243 doctrinam,
1484 3176 1816 3247 interrogant
1838 3218 1852 3243 ,
1881 3175 1962 3230 Tu

375 3265 486 3335 quis
503 3282 557 3320 es
574 3266 600 3319 .’
621 3265 757 3333 Quid
786 3265 943 3333 igitur
967 3265 1249 3321 Christus?
1267 3264 1587 3336 Principium
1606 3269 1690 3337 qui
1714 3277 1760 3322 et
1783 3268 1962 3337 loquor

375 3358 532 3413 uobis.
567 3357 679 3413 lloc
705 3367 806 3425 est,
843 3357 1039 3427 lndigni
1064 3358 1195 3413 estis
1217 3398 1233 3424 ,
1271 3358 1357 3428 qui
1381 3358 1543 3413 verba
1574 3374 1691 3414 mea
1712 3358 1956 3426 audiatis,

375 3448 569 3503 nedum
600 3449 814 3503 discatis
857 3449 977 3518 quis
1014 3464 1112 3518 ego
1143 3449 1263 3503 sim.
1297 3448 1400 3504 Vos
1439 3450 1582 3504 etiim
1627 3465 1712 3504 me
1748 3463 1961 3519 semper

375 3545 640 3593 tentantes
669 3538 983 3610 loquimini,
1025 3538 1263 3610 nihilque
1287 3540 1444 3595 dictis
1471 3541 1604 3595 meis
1643 3540 1914 3595 attenditis
1944 3557 1957 3594 :

374 3640 429 3687 et
451 3631 536 3686 his
564 3632 629 3686 de
652 3631 811 3686 rebus
835 3631 1084 3686 omnibus
1111 3646 1252 3687 nunc
1277 3646 1571 3702 coarguere
1593 3632 1826 3701 possim;
1857 3630 1959 3684 hoc

373 3724 514 3778 enim
543 3722 809 3794 signiﬁcat
838 3722 964 3777 illud
986 3765 1001 3790 ,
1036 3723 1126 3776 26.
1162 3721 1329 3776 Multa
1355 3722 1513 3776 habeo
1556 3723 1620 3776 de
1658 3721 1794 3776 vobis
1822 3721 1959 3790 loqui

372 3824 419 3868 et
464 3814 736 3886 judicare;
789 3828 887 3869 nec
929 3823 1135 3868 tantum
1174 3813 1606 3883 reprehendere,
1661 3812 1755 3867 sed
1796 3811 1954 3866 etiam

371 3908 583 3975 punire.
635 3905 740 3962 Sed
767 3907 854 3976 qui
898 3906 1042 3960 misit
1081 3920 1197 3972 me,
1241 3904 1344 3959 hoc
1368 3914 1469 3969 est,
1512 3904 1689 3969 Pater,
1725 3902 1954 3957 hoenou

369 3999 502 4054 vult.
542 3997 662 4053 Non
691 3999 822 4052 enim
863 3999 974 4051 veni
1023 3998 1259 4067 judicare
1306 3998 1585 4063 mundum,
1629 3996 1717 4051 sed
1759 3995 1954 4049 salvum

371 4092 553 4160 facere.
597 4090 718 4144 Non
765 4089 896 4143 enim
936 4090 1067 4143 misit
1089 4088 1224 4143 Deus
1256 4088 1445 4142 Filium
1470 4105 1652 4156 suum,
1684 4098 1738 4141 ut
1759 4088 1955 4159 judicet

370 4182 649 4247 mundum,
694 4181 781 4235 sed
827 4191 880 4233 ut
910 4181 1102 4235 salvum
1151 4181 1305 4250 faciat
1351 4181 1596 4233 mundum
1653 4179 1832 4249 (Joau.
1861 4178 1947 4232 19..

369 4274 458 4328 47.
489 4284 534 4328 et
584 4275 636 4329 5.
673 4272 783 4345 17).
828 4271 884 4328 Si
915 4288 1043 4343 ergo
1096 4272 1163 4326 ad
1215 4272 1315 4327 hoc
1346 4288 1431 4326 me
1459 4272 1632 4336 misit,
1684 4280 1737 4326 et
1789 4285 1953 4325 verax

370 4371 490 4429 est,
531 4364 653 4433 jure
692 4364 961 4417 neminem
1016 4378 1116 4432 ego
1168 4377 1309 4417 nunc
1347 4361 1552 4431 judico.
1603 4360 1709 4415 Sed
1754 4376 1817 4415 ea
1869 4361 1950 4415 lo-

371 4471 505 4524 quor
552 4472 672 4526 qua:
730 4455 796 4510 ad
855 4455 1083 4509 salutem
1135 4461 1293 4517 sunt,
1342 4467 1447 4506 non
1519 4451 1585 4506 ad
1655 4452 1950 4522 reprehen-

310 4536 317 4541 “
370 4549 594 4602 sionem.
628 4548 752 4602 llaec
790 4561 949 4618 porro
979 4546 1126 4614 dicit,
1159 4561 1226 4600 ne
1257 4553 1442 4616 putent
1478 4537 1649 4614 ipsum
1672 4585 1687 4611 ,
1727 4559 1845 4599 cum
1875 4550 1952 4598 tot

369 4652 422 4697 et
470 4652 613 4697 tanta
667 4642 925 4707 audierit,
979 4656 1086 4711 prce
1138 4639 1499 4695 imbecillitate
1539 4652 1644 4692 non
1677 4652 1835 4708 posse
1867 4635 1947 4690 ul-

369 4736 569 4787 tionem
596 4732 822 4796 inferre,
856 4731 941 4787 vel
972 4747 1156 4787 eorum
1180 4739 1410 4785 mentem
1434 4728 1813 4800 irrisioncsque
1843 4743 1948 4782 non

366 4840 711 4895 cognoscere.
744 4825 835 4878 27.
868 4822 960 4877 Illi
984 4832 1149 4877 autem
1178 4824 1240 4877 de
1285 4822 1443 4876 Patre
1478 4838 1757 4877 sermonem
1776 4821 1949 4875 haberi

367 4933 466 4971 non
511 4916 888 4971 intellexerunt.
932 4917 975 4971 0
1022 4915 1336 4969 stultitiam!
1388 4913 1503 4968 Non
1550 4913 1840 4969 desistebat
1881 4911 1950 4967 de

368 5010 523 5066 Patre
547 5011 690 5080 loqui
712 5052 729 5074 ,
760 5019 815 5065 et
844 5026 948 5065 non
984 5009 1366 5078 intelligebant.
1404 5009 1602 5063 Deinde
1627 5023 1746 5063 cum
1775 5021 1949 5076 neque

364 5118 428 5158 ex
463 5113 541 5159 tot
582 5105 783 5173 signis,
835 5118 1006 5172 neque
1035 5118 1101 5157 ex
1143 5101 1383 5154 doctrina
1425 5099 1542 5154 illos
1567 5104 1944 5168 pertraxisset,

366 5194 428 5249 de
450 5210 610 5249 cruce
636 5195 854 5249 demum
879 5194 1128 5249 edisserit
1154 5192 1236 5246 his
1262 5190 1437 5245 verbis
1473 5209 1485 5244 :
1513 5189 1603 5245 98.
1637 5190 1764 5244 Cum
1803 5190 1945 5244 exal-

366 5286 589 5340 taveritis
620 5285 808 5340 Filium
832 5286 1068 5346 hominis,
1094 5293 1210 5337 tunc
1238 5281 1543 5351 cognoscetis
1563 5282 1680 5350 quia
1705 5297 1792 5352 ego
1813 5297 1944 5345 sum,

361 5386 405 5431 et
427 5394 458 5430 a
482 5378 671 5448 mcipso
699 5395 796 5431 non
827 5377 1024 5445 loquor;
1053 5364 1143 5428 29.
1165 5383 1209 5426 et
1237 5373 1372 5442 quod
1384 5372 1469 5437 qui
1492 5387 1569 5423 me
1598 5371 1731 5423 misit
1756 5387 1949 5424 mecum

362 5481 454 5536 cst,
477 5480 523 5525 et
551 5487 655 5524 non
682 5471 882 5539 reliquit
906 5467 1158 5523 mesolum
1182 5465 1360 5520 Pater.
1394 5462 1640 5518 Ostendit
1676 5478 1735 5517 se
1756 5462 1948 5518 merito

362 5563 586 5632 dixisse,
616 5561 935 5632 Principium
957 5562 1042 5635 qui
1068 5571 1114 5615 et
1143 5561 1319 5630 loquor
1338 5558 1495 5612 vobis.

426 5656 479 5713 2.
514 5654 697 5724 Usque
712 5654 847 5709 adeo
874 5672 978 5711 non
1008 5653 1353 5709 attendebant
1381 5651 1445 5706 iis
1471 5666 1588 5721 qua:
1608 5650 1941 5707 dicebantur.

342 5746 829 5806 (iumexultavcritis
858 5745 1051 5801 Filium
1079 5745 1311 5801 hominis.
1341 5744 1526 5800 Nonne
1554 5752 1678 5798 tunc
1699 5759 1784 5799 me
1813 5743 1941 5797 sub-

1475 310 1541 369 IN
1578 311 1890 368 JOANNEM
1932 313 2159 373 HOMIL.
2203 318 2335 374 ιλιι.
2376 322 2447 377 al.
2490 322 2603 379 ιιι.

3582 339 3687 399 ‘29!

2099 429 2206 483 lato
2235 432 2460 501 speratis
2484 451 2514 490 a
2546 452 2630 491 me
2659 437 2791 493 nihil
2820 440 2973 496 vobis
3000 442 3137 497 ultra
3181 446 3441 503 molestia:
3468 450 3684 508 allatura

2100 520 2202 574 iri?
2234 521 2345 592 Ego
2373 533 2549 580 autem
2572 526 2693 582 dico
2723 531 2892 599 vobis,
2922 531 3066 588 Tunc
3094 537 3330 594 maxime
3355 548 3685 611 cognoscetis,

2097 610 2213 703 quia
2237 628 2328 683 ego
2348 630 2478 680 sum,
2512 631 2607 686 per
2633 620 2802 688 signa,
2840 637 2934 691 per
2960 610 3432 696 resurrectionem,
3470 649 3565 703 per
3591 610 3686 690 ex?

2097 701 2317 799 cidium:
2337 704 2465 760 llaec
2493 710 2689 799 quippe
2712 714 2890 769 omnia
2911 716 3027 785 ejus
3054 723 3342 789 potentiam
3368 701 3686 799 comprobato

2096 789 2241 883 bant.
2272 793 2455 866 Neque
2484 798 2618 853 dixit
2643 842 2657 865 ,
2702 802 2851 858 Tunc
2878 812 3213 876 cognoscetis
3240 815 3360 883 quis
3386 789 3508 871 sim:
3546 818 3681 875 Cum

2096 881 2352 949 videritis,
2387 888 2575 958 inquit,
2611 907 2696 947 me
2721 894 2851 949 nihil
2881 910 2947 951 ex
2983 907 3154 956 m‘orte
3189 881 3464 971 passurum
3486 951 3502 975 ,
3535 910 3683 967 Tunc

2094 978 2398 1069 cognoscetis
2430 982 2548 1048 quia
2578 999 2669 1053 ego
2688 1002 2801 1039 sum
2831 1002 2850 1041 :
2881 1003 3071 1060 nempe
3090 991 3335 1051 Christus
3361 998 3529 1056 Filius
3563 1003 3676 1069 Dei,

2093 1066 2181 1134 qui
2227 1070 2405 1125 omnia
2447 1070 2561 1127 fero
2604 1083 2657 1129 et
2683 1074 2822 1133 duco
2846 1121 2860 1146 ,
2902 1095 3004 1136 nec
3031 1087 3330 1142 contrarius
3358 1088 3525 1148 Patri.
3554 1066 3680 1150 ideo

2092 1155 2294 1224 adjicit,
2328 1159 2392 1213 Et
2417 1178 2449 1214 a
2477 1164 2666 1231 meipso
2697 1168 2826 1223 nihil
2852 1170 3049 1238 loquor.
3085 1173 3374 1247 Utrumque
3403 1182 3545 1237 enim
3587 1198 3681 1241 eo.

2090 1250 2378 1314 gnoseetis,
2409 1260 2461 1305 et
2489 1256 2778 1321 potentiam
2810 1273 3004 1325 meam,
3035 1273 3088 1318 et
3116 1280 3235 1320 cum
3263 1269 3420 1326 Patre
3446 1288 3680 1331 consen-

2091 1349 2231 1388 sum.
2259 1336 2391 1394 lllud
2418 1342 2581 1407 enim,
2610 1345 2655 1398 Α
2680 1350 2870 1418 meipso
2899 1351 3029 1406 nihil
3056 1355 3251 1424 loquor,
3283 1362 3525 1419 eamdem
3556 1380 3679 1425 esse

2089 1426 2438 1519 substantiam
2467 1432 2719 1503 denotat,
2747 1447 2802 1493 et
2828 1455 2887 1495 se
2913 1443 3046 1497 nihil
3076 1446 3210 1501 ultra
3238 1462 3517 1519 paternum
3546 1471 3675 1514 sen-

2087 1528 2205 1608 sum
2235 1517 2397 1589 loqui.
2430 1522 2653 1590 Quando
2673 1541 2703 1581 a
2731 1530 2875 1585 cultu
2907 1542 3086 1589 vestro
3112 1517 3390 1608 cxcidetis,
3417 1559 3516 1600 nec
3543 1561 3673 1602 conv

2093 1606 2317 1697 cedetur
2341 1610 2491 1667 vobis
2511 1615 2739 1684 pristino
2767 1635 2916 1676 more
2943 1623 3115 1692 ipsum
3132 1628 3329 1697 colere;
3354 1606 3478 1689 tunc
3493 1637 3676 1695 scietis

2085 1693 2256 1764 ipsum
2302 1715 2388 1755 me
2424 1703 2602 1760 ulcisci
2631 1746 2645 1771 ,
2680 1708 3005 1780 indignatum
3045 1693 3427 1780 adversus'eos
3460 1727 3550 1797 qui
3588 1693 3675 1788 me

2086 1799 2191 1840 non
2227 1791 2507 1848 audierunt
2532 1811 2546 1861 ;
2574 1810 2637 1852 ac
2666 1798 2709 1852 si
2736 1800 2939 1857 diceret
2963 1817 2977 1857 :
3015 1806 3069 1859 Si
3096 1809 3303 1867 alienus
3329 1823 3383 1868 ct
3409 1791 3517 1873 Deo
3543 1835 3674 1879 con-

2084 1880 2276 1934 trarius
2306 1897 2478 1939 essem
2497 1929 2513 1952 ,
2556 1903 2660 1944 non
2692 1900 2890 1949 tantam
2923 1895 3011 1953 ilie
3050 1908 3235 1957 centra
3261 1918 3356 1961 vos
3385 1908 3516 1964 iram
3543 1926 3673 1967 con-

2080 1969 2330 2072 cepisset.
2357 1974 2554 2072 il-ocjet
2585 1979 2743 2036 Isaias
2773 1983 2931 2052 dicit,
2966 1986 3119 2043 Dabit
3145 1992 3327 2063 impios
3361 2014 3454 2066 pro
3493 2004 3665 2072 sepul-

2081 2067 2196 2154 tura
2224 2064 2332 2133 ejus
2353 2065 2506 2135 (Isai.
2535 2071 2623 2126 53.
2655 2072 2709 2142 9)
2734 2091 2749 2140 ;
2780 2085 2835 2131 et
2860 2077 3042 2144 David,
3068 2081 3215 2137 Tum:
3244 2064 3475 2154 loquetur
3492 2064 3562 2145 ad
3583 2109 3669 2150 eos

2078 2150 2131 2203 in
2162 2151 2238 2206 ira
2267 2172 2360 2209 sua
2390 2157 2560 2229 (Psal.
2592 2161 2647 2217 2.
2681 2164 2736 2235 5)
2761 2182 2774 2231 ;
2806 2177 2860 2222 et
2889 2168 3005 2238 ipse
3027 2213 3041 2233 ,
3078 2173 3207 2229 Ecce
3233 2150 3543 2246 relinquetur
3569 2187 3670 2241 do,-

2078 2259 2189 2347 mus
2213 2257 2392 2347 festio
2413 2252 2614 2347 deserta
2643 2256 2854 2347 (illatth.
2885 2262 2975 2315 23.
3004 2263 3128 2337 38);
3162 2267 3388 2339 idipsum
3415 2282 3467 2327 ct
3493 2275 3542 2328 in
3574 2292 3669 2347 pa-

2078 2331 2296 2430 rabolis,
2324 2338 2460 2430 Quid
2487 2344 2635 2412 faciet
2656 2346 2889 2404 dominus
2909 2331 3252 2425 vineathujus'
3268 2362 3505 2430 agricolis
3523 2331 3626 2418 illis
3643 2366 3669 2420 2

2076 2419 2248 2517 diales
2286 2428 2420 2483 male
2462 2434 2637 2501 perdet
2661 2434 2889 2509 (Matth.
2918 2441 3009 2496 21.
3051 2419 3232 2501 4οί41
3253 2419 3518 2517 ).”νὶ‹1υη⁹
3542 2419 3661 2510 eum

2076 2513 2271 2614 ubique
2299 2519 2379 2614 sic
2406 2521 2566 2592 loqui,
2593 2528 2732 2596 quod
2762 2529 2835 2584 illi
2867 2533 3103 2590 nondum
3127 2513 3425 2596 crederent.
3446 2544 3595 2612 Quod
3619 2551 3663 2602 si

2076 2610 2219 2673 ipsos
2243 2610 2453 2679 perdat,
2488 2623 2545 2668 ut
2576 2632 2760 2673 revera
2783 2623 2991 2690 perdet;
3028 2641 3147 2680 nam
3172 2629 3266 2696 ait,
3293 2610 3544 2689 Adducite
3568 2639 3666 2693 huc

2073 2711 2160 2750 eos
2302 2715 2381 2799 me
2404 2704 2582 2758 nolunt
2605 2724 2833 2778 regnare,
2864 2723 2911 2766 et
2937 2715 3203 2785 interﬁcite
3232 2720 3382 2792 (Luc.
3414 2725 3504 2782 19.
3531 2727 3661 2799 27);

2044 2802 2170 2879 rcur
2197 2790 2327 2846 illud
2356 2808 2461 2850 non
2492 2813 2668 2868 suum,
2698 2802 2793 2857 sed
2835 2804 3006 2862 Patris
3028 2824 3161 2879 opus
3189 2790 3308 2869 esse
3333 2814 3578 2877 dicitlUt
3601 2790 3663 2877 il;

2071 2877 2245 2936 lorum
2260 2898 2327 2975 se
2343 2884 2687 2946 imbecillitati
2712 2904 3046 2967 attempcrct,
3066 2877 3335 2975 sinnilque
3351 2907 3657 2969 Genitorem

2070 2986 2225 3028 suum
2258 2973 2506 3034 honoret.
2539 2981 2664 3036 ideo
2689 3000 2792 3039 non
2838 2989 2993 3056 dixit,
3024 2973 3287 3064 Relinque
3324 3000 3541 3057 doiuum
3571 3020 3659 3060 ve-

2070 3074 2234 3118 Stram
2264 3066 2567 3137 desertam;
2594 3073 2708 3140 sed,
2747 3075 3097 3151 Relinquetur,
3129 3085 3554 3155 impersonaliter
3580 3096 3659 3151 lo-

2069 3167 2258 3223 quens.
2289 3157 2419 3212 Cum
2445 3175 2604 3229 porro
2632 3162 2781 3230 dicit,
2812 3166 3015 3233 Quoties
3041 3173 3179 3227 volui
3200 3192 3503 3250 congregare
3522 3184 3658 3252 ﬁlios

2068 3256 2257 3344 uestros
2280 3291 2295 3317 ,
2329 3262 2375 3305 et
2402 3254 2633 3309 noluistis
2680 3256 2829 3327 (Luc.
2863 3262 2949 3317 15.
2982 3264 3115 3333 54)ἶ²
3145 3267 3442 3341 deindeque
3470 3275 3616 3331 addit
3641 3319 3656 3344 ,

2068 3336 2418 3411 Relinquetur,
2451 3359 2510 3398 se
2537 3346 2882 3405 desolationis
2909 3364 3183 3412 auctorem
3213 3336 3468 3418 ostendit.
3497 3336 3652 3433 Quia,

2067 3430 2236 3503 inquit
2258 3474 2273 3500 ,
2309 3433 2581 3492 beneﬁciis
2612 3438 2857 3496 noluistis
2895 3444 2961 3498 ad
2990 3446 3312 3503 credendum
3346 3430 3556 3523 induci,
3587 3430 3654 3515 ea

2066 3523 2328 3590 supplicio
2365 3529 2697 3594 cognoscetis
2725 3532 2846 3600 quis
2871 3546 2987 3587 sum
3028 3551 3148 3607 ego.
3180 3538 3244 3592 Et
3277 3540 3429 3595 Pater
3462 3562 3653 3603 mecum

2064 3621 2154 3706 est.
2186 3612 2262 3666 Nc
2289 3624 2554 3683 putarent,
2584 3618 2733 3686 illud,
2768 3620 2866 3686 Qui
2892 3624 3027 3678 misit
3053 3643 3149 3693 me,
3178 3630 3438 3687 minorem
3478 3637 3651 3706 ipsum

2064 3701 2355 3795 declarare,
2380 3707 2545 3774 addit,
2583 3709 2785 3765 Mecum
2813 3723 2907 3768 est.
2941 3715 3096 3772 Aliud
3124 3721 3266 3775 enim
3297 3701 3652 3795 dispensatio-

2064 3793 2148 3888 nis
2170 3834 2184 3858 ,
2213 3796 2355 3850 aliud
2384 3797 2677 3856 divinitatis
2707 3812 2808 3859 est.
2853 3803 2921 3860 Et
2961 3823 3061 3862 non
3090 3811 3287 3882 reliquit
3330 3793 3409 3870 me
3444 3820 3607 3874 solum
3632 3864 3648 3888 ,

2060 3885 2198 3953 quia,
2224 3903 2337 3958 qua:
2359 3889 2545 3958 placita
2568 3902 2686 3946 sunt
2714 3894 2779 3960 ei,
2810 3896 2942 3964 facio
2963 3915 3173 3971 semper.
3206 3904 3436 3963 Rursum
3464 3912 3529 3966 ad
3553 3885 3649 3968 hu;

2061 3975 2270 4068 miliura
2296 3977 2604 4047 descendit,
2638 3983 2769 4038 illud
2796 3985 3107 4057 frequenter
3146 4003 3376 4050 tractans
3397 4001 3537 4068 quod
3567 4003 3649 4057 di-

2060 4067 2287 4130 cebant,
2331 4070 2499 4139 ipsum
2530 4088 2594 4127 ex
2626 4075 2734 4129 Deo
2777 4093 2881 4131 non
2920 4093 3041 4134 esse
3065 4120 3080 4146 ,
3113 4067 3499 4158 sabbatumqnc
3538 4110 3646 4150 non

2060 4174 2274 4251 scrvare
2303 4180 2317 4216 :
2350 4164 2468 4217 ideo
2487 4165 2635 4231 dicit,
2669 4167 2794 4232 Qua:
2813 4170 3000 4237 placita
3023 4183 3140 4226 sunt
3160 4177 3223 4240 ei,
3254 4180 3385 4247 facio
3404 4197 3599 4251 semper
3625 4203 3645 4240 :

2059 4250 2301 4306 indicans
2340 4254 2585 4321 placitam
2632 4256 2730 4326 ipsi
2769 4273 2889 4314 esse
2925 4260 3129 4317 sabbati
3176 4250 3519 4327 solutionem.
3554 4273 3644 4331 Sic

2057 4357 2178 4397 eum
2203 4344 2270 4398 ad
2312 4359 2525 4400 crucem
2569 4346 2890 4416 duceretur,
2919 4352 2992 4406 ait
3022 4369 3038 4405 :
3072 4354 3149 4408 Au
3181 4360 3370 4425 putatis
3393 4362 3513 4431 quia
3538 4382 3641 4422 non

2059 4451 2260 4504 possum
2286 4452 2465 4507 rogare
2490 4437 2695 4492 Patrem
2722 4456 2888 4495 meum
2909 4444 2935 4497 ἲ
2960 4444 3119 4514 Atqui
3149 4447 3248 4503 hoc
3274 4452 3443 4507 solum
3473 4455 3640 4530 dicto,

2062 4525 2219 4589 Quem
2240 4528 2503 4596 quwrilis?
2529 4530 2749 4598 supinos
2776 4531 2897 4587 illos
2926 4539 3231 4604 prostravit.
3262 4538 3370 4595 Cur
3386 4559 3510 4615 ergo
3536 4525 3641 4606 non

2057 4616 2207 4684 dicit,
2240 4619 2318 4672 Au
2346 4620 2542 4689 putatis
2579 4636 2666 4676 me
2697 4636 2802 4676 non
2849 4638 3005 4693 posse
3030 4641 3126 4681 vos
3153 4629 3415 4697 perdere?
3447 4649 3565 4689 cum
3588 4637 3640 4693 id

2058 4709 2231 4778 reipsa
2279 4708 2762 4767 demonstraverit?
2790 4711 3004 4769 Illorum
3035 4716 3324 4774 inﬁrmitati
3352 4736 3409 4777 se
3447 4735 3642 4781 attem-

2056 4810 2226 4872 perat.
2257 4803 2479 4858 Multum
2505 4806 2647 4861 enim
2677 4807 2896 4861 curabat
2923 4810 3226 4877 ostendere,
3256 4827 3314 4867 se
3342 4814 3469 4870 nihil
3494 4816 3640 4875 Patri

2056 4897 2381 4952 contrarium
2413 4897 2606 4952 facere.
2636 4899 2724 4954 Sic
2750 4906 2803 4953 et
2832 4899 2931 4955 hoc
2959 4901 3076 4956 loco
3107 4903 3339 4957 humano
3381 4921 3532 4960 more
3562 4910 3634 4962 lo-

2055 4988 2252 5060 quitur.
2284 4989 2353 5044 Ut
2380 4998 2556 5043 autcm
2587 4988 2735 5056 illud,
2772 4988 2893 5044 Non
2921 4991 3119 5060 reliquit
3145 5009 3222 5046 me
3243 4995 3639 5061 solum,dictum

2056 5081 2153 5135 fuit
2179 5101 2192 5137 :
2219 5082 2296 5137 sic
2324 5090 2377 5136 et
2405 5081 2533 5135 illud
2555 5123 2568 5146 ,
2603 5084 2730 5149 Qua:
2772 5084 2958 5152 placita
2986 5094 3101 5137 sunt
3145 5086 3191 5137 ei
3208 5124 3222 5148 ,
3266 5087 3398 5153 facio
3424 5103 3638 5157 semper.

2055 5173 2145 5227 50.
2177 5171 2300 5226 ch
2325 5172 2414 5226 illo
2445 5172 2696 5237 loquente,
2727 5174 2872 5226 multi
2897 5174 3219 5227 crediderunt
3249 5176 3299 5226 in
3330 5191 3462 5228 eum.
3506 5177 3639 5233 Cum

2055 5267 2120 5320 ad
2156 5266 2434 5321 humiliora
2473 5265 2778 5330 descendit,
2813 5277 2936 5319 tunc
2974 5266 3124 5318 multi
3155 5266 3517 5321 crediderunt.
3558 5271 3638 5327 An

2055 5361 2228 5417 adlme
2270 5362 2569 5428 interrogas
2612 5373 2708 5412 cur
2751 5357 3022 5410 humiliter
3070 5357 3355 5424 loquatur?
3382 5361 3538 5429 Atqui
3586 5363 3637 5417 id

2056 5454 2333 5508 manifeste
2380 5451 2631 5506 indicavit
2669 5448 2996 5518 evangelista
3038 5447 3220 5500 dicens
3254 5465 3266 5500 :
3301 5447 3424 5503 limo
3452 5451 3636 5507 illato-

2054 5555 2250 5610 quente,
2278 5543 2423 5596 multi
2449 5541 2764 5611 crediderunt
2787 5541 2837 5591 in
2866 5553 3013 5600 cum;
3045 5547 3244 5591 tantum
3276 5555 3377 5594 non
3400 5543 3635 5599 clamans

2055 5658 2117 5694 ex
2138 5640 2296 5693 rebus
2323 5637 2450 5704 ipsis
2472 5653 2482 5687 :
2504 5634 2578 5687 Ne
2598 5632 2845 5698 turbelis,
2862 5632 3089 5695 auditor,
3109 5633 3150 5686 si
3175 5633 3297 5702 quid
3319 5635 3516 5690 humile
3536 5652 3632 5690 att-

2056 5734 2185 5791 dias.
2210 5731 2306 5797 Qui
2336 5725 2473 5781 enim
2495 5733 2613 5796 post
2631 5733 2824 5781 tantatn
2840 5725 3128 5782 doctrinam
3154 5721 3642 5795 uondumpersuasi
