4072 6152
412 397 561 448 crant
584 388 756 458 ipsum
775 398 804 438 a
829 382 986 437 Patre
1012 390 1150 439 esse,
1173 372 1364 428 merito
1386 367 1667 423 humiliora
1687 359 1993 458 audierunt,

414 492 472 536 nt
494 454 793 536 crederent.
825 467 1142 536 Ethzecjam
1178 461 1422 518 defensio
1454 456 1789 529 prrcmittitur
1808 469 1905 525 pro
1933 454 1995 508 iis

415 588 530 645 quae
545 580 722 641 postea
739 565 1005 620 humiliter
1016 562 1253 616 dicturus
1264 552 1723 645 est.Credidcruut
1734 564 1883 645 ergo,
1892 563 1995 602 non

358 706 359 711 η
414 639 592 717 tamen
609 666 864 729 quantum
883 651 1182 725 Oportebat,
1199 647 1291 702 sed
1312 654 1616 714 utcumque,
1634 641 1685 696 in
1702 639 1998 694 humilitate

411 756 693 810 verborum
722 747 928 818 placide
956 745 1327 800 consistentes.
1361 737 1514 806 Quod
1559 736 1700 790 enim
1724 748 1828 787 non
1873 746 1996 802 per-

413 847 605 903 fectam
673 841 932 896 haberent
1000 837 1193 898 fidem,
1249 839 1512 886 monstrnt
1563 823 1886 895 evangelista
1944 821 1994 874 in

412 938 798 1010 sequentibus,
845 932 932 987 ubi
972 930 1071 1000 ipsi
1112 924 1486 983 contumeliam
1542 918 1794 975 inferunt.
1844 912 1996 981 Quod

413 1044 591 1087 autctu
643 1029 800 1084 iidem
842 1026 942 1097 ipsi
972 1031 1153 1078 essent
1177 1061 1193 1087 ,
1239 1016 1488 1072 indicavit
1531 1013 1615 1068 his
1654 1011 1874 1066 verbis:
1906 1010 1992 1064 51.

419 1123 622 1179 Dicebat
653 1101 769 1192 ergo
802 1118 954 1173 Jesus
988 1116 1056 1169 ad
1090 1130 1172 1168 eos
1209 1113 1294 1181 qui
1325 1109 1642 1163 crediderant
1671 1105 1715 1157 ei
1736 1101 1949 1156 Judteos
1979 1116 1999 1154 :

416 1216 478 1270 Si
500 1232 585 1270 vos
605 1211 887 1267 manseritis
907 1211 961 1262 in
986 1220 1212 1261 sermone
1239 1217 1370 1266 meo;
1388 1197 1677 1255 ostendens
1701 1196 1845 1264 ipsos
1875 1209 1998 1247 non-

415 1306 540 1360 dum
572 1302 873 1372 suscepisse
900 1297 1197 1353 doctrinam
1225 1336 1237 1357 ,
1267 1292 1359 1349 sed
1391 1291 1546 1345 dictis
1572 1289 1854 1342 attendere
1884 1296 1999 1337 tan-

417 1407 551 1452 tttm.
583 1395 914 1463 Quapmptcr
963 1385 1332 1442 vehementius
1382 1380 1636 1450 loquitur.
1685 1378 1797 1433 Illic
1853 1376 1996 1431 enim

413 1486 726 1555 simpliciter
751 1481 979 1545 dicebat,
1002 1476 1247 1543 Quteretis
1275 1489 1388 1537 nte;
1419 1484 1559 1525 nunc
1589 1483 1716 1522 vero
1744 1466 1911 1531 addit,
1934 1463 1997 1518 In

414 1577 629 1649 peccatis
652 1572 824 1628 vestris
844 1568 1143 1624 moriemini.
1171 1566 1236 1622 Et
1257 1561 1526 1635 quomodo
1553 1559 1604 1614 id
1626 1558 1715 1612 fiat
1740 1557 1994 1649 ostendit,

411 1646 541 1737 Quia
565 1682 687 1724 cum
717 1680 782 1720 eo
811 1661 1086 1725 veneritis,
1117 1676 1220 1713 non
1254 1655 1497 1727 poteritis
1527 1667 1611 1706 me
1633 1664 1843 1721 rogare.
1872 1646 1998 1702 Iltrc

410 1778 523 1833 quia
560 1762 738 1829 loquor
775 1758 827 1812 in
866 1754 1074 1809 mundo.
1107 1751 1200 1807 His
1227 1748 1464 1805 declarat
1490 1760 1550 1801 se
1572 1743 1705 1842 jam“
1728 1741 1995 1842 exiturum

413 1852 479 1907 ad
507 1861 711 1920 gentes.
741 1848 871 1904 Cum
901 1860 1030 1901 vero
1048 1857 1151 1897 non
1175 1840 1371 1896 scirent
1393 1837 1564 1906 ipsum
1583 1833 1650 1890 de
1671 1833 1829 1888 Patre
1854 1833 1998 1901 prius

414 1946 692 2011 luquutum
718 1954 840 1994 esse
864 1979 880 2003 ,
913 1949 1121 1991 rursum
1147 1932 1217 1988 de
1245 1931 1338 1985 illo
1363 1929 1595 1999 loquitur
1617 1968 1633 1994 ,
1666 1934 1718 1980 et
1745 1939 1958 1979 causam
1976 1963 1992 1989 ,

412 2051 511 2091 cur
537 2031 804 2086 humiliter
834 2029 1081 2098 loquutus
1112 2025 1201 2089 sit,
1230 2022 1385 2078 affert
1410 2019 1758 2089 evangelista.

482 2126 536 2181 5.
565 2122 620 2179 Si
647 2122 725 2177 sic
745 2136 873 2190 ergo
897 2116 1202 2189 Scripturas
1221 2122 1475 2169 accurate
1500 2109 1725 2166 scrutari
1750 2109 1995 2175 velimus,

413 2232 518 2274 non
561 2212 957 2284 perfunctorie,
1005 2209 1233 2264 salutem
1276 2204 1533 2274 consequi
1579 2201 1912 2272 poterimus;
1952 2199 1998 2255 si

412 2306 624 2360 assidue
651 2306 701 2358 in
728 2304 832 2357 illis
858 2314 1138 2355 versemur
1156 2339 1172 2365 ,
1204 2305 1259 2351 et
1285 2297 1339 2351 in
1367 2310 1492 2350 vera
1520 2293 1766 2348 doctrina
1793 2301 1847 2346 et
1876 2292 1998 2347 vita:

413 2398 677 2469 probitate
704 2396 1062 2450 instituentur.
1093 2392 1170 2445 Ac
1215 2389 1342 2445 licet
1380 2388 1546 2443 durus
1585 2387 1657 2441 sit
1693 2386 1955 2456 quispiam
1979 2427 1996 2454 ,

413 2489 652 2554 immitis,
672 2487 870 2552 mollis;
901 2485 1024 2539 licet
1055 2481 1375 2553 praecedenti
1399 2489 1638 2549 tempore
1664 2478 1795 2533 nihil
1827 2478 2001 2533 lucra-

413 2591 497 2634 tus
526 2579 717 2643 fucrit,
751 2591 892 2632 nunc
936 2576 1125 2630 saltem
1182 2572 1427 2644 proﬁciet
1451 2611 1468 2639 ,
1497 2579 1552 2627 et
1578 2570 1808 2641 aliquam
1838 2610 1854 2635 ,
1896 2570 1998 2625 etsi

413 2688 519 2729 non
543 2675 758 2735 sentiat,
782 2669 1060 2723 utilitatem
1082 2667 1354 2735 decerpet.
1372 2664 1504 2719 Nam
1526 2662 1571 2717 si
1595 2662 1997 2733 unguentariam

412 2765 680 2820 officinam
710 2763 829 2831 quis
857 2761 1077 2824 adiens,
1108 2758 1153 2814 si
1184 2759 1235 2812 in
1264 2757 1354 2811 illa
1385 2763 1627 2811 moretur
1646 2796 1662 2822 ,
1696 2754 1778 2808 vel
1802 2753 2000 2807 invitus

413 2872 632 2914 suavem
671 2856 898 2924 aliquem
940 2860 1297 2922 consequetur
1324 2849 1580 2911 odorem;
1618 2844 1788 2901 multo
1830 2842 1998 2912 magis

413 2952 503 3021 qui
531 2947 811 3003 ecclesiam
838 2944 1160 3015 frequentat.
1184 2941 1255 2998 Ut
1281 2941 1421 2996 enim
1453 2955 1514 2995 ex
1543 2937 1745 2993 desidia
1771 2976 1785 3000 ,
1827 2935 1997 3004 negli-

415 3040 589 3107 gentia
621 3057 634 3094 :
662 3038 741 3092 sic
771 3052 837 3092 ex
878 3035 1189 3106 rperatione
1212 3072 1228 3099 ,
1268 3030 1432 3085 animi
1480 3028 1640 3082 ardor
1671 3026 1860 3083 oritur.
1890 3025 1998 3080 Etsi

413 3130 568 3184 malis
594 3128 669 3181 sis
693 3125 989 3181 innumeris
1035 3122 1289 3189 refertus,
1317 3120 1419 3176 etsi
1445 3120 1703 3189 impurus,
1724 3119 1835 3172 noli
1862 3117 1999 3172 hanc

416 3224 582 3274 vitare
611 3217 983 3287 frequentiam.
1014 3214 1149 3281 Quid
1174 3228 1334 3277 vero,
1369 3211 1585 3282 inquis,
1615 3212 1660 3265 si
1683 3210 1861 3265 audita
1891 3225 1997 3265 non

417 3310 713 3381 exsequar?
740 3309 858 3366 Non
891 3324 1075 3378 parum
1103 3307 1234 3362 lucri
1265 3314 1384 3372 est,
1414 3305 1459 3359 si
1490 3313 1542 3359 te
1571 3304 1824 3358 miserum
1857 3318 1997 3372 prte-

413 3401 694 3464 dicaveris;
720 3416 826 3456 non
850 3398 1051 3455 inutilis
1076 3398 1164 3452 hie
1187 3397 1346 3452 timor
1367 3404 1469 3460 est,
1495 3410 1599 3450 non
1625 3394 1999 3465 intempestiva

417 3495 644 3552 formido
671 3512 684 3548 :
709 3495 753 3548 si
783 3496 955 3548 soluat
983 3490 1328 3561 ingemueris,
1355 3488 1495 3560 quod
1515 3489 1694 3543 audita
1719 3502 1823 3542 non
1841 3503 1993 3544 exse-

411 3586 594 3654 quaris
618 3627 633 3652 ,
671 3583 957 3655 aliquando
993 3582 1061 3637 ad
1098 3581 1363 3651 agendum
1406 3589 1461 3635 te
1497 3579 1851 3650 comparabis.
1884 3578 1997 3633 Non

417 3685 591 3747 potest
621 3678 763 3730 enim
807 3675 896 3743 qui
936 3675 1101 3729 Deum
1142 3673 1471 3743 alloquitur,
1506 3673 1786 3741 ipsamque
1814 3671 1997 3739 audit,

415 3782 522 3821 non
551 3765 749 3835 aliquid
788 3764 918 3819 lucri
959 3765 1234 3834 consequi.
1266 3765 1455 3819 Statim
1492 3765 1639 3819 enim
1668 3779 1766 3819 nos
1791 3762 1998 3834 Colligi-

416 3870 536 3912 mus
562 3868 857 3925 manusque
884 3853 1172 3919 abluimus,
1204 3868 1326 3908 cum
1357 3853 1548 3907 librum
1579 3853 1824 3922 accipere
1844 3853 1999 3907 volu-

414 3963 554 4004 mus.
581 3945 767 4002 Viden’
795 3953 992 4016 quanta
1021 3946 1106 3999 vel
1136 3953 1263 3999 ante
1299 3943 1581 3999 lectionem
1606 3943 1817 4013 pietas?
1845 3943 2000 4011 Quod

412 4043 458 4095 si
489 4040 770 4110 diligenter
797 4053 1098 4109 pergamus,
1119 4052 1363 4108 magnam
1386 4052 1667 4107 carpemus
1694 4037 1998 4092 utilitatem.

378 4192 395 4217 ν
412 4132 596 4203 Neque
615 4132 757 4188 enim
785 4132 885 4186 nisi
914 4132 1089 4187 anima
1121 4131 1204 4200 pie
1230 4129 1439 4195 affecta,
1470 4144 1660 4184 manus
1681 4127 1996 4185 abluemus:

1152 261 1209 316 S.
1248 252 1528 313 JOANNIS
1563 245 2036 306 CIIRYSOSTOMI
2079 245 2395 302 ARCIIIEP.
2435 248 2969 305 CONSTANTINOP.

3585 255 3684 312 236

2105 371 2154 419 et
2189 361 2402 428 mulier,
2428 362 2472 416 si
2500 376 2606 416 non
2634 371 2817 431 operta
2838 362 2926 428 sit,
2950 362 3128 417 statim
3153 364 3327 419 velum
3354 370 3598 434 assumit,
3634 371 3682 425 in

2101 461 2472 523 argumentum
2497 452 2999 522 pietatisinterioris
3030 469 3045 510 :
3073 453 3174 520 vir,
3208 454 3253 509 si
3282 466 3472 526 eperto
3501 459 3564 513 sit
3592 477 3682 514 ca-

2102 546 2209 616 pite
2229 587 2242 608 ,
2275 545 2436 599 nudat
2460 552 2638 614 caput.
2670 541 2856 598 Viden’
2882 543 3153 613 quomodo
3177 556 3430 603 eXIernns
3474 547 3684 606 habitus

2101 637 2321 690 inter-me
2359 636 2427 689 sit
2453 624 2663 704 pietatis
2691 632 2978 689 indicium?
3007 633 3133 689 Inde
3159 637 3357 693 sedens
3384 638 3452 692 ad
3476 640 3683 695 audiew

2099 728 2258 793 dum,
2285 727 2535 798 frequens
2584 726 2913 799 ingemiscit,
2952 740 3005 786 et
3045 730 3371 801 prmteritam
3397 732 3555 786 vitam
3587 731 3685 785 da-

2099 831 2265 874 mnat.
2301 820 2588 891 Scripturis
2617 838 2744 893 ergo
2771 825 3006 879 animum
3029 822 3610 889 adhibeamus,dilecti,
3634 832 3688 880 et

2099 911 2284 966 saltem
2314 913 2584 984 evangelia
2613 913 2850 968 studiose
2880 924 3191 973 tractemus.
3222 916 3409 970 Statim
3433 917 3573 970 enim
3601 927 3684 971 at-

2099 1017 2202 1071 que
2225 1003 2414 1058 librum
2441 1005 2750 1074 aperueris,
2783 1005 2997 1060 Christi
3018 1022 3212 1063 nomen
3246 1008 3450 1063 videbis
3475 1050 3488 1073 ,
3518 1018 3573 1064 et
3600 1009 3683 1063 di-

2098 1105 2306 1150 centem
2353 1096 2500 1151 illum
2548 1097 2778 1156 audies:
2823 1096 2951 1152 Iesu
2994 1110 3160 1153 autent
3203 1100 3391 1156 Christi
3432 1104 3687 1173 generatio

2099 1186 2173 1240 sic
2201 1196 2325 1240 erat.
2356 1187 2482 1241 Cum
2501 1199 2627 1242 esset
2645 1189 2946 1259 desponsata
2961 1200 3120 1244 mater
3140 1192 3249 1261 ejus
3278 1191 3446 1246 Maria
3469 1191 3684 1263 Joseph,

2098 1276 2298 1330 inventa
2327 1287 2398 1331 est
2420 1278 2471 1332 in
2495 1289 2636 1333 utero
2664 1279 2851 1333 habens
2876 1281 2937 1333 de
2966 1281 3165 1352 Spiritu
3190 1293 3364 1337 sancto
3395 1283 3608 1343 (Matth.
3632 1287 3684 1340 I.

2101 1368 2213 1438 18).
2242 1369 2339 1437 Qui
2367 1381 2546 1426 autem
2578 1375 2693 1426 lia-c
2722 1372 2969 1441 audierit,
2998 1376 3175 1430 statim
3203 1377 3520 1448 virginitatis
3545 1394 3687 1433 amo.

2098 1473 2158 1514 re
2179 1462 2445 1530 capietur,
2491 1472 2699 1532 partum
2722 1465 3031 1532 mirabitur,
3060 1482 3090 1522 a
3114 1476 3252 1522 terra
3281 1471 3548 1540 migrabit.
3575 1471 3686 1529 Nec

2100 1565 2197 1621 pro
2225 1554 2433 1609 modico
2468 1555 2774 1611 habendum
2804 1567 2881 1612 est
2906 1598 2920 1623 ,
2952 1559 2995 1612 si
3028 1561 3107 1615 vel
3143 1560 3368 1628 carptim
3403 1561 3685 1633 obiterque

2102 1644 2295 1700 videris
2321 1646 2522 1715 Spiritu
2545 1658 2731 1704 sancto
2756 1650 3024 1721 diguatam
3042 1650 3334 1722 Virginem,
3362 1662 3417 1708 et
3435 1654 3682 1725 angelum
3724 1723 3730 1727 _

2103 1736 2270 1806 ipsam
2304 1738 2684 1808 alloquentem.
2728 1742 2852 1797 llaec
2892 1742 3067 1798 adlmc
3102 1744 3155 1799 in
3193 1745 3475 1814 superficie
3512 1755 3636 1802 sunt
3668 1764 3681 1802 :

2100 1827 2191 1883 sed
2218 1829 2263 1884 si
2291 1828 2404 1883 huic
2432 1832 2756 1901 speculando
2777 1848 2944 1904 usque
2966 1834 3016 1889 in
3045 1832 3203 1890 ﬁnem
3232 1850 3565 1906 perseveres,
3587 1854 3687 1894 sa:-

2099 1919 2301 1974 cularia
2320 1922 2501 1976 statim
2526 1923 2702 1977 omnia
2732 1939 2984 1995 respucs,
3016 1934 3226 1982 terrena
3262 1928 3443 1981 omnia
3477 1928 3685 1985 deride-

2099 2013 2183 2069 bis
2211 2030 2225 2066 :
2256 2014 2301 2069 si
2326 2014 2475 2071 dives
2504 2015 2600 2082 sis,
2625 2016 2837 2072 divitias
2872 2017 3003 2072 nihil
3029 2032 3149 2074 esse
3174 2019 3362 2084 duces,
3390 2021 3477 2075 ubi
3503 2019 3687 2077 audies

2101 2103 2242 2158 illam
2273 2104 2406 2160 fabri
2444 2122 2663 2163 uxorem
2699 2107 2752 2162 in
2786 2108 2968 2163 humili
2989 2108 3185 2177 domo,
3221 2119 3442 2166 matrem
3477 2111 3684 2167 Domini

2100 2193 2292 2263 fuisse;
2317 2198 2358 2252 si
2388 2212 2588 2269 pauper
2609 2241 2625 2267 ,
2654 2198 2722 2255 de
2753 2210 3062 2271 paupertate
3090 2216 3195 2257 non
3216 2204 3500 2259 erubesces
3518 2247 3533 2270 ,
3561 2220 3681 2260 cum

2100 2286 2351 2356 didiceris
2375 2290 2680 2345 Creatorem
2704 2292 2888 2347 mundi
2913 2293 3220 2349 vilissimam
3245 2309 3425 2350 casam
3443 2311 3546 2349 non
3565 2310 3687 2351 cru-

2100 2377 2302 2434 bnissc.
2333 2380 2460 2435 llzec
2483 2381 2754 2459 sicogitcs
2772 2425 2788 2450 ,
2817 2399 2921 2438 non
2950 2385 3125 2455 rapies
3143 2427 3161 2453 ,
3194 2401 3299 2441 non
3325 2402 3515 2442 avarus
3544 2388 3650 2444 eris
3669 2429 3684 2453 ,

2103 2484 2208 2524 non
2233 2471 2285 2525 in
2311 2472 2480 2527 aliena
2510 2473 2791 2541 iuvolabis;
2817 2475 2912 2531 sed
2937 2479 3112 2546 potius
3132 2481 3460 2549 paupertatis
3483 2490 3688 2537 amator

2101 2565 2227 2626 cris.
2257 2565 2574 2635 divitiasque
2595 2566 2862 2637 deSpieies
2893 2587 2906 2623 :
2930 2568 3053 2625 hinc
3080 2570 3217 2625 mala
3243 2572 3423 2626 omnia
3450 2572 3689 2628 elimina-

2100 2659 2203 2714 bis.
2238 2659 2442 2715 Rursus
2463 2676 2585 2716 cum
2610 2662 2805 2717 videris
2831 2661 3011 2717 Jcsum
3031 2663 3083 2718 in
3114 2665 3376 2735 praesepio
3394 2666 3685 2736 jacentcm,

2103 2765 2209 2805 non
2241 2751 2377 2804 ultra
2416 2751 2630 2807 curabis
2660 2752 2770 2807 lilio
2805 2761 2898 2808 tuo
2928 2763 3175 2809 ornatum
3205 2770 3425 2811 aureum
3456 2756 3684 2812 cireum-

2104 2857 2303 2912 ponere
2322 2883 2337 2909 ,
2363 2860 2467 2898 non
2496 2843 2690 2899 lectum
2717 2855 2937 2916 argento
2964 2846 3272 2903 decoratum
3302 2850 3451 2905 uxori
3478 2864 3683 2920 parare.

2101 2930 2195 2987 llis
2220 2933 2442 3001 abiectis
2468 2936 2633 3001 curis,
2658 2935 2766 3004 jam
2795 2951 2898 2991 non
2916 2922 3152 2993 avaritiae
3181 2939 3263 2994 vel
3292 2941 3488 3010 rapina:
3509 2942 3690 2997 stude-

2100 3021 2204 3077 bis.
2230 3023 2389 3079 Multa
2416 3024 2517 3077 alia
2556 3025 2678 3080 hinc
2722 3027 2866 3081 lucra
2913 3040 3237 3099 sequuntur,
3268 3044 3386 3100 qua:
3417 3046 3555 3086 nunc
3582 3048 3686 3086 non

2102 3133 2388 3189 possumus
2414 3120 2717 3190 singulatim
2752 3137 3070 3189 recensere;
3097 3123 3190 3179 sed
3213 3124 3383 3179 scient
3411 3124 3446 3179 ii
3476 3125 3564 3195 qui
3595 3140 3688 3180 cx-

2104 3210 2408 3281 perimcnto
2434 3212 2740 3270 didicerint.
2768 3215 3102 3285 QuaprOpter
3130 3231 3278 3286 rogo,
3308 3215 3472 3271 libros
3504 3216 3688 3286 hujus-

2102 3301 2247 3357 tuodi
2278 3302 2428 3358 vobis
2466 3305 2789 3375 cetnparetis
2809 3346 2823 3370 ,
2863 3305 3121 3362 lihroruut
3150 3322 3305 3362 sensa
3349 3308 3650 3377 percipiatis
3669 3350 3686 3377 ,

2103 3403 2263 3463 atque
2290 3394 2343 3449 in
2365 3395 2633 3451 mentibus
2661 3399 2854 3452 vestris
2879 3398 3213 3456 describatis.
3239 3400 3409 3456 Judaei
3439 3416 3688 3474 namque,

2103 3485 2226 3555 quia
2255 3500 2358 3540 non
2390 3487 2626 3541 auimutu
2654 3487 2999 3556 adhibebant,
3022 3490 3158 3560 jussi
3187 3502 3311 3546 sunt
3341 3492 3505 3548 libros
3531 3494 3694 3549 mani-

2101 3576 2202 3633 bus
2233 3578 2540 3648 appendere
2564 3598 2577 3633 :
2601 3595 2699 3635 nos
2720 3590 2896 3637 autem
2928 3597 3033 3636 non
3059 3583 3109 3636 in
3131 3583 3399 3647 manibus,
3426 3586 3520 3641 sed
3547 3585 3691 3642 dumi

2104 3667 2440 3738 deponimus,
2465 3684 2585 3725 cum
2614 3682 2885 3741 eporteret
2912 3673 2964 3727 in
2992 3673 3154 3730 corde
3179 3690 3420 3732 exarare.
3440 3675 3529 3733 Sic
3548 3677 3689 3733 enim

2103 3759 2363 3816 abstersis
2406 3764 2529 3818 vita:
2566 3764 2842 3831 sordibus,
2880 3764 3053 3822 futura
3092 3781 3482 3839 consequemur
3508 3770 3688 3825 bona:

2104 3870 2224 3926 qua:
2254 3857 2455 3911 utinam
2480 3857 2861 3927 adipiscamur,
2891 3858 3060 3929 gratia
3088 3869 3142 3915 et
3168 3860 3495 3930 benignitate
3522 3863 3692 3918 Domi-

2106 3948 2161 4003 ni
2189 3949 2356 4004 nostri
2401 3948 2527 4004 Jesu
2566 3948 2764 4005 Christi
2797 3992 2811 4015 ,
2855 3966 2950 4020 per
2988 3966 3143 4021 quem
3179 3962 3232 4007 et
3268 3967 3389 4008 cum
3416 3969 3522 4024 quo
3549 3953 3688 4010 Patri

2102 4040 2270 4111 ειη-1η
2294 4082 2310 4103 ,
2341 4040 2603 4110 simulque
2636 4041 2852 4109 Spiritui
2877 4053 3090 4108 sancto,
3122 4057 3263 4099 nunc
3292 4052 3344 4097 et
3369 4059 3612 4114 semper,
3637 4055 3691 4100 et

2106 4131 2159 4185 in
2189 4132 2383 4186 smcula
2419 4133 2758 4187 saeculorum.
2792 4133 2981 4187 Amen.

411 4248 3678 4282 Μ

1740 4318 2087 4382 HOMILIA
2126 4321 2290 4384 LIV.

410 4473 540 4529 CAP.
559 4474 611 4527 8.
635 4487 688 4527 ν.
712 4472 801 4527 51.
836 4466 1041 4521 Dicebat
1070 4480 1188 4535 ergo
1212 4462 1361 4516 Iesus
1380 4461 1447 4514 ad
1468 4476 1550 4515 eos
1571 4461 1655 4530 qui
1681 4460 1997 4517 crediderunt

483 4566 527 4618 ei
554 4561 766 4620 Judwos
795 4576 812 4613 :
843 4559 901 4613 Si
928 4573 1013 4611 vos
1040 4552 1322 4607 manseritis
1365 4551 1418 4603 in
1455 4566 1681 4604 sermone
1711 4566 1819 4604 meo
1839 4591 1854 4614 ,
1885 4567 1997 4607 vere

484 4655 723 4727 discipuli
765 4652 861 4705 mei
886 4648 1024 4702 eritis
1043 4686 1060 4712 ,
1104 4645 1194 4700 5‘2.
1225 4652 1273 4698 et
1299 4644 1603 4713 cognoscetis
1631 4643 1891 4697 ceritatem
1908 4686 1923 4712 ,
1947 4654 1994 4698 et

484 4749 666 4805 ueritas
695 4741 921 4798 liberabit
950 4753 1061 4792 vos.

488 4843 541 4897 I.
582 4836 746 4893 Multa
773 4831 926 4888 nobis
954 4826 1205 4899 patientia
1246 4838 1381 4894 opus
1408 4831 1514 4889 est,
1544 4822 1743 4878 dilecti.
1777 4823 1993 4879 Patien-

414 4938 485 4994 tia
510 4943 688 4988 autem
722 4939 846 4982 tunc
873 4922 1186 4994 acquiritur,
1217 4932 1340 4973 cum
1365 4916 1612 4987 dogmata
1643 4916 1695 4970 in
1724 4917 1884 4972 corde
1909 4932 1995 4971 ra-

411 5010 562 5084 dices
582 5029 822 5094 egerunt.
848 5018 916 5073 Ut
937 5016 1076 5069 enim
1102 5025 1355 5083 quercum
1381 5008 1653 5079 profundis
1680 5008 1990 5063 instructam

413 5121 680 5178 radicibus
703 5113 902 5187 qumvis
931 5107 1075 5165 venti
1106 5104 1358 5160 violentia
1389 5117 1491 5158 n0n
1523 5103 1703 5158 evellit
1732 5121 1744 5156 :
1770 5103 1850 5157 sic
1878 5102 1994 5157 ani-

414 5228 554 5269 mam
580 5208 761 5263 divino
785 5203 1047 5260 confixam
1080 5200 1271 5254 timore
1296 5209 1454 5252 nemo
1480 5196 1675 5264 poterit
1702 5204 1950 5251 evertere
1975 5213 1989 5250 :

413 5305 577 5358 clavis
606 5300 748 5355 enim
777 5296 995 5351 affixutu
1023 5306 1144 5346 esse
1170 5288 1401 5357 amplius
1445 5295 1559 5348 est,
1590 5302 1748 5355 quam
1780 5285 1992 5339 radica-

414 5406 525 5450 ttun
555 5406 689 5448 esse.
720 5390 773 5445 Id
803 5386 1113 5457 preCahatur
1154 5380 1443 5451 propheta,
1471 5375 1679 5447 Conﬁge
1706 5377 1883 5431 timore
1908 5389 1993 5431 tuo

413 5499 592 5541 carnes
620 5496 748 5535 metu
778 5477 944 5546 (Psal.
985 5474 1101 5530 118.
1133 5471 1278 5541 120).
1306 5470 1395 5525 Sic
1421 5477 1474 5524 et
1496 5477 1549 5521 tu
1566 5469 1771 5536 conlige
1795 5477 1850 5524 et
1870 5468 1993 5524 alii-

414 5594 478 5651 εει
497 5620 512 5644 ,
541 5574 690 5644 quasi
712 5572 863 5625 clavo
885 5566 1046 5622 altius
1075 5566 1323 5633 impacto.
1347 5560 1417 5618 Ut
1436 5561 1577 5615 enim
1605 5560 1683 5615 sic
1709 5560 1882 5616 affecti
1907 5561 1992 5615 vix

410 5669 728 5743 capiantur,
760 5661 836 5716 sic
879 5672 1033 5714 secus
1077 5654 1354 5724 compositi
1396 5661 1551 5725 captu
1597 5651 1816 5723 faciles,
1847 5652 1993 5709 nullo

2105 4468 2319 4537 negotio
2343 4468 2681 4538 dejieinntur.
2706 4469 2854 4538 Quod
2882 4481 3005 4527 tunc
3030 4470 3201 4527 Judaei
3224 4473 3365 4544 passi
3385 4483 3530 4529 sunt.
3555 4472 3685 4530 Cum

2103 4560 2376 4616 audissent
2422 4562 2563 4616 enim
2606 4571 2658 4618 et
2699 4563 3052 4620 credidissent
3075 4606 3091 4630 ,
3124 4580 3309 4620 rursus
3333 4566 3505 4621 eversi
3539 4575 3687 4623 sunt.

2103 4651 2234 4707 Cum
2266 4667 2393 4722 ergo
2430 4653 2587 4708 fidem
2618 4655 2829 4710 illorum
2855 4655 3098 4711 Christus
3140 4656 3430 4715 firmiorem
3461 4658 3686 4714 reddere

2103 4743 2286 4809 vellet,
2317 4759 2384 4798 ne
2409 4743 2540 4797 ultra
2570 4744 2621 4798 in
2645 4745 2756 4799 sola
2778 4747 3061 4816 superficie
3088 4758 3364 4816 maneret,
3391 4750 3683 4806 vehemen-

2104 4835 2238 4886 tiore
2255 4848 2505 4888 sermone
2528 4835 2765 4890 animum
2785 4838 3022 4909 contigit.
3042 4836 3386 4895 Credentium
3405 4843 3548 4897 enim
3571 4850 3685 4897 erat

2104 4923 2549 4993 reprehensiones
2569 4928 2720 4983 facile
2743 4929 2972 4984 tolerare
2997 4947 3012 4983 :
3039 4931 3115 4984 illi
3142 4947 3269 4988 vero
3286 4934 3464 4989 statim
3497 4948 3684 4990 excan-

2100 5012 2349 5069 duerunt.
2377 5014 2658 5081 Quomodo
2702 5017 2753 5071 id
2802 5019 3155 5089 agitiPrimo
3203 5021 3486 5078 hortatur:
3515 5024 3576 5080 Si
3599 5040 3683 5079 vos

2102 5106 2388 5159 manseritis
2416 5106 2469 5160 in
2496 5123 2726 5164 sermone
2757 5125 2865 5163 meo
2884 5151 2899 5174 ,
2931 5126 3043 5165 vere
3067 5112 3306 5183 discipuli
3330 5115 3428 5167 mei
3450 5115 3609 5182 eritis,
3638 5124 3685 5170 ct
3732 5098 3735 5105 γ

2100 5200 2282 5255 veritas
2307 5200 2533 5256 liberabit
2560 5220 2680 5270 ros;
2700 5218 2765 5261 ac
2785 5203 2828 5258 si
2847 5204 3050 5260 diceret
3070 5222 3083 5258 ς
3111 5206 3286 5261 Altam
3310 5207 3542 5261 facturus
3562 5222 3680 5262 sum

2100 5291 2433 5360 iucisionem;
2461 5295 2555 5350 sed
2584 5311 2650 5353 ne
2675 5296 3037 5367 cxagitemiui.
3071 5297 3183 5353 Imo
3203 5312 3331 5352 vero
3362 5297 3444 5351 his
3471 5296 3681 5352 illorum

2099 5383 2407 5454 superbiam
2432 5388 2707 5455 repressit.
2736 5387 2777 5442 A
2802 5404 2930 5459 quo,
2954 5403 3158 5459 qnmso,
3188 5388 3474 5444 liberabit?
3493 5391 3533 5444 Α
3558 5405 3680 5461 pec-

2101 5473 2256 5527 catis.
2285 5474 2421 5542 Quid
2450 5490 2579 5547 crgo
2620 5488 2932 5547 arrogantes
2969 5478 3205 5535 1111135.
3241 5479 3427 5536 Semen
3468 5480 3683 5536 Abi-alue

2099 5579 2307 5630 sumus,
2332 5573 2379 5619 et
2423 5568 2613 5622 nemini
2653 5570 2944 5623 seruiuimus
2985 5585 3244 5640 umquam.
3288 5570 3477 5626 Statim
3502 5571 3681 5628 animo

2104 5652 2437 5727 deciderunt,
2473 5659 2594 5730 quia
2623 5661 2853 5716 terrenis
2882 5660 3183 5715 inhiabant.
3216 5661 3345 5716 Illud
3370 5703 3384 5721 .
3414 5662 3478 5718 Si
3508 5677 3697 5715 manse-
