4072 6152
309 348 409 403 997

307 462 418 517 ritis
446 460 501 513 in
525 471 757 512 sermone
783 470 913 521 meo,
938 463 1021 509 cst
1048 454 1332 510 indicantis
1362 453 1485 525 quid
1516 454 1569 507 in
1590 452 1752 507 corde
1773 465 1893 505 ver-

306 562 528 621 sarent,
557 559 611 606 et
640 549 859 606 scicntis
890 549 1034 618 ipsos
1061 547 1353 604 credidisse
1377 546 1590 618 quidem
1613 588 1628 613 ,
1659 560 1763 600 non
1796 559 1894 597 au—

305 656 414 702 tem
448 644 712 700 mansisse
741 642 794 696 in
825 640 952 697 ﬁde.
979 639 1046 694 Et
1093 655 1342 710 magnum
1373 638 1641 709 quidpiam
1671 636 1894 707 promit—

308 741 399 806 tit,
446 737 593 807 ipsos
642 748 836 803 nempe
879 732 1171 802 discipulos
1216 732 1332 802 ejus
1384 732 1521 785 fore.
1574 731 1705 785 Cum
1751 728 1895 784 enim

307 828 550 886 nonnulli
583 842 751 896 nuper
775 826 1156 889 recessissent,
1192 825 1337 894 ipsos
1358 822 1708 878 subindicans
1734 821 1892 886 dicit,

308 921 370 976 Si
401 918 688 973 ntanseritis
714 933 734 970 :
762 931 883 970 nam
912 915 984 969 illi
1009 914 1310 981 audierant,
1340 912 1696 980 crediderant,
1736 920 1789 966 et
1819 927 1897 968 re-

308 1019 606 1077 cesserant,
622 1008 871 1079 quoniam
890 1022 994 1061 non
1017 1014 1347 1061 manserant.
1366 1004 1521 1059 Multi
1535 1005 1667 1058 enim
1682 1005 1897 1074 discipu-

312 1105 479 1157 lorum
507 1103 616 1172 ejus
646 1100 875 1153 abierunt
902 1107 1055 1163 retro,
1087 1107 1132 1151 et
1152 1097 1266 1166 jam
1296 1113 1397 1150 non
1423 1112 1538 1149 cum
1558 1095 1648 1149 illo
1675 1095 1845 1165 palam
1875 1095 1893 1127 ¹

310 1194 638 1248 ambulabant
671 1190 848 1264 (Joan.
877 1189 930 1245 6.
978 1190 1091 1258 67).
1124 1188 1444 1260 Cognoscctis
1473 1189 1767 1254 veritatem;
1794 1187 1897 1244 hoc

310 1294 387 1338 ρει
411 1325 427 1348 ,
454 1300 567 1347 me;
593 1298 711 1336 nam
743 1279 852 1350 Ego
879 1296 989 1334 sum
1009 1280 1210 1332 veritas.
1237 1277 1454 1333 Judaica
1477 1278 1690 1347 quidem
1715 1278 1892 1333 omnia

313 1384 469 1443 typus
489 1382 672 1434 erant;
703 1372 978 1426 veritatem
1011 1379 1188 1423 autem
1218 1384 1246 1421 a
1276 1383 1360 1422 me
1381 1369 1626 1433 discetis,
1655 1383 1773 1438 qua:
1799 1383 1893 1423 vos

311 1479 340 1516 a
369 1464 598 1532 peccatis
644 1462 907 1515 liberabit.
939 1460 1398 1527 Quemadmodum
1448 1460 1589 1514 enim
1622 1460 1724 1513 illis
1752 1460 1897 1514 dice-

313 1555 423 1620 bat,
448 1553 510 1607 In
535 1553 750 1624 peccatis
776 1552 952 1606 vestris
980 1551 1300 1617 moriemini;
1327 1552 1403 1606 sic
1430 1561 1484 1605 et
1515 1551 1598 1605 his
1625 1550 1779 1617 dixit,
1806 1549 1896 1603 Li-

313 1646 499 1699 berabit
528 1662 634 1699 vos.

385 1736 613 1790 Servitus
641 1733 1042 1804 peccati—Non
1065 1734 1231 1801 dixit,
1257 1732 1519 1790 Liberabo
1548 1728 1641 1790 vos
1669 1749 1698 1788 a
1725 1734 1895 1790 servi-

312 1833 454 1887 tute,
486 1824 583 1880 sed
617 1825 717 1879 hoc
744 1825 849 1879 illis
880 1824 1281 1895 intelligendum
1315 1825 1551 1894 reliquit.
1598 1823 1734 1890 Quid
1764 1838 1893 1894 ergo

309 1916 424 1971 illi?
455 1916 640 1971 Semen
670 1916 882 1970 Abroha:
921 1932 1093 1970 sumus
1115 1957 1130 1982 ,
1173 1924 1217 1968 et
1257 1916 1442 1969 nemini
1467 1915 1759 1969 seruiuimus
1788 1931 1894 1967 unt-

304 2023 487 2077 quam.
516 2006 673 2076 Atqui
700 2007 743 2061 si
774 2006 1150 2077 indignandum
1179 2005 1394 2070 fuisset,
1428 2005 1497 2061 de
1528 2006 1685 2075 priori
1712 2006 1893 2075 utique

305 2104 658 2166 oportuerat,
688 2111 807 2151 cum
834 2097 1004 2162 dixit,
1049 2094 1370 2167 Cognoscctis
1397 2096 1655 2150 veritatem
1681 2139 1694 2163 ,
1722 2105 1778 2151 et
1810 2096 1892 2151 di-

305 2187 537 2244 cendum
562 2198 710 2243 erat:
739 2188 876 2256 Quid
907 2190 1074 2259 ergo?
1104 2205 1173 2243 an
1217 2189 1492 2244 veritatem
1542 2190 1891 2260 ignoramus?

305 2279 390 2333 lex
422 2287 630 2348 ergoet
674 2281 876 2335 notitire
928 2290 1122 2336 nostrae
1166 2281 1441 2337 mendacia
1491 2282 1646 2336 sunt?
1692 2282 1887 2337 Verum

307 2370 423 2424 hwc
453 2386 556 2425 non
584 2365 860 2438 curabant,
893 2373 988 2427 sed
1015 2372 1081 2427 de
1104 2374 1334 2428 terrenis
1364 2381 1571 2427 tantum
1603 2373 1762 2428 rebus
1793 2375 1888 2429 do—

302 2462 486 2517 lebant
509 2503 523 2525 ,
555 2472 609 2517 et
637 2461 752 2517 hcce
782 2464 1091 2518 servitutem
1120 2479 1241 2520 esse
1286 2465 1718 2533 suspicabantur.
1752 2464 1888 2519 Sunt

303 2555 448 2606 enim
474 2594 488 2616 ,
513 2562 637 2606 sunt
662 2554 841 2623 utique
871 2570 1010 2608 nunc
1035 2555 1193 2608 etiam
1223 2554 1374 2607 multi
1401 2554 1493 2623 qui
1523 2554 1589 2609 de
1612 2555 1772 2610 rebus
1798 2556 1883 2610 in-

302 2644 671 2699 diﬂ'erentibus
696 2653 750 2699 et
776 2644 842 2699 de
868 2643 967 2699 hac
995 2645 1251 2700 servitute
1291 2645 1643 2709 erubescant;
1672 2645 1739 2700 de
1764 2662 1882 2700 ser-

304 2736 474 2790 vitute
503 2736 705 2805 peccati
737 2752 842 2789 non
873 2736 1036 2791 item:
1069 2750 1131 2790 ac
1163 2736 1386 2790 mallent
1416 2736 1612 2790 millies
1644 2736 1733 2789 illa
1762 2752 1880 2790 ser-

304 2827 472 2881 vitute
498 2826 636 2881 servi
660 2827 833 2881 vocari
852 2869 865 2890 ,
892 2844 1048 2897 quam
1075 2829 1174 2883 hac
1194 2828 1384 2883 semel.
1408 2828 1564 2883 Tales
1594 2828 1669 2883 illi
1701 2836 1877 2895 erant,

302 2932 484 2987 neque
504 2916 657 2971 aliam
682 2927 939 2974 noverant
964 2921 1272 2974 servitutem
1296 2937 1309 2985 ;
1334 2920 1623 2991 dicuntque
1646 2937 1660 2974 :
1688 2919 1886 2976 Servos

302 3009 504 3063 vocasti
525 3022 619 3063 eos
639 3010 728 3079 qui
755 3025 817 3065 ex
840 3025 1037 3080 genere
1064 3010 1292 3067 Abrahae
1317 3018 1474 3075 sunt,
1502 3011 1709 3066 nobiles
1738 3011 1883 3066 illos?

300 3115 436 3169 quos
453 3098 574 3154 ideo
590 3115 693 3154 non
712 3102 989 3170 oportebat
1009 3117 1191 3157 servos
1218 3117 1429 3157 vocare.
1457 3101 1769 3173 Numquam,
1799 3105 1878 3158 in-

303 3190 517 3259 quiunt,
549 3191 855 3246 seruiuimus.
884 3192 1027 3246 Talis
1051 3192 1354 3247 Judarorum
1378 3192 1542 3248 fastus
1570 3202 1671 3248 est.
1701 3194 1882 3249 Semen

300 3280 524 3335 Abraha
546 3298 752 3349 sumus,
784 3279 1030 3337 Israelita:
1074 3300 1267 3339 sumus.
1309 3283 1578 3354 NuSquam
1610 3292 1755 3354 gesta
1788 3300 1880 3339 Sua

299 3382 745 3428 commemorant.
778 3374 901 3429 Ideo
928 3374 978 3427 in
1011 3389 1103 3428 eos
1133 3374 1394 3428 clamabat
1422 3374 1675 3439 Joannes,
1707 3375 1883 3429 Nolite

301 3464 491 3526 dicere,
528 3462 738 3518 Patrem
785 3466 1020 3519 habemus
1049 3465 1304 3518 Abraham
1331 3466 1348 3536 (
1375 3464 1561 3519 Matth.
1592 3468 1644 3521 5.
1674 3465 1753 3537 9).
1778 3467 1885 3523 Cur

301 3566 624 3608 autemnon
672 3558 909 3626 coarguit
955 3558 1074 3612 illos
1099 3557 1387 3613 Christus?
1433 3558 1695 3628 siquidem
1740 3573 1881 3628 sa‘pe

301 3645 611 3700 servierunt
657 3645 954 3715 Egyptiis,
1011 3648 1355 3718 Babyloniis,
1410 3649 1633 3718 aliisque
1678 3649 1881 3702 multis.

300 3734 441 3802 Quia
469 3750 575 3788 non
606 3735 671 3788 ad
702 3738 1119 3803 contentionem,
1150 3738 1241 3792 sed
1274 3739 1338 3792 ad
1380 3740 1604 3793 salutem
1635 3739 1884 3807 loquutus

300 3823 513 3888 fuerat,
545 3832 600 3880 et
636 3823 702 3879 ad
728 3824 982 3880 beneﬁcia
1012 3828 1311 3895 prmstanda
1335 3869 1350 3892 ,
1384 3828 1433 3881 id
1469 3828 1543 3880 illi
1572 3843 1715 3882 cura:
1745 3838 1882 3883 erat.

302 3917 580 3973 Potuisset
610 3919 750 3973 enim
783 3918 1291 3988 quadringentorum
1343 3935 1604 3973 annorum
1649 3921 1884 3975 servitu-

301 4020 414 4063 tem
456 4007 680 4073 afferre,
714 4010 836 4063 hinc
856 4010 1187 4079 septuaginta
1235 4025 1529 4076 annorum;
1556 4020 1609 4065 et
1638 4027 1756 4080 qua:
1786 4012 1886 4067 sub

297 4096 592 4167 judicibus,
620 4098 779 4153 modo
800 4099 1015 4168 viginti,
1042 4098 1201 4154 modo
1224 4100 1470 4167 duorum,
1495 4101 1655 4156 modo
1679 4113 1884 4171 septem

300 4205 598 4243 annorum:
633 4192 887 4260 potuisset
912 4193 1087 4247 dicere
1118 4194 1260 4263 ipsos
1308 4209 1593 4263 numquam
1622 4196 1884 4249 serviendi

304 4282 469 4334 tinem
492 4280 696 4336 fecisse.
726 4281 917 4335 Verum
944 4297 1035 4336 eos
1064 4298 1165 4337 non
1197 4283 1467 4337 hominum
1495 4298 1679 4338 servos
1705 4293 1886 4338 osten-

304 4372 439 4425 dere
461 4372 660 4439 voluit,
686 4373 777 4446 sed
802 4374 1036 4444 peccati;
1060 4390 1175 4444 qua:
1201 4377 1430 4430 servitus
1454 4386 1533 4429 est
1553 4376 1886 4446 gravissima,

303 4476 335 4513 a
355 4475 458 4530 qua
477 4463 619 4516 solus
639 4441 777 4518 Deus
800 4441 1024 4520 liberare
1047 4441 1237 4535 potest.
1269 4441 1579 4521 Dimittendi
1600 4469 1742 4521 enim
1765 4441 1888 4537 pec;

305 4562 423 4604 cata
473 4562 786 4620 potestatem
842 4571 997 4610 nemo
1047 4556 1206 4609 habet
1257 4557 1358 4610 nisi
1407 4558 1587 4612 Deus:
1621 4558 1779 4627 idque
1812 4559 1884 4612 illi

305 4641 718 4696 confitebantur.
744 4643 975 4714 Ideoque
994 4645 1058 4699 ad
1085 4645 1186 4699 hoc
1214 4646 1332 4700 illos
1352 4648 1550 4703 inducit
1570 4648 1652 4702 his
1672 4650 1848 4704 verbis
1870 4668 1884 4705 :

307 4731 396 4786 δι.
429 4730 605 4788 Omnis
623 4736 708 4804 qui
728 4737 846 4806 facit
870 4745 1145 4805 peccatum,
1175 4754 1343 4792 servus
1367 4750 1438 4793 est
1459 4742 1681 4809 peccati;
1708 4750 1886 4796 osten-

306 4822 438 4877 dens
472 4838 531 4878 se
573 4824 716 4895 loqui
748 4825 814 4880 de
860 4827 1101 4882 libertate
1145 4827 1212 4882 ab
1256 4827 1556 4897 hujusmodi
1607 4834 1883 4887 servitute.

307 4913 398 4968 55.
431 4915 619 4969 Servus
663 4926 829 4970 autem
878 4935 976 4970 non
1023 4930 1187 4972 manet
1234 4921 1287 4973 in
1332 4922 1479 4975 domo
1505 4940 1522 4986 ;
1552 4924 1692 4989 [ilius
1718 4936 1886 4978 autem

306 5016 475 5059 manet
500 5007 553 5059 in
591 5016 852 5060 teternunt.
885 5007 1092 5063 Sensim
1125 5009 1245 5064 hinc
1277 5011 1444 5080 legent
1472 5011 1684 5080 dejicit,
1710 5015 1883 5082 priora

306 5107 547 5164 tempora
580 5096 944 5152 subindicans.
977 5098 1055 5154 Ne
1083 5100 1222 5153 enim
1248 5116 1312 5153 eo
1337 5111 1674 5155 recurrerent
1699 5102 1884 5157 dicen-

306 5196 423 5240 tes:
459 5184 728 5242 Saeriﬁcia
780 5189 1037 5243 habemus
1067 5205 1184 5258 quae
1228 5190 1434 5260 Moyses
1472 5193 1755 5260 prmcepit,
1800 5194 1883 5245 illa

305 5290 402 5329 nos
428 5291 617 5331 eruere
644 5287 914 5347 poterunt,
942 5280 1060 5333 ideo
1082 5280 1194 5333 haec
1226 5279 1421 5333 intulit.
1452 5280 1696 5349 Alioquin
1727 5297 1884 5350 quam

307 5368 417 5420 haec
445 5372 890 5439 consequentiam
922 5371 1225 5425 baberent?
1258 5369 1442 5423 Omnes
1487 5372 1618 5424 enim
1647 5364 1885 5440 peccave-

306 5469 440 5519 runt,
476 5470 520 5515 et
548 5474 692 5532 egent
719 5463 888 5532 gloria
921 5461 1030 5529 Dei,
1073 5462 1343 5532 jnsti/icati
1370 5461 1526 5532 gratis
1565 5479 1653 5532 per
1671 5464 1886 5533 gratiam

286 5548 441 5608 illius
457 5552 477 5582 ³
496 5551 676 5622 (fiant.
695 5552 749 5606 5.
768 5552 856 5606 25.
881 5552 994 5621 Ἣ),
1015 5553 1280 5621 etiamque
1301 5551 1395 5621 ipsi
1419 5552 1740 5609 sacerdotes.
1762 5552 1885 5609 ldco

367 5689 387 5749 |_
420 5686 547 5739 Vox.
573 5685 755 5745 palam,
792 5687 842 5749 in
864 5687 1148 5749 quibusdam
1174 5694 1278 5736 Mss.
1313 5686 1470 5736 deest.

371 5747 392 5776 ’
423 5758 553 5812 ηερε,
576 5760 662 5813 ρει·
683 5747 895 5813 gratiam
919 5749 1066 5809 illius,
1089 5749 1264 5798 desunt
1293 5751 1338 5796 in
1363 5749 1663 5811 quibusdam.

1342 341 1404 395 IN
1444 340 1750 395 JOANNEM
1793 338 2016 393 ll0.\llL.
2062 339 2193 394 LIV.
2235 343 2304 397 al.
2348 343 2478 400 LIII.

3470 358 3579 414 233

2004 451 2194 507 Paulus
2213 452 2279 509 de
2295 456 2571 512 sacerdote
2587 458 2679 523 ait,
2703 458 2854 514 Debet
2876 461 3057 529 o/ferre
3078 481 3167 529 pro
3186 467 3350 537 seipso
3370 510 3383 531 ,
3407 481 3461 522 ut
3487 487 3579 534 pro

2000 544 2188 612 papula
2211 585 2227 611 ,
2287 547 2526 615 quoniam
2589 549 2696 619 ipse
2756 551 3093 608 circumdatus
3155 567 3227 610 est
3286 558 3580 626 infirmitate

2001 634 2020 703 (
2044 633 2200 690 Hebr.
2226 635 2279 693 5.
2303 638 2356 691 3.
2385 648 2429 691 et
2462 638 2533 711 2)
2555 657 2569 706 ;
2595 649 2649 696 et
2679 641 2777 697 hoc
2803 644 3066 713 signiﬁcat
3094 647 3321 703 dicendo
3351 666 3363 701 :
3393 649 3579 705 Serrtts

2000 742 2102 780 non
2145 738 2309 782 manet
2350 732 2401 783 in
2443 730 2611 785 domo.
2644 732 2743 788 llic
2781 743 2957 789 autem
2979 744 3033 790 et
3054 752 3238 807 parem
3271 756 3389 794 cum
3421 741 3579 797 Patre

2001 819 2294 886 honorem,
2330 831 2386 876 et
2428 823 2619 877 servia
2663 824 2829 879 libero
2867 825 3216 882 differentiam
3266 832 3529 901 significat
3561 851 3577 886 ;

2001 926 2123 965 nam
2151 911 2256 967 hoc
2284 913 2380 967 sibi
2413 913 2525 967 vult
2559 915 2843 983 parabola;
2873 915 2923 970 id
2950 927 3032 972 est
3052 958 3066 983 ,
3101 919 3212 973 Non
3240 918 3397 976 habet
3429 933 3578 993 pote-

1999 1008 2190 1057 statem
2209 1018 2435 1069 servus;
2466 1006 2605 1075 quod
2632 1005 2894 1061 indicatur
2917 1023 3012 1076 per
3051 1009 3176 1064 illud
3195 1052 3209 1074 ,
3236 1010 3357 1066 Non
3388 1025 3577 1069 monet.

2068 1093 2126 1147 2.
2189 1093 2295 1149 Cur
2321 1104 2499 1149 autem
2525 1112 2646 1151 cum
2690 1096 2755 1151 de
2790 1097 3022 1166 peccatis
3051 1114 3351 1156 sermonem
3383 1101 3537 1159 habet
3562 1145 3578 1167 ,

1999 1181 2214 1236 domum
2249 1186 2602 1239 memoravit?
2625 1185 2691 1241 Ut
2719 1187 3023 1242 ostenderet
3052 1189 3189 1243 sicut
3211 1190 3261 1244 in
3293 1191 3452 1248 domo
3481 1195 3580 1248 ha-

2001 1274 2092 1327 bet
2121 1273 2283 1328 herus
2306 1315 2321 1340 ,
2352 1276 2430 1329 sic
2454 1290 2512 1330 se
2544 1276 2595 1329 in
2623 1276 2800 1331 omnia
2830 1288 3146 1346 potestatem
3192 1280 3409 1338 habere.
3443 1284 3577 1340 Illud

1999 1379 2147 1431 vero,
2175 1363 2292 1419 Non
2314 1376 2502 1435 manet,
2525 1367 2577 1421 id
2600 1377 2681 1422 est
2701 1410 2714 1435 ,
2746 1385 2850 1423 non
2882 1370 3038 1425 habet
3066 1371 3320 1441 largiendi
3347 1386 3582 1445 potesta-

2002 1463 2130 1522 tem,
2163 1456 2302 1526 quod
2336 1473 2439 1511 non
2488 1458 2555 1513 sit
2596 1458 2788 1523 herus;
2824 1461 2962 1516 ﬁlius
2992 1478 3153 1532 porro
3186 1464 3345 1521 herus
3374 1480 3494 1522 est:
3525 1471 3576 1524 id

2000 1545 2143 1598 enim
2175 1546 2439 1616 signiﬁcat
2470 1548 2601 1603 illud
2624 1590 2640 1614 ,
2675 1548 2851 1604 Manet
2888 1551 2940 1605 in
2967 1552 3212 1607 uetulum
3236 1595 3250 1620 ,
3284 1559 3577 1614 secundum

1999 1634 2348 1691 bttmanarum
2379 1653 2556 1693 rerum
2600 1641 2965 1709 metaphoram
2994 1659 3006 1694 :
3034 1659 3099 1698 ne
3124 1644 3323 1713 dicant,
3353 1648 3429 1703 Tu
3459 1650 3578 1720 quis

1999 1726 2100 1781 es?
2129 1726 2240 1780 Mea
2268 1735 2393 1781 sunt
2417 1730 2615 1795 omnia;
2648 1730 2810 1784 Filius
2835 1733 2975 1786 enim
3007 1748 3122 1788 sum
3146 1776 3159 1801 ,
3191 1744 3244 1790 et
3274 1738 3325 1791 in
3357 1749 3575 1808 paterna

1998 1817 2158 1871 domo
2198 1832 2388 1873 maneo
2427 1836 2441 1872 :
2470 1818 2687 1875 domum
2723 1832 2876 1877 vocat
2906 1834 3244 1893 potestatem.
3292 1829 3421 1883 Nam
3451 1833 3575 1887 alibi

1996 1922 2207 1977 quoque
2245 1907 2461 1963 domum
2508 1910 2679 1965 Patris
2707 1922 2859 1966 vocat
2905 1915 3255 1986 principatum
3291 1932 3303 1971 :
3337 1918 3403 1973 In
3428 1921 3578 1977 domo

2000 1997 2172 2052 Patris
2198 2000 2294 2053 mei
2320 2001 2604 2056 mansiones
2647 2004 2820 2057 multo!
2847 2014 2964 2058 sunt
2997 2004 3175 2076 (Joan.
3212 2009 3297 2063 H.
3332 2010 3413 2081 2).
3441 2011 3572 2068 Nam

1996 2104 2117 2145 cum
2148 2090 2217 2145 de.
2244 2091 2488 2147 libertate
2513 2101 2567 2147 et
2608 2093 2675 2149 de
2713 2096 2969 2150 servitute
3002 2097 3070 2159 sit
3099 2112 3296 2166 sermo,
3323 2102 3443 2170 jure
3474 2103 3575 2158 hac

1996 2197 2123 2237 usus
2152 2191 2234 2237 est
2261 2182 2593 2253 metaphora,
2624 2182 2810 2239 dicens
2834 2185 2954 2239 illos
2986 2204 3089 2241 non
3118 2187 3365 2245 ltahttiSsc
3394 2193 3576 2246 dimit-

1996 2271 2136 2326 tendi
2176 2282 2510 2342 potestatem.
2549 2273 2638 2329 '56.
2674 2275 2736 2329 Si
2773 2292 2889 2347 ergo
2931 2275 3096 2332 Filius
3135 2296 3219 2333 vos
3272 2281 3573 2339 liberaret-it.

1996 2361 2182 2417 Viden’
2205 2380 2325 2417 eum
2356 2364 2494 2419 Patri
2525 2380 2646 2420 esse
2668 2367 3196 2435 consubstantialem,
3225 2381 3277 2427 et
3302 2377 3571 2443 quomodo

1994 2454 2241 2509 ostendat
2268 2471 2324 2511 se
2353 2472 2535 2527 parem
2564 2457 2763 2514 habere
2803 2464 3159 2529 potestatem?
3190 2464 3252 2518 Si
3289 2482 3374 2520 vos
3405 2466 3573 2521 Filius

1994 2545 2292 2611 liberaverit,
2318 2563 2473 2603 nemo
2492 2549 2821 2606 contradicet
2845 2552 3093 2621 amplius,
3122 2555 3216 2611 sed
3243 2556 3446 2613 ﬁrmam
3482 2559 3573 2613 Ita-

1995 2639 2188 2720 bcbitis
2219 2642 2536 2697 libertatem.
2558 2642 2690 2697 Nam
2714 2642 2850 2697 Deus
2877 2654 2946 2698 est
2971 2647 3337 2717 qnijusti/icat,
3364 2653 3475 2720 quis
3498 2662 3572 2706 est

1991 2733 2076 2800 qui
2123 2733 2453 2786 condemnet?
2485 2734 2579 2787 llic
2627 2749 2655 2787 a
2696 2744 2914 2803 precata
2957 2750 3017 2791 se
3062 2753 3248 2807 purum
3298 2742 3574 2810 ostendit,

1993 2824 2243 2892 illamque
2274 2824 2537 2893 signiﬁcat
2558 2841 2676 2894 qme
2704 2829 2918 2881 nomine
2950 2837 3105 2882 tenus
3134 2839 3218 2884 est
3244 2830 3566 2897 libertatem,

1990 2930 2147 2983 quant
2179 2915 2308 2968 dant
2350 2914 2592 2969 homines
2622 2933 2634 2968 :
2665 2915 2807 2970 illam
2855 2931 2980 2971 vero
3009 2919 3198 2984 aliam,
3230 2921 3374 2975 solus
3410 2923 3568 2981 Deus.

2000 3005 2134 3058 llinc
2165 3005 2269 3058 illis
2295 3005 2482 3059 suadet
2507 3021 2575 3061 ne
2604 3017 2819 3075 propter
2847 3006 2984 3062 hanc
3028 3012 3339 3066 servitutem
3372 3014 3567 3069 erube-

1990 3104 2141 3150 scant
2162 3137 2176 3160 ,
2207 3098 2300 3151 sed
2333 3107 2551 3166 propter
2594 3099 2792 3167 peccati
2825 3100 3154 3153 servitutem.
3186 3101 3253 3155 Et
3278 3105 3567 3160 ostendere

1992 3189 2173 3242 volens
2204 3191 2344 3258 ipsos
2364 3231 2377 3253 ,
2409 3191 2505 3243 etsi
2536 3190 2674 3244 servi
2709 3205 2813 3243 non
2842 3191 2984 3254 sint,
3011 3192 3133 3261 quia
3160 3192 3300 3247 illam
3346 3212 3567 3266 respue-

1989 3288 2113 3332 runt
2163 3281 2506 3343 servitutem,
2556 3280 2724 3349 magis
2765 3289 2941 3334 tamen
2991 3296 3177 3336 servos
3222 3284 3386 3339 factos
3417 3301 3567 3352 esse,

1988 3371 2167 3422 statim
2211 3370 2418 3435 intulit,
2480 3368 2601 3424 Vere
2645 3370 2787 3423 liberi
2830 3371 3005 3434 eritis;
3056 3372 3284 3442 indeque
3336 3376 3572 3431 declarat

1991 3459 2127 3514 hanc
2157 3476 2260 3513 non
2289 3476 2407 3514 esse
2434 3475 2610 3513 veram
2657 3461 2970 3515 libertatem.
3009 3463 3205 3517 Deinde
3235 3480 3301 3519 ne
3330 3465 3569 3521 dicerent

1989 3564 2047 3604 se
2093 3560 2367 3620 peccatum
2412 3567 2516 3604 non
2571 3551 2955 3620 habere(nam
2998 3553 3252 3608 credibile
3297 3567 3411 3609 erat
3462 3559 3567 3611 hoe

1991 3656 2111 3695 esse
2142 3641 2376 3695 dicturos
2404 3641 2422 3711 )
2447 3682 2462 3707 ,
2489 3640 2609 3695 vide
2634 3642 2900 3710 quomodo
2932 3643 3048 3697 illos
3079 3654 3312 3699 accuset.
3344 3646 3571 3701 Omissis

1990 3731 2200 3786 CtPlet'ls
2245 3732 2297 3784 in
2342 3732 2557 3784 illorum
2602 3733 2709 3785 vita
2756 3733 3140 3801 reprobandis,
3194 3733 3295 3789 hoc
3325 3737 3567 3801 facinus,

1990 3821 2129 3891 quod
2167 3821 2276 3890 jam
2325 3820 2628 3890 agitabant,
2672 3821 2723 3874 in
2770 3821 3002 3876 medium
3051 3823 3302 3878 adducit:
3332 3826 3417 3879 57.
3450 3826 3571 3881 Scio

1990 3914 2107 3982 quia
2152 3930 2315 3967 semen
2356 3912 2571 3967 (lbra/tte
2596 3914 2745 3979 estis,
2778 3915 2865 3967 sed
2890 3916 3111 3980 quau-itis
3149 3934 3226 3970 me
3266 3919 3565 3986 interﬁcere.

1991 4005 2197 4059 Sensim
2230 4005 2374 4073 ejieit
2405 4003 2521 4057 illos
2545 4004 2612 4057 ab
2641 4005 2868 4057 Ahrahm
2889 4007 3203 4073 cognatione
3231 4008 3338 4071 illa,
3369 4009 3570 4063 docens

1993 4111 2059 4150 ne
2098 4097 2262 4149 altum
2297 4096 2383 4149 illa
2411 4095 2477 4149 de
2504 4111 2562 4149 re
2608 4104 2879 4164 saperent.
2923 4096 3073 4149 Sicut
3100 4098 3240 4150 enim
3274 4099 3487 4154 libertas
3516 4110 3572 4155 et

1991 4187 2223 4240 servitus
2252 4186 2318 4239 ab
2347 4185 2596 4255 operibus
2642 4185 2907 4253 pendent,
2961 4186 3030 4239 ita
3061 4196 3114 4241 et
3158 4191 3426 4258 cognatio.
3461 4191 3571 4247 Nec

1992 4278 2168 4331 statim
2194 4258 2366 4342 dixit,
2416 4276 2528 4329 Non
2552 4276 2678 4330 estis
2708 4275 2798 4330 ﬁlii
2840 4277 3069 4343 Abrahae.
3114 4279 3254 4334 illius
3278 4282 3441 4351 justi,
3474 4301 3572 4341 vos

1994 4367 2307 4432 homicidae;
2354 4367 2446 4421 sed
2491 4382 2611 4421 cum
2655 4367 2757 4421 illis
2800 4367 2973 4422 adhuc
3011 4381 3269 4425 consonat
3299 4372 3568 4443 dicitque,

1995 4459 2116 4512 Scio
2144 4459 2262 4528 quia
2309 4475 2477 4513 semen
2522 4459 2741 4513 Abrahae
2783 4461 2927 4521 estis:
2971 4476 3155 4516 verum
3207 4479 3310 4518 non
3344 4465 3445 4521 hoc
3488 4480 3571 4524 est

1994 4551 2131 4619 quod
2160 4551 2416 4620 qu:critur
2445 4568 2457 4604 :
2488 4559 2542 4605 et
2582 4550 2691 4619 jam
2737 4551 2979 4621 asperius
3024 4552 3074 4605 in
3116 4553 3238 4609 illos
3278 4556 3563 4612 invehitur.

1995 4642 2202 4695 Etenim
2236 4652 2291 4695 ut
2332 4644 2615 4711 plurimum
2658 4642 3052 4698 observandum
3096 4655 3215 4707 est,
3247 4650 3417 4718 ipsum
3448 4665 3572 4704 cum
3616 4647 3622 4652 ’

1996 4749 2242 4802 magnum
2275 4734 2541 4804 quidpiam
2570 4744 2651 4789 est
2678 4745 3014 4803 operaturtts,
3048 4746 3324 4807 postquam
3353 4742 3401 4795 id
3435 4742 3577 4799 fece-

1992 4824 2081 4888 rit,
2106 4826 2307 4892 majore
2339 4826 2408 4878 uti
2440 4826 2684 4894 loquendi
2715 4826 2925 4891 ﬁducia,
2950 4837 3131 4896 utpote
3153 4844 3271 4884 cum
3302 4832 3411 4901 ipsa
3442 4850 3559 4902 epe-

1992 4931 2049 4968 ra
2082 4917 2440 4971 eoutentiosos
2468 4918 2779 4986 reprimant.
2806 4918 2910 4972 Sed
2926 4921 3149 4988 qmeritis
3171 4938 3247 4974 me
3267 4923 3569 4990 inter/icere.

1993 5009 2149 5076 Quid,
2178 5010 2220 5062 si
2244 5011 2422 5077 justo?
2454 5010 2521 5063 At
2547 5025 2650 5063 non
2679 5009 2754 5064 sic
2793 5026 2850 5064 se
2882 5026 2968 5065 res
2999 5012 3154 5067 habet
3193 5030 3209 5068 :
3247 5010 3573 5083 quapropter

1993 5115 2206 5154 causam
2239 5100 2328 5153 ille
2353 5100 2525 5164 alfert,
2556 5101 2676 5168 quia
2718 5101 2900 5155 Sermo
2944 5119 3081 5155 mens
3111 5119 3208 5155 non
3234 5103 3370 5168 capit
3399 5102 3449 5154 in
3482 5120 3565 5156 vo-

1993 5192 2084 5245 bis.
2115 5191 2392 5259 Quomodo
2422 5207 2548 5260 crgo
2573 5193 2646 5246 ait
2676 5193 2729 5245 in
2782 5193 2953 5261 ipsum
2991 5193 3319 5246 credidisse?
3346 5193 3567 5258 Verum,

1993 5295 2049 5338 ttt
2076 5285 2182 5338 dixi
2205 5327 2218 5351 ,
2263 5286 2452 5339 iterum
2482 5284 2668 5337 mutati
2714 5284 2940 5337 fuerant.
2990 5284 3111 5336 Ideo
3143 5284 3486 5337 vehementer
3514 5286 3564 5339 in

1994 5376 2114 5430 illos
2145 5376 2430 5430 invehitur.
2461 5374 2587 5430 Nam
2614 5375 2656 5427 si
2693 5374 2759 5427 de
2786 5374 3098 5442 cognatione
3124 5373 3208 5425 illa
3233 5373 3565 5441 gloriamini,

1993 5481 2047 5523 ut
2076 5470 2179 5523 vita
2209 5476 2467 5523 consonet
2492 5475 2720 5535 oportet.
2752 5465 2856 5519 Nec
2885 5465 3036 5526 dixit,
3072 5464 3185 5518 Non
3210 5465 3401 5533 capitis
3431 5483 3568 5521 vero

1994 5562 2144 5622 bum;
2184 5559 2299 5620 sed,
2333 5559 2510 5612 Sermo
2535 5573 2671 5609 meus
2704 5572 2801 5608 non
2833 5556 2964 5623 capit
2990 5555 3042 5607 in
3073 5555 3228 5620 vobis,
3258 5555 3564 5625 dogmatunt

1991 5664 2205 5703 suorum
2246 5646 2622 5700 sublimitatem
2664 5645 2957 5699 dwclarans.
2994 5645 3152 5714 Atqui
3198 5660 3299 5700 non
3341 5646 3459 5700 ideo
3489 5647 3568 5701 in-

1999 5740 2240 5796 terﬁcere
2273 5737 2541 5807 Oportuit;
2595 5736 2701 5790 imo
2745 5737 2920 5807 potius
2966 5737 3228 5793 honorare
3273 5737 3569 5793 ctcolerei
