4072 6152
487 271 592 324 εει)

491 384 555 438 Ut
587 384 871 437 discerent.
907 378 1010 434 Sed
1036 376 1182 446 quid,
1213 376 1256 430 si
1289 385 1397 428 tua
1428 374 1706 442 tetnctipso
1731 372 1846 426 hcce
1876 372 2060 441 loque-

489 475 562 526 ris
588 515 600 536 ,
636 483 691 525 ut
727 471 841 524 haec
887 467 1175 538 pnevcniat
1199 508 1212 526 .
1250 467 1323 518 ait
1353 482 1365 517 :
1392 464 1480 519 53.
1515 464 1643 531 Qua:
1671 480 1760 534 ego
1786 459 1889 516 vidi
1930 460 2070 531 apud

488 565 695 618 Patrem
725 577 912 623 meum,
937 561 1042 614 hazc
1073 558 1249 628 loquor
1269 575 1287 612 :
1319 566 1364 611 et
1407 573 1490 610 vos
1530 572 1641 625 qua:
1685 554 1898 609 audistis
1930 553 2070 623 apud

488 667 681 726 patrem
712 665 927 708 vestrum
950 695 963 718 ,
999 652 1186 723 facitis.
1221 650 1285 705 Ut
1324 664 1442 719 ego,
1477 649 1666 718 inquit,
1696 656 1750 702 et
1779 662 1837 701 re
1867 655 1921 700 ct
1947 661 2068 699 ver-

487 747 569 800 bis
599 746 822 801 ostendo
855 746 1090 808 Patrem,
1117 744 1184 796 ita
1215 751 1392 819 ctqvos
1422 756 1479 794 re
1510 749 1734 793 tantum.
1763 738 1876 792 Non
1911 737 2070 791 modo

484 839 626 892 enim
655 836 896 890 eamdem
929 833 1300 896 substantiam,
1332 831 1426 886 sed
1453 830 1695 886 eamdem
1727 844 1884 898 quam
1912 828 2068 882 Pater

488 929 763 982 veritatem
798 926 987 980 habeo.
1017 925 1107 979 59.
1139 921 1325 975 Dicunt
1353 923 1396 976 ei
1424 939 1441 975 :
1471 921 1580 974 Nos
1611 933 1808 991 patrem
1833 919 2068 972 habemus

487 1019 762 1073 Abraham.
787 1018 918 1071 Dicit
938 1019 1006 1071 eis
1023 1017 1171 1070 Iesus
1192 1033 1210 1070 :
1234 1017 1294 1070 Si
1309 1025 1500 1086 patrem
1522 1013 1765 1067 haberetis
1790 1012 2064 1078 Abraham,

486 1129 640 1181 opera
667 1113 774 1182 ejus
796 1114 1042 1182 faceretis.
1067 1110 1154 1163 40.
1188 1109 1240 1162 Ν
1245 1126 1338 1161 unc
1365 1118 1531 1160 autem
1570 1106 1790 1176 qureritis
1816 1121 1894 1157 me
1915 1105 2068 1157 inter-

488 1205 657 1273 ﬁcere.
689 1203 1020 1273 Frequenter
1044 1202 1128 1258 hic
1159 1201 1370 1255 illorttm
1403 1199 1799 1270 sanguinarium
1831 1197 2063 1252 animum

486 1296 754 1366 exagitat,
806 1306 860 1348 et
907 1292 1266 1348 Abrahamum
1309 1297 1696 1346 commemorat
1729 1306 1740 1340 :
1773 1288 1970 1358 idque,
2009 1294 2067 1341 ut

487 1387 608 1442 illos
632 1387 699 1440 ab
725 1385 822 1439 hac
848 1384 1163 1453 cognatione
1192 1382 1415 1437 abducat
1440 1423 1454 1447 ,
1487 1389 1539 1435 et
1568 1378 1891 1450 superﬂuam
1919 1378 2064 1433 illam

482 1480 786 1549 iactantiam
813 1477 1039 1541 auferat,
1073 1476 1397 1546 suadentque
1428 1491 1496 1530 ne
1527 1475 1614 1528 illa
1638 1474 1690 1528 in
1715 1489 1772 1527 re
1798 1487 1947 1541 spem
1975 1485 2064 1526 sa-

483 1573 606 1626 lutis
633 1571 901 1636 habeant,
933 1584 1106 1640 neque
1150 1572 1201 1622 in
1244 1567 1561 1638 cognatione
1608 1574 1814 1618 naturae
1838 1605 1851 1628 ,
1886 1561 1980 1617 sed
2009 1562 2061 1615 in

484 1665 800 1735 cognatione
829 1663 1107 1732 propositi.
1137 1662 1247 1715 Hoc
1266 1661 1407 1714 enim
1438 1659 1554 1712 illos
1580 1656 1905 1726 impediebat
1933 1667 2062 1724 quo-

484 1756 662 1810 minus
683 1755 748 1807 ad
770 1753 1044 1807 Christum
1070 1751 1408 1812 accederent,
1433 1747 1572 1816 quod
1597 1752 1844 1815 putarent
1868 1758 2064 1814 cogna-

485 1847 682 1900 tionem
716 1845 871 1898 Ialetn
904 1843 1008 1897 illis
1038 1857 1158 1896 esse
1185 1842 1314 1896 satis
1342 1840 1407 1894 ad
1450 1840 1692 1894 salutem.
1723 1838 1893 1906 Quam
1919 1835 2058 1889 veri-

484 1944 643 1990 tatem
673 1935 831 1989 dicit?
857 1933 1010 2000 Quod
1043 1934 1112 1986 sit
1140 1933 1356 1996 tequalis
1384 1929 1546 1984 Patri.
1594 1929 1717 1984 Ideo
1740 1929 1881 1984 enim
1909 1942 2060 1996 qua:-

483 2027 668 2081 rebaut
705 2025 849 2079 illum
888 2024 1057 2079 ludrei
1090 2021 1418 2086 interﬁcere,
1463 2031 1516 2076 ut
1551 2022 1622 2075 ait
1668 2022 1791 2076 ille:
1823 2017 2062 2086 Quaeritis

482 2135 560 2170 me
581 2118 877 2185 inter/icere,
900 2119 1018 2187 quia
1039 2117 1297 2170 veritatem
1324 2115 1462 2168 vobis
1491 2112 1724 2184 loquutus
1751 2130 1884 2179 sum,
1907 2129 2057 2183 quant

481 2210 650 2262 audivi
696 2226 727 2260 a
778 2208 932 2262 Patre
981 2225 1108 2261 meo.
1140 2205 1580 2261 Ostendenshzec
1612 2221 1716 2258 non
1745 2219 1866 2259 esse
1911 2203 2055 2258 Patri

480 2301 742 2354 contraria
763 2340 778 2365 ,
810 2313 994 2353 rursus
1040 2297 1106 2352 ad
1157 2297 1305 2351 illum
1334 2297 1589 2365 confugit.
1629 2297 1718 2350 4|.
1752 2294 1938 2348 Dicunt
1968 2294 2014 2348 ei
2039 2307 2058 2348 :

481 2391 594 2446 Nos
621 2409 683 2446 ea:
708 2392 1037 2463 fornicatione
1064 2407 1161 2444 non
1184 2406 1358 2444 sumus
1383 2389 1522 2453 nati;
1546 2405 1704 2441 unum
1732 2385 1939 2441 Patrem
1963 2387 2060 2440 hac

481 2484 672 2547 bemus,
694 2483 873 2537 Deum.
893 2481 1028 2548 Quid
1046 2480 1259 2535 dicitis?
1276 2479 1382 2535 Vos
1405 2480 1611 2533 Patrem
1633 2477 1840 2534 habetis
1867 2476 2055 2542 Deum,

479 2575 811 2631 ctChristum
838 2573 1091 2627 incusatis
1114 2573 1212 2626 hoc
1225 2571 1526 2626 dicentem?
1555 2569 1737 2624 Vidcn‘
1755 2569 1901 2623 illum
1923 2584 2060 2639 prte-

479 2668 634 2734 cipuo
657 2665 884 2730 quodam
901 2663 1060 2718 modo
1081 2663 1278 2718 dixisse
1304 2663 1469 2717 Deum
1497 2678 1614 2717 esse
1640 2663 1848 2716 Patrem
1869 2660 2059 2716 seum?

551 2757 604 2809 '5.
635 2755 765 2822 Quia
799 2755 954 2823 igitur
995 2753 1112 2807 illos
1141 2768 1205 2808 ex
1238 2753 1466 2807 Abrahae
1504 2753 1823 2822 cognatione
1859 2750 2054 2821 ejccit;

480 2862 599 2901 (‘Ilnl
643 2845 770 2900 nihil
817 2845 1046 2900 habeant
1087 2845 1226 2914 quod
1267 2845 1552 2913 objiciant,
1602 2844 1741 2898 aliud
1786 2844 2054 2913 quidpiam

481 2939 652 3008 majus
678 2938 875 2993 audent
907 2937 973 2991 ad
1015 2938 1182 2992 Deum
1210 2953 1268 2992 se
1295 2938 1604 2992 referentes.
1636 2937 1740 2991 Sed
1770 2937 1870 2990 hoc
1893 2937 2055 2991 etiam

480 3031 682 3086 honore
715 3032 834 3086 illos
861 3030 1044 3098 dejicit
1071 3030 1252 3084 dicens
1282 3047 1295 3082 :
1322 3029 1408 3084 42.
1450 3029 1510 3084 Si
1552 3028 1684 3081 Deus
1723 3039 1864 3099 pater
1903 3040 2060 3082 vester

479 3133 622 3185 esset,
653 3121 926 3190 diligeretis
954 3120 1118 3188 utique
1142 3135 1237 3183 me,
1259 3120 1376 3188 quia
1401 3135 1490 3189 ego
1521 3136 1582 3172 ea:
1603 3117 1712 3172 Deo
1739 3119 1884 3182 ea'ivi,
1908 3129 1954 3172 et
1980 3135 2060 3172 ve-

481 3214 564 3264 nio
596 3228 614 3264 :
641 3228 797 3280 neque
825 3228 855 3263 a
885 3211 1071 3279 meipso
1097 3212 1226 3276 veni,
1257 3211 1345 3263 sed
1368 3211 1453 3264 ille
1481 3227 1559 3264 me
1591 3212 1741 3264 misit.
1771 3213 1858 3266 4⁸5.
1893 3210 2060 3276 Quare

481 3303 730 3371 loquelam
764 3317 925 3355 meam
959 3318 1058 3355 non
1092 3303 1420 3372 cognoscitis?
1450 3303 1582 3369 Quia
1607 3320 1705 3356 non
1731 3304 1934 3372 potestis
1967 3320 2060 3356 att-

481 3393 590 3446 dire
609 3407 885 3446 sermonem
909 3407 1090 3445 meum.
1122 3393 1213 3448 bl.
1255 3390 1352 3445 Vos
1374 3408 1436 3445 ex
1455 3402 1597 3462 patre
1620 3393 1819 3446 diabolo
1847 3394 1980 3456 estis,
2009 3402 2056 3446 et

481 3483 726 3537 desideria
753 3483 912 3552 patris
939 3483 1084 3536 vestri
1124 3482 1270 3535 vultis
1312 3482 1496 3550 facere.
1542 3482 1643 3536 Ille
1671 3483 1923 3536 homicida
1950 3493 2058 3536 erat

479 3579 541 3628 ab
567 3576 738 3642 initio,
768 3585 814 3628 et
840 3576 892 3628 in
918 3575 1124 3628 veritate
1149 3591 1249 3628 non
1273 3575 1422 3628 stetit.
1453 3574 1576 3628 Cum
1601 3575 1821 3646 loquitur
1851 3574 2056 3661 menda-

481 3671 652 3729 cium,
683 3682 747 3720 ex
776 3667 994 3736 propriis
1020 3667 1258 3737 loquitur.
1302 3666 1538 3722 Exclusit
1565 3682 1657 3722 eos
1683 3683 1712 3722 a
1744 3668 2059 3738 cognatione

482 3758 738 3823 Abl'allm;
769 3767 822 3811 et
851 3758 969 3827 quia
1000 3758 1201 3826 majora
1227 3757 1340 3813 ausi
1367 3767 1512 3824 sunt,
1546 3767 1669 3814 tunc
1697 3759 1912 3816 demum
1941 3760 2056 3830 pla-

480 3866 599 3918 gain
629 3849 834 3919 infligit,
859 3863 978 3903 eum
1008 3849 1138 3902 dicit
1157 3862 1249 3902 eos
1271 3863 1376 3902 non
1402 3848 1560 3903 modo
1580 3865 1643 3904 ex
1669 3851 1934 3905 Abraham
1953 3867 2056 3906 non

480 3955 620 4002 esse,
655 3939 746 3993 sed
770 3938 928 3993 etiam
959 3954 1024 3994 ex
1055 3937 1268 3993 diabolo
1297 3954 1436 4004 esse,
1467 3939 1807 4009 impudentia:
1833 3957 1928 4010 par
1943 3943 2059 3995 vul-

480 4046 580 4084 nus
609 4029 884 4099 inﬂigens;
915 4044 1088 4099 neque
1117 4028 1169 4084 id
1197 4028 1312 4084 sine
1336 4029 1672 4094 teSIimonio,
1705 4030 1798 4085 sed
1823 4030 2058 4086 adhibita

480 4121 812 4191 probatione.
863 4121 1166 4177 Interlicere
1209 4121 1388 4185 enim,
1430 4121 1634 4192 inquit,
1671 4122 1946 4178 diabolica:
1977 4133 2060 4179 εει

479 4213 714 4268 malitia).
751 4213 864 4269 Nec
887 4215 1198 4284 simpliciter
1227 4229 1386 4283 Opera
1415 4213 1547 4268 dixit
1571 4256 1585 4279 ,
1628 4214 1720 4270 sed
1753 4213 2055 4279 Desideria;

479 4307 768 4361 ostendens
798 4316 852 4362 et
885 4307 1152 4362 diabolum
1182 4316 1234 4362 et
1261 4306 1474 4361 Iudaeos
1499 4307 1734 4362 eaedihus
1761 4323 1880 4362 esse
1907 4307 2059 4362 debi-

479 4406 560 4451 tos
580 4437 598 4465 ,
628 4398 785 4468 idque
815 4398 1023 4453 invidia:
1051 4413 1231 4452 causa.
1265 4399 1526 4452 Adamum
1557 4400 1696 4453 enim
1724 4399 1917 4454 occidit
1949 4416 2053 4452 non

479 4486 583 4539 alia
612 4503 768 4556 quam
806 4487 1015 4540 invidia:
1042 4502 1220 4541 causa.
1251 4487 1362 4540 IIoc
1389 4496 1443 4541 ει
1469 4503 1609 4541 nunc
1635 4504 1844 4556 quoque
1869 4488 2054 4543 subin-

483 4576 644 4629 tlicat.
679 4576 746 4630 Et
775 4577 828 4628 in
856 4576 1060 4628 veritate
1089 4593 1189 4628 non
1213 4577 1380 4640 stetit;
1411 4575 1460 4629 id
1497 4586 1578 4628 est
1598 4618 1612 4639 ,
1647 4580 1696 4629 in
1728 4578 1846 4631 vita:
1880 4578 2056 4646 probi-

481 4678 603 4721 tate.
635 4668 767 4733 Quia
794 4667 935 4720 enim
958 4667 1101 4718 illum
1125 4665 1430 4734 frequenter
1457 4667 1765 4720 incusabant
1788 4668 1925 4736 quod
1951 4685 2054 4722 non

477 4769 620 4814 esset
647 4774 713 4815 ex
746 4759 852 4812 Deo
877 4799 890 4821 ,
923 4759 1047 4811 dicit
1080 4758 1180 4812 hoc
1209 4757 1331 4812 inde
1361 4759 1658 4826 provenire.
1703 4759 1797 4813 Ille
1828 4774 2056 4828 namque

480 4853 625 4922 prior
657 4852 858 4923 peperit
889 4850 1218 4905 mendacium
1240 4891 1256 4918 ,
1284 4866 1404 4905 cum
1431 4850 1563 4904 dixit
1603 4868 1617 4904 :
1653 4850 1716 4905 In
1745 4868 2055 4921 quacumque

475 4949 556 5001 die
581 4947 916 5012 comederitis,
946 4945 1234 5015 aperientur
1253 4945 1386 4999 oculi
1414 4945 1560 4997 vestri
1587 4944 1735 5016 (Gen.
1769 4946 1818 4999 '5.
1851 4945 1926 5013 5).
1962 4944 2054 4999 Ille

474 5039 674 5109 primus
703 5037 978 5092 mendacio
1005 5045 1086 5091 est
1117 5051 1261 5090 usus.
1293 5037 1544 5090 llomincs
1571 5037 1712 5090 enim
1741 5036 1830 5090 illo
1861 5045 1916 5090 ut
1947 5052 2050 5088 non

472 5133 569 5186 sibi
615 5131 828 5200 proprio
864 5139 1100 5195 utuntur,
1132 5128 1224 5182 sed
1253 5138 1308 5182 ut
1336 5128 1542 5192 alieno;
1588 5128 1673 5182 hic
1716 5141 1765 5181 ut
1807 5128 2041 5198 proprio.
2109 5189 2111 5191 ι

471 5224 558 5278 45.
595 5223 703 5295 Ego
729 5235 896 5277 autem
935 5224 1053 5293 quia
1087 5223 1339 5275 veritatem
1370 5224 1515 5287 dico,
1547 5238 1644 5275 non
1674 5222 1873 5275 creditis
1905 5221 2046 5272 mihi.

469 5314 582 5380 Qua
626 5316 1004 5384 consequentia
1047 5313 1254 5382 arguit?
1297 5311 1449 5366 Nulla
1497 5313 1672 5366 oblata
1710 5313 2048 5366 accuSatione

469 5406 626 5457 vultis
653 5422 738 5459 me
768 5407 1086 5461 interficere.
1111 5406 1241 5472 Quia
1265 5406 1404 5460 enim
1430 5405 1626 5460 inimici
1649 5407 1880 5458 veritatis
1899 5406 2045 5468 estis,

471 5495 588 5549 ideo
617 5511 699 5549 me
728 5497 1100 5564 persequimiui
1133 5515 1146 5548 :
1177 5498 1258 5551 sin
1302 5499 1475 5550 minus
1499 5539 1515 5562 ,
1557 5507 1828 5564 peceatum
1871 5512 2044 5549 meum

469 5584 647 5636 dicite.
693 5585 815 5635 Ideo
856 5585 1021 5651 pergit
1051 5603 1063 5636 :
1093 5586 1182 5639 46.
1219 5586 1343 5651 Quis
1386 5603 1446 5640 ex
1487 5587 1621 5640 vobis
1658 5597 1830 5656 arguet
1870 5602 1945 5638 me
1985 5587 2046 5637 de

466 5685 670 5747 peccato
689 5679 713 5732 Ρ
734 5673 864 5729 llinc
891 5675 963 5730 illi
988 5692 999 5726 :
1032 5672 1137 5726 Nos
1161 5693 1220 5730 ea:
1244 5679 1574 5746 fornicatione
1596 5680 1696 5731 nati
1723 5695 1820 5732 non
1848 5695 2038 5731 sumus.

1236 263 1289 318 S.
1328 259 1603 315 JOANNIS
1625 253 2096 314 CIIRYSOSTOMI
2135 254 2455 314 ARCIIIEP.
2496 259 3017 320 CONSTANTINOP.

3645 269 3750 323 500

2183 373 2339 442 Atqui
2364 375 2511 429 multi
2540 391 2605 430 ex
2636 375 2985 435 fornicatione
3016 379 3124 435 uati
3150 389 3325 451 erant,
3355 391 3540 454 utpote
3567 384 3765 444 illicitis

2180 458 2407 517 coitibus
2442 467 2637 519 assueti
2670 484 2683 520 :
2715 483 2898 522 verum
2930 484 3032 522 non
3066 466 3184 524 ideo
3209 473 3416 542 arguit,
3445 472 3538 528 sed
3574 476 3624 530 in
3659 476 3763 533 hoc

2182 553 2391 609 institit.
2441 555 2574 622 Quia
2617 558 2758 612 enim
2803 560 3110 615 ostenderat
3137 561 3253 616 illos
3280 580 3384 617 non
3414 579 3478 618 ex
3511 559 3637 631 Iieo,
3669 569 3761 624 sed

2180 660 2247 699 ex
2270 644 2480 700 diabolo
2503 663 2641 714 esse,
2668 664 2734 702 ex
2768 648 2849 704 his
2875 652 3121 706 omnibus
3150 651 3407 722 procedit.
3438 655 3566 711 Nam
3599 654 3762 713 inter-

2181 736 2360 802 ﬁcere,
2383 738 2698 794 diabolieum
2723 750 2824 806 est,
2853 750 2909 794 ut
2937 751 2989 795 ει
3020 743 3232 798 mentiri
3258 786 3272 808 ,
3305 747 3445 816 quod
3480 759 3763 819 utrumque

2181 828 2372 882 facitis.
2402 829 2646 885 Ostendit
2677 848 2803 888 vero
2827 851 2890 887 ex
2919 851 3100 888 amore
3127 837 3334 903 probari
3368 837 3670 911 quempiam
3695 859 3760 896 ex

2181 919 2289 974 Deo
2315 935 2452 975 csse.
2489 920 2657 986 Quare
2686 923 2930 992 loquelam
2959 941 3116 977 meam
3145 943 3243 980 non
3264 932 3598 998 cognoscitis?
3627 934 3757 986 Cum

2178 1016 2318 1069 enim
2358 1031 2570 1086 semper
2596 1018 2901 1074 dubitarent
2927 1021 3268 1092 dicerentque
3303 1041 3316 1076 :
3348 1022 3484 1090 Quid
3518 1035 3589 1078 est
3626 1024 3762 1095 quod

2178 1109 2319 1173 dicit,
2346 1109 2458 1172 Quo
2481 1127 2570 1181 ego
2595 1112 2722 1165 vado
2744 1153 2758 1176 ,
2793 1129 2876 1166 res
2901 1130 2998 1166 non
3025 1115 3228 1183 potestis
3254 1116 3457 1169 venire?
3499 1115 3617 1169 ideo
3644 1119 3716 1170 ait
3741 1135 3754 1170 :

2179 1197 2302 1251 Non
2343 1201 2639 1269 cognoscitis
2681 1201 2931 1271 loquelam
2977 1219 3169 1268 meam,
3210 1204 3326 1272 quia
3357 1222 3632 1259 sermonem
3662 1206 3758 1261 Dei

2176 1307 2278 1345 non
2298 1292 2504 1347 habetis.
2536 1294 2695 1364 quue
2721 1295 2934 1361 accidit,
2967 1297 3086 1366 quia
3119 1312 3271 1351 mens
3292 1306 3464 1350 vestra
3497 1297 3640 1352 htuni
3670 1315 3772 1367 re:
3837 1287 3844 1292 ’

2175 1383 2271 1452 pit,
2303 1391 2356 1436 et
2394 1385 2531 1453 quod
2565 1401 2680 1440 mea
2716 1386 2868 1456 longe
2898 1389 3206 1441 sublimiora
3238 1388 3361 1441 siut.
3393 1388 3528 1455 Quid
3555 1406 3682 1459 ergo
3709 1391 3752 1444 si

2175 1475 2469 1546 intelligere
2508 1493 2612 1533 non
2659 1480 2943 1549 poterant?
2990 1479 3084 1534 Ilic
3128 1496 3232 1533 non
3276 1496 3450 1548 posse,
3483 1491 3564 1534 est
3591 1483 3750 1545 nolle,

2173 1568 2304 1635 Quia
2349 1583 2442 1622 vos
2492 1571 2560 1622 ita
2610 1570 2929 1637 instituistis,
2960 1580 3018 1625 ut
3045 1571 3235 1640 ahjecti
3264 1573 3398 1639 sitis,
3438 1573 3576 1642 quod
3620 1574 3748 1627 nihil

2171 1673 2419 1727 magnum
2454 1660 2715 1728 cogitatis.
2761 1660 2890 1728 Quia
2922 1662 3060 1715 enim
3092 1662 3337 1716 dicebant
3368 1678 3428 1717 se
3455 1663 3573 1717 ideo
3602 1649 3746 1718 illum

2173 1749 2454 1818 persequi,
2507 1749 2648 1818 quod
2701 1751 2792 1804 Dei
2836 1751 2998 1806 cultui
3044 1752 3348 1817 studerent;
3396 1753 3514 1807 ideo
3557 1754 3750 1823 ubique

2171 1841 2452 1894 ostendere
2473 1851 2712 1904 conatur,
2741 1843 2881 1912 quod
2904 1860 2960 1896 sc
2989 1846 3229 1914 persequi
3255 1848 3324 1899 sit
3354 1845 3514 1900 Deum
3546 1845 3745 1911 odisse,

2171 1943 2354 1987 contra
2386 1949 2512 1987 vero
2534 1950 2592 1988 se
2615 1950 2813 2001 amare,
2836 1937 2925 2002 sit,
2948 1938 3110 1991 Deum
3135 1955 3312 1992 nosse.
3348 1938 3515 1994 Unum
3547 1940 3749 1995 Patrem

2174 2023 2432 2089 habemus,
2467 2023 2642 2077 Deum.
2668 2023 2800 2078 IIinc
2825 2027 3046 2094 gloriam
3070 2038 3399 2096 aucupantur
3424 2029 3490 2083 ab
3522 2029 3744 2095 honore,

2172 2127 2278 2166 non
2307 2113 2372 2166 ab
2395 2113 2665 2182 operibus.
2695 2114 3039 2170 Incredulitas
3065 2133 3191 2188 ergo
3221 2127 3395 2171 vestra
3427 2119 3612 2186 probat
3641 2135 3741 2173 non

2171 2222 2258 2261 me
2284 2207 2511 2261 alienum
2542 2223 2572 2260 a
2602 2207 2708 2263 Deo
2735 2223 2884 2274 esse;
2919 2208 3009 2262 sed
3044 2225 3136 2262 vos
3167 2209 3329 2263 Deum
3362 2226 3463 2263 non
3489 2228 3664 2265 nosse.
3693 2213 3745 2265 In

2170 2313 2328 2354 causa
2348 2308 2524 2354 autem
2551 2301 2791 2370 estquod
2820 2301 3051 2364 mentiri,
3082 2310 3136 2355 ct
3158 2301 3352 2356 diaboli
3383 2317 3542 2371 Opera
3573 2303 3745 2358 fat-ere

2169 2391 2360 2445 velitis.
2412 2390 2542 2445 Illud
2589 2403 2763 2445 autem
2807 2408 2870 2445 ex
2911 2391 3120 2461 abjecto
3155 2392 3331 2445 animo
3371 2393 3742 2462 proficiscitur,

2171 2490 2228 2535 ut
2265 2482 2536 2551 apostolus
2574 2480 2744 2552 inquit
2769 2499 2781 2535 :
2805 2480 2929 2534 Cum
2971 2482 3102 2534 enim
3140 2482 3202 2534 sit
3245 2482 3371 2535 inter
3413 2499 3498 2536 vos
3537 2484 3672 2536 zelus
3701 2492 3745 2535 et

2168 2573 2414 2627 contentio
2435 2615 2449 2639 ,
2494 2588 2658 2627 nonne
2697 2573 2926 2626 carnales
2965 2574 3081 2626 estis
3116 2574 3191 2642 (I.
3218 2572 3335 2627 Cor.
3361 2574 3412 2628 '5.
3442 2574 3544 2644 5)?
3574 2575 3744 2642 Quare

2168 2675 2344 2720 autem
2377 2681 2479 2720 non
2509 2665 2764 2735 potestis?
2794 2666 2923 2732 Quia
2952 2666 3199 2720 desideria
3237 2667 3396 2735 patris
3423 2668 3570 2721 vestri
3595 2668 3742 2721 vultis

2168 2756 2364 2825 facere,
2394 2757 2442 2809 id
2471 2757 2667 2809 curatis
2687 2764 2741 2810 et
2767 2756 3108 2810 contenditis.

2239 2845 2536 2899 Judworum
2565 2862 2719 2916 opera
2747 2846 2964 2900 Abrahae
2991 2846 3223 2915 operibus
3255 2848 3525 2902 contraria.
3553 2877 3623 2886 —-
3654 2847 3742 2900 νὶ-

2169 2936 2288 2992 den‘
2314 2937 2462 2999 illud,
2495 2936 2614 2990 Non
2645 2938 2882 3007 potestis,
2914 2938 3211 3008 signilimre
3237 2939 3374 3008 quod
3404 2956 3509 2993 non
3540 2939 3742 2993 velint?

2171 3025 2282 3079 Hoc
2303 3026 2557 3080 Abraham
2581 3043 2681 3080 non
2709 3029 2842 3098 fecit.
2869 3027 2971 3082 Sed
2994 3043 3236 3098 quietiam
3261 3038 3378 3082 sunt
3403 3027 3516 3097 ejus
3541 3030 3742 3098 opera?

2167 3116 2554 3184 Mansuetudo,
2586 3118 2846 3172 modestia
2871 3159 2886 3185 ,
2927 3119 3261 3190 obsequium.
3297 3119 3399 3173 Vos
3428 3129 3611 3172 contra
3644 3121 3741 3173 iu-

2169 3207 2386 3262 humani
2409 3217 2464 3262 ct
2489 3209 2732 3263 crudeles
2754 3210 2900 3263 estis.
2945 3209 3097 3266 Unde
3125 3221 3299 3264 autem
3327 3210 3457 3264 moti
3483 3219 3640 3274 sunt,
3686 3220 3744 3265 nt

2167 3301 2234 3355 ad
2258 3301 2420 3356 Deum
2440 3301 2819 3368 confugerent?
2857 3301 2977 3356 Illos
2994 3303 3295 3358 Abrahamo
3317 3303 3559 3373 indignos
3575 3313 3746 3358 ostru-

2167 3393 2337 3447 derat.
2369 3393 2498 3450 Cum
2530 3393 2656 3448 illud
2689 3394 2856 3448 vitare
2887 3395 3120 3460 vellent,
3165 3392 3215 3448 in
3263 3393 3432 3464 majus
3473 3396 3739 3465 quidpiam

2167 3486 2540 3541 ascenderunt.
2571 3487 2704 3541 Cum
2726 3487 2867 3541 enim
2891 3487 3062 3542 credes
3084 3487 3188 3543 illis
3209 3487 3573 3557 exprobraret,
3594 3488 3742 3557 quasi

2166 3581 2231 3636 ad
2259 3580 2620 3638 defensionem
2647 3580 2828 3635 dicunt
2853 3595 2912 3635 se
2938 3581 3099 3634 Deum
3124 3581 3322 3636 ulcisci.
3353 3582 3593 3636 Ostendit
3619 3597 3744 3650 ergo

2167 3673 2296 3728 illud
2325 3674 2494 3743 ipsum
2526 3687 2647 3728 esse
2671 3673 2779 3728 Deo
2803 3672 3218 3726 adversantium.
3248 3671 3378 3726 Illud
3409 3681 3606 3737 autem,
3641 3671 3743 3724 Ex.

2166 3765 2254 3830 ivi,
2281 3765 2543 3834 signiﬁcat
2568 3764 2714 3817 illum
2745 3763 2869 3818 inde
2895 3764 3121 3818 venisse.
3167 3762 3314 3816 Exivi
3340 3763 3480 3816 enim
3508 3761 3743 3816 subindio

2167 3865 2255 3911 cat
2287 3857 2404 3924 ejus
2431 3857 2496 3910 ad
2527 3871 2623 3911 nos
2650 3855 2957 3910 adventum.
3003 3855 3134 3920 Quia
3174 3863 3349 3908 autem
3382 3853 3742 3908 verisimiliter

2167 3947 2356 4002 dicturi
2389 3956 2560 4011 erant,
2595 3947 2776 4001 Aliena
2806 3955 2860 4002 et
2888 3962 3022 4000 nova
3055 3946 3284 4015 loqueris
3311 3987 3326 4010 ,
3358 3961 3416 4000 se
3447 3962 3474 3998 a
3505 3946 3613 3998 Deo
3643 3961 3733 3998 ve-

2166 4040 2310 4094 nisse
2330 4038 2478 4093 dicit.
2514 4037 2637 4092 Ideo
2666 4038 2782 4093 hmc
2811 4053 2915 4092 non
2942 4037 3151 4102 auditis,
3178 4037 3366 4106 inquit,
3390 4037 3508 4105 quia
3541 4052 3604 4090 ex
3631 4037 3742 4089 dia-

2165 4130 2288 4184 bolo
2315 4130 2463 4185 estis.
2511 4128 2616 4183 Cur
2663 4144 2747 4184 me
2781 4128 2938 4182 vultis
2985 4127 3312 4182 interficere?
3341 4126 3464 4194 quid
3498 4127 3738 4179 criminis

2165 4221 2357 4276 olTerre
2389 4219 2646 4289 potestis?
2675 4219 2729 4274 Si
2755 4219 2886 4272 nihil
2913 4258 2927 4281 ,
2957 4233 3052 4272 cur
3079 4232 3180 4271 non
3209 4215 3424 4270 creditis
3457 4215 3625 4268 mihi?
3655 4215 3739 4268 Sic

2164 4326 2291 4381 ergo
2317 4326 2436 4365 cum
2465 4327 2530 4364 ex
2568 4309 2842 4363 mendacio
2882 4319 2935 4362 et
2969 4307 3114 4362 cmde
3143 4307 3259 4360 illos
3286 4321 3350 4360 ex
3378 4304 3590 4358 diabolo
3623 4321 3740 4358 esse

2164 4403 2484 4458 ostendisset
2506 4442 2519 4464 ,
2553 4401 2741 4469 probat
2767 4409 2816 4453 et
2842 4401 2908 4452 ab
2934 4396 3236 4451 Abrahamo
3262 4407 3314 4450 et
3341 4409 3369 4447 ξι
3403 4395 3512 4448 Deo
3537 4395 3738 4445 alienos

2162 4509 2311 4557 esse;
2343 4503 2450 4545 tum
2477 4490 2618 4560 quod
2651 4490 2773 4543 odio
2805 4488 3060 4542 haberent
3087 4503 3206 4542 cum
3237 4486 3324 4555 qui
3359 4501 3415 4539 se
3439 4485 3566 4538 nihil
3593 4485 3737 4536 la-se—

2163 4591 2267 4647 rat,
2303 4592 2410 4634 tmn
2442 4579 2581 4648 quod
2615 4594 2717 4634 non
2744 4578 2986 4632 audirent
3014 4591 3315 4631 sermonem
3346 4573 3481 4644 ejus.
3517 4574 3738 4626 Detnou-

2163 4681 2291 4727 strat
2318 4682 2492 4724 autem
2518 4669 2710 4737 ubique
2732 4685 2790 4724 se
2818 4685 2920 4722 non
2949 4683 3067 4722 esse
3097 4667 3206 4720 Deo
3230 4664 3614 4728 adversarium,
3650 4681 3739 4717 ne-

2162 4781 2263 4836 que
2286 4764 2403 4817 ideo
2431 4764 2549 4816 illos
2576 4762 2673 4815 sibi
2698 4778 2800 4816 non
2826 4762 3066 4826 credere,
3095 4760 3189 4816 sed
3212 4759 3350 4830 quod
3380 4760 3537 4813 alieni
3561 4768 3735 4811 essent

2162 4871 2188 4909 a
2225 4856 2352 4910 Deo.
2384 4853 2516 4907 Nam
2540 4868 2659 4906 eum
2689 4853 2776 4922 qui
2808 4861 3080 4920 peccatum
3106 4865 3208 4904 non
3245 4851 3384 4916 fecit,
3412 4851 3497 4918 qui
3532 4847 3656 4902 dicit
3684 4861 3738 4898 se

2161 4963 2190 5001 a
2229 4948 2334 5000 Deo
2366 4947 2546 5000 venire
2572 4953 2624 4998 el
2656 4944 2720 4998 ab
2757 4944 2871 5012 ipso
2910 4944 3132 4997 missum
3169 4957 3308 5006 esse,
3337 4941 3425 5010 qui
3457 4939 3731 4992 veritate-tu

2162 5038 2495 5105 loqui-batur,
2525 5044 2579 5090 ει
2609 5035 2676 5088 ila
2707 5035 3021 5104 loquebatur
3043 5077 3058 5099 ,
3087 5044 3144 5086 ιιι
3170 5047 3358 5085 omnes
3383 5030 3447 5084 ad
3476 5045 3534 5083 se
3558 5028 3737 5082 redar-

2159 5129 2423 5197 guetultttn
2459 5136 2772 5196 pl‘ovocat‘et
2793 5165 2808 5189 ,
2843 5141 3016 5194 neque
3046 5135 3220 5177 tamen
3253 5121 3574 5176 credebatur
3601 5141 3614 5174 :
3646 5134 3738 5185 pa-

2159 5219 2260 5271 lam
2303 5227 2417 5272 erat
2461 5217 2578 5271 ideo
2621 5231 2728 5269 non
2763 5215 2904 5269 credi
2933 5255 2947 5278 ,
2982 5213 3120 5284 quod
3153 5213 3224 5266 illi
3254 5209 3494 5266 carnales
3536 5215 3737 5261 essent.

2156 5313 2386 5367 Noverat
2409 5311 2549 5364 enim
2577 5350 2591 5372 ,
2627 5319 2845 5362 noverat
2879 5309 3057 5376 utique
3083 5317 3296 5374 peccata
3324 5303 3556 5356 animam
3587 5300 3736 5366 ahje-

2157 5414 2292 5456 ctam
2325 5402 2568 5456 reddere.
2613 5401 2769 5462 Ideo,
2808 5400 3007 5468 inquit,
3044 5398 3294 5460 Quoniam
3322 5394 3593 5447 imbeciiles
3618 5392 3740 5458 facti

2155 5495 2270 5546 estis
2297 5494 2362 5552 ad
2391 5492 2694 5544 audiendum
2724 5488 2922 5560 (Hebr.
2950 5491 3002 5544 5.
3033 5489 3087 5541 II
3119 5489 3157 5557 ).
3209 5485 3432 5553 Quando
3461 5483 3603 5537 enim
3637 5491 3737 5533 ter-

2156 5601 2279 5635 rena
2313 5598 2416 5634 non
2449 5589 2621 5649 potest
2653 5582 2770 5647 quis
2799 5586 3162 5642 contemnere,
3198 5572 3469 5645 quomodo
3495 5572 3561 5627 de
3588 5568 3741 5624 cade-

2155 5676 2258 5729 stib
2285 5688 2323 5727 .s
2355 5672 2713 5743 philwsophati
2745 5668 2969 5742 poterit!
