4072 6152
466 270 565 324 δοι

533 381 598 435 δ’.
638 381 736 433 Διά
763 379 938 443 τοῦτο,
972 378 1292 449 παρακαλῶ,
1317 379 1494 433 πάντα
1526 377 1875 447 πράττωμεν,
1906 378 2046 431 ὥστε

462 465 555 519 τὸν
583 464 696 535 βίον
727 466 758 534 ή
769 462 886 533 μῶν
919 461 1352 532 κατορθωθῆναι,
1401 460 1542 513 ὥστε
1577 461 1912 533 καθαρθῆναι
1949 461 2047 533 τὴν

463 549 735 609 διάνοιαν,
789 544 929 597 ὥστε
983 544 1146 615 μηδὲν
1184 545 1317 615 ἡμῖν
1364 542 1606 616 ῥυπαρὸν
1640 544 1892 612 γενέσθαι
1935 541 2048 596 κώ-

463 632 628 700 λυμα.
681 628 955 681 Φωτίσατε
986 628 1096 698 γὰρ
1140 629 1354 691 ἑαυτοῖς
1384 626 1502 696 φῶς
1535 626 1808 692 γνώσεως,
1847 628 1940 679 καὶ
1972 625 2047 697 μὴ

462 713 720 784 σπείρητε
773 714 860 766 ἐπ’
907 712 1190 775 ἀκάνθαις.
1257 712 1314 765 '0
1365 711 1474 783 γάρ
1524 711 1598 783 μὴ
1648 711 1802 775 εἰδὼς
1851 711 1934 764 ὃτι
1984 710 2047 763 τὸ

463 798 806 852 πλεονεκτεῖν
856 796 1026 851 κακὸν
1051 835 1065 859 ,
1119 797 1249 849 πότε
1299 797 1505 849 εἵσεται
1537 796 1597 849 τὸ
1647 794 1860 866 μεῖζον;
1912 797 1940 850 6
1971 795 2045 868 μὴ

459 881 800 952 ἀπεχόμενος
825 880 1049 940 τούτων,
1091 881 1218 934 πότε
1249 880 1473 933 ἐκείνων
1498 878 1778 944 ἀνθέξεται
1803 895 1817 943 ;
1866 879 2046 933 Καλὸν

458 967 521 1020 τὸ
551 967 862 1038 ἁρπάζειν,
917 965 1030 1020 ἀλλ’
1061 965 1184 1035 οὑχὶ
1231 965 1301 1018 τά
1340 964 1705 1036 ἀπολλύμενα,
1757 963 1894 1018 ἀλλὰ
1947 964 2046 1035 τὴν

463 1052 743 1124 βασιλείαν
770 1052 879 1105 τῶν
911 1050 1174 1122 οὐρανῶν.
1206 1050 1456 1104 Βιασταὶ
1487 1050 1616 1121 γὰρ,
1648 1049 1832 1120 φησὶν,
1858 1048 2048 1117 ἀρπά-

460 1137 669 1198 (ovan-
694 1136 908 1204 αὑτήν.
945 1136 1058 1189 Οὑκ
1086 1136 1195 1207 ἄρα
1223 1135 1359 1205 μετὰ
1389 1135 1661 1207 ῥᾳθυμίας
1688 1133 1835 1187 ἔστιν
1860 1136 2047 1187 ἐπιτυ-

458 1223 575 1289 χεῖν
600 1220 791 1291 αὑτῆς,
816 1219 953 1274 ἀλλά
982 1222 1118 1290 μετά
1148 1219 1401 1287 σπουδῆς.
1429 1219 1571 1272 Τίδὲ
1594 1219 1730 1284 ἐστι,
1761 1219 2011 1272 Βιασταί
2026 1234 2047 1283 ;

465 1303 592 1369 Βίας
626 1304 785 1375 χρεία
817 1303 1017 1373 πολλῆς
1048 1301 1230 1372 (στενὴ
1254 1301 1363 1374 γὰρ
1392 1304 1424 1373 ἡ
1451 1302 1614 1371 ὁδὸς),
1649 1304 1744 1356 καὶ
1789 1303 2045 1371 νεανικῆς

459 1388 541 1441 δεῖ
568 1387 747 1459 ψυχῆς
779 1388 873 1440 καὶ
898 1386 1169 1454 γενναίας.
1214 1388 1273 1439 Ol
1309 1386 1647 1457 ἁρπάζοντες
1675 1386 1882 1450 πάντας
1921 1385 2046 1455 βού-

460 1470 641 1524 λονται
671 1469 961 1542 προλαϐεῖν
987 1487 1001 1501 ο
1044 1470 1181 1542 πρὸς
1201 1470 1353 1523 οὑδὲν
1378 1469 1598 1543 ὁρῶσιν,
1623 1472 1682 1524 οὑ
1710 1471 1843 1542 πρὸς
1875 1471 2044 1526 κατά-

458 1571 679 1621 γνωσιν,
732 1553 793 1606 οὑ
847 1552 985 1625 πρὸς
1033 1553 1391 1625 κατηγορίαν,
1439 1552 1499 1608 οὑ
1551 1555 1687 1625 πρὸς
1730 1555 2039 1627 τιμωρίαν·

456 1637 573 1691 ἀλλ’
600 1637 719 1702 ἐνὸς
745 1637 984 1707 γίνονται
1015 1637 1197 1707 μόνου,
1230 1636 1324 1689 τοῦ
1370 1636 1555 1690 λαϐεῖν
1586 1638 1729 1709 άπερ
1760 1637 2041 1709 βούλονται

457 1725 724 1795 ἁρπάσαι,
753 1724 848 1778 καὶ
869 1721 1074 1786 πάντας
1104 1723 1228 1786 τοὺς
1254 1721 1561 1794 ἔμπροσθεν
1583 1723 2037 1795 παρατρέχουσιν.

467 1808 834 1879 ’Δρπάσωμεν
872 1806 1052 1860 τοίνυν
1081 1806 1177 1872 τὴν
1207 1804 1482 1877 βασιλείαν
1513 1807 1622 1861 τῶν
1646 1806 1913 1879 οὐρανῶν.
1964 1806 2040 1860 Οὑ

455 1896 568 1965 γὰρ
617 1892 762 1946 ἐστιν
794 1891 1026 1945 ἐνταῦθα
1057 1890 1310 1962 ἔγκλημα
1340 1891 1402 1945 τὸ
1432 1892 1701 1963 ἁρπάσαι,
1736 1892 1850 1946 ἀλλ’
1879 1892 2038 1947 ἔπαι-

456 1995 547 2042 νος
571 1994 587 2010 ο
640 1975 893 2047 ἔγκλημα
926 1974 1005 2037 δὲ,
1045 1975 1105 2028 τὸ
1140 1975 1213 2045 μὴ
1245 1975 1512 2045 ἁρπάσαι.
1559 1973 1824 2030 Ἐνταῦθα
1848 1975 1909 2029 οὑ
1942 1975 2042 2045 τῆς

459 2061 642 2133 ἐτέρου
678 2058 879 2130 ζημίας
906 2060 935 2112 6
972 2057 1240 2128 ἡμέτερος
1278 2058 1487 2127 γίνεται
1518 2058 1768 2123 πλοῦτος.
1802 2059 2042 2114 Σπουδά-

458 2160 642 2214 σωμεν
683 2139 778 2197 οὖν
825 2141 995 2212 αὑτὴν
1033 2142 1316 2213 ἁρπάσαι·
1366 2143 1468 2196 κᾶν
1500 2142 1687 2214 ἐνοχλῇ
1719 2142 1908 2214 θυμὸς,
1937 2142 2041 2197 κᾶν

456 2228 645 2299 ἐνοχλῇ
676 2226 962 2297 ἐπιθυμία,
1001 2225 1315 2297 βιασῶμεθα
1342 2227 1443 2297 τὴν
1467 2226 1628 2297 φύσιν
1653 2243 1667 2257 ο
1703 2223 2043 2297 ἡμερώτεροι

455 2310 773 2381 γενώμεθα·
814 2309 1083 2381 κάμωμεν
1109 2309 1308 2377 ὀλίγον,
1343 2309 1430 2363 ἵνα
1473 2307 1919 2378 ἀναπαυσὼμεθα
1963 2309 2041 2362 δι·

453 2394 796 2466 ηνεκῶς.’Μὴ
821 2392 1077 2465 ἁρπάσῃς
1100 2393 1320 2464 χρυσὸν,
1352 2392 1489 2446 ἀλλὰ
1520 2393 1768 2464 ἅρπασον
1796 2393 2043 2458 πλοῦτον,

454 2481 547 2534 τὸν
584 2479 841 2552 βόρϐορον
884 2477 1167 2532 δεικνύντα
1207 2476 1299 2532 τὸν
1326 2478 1546 2550 χρυσόν.
1582 2479 1719 2531 Εἰπὲ
1754 2478 1863 2551 γάρ
1912 2495 2003 2549 μοι
2029 2494 2043 2508 ⁸

456 2567 504 2618 εἰ
538 2565 828 2636 προύκειτο
862 2562 1121 2634 μόλυϐδος
1154 2562 1247 2615 καὶ
1288 2561 1508 2632 χρυσὸς,
1551 2562 1606 2615 τί
1640 2563 1707 2615 ἂν
1750 2563 2043 2634 ἤρπασας;

1154 262 1212 321 S.
1252 261 1537 318 JOANNIS
1576 257 2074 317 CHRYSOSTOMI
2112 256 2435 313 ARCIHEP.
2476 257 3024 315 CONSTANTINOP.

3629 252 3734 307 509.

2151 377 2252 430 οὑκ
2281 375 2501 448 εὔδηλον
2526 376 2607 429 ὅτι
2632 374 2723 427 τὸν
2750 373 2984 445 χρυσόν;
3037 367 3168 424 Εἶτα
3202 367 3331 423 ἔνθα
3370 367 3468 438 μὲν
3492 368 3520 420 6
3557 367 3738 437 691:6-

2152 459 2261 524 ζων
2288 461 2593 525 κολάζεται,
2624 458 2687 512 τὸ
2718 457 2902 525 μεῖζον
2925 458 3089 527 τιμᾷς
3111 473 3124 485 ·
3174 453 3301 507 ἔνθα
3327 453 3385 506 δὲ
3413 454 3441 505 6
3473 451 3736 522 ἁρπάζων

2149 548 2399 616 τιμᾶται,
2430 544 2696 615 προδίδως
2720 543 2781 597 τὸ
2813 541 3032 613 μεῖζον;
3085 539 3150 593 Εἰ
3190 538 3300 607 γάρ
3346 534 3736 606 ἀμφοτέρωθεν

2150 615 2373 691 κόλασις
2393 624 2483 699 ἦν,
2501 628 2603 680 οὑκ
2624 627 2689 681 ἂν
2709 628 2802 680 ἐπὶ
2825 626 2981 680 τοῦτο
3009 623 3209 694 μᾶλλον
3231 616 3396 692 ἦλθες
3417 636 3431 683 ;
3468 615 3735 670 Ἐνταῦθα

2148 715 2206 768 δὲ
2231 714 2384 767 οὐδὲν
2411 712 2650 766 τοιοῦτόν
2676 713 2849 773 ἐστιν,
2885 708 3020 765 ἀλλά
3050 705 3206 781 [521]
3243 705 3336 758 καὶ
3362 700 3730 773 μακαρισμός.

2147 798 2259 853 Καὶ
2291 796 2409 860 πῶς
2442 796 2588 850 ἔστιν
2638 794 2918 865 ἁρπάσαι,
2966 796 3134 863 (mat;
3192 788 3376 856 Ῥίψον
3417 785 3487 837 τὰ
3516 784 3644 837 ὄντα
3677 784 3733 835 ὲν

2146 881 2356 951 χερσίν.
2381 881 2526 944 Ἕως
2549 879 2658 949 γὰρ
2688 878 2753 933 ἂν
2777 877 2916 932 αὑτά
2941 875 3175 947 κατέχῃς
3192 885 3241 938 ι,
3280 872 3459 924 ἐκεῖνα
3485 867 3732 937 ἁρπάσαι

2146 967 2206 1020 οὑ
2239 966 2462 1037 δυνήσῃ.
2506 962 2786 1034 Ἐννόησον
2827 964 2935 1034 γάρ
2984 977 3072 1031 μοι
3116 957 3284 1028 ἄνδρα
3332 953 3595 1025 ἀργυρίου
3635 951 3733 1014 τάς

2147 1051 2333 1120 χεῖρας
2349 1047 2801 1119 ⁴’πεπληρωμένας
2828 1046 3016 1117 ἔχοντα
3035 1061 3048 1075 ·
3098 1043 3173 1114 μὴ
3205 1041 3514 1110 δυνήσεται,
3536 1038 3640 1098 ἕως
3666 1037 3732 1120 ἂν

2147 1119 2353 1205 κατέχῃ
2389 1133 2575 1199 τοῦτο,
2622 1131 2867 1203 ἁρπάσαι
2911 1127 3162 1200 χρυσίον,
3212 1124 3305 1177 ἐὰν
3334 1122 3408 1193 μὴ
3442 1119 3734 1205 ρίψῃᾼαὺτδ
3813 1164 3817 1169 .

2148 1219 2242 1273 καὶ
2281 1202 2502 1280 εῦλυτος
2530 1202 2796 1286 γένηται;
2843 1212 2945 1266 Τὸν
2992 1211 3099 1283 γὰρ
3146 1207 3457 1280 ἁρπάζοντα
3499 1202 3732 1286 εὑζωνον

2146 1296 2285 1355 εἶναι
2315 1300 2428 1365 δεῖ,
2475 1284 2617 1354 ὥστε
2763 1294 3183 1365 κατασχεθῆναι.
3235 1290 3346 1344 Καὶ
3381 1286 3611 1370 γάρκαὶ
3637 1284 3732 1370 νῦν

2145 1388 2285 1440 εἰσιν
2316 1384 2557 1439 ἐναντίαι
2603 1368 2861 1452 δυνάμεις
2909 1375 3342 1447 κατατρέχουσαι
3392 1369 3588 1443 ἡμῶν,
3644 1368 3731 1421 ἵνα

2145 1471 2471 1541 ἀφέλωνται,
2525 1466 2686 1521 Ἀλλά
2718 1465 3007 1534 φεύγωμεν
3039 1460 3228 1523 αὑτὰς,
3273 1456 3582 1541 φεύγωμεν,
3627 1470 3731 1541 μηῗ

2144 1535 2337 1625 δεμίαν
2367 1550 2751 1624 ἐπισυρόμενοι
2797 1547 2966 1618 λαϐὴν
3013 1544 3231 1611 ἔξωθεν.
3280 1539 3639 1625 Διατέμωμεν
3663 1535 3730 1625 τὰ

2151 1620 2379 1707 σχοινία,
2411 1620 2611 1705 γυμνοί
2649 1632 2934 1703 γενώμεθα
2977 1629 3082 1683 τῶν
3114 1626 3403 1699 βιωτικῶν.
3446 1621 3543 1685 Τίς
3571 1620 3730 1707 χρεία

2146 1704 2257 1775 τῶν
2283 1704 2525 1791 σηρικῶν
2560 1717 2826 1788 ἱματίωνς
2877 1716 3038 1786 μέχρι
3071 1713 3201 1766 πότε
3230 1710 3323 1765 τὸν
3355 1707 3569 1779 γέλωτα
3598 1704 3727 1791 τοῦ-

2147 1821 2238 1858 τον
2267 1790 2646 1873 ἀνέλίττομενς
2698 1801 2863 1870 μέχρι
2895 1801 3026 1852 πότε
3062 1797 3124 1851 τὸ
3153 1794 3377 1867 χρυσίον
3408 1790 3730 1863 κατορύττο-

2153 1904 2251 1958 μεν
2278 1902 2295 1951 ;
2337 1885 2670 1954 Ἐϐουλόμην
2696 1883 3009 1937 παύσασθαι
3043 1881 3215 1935 ταῦτα
3255 1879 3428 1947 λέγων
3457 1876 3542 1931 άεί
3564 1892 3577 1905 ·
3613 1873 3726 1927 ἀλλ’

2147 1973 2305 2042 ὑμεῖς
2352 1972 2452 2025 οὑκ
2500 1971 2658 2033 ἐᾶτε,
2702 1968 2789 2022 ἀεί
2834 1986 2923 2039 μοι
2969 1966 3297 2037 παρέχοντες
3339 1959 3593 2034 ἀφορμὰς
3634 1958 3730 2012 καὶ

2148 2055 2454 2119 ὑποθέσεις.
2486 2052 2647 2109 Ἀλλά
2666 2052 2760 2106 νῦν
2779 2052 2909 2121 γοῦν
2926 2051 3274 2120 άποστῶμεν,
3294 2048 3381 2102 ῖνα
3400 2046 3496 2100 καὶ
3513 2045 3730 2115 ἐτέρους

2148 2142 2235 2195 διὰ
2258 2140 2352 2195 τοῦ
2384 2140 2497 2212 βίου
2525 2139 2936 2202 παιδεύσαντες,
2966 2137 3218 2207 τύχωμεν
3243 2131 3352 2186 τῶν
3385 2128 3732 2202 ἐπηγγελμέ-

2147 2245 2255 2282 νων
2302 2226 2556 2295 ἀγαθῶν,
2606 2225 2791 2298 χάριτι
2822 2223 2916 2277 καὶ
2953 2219 3352 2298 φιλανθρωπία
3379 2215 3473 2271 τοῦ
3521 2215 3729 2285 Κυρίου

2147 2310 2305 2382 ἡμῶν
2346 2308 2521 2381 Ἰησοῦ
2553 2295 2812 2380 Χριστοῦ,
2842 2308 2907 2360 δι’
2933 2300 2994 2359 οῦ
3027 2306 3119 2359 καὶ
3148 2301 3267 2373 μεθ’
3296 2295 3356 2356 οῦ
3390 2300 3469 2370 τῷ
3496 2299 3670 2369 Πατρὶ
3695 2298 3730 2368 ἡ

2147 2395 2307 2459 δόξα,
2350 2395 2467 2463 ἅμα
2509 2392 2587 2463 τῷ
2625 2393 2766 2462 ἁγίῳ
2804 2388 3101 2459 Πνεύματι,
3135 2386 3227 2441 νῦν
3259 2384 3354 2439 καὶ
3386 2384 3494 2450 ἀεὶ,
3523 2382 3617 2437 καὶ
3654 2382 3732 2445 εἰς

2149 2478 2273 2540 τοὺς
2304 2476 2505 2539 αἰῶνας
2537 2474 2644 2529 τῶν
2673 2474 2903 2527 αἰώνων.
2951 2472 3144 2543 Ἀμήν.

2214 2590 2239 2620 ε
2265 2569 2363 2618 Alii
2375 2569 2465 2632 γὰρ
2487 2568 2543 2616 ἂν
2561 2568 2623 2615 τά
2635 2566 2847 2631 παρόντα
2863 2566 3085 2628 κατέχῃς.

1463 2659 3701 2690 .._.___________________________________.__.—

1919 2729 2168 2785 OMIAIA
2205 2727 2330 2782 NE’.

471 2830 911 2896 Ἀπεκρίθησαν
947 2824 1063 2881 οὖν
1088 2827 1143 2881 οί
1185 2825 1462 2882 Ἰουδαῖοι
1501 2826 1601 2880 καὶ
1629 2821 1802 2881 εἷπον
1839 2821 2042 2896 ainch

534 2920 552 2951 ι
591 2893 674 2954 0λῦ
712 2893 912 2964 καλῶς
947 2896 1205 2966 λέγομεν
1244 2897 1435 2965 ἡμεῖς,
1475 2896 1565 2950 ὅτι
1598 2895 1970 2966 Σαμαρείτης
1994 2893 2052 2946 ετ

527 2971 631 3033 σὺ,
665 2969 761 3024 καί
785 2964 1095 3037 δαιμόνιον
1114 2964 1319 3035 ἔχεις)
1340 2986 1363 3037 ι
1393 2966 1711 3037 Ἀπεκρίθη
1732 2969 1764 3019 ό
1791 2964 2043 3037 Ἰησοῦς

533 3058 553 3093 ι
605 3040 750 3108 Ἐγὼ
795 3032 1105 3107 δαὶμόνιον
1149 3032 1266 3090 οὐκ
1315 3036 1468 3105 ἔχω,
1523 3032 1707 3088 ἀλλὰ
1741 3032 1885 3104 τιμῶ
1940 3033 2048 3087 τὸν

532 3109 780 3179 Πατέρα.
833 3127 851 3159 ι

496 3204 497 3207 ‘
532 3196 601 3245 α’.
630 3191 1008 3260 Ἀναίσχυντον
1038 3188 1072 3258 ἡ
1105 3186 1272 3241 κακία
1307 3187 1401 3241 καὶ
1434 3185 1643 3256 ἰταμὸν,
1666 3188 1760 3242 καὶ
1788 3187 1916 3241 ὅταν
1945 3202 2048 3240 κα-

460 3272 756 3331 ταδύεσθαι
780 3274 894 3347 δέῃ,
927 3271 1049 3325 τότε
1081 3271 1280 3343 μᾶλλον
1305 3270 1594 3342 ἀγριοῦται
1619 3287 1633 3300 ⁶
1663 3271 1800 3341 ὅπερ
1826 3271 1923 3324 καὶ
1957 3270 2049 3323 ἐπὶ

459 3360 569 3413 τῶν
613 3357 880 3412 Ἰουδαίων
917 3356 1126 3425 γέγονε.
1158 3353 1287 3407 Δέον
1316 3354 1426 3425 γάρ
1457 3354 1548 3407 ἐπὶ
1578 3356 1690 3417 τοῖς
1721 3353 1932 3425 ῥηθεῖσι
1960 3370 2051 3406 κα-

460 3443 780 3511 τανυγοῖψαι,
812 3440 1201 3511 θαυμάσαντας
1229 3439 1329 3509 τὴν
1359 3436 1671 3508 παρρησίαν
1697 3438 1789 3490 καὶ
1819 3437 1915 3508 τὴν
1940 3436 2049 3489 τῶν

460 3524 768 3598 εἰρημένων
795 3522 1143 3577 άκολουθίαν’
1182 3523 1231 3575 οἱ
1254 3520 1310 3576 δὲ
1338 3520 1429 3575 καὶ
1458 3518 1762 3593 ὑϐρίζουσι,
1787 3519 2052 3590 Σαμαρείο

460 3626 561 3678 την
587 3607 882 3671 καλοῦντες
908 3607 1001 3660 καὶ
1029 3605 1372 3676 δαιμονῶντα
1402 3604 1673 3673 λέγοντες,
1716 3604 1811 3657 καί
1842 3620 2006 3673 φασιν
2033 3617 2046 3630 ’

466 3692 613 3759 οὐχί
644 3689 840 3755 καλῶς
869 3687 1175 3759 ἐυίέιρμεν,
1207 3688 1297 3743 ὅτι
1327 3687 1694 3757 Σαμαρείτης
1726 3687 1778 3741 εί
1816 3685 1920 3751 σὺ,
1951 3685 2048 3741 καὶ

464 3771 776 3841 δαιμόνιον
805 3771 998 3839 ἕχεις;
1043 3773 1210 3824 ’Ὀταν
1239 3772 1348 3842 γὰρ
1376 3771 1578 3840 ὑψηλόν
1610 3789 1663 3824 τι
1696 3773 1848 3842 εἴπῃ,
1885 3771 2054 3841 μανία

462 3856 621 3910 τοῦτο
649 3855 797 3908 δοκεῖ
824 3855 973 3925 παρὰ
1004 3856 1113 3917 τοῖς
1138 3854 1256 3907 λίαν
1286 3854 1635 3925 ἀναισθήτοις
1668 3851 1828 3907 εἶναι.
1860 3854 2054 3908 Καίτοι

462 3952 527 4009 γε
567 3936 804 4009 οὐδαμοῦ
835 3938 865 3990 6
894 3935 1284 4008 εὑαγγελιστὴς
1311 3931 1463 3990 εἶπεν
1494 3937 1822 4007 ἔμπροσθεν,
1848 3937 1929 3990 ὅτι
1953 3938 2057 3991 Σα-

465 4021 730 4094 μαρείτην
761 4020 1024 4074 ἐκάλεσαν
1044 4038 1060 4055 ο
1089 4020 1203 4074 ἀλλ’
1227 4020 1373 4084 εἰκὸς
1403 4021 1467 4075 ἐκ
1489 4021 1589 4091 τῆς
1619 4021 1833 4092 ῥήσεως
1853 4019 2056 4090 ταύτης

463 4104 727 4167 πολλάκις
775 4105 906 4175 παρ’
949 4104 1128 4158 αὑτῶν
1176 4103 1428 4177 εἰρῆσθαι
1489 4103 1667 4159 τοῦτο.
1741 4104 2057 4173 Δαιμόνιον

463 4187 640 4259 ἔχεις,
680 4188 833 4259 φησί.
886 4188 1079 4242 Καίτοι
1110 4188 1193 4253 τίς
1234 4191 1263 4243 6
1299 4188 1574 4260 δαιμόνιον
1602 4189 1774 4261 ἓχων;
1827 4192 1855 4244 6
1882 4190 2059 4261 τιμῶν

461 4273 556 4326 τὸν
581 4272 737 4335 Θεὸν,
769 4272 802 4343 ἢ
835 4272 864 4325 6
892 4273 985 4326 τὸν
1015 4274 1262 4343 τιμῶντα
1291 4272 1529 4344 ὑϐρίζων
1561 4290 1576 4338 ;
1630 4274 1697 4327 Τί
1726 4268 1818 4327 οῦν
1859 4275 1888 4326 6
1918 4275 2055 4345 Χρι-

466 4357 610 4421 στὸς,
624 4358 935 4429 ἡπραότης,
951 4358 983 4427 ἡ
1000 4356 1287 4424 ὲπιείκεια;
1306 4356 1452 4426 Ἐγὼ
1468 4357 1778 4425 δαιμόνιον
1789 4359 1900 4410 οὐκ
1916 4357 2054 4425 ἔχω,

464 4440 626 4495 ἀλλὰ
640 4438 787 4510 τιμῶ
799 4440 907 4493 τὸν
927 4440 1156 4508 Πατέρα
1178 4440 1283 4491 τὸν
1302 4438 1624 4507 πέμψαντά
1641 4456 1738 4507 με.
1766 4438 1934 4492 Ἔνθα
1960 4438 2057 4509 μὲν

467 4524 676 4587 διδάξαι
726 4522 923 4584 αὐτοὺς
968 4522 1136 4592 ἐχρῆν
1184 4522 1277 4573 καὶ
1316 4520 1409 4573 τὸν
1457 4521 1623 4573 πολὺν
1670 4521 1849 4573 αὑτῶν
1887 4537 2057 4574 κατα-

475 4606 680 4659 σπάσαι
709 4603 894 4672 τύφον,
923 4605 1017 4657 καὶ
1042 4602 1326 4657 παιδεῦσαι
1354 4602 1427 4673 μὴ
1453 4602 1594 4671 μέγα
1624 4604 1845 4672 φρονεῖν
1867 4603 1958 4655 ἐπὶ
1979 4602 2058 4672 τῷ

481 4687 767 4758 Ἀϐραὰμ,
816 4684 1042 4757 σφοδρδς
1084 4682 1189 4757 ἦν’
1240 4684 1367 4738 ἔνθα
1399 4685 1455 4739 δὲ
1505 4684 1862 4756 ὑϐριζόμενον
1894 4685 2057 4738 αὑτὸν

467 4772 575 4826 ἔδει
603 4771 867 4837 ἐνεγκεῖν,
907 4769 1072 4839 πολλῇ
1103 4768 1368 4839 πραότητι
1398 4767 1684 4839 κέχρηται.

543 4853 675 4908 Ὅτε
708 4853 806 4923 μὲν
832 4851 941 4922 γάρ
973 4850 1178 4920 ἔλεγον,
1208 4851 1290 4904 ὅτι
1320 4849 1542 4921 Πατέρα
1574 4849 1665 4902 τὸν
1695 4846 1828 4901 Θεὸν
1861 4847 2057 4917 ιεχομεν

468 4940 565 4995 καὶ
604 4937 695 4992 τὸν
734 4934 1006 5007 Ἀϐραὰμ,
1049 4935 1254 5006 σφόδρα
1303 4932 1481 4989 αὑτῶν
1529 4932 1845 5004 καθήψατο·
1880 4932 1966 4985 ὅτε
1999 4931 2055 4983 δὲ

468 5022 632 5079 αὑτὸν
658 5018 1001 5091 δαιμονῶντα
1052 5019 1300 5083 ἐκάλουν,
1334 5018 1641 5089 ὑφειμένως
1679 5016 1757 5087 τῷ
1788 5016 1931 5087 λόγῳ
1961 5014 2055 5069 κέο

466 5124 686 5181 χρηται,
740 5102 1011 5159 παιδεύων
1040 5103 1205 5174 ἡμᾶς,
1256 5100 1324 5156 τά
1366 5101 1467 5172 μὲν
1504 5100 1657 5173 [322]
1688 5104 1767 5163 εἰς
1795 5100 1885 5153 τὸν
1925 5098 2056 5153 Θεὸν

467 5192 734 5253 ἐκδικεῖν,
780 5187 849 5241 τά
886 5187 945 5241 δὲ
991 5187 1072 5250 είς
1110 5187 1258 5257 ἡμᾶς
1298 5186 1567 5258 παρορᾷν.
1625 5184 1774 5253 Ἐγὼ
1807 5184 1879 5237 οὑ
1910 5181 2057 5249 ζητῶ

467 5274 584 5341 τὴν
618 5273 810 5337 δόξαν
841 5272 956 5339 τὴν
983 5269 1157 5341 ἐμήν.
1192 5268 1379 5324 Ταῦτα
1423 5264 1597 5333 εἶπον,
1634 5267 1798 5338 φησί,
1843 5266 2056 5330 δεικνὺς

468 5353 552 5409 ὅτι
590 5356 650 5408 οὑ
692 5355 970 5427 προσῆκεν
1016 5354 1145 5424 ὑμῖν
1172 5352 1263 5407 τὸν
1310 5351 1443 5406 Θεὸν
1477 5350 1663 5406 καλεῖν
1691 5348 1923 5421 πατέρα,
1959 5350 2056 5402 ἁν-

470 5437 748 5506 δροφόνοις
793 5434 963 5492 οὖσιν.
1021 5438 1187 5491 Ὥστε
1243 5438 1308 5508 τῇ
1363 5437 1498 5506 τιμῇ
1546 5437 1613 5506 τῇ
1665 5434 1802 5505 πρὸς
1848 5436 2054 5487 ἐκεῖνον

470 5520 647 5575 ταῦτα
692 5520 1065 5591 ἐφθεγξάμην,
1115 5520 1211 5575 καὶ
1266 5518 1336 5573 δι’
1388 5520 1596 5573 ἐκεῖνον
1623 5520 1798 5570 ταῦτα
1849 5514 2054 5579 ἀκούω,

472 5604 567 5658 καὶ
600 5602 668 5656 δι’
694 5602 856 5655 αὑτὸν
891 5604 1184 5671 ἀτιμάζετέ
1228 5621 1315 5674 με.
1368 5602 1507 5656 Ἀλλ’
1554 5600 1711 5655 οὐδέν
1763 5615 1853 5669 μοι
1907 5598 2056 5668 μέλει

471 5686 576 5756 τῆς
625 5684 835 5754 ὕϐρεως
903 5683 1189 5753 ταύτηςι·
1231 5685 1426 5755 ἐκείνῳ
1474 5684 1583 5753 γάρ
1633 5681 1864 5744 εὑθύνας
1912 5679 2059 5756 ὀφεί-

472 5754 591 5823 λετε
636 5766 744 5820 τῶν
787 5763 1107 5835 λεχθέντων,
1149 5766 1216 5817 δι’
1245 5766 1304 5817 ὃν
1344 5754 1515 5821 ταῦτα
1540 5762 1725 5818 ἀκούω
1752 5763 1866 5817 νῦν.
1914 5754 2064 5823 Ἐγὼ

538 5857 570 5891 α
603 5855 810 5920 quidam
845 5861 930 5915 τῆς
972 5852 1205 5918 ὑϐρίσεως
1248 5855 1437 5912 ταύτης.

2149 2824 2220 2877 οὐ
2260 2821 2409 2889 ζητῶ
2449 2823 2565 2891 τὴν
2612 2822 2804 2886 δόξαν
2856 2822 2973 2889 τὴν
3014 2819 3188 2889 ἐμήν.
3237 2818 3337 2872 Διά
3382 2816 3543 2872 τοῦτο
3574 2814 3732 2887 ἀφεὶς

2150 2907 2209 2960 τὸ
2259 2905 2505 2972 κολάζειν
2554 2908 2718 2977 ὑμᾶς,
2768 2906 2861 2959 ἐπὶ
2899 2906 3218 2978 παραίνεσιν
3272 2903 3574 2974 τρέπομαι,
3638 2902 3733 2955 καὶ

2150 2990 2499 3061 συμϐουλεύω
2537 2990 2711 3043 ταῦτα
2765 2991 2956 3055 ποιεῖν,
3003 2988 3063 3055 ἐξ
3095 2981 3171 3041 ὧν
3199 2986 3260 3040 οὑ
3307 2986 3466 3056 μόνον
3508 2985 3607 3054 τὴν
3643 2984 3735 3036 κό-

2148 3074 2303 3127 λασιν
2351 3072 2722 3142 διαφεύξεσθε,
2766 3071 2900 3125 ἀλλά
2931 3071 3025 3125 καὶ
3068 3069 3169 3141 τῆς
3203 3067 3417 3121 αἰωνίου
3448 3062 3592 3132 ζωῆς
3611 3066 3733 3117 ἐπι-

2148 3158 2422 3226 τεύξεσθε.
2479 3156 2687 3227 Ἀμὴν,
2735 3155 2901 3225 ἀμὴν
2958 3155 3114 3225 λέγω
3147 3152 3307 3221 ὑμῖν,
3350 3149 3460 3203 ἐάν
3491 3149 3584 3214 τίς
3610 3164 3730 3217 μου

2149 3243 2257 3296 τὸν
2286 3243 2475 3311 λόγον
2505 3239 2763 3308 τηρήσῃ,
2799 3240 2870 3292 οὐ
2912 3237 3000 3307 μὴ
3032 3235 3313 3305 θεωρήσει
3351 3231 3608 3288 θάνατον
3644 3233 3732 3297 εἰς

2150 3328 2260 3383 τὸν
2297 3326 2504 3383 αἰῶνα.
2563 3324 2828 3379 Ἐνταῦθα
2870 3323 2930 3377 οὑ
2963 3324 3065 3394 τὴν
3108 3322 3289 3377 πίστιν
3335 3318 3494 3390 μόνον
3547 3317 3733 3387 φησὶν,

2151 3411 2290 3466 ἀλλά
2322 3410 2416 3464 καὶ
2443 3410 2535 3463 τὸν
2565 3408 2679 3480 βίον
2715 3408 2808 3463 τὸν
2839 3407 3102 3479 καθαρόν.
3133 3407 3244 3460 Καὶ
3274 3406 3386 3460 ἄνω
3421 3404 3519 3475 μὲν
3548 3401 3699 3469 έλεγε
3719 3438 3735 3463 ,

2153 3495 2325 3564 Ζωὴν
2346 3494 2589 3550 αἰώνιον
2613 3493 2769 3559 ἕξει⁸
2799 3492 3033 3546 ἐνταῦθα
3060 3490 3135 3551 δὲ.
3175 3489 3328 3560 φησι,
3367 3486 3637 3541 Θάνατον
3664 3485 3738 3538 οὐ

2147 3581 2235 3652 μὴ
2271 3578 2591 3649 θεωρήσειο
2624 3577 2741 3646 ἅμα
2767 3577 2825 3630 δὲ
2860 3575 2953 3629 καὶ
2998 3574 3316 3637 αἰνίττεται,
3346 3571 3428 3626 ὅτι
3461 3569 3612 3623 οὐδὲν
3643 3566 3730 3620 δύ-

2153 3683 2344 3723 νανται
2379 3664 2527 3737 αὑτῷ
2567 3664 2811 3735 ποιῆσαι.
2847 3663 2911 3717 Εἰ
2943 3662 3050 3734 γὰρ
3079 3663 3108 3717 6
3132 3659 3223 3713 τὸν
3259 3659 3420 3727 λόγον
3445 3655 3609 3711 αὑτοῦ
3642 3672 3740 3725 τη-

2159 3756 2266 3828 ρῶν
2309 3756 2410 3808 οὑκ
2459 3751 2808 3807 ἀποθανεῖται
2829 3793 2844 3817 ,
2895 3750 3073 3820 πολλῷ
3105 3747 3304 3819 μᾶλλον
3351 3745 3534 3808 αὑτός.
3567 3742 3738 3796 Τοῦτο

2155 3840 2286 3910 γοῦν
2309 3838 2610 3901 συνειδότες
2637 3836 2732 3891 καί
2758 3836 2934 3897 αὑτοὶ,
2953 3835 3171 3902 λέγουσι
3191 3847 3205 3860 ·
3238 3830 3369 3885 Νῦν
3395 3829 3740 3899 ἐγνώκαμεν

2158 3909 2245 3977 ὅτι
2275 3922 2586 3990 δαιμόνιον
2616 3920 2794 3989 ἔχεις.
2813 3916 3068 3986 Ἀϐραὰμ
3089 3913 3375 3977 ἀπέθανε,
3404 3909 3500 3964 καὶ
3522 3913 3575 3963 ol
3598 3924 3740 3976 προ-

2159 4004 2340 4076 φῆται
2377 4003 2709 4059 ἀπέθανονσ
2740 4001 3037 4063 τουτέστιν,
3075 3998 3124 4051 οί
3162 3997 3256 4051 τὸν
3285 3996 3441 4064 λόγον
3472 3992 3740 4048 ἀκούσαν-

2159 4106 2250 4153 τες
2285 4087 2380 4142 τοῦ
2424 4085 2559 4141 Θεοῦ
2597 4085 2896 4140 ἀπέθανον·
2944 4082 3036 4136 καὶ
3066 4082 3112 4135 οί
3156 4079 3247 4133 τὸν
3276 4079 3366 4131 σὸν
3407 4076 3740 4138 ἀκούσαντες

2159 4175 2257 4228 οὑκ
2307 4169 2730 4236 ἀποθανοῦνται;
2783 4167 2879 4236 Μὴ
2926 4166 3007 4221 σὺ
3046 4162 3257 4235 μείζων
3280 4154 3339 4216 εἴ
3371 4160 3475 4215 τοῦ
3515 4159 3741 4226 πατρὸς

2157 4259 2329 4329 ἡμῶν
2370 4254 2651 4326 Ἅϐραάμ;
2702 4254 2767 4306 Ὢ
2798 4252 2900 4322 τῆς
2931 4248 3263 4313 κενοδοξίαςί
3306 4245 3468 4329 πάλιν
3506 4242 3603 4329 ἐπὶ
3638 4240 3739 4329 τὴν

2160 4324 2480 4413 σῦγγένειαν
2527 4338 2691 4393 αὑτοῦ
2745 4334 3168 4413 καταφεύγουσι.
3204 4328 3394 4413 Καίτοι
3426 4324 3738 4413 ἀκόλουθον

2156 4404 2429 4498 ἦνέἰπείν
2449 4441 2463 4456 ⁸
2492 4422 2591 4490 Μὴ
2618 4420 2701 4475 σὺ
2727 4404 2939 4489 μείζων⁸
2963 4410 3020 4471 εἴ
3048 4415 3163 4498 τοῦᾼ
3202 4412 3385 4498 Θεοῦ)
3415 4406 3448 4482 ἢ
3480 4409 3531 4462 οί
3571 4404 3739 4498 ἀκού·

2160 4490 2352 4570 σαντές
2396 4524 2512 4572 σου,
2564 4505 2659 4559 τοῦ
2699 4502 2982 4574 Ἀϐραάμς
3022 4494 3165 4554 Ἀλλ’
3202 4497 3264 4550 οὑ
3298 4494 3517 4563 λέγουσι
3543 4490 3735 4552 τοῦτο,

2158 4591 2347 4660 ἐπειδὴ
2361 4590 2455 4643 καὶ
2474 4584 2569 4642 τοῦ
2600 4588 2851 4658 Ἁϐραάμ
2865 4585 3122 4639 ἐλάττονα
3140 4581 3300 4635 αὑτὸν
3317 4574 3454 4633 εἶναι
3471 4576 3733 4660 ἐνόμιζον.

2159 4676 2233 4728 Τὸ
2266 4656 2364 4744 μὲν
2394 4669 2486 4727 οῦν
2520 4656 2736 4743 πρῶτον
2782 4656 2982 4733 ἔδειξεν
3023 4664 3407 4736 ἀνδροφόνους,
3438 4661 3530 4713 καὶ
3562 4656 3737 4730 ταύτῃ

2161 4758 2362 4820 αὑτοὺς
2400 4756 2653 4823 ἀπήγαγε
2701 4754 2800 4825 τῆς
2835 4749 3185 4820 συγγενείας·
3221 4746 3296 4811 ὡς
3325 4745 3383 4799 δὲ
3429 4744 3733 4814 ἐνέμειναν,

2158 4842 2363 4913 ἑτέρως
2409 4837 2540 4893 αὐτὸ
2591 4836 2865 4908 μεθοδεύει
2904 4834 3086 4898 πάλιν,
3133 4831 3347 4892 δεικνὺς
3370 4828 3459 4913 γὸτι
3504 4829 3739 4913 ἀνόνητα

2159 4910 2403 4989 πονοῦσι,
2439 4922 2534 4975 καὶ
2574 4921 2700 4991 περὶ
2747 4921 2844 4990 μὲν
2888 4918 2982 4972 τοῦ
3011 4914 3241 4970 θανάτου
3271 4912 3423 4966 οὐδὲν
3453 4912 3635 4973 αὑτοῖς
3661 4910 3740 4963 δι-

2158 5010 2371 5081 ελέχθη,
2397 5004 2518 5061 οὑδὲ
2540 5003 2906 5073 ἀπεκάλυψεν,
2928 5000 3048 5055 οὑδὲ
3076 4996 3217 5064 εἷπε,
3238 4998 3388 5049 ποῖον
3411 4993 3560 5063 λέγει
3576 4992 3744 5081 θάνα-

2157 5076 2281 5148 τον-ί
2305 5076 2443 5156 τέως
2470 5090 2525 5144 δὲ
2547 5089 2743 5153 πείθει,
2771 5086 2966 5145 ὃτι,τοῦ
3005 5081 3258 5154 Ἀϐραάμ
3285 5081 3549 5151 κρείττων
3571 5076 3737 5137 ἐστὶν,

2159 5177 2246 5231 ἵνα
2273 5175 2368 5230 καὶ
2389 5171 2562 5244 τούτῳ
2588 5172 2904 5243 δυσωπήσῃ.
2938 5166 3190 5223 Μάλιστα
3218 5164 3318 5233 μὲν
3352 5161 3543 5244 γάρεί
3588 5160 3683 5244 καί
3715 5159 3745 5209 6

2156 5257 2357 5328 τυχὼν,
2392 5241 2577 5327 φησὶν,
2607 5254 2776 5325 ἥμην,
2831 5241 2932 5306 οὑκ
2960 5250 3065 5303 ἔδει
3110 5246 3400 5302 ἀποθανεῖν
3437 5242 3590 5328 οὐδὲν
3622 5241 3736 5328 ἀδιο

2162 5323 2466 5413 κῆσανταῖ
2487 5323 2828 5393 ὃταν-δὲκαὶ
2857 5335 2954 5406 τὴν
2976 5331 3232 5402 ἀλήθειαν
3248 5329 3419 5413 λέγω,
3448 5325 3543 5377 καὶ
3579 5323 3738 5413 μηδξ.

2165 5404 2295 5494 μίαν
2320 5423 2595 5494 ἁμαρτίαν
2632 5421 2741 5491 ἔχω
2758 5459 2773 5482 ,
2809 5404 3086 5488 καὶπαρά
3111 5414 3204 5467 τοῦ
3232 5409 3368 5466 Θεοῦ
3395 5404 3743 5494 ἀπεσταλμέ-

2163 5487 2253 5571 νος
2288 5487 2373 5571 6);
2400 5487 2495 5559 καὶ
2542 5487 2794 5574 Ἀϐραάμ
2832 5496 2878 5555 ὦ
2919 5487 3204 5570 κρείττων,
3254 5494 3370 5557 πῶς
3398 5492 3458 5545 οὑ
3489 5487 3743 5574 μαίνεσθε

2164 5591 2257 5643 καὶ
2285 5587 2519 5658 ἀνόνητα
2561 5588 2769 5639 πονεῖτε
2790 5624 2805 5647 ,
2836 5581 3240 5654 ἐπιχειροῦντες
3269 5576 3511 5639 ἁνελεῖν;
3544 5573 3609 5624 Τί
3650 5567 3743 5623 οὗν

2166 5675 2402 5735 ἐκεῖνοι;
2436 5654 2585 5724 ⁷Νῦν·
2641 5669 2984 5738 ἐγνώκαμεν
3040 5664 3129 5717 ὅτι
3192 5661 3502 5738 δαιμόνιον
3562 5654 3741 5738 ἔχεις.

2181 5756 2322 5809 Ἀλλ’
2352 5733 2450 5823 οὑχ
2476 5755 2509 5823 ἡ
2544 5733 2880 5824 Σαμαρεῖτις*
2905 5747 3076 5810 οὑτως
3097 5762 3111 5775 ·
3156 5746 3218 5798 οὐ
3249 5744 3358 5813 γὰρ
3379 5736 3532 5824 εἶπεν
3558 5733 3713 5824 αὑτῶ
3727 5749 3742 5763 ·

2167 5818 2452 5914 Δαιμόνιον
2481 5818 2657 5911 ἐχειςλ
2702 5818 2837 5891 ἀλλὰ
2877 5831 3131 5889 τοσοῦτον
3165 5829 3347 5900 μόνον,
3382 5822 3477 5894 Μὴ
3502 5821 3585 5876 σὺ
3610 5818 3738 5893 μεί-
