4072 6152
349 268 449 333 ’361

425 391 477 442 4.
515 381 731 444 Merciis
761 380 1059 448 ciltottatio.
1091 387 1288 463 Rapere
1317 401 1534 464 Oportet,
1577 407 1678 449 non
1722 398 1944 465 peritura

341 483 504 545 tona,
535 481 624 534 sed
650 497 860 552 regnum
881 482 1142 538 certorum.
1167 513 1237 524 -—
1257 483 1616 550 Quamobrem
1639 526 1654 550 ,
1680 485 1905 541 obsecro
1926 529 1942 556 ,

355 569 487 626 nihil
515 589 617 628 non
641 589 860 642 agamus
883 581 941 627 ut
967 583 1167 628 rectam
1217 575 1558 630 instituamus
1602 577 1786 644 vitam,
1826 579 1944 632 ani-

353 681 497 718 mum
532 675 838 734 purgemus,
863 673 919 718 ut
947 663 1075 718 nihil
1107 663 1345 719 sordium
1377 666 1944 735 nobisitnpcdimenlo

350 759 438 809 sit.
478 755 767 809 Accendite
789 755 940 809 rubis
969 755 1140 809 lucem
1163 755 1506 825 cognititmis,
1531 767 1583 808 et
1608 773 1673 809 ne
1704 757 1940 812 semine-

353 848 419 900 tis
444 847 494 900 in
521 846 706 914 Spinis.
731 843 830 913 Qui
857 860 962 899 non
993 845 1239 915 intelligit
1271 847 1461 898 malam
1493 861 1612 900 esse
1642 848 1938 911 avaritiam,

349 937 620 1003 quomodo
646 937 694 990 id
717 936 856 1006 quod
889 935 1057 1006 majus
1087 949 1162 991 est
1191 937 1355 990 sciet?
1379 935 1478 1004 Qui
1499 937 1566 990 ab
1581 937 1670 989 bis
1692 951 1795 990 non
1823 937 1943 990 abs-

353 1031 507 1095 tinet,
541 1029 808 1099 qitomodo
852 1029 956 1084 illis
991 1029 1251 1083 haérebil?
1288 1027 1498 1097 Ripch
1527 1027 1854 1094 bonum‘eSt,
1887 1039 1942 1084 at

350 1138 454 1173 non
503 1120 756 1188 peritura,
788 1120 881 1173 sed
935 1136 1155 1188 regnum
1205 1120 1650 1182 c;rlorum;‘nam
1690 1119 1928 1186 l'iolenti,

349 1214 534 1283 inquit,
571 1215 776 1284 rapiunt
800 1213 928 1267 illud
953 1213 1176 1285 (Matth.
1205 1215 1290 1269 il.
1322 1209 1440 1282 12).
1471 1213 1582 1267 Non
1608 1213 1766 1281 igitur
1786 1213 1932 1267 desi-

332 1304 442 1358 des
475 1319 759 1372 possumus
789 1303 916 1358 illud
967 1305 1256 1374 consequi,
1289 1304 1381 1358 sed
1417 1321 1536 1356 rmn
1579 1303 1852 1374 diligentia
1883 1313 1938 1359 et

345 1397 542 1450 studio.
573 1396 676 1450 Sed
723 1395 846 1466 quid
879 1395 977 1450 sibi
1010 1399 1138 1461 vult,
1164 1395 1390 1449 'Violrnti
1413 1390 1728 1450 ?”Violentia
1763 1395 1926 1448 inulta

343 1495 425 1541 est
447 1501 582 1556 Opus
611 1487 772 1553 (nam
802 1489 1022 1556 angus‘ta
1051 1495 1133 1540 est
1163 1487 1242 1538 via
1267 1485 1309 1555 ),
1339 1496 1389 1539 et
1414 1496 1633 1540 strenuo
1677 1500 1814 1553 opus
1843 1495 1922 1540 est

342 1577 540 1630 animo.
590 1571 690 1642 Qui
741 1575 972 1645 rapiunt,
1007 1589 1193 1660 optans
1220 1575 1398 1628 volunt
1431 1585 1768 1629 antevertere
1803 1595 1814 1628 :
1852 1577 1934 1629 ni-

329 1665 414 1720 -hil
446 1665 756 1736 respiciunt,
791 1681 896 1719 non
928 1664 1346 1729 damnationem,
1379 1681 1481 1718 non
1513 1665 1929 1730 accusationem,

343 1773 446 1810 non
473 1757 818 1828 suqqdirimn,
848 1756 940 1812 sed
984 1772 1146 1810 unmn
1208 1766 1434 1819 tantum,
1470 1755 1518 1808 id
1551 1769 1740 1822 rapere
1789 1755 1929 1824 quod

336 1858 612 1916 appetunt,
640 1858 692 1902 et
717 1863 902 1902 ciuiles
925 1847 1011 1918 qui
1039 1857 1162 1902 ante
1185 1856 1308 1901 sunt
1329 1855 1664 1900 antevertcre
1685 1844 1921 1898 student.

341 1939 630 2008 llapiamus
657 1953 784 2008 ergo
812 1947 1030 2007 regnum
1080 1937 1356 1992 etelomm.
1415 1935 1528 1989 Non
1569 1941 1654 1989 est
1694 1934 1847 2004 culpa
1879 1933 1928 1988 ill

336 2040 550 2096 rapere,
582 2028 673 2082 sed
706 2028 841 2081 laudi
869 2028 1060 2092 datur;
1105 2028 1259 2096 culpa
1318 2039 1444 2080 vero
1476 2033 1555 2080 est
1588 2037 1926 2093 non‘rapere.

338 2116 432 2171 llic
463 2117 660 2170 divitiae
689 2125 886 2172 nostra:
923 2118 1108 2172 non'in
1137 2111 1355 2172 alterius
1393 2116 1774 2170 detrimentum
1804 2129 1924 2169 ver-

336 2216 470 2260 tunt.
499 2205 817 2262 Studeamus
841 2221 967 2276 ergo
994 2201 1116 2260 illud
1147 2218 1354 2276 rapere.
1383 2205 1438 2260 Si
1469 2208 1568 2268 ira,
1600 2205 1644 2258 si
1672 2203 1927 2274 Concupi-

331 2299 534 2354 s‘centia
565 2297 784 2361 instent,
817 2297 1463 2352 naturtevim'iuferamus
1486 2336 1502 2362 ,
1535 2294 1924 2349 mansuetiores

331 2391 522 2455 simus,
549 2387 819 2458 patiluium
835 2385 1170 2454 laboremus,
1201 2397 1256 2442 ut
1280 2397 1538 2457 perretuo
1561 2387 1921 2457 quiescamus.

321 2479 409 2535 Ne
449 2481 626 2549 rapias
653 2492 874 2544 aurum;
902 2478 995 2533 sed
1023 2479 1142 2532 illas
1171 2493 1298 2546 rape
1325 2477 1536 2530 divitias
1555 2516 1570 2542 ,
1601 2491 1718 2544 qua:
1745 2482 1795 2528 te
1821 2488 1921 2528 atr-

324 2579 450 2623 rum
477 2583 573 2639 pro
601 2569 714 2624 luto
742 2567 936 2623 habere
960 2566 1240 2622 suadeant.
1269 2569 1360 2622 Dic
1390 2566 1540 2630 tnihi,
1571 2565 1614 2620 si
1645 2563 1918 2632 plumbum

329 2671 388 2714 et
413 2671 601 2714 aUrutn
631 2669 950 2729 prostarent,
974 2661 1099 2730 quid
1125 2659 1378 2730 raperes?
1401 2671 1574 2712 nonne
1597 2655 1822 2711 aurum?
1843 2654 1924 2710 Tu

1407 278 1482 338 ἸΝ
1518 275 1828 339 JOANNEM
1871 282 2097 345 "OM"...
2135 291 2253 347 ιν..
2295 293 2364 348 al.
2406 293 2540 352 LIV.

3551 317 3650 376 3ft!

2053 417 2178 458 vero
2217 404 2304 460 ubi
2339 408 2382 463 is
2406 411 2494 480 qui
2529 414 2667 483 rapit
2720 419 2951 486 pttnitur,
2976 425 3118 494 quod
3153 427 3322 496 majus
3356 441 3433 482 est
3469 431 3515 484 ιιι
3542 451 3639 488 uo-

2157 512 2170 558 ;
2187 497 2282 592 ‘ubi
2304 509 2482 555 autem
2508 517 2691 574 raptor
2713 507 3022 579 honoratur,
3045 517 3185 585 quod
3217 519 3386 588 majus
3404 534 3487 576 est
3516 541 3639 592 pro-

2049 583 2151 640 dis.
2179 587 2329 654 Quod
2361 593 2404 644 si
2437 597 2684 664 utrinque
2731 604 2934 670 punitio
2985 583 3150 672 esset,
3195 583 3371 665 annon
3421 614 3484 666 ad
3516 583 3636 672 'hoc

2049 679 2519 760 magisrenisscs?
2561 686 2655 742 ll'c
2693 699 2868 744 autem
2907 693 3034 746 nihil
3069 697 3171 750 tale
3199 707 3312 760 est,
3337 701 3428 755 sed
3463 703 3632 758 beati--

2050 767 2196 821 tudo.
2217 759 2292 823 Ἐι
2321 771 2608 841 quomodo,
2642 777 2847 846 inquies
2869 823 2882 846 ,
2912 784 3024 852 rapi
3079 793 3249 852 potest
3268 759 3307 840 ?7
3326 786 3538 862 Prejice
3568 813 3630 849 ea

2047 873 2162 950 qum
2192 876 2298 930 pra:
2329 863 2572 920 manibus
2601 867 2782 922 babes.
2812 872 2988 928 lloncc
3015 875 3156 929 enim
3177 877 3302 934 iure
3325 881 3343 912 ¹
3373 889 3657 950 ιθηιιιιιίἈ

2048 942 2133 1003 illa
2167 967 2353 1021 rapere
2381 971 2485 1008 non
2521 967 2691 1026 potes.
2745 960 2928 1030 Cogita
2977 965 3150 1020 virum
3196 979 3418 1038 argento
3448 942 3631 1042 plenas

2047 1055 2234 1099 manus
2275 1046 2589 1112 habentem;
2621 1067 2744 1105 ntun
2792 1055 2986 1121 poterit
3020 1055 3132 1110 'hoc
3176 1067 3388 1114 retento
3443 1080 3629 1120 aurum

2045 1148 2249 1203 rapere,
2302 1137 2400 1189 nisi
2460 1135 2585 1193 illud
2647 1142 2790 1210 prius
2844 1145 3475 1219 projieiatetexpeditus
3521 1157 3633 1210 sit?

2044 1223 2330 1294 Raptorem
2359 1229 2498 1282 enim
2540 1233 2842 1300 expeditum
2875 1251 2996 1292 esse
3038 1245 3270 1308 oportet,
3303 1259 3368 1296 nc
3394 1248 3629 1302 retinea-

2043 1325 2146 1369 tur.
2194 1316 2323 1370 Nam
2366 1331 2489 1374 sunt
2533 1324 2774 1390 qumdam
2819 1327 3137 1383 adversaria:
3181 1342 3473 1402 potestates
3511 1354 3630 1408 qua:

2042 1421 2139 1459 nus
2179 1406 2452 1472 invadunt,
2482 1421 2533 1463 ut
2566 1411 2690 1466 illud
2739 1415 2998 1474 auferant.
3053 1419 3159 1474 Sed
3194 1420 3454 1494 fugiamus
3485 1406 3624 1494 illas,

2041 1497 2322 1567 fugiamus.
2350 1497 2547 1556 nullam
2576 1505 2934 1577 relinquamus
2968 1510 3095 1568 foris
3116 1529 3319 1569 ansam.
3343 1513 3628 1575 Funesin-

2038 1583 2299 1657 eidamns,
2331 1587 2454 1646 ιιιιίιί
2504 1595 2662 1650 rebus
2707 1601 3054 1657 s:rcnlaribus
3084 1603 3272 1660 simus.
3311 1607 3449 1675 'Quis
3496 1627 3628 1666 usus

2037 1689 2118 1770 cst
2148 1681 2438 1735 sericarum
2465 1684 2738 1740 vestium“?
2763 1704 3038 1760 quousque
3069 1691 3414 1752 his’ridienlis
3442 1699 3625 1768 impli-

2035 1771 2317 1826 cabimur?
2347 1779 2624 1846 quousque
2649 1793 2834 1832 aurum
2876 1780 3247 1839 defodiamus?
3272 1783 3481 1844 Vellem
3511 1791 3626 1846 hare

2036 1873 2293 1933 perpetuo
2331 1866 2542 1922 dicendi
2575 1869 2732 1924 finem
2779 1870 2953 1928 facere
2983 1891 2996 1925 :
3027 1875 3119 1928 'sed
3153 1889 3250 1931 vos
3277 1893 3380 1933 non
3429 1882 3622 1947 sinitis,

2034 1948 2162 2008 mihi
2191 1971 2406 2029 semper
2433 1975 2618 2015 ansam
2649 1965 2966 2030 prmlientt-s.
3017 1966 3212 2022 Verum
3243 1986 3383 2026 nunc
3412 1975 3620 2029 tandem

2034 2044 2388 2114 absistamus,
2421 2058 2477 2104 ut
2517 2053 2762 2122 exemplo
2808 2054 2944 2109 alios
2985 2055 3322 2114 insumentes
3363 2065 3621 2130 promissa

2032 2149 2428 2208 consequamur
2483 2143 2618 2196 bona
2649 2183 2663 2207 ,
2710 2144 2879 2212 gratia
2926 2150 2981 2198 e't
3017 2145 3358 2218 benignitate
3414 2151 3619 2214 Domini

2033 2229 2200 2284 nostri
2231 2229 2388 2286 Jesus
2415 2229 2636 2298 Christi,
2679 2248 2774 2301 per
2805 2239 3039 2302 qttetn'e‘t
3059 2251 3177 2290 cum
3205 2254 3310 2307 quo
3335 2239 3476 2294 Patri
3501 2243 3619 2312 glo-

2031 2318 2130 2382 ria,
2171 2319 2436 2390 simulque
2487 2331 2671 2375 saur-tn
2719 2321 2963 2390 Spiritui,
2990 2337 3139 2380 mine
3164 2336 3216 2382 ει
3242 2343 3454 2400 semper
3482 2343 3534 2386 et
3567 2335 3618 2386 in

2029 2411 2224 2466 sx-‘Cula
2250 2414 2590 2468 saeculorum.
2624 2409 2817 2470 lmen.

2093 2670 2111 2702 ί
2147 2669 2435 2734 Alii'leg'nn't,
2459 2675 2732 2738 primordia,
2757 2691 2862 2740 iro,
2889 2678 3010 2729 hare.

1717 2841 2061 2904 HOMILIA
2109 2842 2236 2902 LV.

329 2996 455 3051 Cap.
478 2996 530 3052 8.
562 3014 609 3050 ι’.
643 2999 728 3053 48.
767 2999 1150 3069 Responderunt
1173 3015 1291 3070 ergo
1311 2997 1480 3052 Judtti
1506 2995 1808 3050 e’t'di-xrmnt
1831 2992 1915 3047 ei:

405 3087 590 3142 Nonne
614 3091 734 3144 bene
753 3091 972 3145 dicimus
1006 3107 1130 3157 nos,
1159 3093 1276 3158 quia
1305 3090 1658 3146 Samaritanus
1683 3103 1735 3142 es
1761 3098 1843 3153 tu,
1871 3098 1918 3141 et

388 3183 706 3236 vtlwnwnium
751 3185 946 3239 habes?
990 3185 1078 3238 49.
1127 3185 1400 3252 Respondit
1443 3183 1592 3238 Jesas
1619 3201 1638 3237 :
1670 3183 1776 3254 Ego
1807 3183 1914 3236 dte-

398 3271 623 3324 monium
652 3289 751 3325 non
777 3273 952 3339 habeo,
983 3275 1070 3327 sed
1098 3274 1374 3340 honori/ica
1404 3273 1634 3332 Patrem.

405 3365 458 3416 1.
485 3362 766 3431 Impndeus
793 3366 1138 3434 petulansque
1164 3375 1246 3420 est
1267 3367 1484 3426 malitia,
1509 3381 1626 3434 qna-
1648 3379 1766 3418 eum
1795 3379 1914 3417 eru-

328 3453 552 3508 bescere
579 3454 819 3519 deberet,
855 3457 1021 3523 magis
1049 3465 1431 3525 exasperatur;
1481 3466 1537 3510 ιιι
1575 3455 1775 3510 inda-is
1819 3469 1914 3507 usu

331 3549 494 3601 venit.
541 3547 672 3601 Cum
699 3545 1025 3617 oportuisset
1067 3550 1208 3602 enim
1241 3565 1304 3603 ex
1331 3549 1486 3603 dictis
1503 3544 1828 3616 compungi,
1862 3556 1916 3599 et

329 3637 580 3692 admirari
614 3639 857 3691 ﬁduciam
877 3643 894 3700 ',
922 3639 1317 3708 verborumque
1345 3641 1800 3708 censcqnentiam,
1823 3637 1914 3691 Je-

326 3743 444 3781 smn
475 3730 814 3783 contumeliis
840 3729 1109 3783 incessunt
1139 3770 1154 3794 ,
1184 3731 1682 3798 Samaritanumque
1714 3744 1774 3780 ac
1799 3727 1913 3780 dte.-

325 3819 572 3872 mouiacu
597 3837 626 3872 ιι
656 3829 882 3884 vocant,
913 3821 1204 3888 dicuntque
1239 3839 1254 3874 ;
1287 3819 1472 3872 Nonne
1520 3819 1640 3870 bene
1669 3817 1911 3878 diximus,

321 3909 444 3976 quia
475 3908 831 3962 Samaritanus
860 3925 910 3961 es
939 3919 990 3960 tu
1012 3949 1026 3972 ,
1055 3920 1101 3962 et
1127 3908 1430 3960 dictamnum
1465 3907 1651 3960 habes?
1689 3905 1914 3972 Quando

241 4023 248 4028 -
323 3999 470 4052 enim
505 3999 734 4054 sublime
761 3998 1026 4066 quidpiam
1059 3999 1266 4052 direhat
1288 4039 1302 4057 .
1333 3999 1380 4050 id
1413 3998 1558 4051 furor
1586 4013 1704 4051 esse
1733 3997 1800 4049 ab
1835 3997 1914 4048 iu-

323 4090 556 4144 sensatis
571 4091 986 4144 existimabatur.
1007 4091 1162 4157 Atqui
1179 4104 1432 4158 tttlStlttattt
1453 4088 1771 4156 evangelista
1790 4097 1912 4140 ante

322 4184 468 4237 dixit
493 4186 662 4252 ipsum
689 4183 1084 4238 Samaritanqu
1117 4183 1433 4250 appellatum
1467 4180 1662 4243 fuisse;
1689 4179 1810 4232 hinc
1838 4187 1914 4232 ta-

326 4290 450 4328 men
495 4273 753 4328 credibile
779 4283 861 4328 est
887 4274 1055 4342 ipsum
1101 4288 1242 4340 sa-pe
1276 4273 1374 4324 hoc
1405 4272 1620 4324 neruine
1667 4277 1911 4322 \‘oeatum

325 4365 511 4419 luisse.
567 4363 880 4418 Da'monium
931 4363 1081 4416 habes
1103 4405 1116 4423 ,
1143 4363 1334 4430 inquis.
1369 4363 1537 4429 Atque
1567 4371 1682 4413 ulcr
1709 4360 1912 4413 (homo-

323 4459 473 4508 ninm
497 4456 691 4508 habet?
721 4471 786 4506 an
817 4456 903 4522 qui
935 4455 1096 4506 lle-um
1123 4452 1366 4511 honorat,
1401 4467 1466 4503 an
1495 4451 1580 4520 qui
1615 4449 1784 4518 ipsum
1813 4447 1912 4502 hoe

323 4559 606 4602 norautem
624 4546 948 4600 contumelia
972 4544 1171 4597 aflieit?
1197 4543 1328 4607 Quid
1352 4557 1479 4610 ergo
1507 4541 1772 4604 Christus,
1799 4540 1909 4609 ipsa

327 4639 703 4704 mansuetudo,
735 4640 844 4706 ipsa
879 4637 1175 4690 modestia?
1229 4635 1334 4704 ligo
1364 4635 1664 4687 dtentonitmt
1693 4650 1792 4687 non
1822 4635 1911 4687 Ita-

324 4731 437 4796 beo,
467 4729 555 4784 sed
580 4729 861 4797 honoriﬁco
894 4726 1097 4780 Patrem
1121 4727 1206 4794 qui
1233 4728 1365 4778 misit
1402 4727 1520 4778 me?
1571 4725 1667 4780 Ubi
1696 4735 1911 4795 Oporteo

323 4823 418 4876 bat
447 4822 642 4876 dueere
669 4822 810 4884 illos,
843 4819 1036 4872 fastum
1069 4819 1278 4871 illortun
1327 4818 1646 4886 deprimere,
1676 4827 1731 4872 et
1760 4817 1910 4872 insti-

328 4925 478 4966 tuere
505 4927 572 4966 ne
600 4911 668 4965 de
698 4910 1005 4965 Abrahamo
1032 4909 1196 4962 altum
1224 4917 1492 4976 saperent,
1524 4909 1590 4960 ibi
1625 4911 1913 4962 vehemens

320 5013 468 5067 erat;
501 5003 587 5056 ubi
627 4999 979 5055 contumelias
1007 4997 1168 5063 ferre,
1197 4999 1356 5051 multa
1387 4997 1630 5051 utebatur
1659 5013 1908 5052 mansne-

321 5094 528 5148 tudine.

394 5185 522 5252 Quae
550 5195 726 5240 contra
757 5183 918 5238 Deum
948 5183 1186 5236 dicantur
1222 5183 1414 5243 ulcisci,
1445 5198 1554 5251 qua:
1577 5191 1749 5234 contra
1775 5198 1864 5234 nos
1887 5223 1902 5242 ,

325 5280 567 5342 patienter
594 5281 728 5349 ferre
779 5294 874 5346 par
901 5275 1234 5330 est—Cum
1275 5273 1540 5338 dicebant,
1575 5273 1783 5326 Patrem
1815 5271 1910 5325 ha-

321 5371 509 5425 bemus
544 5371 710 5424 l)cum
737 5378 793 5423 et
820 5369 1108 5430 Abraham,
1141 5367 1192 5419 in
1223 5366 1340 5420 illos
1367 5363 1746 5426 invehebatur;
1791 5379 1908 5419 eum

320 5472 499 5517 autem
551 5461 946 5516 daemoniaeum
994 5459 1348 5528 appellabant,
1385 5456 1622 5510 modeste
1663 5457 1912 5524 loquutus

322 5563 438 5617 est;
475 5562 529 5606 ut
562 5567 663 5604 uos
719 5551 1040 5613 institueret,
1093 5557 1352 5616 quatenus
1381 5563 1440 5599 ca
1471 5563 1586 5616 qnze
1642 5548 1692 5600 in
1745 5547 1907 5600 Deum

323 5641 732 5708 proferebantur
747 5639 1148 5700 ulcisceremur,
1172 5653 1286 5704 qua:
1309 5637 1358 5688 in
1386 5653 1480 5689 nos
1507 5646 1680 5689 autem
1708 5637 1909 5705 patien-

323 5745 398 5786 ter
425 5731 715 5788 ferretmts.
742 5729 830 5782 50.
869 5729 1090 5798 Egonon
1116 5743 1286 5792 qmrro
1317 5727 1526 5792 qlarimn
1573 5745 1748 5787 turam.
1785 5729 1908 5784 llaec

689 5833 962 5896 Parrum.
1008 5835 1122 5894 tiu.
1178 5835 1332 5896 LIX.

2019 2987 2163 3054 'dixi,
2181 2990 2370 3061 inquit_
2396 3001 2453 3046 ut
2468 2993 2804 3050 ostenderem
2831 3000 2977 3055 vobis
2999 3016 3103 3056 non
3115 3012 3426 3073 'eonqtetere
3449 3007 3613 3062 Deum

2030 3096 2220 3136 vocare
2274 3091 2497 3151 patrem,
2545 3086 2633 3154 qui
2691 3087 2970 3143 homicida:
3001 3097 3158 3145 estis.
3189 3095 3368 3164 Itaque
3396 3097 3613 3151 honoris

2030 3172 2193 3240 ilsius
2241 3189 2400 3228 causa
2457 3175 2568 3230 ha'c
2611 3177 2740 3241 dixi,
2785 3188 3082 3252 et.pr0pte'~r
3109 3186 3253 3241 illum
3285 3187 3386 3243 hoc
3413 3192 3611 3256 audio,

2027 3271 2185 3331 atpte
2227 3273 2440 3333 promer
2481 3267 2652 3336 ipsum
2698 3286 2784 3324 me
2831 3272 3182 3330 inbutam-alis.
3225 3276 3424 3332 Verum
3475 3280 3612 3333 hanc

2020 3354 2403 3408 contumeliam
2437 3371 2548 3410 non
2581 3373 2728 3411 curo.
2763 3359 2837 3413 llli
2882 3362 3023 3415 enim
3053 3363 3172 3417 ideo
3193 3381 3382 3432 muas
3407 3368 3612 3422 debeth

2027 3442 2309 3507 dictorum,
2341 3455 2556 3514 propter
2575 3463 2733 3516 quem
2781 3449 2892 3503 luce
2941 3467 3081 3504 mine
3121 3455 3296 3509 audio.
3351 3456 3461 3526 Ego
3511 3476 3612 3512 mm

2024 3547 2192 3598 qna-ro
2215 3534 2428 3602 gloriam
2456 3551 2638 3588 meam.
2683 3537 2804 3592 Ideo
2841 3541 3039 3594 omissa
3067 3541 3296 3598 \‘ittdiCla
3327 3545 3394 3600 ad
3414 3549 3612 3604 cohor-

2027 3622 2278 3674 tationem
2303 3627 2500 3686 verter,
2525 3633 2588 3678 et.
2616 3637 2800 3680 auctor
2830 3629 2985 3682 vobis
3015 3646 3154 3697 smn,
3183 3641 3238 3686 nl
3261 3634 3347 3688 illa
3379 3635 3608 3698 faciatis.

2025 3726 2250 3778 quorum
2279 3717 2451 3781 gratia
2484 3730 2589 3768 non
2636 3716 2794 3769 modo
2841 3721 3156 3788 supplicium
3189 3725 3474 3796 eil'ugictis,
3515 3732 3611 3785 sed

2023 3803 2180 3854 etiam
2211 3803 2370 3856 vitam
2392 3815 2650 3860 teternam
2677 3812 3098 3880 consequentini.
3131 3815 3220 3870 5|.
3254 3819 3434 3886 Amen,
3463 3838 3611 3876 amen

2023 3893 2135 3945 diro
2155 3893 2314 3960 vobis,
2340 3895 2384 3948 si
2407 3897 2517 3964 quis
2543 3914 2819 3953 sermonem
2847 3917 3008 3956 meum
3049 3909 3350 3972 servaverit,
3380 3927 3480 3964 non
3532 3912 3602 3965 tu"

2023 3985 2155 4039 debit
2184 3999 2390 4040 mortem
2415 3989 2466 4042 in
2489 4000 2752 4046 (uernum.
2786 3991 2880 4048 Hic
2921 4010 3024 4048 non
3059 3997 3216 4050 modo
3240 3999 3306 4053 de
3339 4000 3441 4054 fide
3461 4003 3600 4070 agit,

2024 4077 2116 4131 sed
2149 4079 2311 4131 etiam
2349 4079 2416 4132 de
2461 4081 2562 4133 rita
2593 4097 2742 4149 pura.
2777 4088 2852 4137 Ac
2877 4088 3122 4154 superius
3147 4089 3240 4155 ait,
3281 4089 3444 4144 Vitam
3466 4103 3610 4147 (etcr-

2024 4183 2143 4219 nam
2195 4167 2428 4231 habebit;
2480 4169 2570 4250 hic
2618 4188 2764 4239 vero,
2796 4176 3012 4229 Mortem
3045 4193 3144 4231 non
3177 4180 3358 4234 videbit
3387 4197 3406 4236 :
3432 4194 3485 4237 et
3509 4201 3610 4238 una

2023 4260 2326 4314 subindieat
2357 4262 2474 4316 illos
2521 4263 2648 4317 nihil
2677 4265 2956 4320 adversum
2990 4282 3047 4322 se
3074 4283 3249 4336 posse.
3285 4271 3415 4326 Nam
3448 4275 3492 4328 si
3521 4279 3608 4345 qui

2025 4367 2328 4408 sermonem
2359 4355 2477 4424 ejus
2505 4358 2814 4422 servaret-it,
2847 4374 2948 4412 non
2980 4361 3254 4426 morietur,
3277 4375 3476 4433 quanto
3507 4369 3608 4420 mi-

2025 4460 2126 4500 nus
2149 4445 2300 4514 ipse?
2327 4447 2380 4500 Id
2405 4462 2526 4501 cum
2560 4447 2632 4500 iili
2678 4447 3056 4518 intelligerent,
3087 4450 3276 4508 aiunt:
3313 4454 3402 4510 52.
3455 4455 3610 4510 Nunc

2025 4537 2372 4606 cognoscimus
2396 4539 2514 4606 quia
2541 4539 2845 4591 dwmonium
2873 4540 3022 4596 habes
3053 4556 3070 4594 :
3095 4541 3348 4602 Abt-ultam
3381 4559 3610 4605 mortuus

2026 4637 2115 4688 est,
2147 4629 2402 4697 prophetae
2443 4629 2624 4684 mortui
2664 4639 2812 4692 sunt;
2839 4629 2888 4686 id
2918 4639 3018 4695 cst,
3043 4631 3142 4699 Qui
3173 4633 3266 4690 Dei
3307 4651 3608 4694 sermonem

2025 4719 2326 4784 audierunt,
2356 4721 2548 4775 mortui
2577 4730 2721 4788 sunt,
2768 4730 2822 4776 et
2849 4725 2936 4792 qui
2963 4733 3106 4778 tuum
3152 4726 3457 4798 audierunt,
3505 4748 3608 4785 non

2027 4812 2470 4867 morientnr?55.
2518 4812 2784 4883 Numquid
2831 4824 2884 4868 tu
2936 4817 3102 4886 major
3148 4834 3200 4872 es
3251 4832 3394 4890 patre
3441 4835 3611 4879 nostra

2022 4903 2314 4959 Abraham?
2338 4901 2381 4957 Ο
2403 4903 2708 4972 jactantiam
2731 4905 2743 4957 !
2773 4905 2974 4960 Rursus
2999 4907 3064 4961 ad
3091 4907 3208 4976 ejus
3238 4914 3608 4981 cognationem

2023 4997 2306 5065 refugiunt.
2340 4996 2494 5064 Atqui
2526 5011 2620 5066 par
2641 4997 2824 5051 fuisset
2853 4997 3050 5062 dicere,
3076 4999 3338 5070 Numquid
3363 5012 3418 5056 tu
3441 5005 3607 5071 major

2023 5101 2080 5141 es
2114 5088 2258 5140 Deo?
2285 5087 2481 5156 autqui
2513 5097 2562 5141 te
2589 5087 2828 5150 audiunt,
2860 5089 3090 5158 majores
3119 5101 3245 5145 sunt
3267 5091 3606 5148 Abrahamo?

2023 5179 2125 5233 Sed
2155 5196 2256 5231 non
2288 5179 2388 5232 hoc
2417 5181 2616 5241 dicunt,
2641 5182 2762 5250 quia
2813 5181 2961 5236 illum
3001 5183 3303 5238 Abrahamo
3346 5187 3604 5240 minorem

2024 5272 2292 5338 putabant.
2323 5271 2556 5323 Primum
2605 5272 2781 5340 itaque
2827 5273 2942 5325 illos
2996 5273 3287 5326 homicidas
3337 5277 3604 5341 ostendit,

2021 5371 2180 5430 atque
2208 5361 2306 5414 hae
2333 5359 2540 5414 ratione
2561 5361 2705 5430 ipsos
2727 5377 2752 5412 a
2777 5362 3094 5428 Cogitatione
3121 5361 3336 5416 abducit
3369 5381 3380 5416 :
3406 5375 3456 5418 et
3485 5380 3605 5420 eum

2021 5451 2387 5520 persisterent,
2407 5451 2508 5504 alia
2538 5450 2586 5504 id
2607 5450 2911 5520 aggreditur
2938 5451 3038 5511 via,
3067 5449 3440 5508 demonstrans
3463 5457 3603 5523 ipsus

2022 5542 2214 5597 frustra
2244 5542 2503 5595 laborare.
2543 5542 2615 5594 De
2646 5549 2820 5592 morze
2849 5554 2974 5592 vero
3004 5539 3130 5594 nihil
3161 5539 3308 5607 dicit,
3332 5554 3419 5596 aut
3447 5561 3602 5598 rew-

2023 5633 2114 5697 lat,
2144 5648 2313 5700 neque
2335 5632 2563 5700 explicat
2590 5631 2655 5684 de
2685 5645 2786 5700 qua
2831 5630 3138 5700 loqueretur
3165 5643 3357 5688 meite.
3388 5633 3599 5688 Interim

2021 5734 2196 5780 autem
2221 5723 2402 5776 suadet
2432 5723 2532 5776 illis
2559 5737 2614 5774 se
2644 5721 2898 5789 majorem
2948 5724 3252 5780 Ahrahamo
3273 5741 3412 5788 esse,
3439 5739 3488 5777 ιιι
3523 5727 3597 5777 sic

3201 5827 3274 5885 10
