4072 6152
475 219 581 277 ἴοό
1215 231 1268 287 5.
1307 228 1581 288 JOANNIS
1618 222 2087 284 CHRYSOSTOMI
2129 223 2445 282 ARtleIEP.
2477 228 3006 287 CONSTANTINUP.

477 354 579 409 illis
598 352 869 424 pudorem
893 350 1129 406 inferret.
1158 348 1315 413 Sane,
1346 347 1533 419 inquit,
1565 343 1775 401 etiamsi
1798 342 1865 397 de
1896 340 2050 409 vulgo

473 459 674 509 essem,
707 456 811 495 non
837 448 1105 511 oporteret
1132 438 1401 493 innoxium
1433 444 1606 491 morte
1632 433 1875 489 mulctari
1895 446 2051 499 ;~cum

478 545 652 588 autem
681 532 952 586 veritatem
979 529 1172 592 dicam,
1197 528 1507 597 nullumque
1525 522 1833 580 admiserim
1857 536 2048 592 pecca-

480 635 608 688 tum,
637 631 843 693 atqtte'a
870 621 982 677 Deo
1010 608 1204 676 missus
1221 621 1390 688 major
1405 618 1504 673 sim
1524 615 1849 678 Abrahamo,
1874 627 2051 668 annon

480 716 652 770 furore
683 713 821 783 pleni
850 713 1042 767 frustra
1074 711 1349 776 laboratis,
1386 723 1507 764 cum
1537 722 1624 762 me
1647 704 1861 762 tentatis
1885 703 2052 758 inter-

480 805 674 860 ﬁcere?
701 802 836 870 Quid
865 817 992 872 ergo
1014 801 1129 857 illi?
1159 800 1317 854 ‘Nunc
1339 797 1682 869 cognoscimus
1714 797 1832 867 quia
1859 794 2052 848 daemo-

480 896 619 947 nium
648 894 819 948 habes.
854 895 920 947 At
949 907 1053 947 non
1085 892 1163 945 ita
1175 890 1504 947 Samaritana
1526 905 1541 956 ;
1564 901 1736 958 neque
1758 886 1898 941 enim
1923 882 2057 938 dixit

481 987 578 1050 illi,
613 982 1159 1049 Dzetnouiumrhabes;
1193 981 1285 1037 sed
1309 990 1546 1045 tantum,
1575 977 1838 1046 Numquid
1862 986 1915 1029 tu
1941 990 2054 1028 nta—

483 1077 563 1140 ior
586 1090 638 1128 es
667 1084 810 1146 patre
831 1081 1001 1128 nostro
1044 1070 1247 1126 Iacob?
1275 1072 1335 1125 lli
1367 1069 1563 1142 quippe
1606 1064 2056 1125 contumeliosiet

485 1174 793 1238 arrogantes
821 1173 1011 1231 erant;
1044 1163 1129 1219 illa
1161 1178 1288 1218 vero
1313 1159 1788 1231 discendi‘cupida.
1818 1157 1940 1213 Ideo
1962 1157 2058 1211 du-

485 1257 686 1322 bitavit,
715 1264 770 1312 et
793 1254 968 1312 debita
993 1271 1112 1310 cum
1138 1253 1397 1310 modestia
1419 1251 1712 1322 respondit,
1743 1250 2058 1305 Dominum-

481 1360 585 1419 que
614 1357 769 1404 vocat
793 1348 961 1402 illum.
987 1345 1086 1416 Qui
1111 1346 1252 1401 enim
1282 1346 1436 1415 longe
1462 1344 1662 1414 majora
1694 1342 1981 1412 pollicitus,
2003 1349 2058 1394 ct

485 1439 586 1493 tide
607 1439 798 1507 dignus
818 1444 953 1502 erat,
982 1451 1087 1491 non
1100 1435 1430 1492 contumelia
1458 1433 1792 1497 afficiendus,
1823 1432 1931 1486 imo
1959 1430 2056 1484 ad-

484 1529 1040 1587 mirationibabendus
1067 1537 1185 1585 erat
1211 1546 1224 1584 :
1255 1528 1310 1583 hi
1338 1542 1465 1584 vero
1494 1527 1877 1589 dtemoniacum
1908 1524 2056 1577 illum

482 1623 771 1693 appellant.
802 1621 1151 1677 Samaritana:
1197 1619 1357 1676 verba
1388 1618 1677 1675 dubitantis
1724 1625 1912 1683 erant;
1946 1616 2060 1673 lucc

481 1725 657 1770 autem
707 1714 1100 1769 incredulorum
1155 1721 1210 1769 ct
1263 1725 1657 1782 perversorum.
1712 1709 1976 1780 Numquid
2005 1717 2059 1762 tu

483 1806 648 1876 major
671 1821 722 1858 es
751 1813 893 1876 patre
921 1811 1088 1859 nostro
1116 1803 1372 1858 Abraham
1398 1802 1595 1875 (Joan.
1624 1803 1679 1858 4.
1711 1799 1814 1873 12-)
1836 1801 1859 1854 ?
1881 1799 2061 1870 Itaque

488 1898 588 1952 hoc
610 1913 729 1952 eum
755 1895 1013 1967 majorem
1044 1893 1188 1961 facit,
1220 1910 1376 1966 quam
1404 1894 1786 1951 Abrahamum.
1810 1892 1941 1949 Cum
1969 1906 2061 1946 au-

487 1998 591 2044 tem
633 1989 778 2043 illum
808 1989 1096 2045 exaltatum
1128 1988 1385 2054 videritis,
1429 1989 1601 2059 ipsum
1642 1987 1895 2058 majorem
1928 2002 2062 2043 esse

483 2077 887 2133 confitebitnini.
923 2077 1048 2134 ldco
1093 2077 1341 2146 dicebat,
1379 2078 1507 2134 Cum
1555 2078 1898 2134 excitam-itis
1942 2093 2059 2142 ore.

485 2177 601 2221 tunc
639 2168 942 2239 cognoscetis
967 2168 1088 2240 quia
1125 2185 1215 2240 ego
1239 2185 1369 2226 sum.
1419 2169 1488 2224 Et
1536 2170 1656 2225 vide
1708 2168 2059 2240 prudentiam.

484 2257 683 2323 Primo,
742 2257 845 2312 illis
891 2272 923 2313 a
971 2259 1288 2330 cognatione
1311 2259 1554 2327 semotis,
1603 2259 1836 2315 ostendit
1884 2273 1943 2314 se
1972 2259 2064 2315 illo

484 2348 741 2418 majorem
772 2363 912 2417 esse,
942 2356 999 2403 ut
1040 2349 1316 2420 prophetis
1357 2348 1511 2421 longe
1552 2348 1904 2409 excellentior
1945 2363 2064 2406 esse

482 2439 893 2510 intelligeretur.
939 2439 1070 2497 Cum
1116 2441 1257 2496 enim
1312 2428 1720 2512 illum-semper
1749 2441 2062 2512 prophetam

485 2533 836 2602 appellarent,
870 2531 991 2588 ideo
1037 2532 1284 2589 dicebat:
1318 2532 1499 2588 Sermo
1537 2548 1676 2588 meus
1715 2549 1817 2587 non
1845 2532 1981 2602 capit
2011 2533 2065 2587 in

482 2623 623 2676 vobis
669 2621 696 2695 -(
708 2637 753 2676 υ.
777 2622 903 2695 37).
934 2622 1046 2679 lllic
1091 2637 1255 2693 porro
1279 2623 1509 2692 dicebat,
1538 2637 1597 2680 se
1625 2634 1864 2680 mortuos
1895 2622 2065 2679 susci-

481 2722 600 2770 tare
624 2730 642 2779 ;
671 2713 755 2769 hic
776 2730 922 2781 vero,
952 2716 1101 2770 illum
1130 2716 1219 2786 qui
1262 2715 1523 2783 crederet,
1553 2731 1660 2771 non
1685 2716 1925 2770 visurum
1944 2730 2065 2771 esse

490 2815 713 2861 mortem
744 2825 757 2862 :
786 2808 926 2877 quod
954 2808 1118 2863 multo
1145 2809 1316 2879 majus
1339 2818 1490 2877 erat,
1540 2823 1702 2880 quam
1732 2823 1838 2864 non
1867 2822 2065 2864 conce-

487 2896 618 2951 dere
647 2904 702 2950 ut
744 2910 775 2950 a
802 2905 971 2953 morte
1018 2898 1355 2953 retineretur.
1400 2896 1522 2953 Ideo
1573 2897 1741 2967 magis
1777 2911 2064 2966 exaspera-

493 2983 699 3041 hantur.
731 2987 866 3055 Quid
903 3003 1030 3058 ergo
1057 2987 1279 3043 dicunt?
1311 2988 1471 3056 Quem
1523 2988 1738 3058 teipsum
1778 2989 1907 3059 facis
1929 2988 1955 3042 ?
1999 2989 2068 3044 Et

491 3078 592 3131 hoc
619 3077 1036 3143 contumeliose;
1068 3078 1167 3144 Tu,
1194 3078 1454 3148 inquiunt,
1485 3086 1536 3132 te
1561 3076 1820 3133 venditas.
1846 3078 1925 3133 Ad
1954 3080 2067 3135 haec

482 3165 730 3222 Christus
760 3182 774 3221 :
804 3167 894 3222 54.
923 3167 984 3223 Si
1022 3184 1112 3238 ego
1163 3168 1393 3239 glori/ica
1439 3167 1714 3238 meipsum,
1764 3168 1929 3239 gloria
1958 3186 2067 3223 mea

484 3256 619 3309 nihil
643 3266 735 3310 est.

560 3346 616 3401 2.
659 3347 794 3414 Quid
847 3347 935 3404 hic
980 3347 1163 3403 dicunt
1211 3348 1492 3406 haeretici?
1536 3348 1771 3416 Audivit,
1809 3349 2069 3424 Numquid

489 3441 733 3510 mitiores
753 3448 896 3509 patre
918 3449 1088 3494 nostro
1115 3440 1369 3495 Abraham
1390 3441 1416 3495 .9
1435 3454 1534 3496 nec
1559 3454 1722 3496 ausus
1738 3450 1821 3498 est
1844 3456 2066 3512 respon-

493 3530 642 3595 dere,
678 3531 892 3597 Etiam;
945 3530 1039 3586 sed
1087 3531 1312 3587 obscure
1339 3531 1590 3603 loquitur.
1619 3531 1756 3601 Quid
1782 3532 1954 3603 ergo?
1984 3534 2067 3587 ni-

495 3622 637 3677 hilne
664 3632 747 3678 est
770 3622 939 3693 gloria
969 3623 1123 3693 ejus?
1152 3624 1306 3695 Apud
1349 3625 1467 3680 illos
1505 3625 1655 3681 nihil.
1708 3625 2068 3693 Quemadmo-

494 3713 620 3769 dum
663 3715 806 3769 enim
849 3715 1001 3783 dicit,
1046 3715 1406 3773 Testimonium
1446 3735 1614 3773 meum
1639 3736 1740 3775 non
1764 3729 1835 3774 est
1863 3737 2065 3786 verum,

493 3821 686 3878 nempe
711 3807 1002 3864 secundum
1033 3809 1241 3865 illorum
1267 3811 1571 3881 opinionem
1605 3830 1618 3868 τ
1651 3813 1729 3866 sic
1753 3811 1929 3867 ethoc
1953 3811 2068 3867 loco

493 3896 641 3962 dicit,
689 3897 785 3952 Est
830 3899 917 3969 qui
942 3897 1209 3970 gioriﬁcat
1233 3917 1329 3955 me.
1383 3901 1446 3955 Et
1475 3914 1569 3955 cur
1598 3915 1702 3955 non
1729 3900 1882 3969 dixit,
1916 3901 2071 3957 Pater

492 3988 578 4057 qui
613 3988 757 4043 misit
785 3989 909 4044 me?
935 3999 990 4043 ut
1025 4004 1182 4059 supra
1207 3991 1360 4054 dixit,
1400 3990 1513 4056 sed,
1568 3990 1728 4059 Quem
1770 4007 1856 4046 eos
1906 3992 2069 4046 dicitis

492 4079 608 4146 quia
655 4078 792 4134 Deus
837 4089 996 4134 uester
1042 4089 1133 4149 est,
1168 4090 1231 4137 et
1275 4098 1375 4136 non
1424 4083 1630 4137 novistis
1669 4084 1824 4139 eum?
1848 4082 2072 4139 Volebat

493 4169 777 4227 ostendere
803 4171 948 4242 ipsos
974 4187 1080 4229 non
1107 4173 1266 4229 modo
1307 4173 1541 4241 Patrem,
1574 4175 1667 4231 sed
1710 4173 1872 4231 etiam
1902 4175 2067 4230 Deum

494 4261 761 4331 ignorare.
797 4261 904 4334 Ego
929 4273 1095 4319 autent
1115 4265 1231 4319 novi
1248 4281 1380 4320 eum.
1401 4265 1588 4337 itaque
1607 4280 1734 4321 cum
1763 4266 1905 4335 dico,
1935 4266 2071 4322 Novi

491 4369 624 4419 (um,
657 4369 760 4415 non
792 4365 873 4410 est
908 4356 1192 4425 iactantia;
1223 4357 1268 4410 si
1298 4356 1528 4412 dicerem
1572 4373 1659 4413 me
1711 4372 1818 4413 non
1870 4372 2064 4424 nosse,

495 4443 827 4499 mendacium
865 4453 1008 4499 esset
1029 4461 1046 4511 ;
1066 4460 1174 4500 vos
1203 4453 1379 4500 autem
1403 4461 1526 4502 cum
1556 4447 1733 4502 dicitis
1777 4463 1876 4505 vos
1920 4449 2067 4505 illum

492 4548 674 4601 nosse,
703 4535 986 4590 mendaces
997 4536 1159 4591 estis.
1204 4536 1378 4606 Atque
1410 4545 1470 4592 ut
1500 4552 1603 4596 vos
1636 4553 1794 4595 nosse
1823 4539 1955 4596 falso
1982 4540 2069 4595 di-

492 4624 634 4689 citis,
661 4624 730 4676 ita
757 4636 856 4691 ego
881 4638 969 4679 me
992 4638 1098 4679 non
1125 4639 1285 4680 nosse
1316 4625 1451 4682 falso
1476 4626 1730 4682 dicerem.
1760 4627 1824 4682 Si
1838 4644 1935 4699 ego
1959 4630 2070 4700 glo-

491 4711 635 4779 riﬁco
664 4712 927 4782 nteipsum.
949 4712 1084 4780 Quia
1130 4713 1396 4783 dicebant,
1452 4716 1610 4782 Quem
1652 4717 1864 4788 teipsum
1902 4719 2071 4789 facis?

492 4804 780 4873 respondet
808 4805 916 4873 ille,
946 4806 1008 4862 Si
1032 4823 1122 4879 ego
1152 4808 1397 4878 meipsum
1425 4807 1582 4875 facio,
1610 4808 1774 4881 gloria
1810 4826 1920 4863 mea
1940 4812 2068 4871 nihil.

489 4906 583 4953 est.
627 4895 699 4955 Ut
746 4912 875 4969 ergo
922 4899 1070 4955 illum
1122 4901 1354 4971 perfecte
1401 4903 1547 4969 novi,
1577 4903 1654 4958 sic
1681 4918 1775 4960 vos
1810 4904 2065 4976 ignoratis

489 4990 686 5060 ipsum.
734 4988 803 5046 lJt
855 5005 976 5047 cum
1006 4991 1075 5048 de
1123 4991 1431 5049 Abrahamo
1470 5004 1739 5066 ageretur,
1769 5011 1876 5051 non
1896 5004 2064 5053 totum

486 5079 720 5144 abstulit,
752 5079 845 5137 sed
875 5080 1026 5148 dixit,
1053 5081 1178 5137 Scio
1202 5082 1325 5153 quia
1354 5097 1537 5140 semen
1571 5084 1799 5141 Abrabte
1828 5087 1977 5153 estis,
2006 5096 2067 5142 ut

487 5170 611 5225 hinc
640 5171 895 5241 majorem
922 5170 1142 5228 inferret
1180 5174 1569 5230 accusationem
1594 5192 1610 5241 ;
1639 5177 1716 5232 sic
1740 5185 1795 5232 et
1817 5176 1918 5233 hoc
1945 5178 2064 5234 loco

486 5277 590 5315 non
621 5272 789 5319 totum
810 5263 1049 5331 abstulit,
1098 5263 1192 5319 sed
1219 5264 1387 5336 quid?
1414 5266 1571 5332 Quem
1592 5284 1678 5323 vos
1705 5269 1889 5324 dicitis.
1914 5269 2061 5325 illam

485 5352 785 5409 concedens
828 5355 1051 5425 gloriam
1073 5397 1088 5422 ,
1121 5356 1378 5426 majorem
1407 5356 1586 5413 eﬁ‘eeit
1614 5359 2059 5416 criminationem.

484 5439 763 5507 Quomodo
799 5454 977 5500 autem
1015 5446 1168 5501 illum
1217 5447 1510 5517 ignoratis?
1560 5448 1694 5516 Quia
1740 5450 1920 5513 illum,
1971 5452 2061 5521 qui

483 5530 660 5582 omnia
689 5530 755 5585 ad
780 5532 896 5600 ejus
917 5534 1141 5603 gloriam
1173 5536 1298 5592 facit
1320 5548 1375 5594 et
1398 5539 1547 5605 dicit,
1594 5540 1914 5594 contumelia
1944 5540 2064 5593 affi-

482 5618 629 5683 citis,
663 5619 787 5674 licet
814 5619 883 5674 ab
910 5622 1026 5691 ipso
1045 5624 1238 5680 missus
1271 5628 1359 5681 sit.
1391 5629 1583 5685 Verum
1612 5629 1715 5685 hoc
1740 5630 1855 5686 sine
1898 5631 2044 5685 testi-

3636 236 3735 294 3M

2161 341 2339 395 monio
2366 351 2466 407 est,
2496 343 2589 397 sed
2615 343 2755 414 quod
2782 344 3022 414 sequitur
3044 344 3107 400 ad
3134 344 3257 399 illud
3287 346 3617 416 prehendunt
3641 365 3736 404 usu

2158 434 2355 489 veniet.
2385 436 2473 491 55.
2508 435 2574 489 Et
2595 452 2870 491 sermonem
2892 438 3003 507 ejus
3022 453 3182 491 servo.
3211 438 3308 493 llic
3338 439 3380 492 si
3404 439 3531 509 quid
3553 453 3736 497 contra

2160 523 2489 591 habuissent,
2535 525 2770 595 objiccre
2800 536 3080 597 poterant;
3121 543 3370 599 magnum
3405 530 3602 600 quippe
3638 532 3736 589 hoc

2158 622 2273 669 erat
2300 615 2572 685 iudicium,
2603 617 2775 687 ipsum
2801 632 2831 672 a
2865 618 2972 673 Deo
2997 618 3215 673 missum
3244 619 3426 676 fuisse.
3460 621 3549 676 56.
3578 621 3728 677 Abra-

2146 706 2274 759 ‘hnm
2298 716 2439 775 pater
2456 717 2614 762 vester
2640 708 2904 763 multavit
2929 717 2981 763 ut
3001 709 3185 763 videret
3209 711 3340 765 diem
3362 728 3524 766 nteant
3548 729 3566 777 ;
3587 724 3634 768 et
3659 718 3730 769 ui-

2159 795 2253 863 dit,
2274 805 2320 850 et
2349 798 2547 868 gavisus
2583 808 2675 854 est.
2698 798 2938 854 Rursum
2969 800 3155 869 probat
3184 801 3300 857 illos
3337 802 3406 857 ab
3433 804 3738 861 Abrahamo

2159 886 2533 956 alienos-esse,
2558 889 2858 961 quando-de
2877 892 3072 961 quibus
3099 893 3186 947 ille
3207 893 3490 964 gaudebat,
3518 898 3616 969 ipsi
3645 898 3738 952 do-

2148 977 2293 1033 .leut.
2317 978 2462 1035 Diem
2487 988 2666 1036 autem
2685 980 2966 1037 erucis’hic
2984 981 3219 1037 indicare
3242 993 3387 1053 puto,
3414 1001 3573 1056 quam
3597 988 3737 1043 arie-

2150 1070 2307 1125 tiset
2335 1069 2494 1126 isaaci
2514 1072 2780 1127 sacriﬁcio
2812 1073 3260 1144 praefigunt-erat.
3291 1076 3427 1144 Quid
3455 1093 3583 1150 ergo
3627 1081 3740 1134 illi?

2162 1161 2251 1215 57.
2271 1161 2637 1233 Quadraginta
2666 1165 2681 1194 ¹
2711 1180 2873 1219 annos
2918 1165 3150 1220 nondum
3185 1167 3357 1236 habes,
3403 1179 3452 1224 et
3486 1171 3738 1225 Abraham

2162 1253 2371 1308 vidisti?
2410 1253 2591 1323 Itaque
2631 1255 2975 1326 quadraginta
3024 1272 3197 1313 annos
3224 1273 3392 1330 prope
3411 1260 3522 1331 jam
3549 1263 3739 1333 attige-

2163 1352 2243 1399 rat
2267 1343 2530 1400 Christus.
2572 1345 2711 1401 Dixit
2745 1348 2824 1402 eis
2868 1364 2883 1403 :
2930 1346 3237 1421 Priusquam
3284 1352 3540 1407 Abraham
3565 1356 3740 1424 ﬁeret,

2161 1449 2253 1505 ego
2275 1451 2406 1489 sum.
2435 1435 2519 1491 59.
2551 1435 2619 1491 Et
2641 1447 2940 1507 acceperunt
2962 1440 3179 1511 lapides,
3215 1450 3270 1495 ut
3285 1443 3513 1514 iacerent
3530 1445 3582 1498 in
3606 1462 3739 1501 eum.

2167 1524 2351 1580 Viden'
2390 1527 2660 1597 quomodo
2693 1543 2753 1584 sc
2788 1529 3090 1587 Abrahamo
3121 1530 3376 1601 majorem
3402 1547 3522 1589 esse
3548 1535 3741 1605 proha-

2164 1617 2458 1685 verit?Qui
2488 1620 2629 1674 enim
2667 1621 2880 1690 gavisus
2922 1629 3007 1676 est
3044 1628 3101 1676 ut
3142 1622 3344 1680 videret
3391 1625 3555 1694 dicat,
3603 1637 3655 1683 et
3687 1629 3736 1681 id

2165 1706 2398 1776 eptahile
2425 1713 2650 1778 putavit,
2675 1710 2789 1766 sine
2815 1709 2977 1766 dubio
2999 1711 3048 1766 id
3079 1711 3341 1768 beneficio
3382 1728 3501 1770 esse
3520 1718 3740 1786 putavit,

2165 1796 2306 1867 quod
2333 1798 2421 1854 ille
2445 1798 2618 1869 major
2641 1809 2805 1857 esset.
2837 1800 2967 1856 Nam
2992 1816 3111 1856 cum
3142 1801 3312 1859 Judaei
3345 1804 3492 1859 illum
3517 1804 3647 1861 fabri
3685 1809 3741 1860 ti-

2169 1886 2294 1942 lium
2320 1888 2558 1943 dicerent
2585 1888 2808 1961 (Matth.
2836 1891 2923 1946 15.
2952 1892 3022 1947 55
3043 1890 3061 1961 )
3085 1934 3100 1957 ,
3131 1907 3305 1962 neque
3342 1895 3570 1964 amplius
3594 1897 3741 1966 quid-

2165 1993 2324 2046 quam
2347 1977 2415 2033 de
2440 1979 2531 2033 illo
2554 1980 2946 2048 existimarent,
2983 1982 3236 2052 paulatim
3259 1998 3353 2039 eos
3377 1985 3443 2040 ad
3473 1987 3748 2042 sublimio-

2154 2084 2280 2124 rem
2339 2069 2741 2142 intelligentiam
2788 2073 2964 2145 erigit.
3001 2074 3140 2129 Cum
3191 2089 3319 2145 ergo
3357 2076 3640 2134 audierunt
3686 2094 3745 2134 se

2156 2161 2335 2218 ﬂeam
2365 2177 2470 2218 non
2497 2177 2675 2232 nosse,
2704 2164 2756 2219 id
2779 2179 2884 2221 non
2925 2181 3067 2237 tegre
3097 2168 3361 2235 tulerunt;
3408 2184 3528 2225 cuin
3568 2181 3743 2226 autem

2152 2252 2479 2320 =audicrunt,
2523 2254 2802 2326 Antequam
2839 2256 3096 2312 Abraham
3121 2258 3283 2328 ﬁeret,
3315 2276 3406 2332 ego
3432 2278 3569 2330 sum,
3613 2279 3675 2319 ac
3700 2266 3745 2318 si

2167 2359 2352 2401 eorum
2375 2345 2621 2401 nobilitas
2646 2345 3016 2419 degeneraret,
3041 2359 3425 2421 cxasperantur
3438 2362 3502 2408 et
3543 2353 3744 2426 lapides

2156 2435 2386 2506 .jaeiunt.
2414 2435 2559 2491 Vidit
2591 2439 2726 2493 diem
2749 2456 2930 2504 nteant,
2959 2449 3007 2495 et
3047 2442 3247 2514 gauisus
3287 2452 3383 2498 est.
3403 2443 3652 2501 Ostendit
3680 2462 3738 2503 se

2169 2541 2275 2585 non
2307 2526 2525 2582 invitum
2558 2528 2624 2585 ad
2652 2543 2862 2586 crucem
2892 2531 3075 2587 venire
3101 2550 3113 2587 :
3138 2532 3399 2604 siquidem
3422 2535 3602 2592 laudat
3625 2552 3744 2594 eum

2168 2618 2257 2689 qui
2285 2617 2353 2675 de
2370 2633 2527 2675 cruce
2545 2620 2759 2691 gaudet,
2786 2622 3071 2693 qutesalus
3093 2624 3277 2681 mundi
3304 2633 3439 2682 erat.
3466 2625 3548 2683 llli
3570 2638 3745 2685 autem

2169 2709 2471 2781 lapidabant
2501 2729 2514 2764 :
2540 2711 2610 2766 ita
2641 2721 2795 2768 erant
2825 2712 2901 2768 ad
2928 2713 3103 2769 credes
3125 2715 3326 2785 parati,
3378 2725 3434 2775 et
3480 2719 3597 2776 sine
3636 2720 3748 2776 ullo

2170 2802 2414 2857 examine
2454 2801 2504 2856 id
2545 2801 3005 2877 exsc'faeiebant.

2240 2889 2308 2944 “In
2338 2890 2663 2956 Cltristovoat,
2699 2892 2850 2958 Sum,
2869 2893 3244 2963 perpetuitatem
3268 2896 3541 2967 signiﬁcat.
3563 2899 3747 2955 -—‘Cur

2174 2996 2427 3038 vero‘non
2455 2982 2607 3046 dixit,
2634 2982 2942 3053 Priusquam
2966 2984 3234 3040 Abraham
3261 2986 3428 3054 ﬁeret,
3457 3003 3556 3059 ego
3576 3004 3744 3056 erant,

2173 3074 2290 3141 sed,
2323 3073 2435 3144 Ego
2460 3090 2571 3128 sum
2587 3075 2613 3128 i
2634 3072 2782 3130 Sicut
2822 3074 2997 3145 ipsius
3017 3075 3177 3132 Pater
3206 3077 3292 3131 illa
3305 3090 3448 3135 usus
3468 3088 3551 3134 est
3577 3095 3708 3136 voce
3722 3120 3748 3149 η,

2176 3166 2322 3231 Sum,
2344 3165 2430 3220 sic
2451 3164 2639 3220 et'ille.
2668 3164 2790 3220 llzcc
2808 3167 3003 3237 quippe
3026 3168 3412 3239 vox‘signiﬂcat
3430 3171 3602 3241 ipsum
3627 3189 3749 3244 per-

2176 3265 2332 3326 petuo
2352 3269 2490 3320 esse,
2518 3257 2586 3310 ab
2613 3254 3000 3311 omnilihcrum
3054 3267 3326 3329 tempore;
3368 3260 3592 3332 ideoque
3620 3265 3750 3333 ipsis

2175 3345 2480 3415 blaspheme
2494 3358 2591 3398 vox
2605 3359 2724 3400 esse
2736 3344 3030 3400 videbatur.
3048 3345 3145 3414 Qui
3160 3362 3288 3404 vero
3297 3353 3749 3421 comparationem

2176 3436 2316 3490 illam
2339 3450 2458 3490 cum
2482 3436 2786 3491 Abrahamo
2812 3451 2917 3491 non
2940 3436 3203 3503 ferebant,
3231 3439 3353 3495 licet
3375 3441 3463 3496 illa
3481 3459 3586 3498 non
3610 3453 3752 3499 tanta

2172 3537 2315 3585 esset
2340 3545 2353 3596 ;
2380 3530 2425 3583 si
2456 3542 2600 3599 saepe
2628 3542 2687 3584 se
2714 3529 2853 3583 Patri
2880 3539 3229 3600 coaequassct,
3253 3547 3431 3589 annon
3453 3535 3602 3590 illum
3626 3550 3753 3606 pcr-

2172 3628 2336 3688 petno
2393 3619 2783 3688 impetiisseut?
2832 3620 3036 3675 Deinde
3087 3619 3218 3691 fugit
3267 3624 3461 3678 iterum
3521 3625 3753 3680 humano

2175 3725 2343 3777 more,
2373 3719 2427 3765 et
2449 3710 2730 3766 abscondit
2754 3725 2832 3779 se,
2860 3727 2979 3767 cum
3008 3713 3138 3768 satis
3158 3726 3252 3768 eos
3279 3715 3547 3773 docuisset
3575 3726 3631 3773 et
3657 3733 3752 3773 sua

2176 3801 2476 3871 implesset;
2526 3801 2686 3857 exivit
2717 3801 2784 3858 de
2815 3803 3035 3873 templo,
3066 3811 3123 3858 et
3156 3807 3385 3863 secessit
3402 3807 3469 3862 ad
3486 3808 3627 3864 caeci
3650 3825 3718 3864 cu
3738 3837 3754 3849 -

2175 3893 2457 3959 rationem,
2477 3894 2727 3962 operibus
2751 3893 2908 3949 fidem
2935 3893 3034 3948 sibi
3062 3896 3373 3963 concilians,
3396 3898 3541 3968 quod
3556 3914 3755 3970 nempe

2175 3990 2301 4037 ante
2342 3982 2611 4037 Abraham
2632 3991 2800 4040 esset.
2832 3984 2935 4040 Sed
2958 3983 3103 4040 forte
3132 3986 3275 4041 dicet
3315 3988 3580 4057 quispiam
3606 4007 3619 4042 :
3648 3987 3760 4044 Cur

2177 4072 2382 4127 illorum
2411 4080 2657 4128 conatum
2692 4088 2795 4128 non
2824 4074 3009 4144 fregit?
3047 4077 3125 4130 sic
3150 4077 3453 4133 cnimforte
3491 4080 3755 4135 credidis-

2176 4170 2314 4218 sent.
2356 4161 2709 4234 Paralyticum
2749 4165 2975 4232 sanavit,
3028 4180 3126 4220 nec
3179 4165 3558 4235 crediderunt;
3608 4170 3755 4226 milio

2175 4255 2323 4325 signa
2353 4256 2496 4324 fecit,
2519 4264 2574 4311 et
2598 4256 2651 4311 in
2691 4256 2803 4326 ipsa
2829 4259 3077 4327 passione
3103 4259 3322 4329 supinos
3364 4260 3486 4317 illos
3517 4273 3756 4331 prostra-

2176 4347 2271 4414 vit,
2301 4347 2514 4402 illorum
2541 4348 2726 4402 oculos
2755 4348 3148 4411 obtenebravit,
3166 4360 3226 4406 .et
3244 4366 3353 4405 non
3377 4351 3752 4418 crediderunt;

2174 4446 2229 4493 et
2255 4437 2521 4508 quomodo
2546 4438 2924 4509 credidissent,
2965 4442 3010 4495 si
3059 4442 3165 4495 vim
3208 4453 3262 4498 et
3278 4453 3537 4500 cean
3566 4460 3750 4501 eorum

2174 4528 2454 4584 solvisset?
2476 4529 2669 4585 Animo
2711 4530 2906 4601 quippe
2949 4530 3233 4601 desperato
3261 4534 3391 4588 nihil
3414 4535 3565 4605 pejus
3596 4552 3610 4590 :
3643 4536 3753 4589 sive

2175 4620 2325 4689 signa
2353 4620 2568 4687 viderit,
2597 4622 2710 4676 sive
2732 4622 2999 4692 prodigia,
3027 4623 3081 4676 in
3104 4624 3295 4678 eadem
3322 4634 3632 4695 perseverat
3657 4626 3753 4680 imo

2176 4708 2446 4778 pudentia.
2479 4708 2610 4763 Nam
2638 4710 2843 4766 Pharao
2870 4713 3014 4766 mille
3037 4713 3202 4783 plagis
3231 4716 3485 4786 acceptis,
3514 4731 3636 4772 cum
3666 4733 3752 4769 rn-

2174 4799 2459 4870 stigaretur
2488 4809 2715 4867 tantum,
2744 4803 3113 4873 resipiscebat,
3141 4812 3202 4859 et
3223 4818 3391 4876 usque
3415 4806 3483 4861 ad
3512 4808 3749 4862 ultimum

2172 4890 2314 4946 diem
2343 4889 2480 4946 idem
2497 4893 2753 4962 perstitit,
2785 4894 2905 4950 illos
2925 4910 3060 4966 quos
3075 4895 3356 4954 dimiserat
3381 4909 3751 4969 persequutus.

2171 4981 2299 5036 Ideo
2345 4982 2541 5038 Paulus
2578 4997 2722 5053 saepe
2756 4984 2907 5050 dicit,
2956 4985 3038 5040 Ne
3086 4986 3364 5043 abduntur
3385 4989 3500 5057 quis
3525 5005 3589 5043 es
3616 4989 3752 5043 vobis

2171 5073 2382 5142 fallacia
2430 5076 2629 5144 peccati
2658 5074 2861 5145 (Hebr.
2887 5078 2939 5132 ‘5.
2968 5077 3060 5147 8).
3101 5077 3561 5144 Quemadmodum
3607 5084 3749 5135 enim

2166 5164 2312 5219 vires
2330 5165 2571 5234 corporis
2594 5166 2616 5197 ³
2634 5166 2850 5221 demum
2877 5169 3310 5238 exstinguuntur,
3333 5179 3614 5225 et.omnem
3631 5186 3753 5224 son-

2234 5278 2252 5309 ¹
2287 5277 2364 5344 βία
2384 5290 2556 5344 omnes
2578 5286 2681 5344 uss.
2709 5277 2901 5344 etEditi
2925 5279 3267 5344 Chrysostomi,
3291 5288 3442 5344 atque
3464 5282 3532 5331 ita
3548 5282 3749 5342 legitur,

2163 5339 2411 5402 inquiunt,
2436 5340 2485 5402 in
2523 5340 2733 5402 quodam
2775 5339 3036 5392 Barberinti
3076 5339 3268 5392 Codice.
3292 5339 3626 5391 sodaliorum'
3640 5339 3750 5393 novi

2167 5401 2465 5467 Testamenti
2490 5401 2843 5467 exemplarium
2859 5409 3061 5467 recepta
3084 5402 3234 5467 lectio
3257 5411 3362 5467 est,
3385 5403 3749 5467 quinquaginta.

2231 5463 2252 5493 ³
2282 5458 2394 5519 Hic,
2418 5462 2574 5525 inquit
2592 5458 2754 5525 δήῆι..
2774 5458 3087 5525 inserendum
3108 5458 3621 5525 conjicitdbétissiinns
3649 5465 3750 5513 noi-

2173 5522 2290 5587 sins_._
2315 5520 2498 5587 morbis
2509 5520 2749 5587 diuturnis
2765 5522 3043 5587 exhaustae,
3072 5532 3123 5572 et
3144 5520 3343 5587 quidem
3374 5523 3555 5587 aliquid
3581 5526 3749 5580 huius-

2166 5580 2294 5628 modi
2315 5580 2581 5630 dcsiderari
2603 5581 2781 5632 clarum
2801 5592 2891 5633 est.
2907 5584 3088 5633 Verum
3110 5580 3374 5634 reclamant
3396 5580 3558 5636 omnia
3578 5599 3746 5635 exem-

2172 5641 2335 5703 plaria,
2362 5648 2413 5689 et
2435 5644 2504 5690 sic
2526 5656 2669 5705 posse
2692 5653 2823 5694 stare
2848 5653 3038 5695 textum
3061 5646 3290 5697 arbitror.
