4072 6152
370 369 476 425 305

370 497 488 538 sum
518 479 770 534 amittunt
792 497 805 534 :
829 479 906 534 sic
931 487 985 534 et
1012 476 1184 535 anima
1213 478 1392 534 multis
1413 476 1694 533 allectibus
1721 475 1956 539 detenta,

370 576 436 629 ad
466 576 718 626 virtutem
747 569 802 625 lit
835 571 974 626 velut
1003 580 1234 627 mortua.
1257 569 1520 639 Quidquid
1552 569 1649 640 ipsi
1677 567 1955 633 obtuleris,

372 665 505 720 nihil
532 665 733 729 sentit;
766 663 864 719 sed
889 663 1002 720 sive
1045 665 1387 734 supplicium,
1429 665 1541 719 sive
1581 661 1792 734 quidvis
1814 661 1955 715 aliud

371 757 738 824 commincris,
763 758 879 812 sine
905 771 1064 812 sensu
1087 765 1286 813 manet.

441 849 494 904 5.
525 848 714 904 Contra
731 847 924 902 invidos
945 865 963 914 ,°
987 849 1187 903 invidus
1209 858 1262 902 ut
1285 849 1656 918 alium-perdat,
1677 847 1784 919 ipse
1802 846 1952 916 perit.

395 973 442 986 κ
460 941 818 1010 Quamobrem
844 982 858 1005 ,
906 941 1130 996 obsecro
1153 983 1168 1008 ,
1207 940 1379 998 donec
1403 955 1551 1012 spem
1575 941 1762 995 salutis
1794 939 1954 994 habeo

372 1049 510 1098 mus,
533 1032 704 1088 donec
723 1031 961 1088 converti
986 1046 1288 1102 possumus,
1318 1033 1495 1087 omnia
1527 1031 1795 1086 faciamus.
1820 1030 1952 1086 Nam

367 1125 456 1194 qui
485 1139 644 1179 sensu
665 1133 866 1188 carent,
892 1132 1159 1195 tamquam
1175 1124 1560 1194 gubernatores
1585 1123 1946 1192 desperantes,

368 1229 556 1269 navem
588 1213 760 1268 ventis
788 1215 1147 1280 committunt,
1177 1213 1305 1267 nihil
1345 1229 1408 1268 ex
1439 1227 1498 1268 se
1525 1213 1844 1276 all'erentes;
1873 1211 1952 1266 sic

365 1321 423 1358 se
449 1304 682 1372 denique
705 1303 791 1358 isti
819 1312 1028 1372 gerunt.
1061 1303 1275 1358 invidus
1319 1303 1420 1358 hoc
1448 1320 1608 1359 utnun
1639 1311 1862 1372 spectat,
1894 1310 1954 1356 ut

364 1397 712 1467 cupiditatem
753 1411 904 1450 suam
939 1397 1157 1466 impleat
1199 1414 1212 1448 :
1243 1396 1343 1450 etsi
1381 1395 1776 1464 snppﬁciumet
1803 1409 1948 1446 mor-

366 1499 470 1540 tem
495 1487 565 1541 sit
603 1487 896 1553 subiturus,
927 1486 1173 1542 morbum
1211 1486 1374 1540 animi
1402 1496 1548 1540 curat
1579 1486 1785 1548 Solum;
1815 1493 1874 1538 ut
1897 1495 1948 1538 ct

365 1577 662 1646 impudicus
703 1587 758 1632 et
811 1591 1020 1632 avarus.
1063 1576 1117 1632 Si
1175 1593 1304 1632 vero
1343 1586 1485 1631 tanta
1524 1576 1592 1631 sit
1638 1575 1944 1630 morborum

362 1670 522 1722 animi
553 1669 810 1740 tyrannis,
846 1669 1013 1723 multo
1039 1667 1212 1738 major
1242 1669 1450 1723 virtutis
1480 1669 1560 1722 vis
1602 1682 1720 1722 esse
1765 1666 1939 1720 debet.

363 1759 417 1814 Si
466 1768 686 1828 propter
739 1760 825 1812 iila
869 1767 1094 1814 mortem
1149 1759 1472 1830 despicimus
1498 1801 1512 1826 ,
1556 1767 1772 1827 pr0ptcr
1811 1759 1946 1810 banc

363 1853 527 1904 multo
556 1849 722 1919 magis
757 1849 1130 1919 despiciamus.
1161 1849 1217 1905 Si
1255 1865 1404 1903 suam
1436 1847 1508 1902 illi
1535 1849 1764 1902 animam
1793 1862 1945 1916 sper-

361 1954 513 2011 nunt,
539 1942 705 1996 multo
741 1942 906 2012 magis
939 1942 1088 1996 nobis
1117 1958 1210 2012 pro
1237 1943 1407 1997 salute
1439 1941 1615 1997 omnia
1641 1939 1942 2010 spernetula

358 2042 502 2088 sunt.
535 2033 664 2100 Quae
693 2033 832 2086 enim
865 2032 1016 2085 nof'is
1043 2034 1146 2087 erit
1171 2032 1462 2098 excusatio,
1511 2034 1552 2086 si
1589 2045 1710 2085 cum
1756 2031 1826 2085 illi
1855 2031 1942 2100 qui

359 2134 602 2192 pereunt,
634 2131 830 2176 tantam
865 2122 1116 2191 perniciei
1143 2138 1256 2178 sua!
1281 2122 1410 2178 dant
1435 2137 1676 2193 operam,
1704 2136 1808 2176 non
1847 2137 1939 2190 pa-

357 2231 488 2270 ret».
515 2229 614 2269 nos
655 2229 750 2285 pro
786 2214 960 2269 salute
997 2224 1176 2270 nostra
1203 2215 1570 2278 exhibeamus,
1603 2213 1697 2269 scd
1727 2228 1942 2283 semper

356 2308 553 2364 invidia
607 2306 981 2361 tabescamns?
1023 2306 1165 2361 Nihil
1223 2307 1368 2360 enim
1409 2307 1601 2361 invidia
1654 2305 1838 2376 pejus;
1885 2313 1941 2359 nt

353 2400 516 2452 alium
547 2397 731 2466 perdat
759 2398 988 2464 invidus,
1021 2398 1136 2468 ipse
1175 2399 1330 2468 petit.
1359 2397 1522 2452 Invidi
1545 2399 1727 2453 oculus
1755 2397 1942 2452 dolore

355 2490 594 2556 tabescit,
629 2491 681 2544 iu
711 2501 880 2546 morte
912 2491 1038 2546 vivit
1081 2503 1338 2561 perpetua
1361 2534 1374 2556 ,
1415 2507 1604 2547 omnes
1647 2492 1938 2547 arbitratur

352 2581 453 2635 sibi
482 2581 747 2648 inimicos,
775 2581 864 2652 qui
887 2581 1046 2636 etiam
1071 2581 1201 2636 nihil
1233 2597 1293 2637 se
1320 2583 1590 2638 laeserunt.
1623 2583 1772 2636 Dolet
1797 2581 1936 2653 quod

355 2674 492 2728 Deus
532 2674 846 2740 bonoretur,
877 2673 1076 2744 gaudet
1103 2675 1168 2728 de
1199 2675 1391 2740 quibus
1433 2675 1642 2730 ltetatur
1673 2674 1938 2730 diabolus.

353 2765 444 2820 Ille
465 2763 759 2820 honoratur
789 2765 859 2821 ab
888 2765 1228 2822 hominibus?
1259 2767 1364 2822 Sed
1395 2777 1606 2822 nonest
1629 2766 1714 2822 hic
1746 2766 1940 2833 honor,

349 2872 417 2912 ne
461 2857 719 2914 invideas.
755 2857 862 2915 Sed
895 2873 926 2914 a
964 2858 1076 2914 Deo
1112 2857 1444 2914 honoratur?
1487 2859 1700 2916 Imitare
1743 2859 1952 2914 illum..

693 2945 723 2974 Ι

1429 363 1492 418 l.\'
1528 359 1842 419 JO.\.\':\'EM
1909 357 2136 413 llOMiL.
2173 357 2305 414 LVI.
2345 357 2414 416 al:
2461 359 2567 417 LV.

3551 369 3656 425 306

2066 470 2168 528 Sed
2201 489 2306 528 non
2338 475 2456 530 vis?
2485 473 3006 549 Curcrgo-tcipsum
3058 481 3204 550 perdi
3251 483 3274 537 ἲ
3301 497 3398 537 cur
3440 484 3653 558 projieis

2068 565 2118 618 id
2143 565 2282 634 quod
2315 565 2518 622 babes?
2543 567 2669 623 Non
2689 578 2839 640 potes
2867 571 2943 626 illi
2985 588 3078 642 par
3108 588 3230 629 esse
3249 615 3265 640 ,
3297 589 3468 646 neque
3494 577 3650 632 virtu-

2066 664 2169 708 tem
2198 656 2408 727 assequi
2426 655 2450 711 ?
2469 671 2566 712 cur
2581 658 2836 714 malitiam
2859 661 3241 732 amplecteris?
3265 663 3548 734 Oportet-ct
3575 667 3648 720 illi

2061 747 2336 818 gratulari,
2364 758 2418 802 ut
2449 749 2490 803 si
2519 763 2624 804 non
2641 751 2818 818 possis
2849 751 3086 807 laborum
3109 769 3334 810 consors
3365 769 3503 822 esse,
3541 757 3648 812 sal-

2063 849 2166 894 tem
2191 855 2253 895 ex
2281 841 3016 911 congratulationelucraris.
3065 845 3220 915 Szrpe
3263 861 3493 918 namque
3525 864 3646 920 pro-

2062 930 2291 1001 positum
2333 930 2528 986 sufﬁcit
2561 932 2626 986 ad
2673 948 2922 1003 magnum
2970 937 3327 1005 put-standum
3364 953 3517 1008 epus.
3558 940 3646 995 Ait

2059 1021 2253 1091 quippe
2279 1020 2522 1076 Ezechiel
2559 1020 2726 1093 (Cap.
2753 1026 2841 1078 55.
2872 1027 2935 1082 l5
2966 1025 3004 1091 ),
3031 1025 3150 1081 ideo
3172 1026 3428 1083 Moabitas
3448 1029 3643 1098 puniri,

2057 1113 2198 1183 quod
2271 1111 2338 1168 de
2386 1113 2743 1169 lsraelitarum
2816 1116 2968 1170 malis
3032 1117 3352 1188 gauderent:
3407 1120 3646 1191 aliosque

2056 1203 2280 1259 salutem
2313 1205 2588 1274 consequi,
2613 1205 2752 1274 quod
2781 1206 2849 1262 de
2889 1207 3116 1262 aliorum
3145 1209 3297 1264 malis
3323 1211 3643 1282 ingemisce-

2057 1303 2192 1350 rent.
2223 1294 2373 1362 Quod
2401 1294 2444 1349 si
2473 1295 2672 1364 aliquid
2697 1297 2820 1352 boni
2847 1307 2902 1353 et
2927 1299 3102 1354 solatii
3131 1301 3200 1354 sit
3225 1301 3290 1356 iis
3309 1303 3398 1373 qui
3425 1313 3644 1374 gemunt

2053 1387 2120 1442 de
2145 1386 2370 1442 alierum
2401 1387 2576 1456 malis,
2597 1389 2764 1444 multo
2791 1391 2962 1460 magis
2990 1391 3054 1446 iis
3076 1391 3165 1461 qui
3195 1391 3264 1446 de
3284 1393 3510 1449 aliormn
3541 1395 3638 1448 bo-

2055 1478 2270 1533 noribus
2295 1477 2546 1548 gaudent.
2574 1479 2835 1536 Moabitas
2863 1481 3138 1536 incusabat
3165 1483 3308 1554 quod
3332 1485 3398 1539 de
3423 1483 3638 1540 lsraeli-

2055 1580 2224 1624 tarum
2252 1570 2404 1624 malis
2429 1569 2728 1641 gauderent
2761 1591 2773 1626 :
2809 1574 2952 1644 atqui
2987 1575 3124 1628 Deus
3152 1575 3446 1648 castigabat
3484 1577 3638 1636 illos:

2051 1664 2143 1718 sed
2169 1679 2274 1719 non
2301 1665 2412 1718 vult
2436 1679 2534 1720 nos
2561 1665 2795 1736 gaudere
2829 1667 2898 1722 de
2927 1669 3201 1738 suppliciis
3229 1669 3296 1725 ab
3341 1684 3401 1725 se
3429 1671 3592 1726 illatis
3625 1690 3636 1725 :

2052 1772 2223 1826 neque
2247 1757 2388 1811 enim
2433 1759 2644 1812 laetatur
2685 1759 2810 1813 dum
2843 1759 3140 1814 ulciscitur.
3184 1760 3336 1829 Quod
3365 1761 3410 1816 si
3438 1762 3635 1818 condo.

2050 1847 2264 1902 lcndum
2289 1856 2370 1902 est
2390 1849 2736 1918 patientibus,
2764 1849 2934 1904 multo
2962 1851 3132 1922 magis
3161 1860 3376 1920 oportet
3409 1851 3640 1908 honora-

2053 1939 2119 1994 tis
2142 1954 2247 1993 non
2278 1939 2538 1994 invidere.
2569 1939 2656 1996 Sic
2680 1941 2950 2012 perierunt
2989 1941 3129 1998 Core
3180 1951 3234 1998 et
3273 1941 3498 2009 Dathan,
3547 1946 3637 2013 qui

2049 2044 2160 2096 eos,
2189 2031 2383 2100 quibus
2399 2031 2734 2098 invidebant,
2757 2031 3143 2102 Splendidiores
3161 2033 3532 2102 reddiderunt,
3551 2050 3639 2092 se-

2048 2139 2210 2194 seque
2237 2125 2422 2179 ullioni
2455 2125 2808 2179 tradiderunt.
2855 2124 2988 2181 Fcra
3020 2125 3216 2196 quippe
3253 2135 3338 2182 est
3368 2142 3635 2182 venenosa

2049 2218 2264 2288 invidia,
2297 2218 2405 2274 fera
2429 2219 2670 2290 impura;
2697 2219 2898 2274 malitia
2931 2219 3245 2285 voluntaria,
3275 2235 3396 2290 qua:
3426 2221 3635 2275 veniam

2049 2325 2154 2365 non
2183 2319 2470 2374 mercatur,
2503 2311 2736 2380 nequitia
2765 2326 2882 2381 qua!
2909 2310 3123 2366 delendi
3169 2311 3372 2381 nequit,
3397 2313 3633 2367 omnium

2047 2399 2308 2454 malorum
2332 2415 2489 2455 causa
2518 2407 2576 2455 et
2599 2407 2788 2454 mater.
2820 2399 2946 2455 ideo
2984 2400 3128 2454 illam
3155 2401 3412 2458 radicitus
3435 2402 3632 2458 evella-

2046 2491 2236 2558 lamus,
2262 2500 2319 2546 nt
2347 2501 2400 2546 et
2423 2507 2451 2544 a
2480 2493 2834 2562 praesentibus
2861 2493 3015 2548 malis
3037 2493 3346 2560 liberemur,
3375 2508 3426 2549 et
3455 2494 3632 2550 futura

2045 2596 2436 2652 consequamur
2456 2581 2619 2650 bona,
2652 2583 2820 2652 gratia
2847 2591 2903 2638 ct
2936 2583 3262 2653 benignitate
3303 2586 3508 2641 Domini
3537 2603 3632 2642 no-

2047 2674 2142 2730 stri
2167 2673 2294 2730 Jesu
2319 2673 2540 2742 Christi,
2573 2690 2668 2744 per
2691 2690 2852 2746 quem
2880 2684 2934 2731 ct
2970 2689 3093 2732 cum
3121 2692 3228 2748 quo
3267 2677 3408 2733 Patri
3439 2678 3630 2750 gloria,

2045 2765 2311 2836 simulque
2335 2765 2556 2836 Spiritui
2580 2775 2790 2836 sancto,
2819 2781 2961 2824 nunc
2985 2778 3039 2824 et
3080 2783 3314 2840 semper,
3345 2770 3480 2827 etin
3529 2784 3632 2826 sae-

2047 2857 2164 2912 cula
2191 2855 2530 2912 saeculorum.
2565 2857 2756 2912 Amen.

1747 3060 2086 3122 HOMILIA
2118 3058 2280 3119 LVI.

349 3208 473 3262 Car.
520 3207 573 3264 9.
617 3224 670 3262 v.
707 3210 754 3264 l.
787 3207 851 3264 Et
881 3210 1170 3280 praeteriens
1205 3209 1356 3264 Iesus
1384 3209 1504 3268 vidit
1539 3209 1792 3263 hominem
1833 3222 1933 3261 ctr-

413 3317 528 3354 cum
557 3316 589 3352 α
620 3299 878 3354 nativitate
906 3299 995 3353 :2.
1027 3310 1074 3353 et
1099 3301 1530 3368 interrogaverunt
1557 3315 1669 3353 eum
1693 3296 1932 3368 discipuli

414 3393 524 3460 ejus
543 3432 556 3454 ,
585 3391 808 3445 dicentes
833 3407 854 3445 :
881 3390 1041 3446 Rubbi
1057 3433 1071 3456 ,
1093 3391 1204 3462 quis
1227 3392 1464 3460 peccavit,
1485 3390 1586 3456 hic,
1613 3406 1680 3444 an
1701 3396 1932 3460 parentes

414 3483 552 3549 ejus,
587 3489 642 3534 ut
667 3497 827 3535 cwcus
855 3481 1204 3535 nasceretur."

421 3573 468 3628 ι.
506 3571 570 3624 Et
601 3572 892 3642 prwteriens
917 3571 1070 3626 Jesu:
1093 3573 1214 3626 vidit
1239 3572 1493 3628 hominem
1519 3589 1709 3626 caseum
1743 3587 1774 3624 α
1801 3571 1932 3624 uati:-

346 3665 513 3718 ritate.
574 3663 853 3718 llumanus
901 3677 1021 3718 cum
1071 3665 1172 3730 sit,
1215 3673 1269 3718 et
1307 3673 1502 3718 nostra:
1543 3663 1730 3718 salutis
1779 3660 1930 3731 cupi-

343 3753 464 3817 dus,
516 3761 576 3808 ut
624 3755 990 3823 improborum
1042 3769 1140 3809 ora
1184 3753 1506 3820 Obstrueret,
1556 3753 1686 3808 nihil
1737 3753 1932 3807 omittit

343 3861 532 3900 eorum
560 3861 677 3916 qua:
717 3845 970 3900 adhibere
1002 3861 1095 3916 par
1119 3855 1256 3915 erat,
1299 3847 1398 3902 etsi
1429 3861 1586 3902 nemo
1611 3845 1658 3900 ei
1685 3843 1930 3900 attende-

345 3943 446 3989 ret.
480 3933 592 3990 Hoc
630 3935 817 3990 videns
850 3937 1105 4006 propheta
1151 3936 1360 3992 dicebat
1401 3955 1414 3991 :
1465 3936 1530 3990 Ut
1553 3936 1853 4008 justi/iccris
1881 3935 1930 3988 in

343 4045 378 4080 ε.
398 4026 658 4082 rmouibus
687 4027 806 4092 litis,
840 4038 892 4080 ει·
914 4029 1084 4082 vincas
1111 4045 1223 4082 cunt
1245 4027 1499 4099 judicaris
1531 4027 1702 4102 (PsuI.
1735 4029 1824 4085 50.
1849 4029 1928 4103 li).

345 4118 470 4172 ldeo
498 4131 640 4171 nunc
660 4159 674 4186 ,
708 4119 843 4188 quia-
869 4118 1158 4174 verborum
1201 4119 1578 4176 sublimitatem
1610 4137 1725 4176 non.
1755 4124 1932 4190 capie-

343 4209 494 4274 bant,
527 4209 620 4264 sed
649 4210 806 4264 etiam
837 4209 1226 4265 daemoniacum
1269 4211 1416 4298 iljum
1450 4212 1728 4278 vocabant,
1773 4220 1932 4282 atque

343 4302 476 4356 inter
492 4301 650 4356 (icere
678 4300 984 4370 tentabant,
1013 4318 1042 4358 e
1084 4303 1284 4372 templo
1307 4318 1574 4373 egrcsuts,
1611 4319 1810 4358 cmeum
1841 4319 1930 4357 sa-

343 4404 458 4459 nat,
493 4401 552 4448 ut
590 4403 644 4450 et
684 4393 926 4449 absentia
954 4409 1048 4450 sua
1085 4395 1298 4449 illorum
1329 4395 1562 4450 furorem
1591 4395 1837 4458 sedaret,
1880 4406 1933 4448 et

343 4487 498 4555 signo
525 4484 665 4540 facto
693 4485 943 4540 duritiem
971 4487 1178 4541 illorum
1209 4485 1698 4557 innnanitatemque
1725 4487 1930 4542 emolli-

344 4587 462 4642 ret,
492 4591 556 4631 ac
587 4575 742 4631 ﬁdem
774 4577 926 4633 dictis
957 4579 1300 4644 conciliaret;
1341 4579 1655 4650 signumque
1691 4580 1799 4634 edit
1827 4596 1928 4633 non

345 4667 561 4736 vulgare
581 4709 597 4734 ,
627 4668 719 4722 scd
747 4668 889 4738 quod
923 4678 1049 4724 tunc
1081 4669 1308 4740 primum
1345 4671 1514 4724 visum
1547 4669 1734 4725 fuerat.
1767 4672 1809 4724 Α
1837 4687 1930 4724 sre-

344 4759 484 4824 culo,
507 4757 699 4828 inquit,
721 4775 822 4812 non
843 4769 914 4813 est
931 4761 1179 4829 auditum,
1203 4761 1340 4830 quod
1360 4763 1611 4833 aperuerit
1631 4763 1742 4828 quis
1757 4763 1930 4817 oculos

341 4851 463 4905 (ατε
491 4851 596 4905 nali
626 4849 814 4921 (Joan.
847 4851 900 4908 9.
929 4851 996 4906 52
1015 4853 1055 4924 ).
1103 4853 1236 4908 Caeci
1269 4854 1408 4908 enim
1437 4853 1618 4908 oculos
1645 4853 1780 4908 forte
1811 4858 1927 4923 quis

339 4943 648 5010 aperuerit;
681 4943 808 4997 czcci
839 4942 946 4996 nati
980 4985 994 5009 ,
1035 4958 1137 4997 non
1175 4944 1319 4998 item.
1350 4946 1427 5000 Ac
1455 4945 1593 5014 quod
1625 4959 1871 5015 egressus
1901 4961 1930 4999 e

341 5034 542 5104 templo
583 5034 649 5089 ad
680 5035 785 5090 hoc
815 5035 938 5090 data
967 5051 1129 5104 opera
1163 5038 1404 5102 venerit,
1442 5037 1562 5091 inde
1596 5038 1766 5106 palam
1807 5047 1887 5092 est
1913 5079 1925 5102 ,

338 5127 479 5194 quod
513 5129 624 5196 ipse
657 5143 860 5182 caecum
894 5127 1116 5193 viderit,
1145 5143 1321 5184 carens
1353 5143 1478 5182 vero
1505 5128 1571 5182 ad
1604 5130 1774 5196 ipsum
1823 5145 1936 5182 non

339 5218 568 5271 venerit.
615 5218 681 5272 Et
723 5229 829 5272 tam
876 5217 1158 5288 diligenter
1207 5218 1351 5272 illum
1395 5218 1614 5272 intuitus
1641 5229 1760 5282 est,
1792 5227 1848 5272 ut
1879 5221 1925 5272 Id

338 5309 584 5379 discipuli
631 5311 1014 5375 adverterent,
1059 5319 1112 5364 ct
1151 5311 1215 5363 ad
1247 5311 1676 5382 interrogandum
1707 5311 1928 5367 induce-

337 5408 544 5451 rentur.
575 5399 834 5454 Videntcs
861 5401 1002 5454 enim
1035 5416 1154 5455 emn
1189 5400 1427 5456 studiose
1465 5401 1884 5470 conspicientem
1911 5445 1924 5468 ,

337 5488 810 5560 interrogaverunt
841 5506 962 5546 eum
997 5511 1010 5547 :
1042 5492 1170 5556 Quis.
1191 5493 1431 5560 peccavit,
1455 5493 1556 5558 Iu'c,
1587 5501 1676 5544 aut
1697 5503 1928 5561 parentes

335 5581 492 5650 ejus?
519 5581 677 5636 Falso
708 5583 830 5637 nixa
859 5583 1223 5653 interrogatio.
1250 5583 1527 5652 Quomodo
1547 5585 1686 5639 enim
1713 5600 1929 5654 peccas-

335 5683 414 5726 set
442 5683 728 5742 antequam
761 5685 1072 5732 nasceretur
1085 5678 1108 5728 γ
1125 5677 1388 5746 quomodo
1413 5677 1482 5730 ob
1507 5687 1780 5747 parentum
1807 5693 1926 5748 pec-

337 5777 510 5822 catum
557 5769 641 5823 hic
690 5768 901 5838 punitus
948 5773 1126 5825 esset?
1177 5771 1452 5839 Quomodo
1501 5787 1626 5844 ergo
1676 5771 1737 5826 ad
1792 5769 1925 5826 hanc

2041 3208 2303 3258 venerunt
2330 3201 2840 3272 interrogationem?
2867 3201 3107 3258 Antehac
3131 3217 3250 3258 cum
3279 3204 3627 3276 paralyticum

2035 3295 2279 3363 sanavit,
2328 3295 2462 3350 dixit
2507 3312 2520 3348 :
2567 3295 2694 3350 Ecce
2729 3312 2884 3350 scmus
2930 3297 3106 3364 factus
3137 3313 3221 3362 es;
3266 3298 3374 3352 noli
3409 3301 3628 3370 amplius

2037 3401 2245 3456 peccare
2275 3384 2470 3456 (Joan.
2504 3386 2556 3441 5.
2596 3387 2662 3440 ll
2685 3385 2725 3456 ).
2762 3387 3013 3456 Discipuli
3056 3403 3186 3458 ergo
3225 3387 3626 3444 considerantes

2037 3477 2181 3530 illum
2207 3485 2426 3546 propter
2451 3482 2727 3545 peccatum
2745 3477 2800 3531 in
2824 3478 3088 3549 paralysin
3115 3479 3380 3541 incidisse,
3405 3479 3584 3536 dicunt
3611 3499 3624 3535 :

2041 3571 2188 3635 Esto,
2232 3569 2323 3624 ille
2350 3579 2566 3638 pr0ptcr
2594 3579 2810 3638 peccata
2841 3571 2890 3623 in
2935 3570 3203 3642 paralysin
3246 3571 3530 3640 inciderit;
3559 3572 3627 3628 de

2039 3666 2140 3720 hoc
2179 3665 2306 3736 quid
2346 3664 2578 3720 dixeris?
2607 3679 2733 3718 num
2767 3663 2862 3720 hic
2895 3664 3180 3734 peccavit?
3218 3664 3409 3720 Verum
3439 3665 3490 3721 id
3520 3666 3626 3722 diei

2037 3757 2220 3827 nequit
2255 3772 2270 3809 :
2310 3771 2431 3810 nam
2463 3771 2492 3808 a
2539 3755 2812 3810 nativitate
2857 3769 3032 3810 (310008
3069 3764 3170 3810 est.
3203 3753 3338 3810 Num
3368 3755 3506 3812 forte
3531 3772 3626 3827 pa-

2037 3856 2214 3902 rentes
2249 3845 2402 3916 ejus?
2428 3845 2611 3916 Neque
2639 3845 2739 3900 hoc
2777 3845 2880 3900 dici
2922 3855 3093 3915 potest
3132 3863 3146 3899 :
3187 3845 3325 3900 lilius
3353 3846 3496 3901 enim
3529 3862 3626 3916 pro

2038 3948 2186 4008 patre
2217 3954 2323 3992 non
2353 3937 2442 3992 dat
2471 3952 2678 4008 pinnas.
2716 3935 2784 3992 Ut
2829 3951 2956 4004 ergo
2991 3952 3212 4005 puerum
3255 3937 3442 3991 morbo
3471 3936 3616 3990 labo-

2037 4039 2242 4084 rantem
2283 4027 2526 4082 videntes
2553 4028 2782 4082 dicimus
2826 4043 2839 4080 :
2885 4027 3020 4094 Quid
3051 4027 3118 4082 de
3159 4027 3260 4081 hoc
3295 4026 3578 4082 dicendum
3605 4069 3618 4094 ,

2035 4118 2160 4186 quid
2212 4117 2335 4170 fecit
2381 4117 2466 4170 hic
2515 4116 2681 4186 puer?
2725 4131 2830 4169 non
2875 4115 3132 4184 rogando,
3165 4115 3258 4170 sed
3288 4116 3620 4176 dubitando:

2035 4209 2113 4261 sic
2143 4206 2390 4274 discipuli
2423 4221 2526 4260 non
2561 4215 2666 4260 tam
2697 4205 3078 4274 interrogando
3096 4221 3256 4276 quam
3287 4205 3619 4274 dubitando,

2038 4299 2086 4352 id
2116 4297 2385 4352 dicebant.
2416 4295 2552 4363 Quid
2584 4311 2712 4365 ergo
2735 4295 3026 4350 Christus?
3050 4297 3102 4349 5.
3133 4295 3312 4366 Neque
3340 4297 3422 4350 hic
3445 4313 3624 4368 pecca-

2027 4390 2122 4453 rit,
2157 4403 2312 4454 neque
2342 4397 2570 4457 parentes
2599 4387 2729 4456 ejus.
2753 4385 2904 4453 Quod
2934 4401 3038 4439 non
3067 4385 3230 4450 dicit,
3262 4395 3321 4440 ut
3347 4401 3442 4442 eos
3471 4401 3613 4457 pror-

2035 4493 2126 4532 sus
2169 4477 2401 4548 peccatis
2428 4477 2628 4532 liberos
2666 4476 2862 4532 indicet
2893 4477 3108 4548 (neque
3136 4479 3278 4532 enim
3309 4477 3624 4550 simpliciter

2034 4569 2202 4633 dixit,
2250 4567 2428 4638 Neque
2467 4569 2548 4622 hic
2583 4570 2802 4640 peccavit
2827 4609 2841 4634 ,
2891 4585 3050 4636 neque
3079 4580 3310 4638 parentes
3337 4572 3483 4642 ejus;
3525 4572 3618 4626 sed

2035 4659 2238 4714 addidit
2280 4677 2294 4714 :
2327 4659 2396 4715 Ut
2423 4674 2598 4714 caecus
2625 4659 2972 4730 nasceretur)
3003 4659 3078 4732 (α)
3103 4703 3116 4728 ,
3147 4660 3240 4716 sed
3271 4671 3328 4716 ut
3351 4663 3619 4732 glorilice-

2037 4759 2122 4804 tur
2149 4749 2314 4804 Filius
2344 4750 2460 4805 Dei.
2488 4750 2732 4806 Peccavit
2755 4767 2982 4821 namque
3013 4749 3098 4806 hic
3123 4760 3177 4808 et
3203 4763 3450 4822 parentes
3471 4755 3616 4824 ejus:

2033 4839 2124 4895 sed
2159 4855 2262 4894 non
2296 4841 2419 4896 inde
2448 4841 2661 4896 emt-itas
2689 4841 2854 4896 venit.

2107 4930 2271 4986 Nemo
2309 4931 2373 4986 de
2405 4933 2622 5002 peccatis
2649 4933 2887 4999 aliorum,
2925 4949 2988 4988 ne
3025 4933 3089 4988 de
3133 4945 3392 5002 parentum
3420 4935 3616 5004 quidem

2033 5024 2118 5075 dat
2145 5039 2321 5092 pensa.
2351 5053 2420 5064 -ο
2451 5024 2573 5078 llzcc
2601 5039 2761 5094 porro
2785 5025 2934 5090 dicit,
2971 5039 3076 5080 non
3106 5035 3163 5080 ut
3193 5026 3472 5090 indicaret,
3510 5041 3616 5082 non

2034 5110 2172 5166 hunc
2201 5112 2447 5180 quidem,
2481 5114 2573 5168 sed
2604 5115 2740 5170 alios
2784 5114 2866 5170 his
2893 5115 2959 5169 de
3001 5115 3178 5170 causis
3211 5129 3383 5168 caecos
3413 5115 3610 5191 fuisse,

2034 5217 2224 5272 nempe
2252 5203 2322 5258 ob
2351 5213 2628 5272 parentum
2661 5204 2988 5274 iniquitatem
3020 5223 3032 5256 :
3065 5218 3236 5272 nequo
3262 5203 3404 5258 cnim
3447 5204 3604 5272 licet,

2031 5295 2136 5347 alio
2163 5304 2416 5363 peccante
2441 5337 2452 5359 ,
2481 5297 2643 5350 alium
2672 5297 2951 5363 castigare.
2982 5295 3111 5348 Nam
3141 5297 3185 5349 si
3217 5295 3318 5349 hoc
3347 5296 3604 5351 concedav

2033 5399 2168 5450 mus,
2215 5385 2342 5438 illud
2385 5385 2543 5439 etiam
2591 5383 2948 5439 concedamus
2977 5393 3206 5453 oportet,
3252 5384 3422 5453 ipsum
3459 5396 3612 5442 ante-

2031 5489 2188 5543 quam
2217 5486 2528 5529 nasceretur
2557 5473 2880 5543 peccavisse.
2916 5473 2980 5528 Ut
3003 5489 3130 5544 ergo
3155 5489 3276 5528 cum
3303 5475 3428 5530 dicit
3455 5517 3470 5542 ,
3504 5477 3614 5532 Nc-

2031 5583 2124 5636 que
2165 5565 2246 5618 hic
2295 5565 2536 5635 peccavit,
2587 5578 2694 5618 nou
2742 5563 2986 5636 intelligit
3028 5565 3097 5620 ab
3143 5574 3260 5622 ortu
3311 5569 3614 5640 quempiam

2093 5719 2164 5776 tu)
2195 5718 2321 5786 tiqui
2360 5719 2651 5786 Il.’t’r(:_\'t‘l'ila,
2696 5725 2743 5770 ut
2768 5733 2925 5773 aecus
2967 5729 3236 5774 nasceretur
3302 5735 3534 5786 nusquam
3557 5725 3604 5773 in

2035 5781 2292 5841 Ltaagelte
2317 5783 2646 5841 reperiuntur.
