4072 6152
400 287 508 348 509

403 409 584 461 Donec
629 403 747 458 dies
791 413 906 474 est,
935 405 1100 459 donec
1135 415 1358 474 pessuot
1381 405 1626 464 homines
1662 407 1711 462 in
1741 422 1828 461 me
1855 419 1974 458 cre-

401 498 550 562 dere,
581 495 708 551 dum
732 497 871 562 vivo,
902 496 1230 566 Operandum
1261 497 1387 552 mihi
1414 507 1515 553 est.
1553 497 1698 552 Venit
1727 513 1848 564 nox,
1875 495 1976 550 hoc

399 597 479 642 est
512 587 744 643 futurum
775 596 1001 657 tempus,
1029 589 1230 656 quando
1255 605 1398 643 nemo
1429 601 1586 660 potest
1613 606 1829 660 operari.
1861 590 1974 644 Non

397 677 550 742 dixit,
577 676 802 748 Quando
822 693 922 748 ego
949 680 1154 748 operari
1186 696 1288 732 non
1314 696 1526 750 possum
1551 699 1564 744 ;
1597 682 1689 736 sed
1717 722 1731 747 ,
1759 683 1974 746 Quando

398 785 540 820 nenia
579 776 740 838 potest
773 769 1005 837 operari;
1031 769 1082 822 id
1107 778 1210 834 est,
1241 769 1464 838 Quando
1493 787 1598 824 non
1629 781 1712 824 est
1747 771 1974 840 amplius

306 867 313 897 ῖ
397 858 545 922 fides,
579 873 683 912 non
714 858 944 922 labores,
977 874 1080 912 non
1110 861 1440 928 ptenitentia.
1468 860 1616 928 Quod
1645 862 1784 918 enim
1815 862 1970 916 fidem

393 963 528 1017 opus
553 949 813 1018 appellat,
844 949 1023 1005 dicunt
1053 953 1098 1006 ei
1119 993 1134 1017 ,
1171 952 1306 1019 Quid
1329 955 1600 1023 finiemus,
1636 965 1689 1008 ut
1710 972 1972 1025 operemur

391 1055 547 1106 opera
585 1037 724 1094 Dei?
748 1040 1050 1108 Respondet
1069 1084 1085 1106 ,
1131 1040 1242 1095 lloc
1270 1051 1343 1096 est
1371 1059 1498 1114 Opus
1527 1042 1640 1108 Dei,
1674 1054 1728 1097 ut
1758 1045 1970 1101 credatis

392 1129 444 1183 in
483 1145 594 1183 eum
623 1146 768 1199 quem
797 1129 884 1184 ille
913 1132 1066 1184 misit.
1108 1131 1283 1207 Quare
1325 1149 1452 1202 ergo
1494 1133 1594 1187 hoc
1635 1149 1768 1208 opus
1813 1150 1969 1190 uerno

389 1228 566 1290 potest
593 1227 716 1277 tunc
735 1220 988 1292 operari?
1013 1221 1142 1293 Quia
1175 1231 1297 1278 tunc
1325 1223 1454 1278 fides
1482 1240 1588 1283 non
1616 1225 1732 1290 erit,
1763 1225 1856 1278 sed
1881 1243 1968 1278 ve-

387 1311 507 1376 lint,
556 1311 748 1378 nolint,
791 1325 978 1368 omnes
1021 1311 1259 1367 audient.
1286 1313 1363 1368 Ne
1401 1315 1520 1385 quis
1550 1316 1689 1370 enim
1723 1315 1961 1383 diceret,

387 1399 534 1460 illum
555 1400 843 1459 ambitione
871 1411 1068 1457 motum
1095 1403 1196 1458 hoc
1216 1402 1410 1470 facere,
1438 1407 1668 1462 ostendit
1695 1422 1752 1461 se
1778 1423 1960 1460 eormn

384 1491 552 1560 gratia
597 1491 772 1544 omnia
815 1490 1012 1556 facere,
1060 1492 1256 1563 quippe
1295 1495 1382 1565 qui
1410 1495 1495 1550 hic
1524 1495 1693 1549 solum
1735 1495 1964 1557 habeant

385 1582 638 1638 credendi
665 1581 1121 1651 facultatem,nec
1149 1586 1418 1663 quidpiam
1444 1587 1514 1641 ibi
1546 1587 1676 1642 lucri
1704 1589 1958 1658 consequi

384 1673 606 1750 possint.
653 1673 779 1732 Ideo
817 1691 915 1730 nec
943 1676 1286 1737 accedentem
1331 1695 1531 1735 caecum
1559 1683 1780 1734 curavit.
1805 1681 1956 1748 Quod

349 1791 353 1796 ’
382 1769 522 1822 enim
545 1767 736 1837 dignus
757 1779 900 1824 esset
918 1771 1006 1840 qui
1033 1782 1309 1826 curaretur
1335 1790 1347 1825 :
1375 1773 1622 1842 quodque
1647 1775 1689 1828 si
1719 1775 1952 1840 vidisset,

381 1861 698 1920 credidisset
729 1863 1182 1936 accessissctque;
1225 1865 1361 1922 etsi
1399 1865 1466 1920 ab
1499 1865 1680 1936 aliquo
1721 1867 1956 1922 audisset

383 1959 716 2018 prtesentem,
747 1967 850 2005 non
879 1954 1220 2024 neglexisset,
1251 1971 1312 2008 ex
1347 1955 1406 2009 iis
1437 1971 1556 2025 qum
1583 1966 1809 2025 sequuta
1833 1967 1957 2012 sunt

380 2039 549 2108 palam
581 2052 680 2104 est,
704 2056 768 2095 ex
801 2042 1106 2098 fortitudine
1131 2059 1320 2113 netnpc
1341 2055 1393 2099 et
1413 2059 1480 2100 ex
1511 2045 1614 2098 fide
1643 2045 1775 2115 ejus.
1801 2046 1954 2102 Pote-

377 2140 458 2186 rat
487 2133 628 2186 enim
659 2149 840 2193 secum
885 2137 1120 2206 cogitare
1162 2151 1224 2190 ac
1261 2137 1438 2195 dicere
1469 2157 1481 2192 :
1513 2138 1648 2210 Quid
1680 2139 1780 2193 hoc
1821 2150 1902 2194 est
1927 2141 1952 2193 ?

377 2222 540 2276 lutum
583 2222 723 2290 fecit,
768 2232 822 2280 et
864 2225 1046 2280 lenivit
1077 2229 1258 2282 oculos
1295 2244 1482 2294 meos;
1526 2239 1580 2284 et
1620 2230 1752 2284 dixit
1781 2232 1908 2286 mihi
1933 2273 1949 2296 ,

381 2310 541 2376 Vade,
583 2314 774 2368 lavare.
815 2317 1004 2370 Annon
1036 2327 1241 2385 poterat
1270 2334 1456 2377 curare
1499 2335 1618 2386 me,
1665 2329 1716 2375 et
1745 2329 1868 2376 tunc
1898 2322 1948 2375 in

373 2406 571 2465 Siloam
601 2407 812 2463 mittere
834 2409 856 2462 ?
877 2407 1028 2477 Sa-pe
1055 2410 1124 2464 ibi
1155 2426 1240 2466 me
1269 2411 1366 2469 lavi
1396 2427 1516 2468 cum
1544 2413 1680 2479 aliis,
1716 2412 1949 2483 nihilque

373 2495 500 2556 Inibi
528 2495 742 2566 profuit.
791 2497 848 2552 Si
887 2515 1044 2568 quam
1077 2511 1392 2570 potestatem
1425 2501 1681 2569 haberet,
1713 2519 1950 2572 praisens

369 2602 456 2641 me
497 2588 814 2643 sanavisset.
846 2589 998 2655 Quod
1033 2590 1190 2644 etiam
1219 2591 1424 2647 dicebat
1452 2592 1685 2645 Naaman
1730 2593 1944 2649 Elisteo.

366 2677 554 2732 .lnssus
584 2680 726 2734 enim
755 2678 930 2735 lavare
955 2696 1014 2735 se
1041 2680 1091 2734 in
1119 2679 1370 2747 Jordanc,
1396 2698 1498 2736 non
1523 2683 1796 2747 credebat,
1821 2699 1944 2738 cum

367 2777 546 2821 tamen
595 2775 742 2822 tanta
763 2777 924 2824 esset
965 2770 1141 2826 Elismi
1183 2770 1318 2826 fama
1349 2772 1424 2844 (1.
1461 2773 1584 2842 Reg.
1628 2774 1680 2828 5.
1733 2772 1846 2842 11).
1877 2774 1946 2826 At

365 2872 541 2914 carens
567 2873 668 2912 non
711 2858 812 2913 fuit
851 2859 1180 2922 incredulus.
1215 2877 1310 2916 nec
1340 2863 1696 2928 contradixit,
1730 2879 1826 2918 ree
1854 2878 1942 2918 se.

364 2963 485 3001 eum
528 2950 834 3018 reputavit:
871 2951 1007 3018 Quid
1040 2952 1139 3007 hoe
1180 2955 1305 3008 est?
1348 2969 1413 3007 an
1455 2955 1622 3009 lotum
1671 2956 1942 3024 imponere

361 3039 635 3108 oportuit?
659 3039 758 3095 hoc
781 3043 960 3110 potius
980 3058 1176 3096 ca-cmn
1202 3045 1491 3101 reddiderit
1518 3065 1530 3100 :
1553 3047 1669 3116 quis
1692 3062 1940 3116 umquam

361 3131 438 3185 sic
477 3130 648 3186 visum
690 3133 935 3202 recepit?
971 3134 1072 3189 Sed
1116 3135 1244 3188 nihil
1275 3137 1460 3190 horum
1489 3138 1757 3206 cv-gilavit.
1794 3137 1938 3192 Vidi-

356 3220 480 3275 stin‘
514 3220 670 3278 tidetn
703 3233 758 3278 et
791 3223 1022 3278 animum
1064 3226 1316 3280 firtnun't?
1351 3226 1492 3280 Venit
1525 3245 1643 3281 nox.
1689 3229 1820 3283 llinc
1847 3244 1936 3284 os-

359 3313 546 3378 tendit,
592 3315 751 3370 etiam
787 3297 906 3385 post
935 3331 1146 3371 crucem
1177 3334 1234 3372 se
1262 3317 1543 3388 impiorum
1574 3335 1752 3373 curam
1783 3319 1934 3375 babi-

357 3415 534 3460 turtun
562 3421 700 3471 esse,
735 3406 1034 3477 multosque
1063 3417 1433 3464 altracturum.
1465 3411 1646 3462 Att/mc
1689 3410 1794 3464 dies
1837 3420 1932 3464 est.

359 3497 588 3554 Posthac
633 3514 758 3554 vero
808 3499 930 3554 illos
977 3501 1186 3570 penitus
1232 3501 1536 3566 abscindat,
1567 3501 1706 3570 quod
1738 3503 1806 3555 ita
1835 3501 1932 3556 de-

355 3591 521 3644 clarat
549 3609 574 3646 ξ
606 3591 656 3645 5.
694 3591 948 3656 Quamdiu
987 3594 1038 3645 in
1080 3595 1267 3646 mundo
1295 3609 1425 3655 sum,
1467 3593 1558 3648 (ua:
1597 3611 1707 3646 sum
1736 3594 1928 3646 mundi.

355 3679 506 3745 Quod
545 3681 703 3734 etiam
750 3680 868 3734 aliis
911 3681 1042 3736 dixit
1070 3700 1082 3735 :
1111 3682 1328 3747 Credite,
1372 3685 1528 3738 donec
1562 3685 1652 3737 tua:
1682 3682 1931 3736 vobiscum

353 3780 425 3823 est
447 3770 623 3840 (Joan.
657 3770 740 3826 12.
773 3771 861 3842 56)
873 3813 887 3826 .

424 3867 479 3919 5.
519 3865 628 3920 Cur
655 3881 782 3936 ergo
812 3867 1006 3922 Paulus
1038 3875 1352 3937 praesentem
1385 3869 1545 3924 vitam
1576 3877 1786 3926 noctem
1835 3885 1930 3924 vo-

351 3956 510 4024 cavit,
545 3957 685 4011 illam
711 3967 888 4012 autem
913 3959 1070 4012 vitam
1087 3959 1269 4014 diem?
1297 3959 1410 4014 Non
1439 3965 1702 4016 contraria
1731 3963 1926 4018 Christi

351 4048 547 4111 verbis,
593 4047 686 4102 sed
732 4048 919 4104 eadem
969 4049 1082 4118 ipsa
1125 4050 1306 4104 dicens
1355 4061 1554 4120 mente,
1605 4067 1710 4106 non
1750 4053 1923 4117 litera,

349 4155 541 4208 nempe
567 4179 583 4203 ,
633 4137 757 4192 Nox
801 4143 1071 4210 praecessit,
1139 4141 1244 4194 dies
1292 4153 1456 4195 autem
1509 4144 1926 4214 appropinquavit

349 4230 521 4296 (noni.
553 4232 636 4286 15.
670 4230 779 4302 12).
817 4231 1035 4286 Noctem
1077 4232 1217 4286 enim
1247 4247 1484 4301 pra-scus
1512 4243 1718 4303 tempus
1749 4247 1922 4301 vocat,

348 4331 564 4391 propter
591 4338 685 4377 eos
709 4323 796 4392 qui
827 4322 878 4376 in
925 4323 1158 4377 tenebris
1202 4323 1407 4387 sedent,
1454 4325 1535 4380 vel
1567 4327 1925 4395 comparando

345 4429 460 4466 eam
487 4429 607 4467 cum
635 4414 722 4468 illa
751 4413 838 4468 die
863 4431 877 4467 :
906 4415 1148 4468 Christus
1178 4429 1302 4468 vero
1329 4424 1541 4470 noctem
1573 4418 1803 4488 appellat
1841 4418 1922 4471 fu-

346 4513 520 4558 turum
551 4515 780 4574 tempus,
807 4505 948 4575 quod
977 4514 1100 4560 tunc
1127 4521 1154 4558 a
1186 4507 1455 4574 peccando
1493 4520 1750 4562 ccsselur.
1783 4509 1921 4563 Pau-

344 4597 424 4653 lus
453 4613 583 4654 vcro
629 4608 944 4668 prtesentem
989 4601 1148 4652 vitam
1195 4611 1402 4653 noctem
1445 4600 1695 4668 appellat,
1739 4601 1858 4670 quia
1887 4601 1918 4652 ii

340 4693 424 4760 qui
456 4692 508 4745 in
557 4691 788 4762 nequitia
834 4701 887 4746 et
932 4691 1300 4746 incredulitate
1339 4691 1538 4754 vivunt,
1587 4692 1638 4744 in
1690 4690 1920 4745 tenebris

339 4791 481 4838 sunt.
511 4783 723 4839 Fideles
753 4784 910 4852 igitur
933 4784 1208 4854 alloquens
1233 4787 1327 4848 ait,
1366 4784 1486 4839 Non:
1515 4786 1786 4855 pra’cessit,
1815 4785 1920 4838 dies

339 4883 501 4928 autent
547 4875 987 4945 apprOpinquavil,
1045 4885 1225 4944 utpote
1273 4876 1358 4945 qui
1411 4876 1528 4929 luce
1577 4875 1664 4928 illo
1709 4874 1915 4928 fruituri

335 4967 441 5021 sint
469 4983 484 5020 ε
515 4977 730 5022 noctem
773 4981 903 5022 vero
945 4980 1180 5022 veterem
1225 4967 1382 5022 vitam
1409 4967 1660 5037 appellnt.
1691 4966 1915 5035 Abjicia-

338 5073 465 5122 ntus,
517 5057 707 5128 inquit,
761 5073 916 5126 opera
961 5058 1274 5111 tenebrarum
1314 5055 1528 5128 (Ibid).
1558 5057 1912 5110 Videu’illum

334 5161 546 5206 noctem
578 5150 708 5220 ipsis
753 5165 872 5204 esse
900 5149 1116 5204 dicere?
1141 5152 1316 5216 Quare
1345 5148 1489 5202 addit
1520 5167 1533 5202 :
1581 5147 1724 5203 Sicut
1754 5149 1806 5200 in
1833 5147 1916 5199 die

333 5241 537 5294 honeste
560 5239 895 5304 ambulemus,
930 5249 987 5293 ut
1032 5239 1116 5293 illa
1146 5239 1382 5293 fruamur
1425 5238 1560 5292 luce.
1594 5239 1722 5292 Nam
1751 5239 1795 5291 si
1825 5238 1911 5290 lux

332 5327 446 5384 inec
472 5341 578 5384 tam
608 5329 832 5400 pulchra
859 5339 960 5395 cst,
988 5331 1158 5398 cogita
1186 5329 1354 5398 qualis
1381 5329 1481 5382 erit
1507 5329 1614 5382 ilia.
1648 5329 1911 5394 Quantum

328 5422 469 5476 enim
496 5421 687 5478 solaris
715 5421 896 5475 radius
939 5429 1020 5475 est
1069 5422 1298 5474 lucerna:
1341 5419 1536 5472 lumine
1566 5418 1908 5488 splendidior,

330 5523 494 5579 tanto,
539 5515 647 5568 imo
675 5515 832 5583 longe
873 5513 1039 5582 magis
1066 5513 1165 5566 crit
1191 5513 1274 5565 lux
1320 5511 1407 5565 illa
1436 5514 1532 5564 hac
1553 5511 1906 5579 praestantior.

331 5603 394 5659 ιέι
419 5605 520 5660 hoc
560 5603 894 5676 significabat
939 5604 1019 5658 his
1051 5603 1241 5665 verbis,
1280 5604 1372 5656 Sol
1405 5602 1828 5664 obtetu'ln'ubitm';
1860 5600 1908 5656 id

1421 287 1484 346 IN
1520 289 1840 348 JOANNESL
1903 287 2131 344 llOMlL.
2173 289 2305 344 LVl.
2346 289 2419 345 al.
2461 290 2572 346 LV.
3559 319 3656 374 δίο

2085 413 2189 471 est,
2225 408 2294 462 ob
2326 411 2428 465 vim
2473 415 2768 484 splendoris
2800 420 2941 476 illius
2986 437 3089 478 non
3115 426 3408 496 apparebit.
3438 433 3586 498 Quod
3613 437 3658 489 si

2082 515 2222 556 nunc
2261 511 2318 557 ut
2363 506 2668 574 Splendidas
2697 519 2750 566 et
2789 511 2929 567 bono
2971 530 3095 571 aere
3122 519 3355 574 fruentes
3393 523 3536 579 ardes
3567 525 3659 580 ba-

2081 589 2320 658 beamus,
2369 595 2602 652 intinitas
2650 616 2778 671 opes
2806 605 3156 672 expendimus
3200 611 3395 667 misere
3422 617 3668 670 exaedifi-

2079 683 2248 736 cando
2277 701 2290 738 :
2323 687 2493 755 cogita
2539 699 2667 758 quot
2713 692 2816 746 sint
2847 694 3106 751 subeundi
3136 703 3376 769 corporei
3425 705 3669 765 labores.

2079 779 2136 826 ut
2164 774 2469 842 splendidas
2489 778 2632 834 aedes
2661 781 2880 837 nobisin
2901 785 3045 840 ca-lis
3069 798 3424 860 cxstruamus,
3455 795 3542 849 ubi
3569 796 3656 853 lux

2076 862 2164 915 illa
2187 862 2486 919 inedi-bilis.
2519 867 2613 922 llic
2639 870 2778 925 enim
2810 883 2863 927 et
2893 891 3078 944 ptlgntn
3117 889 3171 932 et
3198 863 3564 941 contentiones
3591 889 3672 942 de

2077 956 2314 1010 terminis
2361 967 2416 1013 et
2463 961 2790 1028 parietibus:
2825 965 2892 1018 ibi
2941 983 3065 1022 vero
3109 971 3237 1024 nihil
3283 974 3475 1042 simile,
3509 981 3659 1036 nulla

2075 1047 2280 1101 invidia
2314 1051 2405 1104 vel.
2437 1049 2606 1118 livor;
2654 1069 2811 1108 nemo
2839 1056 2905 1110 de
2937 1059 3177 1114 terminis
3207 1063 3480 1121 nobiseum
3519 1085 3649 1125 cor.-

2075 1139 2272 1194 teudet.
2332 1141 2455 1198 llzec
2501 1160 2662 1214 porro
2710 1151 3011 1206 necessario
3069 1153 3414 1225 relinquenda
3462 1161 3652 1219 domus

2070 1240 2186 1296 est;
2217 1233 2303 1286 illa
2333 1247 2590 1304 perpetuo
2617 1250 2794 1294 manet
2823 1259 2834 1293 :
2860 1242 2972 1298 lure
2996 1255 3230 1316 tempore
3259 1251 3463 1316 teritur,
3491 1253 3643 1308 inun-

2069 1323 2335 1392 mcrisque
2377 1325 2602 1382 obnoxia
2632 1340 2709 1383 est
2741 1330 3100 1400 detrimentis;
3138 1338 3219 1391 iila
3264 1354 3478 1410 semper
3505 1352 3634 1398 stat:

2069 1409 2203 1466 banc
2249 1428 2450 1483 panper
2489 1418 2724 1472 excitare.
2773 1422 2984 1490 nequit;
3020 1423 3105 1477 illa
3135 1426 3214 1480 vel
3242 1427 3447 1484 duobus
3475 1431 3648 1487 obolis

2065 1505 2422 1571 construitur,_
2459 1515 2516 1560 ut
2545 1508 2694 1563 vidua
2726 1511 2810 1569 illa
2858 1515 3170 1568 construxit.
3205 1516 3327 1572 Ideo
3363 1521 3645 1590 pra-feror,

2063 1596 2202 1666 quod
2229 1606 2303 1649 tot
2331 1598 2482 1652 nobis
2511 1602 2796 1670 propositis
2819 1602 2990 1671 bonis,
3025 1607 3094 1659 ita
3117 1623 3307 1677 segnes
3329 1609 3643 1682 desidesqtle

2061 1686 2246 1751 simus,
2282 1686 2517 1758 nihilque
2546 1705 2650 1743 non
2681 1705 2920 1758 agamus,
2950 1705 3003 1748 ut
3047 1694 3132 1752 hic
3158 1701 3456 1767 conSpicuis
3498 1702 3642 1757 frua-

2062 1795 2180 1836 mur
2209 1780 2431 1846 mdihus,
2481 1781 2606 1834 dum
2641 1784 2768 1840 nihil
2797 1801 3046 1842 curamus
3071 1798 3126 1846 ut
3159 1789 3388 1848 incaslis
3431 1796 3509 1847 vel
3543 1799 3636 1850 nri-

2060 1876 2259 1931 nitnum
2290 1895 2537 1947 paremus
2563 1881 2717 1936 nobis
2739 1881 3112 1944 diversorium.
3162 1885 3274 1953 Dic,
3319 1890 3642 1960 tpttrso,nhi

2061 1969 2144 2024 hic
2183 1971 2400 2032 domum
2447 1974 2642 2030 habere
2689 1975 2886 2032 velles?
2916 1977 2966 2031 in
2997 1976 3228 2045 deserto,
3257 1991 3346 2034 aut
3384 1982 3432 2035 in
3461 1983 3640 2054 aliquo

2059 2076 2220 2130 parvo
2245 2064 2537 2132 oppidulo?
2563 2065 2678 2119 Non
2708 2075 2833 2135 puto
2862 2084 2876 2120 :
2904 2068 2998 2121 sed
3046 2069 3097 2123 in
3129 2071 3332 2140 magnis
3375 2073 3636 2144 regiisque

2058 2153 2296 2219 urbilms,
2328 2154 2414 2208 ubi
2438 2155 2609 2224 majus
2638 2159 3042 2226 commercium,
3071 2160 3158 2215 ubi
3189 2162 3441 2231 splendor
3467 2165 3637 2234 major

2055 2254 2155 2297 est.
2185 2244 2298 2314 Ego
2327 2245 2378 2298 in
2417 2247 2574 2300 taiem
2623 2258 2673 2302 te
2715 2247 2854 2303 duco
2881 2250 3352 2322 civi:atem,_cojus
3377 2255 3550 2320 opifex
3583 2267 3636 2311 et

2053 2344 2240 2390 auctor
2269 2347 2349 2392 est
2380 2339 2539 2392 Deus.
2568 2341 2684 2405 llic,
2717 2357 2919 2410 quaeso,
2948 2355 3356 2412 construamus,
3377 2347 3461 2400 hic
3485 2363 3636 2402 exau.

2052 2426 2328 2482 dificcmus
2356 2431 2562 2486 minore
2605 2441 2816 2501 sumpto
2843 2441 2898 2488 et
2940 2434 3170 2490 labore‘.
3199 2437 3305 2493 llas
3333 2439 3474 2492 a-dcs
3499 2455 3626 2494 eou-

2053 2527 2262 2571 struunt
2289 2535 2478 2573 manus
2492 2537 2802 2590 pauperum,
2831 2523 2931 2578 hoc
2953 2526 3208 2594 optimum
3232 2529 3630 2596 esta'dilieium;

2050 2622 2166 2676 quae
2195 2618 2368 2662 autem
2403 2610 2486 2664 hic
2509 2615 2888 2680 construimus,
2917 2624 3168 2670 extrema:
3196 2627 3320 2672 sunt
3348 2619 3628 2676 dementia.-

2049 2710 2438 2765 argumeutum.
2469 2701 2600 2756 Nam
2632 2704 2675 2757 si
2707 2705 2822 2772 quis
2855 2713 2904 2759 te
2935 2705 2987 2760 in
3017 2706 3286 2762 Persidem
3316 2721 3515 2780 ageret,
3545 2713 3626 2766 vi.

2047 2802 2228 2842 surum
2261 2789 2402 2844 illam
2439 2792 2706 2861 regionem
2735 2805 2786 2848 et
2817 2810 2938 2849 mox
2986 2811 3358 2863 reversurum;
3389 2808 3546 2870 atque
3575 2811 3626 2858 te

2049 2879 2154 2932 illic
2197 2879 2408 2949 jubet-et
2461 2883 2604 2938 mdes
2641 2894 2916 2941 exstruere
2955 2904 2968 2940 :
3024 2901 3198 2942 annon
3255 2889 3622 2946 stultissimum

2047 2969 2194 3024 illum
2234 2969 2458 3036 diceres,
2507 2975 2596 3042 qui
2629 2975 2720 3029 tibi
2767 2977 2978 3031 inanem
3027 2988 3293 3048 sumptum
3337 2981 3624 3036 suaderet"

2043 3073 2140 3112 cur
2163 3075 2290 3128 ergo
2317 3061 2368 3114 in
2401 3069 2540 3116 terra
2567 3062 2794 3132 idipsum
2829 3065 2975 3132 facis,
3010 3067 3148 3123 unde
3177 3069 3321 3124 brevi
3368 3071 3620 3140 migratu-

2045 3163 2136 3204 rus
2163 3151 2264 3204 es?
2289 3153 2376 3214 At,
2411 3151 2637 3222 inquies,
2673 3154 2792 3208 filiis
2825 3155 3140 3225 relinquam.
3173 3158 3364 3214 Verum
3390 3161 3460 3214 illi
3489 3177 3622 3232 quo—

2041 3257 2144 3311 que
2172 3249 2223 3296 te
2245 3243 2400 3311 paulo
2431 3253 2548 3312 post
2593 3246 2868 3315 sequuturi
2913 3255 3068 3312 sunt;
3102 3248 3209 3303 imo
3235 3265 3376 3318 sa'pe
3405 3259 3455 3304 te
3482 3267 3624 3320 prte-

2039 3331 2250 3398 cedent,
2305 3333 2624 3404 illorumquc
2675 3336 2922 3392 similiter
2971 3341 3202 3407 posteri;
3256 3340 3484 3411 hincque
3527 3343 3620 3396 tibi

2039 3426 2282 3481 tnmroris
2299 3441 2478 3492 causa,
2499 3443 2619 3482 cum
2639 3429 2860 3484 heredes
2880 3446 2982 3484 non
3002 3430 3092 3485 tibi
3116 3447 3394 3500 superesse
3416 3433 3615 3489 videas.

2039 3517 2111 3572 lbi
2143 3533 2270 3572 vero
2301 3518 2432 3572 nihil
2461 3519 2760 3587 hujusmodi
2795 3519 3104 3587 timendum,
3139 3523 3232 3576 sed
3265 3523 3478 3577 in‘nnota
3503 3541 3617 3577 ma-

2039 3620 2126 3663 net
2153 3610 2416 3664 hereditas
2447 3609 2558 3675 tibi,
2591 3610 2732 3677 filiis,
2761 3613 3060 3682 nepotibus,
3104 3614 3148 3667 si
3175 3613 3415 3668 eamdem
3447 3616 3616 3670 virtu-

2038 3710 2140 3756 tem
2172 3701 2528 3756 imitabantur:
2563 3703 2710 3756 lilam
2739 3703 2977 3758 Christus
3007 3705 3262 3758 anliiieal:
3297 3720 3400 3776 quo
3427 3706 3617 3776 opifice

2036 3795 2194 3849 nullis
2245 3795 2597 3858 curatoribus,
2649 3795 2786 3850 nulla
2839 3798 3192 3853 sollicitudine
3223 3809 3300 3853 est
3329 3815 3482 3871 opus.
3515 3801 3614 3856 L‘bi

2035 3883 2176 3938 enim
2237 3884 2374 3938 Deus
2426 3885 2476 3938 in
2523 3899 2582 3940 se
2635 3886 2854 3955 su5picit
2908 3901 3076 3956 Opus,
3127 3888 3252 3956 quid
3311 3889 3448 3943 ultra
3512 3905 3610 3944 cu-

2033 3974 2294 4029 randum?
2359 3975 2450 4030 Ille
2495 3977 2671 4030 omnia
2723 3975 2970 4046 Colligit,
3023 3987 3077 4030 et
3121 3977 3336 4030 donum:
3391 3979 3605 4033 excitet.

2032 4067 2212 4137 Neque
2267 4066 2316 4120 id
2363 4067 2534 4121 solum
2589 4067 2832 4122 mirabile
2875 4077 2985 4132 est;
3031 4067 3122 4120 εει]
3165 4067 3304 4136 quod
3349 4068 3416 4122 ita
3467 4069 3610 4122 illam

2031 4167 2269 4212 exstruat
2316 4167 2372 4212 ut
2423 4168 2626 4228 optare,
2685 4157 2793 4211 imo
2839 4159 3029 4211 melius
3073 4173 3228 4227 quam
3271 4167 3454 4227 optare
3486 4175 3608 4228 pos-

2030 4251 2124 4304 sis.
2185 4248 2278 4302 Est
2315 4249 2456 4302 eriim
2500 4247 2689 4302 artifex
2733 4248 2986 4315 optimus,
3043 4248 3130 4316 qui
3188 4248 3280 4301 tibi
3333 4249 3608 4304 utilissima

2029 4351 2196 4396 curat.
2225 4341 2278 4394 Si
2307 4355 2506 4410 pauper
2532 4340 2626 4404 sis,
2655 4348 2710 4394 et
2733 4339 2868 4392 hanc
2888 4347 3197 4393 construere
3217 4339 3430 4393 domum
3455 4342 3607 4407 γυΙίς,

2030 4433 2226 4486 nullam
2273 4430 2546 4496 invidiam,
2592 4429 2793 4484 nullum
2845 4428 2936 4483 tibi
2964 4427 3130 4498 pariet
3170 4428 3412 4483 livorem.
3441 4429 3608 4485 Nemo

2027 4525 2167 4578 enim
2196 4523 2404 4578 invidus
2435 4522 2575 4576 illam
2603 4521 2803 4586 videt”,
2847 4519 2938 4576 sed
2966 4519 3137 4586 angeli
3167 4529 3388 4587 tantum,
3421 4522 3508 4592 qni
3540 4522 3608 4577 de

2029 4615 2181 4669 bonis
2206 4617 2308 4670 tuis
2336 4615 2567 4684 gaudent
2595 4633 2608 4669 :
2643 4629 2802 4669 nemo
2828 4613 2968 4668 illius
2999 4613 3129 4668 lines
3173 4612 3424 4668 invadere
3452 4623 3603 4682 pote-

2026 4709 2114 4770 rit,
2143 4708 2262 4776 quia
2291 4708 2390 4760 hoc
2423 4706 2607 4760 morbo
2649 4705 3000 4760 laborantium
3048 4705 3222 4759 nullus
3253 4703 3454 4758 vicinus
3480 4705 3600 4758 erit.

2027 4800 2238 4854 Vicinos
2264 4801 2368 4854 illic
2395 4799 2614 4854 habebis
2651 4807 2884 4863 sanctos,
2933 4797 3172 4862 Paulum,
3206 4797 3440 4860 Petrum,
3477 4813 3600 4865 pru—

2027 4893 2210 4962 phetas
2231 4908 2437 4957 omnes,
2463 4899 2738 4962 martyres,
2763 4891 3069 4958 angelorum
3094 4899 3144 4942 et
3163 4887 3602 4955 archangelorum

2023 4995 2212 5040 cauus.
2245 4985 2338 5038 llis
2363 4997 2490 5037 vero
2512 4981 2578 5037 de
2603 4983 2776 5036 causis
2797 4980 3072 5034 facultates
3095 4995 3106 5046 ι
3127 4977 3409 5044 aupcribus
3435 4975 3604 5028 cmm-

2021 5076 2230 5141 damus,
2278 5083 2338 5127 ut
2384 5073 2470 5127 illa
2515 5072 2848 5126 tabcrnacn'a
2891 5083 3296 5136 consequamur,
3347 5081 3465 5133 qua:
3503 5079 3599 5118 nos

2022 5182 2205 5220 onincs
2225 5164 2442 5232 adipisci
2463 5161 2752 5230 contingat,
2772 5159 2938 5229 gratia
2961 5169 3014 5212 et
3041 5156 3361 5224 benignitate
3392 5154 3600 5209 Domini

2023 5259 2186 5312 nostri
2205 5255 2560 5320 Jeanhristi,
2594 5269 2687 5322 per
2701 5269 2856 5322 quem
2886 5260 2939 5305 et
2967 5265 3086 5304 cum
3117 5264 3220 5316 quo
3238 5246 3377 5299 Patri
3405 5245 3595 5314 gloria,

2020 5349 2280 5417 simulque
2301 5347 2515 5416 Spiritui
2534 5354 2749 5410 sancto;
2771 5345 2820 5396 in
2840 5341 3027 5396 smcula
3043 5337 3376 5394 seculorum.
3407 5339 3592 5392 Amen.

2083 5487 2096 5516 ¹
2136 5483 2268 5534 litec.
2297 5487 2340 5528 rt
2365 5480 2539 5532 labore,
2567 5477 2744 5524 desunt
2769 5474 2814 5520 ia
2841 5473 3018 5532 quibus
3037 5470 3124 5521 iam
3150 5478 3257 5534 mss,

2081 5549 2100 5575 ’
2137 5527 2411 5600 [ιξςιιίιιιιιιιι
2436 5555 2446 5599 ι
2467 5527 2568 5600 mat
2593 5534 2776 5582 Itoisius
2799 5527 2998 5582 ιιιίιυιιδ
3022 5533 3268 5580 antibasis
3285 5571 3296 5591 ,
3335 5531 3379 5578 in
3402 5529 3482 5580 tua
3514 5527 3593 5576 In;~

2020 5606 2152 5662 ιιὶιιιιι,
2183 5597 2302 5660 loco,
2327 5597 2457 5649 illsun
2487 5597 2626 5647 t'iiit‘l.
