4072 6152
505 396 688 408 “-

693 397 1248 410 mp.“

1227 260 1282 316 S.
1325 260 1597 316 JOANNIS
1635 260 2113 316 CIIRYSOSTOMI
2154 261 2470 320 AliClllEP.
2507 268 3037 332 CONSTANTINOP.

1937 397 2313 408 ———_—_

3689 294 3784 345 512

3063 418 3298 430 -υ-σισ--υ
3312 423 3388 432 ε-.-
3403 426 3754 444 “.—

2322 400 3041 424 -————-—_._.____-

1849 487 2188 554 HOMILIA
2232 493 2414 559 LVII.

453 561 491 629 χχ

490 661 617 714 ΕΜ».
665 659 719 714 9.
778 674 836 713 ν.
868 657 921 714 6.
971 658 1097 714 litae
1141 676 1256 713 cum
1307 660 1516 714 dixisset
1559 658 1732 724 Jesus,
1785 657 1984 726 exspuit
2031 655 2087 707 in-

564 753 773 815 teri-am,
802 758 848 804 et
875 749 993 820 fecit
1020 751 1182 803 lutum
1208 767 1268 804 ea:
1293 761 1459 820 sputo,
1487 764 1533 801 et
1551 749 1710 803 Iinivit
1739 748 1902 800 lutum
1932 763 2083 816 super

561 841 734 896 oculos
779 841 920 911 caci,
969 848 1017 894 et
1061 841 1240 894 dixit:
1280 842 1332 895 7.
1386 840 1540 908 Vade,
1575 841 1743 894 lavare
1783 840 1834 892 in
1889 839 2084 909 pisci-na

564 933 730 987 Siloe.

563 1025 614 1080 l.
649 1024 933 1094 Scriptura!
965 1042 1065 1080 non
1093 1025 1430 1096 perfunctorie
1460 1024 1698 1096 (egentior.
1729 1023 1829 1077 Cur
1851 1023 2080 1077 Christus

488 1133 678 1171 catcunt
720 1125 988 1171 sanaturus
1031 1119 1082 1171 in
1126 1128 1307 1170 terrain
1337 1117 1607 1186 ea-spuerit.
1639 1114 1772 1171 ϐανεὶ
1823 1117 1928 1168 nali
1952 1115 2079 1183 fides

487 1215 698 1272 quanta.
726 1235 798 1247 —
822 1207 920 1274 Qui
951 1207 1181 1278 aliquam
1213 1223 1274 1260 ex
1314 1208 1625 1262 lectionibus
1655 1207 1935 1260 utilitatem
1962 1220 2079 1260 car-

489 1313 612 1366 pere
641 1299 840 1363 volunt,
868 1312 933 1352 ne
955 1299 1231 1352 minimum
1259 1299 1468 1368 quidm
1493 1307 1921 1368 prietercurrant.
1953 1297 2093 1353 ldeo.

489 1403 716 1458 namque
742 1387 1043 1458 Scripturas
1069 1389 1291 1442 scrutari
1313 1389 1584 1459 jubemur,
1612 1389 1733 1458 quia
1761 1389 1925 1443 multa
1955 1405 2072 1458 qure

487 1481 665 1534 statim
721 1478 894 1534 facilia
945 1479 1222 1546 videnlur,
1276 1497 1519 1550 magnam
1577 1480 1773 1535 habent
1821 1481 2090 1535 latentem.

483 1569 763 1625 sententia:
809 1570 1243 1640 profunditatem.
1279 1571 1408 1626 Vide
1439 1587 1664 1642 namque
1691 1571 1814 1642 quid
1857 1572 1906 1625 in
1937 1589 2076 1643 pne—4

482 1663 618 1718 senti
670 1658 1016 1735 pt’bponatur.
1053 1664 1177 1718 ch
1223 1683 1335 1719 cum
1386 1667 1612 1726 dixisset,
1663 1667 1851 1737 inquit,
1879 1666 2071 1736 exspuit

482 1756 532 1806 in
561 1764 744 1808 terram
776 1753 845 1828 (υ.
875 1757 909 1810 3
953 1766 998 1810 et
1024 1756 1104 1826 4).
1145 1755 1253 1810 Cur
1281 1757 1411 1810 hoc?
1443 1756 1507 1812 Ut
1547 1757 1915 1811 manifestctur
1951 1758 2070 1827 glo-

484 1845 560 1899 tia
590 1846 706 1913 Dei,
757 1855 808 1902 et
852 1847 991 1917 quod
1037 1859 1281 1918 Oportcat
1327 1867 1411 1905 me
1443 1849 1617 1905 facere
1646 1865 1806 1920 opera
1837 1851 1950 1921 ejus
1981 1853 2074 1922 qui»

482 1937 627 1992 misit
675 1953 779 1992 me.
829 1937 1010 2009 Neque
1061 1941 1200 1997 enim
1250 1942 1363 1996 sine
1415 1958 1573 1998 causa
1617 1944 1728 1997 haec
1757 1946 2083 1998 memoravit

481 2029 828 2099 evangelista,
857 2031 1164 2102 addiditque
1210 2033 1378 2102 ipsum
1424 2036 1735 2104 exspuissc;
1765 2036 1857 2090 sed
1889 2047 1944 2091 ut
1972 2037 2068 2091 de-

480 2120 708 2176 clararet
750 2121 934 2178 Jesum
982 2127 1232 2195 operibus
1273 2143 1576 2183 sermonem
1624 2131 1962 2188 continuare.
2003 2132 2069 2189 Et

477 2228 573 2267 cur
603 2229 706 2269 non
732 2230 866 2285 aqua
894 2232 1020 2272 usus
1049 2228 1151 2284 est,
1178 2219 1271 2275 sed
1292 2231 1450 2290 sputo
1476 2222 1540 2278 ad
1560 2224 1725 2277 lutum
1745 2225 2088 2280 faciendum?

479 2303 732 2366 Missurus
772 2307 918 2363 illum
957 2320 1071 2364 erat
1102 2311 1153 2365 in
1197 2310 1361 2368 Siloe.
1395 2312 1470 2367 Ne
1498 2313 1623 2384 quid
1656 2330 1782 2386 ergo
1809 2314 1940 2370 futili
1969 2318 2068 2371 ads-

476 2396 816 2463 seriberctur,
837 2400 929 2454 sed
945 2399 1195 2465 disceres,
1224 2419 1287 2458 ex
1321 2419 1414 2459 ore
1435 2405 1550 2474 ejus
1577 2406 1772 2462 exiisse
1793 2409 2083 2474 virtutem,“

479 2510 594 2562 quze
623 2495 923 2550 eﬂ'ormavit
963 2505 1018 2552 ct
1050 2500 1256 2567 aperuit
1285 2500 1488 2566 oculos,
1516 2503 1726 2569 c.vSpuit
1761 2501 1810 2554 in
1845 2513 2061 2556 terram.

481 2584 589 2638 Hoc
618 2585 924 2655 signiﬁcans
949 2589 1273 2659 evangelista
1305 2590 1534 2658 dicebat,
1572 2591 1633 2644 Et
1668 2593 1826 2646 tutum
1856 2593 1972 2664 fecit
1998 2609 2060 2646 ex

476 2686 642 2745 sputo.
676 2677 873 2733 Deinde
904 2693 969 2734 ne
995 2689 1270 2750 putaretur
1297 2696 1430 2752 opus
1452 2697 1529 2736 es.
1553 2692 1688 2737 terra
1712 2683 2056 2753 processisse,

479 2767 654 2820 luvare
692 2767 871 2836 jussit.
922 2768 1029 2823 Cur
1073 2786 1198 2840 ergo
1231 2785 1334 2825 non
1364 2773 1540 2826 statim
1574 2773 1674 2826 hoc
1703 2772 1845 2841 fecit,
1886 2774 1978 2829 sed
2009 2774 2060 2828 in

477 2856 674 2910 Siloam
703 2857 884 2911 misit?
910 2857 982 2914 Ut
1005 2861 1130 2913 αηεί
1159 2860 1316 2915 tidem
1342 2861 1535 2926 discas,
1569 2872 1729 2937 utque
1755 2863 2062 2918 Judaeorum

480 2939 824 3016 pt-rvicaeitas
866 2952 1267 3021 reprimeretur.
1300 2953 1567 3009 Credibile
1597 2956 1737 3009 enim
1768 2966 1848 3010 est
1875 2972 2062 3014 omnes

479 3042 673 3098 vidisse
717 3044 861 3098 illum
899 3043 1205 3110 abeuntem,
1253 3045 1554 3116 illitumque
1600 3046 1767 3101 lutum
1817 3049 1866 3102 in
1894 3049 2077 3104 oculis.

478 3133 782 3188 habentem.
820 3135 928 3189 Res
953 3135 1096 3190 enim
1126 3136 1486 3207 inexspectata
1517 3140 1752 3194 omnium
1785 3141 1965 3196 oculos
1995 3143 2080 3196 ad.

478 3225 648 3289 ipsum
677 3223 941 3279 convertit
969 3239 984 3280 :
1015 3232 1122 3279 tum
1150 3225 1238 3295 qui
1287 3225 1550 3293 viderunt,
1599 3235 1709 3283 tum
1735 3231 1820 3300 qui
1854 3231 2062 3300 ignora-

478 3313 619 3372 bant.
649 3313 714 3368 ad
738 3314 812 3369 rei
838 3314 1042 3370 exitum
1069 3316 1253 3370 intenti
1282 3327 1452 3372 erant.
1475 3318 1604 3386 Quia
1625 3320 1766 3375 enim
1787 3337 1890 3376 non
1906 3321 2066 3378 facile.

473 3405 678 3460 creditu
708 3415 826 3462 erat
867 3422 1066 3462 cat-enm
1117 3409 1284 3463 visum
1314 3425 1680 3480 recuperasse,
1726 3429 1818 3482 per
1848 3417 2057 3485 longam

472 3499 612 3552 viain
641 3500 837 3554 multos
863 3509 1014 3569 parat
1040 3510 1222 3567 testes,
1251 3511 1304 3557 ct
1336 3512 1440 3556 tam
1488 3502 1712 3558 insolin
1740 3505 1812 3559 rei
1851 3515 2060 3574 specta-

473 3599 648 3654 tores;
698 3597 754 3643 ut
794 3590 1108 3647 attentiorcs
1149 3592 1443 3662 facti,,jam
1475 3611 1578 3647 non
1612 3605 1825 3665 possent
1857 3596 2054 3663 dicere,
2084 3624 2091 3631 -

474 3680 569 3735 Hic
593 3688 697 3747 est,
731 3695 834 3735 non
865 3691 949 3736 est
995 3683 1100 3737 hic.
1153 3684 1231 3738 Ad
1261 3685 1379 3740 hare
1408 3701 1555 3741 vero.
1581 3687 1689 3741 vult
1717 3687 1846 3742 illud
1879 3698 2074 3744 οδκιιι-Δ

471 3771 620 3838 dere,
672 3785 731 3826 se
778 3773 944 3826 veteri
1001 3772 1119 3841 legi.
1160 3776 1482 3830 contrarium
1528 3793 1633 3832 non
1675 3793 1812 3843 esse,
1846 3779 1970 3835 dum
2005 3781 2059 3840 in

468 3861 612 3916 Siloe
654 3859 837 3916 mittit.
889 3861 1072 3934 Neque
1101 3865 1244 3919 enim
1284 3867 1649 3922 metuendum.
1677 3879 1816 3936 erat,
1846 3885 1910 3924 ne
1935 3870 2056 3924 laeti

467 3950 633 4020 gloria
655 3950 797 4007 Siloe
828 3952 1140 4009 referretur.
1167 3955 1316 4011 Multi
1347 3973 1576 4028 namque
1607 3959 1726 4014 istic
1766 3961 1950 4016 oculos
1978 3962 2057 4016 la-

469 4051 675 4109 verant,
706 4043 794 4113 qui
818 4044 948 4100 nihil
979 4045 1103 4102 inde
1131 4046 1251 4102 boni
1275 4056 1411 4103 sunt
1428 4053 1741 4121 consequuti
1791 4051 1889 4107 llic
1914 4053 2054 4108 enim

468 4135 634 4189 virtus
662 4133 858 4192 Christi
901 4138 1089 4193 omnia
1123 4149 1423 4210 operatur:
1467 4141 1694 4212 ideoque
1735 4143 2055 4214 interpretae

467 4225 668 4280 tionem
697 4225 783 4282 hic
811 4225 991 4296 adjicit
1013 4231 1356 4302 evangelista.
1389 4231 1520 4288 Cum
1548 4233 1770 4290 dixisset
1795 4235 1959 4302 enim,
1987 4235 2059 4291 In

466 4319 627 4382 Siloe,
656 4317 859 4388 adjicit,
874 4319 986 4376 Hoc
998 4331 1089 4388 est,
1107 4322 1672 4397 Missus,utintelligas
1684 4328 1792 4384 illie
1803 4344 1829 4382 a
1843 4328 2079 4384 Christo.

464 4419 707 4467 curatum
725 4427 869 4478 esse,
887 4422 942 4466 ut
965 4412 1157 4468 Paulus
1170 4417 1243 4470 ait
1263 4433 1275 4466 :
1298 4416 1538 4472 Bibebant
1550 4429 1714 4472 autem
1730 4420 2056 4491 despirituali

464 4511 792 4570 consequente
816 4503 933 4556 illos
957 4513 1098 4570 petra
1117 4520 1135 4558 :
1151 4516 1291 4572 petra
1314 4518 1481 4560 autem
1497 4519 1600 4562 erat
1613 4509 1839 4565 Christus
1852 4511 2050 4585 (LCor.

467 4590 553 4645 10.
569 4589 645 4660 4).
671 4589 740 4645 Ut
765 4606 893 4659 ergo
907 4592 1146 4647 Christus
1167 4605 1282 4649 erat
1304 4597 1555 4665 spiritalis
1568 4610 1738 4670 petra,
1753 4602 1821 4656 ita
1834 4603 2055 4673 etspiri-

470 4681 589 4735 talis
618 4682 781 4737 Siloe.
825 4683 1046 4740 Videtur
1071 4695 1250 4742 autem
1283 4688 1413 4744 mihi
1445 4694 1732 4760 repentina.
1769 4695 1858 4750 illa
1901 4711 2054 4768 aqua:

470 4771 750 4842 praesentia
818 4787 1072 4829 arcanum
1137 4777 1292 4833 nobis
1343 4779 1643 4851 signiﬁcare
1717 4789 2049 4857 mysterium.

467 4863 744 4932 Quodnam
776 4863 948 4920 illud?
976 4865 1403 4939 lnesspectatum
1433 4883 1630 4945 praeter
1656 4891 1804 4947 Spem
1836 4894 2054 4938 onmem

469 4956 777 5014 adventum.
811 4957 918 5015 Sed
963 4959 1085 5016 vide
1121 4962 1252 5018 mihi
1281 4965 1413 5020 casei
1455 4969 1690 5025 animum
1722 4970 1774 5027 in
1807 4973 2052 5030 omnibus

465 5050 866 5121 obsequentem.
891 5050 1074 5122 Neque
1103 5052 1244 5109 enim
1266 5054 1420 5121 dixit,
1446 5057 1502 5112 Si
1534 5057 1704 5114 lutum
1728 5070 1819 5116 aut
1838 5072 2049 5131 Sputum

465 5139 593 5196 mihi
627 5143 909 5198 oculorum
938 5157 1092 5199 usum
1124 5145 1429 5213 restituunt,
1462 5147 1586 5218 quid
1617 5164 1749 5220 opus
1771 5161 1853 5207 est
1875 5153 2052 5209 Siloe?

463 5232 505 5282 si
537 5246 665 5286 vero
692 5233 857 5300 Siloe,
897 5235 1022 5306 quid
1073 5251 1206 5308 opus
1243 5249 1326 5295 est
1369 5240 1565 5310 sputo?
1595 5257 1691 5296 cur
1718 5243 1910 5313 linivit,
1957 5262 2052 5302 cur

467 5319 645 5376 lavare
664 5324 860 5392 jussit?
880 5327 1021 5383 Nihil
1055 5328 1244 5384 horum
1274 5330 1356 5386 vel
1385 5333 1660 5402 cogitavit;
1691 5335 1783 5390 sed
1809 5353 1966 5391 unmn
1998 5339 2049 5393 in

467 5412 738 5480 proposito
783 5415 1033 5485 habebat,
1083 5427 1141 5474 ut
1183 5419 1390 5490 jubenti
1441 5422 1868 5494 obtemperaret:
1918 5428 2050 5483 nihil

468 5502 639 5570 ipsum
672 5505 912 5573 retinuit,
937 5510 1068 5564 nihil
1094 5511 1334 5568 oﬂ'endit.
1364 5514 1418 5570 Si
1449 5516 1568 5586 quis
1591 5533 1720 5571 vero
1745 5517 1905 5585 dicat,
1933 5520 2050 5588 Quo

464 5602 619 5662 pacto
651 5593 760 5647 luto
786 5596 1031 5664 deposito
1057 5602 1226 5656 visum
1266 5607 1508 5676 recepit?
1535 5609 1665 5664 nihil
1695 5627 1724 5663 ει
1771 5612 1925 5666 nobis
1950 5629 2046 5668 au-

461 5684 570 5740 diet
595 5683 761 5752 aliud,
791 5701 948 5756 quam
980 5703 1078 5744 nos
1109 5692 1321 5749 modum
1347 5698 1573 5755 nescire.
1611 5701 1674 5755 Et
1703 5703 1828 5772 quid
1856 5706 2045 5761 mirum

2189 659 2236 713 si
2257 665 2578 736 nesciamus,
2606 674 2820 741 quando
2850 691 2918 731 ne
2960 681 3283 750 evangelista
3313 683 3527 752 quidem
3556 687 3776 756 sciebat,

2189 767 2363 842 neque
2405 757 2564 812 etiam
2609 761 2722 831 ipse
2747 765 2835 833 qui
2865 779 3081 821 sanatus
3111 769 3245 824 fuit?
3273 771 3378 827 Sed
3407 775 3530 842 quid
3580 777 3772 835 factttm

2187 841 2378 900 fuisset
2401 860 2642 918 noverat,
2675 854 2891 911 modum
2920 873 3049 913 vero
3078 841 3483 930 deprehendere
3504 882 3610 922 non
3628 879 3766 939 pote-

2187 943 2287 989 rat.
2321 935 2456 994 Illud
2490 957 2616 998 vero
2642 944 2998 1017 interrogatus
3029 949 3238 1007 dicebat
3265 971 3278 1008 :
3310 953 3497 1010 Lutum
3534 935 3773 1029 imposuit

2185 1027 2344 1083 oculis
2364 1033 2506 1098 meis,
2534 1045 2580 1088 et
2601 1036 2719 1101 lavi,
2749 1048 2795 1092 et
2825 1040 2986 1097 video.
3011 1041 3064 1096 ld
3083 1052 3259 1099 autem
3287 1050 3554 1116 quomodo
3579 1052 3770 1108 factum

2184 1117 2273 1185 sit,
2329 1121 2509 1178 dicere
2563 1128 2772 1198 nequit,
2815 1132 3021 1186 etiamsi
3073 1134 3266 1190 millies
3321 1137 3672 1211 interrogent.
3717 1146 3770 1200 8.

2183 1208 2366 1282 Itaque
2411 1217 2583 1286 ricini,
2634 1221 2821 1292 inquit,
2863 1235 2907 1278 et
2935 1227 3022 1296 qui
3060 1229 3287 1284 viderant
3325 1249 3436 1286 eum
3464 1237 3625 1304 prius,
3653 1242 3777 1308 quia

2182 1303 2439 1359 mendicus
2477 1319 2583 1362 erat
2603 1311 2639 1375 ¹,
2665 1313 2895 1368 dicebant
2922 1331 2941 1369 :
2966 1315 3154 1373 Nonne
3194 1321 3275 1374 hic
3323 1335 3396 1377 est
3435 1329 3518 1392 qui
3547 1329 3770 1398 sedebat,

2179 1399 2228 1444 et
2265 1395 2616 1454 mendieabat?
2641 1401 2693 1456 9.
2734 1404 2838 1456 Alii
2857 1405 3109 1474 dicebant,
3151 1407 3250 1464 llic
3277 1423 3368 1466 est.
3401 1414 3494 1469 Rei
3528 1395 3770 1474 insolen;

2181 1481 2249 1536 tia
2296 1483 2362 1538 ad
2407 1487 2832 1548 inerudelitatem
2863 1495 3092 1552 ducebat
3129 1515 3246 1566 eos,
3293 1502 3415 1559 licet
3446 1513 3552 1560 tam
3603 1509 3767 1564 multa

2179 1574 2388 1642 provisa
2421 1589 2621 1647 essent,
2652 1598 2770 1652 qua:
2801 1585 2946 1654 ipsos
2983 1588 3048 1642 ad
3074 1591 3397 1648 credendum
3430 1595 3763 1654 inducerent.

2178 1666 2281 1720 Alii
2319 1679 2496 1726 autem
2525 1672 2818 1730 dicebant:
2853 1675 3040 1736 Nonne
3080 1682 3163 1737 hic
3204 1695 3277 1740 est
3322 1688 3410 1755 qui
3456 1689 3678 1760 sedebat,
3721 1703 3767 1746 et

2176 1759 2490 1814 mendicabat
2505 1763 2531 1816 ?

2246 1847 2344 1902 Dei
2369 1851 2648 1925 benignitas
2696 1875 2815 1931 erga
2864 1878 3035 1918 omnes
3083 1867 3302 1938 cujusvis
3345 1873 3665 1930 conditionis.
3694 1909 3767 1920 -

2176 1941 2332 2012 Papa:
2355 1985 2370 2010 ,
2399 1957 2594 2017 quanta
2643 1950 2732 2006 Dei
2786 1954 3123 2014 humanitas!
3156 1960 3443 2034 Quousque
3487 1967 3764 2025 descendit

2175 2031 2298 2087 dum
2332 2051 2452 2092 eum
2487 2048 2628 2096 tanta
2657 2043 3023 2104 benevolentia
3057 2054 3330 2109 mendicos
3357 2068 3530 2124 curat,
3563 2073 3616 2115 et
3642 2063 3764 2118 hinc
3793 2047 3796 2050 i

2172 2123 2370 2182 Judmis
2401 2130 2668 2187 silentium
2699 2136 2959 2206 imponit,
2987 2142 3108 2212 quia
3155 2159 3260 2200 nun
3291 2146 3500 2215 claros,
3529 2152 3762 2209 illustres

2172 2230 2233 2270 ac
2257 2219 2521 2290 principes
2549 2224 2708 2291 viros,
2731 2229 2824 2282 sed
2846 2232 3099 2288 obscuros
3121 2239 3279 2291 etiam
3309 2255 3403 2295 sua
3430 2246 3760 2310 providentia

2172 2306 2488 2377 dignabatur
2522 2332 2536 2368 :
2567 2331 2688 2371 nam
2716 2319 2780 2373 ad
2809 2324 3046 2378 omnium
3078 2326 3304 2383 salutem
3337 2306 3579 2388 venerat.
3610 2336 3758 2404 Quod

2172 2411 2350 2455 autem
2379 2405 2652 2462 accidit=iu
2685 2412 2976 2484 paralytico
2998 2458 3012 2482 ,
3051 2416 3136 2473 hic
3164 2435 3378 2493 quoque
3407 2428 3606 2482 evenit.
3653 2430 3759 2485 Ne-

2171 2506 2274 2559 que
2302 2494 2445 2548 enim
2476 2497 2563 2552 ille
2593 2499 2710 2568 quis
2738 2516 2796 2557 se
2835 2516 3072 2561 curasset
3095 2520 3270 2578 norat,
3304 2528 3477 2584 neque
3505 2516 3612 2572 hic.
3650 2519 3759 2576 l'luc

2171 2593 2348 2636 autem
2366 2586 2558 2640 accidit
2574 2588 2644 2641 ob
2667 2589 2862 2647 Christi
2893 2593 3190 2652 discessum
3217 2603 3336 2670 :qni
3357 2617 3487 2657 eum
3517 2608 3754 2676 curabat,

2172 2686 2383 2742 semper
2408 2679 2662 2734 secedere
2694 2681 2931 2747 solebat,
2965 2695 3022 2739 ut
3074 2689 3212 2743 circa
3247 2691 3412 2760 signa
3443 2699 3618 2752 annuis
3663 2714 3754 2753 su-

2171 2765 2338 2832 Spicio
2369 2768 2662 2824 tolleretur.
2693 2772 2792 2840 Qui
2821 2776 2961 2830 enim
2992 2794 3096 2832 non
3125 2797 3382 2839 noverant
3429 2789 3547 2856 quis
3578 2804 3718 2846 esset
3738 2835 3752 2860 ,

2168 2860 2437 2926 quomodo
2469 2862 2519 2915 in
2550 2863 2664 2932 ejus
2684 2869 2904 2936 gratiam
2929 2870 3068 2926 circa
3099 2889 3183 2928 res
3208 2887 3386 2944 gestas
3415 2881 3612 2950 aliquid
3659 2885 3755 2939 liu-

2170 2948 2412 3003 xissent?
2442 2951 2625 3022 Neque
2649 2957 2791 3011 enim
2822 2957 2910 3014 hic
2942 2976 3114 3016 cmcus
3140 2980 3262 3020 erro
3297 2948 3554 3037 quispiam
3596 2985 3714 3027 erat
3737 3018 3750 3040 ,

2169 3040 2260 3094 sed
2287 3042 2352 3095 ad
2386 3045 2565 3115 templi
2587 3047 2779 3115 januas
2806 3052 3044 3109 sedebat.
3080 3056 3449 3114 Dubitantibus
3481 3077 3607 3132 ergo
3632 3079 3720 3119 om

2171 3132 2328 3187 nibus
2353 3135 2492 3188 circa
2524 3137 2668 3192 illum
2693 3181 2708 3204 ,
2738 3143 2864 3212 quid
2895 3143 3068 3199 dicit?
3099 3146 3212 3218 Ego
3237 3166 3369 3206 sum.
3412 3151 3525 3207 Non
3573 3157 3758 3223 puduit

2170 3221 2408 3293 pristinae
2434 3227 2722 3297 «veitatis,
2756 3247 2859 3286 non
2902 3233 3208 3292 fortnidavit
3255 3244 3434 3311 populi
3482 3243 3752 3314 furorem,

2169 3329 2340 3384 neque
2371 3318 2570 3374 veritus
2599 3332 2678 3376 est
2702 3338 2821 3379 sese
2849 3330 3168 3396 ostendere,
3201 3341 3259 3386 ut
3285 3335 3584 3394 beneﬁcum
3611 3355 3744 3410 pra:-

2169 3404 2394 3462 dicaret.
2425 3408 2514 3463 l0.
2546 3409 2736 3467 Dicunt
2757 3415 2822 3480 ei,
2858 3417 3126 3483 Quomodo
3145 3425 3308 3493 aperti
3327 3437 3442 3480 sunt
3473 3430 3559 3483 tibi
3584 3404 3756 3486 oeuli?

2173 3498 2258 3551 Η.
2293 3499 2576 3570 Respondit
2605 3503 2674 3558 eis
2711 3520 2730 3559 :
2773 3505 2938 3563 Ilonto
2961 3511 3047 3582 qui
3069 3511 3256 3568 dicitur
3291 3515 3460 3573 Iesus.
3499 3520 3634 3588 Quid
3674 3524 3754 3576 di-

2168 3591 2246 3644 cis
2267 3591 2290 3642 ?
2315 3606 2382 3646 an
2402 3593 2574 3650 homo
2601 3595 2714 3653 hate
2743 3603 3037 3669 operatur?
3066 3605 3172 3661 Sed
3201 3607 3331 3662 nihil
3362 3611 3540 3668 adhuc
3581 3615 3648 3668 de.
3689 3632 3754 3670 eo

2167 3698 2414 3753 magnum
2446 3686 2781 3756 epinabatnr.
2820 3691 2986 3748 Ilomo
3029 3698 3115 3766 qui
3161 3697 3346 3752 dicitur
3381 3700 3531 3758 Jesus
3553 3705 3596 3771 ’,
3639 3709 3756 3776 fecit

2168 3773 2328 3827 lutum
2351 3785 2395 3828 et
2419 3778 2581 3833 unxit.

2235 3863 2298 3922 2t
2325 3864 2454 3919 Caeci
2480 3885 2509 3920 a
2535 3868 2728 3924 Christo
2759 3875 2921 3927 sanati
2952 3877 3210 3931 veracitas.
3245 3879 3310 3934 lu
3354 3883 3414 3935 iis
3458 3901 3572 3955 qua:
3601 3886 3754 3939 rideri

2166 3966 2432 4025 nequeunt,
2457 3959 2560 4026 [ide
2585 3971 2656 4014 est
2677 3979 2822 4033 opus.
2855 3964 2985 4021 Vide
3007 3983 3166 4038 quam
3196 3987 3354 4026 verax
3388 3974 3478 4028 sit.
3521 3976 3637 4030 Non
3665 3977 3750 4031 di-

2167 4045 2242 4098 xit
2272 4046 2412 4102 unde
2439 4048 2663 4104 fecerit»:
2693 4053 2838 4122 quod
2861 4057 3000 4110 enim
3025 4075 3128 4114 non
3159 4061 3395 4130 viderat,
3451 4081 3556 4121 non
3601 4067 3750 4123 dicit.

2165 4135 2346 4205 Neque
2368 4141 2511 4194 enim
2544 4142 2748 4199 viderat
2779 4146 2927 4201 illum
2959 4150 3236 4220 cxspuisse
3275 4153 3325 4206 in
3371 4164 3564 4211 terram
3591 4199 3607 4224 ,
3654 4161 3748 4214 sed

2163 4229 2304 4297 quod
2339 4232 2616 4301 unxisset',
2645 4252 2806 4306 sensu
2835 4249 2886 4294 et
2915 4255 2979 4295 ex
3009 4251 3510 4316 tactnpereepcrat.
3539 4249 3604 4304 Et
3624 4252 3751 4306 dixit

2163 4323 2287 4376 nti/ii
2309 4365 2324 4390 ,
2365 4324 2505 4381 Vade
2526 4328 2740 4394 ,tavare
2764 4331 2815 4384 in
2841 4336 3090 4388 natatoria
3121 4335 3294 4392 Siloe-
3315 4337 3423 4394 lloc
3457 4357 3523 4396 ex
3567 4345 3748 4398 auditu

2165 4415 2565 4473 testilicahatur.
2603 4421 2666 4474 Et
2708 4423 2846 4479 unde
2892 4424 3087 4480 Christi
3134 4445 3318 4484 vorem
3367 4437 3631 4488 noverat?
3675 4437 3745 4491 lix

2162 4507 2280 4574 ejus
2310 4522 2428 4563 eum
2459 4509 2734 4581 discipulis
2785 4517 3074 4586 colloquio.
3126 4520 3250 4576 ll:rc
3298 4525 3475 4578 (nunia
3525 4538 3744 4593 narrat,

2161 4597 2322 4651 allato
2343 4613 2406 4653 es
2439 4602 2690 4669 operibus
2719 4606 3022 4663 testimonio
3051 4626 3063 4660 :
3093 4611 3306 4666 modum
3335 4613 3515 4671 dicere
3544 4619 3741 4687 nequit.

2161 4687 2311 4755 Quod
2342 4690 2387 4742 si
2420 4691 2470 4745 in
2503 4692 2569 4747 iis
2598 4709 2717 4763 qua:
2742 4711 2903 4752 sensu
2935 4709 2988 4754 et
3014 4709 3154 4757 tactu
3202 4707 3598 4776 percipiuntur,
3643 4710 3744 4764 tida

2160 4789 2252 4833 est,
2271 4794 2441 4849 opus;
2472 4783 2642 4837 multo
2669 4787 2838 4856 magis
2866 4789 2919 4842 in
2957 4791 3030 4844 iis
3069 4808 3188 4862 qua:
3235 4795 3400 4850 videri
3450 4812 3732 4870 nequeunt.

2162 4870 2249 4924 l2.
2273 4869 2460 4925 Dicunt
2482 4873 2546 4939 ei,
2578 4872 2676 4928 Ubi
2701 4886 2774 4930 est
2793 4878 3245 4952 ille?‘liespondit,
3272 4885 3477 4941 Nescio.
3505 4888 3559 4944 ld
3588 4905 3744 4960 porra

2159 4961 2447 5028 dicebant,
2491 4963 2588 5020 Ubi
2608 4975 2682 5020 est
2707 4967 2835 5024 ille?
2863 4972 3140 5028 occidendi
3169 4979 3370 5033 animo.
3409 4978 3536 5036 Vide
3567 4994 3740 5036 autem

2160 5053 2245 5108 hic
2273 5071 2428 5124 quant
2453 5056 2785 5114 sitChristus
2814 5077 2841 5115 a
2871 5063 3006 5119 fastu
3035 5068 3239 5124 alienus
3259 5112 3272 5136 ,
3320 5074 3591 5141 quomodo
3638 5091 3742 5131 non

2157 5145 2337 5200 aderat
2363 5159 2481 5216 post
2506 5153 2804 5206 restitutam
2837 5157 3116 5212 sanitatem
3139 5202 3154 5228 ,
3200 5177 3303 5215 non
3334 5163 3562 5234 gloriam
3590 5206 3603 5231 ,
3637 5180 3738 5219 non

2158 5237 2334 5306 pupilli
2382 5240 2625 5308 plausum
2656 5245 2952 5312 qumrebat.
2991 5248 3119 5304 Vide
3145 5262 3322 5306 autem
3350 5270 3509 5324 quam
3541 5257 3743 5312 veraci-

2158 5337 2242 5384 ter
2286 5331 2351 5386 ad
2398 5336 2574 5390 omnia
2631 5352 2806 5395 caseus
2859 5343 3199 5412 respondeat.
3253 5347 3574 5412 Quatrebant
3614 5366 3738 5420 ergo

2155 5421 2455 5495 Christum,
2488 5438 2544 5482 ut
2586 5428 2652 5483 ad
2698 5433 3004 5489 sacerdotes
3051 5434 3340 5504 ducerent;
3389 5453 3509 5493 eum
3562 5454 3735 5496 auem

2179 5588 2193 5602 .
2220 5531 2236 5562 ί
2273 5531 2478 5606 Vulgata
2502 5539 2680 5606 latina,
2705 5539 2819 5602 quia
2863 5541 3115 5606 mendicus
3150 5553 3274 5596 erat.
3299 5546 3354 5596 In
3379 5547 3534 5599 Editis
3555 5551 3732 5602 Grauis

2155 5591 2404 5668 Evangelii
2433 5596 2611 5657 legitur
2635 5591 2695 5650 δέι
2714 5591 2857 5668 hsta;
2882 5591 2939 5662 ἦᾲ.
2961 5591 3394 5668 quidemet—iacret.

2155 5721 2192 5763 Μ
2219 5657 2244 5765 ἒ
2275 5655 2417 5720 Ηως,
2463 5655 2609 5710 Itonia
2641 5661 2723 5724 qui
2756 5655 2938 5714 dicitur
2957 5655 3126 5729 .iesns,
3167 5655 3422 5722 desuut'in
3447 5673 3737 5736 quibusdam

2193 5729 2219 5765 s
2247 5752 2258 5765 .
