4072 6152
331 265 438 322 515

331 391 438 430 non
488 370 825 437 invenirent,
868 385 1070 426 czecum
1105 369 1307 424 ducunt
1340 369 1406 423 ad
1453 368 1788 432 l‘harismos,
1829 365 1918 434 qui

333 463 582 534 superius
605 463 1018 532 interrogarent.
1052 461 1173 515 Ideo
1202 475 1431 528 nataque
1456 457 1784 528 evangelista
1812 455 1926 509 sab-

335 555 516 610 hatum
550 553 716 609 fuisse
745 551 907 618 dicit,
939 561 996 607 ut
1017 566 1235 622 pravum
1265 565 1449 604 eorum
1471 549 1706 602 animum
1743 553 1926 600 osten-

333 645 486 702 deret
509 688 525 712 ,
553 655 608 700 et
637 659 798 714 quam
827 642 1184 698 calumniandi
1216 641 1528 696 miraculum
1569 653 1756 693 ansam
1805 651 1922 706 cap-

337 744 543 802 tarent,
573 734 714 805 quod
761 733 966 788 scilicet
1014 733 1186 801 legem
1230 741 1592 800 transgressus
1633 727 1923 782 videretur.

339 829 578 898 ilincque
600 826 773 896 palam
801 833 912 890 est,
941 825 1080 894 quod
1109 823 1194 876 tibi
1228 823 1456 892 primum
1489 821 1639 874 11111111
1660 817 1922 880 viderunt,

338 919 465 974 nihil
509 916 652 971 aliud
702 915 976 976 dixerint,
1025 928 1222 983 quam,
1281 913 1370 967 15.
1419 910 1682 976 Quomodo
1731 907 1924 978 aperuit

339 1010 513 1064 oculos
541 1018 654 1060 tuos
677 1007 702 1058 ?
731 1005 796 1059 Et
822 1004 1191 1058 animadverte
1221 1017 1326 1055 non
1356 1001 1555 1054 dixisse
1579 999 1700 1054 illos
1724 1037 1738 1061 ,
1783 997 1925 1063 Quo-

336 1101 500 1158 modo
529 1102 700 1154 visum
733 1097 982 1166 recepisti
1009 1113 1023 1162 ;
1053 1095 1146 1150 sed
1172 1134 1188 1161 ,
1223 1091 1487 1160 Quomodo
1508 1091 1706 1160 aperuit
1753 1089 1924 1142 oculos

336 1203 450 1247 tuos
471 1192 498 1246 7
523 1189 857 1246 occasionem
891 1187 990 1256 ipsi
1016 1185 1306 1242 offerentes
1348 1180 1708 1238 calumniandi
1750 1179 1921 1248 ipsum

336 1285 406 1338 ob
433 1297 570 1351 opus
601 1281 824 1336 editum.
856 1279 949 1334 Ille
972 1291 1101 1332 vero
1123 1275 1272 1345 quasi
1312 1289 1416 1328 non
1461 1271 1658 1342 ignaris
1710 1270 1924 1326 brevius

339 1375 573 1447 loquitur
605 1391 620 1429 :
653 1388 758 1427 non
791 1386 984 1424 nomen
1021 1367 1234 1438 protulit
1256 1408 1272 1433 ,
1307 1383 1410 1420 non
1439 1365 1548 1431 ait,
1585 1364 1724 1418 Dixit
1752 1362 1879 1418 mihi
1905 1403 1920 1424 ,

349 1467 487 1520 Vuae
508 1508 522 1528 ,
556 1466 765 1528 lavare;
797 1463 891 1517 sed
924 1465 1103 1516 statim
1135 1461 1241 1524 ait,
1277 1458 1461 1512 Lutum
1497 1455 1734 1526 imposuit
1775 1470 1925 1522 super

339 1560 707 1619 oculosmeos,
735 1554 943 1618 et-luri,
989 1563 1034 1606 et
1081 1551 1246 1606 video.
1291 1551 1484 1619 Ulpole
1521 1563 1650 1604 cum
1695 1546 1800 1616 jam
1849 1545 1920 1598 illi

341 1651 564 1705 nultum
589 1647 893 1702 catumuiati
921 1654 1104 1700 essent
1125 1643 1491 1712 dixisscmque
1515 1681 1530 1707 ,
1561 1639 1698 1694 Vide
1725 1646 1920 1707 quanta

337 1743 490 1799 Iesus
517 1749 768 1810 operetur
799 1739 850 1793 in
879 1737 1101 1792 sabbato
1125 1753 1140 1800 ;
1169 1736 1333 1790 lutum
1365 1733 1539 1788 illinit.
1569 1731 1647 1785 Tn
1662 1745 1788 1784 vero
1807 1745 1924 1798 per-

340 1833 510 1904 pende
540 1829 811 1902 quomodo
841 1845 945 1883 non
977 1827 1224 1882 turbetur
1251 1839 1446 1880 ctecus.
1499 1821 1632 1877 Nam
1676 1820 1764 1875 ubi
1817 1817 1922 1887 pri-

339 1943 482 1982 mum
509 1927 865 1994 interrogatus
897 1923 1012 1977 sine
1045 1919 1282 1991 periculo
1313 1915 1592 1986 respondit
1615 1956 1630 1981 ,
1660 1929 1767 1968 non
1815 1922 1920 1966 tam

339 2034 530 2091 magna
560 2033 647 2074 res
672 2025 790 2072 erat
820 2015 1097 2070 veritatem
1119 2011 1365 2082 proﬁteri
1397 2026 1411 2064 :
1449 2008 1550 2064 hoc
1579 2021 1703 2061 vero
1729 2005 1920 2060 mirum

338 2123 452 2180 est,
486 2111 537 2164 in
559 2109 745 2179 majori
774 2107 1118 2161 constitutum
1157 2111 1341 2168 metu,
1378 2115 1496 2154 non
1547 2112 1744 2167 negare
1769 2137 1783 2161 ,
1815 2112 1920 2150 non

337 2201 600 2259 contraria
629 2198 897 2270 prioribus
925 2196 1124 2251 dicere.
1142 2193 1288 2262 Quid
1309 2207 1440 2262 ergo
1470 2187 1771 2245 Pharisrei?
1816 2187 1924 2241 imo

339 2295 498 2350 etiam
547 2292 675 2346 alii?
721 2290 1074 2344 Adduxerunt
1115 2301 1236 2341 eum
1277 2293 1536 2354 tanquam
1582 2288 1917 2350 negaturum.

338 2387 532 2440 Contra
558 2397 688 2438 vero
709 2382 885 2436 evenit
913 2394 1070 2449 quam
1103 2376 1357 2446 Optabam
1381 2372 1514 2442 ipsi,
1545 2381 1598 2424 et
1623 2369 1922 2425 accuratius

340 2493 449 2531 rem
477 2475 778 2530 didicerunt
811 2490 823 2526 :
857 2473 904 2525 id
934 2470 1074 2540 quod
1105 2469 1206 2522 illis
1233 2467 1426 2536 ubique
1453 2465 1590 2518 circa
1635 2463 1782 2532 signa
1827 2477 1919 2514 ac-

339 2569 503 2633 cidit;
535 2563 962 2633 insequentibus
1003 2569 1178 2614 autem
1219 2558 1270 2613 id
1313 2557 1510 2611 clarius
1555 2553 1918 2607 ostendemus.

339 2659 474 2725 Quid
499 2671 627 2727 ergo
653 2655 938 2710 Phariswi?
968 2651 1219 2706 Dixerunt
1256 2649 1463 2720 quidam
1502 2645 1648 2718 (non
1691 2659 1878 2699 omnes
1904 2684 1918 2708 ,

338 2750 430 2803 Sed
461 2744 878 2818 petulantiores)
913 2759 925 2794 :
973 2742 1059 2798 16.
1099 2741 1198 2795 Hic
1241 2741 1390 2793 homo
1432 2754 1531 2791 non
1579 2745 1650 2789 est
1695 2751 1726 2786 a
1773 2732 1879 2786 Deo
1904 2775 1918 2799 ,

339 2841 455 2909 quia
476 2837 734 2892 sabbatum
759 2853 859 2889 non
899 2833 1135 2888 custodit.
1185 2831 1290 2884 Alii
1337 2828 1604 2892 dicebant,
1660 2825 1922 2892 Quomodo

341 2939 502 3000 potest
532 2929 681 2982 homo
707 2935 936 2996 peccator
961 2925 1068 2978 lucc
1093 2923 1240 2994 signa
1267 2919 1472 2992 facere?
1502 2917 1687 2972 Viden‘
1730 2917 1851 2970 illos
1890 2929 1922 2968 a

340 3024 504 3094 signis
531 3021 794 3076 allectos?
821 3016 1084 3096 Nam‘qui
1128 3016 1418 3080 miserant,
1463 3021 1521 3066 ut
1567 3011 1924 3065 adduceretur

341 3114 459 3167 andi
491 3112 617 3182 quid
647 3124 785 3164 nunc
815 3109 1031 3174 dicant,
1065 3106 1163 3161 etsi
1193 3120 1297 3159 non
1346 3119 1554 3158 omnes.
1599 3101 1731 3154 Cum
1778 3101 1920 3154 enim

347 3205 611 3274 principes
639 3209 822 3258 essent
845 3243 860 3265 ,
889 3217 952 3255 ex
980 3199 1160 3270 gloria:
1186 3197 1473 3266 cupiditate
1497 3195 1548 3248 in
1580 3192 1924 3248 incredulita-

341 3306 444 3350 tetn
471 3295 804 3350 deciderunt.
840 3295 1083 3346 Attamen
1113 3305 1176 3343 es
1211 3286 1536 3358 principibus
1565 3284 1714 3339 multi
1748 3283 1922 3337 credi-

339 3390 530 3442 derunt
561 3389 612 3440 in
639 3401 758 3439 eum
783 3425 800 3451 ,
829 3398 999 3454 neque.
1027 3391 1202 3436 tamen
1223 3378 1644 3434 conﬁtebantur.
1692 3375 1922 3443 Populus

338 3481 608 3551 despectui
637 3489 746 3534 erat
771 3519 786 3543 ,
820 3487 876 3532 ut
901 3477 990 3548 qni
1023 3475 1148 3530 nihil
1177 3474 1351 3544 magni
1376 3473 1646 3528 conferret
1677 3469 1728 3522 in
1757 3483 1920 3540 syna-

341 3590 550 3643 gogam.
580 3573 856 3640 Principes
881 3579 1056 3623 autem
1085 3567 1352 3622 difﬁcilius
1382 3581 1442 3619 se
1484 3561 1706 3618 credere
1755 3561 1918 3630 proﬁ-

345 3668 624 3729 rebantur,
657 3663 742 3716 atii
777 3661 1101 3730 principatus
1127 3671 1346 3723 amore,
1376 3657 1464 3710 alii
1505 3665 1649 3709 metu
1692 3661 1918 3708 eastern-

341 3771 454 3808 rum
487 3753 708 3808 detenti.
739 3753 913 3820 Quare
941 3750 1154 3804 dicebat
1195 3766 1208 3801 :
1246 3745 1510 3813 Quomodo
1565 3743 1768 3814 potestis
1814 3759 1924 3795 crc-

339 3849 457 3901 dcre
481 3889 493 3909 ,
525 3848 611 3912 qui
643 3846 857 3916 gloriam
893 3846 955 3896 ab
1003 3839 1289 3896 hominibus
1337 3839 1566 3907 accipitis
1614 3837 1814 3908 (Joan.
1867 3837 1920 3891 5.

339 3934 491 4008 41)?
523 3936 584 3989 Et
613 3935 710 4004 ipsi
751 3933 964 4004 quidem
995 3933 1082 4000 qui
1110 3932 1304 3998 injuste
1327 3929 1630 3983 interficere
1657 3926 1924 3980 conaban-

341 4038 426 4081 tttr
447 4069 472 4094 η
502 4041 560 4080 se
592 4026 688 4080 Dei
716 4041 832 4079 esse
861 4023 1146 4084 dicebant;
1201 4022 1346 4074 illum
1401 4034 1526 4072 vero
1551 4059 1566 4084 ,
1610 4017 1703 4088 qui
1752 4033 1924 4071 cureos

338 4118 598 4183 curabat;
647 4131 751 4170 non
791 4131 952 4183 posse
1005 4132 1068 4169 ex
1121 4114 1229 4166 l)eo
1271 4128 1431 4174 esse,
1473 4111 1594 4180 quia
1645 4109 1921 4164 sabbatum

339 4226 444 4264 non
467 4209 732 4262 servabat.
765 4207 858 4260 llis
885 4205 1225 4275 opponebam
1255 4203 1376 4267 isti,
1413 4217 1515 4254 non
1550 4215 1706 4268 posse
1737 4214 1926 4266 pecca-

339 4313 510 4357 turem
556 4301 680 4354 talia
725 4298 902 4354 facere
942 4300 1113 4368 signa.
1161 4297 1238 4350 llli
1277 4303 1490 4348 versute
1531 4293 1692 4345 tacito
1729 4292 1922 4360 signo,

339 4409 496 4462 quam
531 4391 1006 4461 transgressionem
1043 4385 1302 4440 vocabant
1325 4425 1340 4448 ,
1389 4382 1438 4436 in
1472 4380 1702 4434 medium
1730 4379 1924 4432 affere-

341 4485 488 4538 baut.
519 4483 636 4538 Non
679 4483 822 4536 enim
853 4480 1099 4534 dicebant
1127 4518 1140 4544 ,
1179 4477 1232 4529 In
1285 4475 1506 4529 sabbato
1545 4481 1734 4534 curat;
1784 4471 1878 4525 sed
1910 4512 1924 4534 ,

343 4575 626 4631 Sabbatum
650 4591 752 4628 non
779 4572 1019 4626 custodit.
1040 4569 1100 4624 lli
1126 4583 1336 4622 rursum
1369 4565 1556 4634 ignave
1584 4571 1764 4632 agunt.
1795 4561 1925 4616 Cum

341 4669 484 4722 enim
517 4665 842 4736 oportuisset
885 4661 1170 4717 ostendere
1219 4674 1323 4712 non
1373 4655 1556 4710 violari
1605 4653 1924 4716 sabbatum,

341 4776 404 4813 ex
456 4759 623 4829 signis
672 4764 878 4810 tantum
923 4761 1186 4823 arguunt;
1232 4759 1284 4804 ct
1324 4749 1445 4819 jure
1473 4747 1708 4817 quidem.
1744 4745 1929 4798 Adhuc

339 4851 482 4904 enim
515 4850 664 4903 illum
693 4862 813 4901 esse
847 4847 1114 4898 hominem
1159 4842 1436 4911 putabant.
1479 4839 1725 4906 Alioquin
1777 4847 1928 4905 pote-

341 4949 462 4994 rant
487 4939 633 4993 illum
666 4937 772 4990 aiio
799 4933 958 4988 modo
989 4931 1274 4987 defendere
1297 4972 1314 4997 ,
1346 4927 1488 5000 quod
1513 4943 1702 4996 nempe
1725 4925 1926 4981 sabbati

344 5029 601 5086 Dominus
618 5035 782 5091 esset,
817 5025 905 5094 qui
937 5022 1066 5078 illud
1095 5022 1370 5076 statuisset
1400 5036 1412 5072 :
1446 5018 1540 5072 sed
1571 5017 1806 5072 nomium
1831 5015 1930 5068 hac

341 5113 496 5178 erant
523 5119 789 5176 sententia
810 5120 850 5168 ί.
879 5115 1046 5169 Nemo
1081 5122 1226 5168 certe
1254 5125 1438 5165 eorum
1468 5108 1696 5162 audebat
1724 5123 1784 5162 ea
1811 5123 1930 5175 qua:

344 5216 603 5270 sentiebat
628 5219 813 5281 aperte
841 5205 1074 5278 proﬁteri
1097 5245 1110 5272 ,
1140 5203 1232 5258 sed
1265 5201 1554 5256 dubitamlo
1577 5199 1928 5267 proponebat,

343 5306 430 5359 alii
483 5315 626 5360 metu
681 5299 914 5369 repressi
965 5303 1157 5360 erant,
1209 5294 1296 5346 alii
1345 5289 1672 5359 principatus
1725 5303 1928 5342 amore.

345 5400 576 5454 Stliisota
598 5397 754 5468 igitur
773 5399 880 5446 erat
907 5391 1037 5443 inter
1059 5388 1194 5440 illos.
1228 5383 1378 5452 Quod
1423 5383 1567 5452 prius
1599 5379 1695 5434 fttit
1737 5380 1790 5433 in
1835 5395 1930 5448 po-

347 5492 466 5560 pqu
486 5534 500 5556 ,
535 5487 732 5544 deinde
759 5486 811 5538 in
837 5481 1184 5552 principibus.
1212 5476 1312 5530 Alii
1338 5475 1602 5540 dicebant,
1631 5471 1801 5526 Battus
1823 5481 1932 5534 est;

405 5653 420 5679 '
457 5647 736 5707 Suspicatur
759 5633 1264 5707 Saviliuslegendum,
1290 5628 1499 5707 nondfnn
1527 5626 1664 5698 .Itrmc
1704 5627 1933 5676 lubuit-ait

345 5691 670 5773 agnitiot'iem.
699 5705 790 5752 Sed
818 5703 968 5759 locus,
993 5705 1045 5746 ut.
1069 5705 1141 5745 est
1167 5698 1211 5743 in
1239 5701 1395 5751 textu,
1424 5691 1538 5738 ferri
1566 5697 1742 5752 lutost.

1398 257 1461 313 1N
1499 255 1810 312 ltitiVN‘FAl
1855 252 2083 309 IIOMIL.
2123 256 2279 311 LVII.
2321 257 2394 316 al.
2437 259 2564 315 LVI.

2988 348 2996 357 .
3513 265 3614 323 su

2033 370 2143 436 alii,
2174 370 2314 438 Non,
2343 373 2434 428 sed
2454 375 2646 430 seducit
2671 376 2870 432 turbam
2919 377 3110 448 (Joan.
3159 377 3212 430 7.
3262 376 3384 446 £2).
3437 378 3628 443 Viden,

2033 461 2186 530 plebe
2214 463 2664 534 imprudentiores
2690 469 2956 538 principes
2985 468 3284 525 discissos?
3313 469 3420 524 Sed
3469 486 3614 540 poss-

2031 569 2188 623 qaam
2224 555 2292 608 ita
2323 558 2475 613 scissi
2515 569 2680 626 sunt,
2725 560 2856 615 nihil
2909 577 3226 631 generosum
3285 563 3612 626 exhibuere,

2031 661 2154 700 cum
2182 647 2382 703 instare
2409 647 2714 706 Pbarismos
2745 651 3003 706 viderent.
3049 652 3146 720 Qui
3177 652 3220 706 si
3254 655 3463 721 penitus
3509 654 3615 706 dis-

2031 737 2155 790 cissi
2191 735 2449 804 fuissent,
2479 740 2658 794 statim
2690 741 2968 796 veritatem
2998 743 3257 812 cognituri
3276 751 3461 798 erant.
3507 743 3616 796 Po-

2035 835 2132 881 test
2165 828 2305 881 euiin
2327 829 2591 883 dissensio
2614 841 2756 885 recta
2787 847 2930 887 esse.
2959 833 3081 886 Ideo
3112 833 3201 888 ille
3232 835 3460 900 diccbat,
3497 834 3617 889 Non

2033 917 2142 969 caui
2168 933 2343 986 pacem
2369 919 2567 972 mittere
2587 921 2636 972 in
2659 930 2868 987 terram,
2895 921 2983 974 sed
3005 921 3230 990 gladium
3262 923 3481 993 (Matth.
3526 925 3612 978 10.

2031 1005 2167 1078 51).
2199 1009 2290 1064 Est
2323 1010 2464 1062 enim
2490 1009 2657 1064 etiam
2691 1011 2828 1064 mala
2877 1013 3199 1078 Concordia,
3249 1023 3302 1067 et
3349 1013 3615 1069 discordia

2032 1101 2192 1156 bona.
2222 1101 2352 1156 Nam
2376 1105 2464 1172 qui
2497 1103 2685 1158 turrim
2712 1104 3043 1159 :cdiﬁcabant
3062 1147 3076 1168 ,
3108 1106 3158 1158 in
3181 1105 3433 1159 d.unnum
3457 1123 3615 1160 suum

2030 1192 2326 1246 concordes
2377 1205 2562 1254 erant;
2609 1204 2768 1262 atque
2815 1195 2972 1248 iidem
3011 1195 3146 1265 ipsi,
3191 1196 3312 1249 lieet
3337 1196 3520 1262 inviti,
3564 1198 3616 1250 in

2031 1284 2373 1337 commodum
2405 1299 2558 1338 suum
2587 1285 2742 1340 divisi
2771 1297 2912 1340 sunt.
2945 1286 3082 1340 Core
3105 1297 3280 1341 autem
3308 1304 3428 1342 cum
3458 1291 3618 1344 set-iis

2031 1373 2171 1428 male
2202 1385 2585 1429 consenserant
2612 1392 2627 1440 ;
2663 1375 2781 1431 idco
2808 1377 2942 1431 bene
2964 1378 3118 1431 divisi
3137 1387 3276 1430 sunt.
3297 1378 3460 1433 Judas
3481 1396 3613 1446 quo—

2029 1479 2132 1532 que
2175 1480 2295 1518 cum
2339 1464 2540 1520 Judaeis
2585 1467 2723 1522 male
2767 1468 3059 1522 consensit.
3098 1469 3279 1523 Potest
3309 1485 3437 1538 ergo
3479 1471 3615 1524 bona

2029 1557 2323 1624 dis-cordia,
2357 1568 2410 1612 et
2439 1559 2578 1613 mala
2609 1561 2894 1614 concordia
2926 1575 3064 1615 esse.
3088 1560 3218 1614 Ideo
3245 1561 3338 1624 ait,
3365 1561 3424 1615 Si
3441 1563 3618 1615 oett‘hts

2031 1657 2148 1700 tuus
2169 1648 2480 1702 scmtdtdizat
2511 1658 2558 1702 te
2581 1690 2596 1714 ,
2628 1665 2747 1703 erue
2766 1665 2876 1704 cum
2901 1665 2920 1713 ;
2947 1659 2996 1705 et
3017 1651 3060 1704 si
3089 1668 3175 1719 pes
3199 1661 3314 1704 ttttts
3337 1693 3352 1716 ,
3383 1652 3618 1705 abscinde

2033 1737 2259 1808 (Matth.
2293 1739 2346 1793 5.
2378 1739 2471 1794 29.
2501 1749 2548 1793 et
2578 1742 2663 1795 18.
2707 1741 2800 1810 8).
2845 1741 2901 1796 Si
2952 1743 3248 1796 membrum
3297 1743 3437 1798 male
3484 1759 3617 1798 eon-

2025 1832 2268 1897 juuctum
2295 1831 2715 1888 abscindendum
2744 1874 2758 1898 ,
2794 1849 2970 1888 nonne
2999 1833 3170 1888 multo
3204 1835 3373 1900 magis
3401 1835 3469 1889 ab
3491 1838 3618 1890 ami-

2027 1929 2104 1977 cis
2131 1924 2272 1978 male
2315 1923 2618 1994 conjunctis
2663 1923 2906 1980 absciudi
2955 1925 3207 1994 oportet?
3255 1925 3436 1996 Itaque
3484 1941 3616 1982 con-

2028 2013 2210 2067 cord-ia
2239 2030 2342 2102 non
2372 2030 2588 2085 semper
2613 2015 2750 2070 bona
2779 2023 2896 2083 est,
2927 2023 2984 2070 111
3017 2030 3117 2071 nec
3150 2031 3363 2087 semper
3409 2017 3618 2072 discor-

2028 2109 2110 2160 dia
2140 2107 2298 2162 mala.
3250 2108 3255 2111 ⁷

2100 2201 2152 2254 5.
2185 2201 2308 2254 11111ε
2330 2199 2449 2255 dico
2474 2209 2529 2254 ut
2561 2201 2729 2254 malos
2770 2199 3065 2269 fugiamus,
3108 2216 3396 2268 sequamur
3424 2203 3614 2258 honos.

2028 2290 2156 2344 Nam
2186 2292 2228 2344 si
2258 2291 2491 2347 membra
2521 2292 2728 2360 putrida
2759 2292 3072 2346 incurabiia
3103 2291 3470 2346 exscindimus
3496 2335 3510 2357 ,
3543 2310 3610 2347 ne.

2030 2383 2286 2452 reliquum
2316 2399 2510 2452 corpus
2538 2383 2800 2452 perdant;
2835 2383 2994 2452 idque
3028 2383 3251 2437 facimus
3277 2423 3291 2445 ,
3322 2397 3426 2437 non
3468 2383 3612 2452 quod

2031 2477 2326 2531 membrum
2367 2475 2760 2544 despiciamus,
2809 2475 2902 2528 sed
2952 2484 3010 2528 ut
3060 2484 3254 2528 caetera
3299 2489 3612 2529 servemus:

2029 2581 2228 2638 quamn
2259 2573 2426 2640 magis
2453 2570 2552 2624 hoc
2582 2571 2846 2638 agendum
2874 2571 3015 2624 circa
3041 2583 3136 2623 eos
3163 2569 3250 2639 qui
3284 2569 3419 2622 male
3465 2570 3620 2623 nobis

2024 2661 2194 2729 juncti
2234 2663 2404 2714 sunt?
2441 2662 2594 2728 Quod
2628 2661 2670 2714 si
2703 2661 2968 2730 possitttrts
3006 2661 3110 2714 illis
3135 2661 3452 2726 etut-inlatis,
3487 2661 3615 2731 nibij

2031 2753 2206 2805 damni
2239 2753 2518 2822 accipere;
2553 2752 2602 2806 id
2629 2753 2772 2805 omni
2803 2761 2995 2808 conatu
3033 2751 3342 2805 tentandum
3371 2769 3391 2804 -ε
3425 2751 3508 2804 sin
3543 2751 3614 2804 illi

2029 2843 2219 2912 corrigi
2253 2852 2548 2913 nequeant,
2597 2831 2856 2912 nobisque
2895 2850 3164 2902 noceant,
3206 2839 3519 2898 exscindere
3556 2850 3618 2894 et

2029 2934 2262 3002 atijicere
2288 2943 2520 3002 oportet.
2551 2933 2686 2986 lliuc
2703 2933 2844 2986 enim
2863 2931 2942 2985 1111
2965 2946 3109 3000 srepe
3137 2932 3304 3000 magis
3335 2930 3617 2983 lucrabun-

2031 3033 2134 3078 tur.
2172 3023 2321 3080 Unde
2347 3023 2540 3078 Paulus
2564 3024 2641 3077 sic
2672 3023 2914 3078 hortatur
2944 3041 2958 3077 :
2987 3022 3193 3090 Auferte
3208 3023 3396 3076 malum
3417 3021 3477 3074 de
3507 3039 3616 3074 me-

2029 3115 2113 3168 dio
2145 3125 2358 3168 vestrum
2381 3114 2408 3186 ·(
2435 3114 2455 3166 1
2492 3113 2608 3166 Cor.
2637 3113 2690 3167 8.
2717 3113 2782 3166 15
2804 3112 2822 3182 )
2841 3154 2854 3176 ,
2879 3121 2933 3166 et
2955 3152 2970 3176 ,
3003 3109 3073 3165 Ut
3100 3112 3308 3164 tollatur
3349 3113 3412 3165 de
3449 3111 3614 3164 medio

2028 3217 2242 3259 vestrum
2267 3210 2352 3275 qui
2377 3206 2470 3258 lioc
2499 3221 2628 3273 opus
2661 3204 2776 3272 fecit
2812 3201 2988 3274 (Ibid.
3018 3218 3066 3256 υ.
3111 3202 3146 3256 2
3253 3202 3615 3257 Perniciosum

2029 3298 2171 3351 enim
2198 3338 2214 3362 ,
2257 3295 2614 3366 perniciosum
2639 3295 2822 3363 utique
2847 3301 2927 3347 cst
2959 3307 3241 3362 pravorum
3265 3291 3612 3344 consortium.

2028 3389 2144 3443 Non
2169 3397 2274 3442 tam
2309 3388 2414 3442 cito
2440 3387 2600 3456 pestis
2627 3393 2934 3455 grassatur,
2985 3393 3040 3439 et
3080 3383 3288 3438 scabies
3325 3383 3617 3449 corrumpit

2032 3483 2116 3536 illa
2145 3481 2384 3544 affectos,
2409 3489 2462 3534 111
2492 3494 2776 3548 pravorum
2807 3475 3042 3544 nequitia
3083 3492 3096 3527 :
3123 3490 3246 3528 nam
3275 3474 3616 3539 Corrumpunt

2030 3575 2184 3628 bonos
2215 3588 2376 3626 mores
2401 3571 2648 3641 colloquia
2674 3585 2829 3638 111-αισα
2871 3568 2966 3636 (1.
3015 3565 3134 3620 Cor.
3182 3565 3270 3618 15.
3313 3565 3440 3634 '55).
3487 3563 3619 3618 Pro-

2033 3667 2189 3734 pheta
2221 3678 2451 3734 quoquc,
2489 3660 2800 3732 Egredimiui
2828 3659 2892 3712 de
2919 3657 3084 3711 medio
3116 3671 3287 3710 eorum
3312 3696 3326 3718 ,
3359 3664 3405 3708 et
3443 3670 3615 3723 segre-

2029 3757 2220 3828 gamiui
2245 3755 2263 3825 (
2288 3754 2398 3808 Jer.
2437 3753 2526 3807 5|.
2564 3752 2695 3822 45).
2732 3750 2900 3804 Net-no
2931 3749 3107 3816 itaque
3156 3745 3400 3816 improbo
3442 3753 3618 3798 utatur

2031 3849 2226 3904 amico.
2260 3847 2390 3902 Nam
2422 3847 2464 3901 si
2494 3859 2686 3916 pravos
2715 3843 2851 3896 filios
2878 3840 3266 3896 exlicredamus
3291 3879 3304 3904 ,
3331 3854 3501 3908 neque
3525 3853 3619 3891 na-

2033 3951 2203 3995 turam
2227 3952 2562 4000 reveremur,
2591 3935 2673 3988 vel
2703 3935 2847 4002 leges
2873 3933 2990 4001 ejus
3015 3971 3030 3994 ,
3068 3947 3238 3999 neque
3273 3927 3619 3983 necessitudi-

2033 4047 2152 4086 nem
2181 4029 2424 4099 quamvis
2453 4044 2466 4078 :
2498 4027 2664 4080 multo
2685 4025 2852 4093 magis
2876 4031 3102 4076 notoset
3129 4021 3414 4073 familiares
3439 4019 3620 4086 fugere

2033 4129 2266 4192 oportet,
2294 4121 2337 4173 si
2359 4119 2478 4172 mali
2508 4118 2634 4170 sint.
2659 4114 2914 4181 Quamvis
2941 4113 3082 4166 enim
3106 4111 3254 4164 nullo
3276 4109 3398 4163 hinc
3423 4110 3618 4164 damno

2032 4215 2330 4269 afﬁciamur
2355 4253 2368 4275 ,
2401 4211 2592 4264 malam
2624 4217 2797 4260 tamen
2825 4206 3016 4258 ianuam
3047 4205 3216 4257 vitare
3264 4218 3368 4256 non
3423 4202 3622 4271 poteri-

2035 4325 2172 4363 mus.
2205 4303 2454 4360 Extranci
2485 4315 2718 4370 namque
2748 4315 2852 4352 non
2881 4298 3042 4350 vitam
3075 4295 3387 4364 explorant,
3417 4291 3508 4346 sed
3554 4308 3620 4346 ex

2037 4399 2198 4453 sociis
2222 4395 2485 4467 judicant.
2519 4393 2643 4446 lla-c
2671 4391 2782 4458 ipsa
2805 4397 2857 4444 et
2883 4399 3072 4456 nuptas
3099 4395 3152 4439 et
3194 4384 3424 4451 virgines
3468 4399 3615 4451 rugo.

2038 4489 2384 4552 Providentes,
2409 4483 2609 4553 inquit,
2639 4488 2766 4534 bona
2789 4521 2804 4543 ,
2839 4496 2937 4533 non
2989 4479 3155 4530 solum
3192 4491 3362 4528 corum
3403 4471 3620 4525 Domino

2035 4581 2123 4635 sed
2149 4580 2298 4632 etiam
2323 4593 2493 4630 eorum
2523 4573 2806 4628 hominibus
2841 4572 3024 4642 (110111.
3055 4569 3136 4622 12.
3175 4566 3300 4635 17).
3335 4565 3472 4619 Nihil
3493 4581 3622 4631 ergo

2038 4687 2142 4725 non
2183 4683 2433 4738 agamus,
2490 4683 2554 4719 ne
2604 4664 2846 4734 proximo
2895 4659 3216 4715 aliiudicqu
3268 4657 3456 4710 simus.
3507 4655 3620 4708 Vita

2035 4764 2176 4818 enim
2203 4803 2217 4825 ,
2247 4763 2344 4817 etsi
2383 4761 2674 4814 rectissima
2703 4799 2716 4820 ,
2747 4757 2790 4810 si
2823 4752 3145 4810 offendicula
3173 4751 3290 4806 aliis
3319 4751 3420 4810 sit.
3451 4758 3621 4802 totum

2035 4853 2287 4924 perdidit.
2345 4852 2409 4904 Et
2453 4848 2723 4918 quomodo
2771 4854 2944 4914 potest
2991 4853 3134 4897 recta
3187 4843 3291 4894 vita
3341 4838 3623 4892 offensioni

2037 4947 2196 5002 esse?
2225 4947 2356 5001 Cum
2387 4944 2646 4996 malorum
2675 4938 3002 4992 consortium
3035 4935 3227 4988 malam
3247 4933 3380 5000 parit
3403 4931 3619 4982 famam.

2033 5041 2166 5096 Cum
2191 5039 2332 5095 enim
2353 5037 2582 5090 ﬁdenter
2607 5048 2729 5087 cum
2758 5029 3015 5100 improbis
3042 5039 3341 5084 versamur,
3369 5021 3466 5074 etsi
3493 5021 3616 5074 nihil

2037 5131 2192 5186 nobis
2221 5128 2402 5186 damni
2434 5123 2680 5187 accidat,
2721 5121 2841 5174 aliis
2884 5113 3205 5172 oﬁ‘eudiculo
3254 5123 3456 5164 sumus.
3501 5108 3626 5163 lla-c

2040 5225 2204 5286 viris,
2261 5218 2608 5280 mulieribus,
2667 5211 2960 5281 virginibus
3025 5207 3184 5267 dico,
3245 5215 3430 5255 eorum
3495 5215 3616 5252 con-

2038 5313 2276 5368 scicntia‘.
2299 5305 2683 5377 explorandum
2716 5303 3050 5368 relinquens,
3083 5301 3276 5362 quanta
3308 5290 3617 5346 11111001·ἰ.;11‹

2042 5417 2124 5460 tur
2180 5405 2337 5458 inata.
2389 5401 2500 5468 Ego
2549 5395 2766 5466 quidem
2817 5391 2948 5444 nihil
2989 5387 3110 5440 ntali
3145 5385 3418 5452 suspicor.
3454 5398 3619 5452 neque

2039 5500 2174 5552 alios
2204 5494 2427 5549 fortasse
2455 5487 2830 5559 perfectiortim
2861 5498 2876 5546 ;
2907 5481 2999 5535 sed
3032 5478 3328 5547 simplicior
3355 5476 3518 5530 frater
3563 5479 3614 5528 in

2043 5601 2127 5644 tua
2157 5585 2443 5640 offenditur
2470 5576 2816 5646 .;~e.rfeclione.
2841 5572 3060 5640 Oportet
3090 5579 3266 5622 autem
3313 5567 3452 5620 illius
3489 5581 3622 5619 Coti-

2044 5668 2615 5736 sulercimlicril'itati.
2649 5665 2868 5719 Etiamsi
2914 5662 3035 5716 hinc
3086 5660 3172 5714 ille.
3217 5673 3320 5712 nou
3358 5655 3623 5720 laniatur,
