4072 6152
455 284 556 338 315

452 393 544 448 sed
571 392 784 462 gentilis
817 387 1130 444 olli-mictur.
1161 385 1319 440 Jubet
1354 391 1532 435 autem
1573 378 1766 434 Paulus
1807 378 1923 432 sine
1947 377 2031 431 of-

455 486 695 540 fensione
733 496 852 537 esse
876 478 1073 533 Judzeis
1098 518 1113 543 ,
1157 484 1212 530 et
1255 472 1486 537 Graecis,
1537 475 1591 523 ct
1633 468 1890 522 Ecclesia:
1942 463 2032 520 Dei

456 581 472 646 (
499 579 548 630 1.
583 576 698 628 Cor.
730 571 814 627 10.
844 571 876 624 5
902 570 940 639 ).
977 569 1085 637 ligo
1109 566 1237 621 nihil
1268 563 1390 619 mali
1414 563 1481 616 dc
1511 561 1711 628 virgine
1748 558 2031 626 suSpicor;

453 666 805 736 virginitatem
839 662 1035 732 quippe
1060 674 1215 722 amo;
1248 655 1446 711 Caritas
1482 663 1664 708 autem
1707 668 1806 704 non
1848 651 2034 720 cogitat

452 760 639 812 malum
665 757 682 826 (
713 757 761 811 l.
796 754 918 809 Cor.
957 753 1040 806 15.
1068 752 1084 818 )
1117 751 1228 805 1100
1260 749 1558 802 institutum
1592 746 1715 798 vitae
1743 742 2036 796 admodum

450 850 615 919 diligo
639 891 653 915 ,
688 858 860 914 neque
886 842 1176 898 absurdum
1209 840 1335 910 quid
1366 839 1605 908 cogitare
1639 850 1875 906 possum.
1900 835 2038 900 Quo-

451 941 610 995 modo
638 940 690 993 id
717 937 955 992 externis
987 931 1467 1004 persuadebimus?
1503 929 1726 998 Oportet
1749 928 1889 982 enim
1915 927 2035 981 illo-

451 1049 568 1088 rum
591 1032 749 1087 etiam
779 1028 1040 1084 rationem
1069 1025 1283 1079 habere.
1312 1021 1402 1077 Sic
1424 1022 1601 1091 itaque
1639 1027 1820 1074 nostra
1853 1017 2039 1088 dispo-

451 1137 681 1188 namus,
727 1135 796 1174 ne
823 1119 942 1188 quis
965 1116 1258 1171 infidelium
1285 1121 1470 1168 contra
1515 1127 1611 1166 nos
1655 1126 1840 1165 ansam
1886 1124 2042 1179 repe‘

1186 275 1240 329 S.
1284 267 1559 328 JO.\NNIS
1595 264 2066 321 CIIRYSOSTOMI
2106 265 2420 322 ARCIIIEP.
2461 260 2999 319 CONS’l'.-\NTINUP.

3625 267 3725 323 516

2145 396 2251 436 rtre
2279 383 2462 451 possit.
2493 381 2644 436 Sicut
2669 396 2810 434 cmm
2838 380 2870 434 ii
2895 379 2983 448 qui
3010 379 3168 433 vitam
3197 386 3395 434 rectam
3424 381 3679 438 exlnibent
3703 425 3720 450 ,

2147 473 2254 526 lico
2279 475 2498 542 gloriam
2529 473 2764 528 referunt
2799 490 2810 528 :
2843 472 2911 526 ita
2940 471 3030 541 qui
3057 486 3212 526 secus
3243 481 3440 542 agunt,
3476 475 3527 528 in
3567 489 3726 532 causa

2143 574 2388 619 smitcur
2417 564 2833 633 hlasphemetur.
2876 561 3071 619 Verum
3123 563 3259 617 absit
3305 575 3360 619 ut
3406 567 3540 622 tales
3589 571 3727 638 apud

2147 669 2244 708 nos
2273 655 2380 708 sint
2407 671 2422 720 ;
2451 655 2544 708 sed
2571 655 2639 707 ita
2668 656 2878 707 luceant
2905 668 3065 722 opera
3095 663 3275 708 nostra
3311 664 3363 707 ut
3403 656 3733 723 glorilicetur

2145 747 2306 801 Pater
2334 755 2517 800 nos-ter
2540 746 2628 815 qui
2657 747 2707 799 in
2735 747 2880 800 ca‘lis
2908 753 3021 809 est,
3053 754 3105 799 ct
3137 761 3232 800 nos
3257 745 3372 814 ejus
3391 747 3556 816 gloria
3585 747 3731 803 frna-

2146 852 2265 890 mur
2294 854 2306 889 :
2339 853 2497 907 quam
2521 837 2720 890 utinam
2755 852 2852 890 nos
2884 851 3073 890 omnes
3101 851 3526 906 consequamur,
3565 843 3730 910 gratia

2148 936 2202 981 et
2231 928 2555 998 benignitate
2589 927 2794 981 Domini
2829 928 2994 980 nostri
3026 927 3152 981 Jesu
3180 924 3378 982 Christi
3407 971 3420 994 ,
3457 945 3552 998 per
3569 931 3734 1000 quem

2149 1025 2204 1072 et
2227 1031 2347 1072 eum
2378 1033 2483 1087 quo
2514 1017 2652 1072 Patri
2679 1017 2847 1086 gloria
2873 1059 2886 1082 ,
2920 1032 3131 1088 unaque
3171 1027 3357 1073 sancto
3390 1020 3643 1090 Spiritui,
3683 1025 3734 1076 in

2151 1109 2344 1162 smeula
2376 1108 2712 1161 smeulorum.
2749 1110 2938 1161 Amen.

459 1216 2846 1248 Mm

1837 1298 2184 1359 HOMILIA
2245 1300 2462 1360 LVIII.

451 1459 576 1512 tlte.
627 1453 680 1508 9.
719 1467 768 1504 ν.
809 1449 888 1506 17.
917 1447 1103 1502 Dicunt
1135 1460 1264 1500 cwco
1291 1445 1472 1498 iterum
1513 1456 1531 1495 :
1580 1434 1654 1495 Tu
1679 1440 1801 1510 quid
1826 1437 1952 1493 dicis
1978 1438 2044 1490 de

520 1546 630 1612 illo,
660 1543 746 1614 qui
775 1540 972 1610 aperuit
1001 1538 1173 1592 oculos
1201 1535 1354 1590 tuos?
1382 1533 1482 1588 Ille
1508 1542 1674 1586 autem
1703 1532 1865 1596 dixit,
1909 1531 2041 1597 Quia

521 1637 762 1708 prapheta
787 1643 877 1688 est.
910 1631 994 1686 18.
1032 1629 1152 1683 Non
1176 1627 1492 1681 crediderunt
1521 1640 1639 1694 ergo
1667 1621 1859 1676 Judwi.

523 1755 573 1807 1.
617 1751 904 1818 Scriptura:
948 1760 1052 1800 non
1091 1744 1402 1814 simpliciter
1433 1755 1603 1810 neque
1643 1737 2038 1809 perfunctorie»,

452 1845 544 1900 sed
575 1858 731 1914 quam
763 1837 1166 1908 diligentissime
1196 1832 1432 1904 legenda:
1457 1835 1600 1897 sunt”,
1628 1846 1693 1884 ne
1724 1829 1846 1898 quid
1875 1828 2041 1883 obicis

454 1937 674 1989 oriatur.
707 1929 914 1985 Etenim
939 1929 1047 1997 jam
1075 1927 1195 1996 quis
1223 1926 1412 1980 merito
1439 1922 1787 1992 q-umstioncm
1811 1929 2042 1985 moveat,

454 2023 764 2091 Quomodo,
800 2028 1076 2089 postquam
1119 2016 1402 2078 dixerunt,
1456 2012 1552 2066 llic
1594 2029 1693 2066 non
1734 2021 1806 2064 est
1843 2027 1874 2063 a
1916 2010 2039 2073 Deo,

454 2117 571 2180 quia
597 2113 859 2166 sabbatum
887 2124 986 2162 non
1015 2118 1175 2161 servat
1201 2149 1211 2168 ,
1237 2107 1345 2173 jam
1385 2105 1567 2158 dicunt
1596 2104 1642 2156 ci
1665 2144 1678 2166 ,
1716 2097 1794 2154 Tu
1821 2101 1941 2168 quid
1967 2101 2039 2152 di-

454 2208 526 2259 cis
549 2205 612 2258 de
638 2203 747 2269 illo,
779 2201 868 2271 qui
892 2199 1088 2269 aperuit
1119 2197 1290 2251 oculos
1319 2197 1469 2249 tuos?
1495 2194 1607 2248 Non
1638 2193 1922 2254 dixerunt,
1965 2190 2043 2244 'l'u

456 2294 580 2365 quid
611 2293 742 2346 dicis
772 2291 840 2345 de
869 2291 979 2355 illo,
1021 2287 1109 2357 qui
1140 2286 1418 2342 sabbatum
1450 2283 1644 2338 solvit?
1685 2281 1777 2335 sed
1821 2295 2044 2334 excusa-

457 2388 654 2441 tionem
695 2397 834 2437 nunc
880 2397 974 2450 pro
1013 2379 1353 2434 accusatione
1384 2385 1603 2446 ponunt.
1637 2375 1772 2442 Quid
1813 2388 1940 2443 ergo
1964 2373 2046 2426 di-

454 2475 719 2531 cendum?
746 2473 858 2526 Non
888 2472 1045 2526 iidem
1074 2479 1197 2525 sunt
1219 2470 1305 2539 qui
1333 2467 1599 2531 dicebant,
1637 2464 1732 2519 llic
1761 2481 1860 2518 non
1889 2474 1958 2517 est
1986 2480 2047 2517 ex

457 2569 596 2629 Deo;
628 2565 719 2621 scd
753 2565 784 2618 ii
815 2563 901 2632 qui
933 2563 998 2617 ab
1028 2563 1156 2632 ipsis
1184 2561 1444 2615 sententia
1475 2557 1724 2627 disiuncti
1753 2557 2001 2610 dicebant
2032 2573 2043 2608 :

459 2660 624 2712 Homo
653 2667 881 2727 peccator
904 2671 1005 2708 non
1035 2662 1192 2723 potest
1219 2652 1324 2705 ha'c
1353 2654 1498 2720 signa
1527 2653 1710 2719 facere.
1741 2646 1871 2702 Cum
1903 2647 2044 2701 enim

460 2751 656 2803 vellent
688 2748 718 2801 ii
753 2763 813 2800 os
837 2745 1219 2814 comprimere,
1249 2759 1316 2797 nc
1336 2741 1603 2796 Christum
1635 2739 1732 2809 ipsi
1761 2737 2048 2792 defendere

458 2842 783 2902 viderentur,
817 2838 962 2892 illum
993 2836 1087 2905 qui
1114 2835 1322 2889 virtutis
1350 2835 1466 2902 ejus
1497 2831 1921 2900 experimentum
1952 2845 2044 2884 ee-

460 2942 642 3001 perat,
676 2930 726 2982 in
752 2927 980 2982 medium
1007 2925 1277 2980 adducunt
1301 2933 1352 2978 et
1383 2925 1732 2991 interrogant.
1765 2919 1894 2974 Vide
1919 2934 2048 2988 ergo

459 3023 706 3092 pauperis
737 3019 1086 3090 sapientiam,
1116 3018 1204 3086 qui
1238 3016 1549 3086 prudentius
1576 3029 1735 3084 quam
1761 3013 1836 3069 illi
1860 3027 2051 3067 onmes

459 3116 708 3184 loquutus
749 3121 848 3167 est.
894 3112 960 3166 Et
1000 3110 1173 3179 primo
1214 3107 1427 3178 quidem
1471 3107 1542 3159 ait
1581 3119 1597 3159 :
1633 3104 1892 3174 Propheta
1928 3112 2047 3157 est:

462 3221 633 3276 neque
664 3205 962 3259 formidavit
991 3214 1296 3273 perversum
1329 3199 1630 3254 Judaeoruut
1657 3197 1938 3266 judicium,
1967 3211 2051 3249 re-

461 3299 806 3369 pugnantium
838 3297 1236 3364 dicentiumque
1262 3311 1274 3346 :
1309 3292 1572 3359 Quomodo
1600 3299 1759 3360 potest
1787 3290 1868 3341 hic
1889 3306 1919 3340 a
1940 3283 2050 3340 Deo

460 3408 591 3456 esse,
624 3390 709 3459 qui
741 3388 1003 3442 sabbatum
1037 3402 1137 3439 non
1166 3382 1423 3438 custodit?
1452 3382 1545 3435 scd
1579 3381 1713 3436 dixit
1733 3420 1748 3442 ,
1792 3377 2052 3448 Propheta

461 3495 550 3537 est.
590 3483 651 3537 Et
681 3500 778 3536 non
809 3480 1128 3535 crediderunt
1155 3475 1329 3530 Judtvi
1357 3474 1490 3544 quod
1517 3490 1678 3527 ctvcus
1711 3472 1884 3542 fuisse!
1910 3481 1956 3525 et
1986 3471 2053 3524 tti-

462 3576 647 3636 disset,
700 3573 858 3625 donec
899 3576 1195 3623 vocaverunt
1237 3574 1465 3634 parentes
1499 3565 1628 3635 ejus.
1675 3561 2054 3616 Animadverte

461 3677 588 3733 quot
621 3664 791 3717 modis
821 3661 1135 3714 miraculum
1166 3659 1414 3727 obtegere
1439 3667 1492 3711 et
1531 3655 1745 3710 abolere
1770 3650 2069 3707 conentur.

468 3755 659 3808 Verum
686 3755 796 3819 ipsa
817 3749 1056 3804 veritatis
1081 3757 1265 3801 natura
1290 3747 1474 3801 iisdem
1500 3745 1628 3815 ipsis
1651 3744 1909 3807 llrmatnr,
1937 3742 2054 3811 qui-

468 3850 564 3902 bus
588 3846 654 3900 ab
682 3841 1082 3899 insidiatoribus
1110 3841 1411 3910 impetitur;
1444 3838 1631 3892 iisdem
1660 3837 1842 3905 fulget,
1863 3833 2055 3905 quibus

464 3935 737 3992 obscurari
787 3941 1036 3988 tentatur.
1071 3931 1180 3987 Nisi
1211 3932 1352 3983 enim
1393 3929 1504 3982 haec
1536 3930 1670 3981 facta
1709 3935 1886 3980 essent
1908 3967 1921 3989 ,
1953 3925 2053 3979 101⁴

465 4027 698 4081 raculum
727 4022 866 4093 apud
893 4022 1090 4076 multos
1114 4029 1415 4090 suspectum
1446 4033 1564 4072 esse
1591 4015 1847 4086 potuisset.
1871 4033 1883 4066 :
1919 4029 2058 4068 nunc

469 4135 594 4174 vero
622 4135 683 4172 ac
714 4119 755 4171 si
795 4115 1032 4171 studiose
1061 4115 1335 4168 vet-iuueni
1375 4111 1682 4179 indagarent
1708 4149 1723 4173 ,
1768 4108 1837 4161 ita
1878 4107 2054 4159 omnia

467 4212 694 4275 faciunt,
741 4224 913 4280 neque
954 4209 1108 4262 aliter
1153 4207 1430 4268 fecissent,
1480 4204 1523 4258 si
1565 4217 1661 4272 pro
1705 4201 1920 4256 Christo
1945 4199 2059 4256 lure

465 4303 666 4372 operati
697 4309 896 4357 essent.
927 4300 1016 4354 llis
1039 4311 1212 4354 tamen
1237 4299 1409 4368 ipsum
1433 4295 1732 4364 deprimere
1760 4292 2054 4356 tentabant,

464 4410 584 4448 eum
615 4395 886 4460 dicerent,
924 4391 1186 4457 Quomodo
1226 4389 1421 4458 aperuit
1449 4386 1621 4440 oculos
1660 4385 1810 4438 tuos?
1845 4383 1894 4436 id
1941 4391 2056 4446 est,

468 4485 602 4539 Num
633 4484 949 4554 quibusdam
981 4481 1297 4550 praestigiis?
1345 4479 1475 4532 Nam
1521 4476 1642 4530 alibi
1683 4490 1893 4543 quoque
1937 4487 2056 4527 cum

471 4576 599 4629 nihil
630 4575 986 4643 ohjieicndum
1021 4572 1310 4632 haberent,
1359 4566 1573 4620 modum
1606 4564 1826 4618 curandi
1859 4564 2061 4616 calum-

471 4668 600 4721 niari
632 4675 891 4719 conantur
918 4663 1156 4716 dicentes
1196 4679 1209 4714 :
1256 4659 1372 4713 Non
1414 4659 1547 4723 eiicit
1588 4656 1837 4708 dwmonia
1878 4655 1975 4708 nisi
2010 4655 2061 4706 in

473 4756 744 4811 Beelzebub
765 4757 779 4786 ¹
806 4753 1018 4826 (Matth.
1054 4753 1138 4806 12.
1158 4749 1285 4820 2i)?
1304 4752 1365 4803 lit
1386 4749 1470 4803 hic.
1497 4748 1652 4802 etiam
1672 4761 1792 4800 cum
1815 4744 1942 4798 nihil
1965 4759 2062 4812 op-

471 4848 773 4921 ponendum
804 4845 1064 4912 habeant,
1097 4845 1162 4898 ad
1196 4855 1403 4911 tempus
1427 4850 1482 4896 ct
1507 4840 1711 4894 sabbati
1739 4838 2059 4893 solutionem

469 4940 808 5010 confugiunt,
843 4937 1162 5006 dicuntque,
1195 4933 1358 4988 Solvit
1387 4931 1684 4992 sabbatum;
1713 4937 1786 4993 et,
1820 4926 2063 4980 Peccator

468 5045 559 5088 est.
595 5032 752 5102 Atqui
785 5031 872 5084 ille
904 5042 1000 5084 vos
1028 5025 1254 5091 invidos,
1278 5023 1367 5094 qui
1387 5032 1533 5093 gesta
1561 5022 1676 5088 ejus
1701 5022 1922 5088 carpere
1951 5026 2062 5070 stu-

469 5125 700 5190 debatis,
735 5122 825 5178 ille
853 5127 1037 5192 aperte
1067 5115 1430 5185 interrogavit,
1464 5113 1588 5179 Qui;
1627 5127 1690 5165 ea:
1724 5110 1858 5164 vobis
1887 5116 2065 5177 arguet

470 5237 549 5272 nte
579 5220 644 5272 de
687 5225 891 5286 peccato
938 5211 1129 5283 (Joan.
1175 5209 1230 5263 8.
1275 5204 1422 5274 66)?
1448 5205 1513 5258 Et
1553 5218 1710 5258 nemo
1750 5199 2063 5270 respondit,

480 5323 653 5374 ιιι-111ιο
699 5307 865 5370 dixit,
898 5300 1263 5371 Blasphemas,
1289 5295 1414 5350 dum
1459 5304 1510 5348 te
1555 5291 1955 5361 impcccahilem
1985 5287 2068 5341 di-

479 5400 576 5450 cis.
610 5398 766 5466 Atqui
814 5397 856 5449 si
889 5396 1066 5449 dicere
1098 5391 1428 5462 potuissent,
1455 5387 1594 5441 haud
1635 5385 1793 5438 dubie
1840 5398 1943 5436 non
1984 5391 2065 5433 la-

482 5489 736 5542 enissent.
771 5486 900 5539 Nam
932 5486 1018 5555 qui
1050 5484 1337 5549 dicentem,
1369 5497 1427 5535 sc
1456 5489 1579 5534 ante
1610 5476 1876 5530 Abraham
1915 5487 2065 5538 esse,

570 5646 586 5676 ⁸
625 5651 703 5690 \ts.
745 5637 1001 5688 orientalis
1037 5637 1175 5688 Savil.
1206 5647 1312 5701 post
1345 5633 1620 5691 Beelzebub,
1656 5631 1809 5691 addit,
1850 5620 2066 5687 principe

483 5702 845 5753 da’moniorum.
1624 5699 1633 5707 '

517 5716 845 5756 έιιιιιοηιωωη.

2155 1440 2418 1511 lapidibus
2448 1445 2820 1515 impetierunt,
2852 1459 2905 1504 et
2933 1445 3103 1519 ipsum
3137 1465 3164 1503 a
3212 1446 3324 1508 Deo
3362 1467 3466 1508 non
3496 1466 3650 1524 esse,
3678 1467 3738 1513 se

2152 1548 2278 1589 vero
2303 1549 2422 1590 esse
2446 1552 2475 1589 a
2508 1537 2620 1592 Deo
2645 1539 2851 1608 gloriati
2880 1549 3004 1594 sunt
3022 1583 3036 1606 ,
3072 1542 3193 1596 licet
3219 1541 3498 1600 homicida:
3524 1557 3736 1615 essent;

2147 1634 2203 1680 et
2229 1643 2353 1681 eum
2383 1629 2471 1697 qui
2503 1629 2806 1700 hujusmodi
2835 1632 2982 1701 signa
3014 1634 3365 1702 Operahatur,
3394 1650 3458 1691 ex
3499 1637 3607 1692 Deo
3633 1654 3738 1694 nou

2143 1734 2268 1775 esse
2293 1719 2571 1787 dicebant,
2602 1723 2724 1792 quia
2755 1723 3032 1777 sabbatum
3073 1741 3176 1778 non
3217 1727 3506 1780 custodiret
3537 1745 3550 1782 :
3579 1730 3624 1782 si
3657 1731 3739 1783 vel

2148 1810 2432 1864 accusandi
2460 1812 2702 1867 umbram
2736 1811 3065 1882 habuissent,
3091 1831 3195 1870 non
3224 1817 3607 1887 praeteriisseut
3638 1821 3740 1874 uth-

2149 1917 2270 1972 que.
2305 1903 2359 1957 Si
2392 1913 2570 1958 autem
2601 1904 2722 1959 ideo
2748 1915 3082 1974 peccatorem
3115 1917 3339 1973 vocant,
3380 1909 3502 1978 quia
3544 1909 3738 1966 sabbaa-

2152 2005 2260 2049 tum
2292 1997 2503 2052 solvere
2534 1998 2830 2064 videbatur,
2861 1999 3006 2054 futile
3046 2009 3193 2054 certe
3229 2002 3434 2055 crimen
3474 2011 3584 2056 erat
3607 2043 3622 2066 ,
3655 2004 3739 2057 vel

2150 2090 2414 2143 sociorqu
2439 2090 2669 2158 judicio,
2708 2093 2796 2160 qui
2841 2101 2897 2145 ut
2942 2091 3188 2158 frigidum
3216 2092 3344 2146 illud
3370 2101 3434 2148 et
3457 2109 3518 2146 ex
3550 2095 3738 2148 sitntth

2153 2188 2258 2234 tate
2301 2181 2594 2250 profectum
2641 2181 2980 2236 damnabaut.
3029 2175 3272 2250 Undique
3316 2199 3445 2252 ergo
3487 2183 3734 2249 cohibiti,

2151 2269 2293 2323 aliud
2315 2270 2581 2340 quidpiam
2609 2271 2972 2340 impudentius
2991 2287 3054 2326 ac
3081 2273 3400 2340 petulantius
3423 2275 3740 2344 aggrediun-

2154 2369 2256 2414 tur.
2287 2362 2562 2428 Quodnam
2584 2362 2750 2416 illud?
2771 2362 2888 2416 Non
2909 2364 3241 2431 crediderunt,
3272 2365 3462 2435 inquit,
3485 2368 3620 2434 quod
3639 2383 3736 2421 rara

2151 2470 2238 2506 cus
2270 2455 2470 2522 fuisset,
2505 2463 2550 2508 et
2591 2455 2816 2509 vidisset.

2225 2545 2545 2599 Mendacium
2574 2547 2752 2613 ubique
2779 2547 2831 2600 in
2861 2548 3082 2615 seipsum
3109 2547 3360 2618 impingit.
3377 2578 3447 2587 —
3465 2547 3574 2603 Cur
3615 2563 3740 2618 ergo

2151 2645 2472 2690 accusarunt
2499 2637 2640 2706 quod
2668 2639 2944 2692 sabbatum
2974 2652 3078 2690 non
3105 2637 3428 2703 custodiret,
3467 2638 3568 2693 nisi
3612 2635 3742 2693 illud

2152 2730 2536 2785 credidissent?
2558 2746 2654 2785 cur
2675 2741 2780 2783 non
2809 2730 2971 2784 ﬁdem
2991 2729 3194 2784 habetis
3217 2737 3378 2784 tantae
3397 2731 3742 2795 multitudini,

2152 2833 2208 2878 et
2238 2824 2424 2879 vicinis
2467 2826 2554 2893 qui
2596 2828 2768 2894 ipsum
2809 2822 3175 2893 cognoscunt?
3217 2822 3450 2890 Verum,
3497 2833 3554 2878 ut
3595 2823 3742 2886 disi,

2155 2915 2350 2984 ubique
2381 2913 2712 2968 mendacium
2748 2915 2799 2967 in
2831 2915 3065 2983 seipsum
3098 2913 3372 2983 impingit,
3406 2928 3499 2982 per
3525 2927 3586 2968 ea
3630 2913 3744 2983 ipsa

2153 3008 2304 3075 queis
2355 3006 2627 3060 veritatem
2659 3015 2961 3075 oppugnat;
3004 3007 3278 3075 ipsamque
3318 3006 3589 3059 veritatem
3627 3005 3738 3058 cla-

2156 3097 2350 3150 riorem
2379 3095 2542 3150 etlicit
2574 3115 2588 3150 :
2618 3097 2758 3165 quod
2786 3098 2944 3150 etiam
2973 3111 3114 3151 nunc
3141 3096 3336 3152 evenit.
3357 3095 3434 3150 Ne
3459 3094 3578 3165 quis
3597 3096 3743 3150 enim

2154 3186 2358 3241 diceret
2387 3188 2588 3242 vicinos
2616 3198 2670 3241 et
2695 3197 3021 3257 spectatores
3051 3188 3181 3243 nihil
3217 3198 3466 3244 accurate
3504 3189 3705 3243 dixisse
3727 3229 3742 3258 ,

2157 3279 2256 3334 sed
2277 3279 2345 3333 de
2374 3281 2529 3333 simili
2565 3281 2811 3349 loquutos
2840 3295 2960 3335 esse
2982 3323 2996 3346 ,
3033 3290 3281 3350 parentes
3309 3282 3362 3336 in
3389 3280 3621 3336 medium
3650 3279 3747 3335 ad-

2156 3373 2392 3436 ducunt,
2429 3380 2482 3426 et
2509 3372 2584 3425 sic
2616 3372 2763 3426 inviti
2796 3373 3073 3426 veritatem
3104 3371 3488 3443 patefecerunt.
3519 3371 3649 3426 Nam
3688 3371 3745 3425 111

2159 3464 2394 3519 maxime
2420 3464 2656 3516 omnium
2680 3463 2844 3516 lilium
2863 3478 3016 3517 suum
3039 3475 3316 3518 noverant.
3342 3463 3638 3529 Quia'enim
3663 3462 3746 3530 ip-

2158 3570 2275 3609 Slttll
2309 3554 2724 3624 perterrefacere
2755 3567 2860 3608 non
2900 3559 3185 3623 poterant,
3228 3553 3320 3607 sed
3351 3553 3605 3607 audacter
3635 3553 3749 3621 ipse

2159 3645 2452 3701 benelicum
2481 3643 2822 3716 przcdicabat.
2856 3660 2950 3712 per
2982 3653 3226 3712 parentes
3251 3659 3308 3697 se
3334 3643 3646 3697 miraculum
3670 3644 3746 3696 itt-

2162 3743 2374 3796 lirmarc
2407 3756 2562 3810 posse
2588 3739 2895 3808 sperabant.
2929 3738 2993 3792 lit
3037 3737 3154 3791 vide
3194 3736 3624 3805 interrogationis
3653 3749 3747 3787 ne-

2159 3835 2399 3905 quitiam.
2433 3833 2566 3900 Quid
2595 3833 2736 3888 enim
2765 3832 2878 3886 ait?
2925 3829 3048 3884 Illos
3085 3829 3136 3882 in
3181 3827 3412 3882 medium
3454 3825 3746 3886 adductos,

2163 3935 2220 3980 ut
2249 3937 2504 3982 terrorem
2534 3927 2854 3987 incuterent,
2887 3937 3007 3977 cum
3035 3919 3366 3975 vehementia
3397 3917 3637 3973 furentes
3667 3917 3749 3970 in-

2165 4029 2436 4090 terrogant
2466 4033 2479 4074 :
2518 4017 2606 4072 19.
2640 4017 2736 4070 llic
2766 4027 2836 4070 est
2863 4016 3000 4084 ﬁlius
3028 4013 3226 4067 vester?
3255 4010 3363 4066 Nec
3401 4011 3619 4075 dicunt,
3649 4007 3749 4074 Qui

2167 4113 2368 4183 pridem
2400 4125 2572 4165 eazcus
2602 4119 2715 4163 erat
2755 4125 2767 4159 :
2801 4106 2892 4161 sed
2923 4104 3231 4174 quomodo?
3275 4101 3434 4166 Quem
3471 4117 3557 4153 vos
3587 4099 3753 4151 dicitis

2162 4205 2281 4274 quia
2320 4218 2483 4256 ca'cus
2521 4210 2670 4254 natus
2700 4209 2806 4260 est;
2835 4213 2897 4251 ac
2925 4196 2969 4251 si
3001 4195 3074 4249 illi
3115 4204 3324 4248 versute
3361 4194 3615 4262 tinget-ent
3637 4231 3652 4253 ,
3695 4198 3752 4242 nt

2165 4311 2324 4366 opera
2359 4294 2556 4349 Christi
2597 4289 2996 4345 conﬁrmarent.
3049 4286 3094 4340 Ο
3142 4282 3486 4348 esseet-andi,
3537 4292 3591 4336 ct
3638 4283 3754 4350 plus

2165 4404 2320 4457 quam
2347 4382 2694 4442 exsecrandi!
2726 4381 2920 4451 Ecquis
2948 4390 3095 4450 pater
3125 4378 3237 4432 haec
3261 4375 3329 4430 dc
3351 4375 3460 4429 lilio
3480 4374 3753 4428 conﬁnxe-

2165 4481 2268 4534 rit?
2291 4483 2366 4533 Ac
2391 4479 2432 4532 si
2461 4478 2701 4532 dicerent
2727 4493 2739 4527 :
2765 4475 2932 4539 Quem
2963 4487 3057 4525 vos
3086 4483 3284 4524 ozecunt
3307 4465 3550 4530 dixistis;
3582 4477 3753 4533 neque

2169 4571 2216 4624 id
2261 4580 2496 4631 tantum;
2527 4567 2619 4622 sed
2668 4567 2769 4620 hoc
2799 4565 2993 4634 ubique
3022 4561 3312 4631 sparsistis.
3345 4557 3612 4623 Quomodo
3637 4569 3754 4625 ergo

2169 4677 2301 4712 mmc
2324 4659 2497 4711 videt?
2525 4657 2568 4712 Ο
2593 4657 2868 4710 stultitiam
2891 4657 2904 4709 l
2941 4654 3184 4708 Vestrum
3212 4661 3316 4716 est,
3346 4649 3619 4717 inquiunt,
3657 4646 3755 4699 hoc

2166 4761 2527 4804 eonnnentum
2550 4791 2564 4815 ,
2616 4748 2728 4801 lucc
2765 4745 3029 4801 simulatio
3055 4752 3250 4797 vestra.
3279 4741 3566 4810 Dupliciter
3599 4737 3756 4792 adid

2170 4843 2468 4912 negandum
2511 4841 2796 4905 inducunt,
2826 4848 2879 4894 et
2909 4837 2990 4892 his
3018 4837 3214 4900 verbis,
3250 4833 3410 4900 Quem
3439 4847 3526 4886 vos
3556 4830 3721 4884 dicitis
3741 4867 3755 4894 ,

2169 4945 2223 4992 et
2252 4935 2373 4998 illis,
2403 4933 2666 4998 Quomodo
2699 4946 2816 5002 ergo
2842 4945 2974 4983 nunc
2999 4928 3130 4982 uidet
3148 4927 3174 4980 ἲ

2239 5027 2291 5080 2.
2323 5025 2452 5081 Cum
2487 5033 2595 5077 trcs
2618 5031 2800 5076 essent
2830 5017 3290 5088 interrogationes,
3323 5015 3366 5069 si
3409 5011 3548 5067 lilius
3574 5024 3759 5067 eorum

2170 5127 2342 5184 esset,
2375 5116 2419 5171 si
2447 5127 2622 5170 caecus
2648 5111 2854 5178 fuisset,
2881 5119 2935 5165 et
2956 5107 3225 5179 quomodo
3251 5102 3422 5161 visum
3449 5103 3759 5171 recepisset,

2171 5212 2278 5265 duo
2309 5218 2510 5263 tantum
2540 5207 2878 5267 conlitentur,
2911 5201 3121 5255 tertium
3148 5214 3254 5254 non
3277 5195 3496 5250 addunt.
3525 5186 3764 5260 Illudqne

2172 5303 2237 5357 ad
2284 5304 2560 5355 veritatem
2602 5295 2916 5351 firmandam
2959 5291 3246 5354 eunduxit,
3293 5297 3351 5340 ut
3393 5302 3552 5340 1101110
3592 5285 3761 5337 alius.

2173 5411 2330 5465 quant
2362 5407 2537 5447 caacus
2566 5401 2802 5450 curatus,
2833 5387 2922 5455 qui
2953 5385 3055 5439 fide
3081 5383 3271 5452 dignus
3295 5388 3412 5433 erat
3432 5418 3446 5441 ,
3479 5377 3593 5429 lucc
3631 5390 3762 5428 con-

2177 5487 2433 5539 fiteretur.
2465 5483 2528 5535 Et
2555 5479 2822 5549 quomodo
2849 5477 2913 5530 ad
2943 5475 3164 5546 gratiam
3209 5468 3411 5539 loquuti
3450 5475 3632 5521 essent
3673 5482 3764 5534 pa-

2177 5588 2387 5639 rentes,
2425 5573 2514 5642 qui
2543 5573 2701 5626 etiam
2734 5568 2977 5640 qna'dam
3018 5583 3082 5620 ex
3116 5566 3198 5629 iis,
3233 5578 3350 5632 quze
3377 5559 3614 5614 sciebant
3643 5598 3657 5618 ,
3693 5565 3766 5606 ta-

2181 5678 2406 5723 cocrunt
2451 5675 2666 5735 promer
2707 5677 2900 5716 metum
2943 5658 3296 5714 Jutlzrorum‘.’
3335 5652 3474 5721 Quid
3518 5649 3659 5703 enim
3686 5646 3763 5700 di-
