4072 6152
379 283 482 340 517

382 673 485 734 bet,
519 671 624 738 ipse
653 668 714 719 de
738 683 791 719 se
819 667 1068 734 loquatur.
1097 662 1226 715 Fide
1253 662 1468 729 dignum
1501 660 1646 712 illum
1681 665 1949 720 statuunt,

379 773 430 816 et
476 762 553 814 sic
581 776 639 814 se
670 766 922 812 excusant
955 773 966 807 :
1000 755 1113 808 Non
1144 762 1226 807 est
1268 767 1420 822 puer,
1460 752 1732 822 inquiunt,
1778 763 1951 818 neque

378 851 586 914 infans;
617 857 792 918 potest
815 847 880 901 de
907 861 964 900 se
1005 844 1361 899 testimonium
1396 843 1551 896 ferre.
1579 842 1668 894 2?.
1707 839 1827 894 Ηωε
1853 856 1949 891 au—

377 954 474 998 tem
503 943 737 995 dixerunt
765 947 966 1010 propter
989 947 1170 989 metum
1194 935 1509 988 Judceorum.
1531 932 1663 987 Vide
1683 930 1947 1002 quomodo

375 1034 693 1103 evangelista
725 1032 933 1084 illorum
973 1029 1285 1083 sententiam
1315 1025 1746 1095 prepositumque
1775 1039 1946 1078 enun-

371 1126 488 1180 tiet.
522 1123 646 1177 llmc
673 1121 792 1176 dico
817 1121 886 1174 ob
910 1119 1129 1173 verbum
1167 1117 1291 1171 illud
1326 1126 1446 1170 ante
1473 1116 1706 1182 dictum,
1737 1114 1943 1185 £qua-

367 1217 464 1270 lem
489 1231 542 1268 se
566 1214 685 1282 facit
711 1211 837 1265 Deo.
866 1210 996 1275 Quia
1017 1210 1061 1262 si
1092 1209 1178 1262 illa
1207 1207 1390 1260 fuisset
1415 1206 1628 1260 Judaica
1655 1207 1937 1270 sententia,

366 1321 472 1360 non
499 1315 675 1358 autem
695 1300 889 1356 Christi
910 1299 1167 1368 judicium
1187 1339 1202 1361 ,
1229 1297 1279 1351 id
1305 1307 1448 1350 certe
1471 1296 1757 1350 addidisset
1780 1311 1940 1350 evan-

363 1397 570 1466 gelista,
596 1393 920 1458 dixissetque
944 1403 1058 1442 eam
1082 1388 1243 1441 fuisse
1271 1385 1572 1441 Judzeorum
1601 1388 1934 1440 sententiam.

363 1489 496 1542 Cum
528 1486 685 1555 igitur
706 1491 950 1552 parentes
977 1481 1094 1533 illos
1119 1480 1182 1532 ad
1210 1493 1407 1532 caecum
1433 1486 1673 1532 sanatum
1703 1477 1939 1531 remisis-

361 1587 512 1640 sent,
547 1576 736 1629 iterum
765 1577 1083 1625 vocaverunt
1116 1584 1255 1623 eum.
1303 1568 1411 1622 Nec
1452 1576 1624 1622 tamen
1667 1568 1837 1636 palam
1883 1575 1937 1621 et

357 1665 693 1736 impudenter
716 1663 935 1728 dicunt,
966 1661 1108 1730 Nega
1147 1659 1414 1713 Christum
1457 1668 1508 1712 te
1547 1673 1797 1725 sanasse,
1839 1658 1934 1712 sed

357 1759 458 1813 sub
485 1757 692 1827 pietatis
717 1756 892 1824 Specie
921 1753 972 1807 id
999 1753 1182 1807 volunt
1206 1751 1438 1821 assequi.
1481 1750 1568 1803 24.
1602 1750 1684 1803 Da
1720 1750 1934 1820 gloriam

355 1848 500 1914 Deo,
531 1847 792 1915 inquiunt.
831 1844 958 1898 Nam
987 1845 1030 1898 si
1063 1842 1367 1912 parentibus
1404 1841 1696 1906 dixissent,
1734 1841 1932 1910 Negate

351 1939 520 1993 ﬁlium
552 1945 784 1991 vestrum
808 1949 924 1990 esse
948 1977 962 2000 ,
992 1944 1044 1988 et
1069 1949 1264 1990 caecum
1293 1941 1504 1997 natum,
1537 1947 1622 1987 res
1645 1932 1929 1987 admodum

350 2031 576 2087 ridicula
603 2030 711 2083 visa
741 2037 901 2094 esset,
933 2029 1262 2098 idipsumque
1291 2026 1397 2080 lilio
1425 2026 1620 2088 dicere,
1653 2025 1926 2080 manifesta

348 2123 539 2178 fuisset
559 2120 904 2190 impudentia.
929 2119 1050 2172 ldeo
1073 2134 1176 2172 non
1195 2119 1270 2174 sic
1292 2118 1504 2181 dicunt;
1529 2117 1620 2170 sed
1643 2117 1746 2171 alio
1771 2117 1928 2171 modo

349 2213 566 2268 insidias
595 2221 810 2282 parant,
846 2211 1083 2266 dicentes
1113 2228 1124 2262 :
1156 2209 1234 2261 Da
1271 2208 1483 2278 gloriam
1522 2206 1666 2272 Deo;
1709 2207 1760 2260 id
1804 2216 1883 2261 est
1907 2247 1922 2272 ,

347 2303 616 2358 Conlitere
655 2303 825 2372 ipsum
873 2301 999 2355 nihil
1049 2298 1253 2354 fecisse.
1301 2297 1413 2351 Nos
1457 2299 1644 2351 scimus
1687 2297 1804 2364 quia
1846 2297 1926 2350 hic

348 2398 498 2448 homo
529 2405 759 2465 peccator
787 2403 876 2448 est.
911 2392 1016 2447 Cur
1042 2405 1168 2461 ergo
1210 2404 1312 2443 non
1352 2387 1768 2458 reprehendistis
1803 2403 1922 2442 eum

347 2503 470 2542 cum
497 2487 713 2551 diceret,
747 2486 870 2551 Quis
896 2502 957 2538 ex
980 2485 1114 2537 vobis
1140 2495 1319 2552 arguet
1337 2498 1414 2534 me
1437 2482 1499 2534 de
1523 2490 1722 2549 peccato
1745 2480 1919 2551 (Joan.

349 2581 404 2634 8.
434 2579 503 2634 46
524 2579 586 2649 )?
625 2579 762 2632 unde
787 2579 930 2632 scitis
957 2577 1104 2630 illum
1132 2591 1252 2630 esse
1278 2583 1610 2644 peccatorem
1631 2575 1654 2627 ?
1679 2574 1810 2628 Cum
1839 2574 1922 2628 di-

343 2679 532 2726 curent
573 2678 747 2724 autem
789 2670 892 2732 illi,
937 2668 1015 2720 Da
1054 2668 1267 2737 gloriam
1293 2665 1420 2730 Deo,
1452 2675 1505 2720 et
1534 2667 1646 2734 ipse
1673 2666 1803 2719 nihil
1833 2682 1920 2721 re-

345 2762 668 2833 Spnndissct,
697 2777 981 2816 occurrens
1005 2760 1247 2815 Christus
1272 2759 1504 2814 laudavit
1529 2775 1671 2824 eum,
1702 2774 1800 2813 nec
1832 2774 1918 2812 rc-

343 2853 627 2923 prehendit
654 2853 793 2923 quod
822 2854 1042 2923 gloriam
1077 2853 1183 2907 Deo
1213 2868 1318 2906 non
1346 2851 1609 2916 dedisset;
1640 2853 1730 2905 sed
1756 2851 1918 2920 quid?

344 2945 520 3000 Credis
546 2948 596 2999 in
621 2923 816 2999 Filium
847 2944 942 2999 Dei
960 2945 1012 2998 ‘?
1042 2945 1112 3000 Ut
1133 2945 1307 2999 discas
1335 2944 1460 2999 illud
1489 2958 1626 3010 esse,
1655 2944 1781 2998 dare
1807 2949 1917 3014 glo-

345 3038 476 3091 riam
509 3037 637 3092 Deo.

416 3127 583 3182 Filius
606 3129 815 3198 aequalis
850 3127 1012 3182 Patri.
1059 3127 1188 3181 (ἕωσί
1233 3128 1565 3180 testimonium
1613 3127 1912 3196 explicatur.

340 3217 569 3284 ——Quod
595 3219 639 3272 si
670 3221 782 3287 ipse
811 3234 914 3272 non
963 3227 1103 3272 esset
1144 3218 1361 3285 aequalis
1391 3217 1528 3270 Patri
1560 3257 1574 3281 ,
1611 3218 1723 3269 lucc
1749 3216 1913 3284 gloria

343 3326 453 3364 non
483 3319 643 3364 esset.
679 3308 782 3363 Sed
813 3310 1063 3378 quoniam
1093 3309 1181 3378 qui
1213 3308 1401 3361 Filium
1428 3307 1674 3371 honorat,
1701 3308 1910 3361 Patrem

340 3414 558 3469 quoque
599 3399 857 3463 honorat,
886 3399 1005 3468 jure
1053 3414 1156 3453 non
1203 3399 1503 3466 increpatur
1539 3413 1730 3452 caecus.
1779 3399 1910 3452 Cum

337 3505 472 3560 ergo
489 3490 866 3559 exspectabant
892 3501 947 3543 ut
978 3499 1224 3558 parentes
1253 3499 1544 3543 annuerant
1565 3499 1905 3558 ctncgarent,

341 3583 477 3636 nihil
501 3583 846 3638 dicebantisti
869 3598 1014 3637 :cum
1040 3597 1164 3636 vero
1187 3597 1242 3636 se
1268 3582 1398 3636 nihil
1416 3583 1533 3634 hinc
1551 3593 1913 3650 consequutus

339 3674 610 3739 viderunt,
635 3673 744 3742 jam
771 3673 891 3728 huic
920 3673 1099 3726 dicunt
1134 3714 1148 3738 ,
1189 3671 1286 3724 Hic
1318 3681 1546 3740 peccator
1569 3681 1660 3725 est.
1691 3671 1760 3725 25
1813 3671 1914 3724 Re-

337 3767 543 3836 spondit
568 3767 652 3819 ille
679 3775 723 3818 et
745 3766 891 3830 dixit,
924 3766 984 3819 Si
1008 3775 1237 3832 peccator
1259 3773 1348 3827 est,
1373 3765 1536 3818 nescio
1560 3780 1577 3816 :
1607 3780 1759 3815 unum
1787 3765 1910 3828 scio,

339 3859 478 3926 quod
518 3875 630 3911 cum
653 3874 811 3911 cazcus
838 3873 1026 3920 essem,
1074 3873 1204 3910 nunc
1240 3857 1400 3909 video.
1449 3855 1710 3924 Numquid
1743 3856 1913 3910 timuit

338 3964 516 4004 caecus
544 3950 569 4002 Υ
599 3949 830 4004 Minime.
879 3949 944 4003 Et
972 3965 1065 4002 cur
1095 3950 1180 4017 qui
1212 3949 1417 4002 dixerat
1445 3989 1460 4012 ,
1507 3947 1764 4016 Propheta
1793 3957 1862 4001 est
1894 3988 1909 4013 ,

339 4057 484 4095 nunc
509 4040 637 4094 dicit
667 4083 681 4107 ,
730 4041 790 4095 Si
826 4051 1055 4109 peccator
1080 4051 1150 4094 est
1175 4083 1188 4106 ,
1224 4041 1429 4093 nescio?
1453 4040 1566 4095 Non
1593 4041 1662 4094 ita
1690 4040 1910 4094 affectus

337 4143 454 4186 erat
495 4147 663 4200 neque
703 4132 754 4185 id
788 4131 1001 4200 putabat
1031 4149 1044 4196 ;
1075 4132 1166 4185 sed
1192 4133 1330 4199 quod
1360 4131 1519 4185 vellet
1548 4133 1623 4185 rei
1646 4133 1808 4196 ipsius
1836 4140 1915 4186 te—

339 4225 592 4277 stimonio
621 4265 634 4286 ,
667 4238 770 4276 non
804 4237 932 4277 voce
963 4237 1055 4277 sua
1086 4225 1128 4285 ²,
1156 4223 1301 4275 illum
1329 4240 1358 4276 a
1387 4222 1605 4275 crimine
1637 4222 1863 4276 liberare
1893 4263 1908 4285 ,

339 4323 388 4366 et
417 4313 522 4366 ﬁde
539 4312 747 4382 dignam
772 4313 960 4367 ell‘erre
977 4313 1338 4368 delensioncm
1362 4353 1375 4376 ,
1409 4327 1472 4365 ex
1503 4312 1743 4366 beneﬁcii
1771 4313 1912 4380 ipsos

341 4403 640 4456 damnantis
664 4403 988 4458 testimonio.
1011 4403 1140 4457 Nam
1153 4403 1196 4456 si
1218 4411 1336 4470 post
1362 4404 1520 4455 multa
1532 4402 1691 4457 verba
1705 4403 1913 4457 dicente

341 4496 450 4559 illo,
490 4495 538 4547 Ν
545 4497 608 4549 isi
627 4506 751 4549 esset
774 4495 867 4548 Dei
897 4497 1094 4559 cultor,
1127 4511 1225 4546 non
1253 4495 1492 4563 potuisset
1519 4496 1638 4548 talia
1667 4497 1809 4565 signa
1835 4498 1912 4566 fa-

341 4604 473 4654 cere,
506 4588 574 4641 ita
604 4588 854 4656 indignati
884 4596 1007 4641 sunt
1035 4597 1090 4641 ut
1119 4587 1357 4641 dicerent
1383 4629 1396 4651 ,
1421 4586 1486 4640 1η
1517 4590 1734 4657 peccatis
1762 4599 1911 4641 natus

339 4694 391 4730 es
421 4687 553 4730 totus
582 4719 594 4742 ,
629 4688 672 4730 et
700 4689 752 4730 tu
785 4679 931 4730 doces
972 4679 1108 4732 nos?
1138 4677 1179 4730 si
1208 4677 1276 4731 ab
1315 4677 1464 4730 initio
1494 4677 1606 4730 htcc
1641 4678 1861 4733 dixisset
1893 4720 1906 4742 ,

343 4769 466 4835 quid
499 4786 600 4821 non
634 4769 884 4823 fecissent
909 4771 932 4822 ?
976 4769 1099 4838 quid
1127 4785 1230 4824 non
1260 4769 1517 4824 dixissent
1546 4772 1568 4822 ?
1596 4770 1656 4824 Si
1684 4781 1914 4838 peccator

343 4871 434 4923 est,
469 4863 673 4926 nescio;
703 4863 751 4914 id
781 4872 880 4925 est;
915 4862 1054 4916 Nihil
1081 4879 1143 4916 ea
1183 4863 1248 4916 de
1289 4878 1346 4916 re
1378 4878 1518 4915 nunc
1544 4864 1662 4917 dico
1697 4906 1710 4928 ,
1739 4879 1911 4930 neque

343 4956 659 5005 sententiam
704 4952 851 5006 fero:
899 4952 1025 5006 illud
1067 4953 1228 5021 probe
1263 4953 1373 5005 scio
1417 4961 1470 5004 et
1502 4955 1784 5020 pronuntio
1818 4995 1832 5019 ,
1868 4953 1911 5006 si

345 5052 591 5106 peccator
621 5051 763 5096 esset
793 5083 806 5107 ,
841 5057 944 5095 non
979 5044 1096 5095 talia
1129 5043 1355 5096 fecisset.
1389 5043 1587 5108 Quibus
1634 5044 1814 5097 verbis
1855 5058 1912 5096 se

344 5140 397 5183 et
423 5136 783 5187 testimonium
832 5148 983 5186 suum
1026 5135 1167 5187 omni
1205 5134 1502 5200 suspicione
1529 5134 1807 5196 liberavit,
1855 5143 1910 5186 ut

349 5223 432 5288 Qui
466 5239 569 5278 non
603 5226 667 5278 ad
708 5225 931 5294 gratiam
961 5242 1072 5280 rem
1097 5235 1295 5295 gestam
1325 5235 1584 5278 narraret.
1629 5225 1755 5291 Quia
1787 5241 1912 5292 ergo

349 5325 450 5364 non
491 5323 734 5381 poterant
766 5316 906 5368 illam
937 5325 1175 5368 evertere
1215 5315 1294 5368 vel
1325 5314 1538 5367 abolere
1575 5355 1585 5377 ,
1639 5329 1819 5368 rursos
1849 5317 1911 5368 ad

348 5403 560 5457 moduni
613 5405 904 5458 curationis
948 5405 1326 5473 explorandum
1373 5405 1590 5458 redeunt
1618 5445 1632 5470 ,
1679 5405 1818 5458 velut
1871 5407 1910 5459 si

411 5605 423 5634 ¹
463 5605 624 5651 Morel.
642 5606 778 5665 legit,
801 5603 848 5654 iu
877 5605 1026 5652 lilium
1049 5603 1264 5651 lmmmt's.

412 5667 427 5692 ⁸
463 5667 624 5713 Morel.
652 5665 791 5727 legit,
815 5675 858 5715 cl
885 5679 992 5715 race
1014 5679 1120 5714 sua.

681 5753 946 5810 ΡΑτιιοι.
990 5758 1076 5809 (in
1157 5758 1220 5810 l.l
1239 5761 1281 5812 Χ
1300 5803 1312 5815 .

1363 269 1434 325 1N
1470 266 1776 324 JOANNEM
1817 267 2045 324 HOMIL.
2086 268 2262 327 LVlll.
2303 277 2373 330 al.
2417 275 2566 336 ΙΛἹΙ.

383 393 545 451 cunt?
569 391 661 447 20.
697 390 844 457 Quod
873 389 952 441 hic
981 397 1050 441 est
1076 387 1211 455 ﬁlius
1248 393 1433 449 noster,
1478 385 1660 438 sciurus
1684 426 1698 448 ,
1744 393 1789 438 et
1822 385 1955 453 quod

382 502 542 542 caecus
579 493 728 538 natus
763 483 867 547 sit;
899 481 986 534 2|.
1019 479 1265 549 quomodo
1290 487 1455 530 autem
1483 494 1616 530 nunc
1652 475 1842 541 videat,
1871 484 1956 528 aut

381 579 488 646 quis
514 576 708 644 aperuit
733 574 843 644 ejus
869 572 1058 636 oculos,
1090 585 1180 622 nos
1209 569 1474 622 nescimus.
1502 567 1531 620 1
1536 583 1622 637 pse
1650 575 1840 620 attatem
1863 566 1955 616 Ita-

3538 295 3641 350 διε

2065 385 2296 478 quipiam
2328 387 2494 444 feram
2515 392 2742 462 undique
2777 402 3190 468 pervcstlgantcs
3225 405 3262 470 ',
3297 407 3456 462 modo
3484 408 3584 466 huc
3617 453 3634 478 ,

2063 475 2219 528 modo
2247 479 2368 532 illuc
2396 496 2695 538 accurrant.
2729 488 2806 540 Ad
2838 491 3042 556 priores
3069 509 3196 562 ergo
3235 511 3515 555 sermones
3544 475 3632 557 re;

2061 563 2222 619 deunt
2255 609 2268 630 ,
2298 569 2347 622 id
2380 583 2627 628 curantes
2651 587 2705 629 ut
2730 578 2848 631 illos
2878 596 2974 649 per
3010 583 3228 640 crebras
3256 587 3632 660 interrogatio-

2060 655 2451 751 nesinlirment
2479 656 2513 726 ,'
2542 663 2824 734 dicuntque
2855 687 2867 721 :
2898 671 2986 722 26.
3030 672 3163 736 Quid
3188 676 3301 744 fecit
3332 679 3418 732 tibi
3441 655 3483 732 1"
3508 698 3633 751 quo-

2057 743 2204 796 modo
2267 751 2462 815 aperuit
2534 754 2622 806 tibi
2693 758 2917 810 oculos?
2959 761 3094 827 Quid
3153 743 3281 834 ergo
3334 768 3471 823 ille?
3520 743 3632 826 illis

2055 832 2275 930 devictis
2319 849 2372 894 et
2401 847 2677 909 pr05tratis
2711 888 2726 912 ,
2772 864 2877 902 non
2925 854 3057 906 ultra
3104 832 3327 913 remisse
3373 861 3624 930 loquitur.

2055 921 2236 1018 Donec
2250 927 2390 981 enim
2417 945 2502 985 res
2527 937 2771 990 examine
2792 948 2841 992 et
2866 943 3243 1008 perquisitione
3264 962 3394 1014 opus
3422 921 3620 1018 habuit,

2052 1014 2325 1072 moderate
2355 1035 2466 1074 rem
2494 1021 2780 1080 declaravit
2813 1046 2827 1080 :
2862 1039 3136 1100 postquam
3177 1043 3354 1090 autem
3388 1039 3507 1092 illos
3533 1014 3619 1093 cc;

2049 1107 2148 1174 pit,
2177 1110 2614 1184 splendidamque
2642 1118 2916 1174 victoriam
2947 1124 3129 1178 retulit
3159 1165 3176 1189 ,
3226 1128 3480 1184 audacter
3507 1132 3622 1186 illos

2048 1199 2371 1266 aggreditur,
2399 1205 2576 1274 aitque
2603 1223 2616 1260 :
2646 1208 2734 1262 27.
2762 1208 2886 1264 Dixi
2912 1214 3046 1266 vobis
3067 1218 3218 1270 semel
3245 1259 3259 1282 ,
3290 1229 3336 1271 et
3361 1237 3458 1273 non
3475 1223 3624 1274 audi-

2047 1288 2136 1340 stis
2160 1306 2182 1353 ;
2206 1292 2328 1358 quid
2357 1305 2536 1348 iterum
2572 1301 2720 1354 vultis
2741 1305 2920 1356 audire
2943 1306 2966 1358 .9
2996 1305 3237 1362 Vidistin‘
3261 1313 3490 1372 mendici
3519 1314 3611 1367 ad-

2045 1393 2230 1434 versus
2269 1385 2472 1439 scribas
2503 1396 2560 1441 et
2586 1390 2886 1447 Pharisazos
2911 1397 3285 1454 conﬁdentiam
3313 1402 3338 1456 τ
3368 1404 3495 1458 Tam
3525 1408 3616 1460 lir-

2044 1485 2128 1524 ma
2166 1487 2250 1526 res
2276 1484 2357 1528 est
2386 1479 2579 1533 veritas
2601 1520 2616 1544 ,
2647 1494 2750 1534 tam
2797 1484 3064 1540 inﬁrmum
3114 1492 3470 1548 mendacium.
3516 1497 3608 1551 illa

2043 1565 2182 1617 ciiim
2212 1565 2352 1622 viros
2381 1584 2444 1622 ex
2477 1571 2682 1626 inﬁrma
2710 1575 2864 1642 plebe
2889 1579 3061 1633 claros
3105 1581 3269 1638 efﬁcit
3295 1601 3309 1646 ;
3344 1585 3446 1640 hoc
3487 1603 3615 1643 vero

2042 1654 2205 1710 fortes
2228 1657 2494 1726 deprimit.
2524 1661 2578 1714 Id
2612 1678 2772 1730 porro
2800 1669 2911 1720 vult
2939 1683 3111 1724 caecus
3141 1674 3442 1742 signiﬁcare
3472 1694 3484 1729 :
3521 1678 3613 1732 Di-

2038 1747 2139 1801 ctis
2187 1762 2292 1802 non
2338 1752 2643 1818 attenditis;
2688 1755 2808 1810 ideo
2851 1772 2956 1812 non
2999 1761 3133 1816 ultra
3162 1763 3390 1832 loquar,
3440 1783 3612 1837 neque

2037 1839 2239 1894 crebris
2280 1851 2336 1896 et
2365 1845 2512 1897 vanis
2552 1845 3054 1917 interrogationibus
3085 1856 3419 1922 respondebo
3445 1898 3460 1923 ,
3489 1873 3609 1912 cum

2037 1945 2140 1985 non
2167 1931 2402 1988 discendi
2433 1950 2591 1990 causa
2614 1938 2860 2005 audiatis,
2891 1941 2982 1995 sed
3008 1954 3064 1996 ut
3091 1944 3229 1998 dicta
3255 1945 3606 2002 insectcmini.

2037 2021 2301 2094 Numquid
2325 2037 2370 2080 et
2391 2043 2476 2082 vos
2501 2031 2648 2083 vultis
2683 2032 2920 2100 discipuli
2945 2037 3056 2103 ejus
3082 2037 3193 2102 ﬁeri
3215 2038 3240 2089 ἱ)
3267 2038 3382 2092 Jam
3409 2055 3467 2094 se
3496 2041 3610 2094 dis-

2035 2113 2224 2184 cipulis
2250 2128 2584 2173 annumerat.
2620 2120 2754 2174 lllud
2788 2125 2952 2186 enim,
2986 2124 3253 2194 Numquid
3281 2138 3326 2180 et
3354 2144 3438 2182 vos
3472 2171 3485 2193 ,
3529 2131 3604 2183 si-

2032 2205 2245 2273 gniﬁcat
2269 2207 2440 2276 ipsum
2473 2224 2593 2264 esse
2619 2211 2956 2282 discipulum.
2982 2214 3184 2270 Deinde
3213 2233 3342 2274 vero
3371 2219 3490 2275 illos
3515 2235 3606 2276 sa-

2032 2297 2098 2350 tis
2127 2299 2349 2354 traducit
2375 2311 2426 2354 et
2452 2303 2686 2357 incessit.

2099 2388 2150 2442 5.
2186 2391 2316 2444 Cum
2336 2393 2476 2446 enim
2501 2395 2661 2448 sciret
2692 2395 2792 2450 hoc
2820 2397 2938 2452 illos
2959 2401 3186 2455 maxime
3217 2417 3448 2472 pungere
3477 2446 3492 2469 ,
3523 2405 3599 2459 la-

2028 2482 2271 2535 cessendi
2331 2499 2490 2537 causa
2536 2485 2720 2552 dixit;
2767 2489 2905 2557 quod
2961 2500 3077 2545 erat
3131 2495 3292 2548 animi
3341 2495 3617 2564 ﬁdentis.-

2027 2571 2288 2636 sublimis,
2319 2573 2635 2645 illorumque
2658 2576 2890 2633 furorem
2920 2580 3260 2650 dcspicicntis
3286 2627 3300 2651 ,
3347 2596 3505 2656 atque
3533 2588 3599 2642 il-

2026 2663 2148 2729 lius,
2180 2666 2231 2719 in
2257 2682 2361 2735 quo
2383 2668 2596 2734 ﬁdebat,
2629 2671 2936 2739 dignitatem
2962 2674 3302 2742 celebrantis,
3333 2687 3390 2731 ut
3416 2687 3595 2734 osten-

2025 2756 2177 2811 deret
2219 2759 2361 2827 ipsos
2389 2761 2562 2814 virum
2601 2763 2966 2819 admirabilem
2999 2771 3319 2824 contumelia
3350 2771 3594 2836 afficere;

2024 2847 2197 2917 ipsum
2224 2861 2398 2905 autem
2426 2867 2530 2906 non
2562 2869 2684 2908 vere
2711 2854 2850 2909 afﬁci
2883 2860 3204 2913 contumelia
3233 2902 3246 2925 ,
3277 2861 3370 2915 sed
3401 2873 3593 2917 contu-

2023 2943 2235 2998 meliam
2266 2945 2461 2999 illatam
2486 2947 2534 2999 in
2564 2946 2822 3002 honorem
2843 2950 2940 3004 sibi
2969 2966 3174 3018 rapere.
3195 2952 3284 3006 28.
3315 2952 3392 3006 Tu
3414 2971 3465 3008 es
3492 2955 3597 3008 dis-

2021 3035 2067 3086 ci
2071 3037 2219 3103 palus
2235 3037 2638 3107 ejus,inquiunt;
2663 3057 2753 3093 nos
2772 3051 2937 3094 autem
2955 3043 3190 3112 discipuli
3203 3046 3592 3116 sumusMogsis.

2023 3124 2215 3180 Verum
2236 3127 2285 3181 id
2305 3143 2408 3182 non
2425 3130 2631 3184 ratione
2649 3133 2827 3185 nixum
2850 3143 2950 3186 est.
2972 3134 3078 3188 Vos
3103 3136 3243 3189 enim
3262 3152 3431 3206 neque
3451 3139 3596 3210 Moy-

2023 3215 2117 3280 sis,
2151 3233 2324 3287 neque
2349 3218 2504 3288 hujus
2524 3220 2768 3290 discipuli
2792 3225 2941 3278 estis.
2966 3225 3020 3278 Si
3050 3226 3244 3296 Moysis
3279 3231 3466 3283 essebis
3493 3271 3508 3294 ,
3541 3243 3595 3285 et

2021 3304 2214 3360 Christi
2269 3311 2475 3362 essetis.
2530 3311 2654 3366 ldco
2699 3312 2944 3367 Christus
2988 3331 3147 3381 supra
3199 3318 3408 3371 dicebat
3441 3320 3588 3373 illis:

2021 3395 2081 3449 Si
2108 3397 2372 3452 crederetis
2415 3399 2582 3469 Moysi
2614 3443 2627 3465 ,
2656 3404 2917 3456 crederetis
2943 3407 3110 3474 utique
3153 3418 3197 3460 ct
3236 3410 3359 3460 mihi
3387 3426 3404 3461 :
3433 3411 3494 3462 de
3515 3427 3594 3463 me

2018 3489 2149 3540 enim
2170 3490 2254 3542 ille
2283 3492 2479 3557 scripsit
2499 3491 2672 3558 (Joan.
2706 3497 2758 3548 5.
2794 3496 2917 3566 46);
2950 3499 3200 3564 quoniam
3232 3499 3295 3552 ad
3326 3499 3421 3553 hos
3450 3517 3592 3554 sem-

2019 3594 2115 3647 per
2164 3596 2438 3635 sermones
2482 3584 2873 3652 confugiebant.
2926 3588 3015 3641 29.
3065 3587 3175 3641 Nos
3220 3590 3403 3644 scimus
3451 3594 3586 3660 quod

2022 3669 2189 3738 Moysi
2211 3671 2440 3739 loquutus
2466 3683 2534 3725 est
2562 3673 2718 3727 Deus.
2751 3676 2866 3739 Quo
2897 3679 3181 3732 narrante?
3209 3695 3312 3748 quo
3339 3682 3587 3735 nuntian-

2019 3768 2069 3812 tc
2097 3761 2118 3812 ?
2144 3760 2446 3828 Majoribus,
2473 3764 2638 3828 aiunt,
2665 3767 2880 3818 nostris.
2911 3768 3099 3820 Annon
3125 3768 3228 3822 illis
3257 3769 3359 3824 fide
3380 3771 3589 3840 dignior

2017 3864 2118 3917 est,
2147 3853 2236 3921 qui
2263 3853 2364 3908 hoc
2393 3871 2486 3924 per
2514 3857 2662 3925 signa
2694 3858 3007 3925 conﬁrmat,
3032 3875 3151 3913 cum
3178 3861 3306 3916 dicit
3336 3877 3392 3916 se
3422 3879 3452 3917 a
3481 3865 3589 3918 Deo

2016 3946 2196 4000 venire
2224 3955 2277 4001 et
2297 3948 2524 4002 caelestia
2552 3947 2694 4018 loqui
2720 3951 2742 4003 ἲ
2772 3951 2952 4019 Neque
2973 3951 3240 4017 dixerunt,
3272 3954 3588 4009 Audivimus

2016 4038 2156 4104 quod
2190 4038 2354 4107 Moysi
2379 4040 2626 4107 loquutus
2653 4041 2722 4094 sit
2757 4041 2932 4104 Deus;
2965 4041 3077 4105 sed,
3110 4040 3331 4096 Scimus.
3361 4043 3491 4109 Quae
3521 4060 3583 4097 ex

2013 4121 2202 4176 auditu
2233 4123 2407 4186 scitis,
2439 4138 2471 4177 ο
2492 4122 2684 4188 Judaei,
2716 4126 3026 4195 afﬁrmatis;
3053 4137 3104 4182 et
3129 4145 3248 4197 quae
3277 4129 3397 4184 visu
3424 4135 3596 4200 perci-

2012 4213 2160 4280 pitis,
2197 4217 2408 4268 minora
2439 4217 2642 4284 putatis
2664 4218 2818 4272 esse?
2841 4220 3001 4288 Atqui
3028 4221 3118 4273 illa
3141 4221 3358 4290 quidem
3383 4239 3492 4277 non
3516 4226 3598 4280 vi-

2011 4301 2192 4370 distis,
2228 4305 2322 4360 sed
2353 4307 2605 4370 audistis,
2643 4306 2757 4362 huic
2800 4324 2928 4363 vero
2961 4326 3066 4363 non
3108 4311 3359 4377 audistis,
3392 4313 3484 4368 sed
3515 4315 3598 4368 vi-

2017 4399 2186 4451 distis.
2213 4399 2346 4465 Quid
2373 4415 2497 4467 ergo
2522 4413 2693 4453 caecus
2722 4399 2743 4452 ἲ
2769 4399 2856 4453 50.
2888 4399 2953 4452 1η
2983 4403 3075 4453 hoc
3100 4402 3229 4453 enim
3251 4412 3321 4455 est
3341 4404 3588 4466 mirabile,

2017 4489 2150 4559 quod
2184 4505 2268 4542 vos
2298 4490 2496 4543 nescitis
2526 4491 2657 4544 unde
2689 4493 2790 4558 sit,
2839 4501 2892 4546 et
2923 4494 3042 4545 talia
3072 4493 3220 4562 signa
3251 4494 3374 4548 facit
3406 4512 3418 4546 :
3449 4496 3589 4564 quod

2017 4582 2097 4634 vir
2117 4595 2221 4634 non
2251 4581 2470 4650 insignis
2499 4583 2636 4650 apud
2671 4598 2763 4635 vos
2789 4624 2804 4647 ,
2836 4599 3007 4652 neque
3036 4584 3210 4638 clarus
3242 4585 3322 4638 vel
3350 4584 3588 4649 illustris,

2021 4671 2141 4724 talia
2166 4674 2364 4741 possit:
2396 4683 2450 4725 ut
2471 4674 2686 4726 omnino
2712 4674 3048 4727 manifestum
3090 4676 3196 4740 sit,
3225 4691 3346 4732 esse
3377 4677 3539 4730 Deum
3570 4719 3585 4739 ,

2019 4764 2106 4832 qui
2147 4781 2212 4818 ne
2247 4765 2466 4818 minimo
2507 4766 2717 4833 quidem
2760 4767 2992 4819 humano
3033 4777 3187 4836 egeat
3234 4769 3450 4822 auxilio.
3498 4767 3588 4821 5i.

2020 4855 2221 4909 Scimus
2241 4869 2404 4909 autem
2431 4857 2567 4925 quod
2596 4855 2733 4909 Deus
2764 4867 3045 4924 peccatores
3075 4875 3172 4910 nou
3200 4860 3424 4912 exaudit.
3455 4857 3587 4911 Cum

2019 4949 2158 5001 enim
2187 4959 2338 5001 antea
2371 4949 2661 5001 dixissent:
2698 4947 2962 5011 Quomodo
2993 4959 3150 5016 potest
3187 4948 3334 4999 homo
3362 4955 3590 5011 peccator

2021 5041 2142 5092 talia
2165 5041 2310 5109 signa
2335 5043 2499 5111 facere
2525 5041 2752 5092 ?eorum
2786 5040 2971 5092 nititur
2995 5037 3217 5106 judicio,
3238 5046 3290 5090 et
3323 5037 3435 5088 haec
3465 5036 3591 5103 ipsis

2021 5133 2074 5185 in
2103 5143 2330 5188 mentem
2357 5142 2584 5186 revocat.
2622 5132 2746 5186 lltec
2774 5132 3059 5194 sententia,
3090 5128 3278 5196 inquit,
3303 5138 3357 5182 et
3387 5127 3515 5181 mihi
3538 5141 3592 5183 et

2019 5223 2170 5277 vobis
2207 5223 2502 5276 communis
2528 5230 2609 5276 est
2639 5239 2650 5272 :
2687 5222 2736 5275 in
2772 5224 2868 5275 hac
2910 5220 3196 5289 persistite.
3227 5219 3293 5272 Et
3318 5218 3435 5272 vide
3466 5218 3592 5271 mihi

2020 5313 2375 5380 prudentiam.
2407 5312 2625 5380 Signum
2660 5326 2872 5379 semper
2917 5313 2966 5364 in
3001 5323 3092 5362 ore
3137 5321 3346 5372 versat,
3378 5309 3497 5379 quia
3527 5310 3593 5363 il-

2020 5405 2108 5458 lud
2143 5405 2324 5458 tellure
2348 5419 2451 5456 non
2481 5411 2742 5470 poterant,
2773 5413 2824 5455 et
2848 5401 2968 5456 inde
3011 5401 3371 5454 ratiocinator.
3405 5401 3594 5456 Vidcn'

2020 5511 2138 5549 cum
2168 5538 2180 5560 ,
2211 5511 2328 5548 cum
2374 5495 2520 5546 initio
2546 5495 2782 5548 diceret.
2816 5493 2872 5545 Si
2903 5502 3133 5559 peccator
3159 5503 3229 5545 est
3255 5534 3270 5557 ,
3302 5493 3465 5546 nescio
3493 5535 3506 5556 ,
3539 5493 3590 5548 id

2085 5609 2098 5637 ¹
2141 5605 2223 5653 Alii
2262 5605 2448 5659 legunt,
2469 5603 2589 5651 rclul
2613 5602 2809 5651 sicanos
2829 5605 2977 5653 feram
3000 5602 3047 5650 in
3074 5608 3169 5650 tuto
3195 5603 3413 5652 ιίιῑιτιιιειιι
3453 5599 3598 5650 umis}

2025 5681 2112 5731 que
2137 5667 2512 5730 pcrrcstiqontc...

3166 5759 3244 5814 ‘20
