4072 6152
463 285 565 342 δη

467 415 572 453 non
601 394 892 453 dubitando
918 394 1148 450 dixisse?
1180 393 1358 462 absit,
1393 402 1550 448 norat
1590 393 1732 448 enim
1772 406 1877 446 non
1922 406 2042 446 esse

469 501 821 558 peeeatorem.
854 487 1003 542 Nunc
1031 487 1117 541 ubi
1144 494 1501 557 opportunum
1523 495 1608 541 est
1632 495 1843 555 tempus
1876 525 1890 549 ,
1923 485 2044 560 vide

465 580 732 649 quomodo
758 577 1094 647 respondeat.
1123 579 1327 634 Scimus
1352 588 1518 632 autent
1543 579 1679 648 quod
1701 578 1838 632 Deus
1862 593 2042 649 pecca~

469 683 600 725 tores
631 688 728 725 non
754 669 966 733 audiat;
991 670 1078 724 sed
1103 672 1144 723 si
1169 671 1280 740 quis
1310 670 1404 722 Dei
1432 671 1596 724 cultor
1619 679 1692 724 est
1719 711 1734 735 ,
1777 679 1824 722 et
1853 670 2037 722 volun-

469 770 618 814 tatem
639 762 753 832 ajus
774 760 917 830 facit.
942 759 1037 814 Hic
1060 774 1164 813 non
1188 758 1348 813 modo
1369 774 1397 812 a
1426 759 1655 827 peccatis
1671 758 1919 824 absolvit,
1953 757 2046 812 sed

468 861 520 904 et
566 842 690 905 Deo
716 858 990 919 acceptum
1025 890 1040 915 ,
1073 859 1128 904 et
1167 850 1258 903 Dei
1301 864 1461 917 opera
1507 850 1786 903 facientem
1836 850 2044 919 probat.

468 942 601 1008 Quia
626 942 766 996 enim
791 941 864 995 illi
896 956 954 995 se
977 941 1065 994 Dei
1101 941 1333 994 cultores
1356 939 1643 1006 dicebant,
1672 940 1792 996 ideo
1822 941 2044 1008 addidit,

472 1032 536 1085 Et
565 1035 870 1086 uoluntatem
898 1032 1008 1100 ejus
1028 1035 1170 1102 facit.
1199 1031 1313 1084 Non
1335 1032 1465 1086 satis
1487 1041 1568 1086 est
1597 1073 1612 1098 ,
1639 1032 1808 1102 inquit
1838 1073 1853 1099 ,
1881 1033 2046 1088 Deum

469 1138 812 1193 cognoscere,
844 1122 936 1177 sed
963 1123 1078 1191 ejus
1095 1131 1177 1176 est
1195 1121 1430 1176 facienda
1450 1122 1712 1177 voluntas.
1732 1123 1861 1178 Inde
1882 1124 2046 1176 mira-

471 1216 648 1268 culum
679 1213 905 1267 extollit.
938 1212 1022 1268 '52.
1053 1211 1093 1264 A
1119 1212 1302 1266 steculo
1320 1222 1506 1267 nonest
1528 1214 1756 1267 auditum
1777 1217 1914 1283 quod
1928 1231 2051 1284 ape-

470 1307 627 1360 ruerit
663 1307 775 1373 quis
810 1305 980 1358 oculos
1035 1305 1155 1357 cwci
1203 1305 1328 1356 nati.
1374 1304 1428 1358 Si
1475 1319 1602 1374 ergo
1651 1305 2046 1372 confitemini‘,

476 1400 638 1452 Deum
669 1397 1055 1452 non'exandire
1089 1407 1430 1466 peccatores;
1459 1397 1544 1452 hic
1574 1412 1710 1452 vero
1736 1397 2048 1452 miraculum

474 1491 736 1556 patravit,
784 1500 838 1544 et
869 1490 970 1542 tale
1000 1488 1344 1554 miraculum,
1377 1488 1537 1558 quale
1576 1503 1733 1543 nemo
1761 1487 1924 1544 fecit:
1958 1504 2048 1559 pa-

472 1584 573 1634 lam
595 1590 676 1635 est
705 1581 848 1634 illum
876 1580 1070 1634 virtute
1097 1581 1272 1634 omnia
1294 1594 1611 1650 superasse,
1645 1581 1868 1650 ejusque
1894 1589 2049 1649 pote-

469 1679 657 1726 statum
686 1672 804 1740 plus
829 1685 983 1740 quam
1015 1671 1301 1726 humanam
1327 1687 1463 1726 esse.
1491 1671 1628 1739 Quid
1654 1687 1784 1741 ergo
1815 1671 1934 1726 illi?
1958 1671 2047 1726 '54.

475 1761 537 1814 In
568 1762 785 1832 peccatis
811 1773 958 1814 natus
985 1777 1036 1815 es
1054 1771 1204 1824 totus,
1231 1771 1278 1816 et
1304 1770 1357 1814 tu
1379 1763 1524 1816 doces
1543 1763 1674 1816 nos?
1701 1763 1883 1817 Donec
1908 1765 2050 1817 enim

473 1863 784 1921 negaturum
815 1868 936 1907 eum
964 1854 1268 1922 Sperabam,
1295 1853 1398 1908 fide
1423 1853 1637 1923 dignum
1667 1863 1932 1924 putantes,
1962 1868 2050 1909 se-

476 1947 580 2000 mel
630 1955 684 2000 et
734 1946 922 1999 iterum
965 1955 1242 2000 vocarunt.
1286 1945 1436 2013 Quod
1475 1949 1519 2000 si
1557 1945 1659 2001 ﬁde
1697 1946 1912 2016 dignum
1945 1962 2054 2000 non

478 2039 745 2106 putabatis
775 2040 816 2100 ²,
849 2039 1080 2107 inquam,
1120 2053 1217 2092 cur
1250 2038 1484 2092 vocastis
1524 2048 1578 2093 et
1623 2038 1860 2094 secundo
1886 2039 2054 2093 inter-

475 2132 697 2200 rugaslis
728 2131 750 2183 ?
779 2130 908 2186 Cum
949 2145 1107 2200 porro
1137 2131 1264 2184 nihil
1296 2132 1519 2198 veritus,
1546 2146 1668 2186 vera
1697 2132 2005 2201 loqueretur
2036 2172 2051 2199 ,

473 2223 685 2294 quando
725 2224 957 2279 maxime
1003 2223 1184 2277 mirari
1217 2223 1366 2276 illum
1393 2223 1706 2291 oportebat,
1747 2231 1873 2279 tunc
1903 2223 2051 2278 illum

474 2319 743 2369 damnant.
777 2315 913 2382 Quid
943 2329 1100 2382 porro
1128 2313 1227 2368 sibi
1257 2313 1370 2367 vult
1393 2313 1543 2380 illud,
1578 2312 1641 2366 In
1667 2315 1884 2384 peccatis
1905 2323 2057 2368 natus

474 2425 525 2461 es
546 2409 710 2462 totus?
733 2408 826 2461 llic
855 2407 929 2461 illi
958 2406 1250 2460 caecitatem
1269 2405 1610 2474 exprobrant,
1642 2419 1706 2460 ac
1725 2405 1767 2459 si
1792 2404 2054 2459 die-arent:

475 2502 516 2553 Α
550 2499 717 2568 prima
747 2508 907 2552 aetate
936 2497 984 2550 in
1017 2496 1250 2566 peccatis
1271 2509 1363 2561 es;
1393 2509 1456 2550 ac
1501 2495 1546 2548 si
1587 2494 1707 2550 ideo
1729 2510 1904 2550 caecus
1925 2494 2058 2550 fuis-

476 2599 575 2653 set,
606 2589 745 2659 quod
779 2596 972 2658 praeter
993 2588 1252 2643 rationem
1281 2596 1383 2642 est.
1415 2585 1523 2641 [lac
1552 2586 1603 2640 in
1632 2602 1692 2642 re
1719 2587 1890 2656 ipsum
1922 2602 2056 2642 con-

476 2685 658 2737 solans
684 2679 1151 2736 Christnsdicebat
1182 2695 1195 2732 ε
1228 2677 1291 2732 In
1312 2679 1560 2750 judicium
1589 2695 1678 2749 ego
1709 2679 1816 2732 veni
1834 2682 1884 2732 in
1914 2694 2061 2732 mun-

477 2776 619 2839 dum,
653 2783 706 2826 ut
755 2790 854 2826 non
880 2773 1100 2826 videntes
1131 2771 1349 2837 videant,
1378 2779 1423 2824 et
1444 2771 1529 2841 qui
1559 2770 1744 2835 vident,
1768 2769 1885 2823 αεεί
1910 2769 2054 2836 ﬁant.

479 2865 546 2919 In
567 2865 778 2936 peccatis
808 2874 953 2916 natus
975 2880 1024 2916 es
1046 2872 1197 2926 totus,
1222 2871 1268 2916 et
1291 2872 1344 2915 tu
1361 2863 1508 2916 doces
1528 2877 1617 2915 nos
1640 2859 1816 2930 (Ioan.
1843 2860 1895 2914 9.
1928 2858 2059 2930 59)?

482 2958 624 3027 Quid
657 2959 866 3011 dixerat
899 2957 1031 3012 ille?
1066 2971 1190 3009 unm
1219 2969 1368 3009 suam
1401 2953 1720 3008 sententiam
1755 2951 2004 3004 attulerat
2036 2949 2059 3000 ?

478 3067 656 3106 annon
683 3050 855 3119 potius
881 3063 1220 3102 communem
1249 3087 1261 3106 ,
1289 3061 1411 3100 cum
1444 3038 1665 3109 diceret,
1698 3042 1901 3098 Scimus
1921 3043 2060 3114 quod

480 3143 616 3197 Beas
639 3149 924 3210 peccatores
951 3155 1047 3192 non
1074 3135 1323 3191 exaudit?
1358 3149 1535 3188 nonne
1565 3149 1627 3188 ea
1658 3149 1775 3204 quae
1797 3148 1890 3187 vos
1912 3133 2062 3187 dixe-

479 3235 608 3288 ratis
631 3236 680 3286 in
711 3231 946 3286 medium
971 3227 1180 3282 attulit?
1210 3225 1274 3278 Et
1303 3226 1553 3295 ejecerunt
1581 3241 1693 3278 eum
1724 3227 1883 3294 foras.
1919 3224 2062 3277 Vidi-

482 3328 603 3381 stin‘
629 3325 873 3382 veritatis
896 3335 1193 3391 prreconem
1220 3359 1234 3383 ,
1263 3326 1316 3372 et
1336 3316 1604 3388 quomodo
1624 3325 1915 3388 paupertas
1939 3315 2061 3385 phi-

484 3417 777 3487 loSOphiam
811 3429 915 3467 non
947 3408 1333 3466 inter-turbarit.
1372 3405 1553 3460 Viden‘
1580 3415 1710 3476 quot
1730 3413 1784 3460 et
1811 3416 2006 3476 quanta
2033 3421 2062 3459 a

481 3510 742 3578 principio
779 3505 1008 3560 audierit
1043 3513 1097 3558 et
1129 3515 1319 3572 passus
1354 3499 1471 3553 sit?
1500 3507 1554 3554 et
1582 3496 1851 3569 quomodo
1885 3497 2064 3552 verbis

487 3612 539 3654 et
567 3600 821 3670 operibus
854 3596 1166 3652 testiﬁcatus
1189 3593 1258 3647 sit
1285 3592 1308 3645 ?

555 3692 610 3746 4.
642 3691 766 3745 Haec
795 3703 954 3758 porro
979 3687 1174 3754 scripta
1203 3691 1364 3747 sunt,
1411 3691 1467 3737 ut
1508 3697 1605 3736 nos
1641 3683 1731 3737 illa
1763 3681 2059 3736 imitemur.

486 3784 616 3839 Nam
639 3784 684 3838 si
719 3782 1016 3845 mendicus,
1049 3793 1242 3843 cmcus,
1275 3777 1361 3848 qui
1388 3776 1659 3832 Christum
1690 3790 1794 3829 non
1823 3775 2063 3840 viderat,

488 3885 694 3931 tantum
747 3874 954 3929 ﬁducita
995 3871 1174 3926 statim
1212 3869 1449 3924 ostendit
1493 3879 1615 3923 ante
1649 3868 1842 3923 Christi
1889 3869 2066 3921 horta-

488 3980 691 4036 menta,
717 3975 865 4023 stans
900 3974 1086 4020 contra
1116 3962 1369 4034 pupulum
1408 3969 1600 4026 totum,
1629 3960 1828 4015 cmdem
1853 3959 2064 4029 spiran-

487 4070 638 4126 tem,
683 4073 713 4113 a
775 4055 1022 4111 daemone
1064 4063 1240 4109 actum
1270 4094 1286 4119 ,
1319 4051 1581 4106 furentem
1609 4092 1622 4117 ,
1660 4065 1725 4104 ex
1773 4051 1889 4119 ejus
1939 4063 2069 4102 voce

485 4152 756 4209 Christum
782 4149 1038 4204 damnare
1055 4147 1359 4217 cupientem
1391 4161 1402 4198 :
1436 4156 1608 4214 neque
1630 4141 1795 4197 cessit
1819 4140 1907 4194 ille
1933 4181 1948 4204 ,
1978 4155 2070 4194 ne—

484 4260 588 4314 que
612 4242 850 4308 recessit,
876 4241 971 4296 sed
1001 4239 1228 4294 ﬁdenter
1259 4237 1381 4293 illos
1408 4235 1701 4291 confutavit
1727 4277 1742 4302 ,
1777 4234 2070 4303 maluitque

486 4337 628 4390 foras
655 4334 772 4405 ejici
799 4375 814 4400 ,
847 4347 1004 4403 quam
1045 4331 1325 4385 veritatem
1357 4327 1585 4397 prodere
1621 4343 1632 4378 :
1667 4334 1868 4394 quanto
1895 4324 2066 4394 magis

487 4443 606 4492 nos,
630 4429 716 4496 qui
744 4424 940 4479 tamdiu
965 4425 1015 4478 in
1041 4421 1143 4476 ﬁde
1165 4421 1413 4481 viximus,
1437 4418 1524 4488 qui
1550 4433 1642 4487 per
1663 4417 1822 4472 ﬁdem
1849 4431 2073 4471 sexcen-

485 4530 540 4573 ta
563 4517 817 4573 miracula
847 4515 1078 4569 vidimus
1113 4553 1128 4578 ,
1164 4513 1253 4581 qui
1281 4510 1484 4580 majora
1513 4525 1672 4579 quam
1700 4509 1788 4563 ille
1815 4509 2071 4565 beneﬁcia

488 4608 796 4676 accepimus
821 4645 838 4669 ,
883 4604 973 4672 qui
1011 4600 1356 4654 interioribus
1385 4599 1554 4652 oculis
1585 4613 1776 4653 arcana
1819 4599 2071 4669 mysteria

493 4698 746 4758 vidimus,
776 4704 828 4748 et
854 4693 922 4746 ad
949 4701 1158 4746 tantum
1197 4690 1456 4745 honorem
1504 4689 1677 4743 vocati
1717 4704 1901 4744 sumus
1922 4731 1936 4753 ,
1960 4705 2076 4745 om-

494 4803 615 4843 nem
673 4785 921 4841 ﬁduciam
965 4782 1219 4839 exhibere
1267 4790 1481 4852 oportet
1530 4779 1787 4835 adversus
1836 4795 1931 4835 eos
1985 4782 2074 4850 qui

493 4880 829 4936 Christianos
859 4884 1109 4932 accusant
1137 4916 1150 4941 ,
1182 4875 1407 4944 illosque
1433 4873 1713 4928 confutare
1745 4914 1759 4941 ,
1791 4887 1964 4945 neque
1997 4875 2076 4929 eis

505 4985 707 5030 temere
735 4969 1000 5042 parcere?

567 5074 952 5144 Scripturarum
981 5067 1181 5123 lectioni
1198 5067 1274 5120 uel
1295 5064 1540 5118 auditioni
1560 5065 1760 5119 assidue
1776 5065 2074 5118 vacandum.

494 5166 683 5222 Contra
707 5163 1112 5236 spectaculorum
1139 5160 1497 5231 frequentiam.
1515 5189 1586 5200 —-
1615 5159 1725 5214 [loc
1748 5175 1878 5215 vero
1901 5159 2078 5215 facere

497 5261 812 5328 poterimus“,
844 5256 890 5313 si
932 5255 1179 5310 ﬁduciam
1211 5267 1543 5307 assumamus
1584 5261 1639 5306 ct
1672 5251 1962 5322 Scriptnris
1991 5262 2076 5306 at-

500 5351 816 5414 tendamus,
851 5365 1024 5420 neque
1050 5344 1408 5419 perfunctorie
1437 5343 1553 5399 illas
1595 5345 1893 5400 audiamus.
1945 5343 2078 5398 Nam

565 5444 581 5474 ¹
616 5439 760 5491 Hum:
782 5441 940 5491 locum
965 5441 1037 5491 sic
1085 5437 1239 5501 effert
1267 5443 1350 5486 Its.
1373 5434 1515 5501 savii.
1562 5435 1876 5501 Orientalis...
1911 5453 1934 5482 ι
1965 5448 2080 5501 ape-

500 5501 652 5553 ruerit
675 5504 781 5561 σπῆι
817 5500 1117 5566 oculosch
1139 5498 1239 5550 nati
1259 5496 1521 5566 v._Deinde
1563 5497 1878 5566 ratiocinium
1901 5509 1918 5546 :
1939 5496 1987 5566 si
1999 5497 2082 5548 tlte

504 5577 594 5631 urat
631 5557 750 5613 esset
773 5574 804 5610 α
833 5570 927 5613 Deo
946 5562 1065 5613 nihil
1089 5568 1239 5625 posset
1263 5561 1357 5610 tale
1378 5560 1556 5621 facere.
1581 5557 1712 5618 quod
1736 5557 1778 5608 si
1800 5557 1847 5606 in
1872 5560 2082 5621 confesso

510 5637 587 5717 an;
613 5636 747 5735 ὧιιξῆι
773 5690 850 5732 m-
876 5682 1045 5743 mbct,
1071 5682 1312 5744 putabunt,
1339 5691 1389 5731 et
1413 5694 1543 5743 mox,
1566 5680 1937 5748 interrogat-unt.

1195 282 1258 337 ‘S.
1299 277 1578 336 JOANNIS
1595 271 2064 334 CHRYSOSTDSH
2103 271 2417 330 ARCIHEP.
2457 275 2984 338 CONSTANTlNOP.

3625 289 3728 348 3‘20

2155 387 2199 442 si
2230 389 2349 458 quis
2374 390 2587 446 assidue
2613 394 2794 449 veniat
2820 438 2833 462 ,
2874 397 3080 451 etiamsi
3109 396 3250 451 domi
3281 414 3383 454 non
3417 401 3559 472 legal
3587 444 3602 469 ,
3634 407 3729 461 sed

2155 477 2243 534 hic
2268 479 2423 535 dictis
2453 483 2693 538 attendat
2719 503 2732 538 :
2761 486 2886 540 anni
2927 488 3085 542 unius
3113 489 3286 558 spatio
3329 494 3526 562 poterit
3569 497 3730 550 multa

2153 570 2377 628 discere.
2408 574 2589 645 Neque
2614 578 2756 632 enim
2785 578 2943 643 hodie
2972 581 3066 635 has
3088 623 3101 645 ,
3125 596 3242 637 cras
3268 584 3401 640 alias
3430 584 3733 656 Scripturas

2155 665 2400 734 legimus,
2432 667 2525 722 sed
2556 684 2768 738 semper
2787 673 3024 727 easdem.
3054 675 3302 730 Attamen
3349 679 3500 732 multi
3531 681 3599 733 ita
3630 683 3732 735 mi-

2155 769 2278 810 sere
2304 756 2479 812 allecti
2499 769 2642 827 sunt,
2674 769 2730 815 ut
2751 771 2871 830 post
2892 772 3092 818 tantam
3112 766 3401 822 lectionem
3422 785 3492 826 ne
3516 774 3734 829 nomina

2156 847 2369 914 quidem
2399 849 2650 905 librorum
2692 855 2860 907 sciant
2885 871 2900 920 ;
2946 871 3047 911 nec
3083 869 3338 914 verentur
3357 895 3385 926 η
3412 877 3592 933 neque
3622 864 3732 920 fnr-

2157 938 2361 993 midant
2379 950 2482 994 tam
2505 943 2832 1013 negligenter
2851 946 2913 1000 ad
2931 947 3166 1003 divinam
3183 951 3383 1021 ingredi
3397 957 3732 1012 concionem.

2159 1029 2262 1084 Sed
2289 1033 2334 1085 si
2360 1033 2712 1103 citharazdus,
2737 1038 2781 1092 si
2812 1039 3034 1094 saltator
3059 1043 3140 1096 vel
3169 1045 3305 1098 alius
3333 1047 3507 1115 quivis
3531 1048 3598 1103 ad
3628 1065 3734 1104 see

2158 1136 2278 1175 nam
2305 1125 2510 1179 vocarit
2535 1127 2800 1182 civitatem
2826 1164 2854 1194 -,
2893 1129 3172 1200 diligenter
3191 1149 3377 1190 ornnes
3403 1149 3690 1193 accurrunt
3719 1181 3734 1204 ,

2159 1221 2207 1264 et
2233 1212 2430 1280 gratias
2457 1213 2653 1270 habent
2676 1219 2888 1272 vocanti
2911 1261 2926 1285 ,
2955 1229 3113 1288 atque
3137 1222 3188 1275 in
3221 1227 3527 1292 spectaculo
3555 1228 3740 1296 hujus-

2160 1303 2301 1357 modi
2345 1304 2622 1360 dimidium
2663 1307 2770 1363 diei
2813 1312 3084 1366 insumunt
3116 1331 3128 1366 :
3174 1315 3282 1369 Deo
3305 1325 3484 1372 autem
3516 1335 3615 1374 nos
3643 1337 3739 1390 per

2161 1394 2446 1462 prophetas
2494 1405 2550 1451 et
2589 1400 2863 1468 apostolos
2899 1403 3202 1473 alloquente
3229 1449 3244 1473 ,
3275 1409 3561 1466 oscitamus
3590 1454 3604 1478 ,
3641 1429 3738 1469 nos

2159 1486 2465 1554 scalpimus,
2501 1487 2818 1548 fastidimus.
2849 1494 2903 1548 In
2935 1506 3117 1551 aestate
3134 1499 3347 1568 quidem
3371 1510 3424 1556 et
3457 1513 3590 1559 mstu
3621 1522 3736 1560 ma—

2158 1591 2262 1646 gno
2285 1579 2302 1609 ί
2335 1580 2507 1637 forum
2536 1584 2801 1652 petimus;
2832 1587 2884 1641 in
2915 1587 3089 1643 hieme
3117 1607 3244 1646 vero
3278 1609 3307 1648 a
3338 1596 3512 1664 pluvia
3547 1608 3600 1652 et
3627 1599 3740 1652 luto

2161 1668 2302 1723 domi
2327 1674 2684 1729 continemur.
2710 1676 2777 1730 At
2807 1678 2859 1731 in
2889 1678 3254 1748 hippodromis
3278 1727 3291 1751 ,
3317 1687 3406 1741 ubi
3430 1689 3630 1744 nullum
3658 1701 3739 1745 est

2163 1769 2363 1814 tectum
2393 1763 2533 1832 quod
2563 1780 2592 1818 a
2623 1765 2798 1834 pluvia
2826 1768 3097 1839 defendat,
3123 1775 3307 1841 multi,
3343 1777 3517 1834 imbre
3549 1797 3739 1838 urceao

2164 1851 2254 1904 tim
2285 1853 2515 1919 labente,
2551 1866 2709 1911 vento
2731 1873 2920 1928 aquam
2945 1863 2997 1915 in
3022 1864 3221 1920 vultum
3256 1867 3458 1925 ferente
3485 1913 3499 1936 ,
3533 1872 3738 1928 insania

2162 1941 2304 1996 ducti
2338 1953 2499 2010 stant,
2530 1945 2748 2018 frigore,
2779 1951 2979 2020 pluvia,
3004 1955 3134 2020 luto,
3160 1959 3259 2013 vim
3288 1961 3619 2032 longitudine
3639 1967 3737 2021 dc-

2163 2036 2393 2104 spectis;
2426 2038 2556 2093 nihil
2579 2056 2672 2095 cos
2689 2041 2833 2097 domi
2865 2047 3080 2113 retinet,
3115 2050 3242 2105 nihil
3267 2067 3295 2105 a
3326 2057 3630 2122 spectaculo
3649 2073 3740 2111 en-

2165 2122 2350 2179 hibere
2407 2138 2582 2195 pctest
2613 2147 2626 2182 :
2661 2129 2764 2184 huc
2819 2143 2996 2189 autem
3051 2138 3139 2192 ubi
3191 2148 3386 2196 tectum
3421 2183 3435 2204 ,
3471 2145 3559 2199 ubi
3608 2148 3742 2202 mire

2167 2223 2494 2284 temperatus
2518 2218 2668 2273 calor
2691 2261 2706 2284 ,
2754 2224 2936 2278 venire
2964 2225 3230 2296 refugiunt
3255 2271 3269 2294 ,
3305 2246 3425 2285 cum
3457 2233 3524 2287 de
3552 2236 3741 2289 anima:

2166 2305 2336 2361 salute
2377 2317 2583 2376 agatur.
2631 2310 2879 2367 Haeccine
2904 2355 2919 2380 ,
2947 2331 3130 2385 quaeso
3153 2361 3168 2384 ,
3199 2320 3510 2377 toleranda?
3533 2323 3658 2380 Ideo
3688 2327 3742 2378 in

2167 2395 2274 2451 illis
2297 2399 2537 2467 apprime
2566 2401 2762 2462 edocti.
2785 2403 2836 2457 in
2862 2409 3178 2464 necessariis
3205 2409 3561 2481 imperitiores
3585 2432 3740 2485 quam
3789 2466 3794 2472 _

2167 2488 2374 2555 pueruli
2401 2504 2603 2544 sumus.
2631 2491 2781 2559 Quod
2807 2494 2848 2548 si
2869 2496 2986 2564 quis
3012 2506 3062 2552 te
3078 2501 3312 2570 aurigam
3336 2504 3418 2558 vel
3436 2505 3743 2561 saltatorem

2166 2578 2399 2646 appellet
2432 2621 2446 2646 ,
2493 2580 2545 2634 id
2568 2585 2944 2640 contumeliam
2975 2586 3109 2642 dicis
3138 2631 3151 2655 ,
3185 2591 3307 2646 licet
3331 2594 3464 2648 nihil
3487 2610 3589 2649 non
3619 2612 3746 2666 agas

2167 2678 2224 2723 ut
2256 2670 2347 2724 tibi
2388 2671 2490 2726 hoc
2516 2673 2835 2741 vituperium
2862 2679 3101 2735 attrahas
3127 2698 3142 2746 ;
3165 2683 3208 2736 si
3256 2701 3386 2741 vero
3412 2687 3478 2741 ad
3511 2690 3586 2743 rei
3627 2706 3747 2760 spe-

2166 2762 2432 2817 ctaculum
2459 2774 2667 2833 evocet,
2691 2783 2794 2823 non
2824 2770 2998 2825 resilis
3020 2785 3035 2837 ;
3061 2781 3357 2845 artemque,
3379 2778 3532 2849 cujus
3555 2795 3744 2835 nomen

2169 2852 2367 2922 refugis
2401 2897 2416 2922 ,
2469 2866 2635 2910 totam
2662 2857 2772 2913 fere
2803 2865 3163 2932 prosequeris.
3196 2865 3295 2920 libi
3322 2884 3449 2923 vero
3475 2880 3527 2924 et
3549 2887 3661 2925 rem
3689 2881 3743 2926 et

2169 2957 2362 2998 nomen
2396 2953 2577 3000 tenere
2600 2947 2765 3002 debes
2791 2952 2810 2980 ²
2827 2991 2842 3014 ,
2871 2960 3030 3022 atque
3055 2969 3176 3011 esse
3202 2966 3256 3011 et
3279 2959 3453 3012 vocari
3483 2959 3746 3015 Christia-

2170 3049 2291 3100 nus,
2313 3037 2594 3106 nequidetn
2621 3040 2746 3108 quid
2772 3040 2822 3096 id
2846 3043 2915 3097 sit
2939 3045 3209 3116 intelligis.
3236 3048 3367 3116 Quid
3386 3047 3486 3106 hac
3507 3053 3745 3107 amentia

2171 3126 2320 3194 pejus
2349 3128 2371 3180 ?
2403 3127 2526 3183 llaec
2556 3129 2865 3200 frequenter
2883 3136 3032 3191 vobis
3054 3137 3234 3194 dicere
3255 3140 3441 3207 velim;
3468 3143 3563 3196 sed
3586 3145 3747 3198 timeo

2171 3231 2236 3270 ne
2265 3216 2458 3273 frustra
2489 3229 2542 3274 et
2565 3222 2679 3277 sine
2710 3224 2818 3278 ullo
2847 3226 3022 3282 fructu
3050 3230 3200 3286 vobis
3241 3232 3340 3286 sim
3369 3233 3606 3289 odiosus.
3657 3236 3745 3288 Vi-

2171 3305 2274 3363 deo
2314 3325 2544 3381 namque
2587 3312 2912 3371 insanientes
2943 3358 2957 3382 ,
2988 3334 3094 3374 non
3147 3322 3307 3376 modo
3347 3323 3577 3391 juvenes
3609 3369 3622 3391 ,
3654 3326 3745 3380 sed

2172 3401 2332 3454 etiam
2359 3415 2516 3457 senes
2545 3419 2560 3456 :
2601 3419 2824 3474 quorum
2854 3411 3083 3464 maxime
3106 3426 3262 3466 causa
3291 3415 3551 3469 erubesco
3581 3457 3593 3477 ,
3627 3431 3744 3470 eum

2173 3492 2343 3546 virum
2365 3508 2528 3549 cerno
2547 3497 2740 3550 canitie
2769 3500 3152 3568 venerandum,
3177 3517 3340 3558 canos
3370 3505 3745 3570 dehonestare,

2174 3594 2222 3638 et
2254 3583 2420 3638 ﬁlium
2451 3600 2632 3640 secum
2662 3587 2893 3643 trahere.
2919 3590 3054 3656 Quid
3087 3593 3253 3662 magis
3275 3593 3556 3649 ridiculum
3582 3596 3747 3667 ?quid

2175 3675 2380 3742 turpius
2405 3679 2428 3728 ’ἰ
2458 3677 2597 3730 ﬁlius
2634 3692 2664 3731 a
2712 3687 2861 3748 patre
2885 3681 3108 3749 turpiter
3138 3697 3297 3752 agerc
3323 3682 3568 3740 docetur.

2244 3769 2296 3822 5.
2324 3769 3007 3839 Spectaculorumamatores
3050 3776 3457 3844 redurguuntur:
3495 3777 3749 3847 quodnam

2175 3859 2236 3910 sit
2282 3862 2680 3928 spectaculorum
2727 3864 3072 3917 dunmum.—
3098 3865 3338 3920 Mordent
3383 3866 3498 3923 lucc
3542 3869 3750 3923 verba?

2176 3947 2288 4003 Hoc
2312 3965 2410 4019 ego
2438 3953 2560 4006 volo
2584 3993 2598 4016 ,
2631 3962 2690 4008 ut
2727 3969 3011 4010 maerorem
3040 3957 3198 4012 verba
3231 3958 3466 4026 pariant,
3497 3968 3554 4013 ut
3579 3960 3748 4028 reipsa

2177 4055 2204 4093 a
2239 4051 2378 4096 tanta
2434 4043 2757 4111 turpitudine
2788 4045 3108 4102 liberemini.
3158 4047 3295 4102 Sunt
3320 4049 3462 4102 enim
3513 4049 3751 4104 nonnulli

2178 4129 2260 4185 his
2290 4131 2446 4203 longe
2492 4132 2812 4202 frigidiores,
2846 4150 2981 4205 quos
3012 4136 3311 4206 hujusmodi
3339 4139 3620 4194 verborum
3651 4155 3752 4194 non

2179 4223 2357 4292 pudet,
2385 4222 2476 4278 sed
2510 4224 2720 4294 longam
2753 4233 2936 4281 texunt
2962 4226 3060 4282 hac
3086 4227 3154 4281 de
3181 4244 3239 4282 re
3270 4230 3588 4283 orationem.
3613 4231 3754 4296 Quas

2179 4315 2221 4368 si
2255 4316 2667 4386 interrogaveris
2696 4317 2814 4386 quis
2843 4318 2912 4372 sit
2955 4319 3120 4372 Amos
3144 4361 3159 4384 ,
3189 4321 3306 4390 quis
3348 4320 3548 4375 Abdias
3568 4363 3582 4384 ,
3631 4330 3757 4390 quot

2180 4405 2476 4476 prephetzr,
2507 4416 2636 4477 quot
2663 4408 2911 4477 apostoli,
2935 4424 3002 4464 ne
3032 4409 3238 4466 hiscere
3262 4411 3474 4480 quidem
3509 4422 3753 4482 possunt;

2180 4499 2274 4552 scd
2304 4498 2447 4554 circa
2487 4516 2654 4569 equos
2682 4510 2736 4554 et
2761 4503 3007 4571 aurigas,
3042 4503 3338 4571 graviorem
3369 4520 3530 4575 quau.
3573 4504 3755 4574 sOphi-

2181 4598 2276 4643 sta:
2307 4598 2361 4644 et
2389 4591 2634 4645 rhetores
2683 4593 2910 4647 afferunt
2951 4593 3319 4649 defensionem
3352 4612 3367 4649 :
3399 4607 3453 4651 et
3483 4607 3604 4667 post
3648 4597 3757 4652 baac

2181 4681 2357 4734 omnia
2383 4679 2566 4735 dicunt
2591 4699 2604 4734 :
2637 4681 2839 4752 Ecquid
2869 4684 2991 4739 hinc
3017 4684 3366 4741 detrimenti?
3395 4688 3521 4758 quid
3549 4688 3759 4743 damni?

2182 4769 2307 4827 ldeo
2349 4773 2674 4843 iugemisco,
2705 4775 2845 4844 quod
2894 4779 3106 4831 noxiam
3152 4793 3271 4833 esse
3313 4795 3426 4834 rem
3467 4781 3718 4835 nesciatis
3746 4822 3760 4846 ,

2186 4879 2358 4933 neque
2389 4865 2440 4918 in
2490 4879 2706 4919 sensum
2737 4867 2998 4922 malorum
3043 4870 3318 4924 veneritis.
3369 4870 3504 4924 Vita:
3555 4881 3762 4939 tempus

2183 4956 2328 5010 dedit
2356 4956 2447 5011 tibi
2477 4955 2648 5021 Deus,
2677 4965 2733 5010 nt
2763 4957 2933 5026 ipsum
2973 4959 3117 5014 colas
3159 4977 3172 5014 :
3223 4969 3277 5014 tu
3311 4976 3440 5015 vero
3480 4960 3678 5015 frustra
3711 4971 3761 5014 et

2186 5046 2447 5101 inutiliter
2495 5061 2819 5102 consumens
2863 5049 2991 5103 illud
3015 5092 3030 5114 ,
3059 5051 3257 5119 quzeris
3286 5050 3463 5106 adhuc
3484 5093 3499 5116 ,
3528 5051 3670 5121 quod
3701 5052 3765 5104 sit

2185 5137 2474 5193 damnum?
2520 5137 2575 5194 Si
2606 5140 2869 5194 tantillum
2918 5141 3111 5195 frustra
3144 5143 3379 5198 iusumas
3410 5144 3650 5212 pecunize
3672 5187 3685 5206 ,
3719 5143 3763 5196 id

2184 5231 2439 5286 damnum
2466 5246 2624 5286 vocas
2651 5248 2666 5297 ;
2704 5231 2830 5286 dum
2861 5245 2990 5286 vero
3027 5231 3144 5287 dies
3174 5233 3411 5303 integros
3439 5233 3490 5286 in
3518 5233 3768 5288 saluuii-is

2187 5325 2395 5396 pompis
2422 5323 2648 5378 insnmis
2672 5365 2687 5389 ,
2720 5324 2853 5377 nihil
2882 5323 3111 5379 absurde
3141 5335 3191 5378 te
3214 5325 3387 5381 facere
3412 5324 3608 5395 putas?
3636 5322 3766 5379 Cum

2184 5409 2456 5488 o’porteret
2499 5417 2745 5487 precibus
2772 5416 2793 5448 ³
2824 5399 2886 5470 ρι’
2923 5415 3385 5472 obsecrationibus
3416 5427 3581 5473 totam
3609 5417 3767 5474 vitam

2249 5557 2264 5586 ι
2302 5551 2395 5601 Alii
2413 5550 2586 5613 legunt
2609 5557 2825 5614 tantum;
2842 5557 2894 5614 In
2916 5555 3035 5600 testu
3054 5561 3244 5614 magno.

2250 5616 2270 5646 ’
2305 5621 2388 5662 Ms.
2412 5609 2596 5662 Orient.
2621 5611 2760 5674 savii.
2790 5609 3268 5674 babet._cnpis,'pro,
3290 5609 3456 5674 debes.

2259 5677 2279 5709 ³
2315 5674 2441 5726 Edlti
2465 5674 2665 5737 habent,
2690 5672 3015 5737 elemosynis,
3039 5687 3142 5737 pro,
3164 5672 3403 5736 precibus.
