4072 6152
351 359 471 425 8⁸1⁵1⁸

351 478 665 551 impeudete
688 516 704 541 ,
734 475 868 530 tuin
899 470 1252 535 clamoribus,
1284 468 1335 522 in
1370 467 1592 521 tumultu
1614 505 1628 529 ,
1658 461 1930 519 obscatnis

351 570 524 626 verbis
544 608 559 633 ,
591 565 781 638 pugnis
803 603 821 627 ,
870 561 1257 632 intempestivis
1287 556 1642 628 voluptatibus
1665 596 1682 622 ,
1716 554 1928 625 praesti-

344 663 478 734 giis,
510 667 677 715 totam
705 657 863 711 vitam
895 653 1206 717 consumis;
1246 652 1403 720 idque
1425 648 1618 703 frustra
1648 646 1774 701 etin
1806 661 1923 714 per-

350 752 546 807 niciem
587 759 755 805 tuam.
800 747 868 802 Et
895 754 1016 816 post
1041 743 1157 798 haec
1202 742 1380 796 omnia
1410 739 1741 810 interrogas,
1788 734 1929 806 quod

342 844 420 897 sit
447 841 703 897 damnum
731 856 746 892 :
775 851 948 906 neque
970 833 1244 903 intelligis,
1264 830 1396 885 nihil
1423 830 1633 901 parcius
1661 829 1933 882 insumen-

343 930 478 987 dum
508 944 630 986 esse
657 944 817 999 quam
846 935 1057 995 tempus
1080 926 1119 977 ί.
1152 924 1355 977 Aurum
1383 922 1426 976 si
1456 919 1812 989 impettderis,
1843 929 1933 970 re-

348 1037 611 1093 cuperare
632 1019 862 1091 poteris;
884 1017 1143 1072 amissum
1164 1019 1370 1084 tempus
1388 1010 1607 1067 difﬁcile
1622 1022 1929 1080 recnperes.

349 1116 522 1171 Breve
548 1127 776 1182 namque
804 1111 920 1180 ejus
961 1109 1187 1180 spatium
1211 1108 1263 1160 in
1290 1106 1390 1161 hac
1415 1105 1520 1160 vita
1564 1104 1717 1160 nobis
1741 1116 1931 1158 conce-

350 1209 535 1274 ditur;
566 1221 672 1277 quo
703 1205 803 1260 nisi
843 1212 898 1257 ut
930 1218 1024 1272 par
1049 1209 1132 1257 est
1171 1208 1413 1265 utamur,
1458 1196 1585 1267 quid
1628 1197 1720 1251 illo
1765 1195 1931 1250 adve-

353 1300 567 1357 nientes
603 1293 898 1351 dicemus?
944 1292 1077 1358 Die,
1128 1303 1310 1360 quaeso
1337 1328 1351 1354 ,
1401 1289 1444 1341 si
1496 1302 1653 1357 quem
1705 1285 1932 1340 ﬁliorum

353 1399 566 1444 tuorum
590 1386 810 1457 juberes
835 1391 1007 1438 artem
1053 1382 1357 1451 quampiam
1386 1378 1657 1445 ediscere,
1690 1378 1776 1432 Hie
1803 1392 1933 1431 vero

354 1480 441 1534 vel
486 1477 631 1533 domi
670 1476 755 1530 vel
780 1473 909 1530 alibi
952 1481 1161 1542 tempus
1203 1480 1431 1537 tereret,
1463 1486 1640 1525 annon
1685 1470 1935 1539 magister

355 1571 503 1624 illum
552 1566 825 1621 deferret?
855 1578 1032 1618 annon
1072 1562 1273 1617 diceret
1300 1562 1390 1616 tibi
1424 1578 1437 1615 :
1468 1561 1683 1615 Pactum
1727 1574 1932 1615 mecum

355 1660 555 1728 scripto
584 1657 788 1719 fecisti,
821 1664 1138 1724 tempusque
1167 1651 1448 1707 deﬁnivisti
1494 1670 1507 1705 :
1546 1652 1591 1705 si
1620 1666 1745 1707 vero
1796 1652 1937 1705 ﬁlius

356 1764 480 1808 tuus
506 1765 613 1807 non
643 1750 774 1805 velit
815 1758 1024 1818 tempus
1061 1745 1200 1816 apud
1231 1760 1331 1800 nos
1357 1746 1662 1809 insumere,
1690 1742 1784 1799 sed
1809 1744 1935 1797 alibi

355 1855 533 1900 terere
557 1883 573 1907 ,
600 1839 866 1912 quomodo
892 1838 1186 1909 poterimus
1226 1836 1320 1891 tibi
1348 1835 1665 1904 discipulum
1704 1835 1937 1889 sistere?

357 1934 489 1990 llaec
525 1948 626 1988 nos
654 1946 867 2003 quoque
907 1930 1085 1985 dicere
1129 1928 1392 1999 cogimur.
1422 1926 1554 1981 Nant
1597 1924 1741 1981 dicet
1783 1925 1939 1980 nobis

359 2025 504 2079 Deus
541 2041 553 2075 :
595 2022 826 2092 Tempus
854 2018 1115 2089 assignavi
1149 2018 1300 2074 vobis
1325 2059 1339 2083 ,
1366 2032 1473 2087 quo
1518 2016 1731 2087 pietatis
1769 2024 1938 2071 artent

355 2115 702 2180 edisceretis;
748 2129 845 2168 cur
886 2111 1083 2167 frustra
1116 2120 1171 2165 ct
1221 2110 1489 2164 incassum
1546 2116 1759 2179 tempus
1809 2107 1938 2162 illud

358 2206 720 2276 insnmpsistis
737 2206 759 2258 ?
775 2219 872 2259 cur
893 2219 997 2259 non
1020 2202 1329 2273 magistrum
1356 2200 1568 2256 assidue
1591 2200 1830 2256 adiistis?
1846 2215 1940 2254 cur

358 2297 516 2352 dictis
544 2310 653 2350 non
680 2293 1022 2350 attendistis?
1048 2291 1199 2360 Quod
1227 2292 1368 2346 enim
1391 2291 1559 2360 pietas
1587 2291 1656 2346 sit
1683 2306 1770 2346 ars
1790 2307 1939 2362 quat-

360 2387 481 2441 dam
501 2428 516 2450 ,
559 2384 681 2440 audi
714 2384 1029 2454 prophetam
1062 2383 1328 2437 dicentem
1360 2400 1374 2435 :
1432 2381 1605 2437 Venite
1627 2421 1643 2446 ,
1670 2382 1768 2451 ﬁlii
1789 2424 1805 2450 ,
1842 2398 1937 2436 att-

363 2476 469 2530 dite
493 2492 605 2542 me,
629 2475 855 2529 timorem
880 2472 1088 2528 Domini
1126 2474 1309 2527 docebo
1340 2489 1423 2527 vos
1455 2471 1640 2545 (Psal.
1681 2474 1769 2528 '55.
1813 2471 1938 2545 19.);

370 2577 429 2622 et
468 2567 663 2620 iterum
682 2606 696 2630 ,
728 2564 912 2619 Beatus
937 2565 1011 2619 vir
1047 2582 1191 2635 quem
1218 2577 1271 2618 tu
1314 2564 1591 2629 erudieris,
1622 2562 1835 2618 Domine
1854 2605 1869 2629 ,
1897 2571 1944 2617 et

368 2659 572 2729 sle-iege
612 2666 699 2711 tua
740 2657 968 2712 docueris
1011 2674 1123 2712 eum
1166 2655 1334 2728 (Psal.
1370 2657 1457 2711 95.
1499 2654 1604 2729 12).
1637 2656 1768 2711 Cum
1815 2672 1943 2728 ergo

433 2792 449 2822 ³
484 2790 541 2839 In
560 2789 738 2840 iisdem
769 2789 848 2839 hic
864 2791 934 2839 sic
956 2791 1163 2839 habetur
1186 2787 1336 2845 locus,
1360 2799 1511 2849 neque
1533 2786 1757 2849 auendis,
1770 2795 1817 2838 te
1839 2802 1944 2839 ma-

363 2852 496 2904 simc
517 2852 744 2915 tempatis
766 2865 881 2903 usus
900 2850 1137 2902 rationem
1159 2864 1259 2901 esse
1282 2848 1609 2900 redditurum.

1382 349 1449 406 IN
1481 347 1803 406 JUANNEST
1829 347 2037 403 liUTiilL
2102 345 2233 402 LIX.
2275 348 2343 403 al.
2388 346 2566 405 LVlll.

3510 359 3635 413 331'

2039 469 2248 529 tempus
2280 460 2538 516 inutiliter
2561 465 2957 534 consumpseris
2982 507 2997 533 ,
3027 482 3183 536 quant
3213 472 3614 527 excusationem

2036 550 2300 606 habebis?
2332 551 2398 606 Et
2423 567 2539 618 cur,
2564 553 2774 622 inquies
2798 596 2813 621 ,
2846 555 3002 610 nobis
3028 558 3190 613 breve
3220 566 3429 628 tempus
3470 576 3610 629 ιιιιειξ-

2034 641 2289 712 Seripsit?
2326 642 2370 697 0
2400 642 2791 713 insipientiam!
2821 660 2854 700 ο
2884 647 3148 717 ingratum
3176 650 3452 706 animum?
3479 650 3611 718 Quia

2038 733 2129 787 tihi
2162 734 2373 790 labores
2401 736 2730 807 sudoresque
2757 738 2947 793 minuit
2971 781 2987 806 ,
3020 755 3083 796 ac
3113 744 3350 812 r'cquiem
3379 743 3471 799 tibi
3498 744 3617 799 diu-

2038 832 2246 878 tnrnam
2271 832 2326 880 et
2353 824 2705 881 immortalem
2740 828 2984 897 paravit,
3017 830 3138 886 ideo
3167 832 3380 888 incusas
3403 843 3459 889 et
3502 850 3618 889 mo—

2035 912 2166 968 leste
2186 913 2332 969 fers?
2354 915 2460 972 Sed
2482 918 2665 972 nescio
2691 918 2959 988 quomodo
2965 934 3289 983 sermonem
3316 923 3422 981 huc
3445 937 3619 980 trans-

2038 1005 2275 1074 tulimus,
2300 1016 2356 1063 et
2377 1007 2577 1064 tamdiu
2604 1024 2937 1077 peroramus.
2968 1010 3432 1085 Quapropterjam
3459 1018 3619 1077 ﬁnem

2037 1095 2218 1153 facere
2263 1112 2400 1169 Opus
2431 1108 2534 1154 est.
2586 1099 2717 1154 Nam
2764 1100 2866 1155 hoc
2910 1116 3125 1172 quoque
3165 1105 3394 1161 miseriae
3425 1120 3623 1166 nostras

2039 1187 2417 1257 tribuendum,
2463 1190 2603 1259 quod
2647 1191 2694 1245 si
2743 1190 2831 1246 hic
2888 1191 3046 1263 longa
3092 1195 3163 1249 sit
3216 1197 3427 1267 oratio,
3475 1200 3621 1256 illam

2037 1296 2224 1337 omnes
2269 1282 2625 1350 tastidiamus;
2660 1283 2771 1338 illic
2819 1299 2949 1341 vero
2974 1299 3008 1339 a
3053 1287 3277 1345 meridie
3307 1292 3458 1360 orsi,
3499 1308 3621 1349 cum

2039 1372 2271 1427 lucernis
2314 1372 2587 1429 recedant.
2643 1373 2840 1431 Verum
2892 1391 2959 1432 ne
3006 1391 3219 1447 semper
3269 1380 3577 1439 incusemus
3605 1427 3620 1449 ,

2039 1480 2288 1535 rogamus
2314 1480 2408 1520 vos
2437 1474 2492 1521 et
2525 1465 2869 1524 obsecramus
2900 1486 2916 1523 :
2962 1469 3099 1525 hanc
3127 1480 3181 1526 et
3209 1472 3363 1529 nobis
3392 1484 3446 1530 et
3471 1476 3622 1533 vobis

2038 1558 2263 1626 gratiam
2289 1558 2567 1613 concedite
2586 1598 2602 1623 ,
2632 1569 2688 1613 ut
2713 1559 2831 1614 aliis
2859 1560 3075 1616 omissis
3101 1563 3351 1619 omnibus
3375 1606 3389 1629 ,
3420 1566 3501 1622 his
3535 1569 3616 1623 iu-

2040 1647 2378 1701 cnmbamus.
2435 1647 2708 1718 Siquidem
2769 1650 2883 1703 haec
2931 1665 2999 1706 cx
3057 1652 3210 1707 vobis
3256 1654 3624 1727 lucrabitnur,

2035 1736 2288 1815 gaudium
2312 1777 2329 1803 ,
2360 1737 2595 1791 lwtitiant
2620 1777 2635 1802 ,
2668 1738 2878 1792 laudent
2904 1779 2920 1804 ,
2950 1740 3172 1809 gloriam
3199 1751 3255 1797 et
3296 1748 3623 1802 mercedem.

2043 1828 2236 1883 Totum
2261 1837 2439 1882 autent
2481 1828 2754 1899 pra‘ntimn
2787 1845 2881 1884 vos
2905 1831 3236 1887 lucrabimini
3259 1874 3273 1900 ,
3306 1835 3448 1904 quod
3475 1847 3626 1893 ante-

2040 1917 2145 1973 hac
2191 1917 2258 1973 ad
2303 1918 2537 1973 furorem
2587 1933 2756 1988 usque
2786 1919 3080 1975 orchestra:
3125 1921 3360 1990 addicti;
3414 1925 3485 1979 ob
3534 1927 3626 1982 Dei

2042 2008 2293 2063 timorem
2320 2018 2374 2063 et
2392 2008 2817 2064 cohortationcm
2840 2021 3100 2078 nostram,
3125 2027 3219 2068 vos
3237 2014 3304 2068 ab
3326 2013 3626 2085 hujusmodi

2045 2099 2232 2154 morbo
2256 2099 2503 2154 erueritis
2522 2140 2536 2165 ,
2558 2108 2610 2153 et
2641 2099 2869 2154 vinculis
2893 2101 3082 2155 solutis
3102 2142 3117 2167 ,
3140 2102 3207 2157 ad
3247 2103 3418 2160 Deunt
3443 2120 3630 2162 accur-

2045 2189 2243 2245 reritis.
2274 2188 2457 2260 Neque
2481 2189 2553 2245 ibi
2583 2191 2758 2246 solum
2787 2191 3088 2247 mercedem
3115 2194 3418 2265 recipietis;
3445 2213 3631 2255 verum

2046 2279 2206 2334 etiam
2235 2280 2287 2334 itt
2319 2279 2421 2335 hac
2460 2280 2562 2335 vita
2594 2296 2775 2336 veram
2828 2285 3227 2353 consequentini
3279 2288 3628 2358 voluptatein.

2047 2370 2191 2426 Talis
2219 2372 2417 2441 quippe
2445 2373 2613 2426 virtus
2643 2381 2727 2429 est
2777 2392 2792 2431 :
2845 2385 3042 2445 prreter
3070 2391 3298 2433 coronas
3346 2380 3499 2449 illas,
3545 2382 3633 2438 hic

2047 2478 2260 2535 quoque
2286 2479 2508 2520 suavem
2536 2466 2690 2521 nobis
2707 2466 2866 2521 vitam
2894 2480 3063 2537 parat.
3093 2469 3254 2525 Dictis
3270 2486 3405 2541 ergo
3426 2473 3634 2531 obtem-

2051 2569 2336 2624 peremus,
2365 2564 2422 2610 ut
2450 2555 2567 2612 luce
2605 2566 2660 2612 et
2690 2557 2777 2612 illa
2818 2573 3211 2630 consequamur
3253 2561 3427 2630 bona,
3459 2566 3633 2636 gratia

2049 2654 2103 2699 et
2149 2646 2516 2703 misericordia
2548 2647 2759 2702 Domini
2791 2651 2959 2704 nostri
2987 2650 3117 2706 Jesu
3144 2650 3383 2720 Christi,
3416 2657 3633 2726 quicum

2051 2736 2192 2791 Patri
2233 2737 2436 2808 gloria,
2485 2739 2751 2811 simulque
2793 2740 3012 2810 Spiritui
3064 2751 3291 2810 sancto,
3341 2746 3394 2801 itt
3439 2748 3635 2803 saecula

1953 2876 1964 2886 ,
2052 2827 2395 2883 saeculorum.
2427 2833 2619 2886 Amen.

371 2959 3635 2995 Μ

1678 3020 2024 3084 HOMILIA
2065 3023 2228 3085 LIX.

367 3163 501 3220 Car.
531 3164 585 3219 9.
610 3180 664 3219 v.
695 3160 784 3221 55.
807 3163 873 3218 Et
902 3165 1150 3236 ejeceruut
1179 3179 1292 3217 eum
1320 3166 1457 3233 foras
1476 3172 1557 3216 :et
1587 3164 1775 3218 audivit
1806 3165 1956 3220 Jesus

441 3273 563 3327 quia
583 3258 833 3328 ejecerttnt
854 3272 962 3311 eum
986 3260 1123 3322 foras
1148 3270 1165 3308 :
1185 3263 1361 3309 etcum
1382 3255 1646 3309 invenisset
1667 3273 1800 3321 eum,
1824 3257 1956 3311 dixit

438 3348 488 3401 ei
512 3346 628 3401 :Tu
663 3347 821 3402 credis
850 3348 903 3401 in
933 3345 1126 3400 Filium
1155 3345 1249 3399 Dei
1261 3346 1286 3399 1’
1314 3345 1401 3400 56.
1434 3344 1712 3415 Respondit
1758 3349 1802 3401 ei
1826 3390 1840 3417 ,
1890 3348 1957 3403 Et

444 3440 562 3508 quis
586 3448 677 3505 est,
708 3439 944 3503 Domine,
972 3448 1025 3493 ut
1050 3439 1249 3493 credam
1270 3438 1324 3492 in
1351 3438 1501 3492 eum?
1535 3447 1636 3493 etc.

446 3533 501 3586 1.
535 3529 873 3586 Contumelias
907 3529 1094 3585 Christi
1132 3546 1285 3583 causa
1323 3530 1565 3599 patientes
1603 3532 1853 3599 quomodo
1878 3549 1959 3587 rc-

372 3632 714 3678 munerentar.
753 3621 928 3678 Circus
957 3631 1105 3676 natus
1148 3623 1201 3674 in
1245 3621 1604 3687 discipulorum
1634 3621 1840 3675 chorum
1866 3624 1961 3676 ad—

370 3717 548 3771 scitus.
568 3715 754 3784 —Qui
785 3724 1003 3786 propter
1034 3713 1309 3767 veritatem
1353 3720 1407 3765 et
1433 3711 1631 3765 Christi
1661 3712 1958 3768 confessio-

373 3820 522 3871 nem,
567 3805 708 3860 malo
751 3806 832 3860 vel
882 3805 1204 3859 contumelia
1244 3802 1471 3871 quadam
1516 3802 1852 3870 afﬁciuntur,
1907 3805 1957 3859 hi

372 3897 608 3951 maxime
629 3911 658 3950 a
682 3897 791 3950 Deo
818 3896 1166 3950 honorantur.
1196 3894 1259 3949 Ut
1285 3895 1424 3947 enim
1448 3893 1535 3963 qni
1559 3903 1777 3964 prepter
1796 3895 1958 3949 Deutn

372 3987 631 4058 pecunias
663 3986 924 4057 perdidit,
966 3986 1053 4041 hic
1097 3986 1328 4039 maxime
1370 3984 1487 4038 illas
1530 3986 1760 4051 invenit;
1793 3994 1844 4039 et
1871 3987 1957 4055 qui

371 4081 495 4133 odit
522 4079 751 4133 animam
783 4093 930 4133 suatn
956 4119 970 4143 ,
1015 4078 1102 4132 hic
1126 4077 1459 4149 potissimum
1484 4075 1655 4147 diligit
1678 4078 1820 4131 illam
1847 4095 1860 4130 :
1885 4080 1963 4133 sic

373 4172 466 4241 qui
495 4171 815 4225 contumelia
849 4170 1077 4224 afﬁcitur
1099 4211 1112 4234 ,
1165 4170 1250 4223 hic
1277 4169 1607 4238 potissimum
1636 4169 1837 4224 honore
1864 4185 1960 4223 cu-

376 4264 644 4328 mulatur;
674 4262 724 4317 id
755 4262 896 4332 quod
924 4276 1066 4316 caeco
1087 4261 1294 4315 accidit.
1320 4260 1472 4314 Illum
1501 4260 1657 4329 igitur
1681 4276 1743 4314 cx
1767 4261 1964 4328 templo

373 4354 553 4412 Judaei
581 4355 876 4423 eiecerunt,
909 4363 963 4409 et
992 4354 1193 4408 invenit
1219 4352 1364 4406 illum
1396 4352 1575 4420 templi
1610 4350 1884 4406 Dominus.
1918 4351 1962 4404 Δ

376 4443 637 4514 pestifero
662 4459 916 4500 consessu
951 4445 1203 4499 liberatus
1223 4483 1239 4509 ,
1285 4440 1613 4497 salutiferam
1661 4440 1856 4495 fontem
1885 4450 1967 4494 est

375 4544 744 4606 consequutus
777 4553 791 4591 :
827 4536 1209 4590 dehonestatus
1252 4541 1336 4589 est
1372 4532 1441 4587 ab
1480 4531 1541 4587 iis
1578 4532 1665 4601 qui
1696 4530 1964 4587 Christum

376 4627 804 4684 deltonestarunt
829 4668 844 4694 ,
889 4636 944 4682 et
990 4627 1278 4681 honoratus
1320 4634 1401 4681 est
1429 4625 1496 4679 ab
1525 4626 1829 4694 angelorum
1861 4626 1965 4678 Do-

378 4720 550 4775 mino.
590 4718 713 4773 llaec
753 4727 881 4773 sunt
921 4718 1161 4774 veritatis
1200 4717 1439 4787 przemia.
1468 4716 1555 4771 Sic
1582 4725 1632 4772 et
1661 4730 1761 4771 nos
1799 4717 1840 4770 si
1883 4717 1966 4769 hic

378 4809 639 4880 pecunias
662 4810 1003 4875 amittamus,
1030 4809 1139 4864 illic
1170 4808 1413 4863 ﬁduciant
1442 4808 1776 4877 reperimus;
1807 4807 1850 4861 si
1882 4805 1968 4861 hic

379 4900 703 4957 mrumnosis
730 4901 1034 4971 largiamur,
1068 4901 1459 4970 requiescemus
1485 4902 1536 4954 in
1565 4901 1741 4965 cadis;
1775 4900 1816 4953 si
1843 4915 1967 4968 pro-

376 4977 506 5061 pter
536 4990 699 5048 Deum
727 4992 1066 5047 contumeliis
1092 4991 1417 5057 afﬁciatnur,
1460 5001 1514 5047 et
1544 4991 1629 5047 hic
1657 5002 1711 5047 et
1734 4992 1839 5045 illic
1868 4991 1966 5047 ho-

384 5097 574 5153 norem
600 5085 995 5154 consequimur.
1028 5083 1265 5153 Ejectum
1287 5097 1318 5137 e
1339 5085 1538 5152 templo
1569 5084 1766 5138 invenit
1791 5082 1966 5138 Jcsus.

383 5174 660 5245 Signiﬁcat
688 5176 1014 5245 evangelista
1054 5174 1174 5230 ideo
1204 5175 1431 5238 venisse,
1458 5183 1509 5228 ιιι
1541 5174 1615 5228 illi
1644 5184 1966 5229 occurreret.

386 5267 452 5320 Et
480 5266 760 5322 considera
787 5267 927 5337 quod
959 5267 1057 5336 ipsi
1091 5267 1363 5335 praemium
1390 5265 1627 5320 conferat
1651 5285 1663 5320 :
1687 5277 1843 5335 caput
1870 5267 1969 5322 bo-

386 5373 599 5412 norunt.
631 5358 700 5414 Se
729 5374 960 5428 namque
985 5359 1032 5412 ei
1062 5364 1245 5412 notum
1275 5357 1396 5412 facit
1429 5356 1576 5426 prius
1603 5358 1887 5426 ignoranti,
1918 5369 1973 5414 et

387 5461 511 5501 cum
552 5449 604 5503 in
635 5447 1019 5518 discipulorum
1048 5448 1270 5503 chorum
1309 5446 1553 5502 adscivit.
1584 5448 1664 5503 Tu
1693 5464 1817 5503 vero
1844 5465 1972 5505 con-

387 5537 593 5593 sidcres
633 5540 791 5593 velim
822 5539 1089 5609 quomodo
1126 5540 1240 5609 ejus
1282 5539 1605 5610 diligentiam
1650 5542 1970 5612 evangelista

389 5630 660 5684 exhibeat.
695 5632 789 5687 1110
819 5632 961 5686 enint
988 5633 1221 5698 dicente,
1251 5631 1327 5686 Tu
1353 5635 1512 5687 credis
1536 5635 1589 5689 in
1621 5634 1668 5689 F
1670 5637 1812 5690 ilium
1834 5636 1931 5691 Dei
1949 5641 1972 5692 1’

391 5720 720 5790 respondet,
762 5720 1012 5788 Domine,
1058 5725 1167 5792 quis
1195 5734 1268 5778 est
1291 5724 1316 5776 ?
1354 5724 1595 5780 Nondum
1627 5729 1768 5783 enim
1798 5730 1969 5799 ipsum

396 5820 571 5881 norat,
596 5811 703 5869 etsi
727 5824 940 5869 senatus
962 5854 978 5883 ,
1022 5817 1139 5887 quia
1169 5832 1340 5874 Circus
1368 5816 1533 5873 fuerat
1562 5821 1864 5892 priusquam
1906 5824 1971 5879 ad

2063 3168 2358 3226 beneﬁcum
2389 3174 2687 3240 accederet,
2718 3184 2772 3230 ct
2797 3186 2916 3245 post
2945 3188 3219 3247 receptum
3244 3182 3415 3239 visum
3445 3199 3474 3239 a
3496 3188 3643 3240 cani-

2061 3261 2160 3317 bus
2188 3262 2293 3317 illis
2325 3264 2654 3320 trahebatur.
2684 3266 2840 3322 Jesus
2870 3283 2997 3338 ergo
3028 3284 3124 3324 ceu
3158 3273 3475 3340 agonotlteta
3499 3278 3645 3344 quis-

2063 3356 2203 3424 piam
2230 3356 2482 3412 athletam
2505 3371 2627 3429 post
2649 3360 2847 3414 multos
2869 3361 3080 3416 labores
3101 3374 3410 3421 coronatum
3427 3370 3644 3438 excipit.

2063 3446 2129 3501 Et
2165 3448 2289 3517 quid
2315 3449 2479 3504 dicit?
2510 3450 2685 3506 Credis
2711 3453 2761 3506 in
2792 3450 2840 3505 F
2842 3454 2983 3507 ilium
3016 3453 3153 3508 Dei?
3187 3455 3323 3524 Quid
3356 3458 3495 3514 hoc?
3523 3462 3648 3517 Post

2064 3547 2263 3593 tantam
2288 3554 2409 3594 cum
2434 3539 2630 3595 Iudaeis
2653 3541 3093 3628 disceptqtionem
3119 3586 3133 3613 ,
3182 3557 3304 3615 post
3336 3556 3411 3603 tot
3452 3552 3609 3606 verba
3632 3595 3646 3614 .

2064 3627 2357 3699 interrogat
2385 3646 2509 3684 num
2538 3630 2764 3685 credat?
2792 3627 2906 3687 Non
2939 3633 3077 3704 quod
3110 3634 3358 3705 ignoret,
3387 3639 3481 3694 sed
3509 3644 3649 3712 quod

2063 3719 2189 3772 velit
2217 3734 2275 3773 se
2305 3728 2487 3776 notum
2526 3720 2740 3789 facere,
2788 3732 2841 3777 et
2878 3726 3059 3795 quanti
3098 3724 3257 3783 faciat
3296 3729 3410 3801 ejus
3452 3731 3642 3801 ﬁdem,

2065 3812 2371 3867 ostendere.
2419 3812 2501 3868 Me
2543 3816 2901 3882 contumelia,
2951 3817 3153 3888 inquit,
3209 3830 3383 3877 tantus
3425 3828 3651 3895 populus

2065 3902 2260 3971 atl'ccit,
2289 3904 2381 3959 sed
2406 3906 2535 3959 nihil
2566 3920 2724 3972 curo;
2771 3924 2932 3962 unum
2962 3921 3110 3979 apto,
3139 3920 3195 3965 ut
3226 3914 3431 3968 credas.
3469 3917 3653 3972 Melior

2066 3997 2261 4065 quippe
2286 4006 2367 4050 est
2395 4011 2532 4051 unus
2564 3998 2653 4067 qui
2700 3999 2823 4054 facit
2848 4000 3179 4055 voluntatem
3208 4003 3454 4070 Domini,
3492 4023 3650 4075 quant

2066 4085 2210 4140 tttiile
2240 4086 2403 4154 iniqui
2436 4086 2624 4156 (Eccli.
2662 4088 2746 4142 16.
2779 4089 2857 4157 5).
2890 4088 2967 4142 Tu
2997 4091 3160 4144 credis
3199 4093 3251 4145 in
3293 4091 3484 4148 Filium
3521 4096 3657 4154 Dei?

2066 4174 2136 4229 Ut
2164 4189 2398 4243 praesens
2428 4184 2481 4229 et
2505 4174 2645 4230 dicta
2672 4177 2960 4247 excipiens,
2987 4179 3065 4233 sic
3086 4181 3404 4253 interrogat;
3434 4194 3485 4239 ct
3509 4189 3654 4256 prius

2070 4266 2119 4319 itt
2155 4265 2245 4320 illo
2271 4265 2350 4319 sui
2375 4266 2699 4321 desiderium
2725 4269 2938 4322 excitat.
2969 4269 3085 4325 Non
3116 4269 3248 4327 dixit
3275 4275 3437 4340 enim,
3461 4277 3651 4333 Statim

2067 4359 2249 4426 crede,
2281 4360 2377 4416 sed
2408 4362 2771 4433 interrogavit.
2804 4363 2939 4431 Quid
2974 4364 3135 4435 igitur
3160 4366 3289 4421 ille?
3321 4367 3387 4421 Et
3410 4372 3521 4433 quis
3547 4383 3651 4436 cst,

2070 4450 2313 4520 Domine,
2346 4462 2401 4506 ut
2427 4453 2630 4507 credam
2671 4456 2723 4508 in
2753 4456 2910 4509 cum?
2950 4456 3196 4525 Optanlis
3221 4474 3283 4513 ac
3313 4460 3655 4519 vehementer

2070 4542 2425 4599 desiderantis
2447 4545 2687 4600 verbum.
2711 4546 2812 4601 Pro
2834 4562 2938 4617 quo
2958 4557 3100 4602 tanta
3124 4549 3372 4620 loquutus
3394 4563 3495 4619 cst,
3518 4553 3657 4611 hunc

2072 4633 2295 4703 ignorat,
2315 4644 2373 4689 ut
2392 4636 2568 4691 discas
2589 4653 2744 4707 qttattt
2768 4641 3003 4693 veritatis
3022 4656 3206 4695 amans
3227 4653 3387 4699 esset.
3413 4644 3654 4702 Nondum

2071 4727 2210 4780 enim
2244 4728 2417 4796 ipsum
2458 4728 2681 4784 viderat.
2711 4730 2796 4784 57.
2829 4730 2963 4784 Dicit
3005 4734 3049 4785 ei
3080 4748 3099 4786 :
3132 4732 3194 4786 Ift
3233 4735 3401 4789 vidisti
3442 4755 3573 4804 eum,
3613 4747 3656 4793 et

2071 4819 2154 4886 qui
2179 4819 2400 4889 loquitur
2429 4829 2589 4874 tecum
2615 4862 2629 4887 ,
2660 4820 2745 4874 ille
2770 4830 2860 4875 est.
2890 4821 3003 4876 Non
3033 4823 3200 4888 dixit,
3233 4825 3343 4895 ligo
3370 4842 3485 4881 sum
3511 4869 3524 4893 ,
3563 4829 3656 4882 sed

2072 4910 2346 4964 remissius
2377 4910 2551 4965 adhuc
2572 4953 2586 4976 ,
2638 4910 2704 4964 Et
2734 4912 2901 4965 vidisti
2931 4930 3060 4968 cum.
3103 4913 3234 4968 Illud
3268 4915 3441 4969 adhuc
3467 4918 3660 4971 obscu-

2074 5017 2188 5054 rum
2217 5010 2360 5067 erat;
2394 5002 2515 5056 ideo
2538 5003 2733 5056 clarius
2762 5003 2927 5065 addit,
2962 5006 3058 5068 Qui
3082 5004 3304 5073 loquitur
3333 5016 3490 5058 (ecum
3516 5048 3533 5072 ,
3572 5007 3660 5060 itte

2074 5102 2167 5148 est.
2204 5093 2499 5162 Respondit
2532 5093 2622 5147 ille
2651 5112 2664 5147 :
2692 5094 2779 5148 58.
2825 5092 2986 5148 Credo
3007 5135 3021 5160 ,
3073 5094 3282 5147 Domine
3318 5109 3332 5146 .'
3358 5104 3404 5148 et
3433 5096 3660 5150 adoravit

2074 5199 2184 5236 eum
2211 5185 2399 5236 statim.
2428 5183 2611 5253 Ncqttc
2640 5183 2803 5248 dixit,
2853 5172 2963 5252 Ego
2991 5199 3106 5237 sunt
3139 5183 3227 5252 qui
3255 5185 3435 5237 sanavi
3469 5193 3538 5248 te,
3570 5189 3658 5257 qui

2075 5275 2180 5328 dixi
2212 5276 2326 5340 tibi,
2366 5275 2529 5341 Vade,
2560 5276 2735 5328 lavare
2763 5275 2810 5328 itt
2844 5275 2990 5328 Siloe
3016 5292 3028 5326 ε
3055 5274 3148 5328 sed
3183 5274 3262 5328 his
3286 5275 3499 5330 silentio
3526 5278 3660 5333 tttis-

2076 5364 2149 5418 sis
2172 5404 2188 5430 ,
2237 5364 2309 5417 ait
2336 5382 2346 5416 :
2373 5364 2546 5418 Credis
2575 5364 2627 5417 in
2660 5362 2849 5416 Filium
2888 5362 3023 5414 Dei?
3055 5362 3257 5418 Deinde
3288 5364 3402 5432 ille,
3438 5367 3659 5422 multum

2077 5456 2334 5511 exhibens
2361 5456 2604 5510 aﬁ‘cctutn
2634 5496 2648 5520 ,
2691 5456 2867 5509 statim
2899 5455 3139 5510 adoravit
3164 5473 3283 5511 cum
3308 5461 3478 5528 :quod
3509 5463 3658 5531 pauci

2076 5563 2140 5600 ex
2174 5547 2238 5601 iis
2265 5547 2352 5616 qui
2384 5547 2551 5600 curati
2591 5553 2748 5610 sunt,
2787 5544 3061 5613 fecerunt,
3093 5559 3150 5602 ut
3177 5549 3372 5619 leprosi
3402 5552 3511 5619 illi,
3539 5554 3659 5606 etsi

2076 5638 2164 5708 qui
2203 5638 2290 5691 alii
2317 5655 2330 5690 :
2357 5638 2479 5691 hinc
2523 5637 2755 5692 ostendit
2793 5635 3027 5692 divinam
3076 5655 3226 5695 suam
3277 5643 3548 5698 virtutem.
3585 5643 3663 5699 Ne

2076 5731 2195 5798 quis
2222 5732 2364 5785 enim
2390 5738 2593 5798 putaret
2617 5728 2730 5784 haec
2755 5729 2914 5785 verba
2943 5741 3146 5787 tantum
3173 5749 3312 5801 esse,
3338 5734 3508 5803 ipsum
3532 5751 3663 5803 opus

2081 5823 2300 5878 adtulit.
2355 5822 2446 5877 Illo
2492 5831 2666 5877 autem
2717 5822 3009 5893 adorante,
3057 5823 3128 5879 ait
3169 5824 3450 5879 Christus:
3482 5826 3550 5878 δυ
3604 5824 3665 5872 lu
