4072 6152
445 361 552 433 525'

440 487 688 559 judicium
716 498 804 552 ego
834 479 942 533 veni
969 475 1019 529 in
1050 476 1316 536 mundum,
1348 484 1400 527 ut
1422 490 1520 526 non
1543 471 1760 526 videntes
1793 468 2021 530 rideant,

446 557 495 634 et
527 578 611 648 qui
639 576 804 628 vident
824 613 838 636 ,
879 571 997 624 eieci
1027 570 1170 638 ﬁant.
1217 566 1446 636 ldipsum
1477 564 1672 619 Paulus
1699 562 1862 616 dicit:
1891 557 2026 624 Quid

446 685 564 737 ergo
608 663 862 718 dicimus?
898 659 1047 726 Quod
1093 668 1258 730 gentes
1305 674 1407 710 non
1452 664 1706 724 sequentes
1740 651 2024 723 justitiam,

446 763 743 825 acceperunt
781 752 1065 823 justitiam,
1104 748 1358 820 justitiam
1401 754 1567 799 autem
1596 758 1706 813 quae
1734 751 1802 796 est
1830 756 1892 794 ex
1927 738 2028 806 ﬁds

447 847 574 901 Jesu
604 862 622 898 :
649 843 812 898 Israel
851 852 1016 895 autem
1065 854 1270 908 sequens
1311 838 1471 907 legem
1505 834 1753 906 justitite,
1793 833 1844 884 in
1875 831 2030 900 legem

445 935 660 1004 iustitiae
685 951 784 988 non
813 932 940 986 venit
968 931 1145 1000 (Rom.
1191 928 1246 982 9.
1283 927 1396 996 '50).
1427 925 1559 980 Cum
1605 923 1736 977 dixit
1765 919 2032 981 Christus,

452 1028 518 1083 In
539 1029 791 1098 justitiam
813 1025 922 1079 veni
946 1025 1000 1077 in
1021 1024 1154 1076 hunc
1181 1020 1459 1084 mundum;
1485 1025 1536 1073 et
1563 1017 1710 1071 illum
1739 1013 1860 1068 ﬁdei
1885 1021 2034 1066 lena-

456 1121 656 1174 cini-em
685 1117 857 1172 effecit
879 1157 894 1181 ,
940 1125 995 1170 et
1034 1121 1317 1183 sequentes
1343 1125 1401 1166 se
1427 1107 1678 1164 excitavit
1702 1125 1715 1162 :
1742 1120 1862 1160 nam
1891 1103 2033 1159 Pha-

455 1211 594 1266 risaei
627 1209 983 1279 sequebantur
1010 1206 1191 1270 illum,
1235 1204 1302 1257 In
1335 1201 1588 1272 judicium
1632 1212 1791 1269 porro
1818 1201 1934 1263 est,
1980 1195 2033 1248 in

457 1302 632 1370 majus
663 1298 1014 1369 supplicium;
1060 1295 1346 1351 ostendens
1371 1309 1464 1347 eos
1488 1292 1580 1361 qui
1609 1305 1666 1345 se
1688 1290 2032 1352 damnarent,

455 1409 575 1447 esse
604 1392 910 1454 damnatos,
939 1398 992 1444 et
1017 1389 1107 1458 qui
1134 1402 1192 1442 se
1218 1395 1550 1456 peccatorem
1592 1381 2033 1451 pronuntiarent,

459 1487 602 1552 ipsos
632 1498 752 1538 esse
779 1491 996 1552 peccato
1024 1477 1304 1532 obnoxios.
1330 1476 1425 1530 llic
1449 1489 1577 1529 vero
1601 1472 1868 1542 duplicem
1891 1469 2036 1523 visus

458 1575 845 1628 restitutionem
874 1581 926 1627 et
946 1570 1210 1639 duplicem
1237 1567 1530 1622 caecitatem
1559 1570 1836 1624 memorat,
1867 1558 2037 1613 sensi-

459 1665 619 1720 biletn
647 1679 840 1733 nempe
864 1704 879 1729 ,
918 1670 972 1716 et
997 1659 1346 1730 spiritualein.
1373 1657 1506 1710 Tum
1535 1654 1716 1708 dicunt
1747 1650 1796 1706 ei
1822 1649 2036 1720 quidam

454 1767 516 1805 ex
569 1745 932 1818 sequentibus
962 1761 976 1797 :
1011 1743 1100 1797 40.
1133 1737 1406 1810 Numquid
1447 1747 1495 1792 et
1527 1754 1619 1792 nos
1662 1739 1787 1793 caeci
1821 1733 2042 1790 sumus?

458 1841 521 1893 Et
547 1847 605 1894 ut
635 1839 760 1892 alibi
789 1837 1066 1900 dicebant,
1097 1831 1313 1886 Nemini
1339 1830 1645 1885 seruiuimus
1669 1843 1936 1899 unquam;
1965 1834 2041 1893 et,

459 1932 582 1986 Non
615 1946 681 1986 ex
721 1930 1070 2000 fornicatione
1103 1927 1218 1981 nati
1253 1941 1435 1980 sumus
1477 1920 1658 1976 Noun.
1690 1921 1743 1976 8.
1780 1921 1868 1975 '55.
1906 1916 1995 1990 Η)
2026 1933 2041 1968 :

466 2025 537 2076 ita
565 2033 617 2078 et
649 2037 788 2077 nunc
815 2019 1155 2076 scnsibilibtts
1182 2025 1384 2072 tantum
1412 2012 1638 2080 inhiant,
1664 2022 1718 2067 et
1748 2011 1902 2081 hujus
1924 2011 2043 2066 illos

469 2116 698 2187 pudebat
737 2113 1010 2169 caecitatis.
1061 2110 1260 2165 Deinde
1307 2109 1596 2163 ostendens
1648 2106 1838 2160 melius
1888 2119 2040 2171 esse,

467 2211 610 2279 ipsos
638 2221 757 2260 esse
780 2218 952 2259 caecos
969 2217 1127 2273 quam
1151 2200 1351 2265 videre,
1372 2200 1444 2253 ait
1468 2217 1480 2252 :
1501 2199 1590 2253 41.
1620 2198 1679 2252 Si
1711 2197 1828 2252 ι’ωεὶ
1852 2196 2040 2260 essetis,

468 2318 567 2355 non
592 2298 836 2353 haberetis
867 2307 1143 2368 percolunt.
1167 2295 1299 2349 Cum
1325 2294 1679 2348 calamitatem
1706 2292 1871 2356 illam,
1901 2291 2049 2361 igno-

469 2392 686 2446 miniam
717 2404 835 2444 esse
866 2397 1110 2458 putarent
1137 2429 1149 2452 ,
1181 2385 1232 2441 id
1265 2387 1315 2440 in
1344 2387 1576 2456 ipsorum
1601 2395 1757 2456 caput
1787 2383 2049 2438 convertit

470 2485 688 2547 dicens,
739 2481 853 2536 Hoc
883 2480 1034 2535 vobis
1082 2479 1408 2534 tolerabilius
1438 2477 1683 2532 redderet
1710 2474 2046 2546 supplicium.

474 2576 548 2630 Ita
579 2589 789 2642 semper
813 2570 1075 2626 humanos
1115 2583 1305 2624 sensus
1348 2577 1590 2634 resecat,
1632 2577 1686 2622 et
1711 2566 1776 2622 ad
1804 2580 2050 2635 magnam

474 2664 874 2732 inirabilenique
911 2662 1284 2732 cogitationem
1323 2661 1497 2729 erigit.
1545 2658 1700 2713 Nunc
1751 2666 1916 2712 autent
1967 2673 2052 2711 vos

473 2758 640 2813 videre
677 2757 858 2810 dicitis.
891 2755 1039 2810 Sicut
1070 2754 1139 2809 ibi
1179 2753 1336 2822 dicit,
1381 2752 1540 2818 Quem
1563 2769 1650 2807 vos
1670 2751 1907 2807 dicebatis
1933 2751 2054 2822 quia

476 2852 613 2907 Deus
642 2862 796 2907 vester
825 2861 896 2905 est
923 2851 1037 2905 :sic
1062 2849 1236 2904 ethoc
1261 2849 1397 2914 loco,
1426 2847 1576 2901 Nune
1595 2857 1761 2900 autem
1785 2863 1869 2900 vos
1891 2846 2057 2900 videre

475 2945 639 2998 dicitis
669 2957 691 2998 :
719 2957 891 3012 neque
938 2941 1078 2996 enim
1127 2939 1336 2994 videtis.
1382 2938 1477 2992 llic
1513 2938 1654 3007 quod
1688 2937 1787 2992 sibi
1825 2936 2056 2990 maxime

479 3033 619 3089 laudi
643 3049 764 3089 esse
796 3032 1224 3097 arbitrabantur,
1266 3029 1320 3084 id
1361 3029 1619 3098 supplicio
1658 3026 1774 3082 fore
1800 3025 2052 3081 ostendit.

482 3129 544 3180 Et
563 3141 760 3180 caecum
790 3131 967 3178 natum
994 3121 1060 3178 de
1084 3121 1259 3191 priore
1287 3119 1524 3174 caecitate
1547 3117 1883 3172 consolatur:
1912 3123 2059 3186 post-

481 3233 542 3270 ea
562 3217 628 3272 de
645 3216 859 3271 illorum
883 3215 1118 3270 caecitate
1141 3213 1389 3283 loquitur.
1411 3210 1736 3266 Nedicerent
1754 3207 1922 3263 enim:
1944 3205 2057 3261 Non

485 3325 552 3364 ex
578 3309 816 3364 edacitate
842 3309 1106 3377 provenit,
1130 3303 1272 3376 quod
1299 3303 1366 3358 ad
1393 3312 1444 3358 te
1468 3318 1572 3357 non
1600 3301 1934 3367 accedamus,
1965 3299 2059 3354 sed

484 3413 534 3453 te
559 3409 615 3453 ut
640 3398 979 3468 deceptorcm
1005 3409 1349 3458 aversamur‘,
1379 3409 1436 3448 ea
1467 3394 1636 3447 solum
1660 3393 1724 3446 de
1747 3407 1806 3446 re
1825 3390 2054 3446 disserit.

552 3489 607 3543 2.
654 3488 764 3544 Nec
797 3489 910 3543 sine
938 3502 1094 3542 causa
1125 3485 1450 3554 evangelista
1479 3483 1733 3548 narravit,
1763 3481 2061 3536 Pharisaros

481 3581 762 3651 quosdam,
782 3581 869 3650 qui
893 3595 1012 3634 cum
1033 3579 1123 3633 illo
1141 3588 1313 3642 erant,
1339 3575 1453 3630 haec
1473 3573 1738 3628 audivisse
1757 3588 1820 3627 ac
1840 3571 2058 3638 dixisse,

488 3671 750 3742 Numquid
772 3681 815 3724 ct
847 3685 936 3724 nos
962 3669 1082 3723 (τωεί
1108 3683 1280 3721 sumus
1299 3665 1325 3719 ?
1352 3665 1444 3720 sed
1477 3673 1531 3718 ut
1554 3663 1644 3718 tibi
1671 3664 1724 3718 in
1753 3663 2061 3716 memoriam

485 3770 765 3818 revocaret
789 3776 880 3816 eos
912 3761 1055 3830 ipsos
1076 3774 1218 3824 esse,
1241 3758 1331 3828 qui
1355 3766 1477 3810 ante
1503 3755 1570 3809 ab
1595 3754 1684 3808 illo
1709 3761 2060 3816 recesserant,

485 3856 739 3925 illumque
773 3853 1100 3922 lapidabant.
1129 3851 1289 3904 Erant
1316 3848 1458 3902 enim
1488 3846 1699 3915 quidam
1729 3845 1815 3913 qui
1848 3845 2064 3913 perfun-

483 3947 650 4000 ctorie
680 3944 1055 4014 sequebantur,
1091 3949 1144 3994 et
1172 3937 1325 3994 facile
1353 3938 1406 3990 in
1441 3935 1764 3990 contrarium
1789 3933 2066 3987 verteban-

487 4048 589 4090 tur.
625 4036 899 4092 Undeuam
932 4047 1059 4102 ergo
1085 4047 1144 4086 se
1176 4029 1383 4102 probat,
1417 4042 1520 4082 non
1549 4025 1890 4093 deceptorcm
1913 4065 1928 4090 ,
1970 4021 2066 4077 sed

486 4139 753 4198 pastorem
796 4127 958 4182 ease?
1000 4125 1190 4180 Allatis
1233 4122 1478 4191 utrinque
1523 4118 1734 4174 indiciis
1758 4126 1811 4172 et
1839 4117 2067 4186 pastoris

485 4233 540 4277 ct
565 4221 882 4288 dcccptoris,
905 4228 960 4273 et
981 4218 1103 4273 hinc
1130 4217 1234 4271 illis
1255 4213 1593 4285 explorandae
1620 4209 1856 4266 veritatis
1880 4223 2066 4263 ansam

488 4314 710 4384 praebet.
759 4313 824 4366 Et
870 4311 1040 4380 primo
1068 4309 1188 4378 quis
1219 4307 1290 4361 sit
1329 4306 1583 4374 deceptor
1613 4311 1667 4357 et
1694 4301 1778 4355 l'ur
1803 4299 2064 4365 ostendit,

487 4422 555 4460 ex
582 4404 869 4473 Scripturis
911 4403 990 4457 sic
1019 4414 1214 4454 vocans
1249 4397 1400 4452 illum
1442 4397 1523 4449 bis
1550 4393 1724 4448 verbis
1753 4392 1900 4463 (Cap.
1940 4389 2025 4461 10)
2051 4405 2064 4442 :

489 4499 544 4550 1.
576 4495 754 4558 Amen,
783 4509 928 4546 amen
958 4491 1070 4543 dico
1098 4490 1254 4552 vobis,
1279 4488 1364 4558 qui
1391 4502 1490 4539 non
1515 4485 1668 4537 intrat
1699 4499 1787 4553 per
1813 4484 1990 4536 ostium
2017 4481 2070 4534 in

489 4587 618 4638 ovile
648 4584 832 4646 ovium,
861 4581 950 4635 sed
974 4580 1198 4632 ascendit
1237 4575 1473 4639 aliunde,
1505 4575 1590 4627 ille
1618 4573 1703 4642 [ur
1743 4582 1815 4626 est
1840 4581 1886 4626 et
1918 4571 2066 4624 latro.

493 4674 626 4728 Vide
648 4672 868 4726 latronis
891 4673 1068 4740 signa;
1102 4669 1292 4738 primo,
1322 4681 1430 4720 non
1463 4663 1632 4734 palam
1643 4663 1849 4732 jntrat;
1877 4677 2068 4717 secun-

494 4765 585 4831 do,
615 4778 720 4817 non
750 4777 842 4830 per
865 4762 1253 4830 Scripturarum
1284 4754 1640 4812 testimonium
1664 4772 1675 4807 :
1703 4753 1802 4807 hoc
1825 4751 1966 4806 enim
1990 4759 2073 4807 est

497 4872 600 4912 non
630 4854 832 4910 intrare
859 4867 953 4922 per
979 4851 1195 4905 ostium.
1231 4848 1329 4904 llic
1353 4862 1514 4918 porro
1539 4857 1592 4901 et
1622 4844 1712 4915 qui
1739 4842 1949 4898 luerunt
1971 4883 1986 4909 ,
2019 4850 2074 4897 et

493 4951 583 5021 qui
613 4948 772 5004 futuri
796 4955 950 5002 erant
969 4943 1187 5009 indicat,
1207 4940 1614 5006 Antichristum,
1634 4938 1795 4992 falsos
1809 4933 2070 5001 Christos,

493 5043 682 5098 ludam
711 5047 764 5096 et
787 5037 1085 5100 ’I‘heudam,
1114 5043 1169 5090 et
1191 5034 1324 5088 alios
1364 5028 1698 5101 hujusmodi;
1738 5027 1857 5098 jure
1896 5035 2072 5081 autem

499 5136 695 5191 Ostium
735 5132 1038 5202 Scripturas
1067 5136 1239 5182 vocat.
1282 5126 1374 5182 Ha:
1413 5137 1641 5194 namque
1668 5137 1764 5176 nos
1796 5119 1863 5176 ad
1905 5119 2073 5174 Deum

495 5227 714 5292 ducunt,
743 5235 798 5280 et
821 5225 910 5279 Dei
931 5222 1286 5293 cognitionem
1307 5219 1583 5289 aperiunt:
1603 5215 1684 5269 lite
1704 5228 1833 5269 oves
1856 5212 2074 5276 faciunt,

500 5321 582 5371 lia:
610 5317 909 5372 custodiunt
937 5359 953 5384 ,
1003 5331 1101 5370 nec
1126 5315 1278 5383 lupos
1306 5309 1509 5382 ingredi
1540 5309 1739 5363 sinunt.
1782 5306 2077 5373 Tamquam

501 5411 643 5463 enim
685 5418 854 5463 tutum
889 5411 1082 5464 ostium
1106 5449 1121 5474 ,
1170 5406 1451 5461 lucreticos
1477 5403 1544 5456 ab
1570 5401 1814 5471 ingressu
1859 5407 2076 5462 arcent,

504 5515 704 5571 uosque
745 5502 796 5556 in
842 5503 1122 5556 securitate
1150 5515 1250 5571 qua
1279 5499 1526 5552 volumus
1567 5495 1933 5557 constituunt,
1983 5506 2082 5546 nec

431 5625 438 5634 -
506 5593 683 5644 sinunt
716 5605 920 5644 errare.
951 5591 1016 5645 Et
1039 5591 1083 5645 si
1113 5591 1213 5644 hoc
1239 5589 1437 5644 ostium
1469 5602 1573 5642 non
1617 5585 1908 5656 pendamus
1931 5624 1944 5648 ,
1976 5597 2080 5634 nou

511 5684 710 5738 erimus
756 5681 983 5738 inimicis
1027 5691 1186 5750 captu
1235 5682 1435 5736 faciles.
1486 5680 1620 5737 llinc
1664 5691 1778 5743 eos,
1828 5674 1914 5744 qni
1961 5686 2084 5724 vere

513 5785 771 5849 pastores,
793 5782 845 5830 et
866 5774 954 5844 qui
975 5787 1078 5828 non
1105 5781 1342 5841 pastores
1363 5781 1504 5836 sunt,
1523 5783 1921 5841 cognoscemus.
1946 5762 2082 5829 Quid

1182 361 1234 416 S.
1277 357 1551 416 JOANNIS
1590 353 2057 415 CIIRVSOSTOMI
2094 352 2408 410 ARCIIIEP.
2449 348 2975 410 CONS'IANTINOP.

3605 350 3706 414 321

2130 461 2232 520 sibi
2257 466 2366 519 vult
2390 475 2565 522 autem
2589 511 2602 533 ,
2637 467 2701 522 In
2729 471 2896 525 ovile?
2922 472 2978 526 Id
3016 481 3126 538 est,
3163 475 3241 531 Ad
3273 480 3534 538 curandas
3557 499 3706 544 oves.

2131 553 2230 620 Qui
2265 556 2408 610 enim
2452 572 2601 613 sacra
2648 575 2753 615 non
2797 564 2960 617 utitur
3005 564 3308 636 Scriptura,
3354 573 3446 627 sed
3496 576 3709 634 aliunde

2129 651 2402 716 ascendit;
2434 652 2485 707 id
2514 664 2615 720 est,
2647 655 2735 724 qui
2771 657 2870 711 sibi
2898 659 3054 713 aliam
3082 671 3134 716 et
3161 679 3265 716 non
3293 673 3544 721 statutam
3572 670 3710 726 viam

2135 743 2306 810 aperit
2332 761 2344 797 :
2371 742 2454 796 hic
2482 743 2564 798 lur
2588 756 2688 799 est.
2724 747 2910 802 Viden‘
2940 749 3063 806 hinc
3088 767 3207 807 eum
3237 769 3355 808 cum
3394 758 3550 814 Patre
3579 775 3710 816 con-

2136 833 2335 888 sentire
2355 873 2370 898 ,
2410 833 2536 889 dum
2579 835 2882 906 Scripturas
2909 842 2960 895 in
2990 843 3221 898 medium
3249 846 3435 902 all‘ert?
3475 850 3600 905 Ideo
3622 852 3716 909 δυ·

2138 920 2268 977 daais
2294 923 2524 990 dicebat,
2549 927 2863 984 Scrutamini
2893 932 3186 1003 Scripturas
3213 935 3389 1007 (Joan.
3426 943 3480 997 5.
3504 942 3630 1010 59);
3664 956 3716 1001 ct

2139 1013 2355 1086 Moysen
2397 1017 2452 1071 in
2481 1019 2716 1074 medium
2749 1021 2974 1078 adduxit
3002 1025 3056 1078 iu
3081 1035 3304 1094 testem,
3354 1047 3562 1086 necnon
3595 1051 3717 1104 pro—

2141 1105 2328 1175 phetas
2358 1122 2564 1164 omnes.
2591 1110 2794 1177 Omnes,
2828 1114 3016 1186 inquit,
3047 1118 3136 1188 qui
3160 1121 3372 1174 audiunt
3405 1126 3680 1194 praphetas
3699 1169 3714 1192 ,

2141 1198 2332 1252 venient
2359 1200 2428 1252 ad
2463 1217 2584 1265 me;
2625 1213 2711 1270 et,
2761 1204 2822 1258 Si
2847 1207 3115 1262 crederetis
3143 1209 3349 1280 Moysi,
3379 1214 3645 1270 crederetis
3674 1227 3718 1271 et

2142 1291 2267 1343 mihi
2292 1289 2451 1363 (Ibid.
2479 1308 2526 1346 υ.
2549 1294 2658 1363 46).
2689 1296 2788 1350 Hic
2813 1312 2971 1367 porro
3001 1300 3126 1355 illud
3157 1302 3325 1370 ipsum
3355 1307 3718 1375 metaphorice

2143 1383 2310 1450 ponit.
2334 1383 2468 1438 Cum
2518 1384 2653 1440 dixit
2700 1395 2898 1456 autem,
2955 1390 3193 1446 Ascendit
3239 1395 3466 1462 aliunde,
3515 1399 3719 1453 scribas

2144 1470 2533 1538 subindicavit,
2575 1476 2695 1546 quia
2725 1477 2986 1534 docebant
3020 1493 3303 1551 praecepta,
3329 1484 3602 1542 doctrinas
3625 1488 3719 1542 lio--

2143 1562 2344 1616 minum
2382 1563 2596 1635 (Matth.
2627 1567 2714 1622 15.
2743 1567 2821 1639 9),
2863 1578 2918 1624 et
2962 1571 3130 1642 legem
3168 1576 3717 1645 transgrediebantur,

2143 1653 2285 1722 quod
2321 1656 2447 1723 ipsis
2485 1657 2811 1726 exprobrans
2853 1659 3060 1717 dicebat
3084 1682 3097 1717 :
3122 1665 3284 1720 Nemo
3328 1676 3546 1720 oestrum
3598 1671 3720 1739 facit

2147 1750 2302 1816 legem
2324 1750 2498 1825 (Joan.
2529 1749 2711 1821 7.19).
2737 1753 2813 1810 Ac
2834 1757 2999 1825 probe
3019 1757 3170 1824 dixit,
3200 1758 3455 1825 Ascendit,
3483 1776 3608 1828 non,
3639 1762 3722 1816 Iu-

2147 1840 2402 1909 greditur,
2425 1844 2565 1912 quod
2593 1854 2674 1899 est
2698 1845 2829 1900 furis
2859 1849 3113 1916 parietem
3142 1851 3451 1921 supergredi
3482 1853 3720 1919 nitentis,

2149 1939 2336 1985 etcum
2360 1933 2596 2001 periculo
2609 1935 2784 1988 omnia
2799 1934 3252 1993 lacientis.Videu'
3271 1941 3537 2009 quomodo
3553 1941 3719 1997 iurem

2149 2021 2591 2092 descripsitilam
2614 2027 2839 2094 pastoris
2868 2027 3118 2083 indicium
3145 2029 3722 2100 animadverte.Quod-

2151 2128 2273 2167 nam
2305 2113 2430 2168 illud
2472 2117 2595 2170 est?
2635 2117 2688 2170 2.
2734 2117 2833 2181 Qui
2870 2119 3024 2173 intrat
3066 2136 3156 2189 per
3201 2121 3415 2188 ostium,
3459 2135 3630 2192 pastor
3653 2133 3727 2179 est

2151 2206 2335 2259 ovium.
2369 2208 2420 2261 5.
2455 2206 2585 2264 Huic
2609 2208 2842 2263 ostiarius
2868 2211 3048 2279 aperit,
3095 2220 3143 2265 et
3181 2227 3344 2267 vocem
3367 2215 3474 2284 ejus
3498 2232 3609 2270 oves
3636 2235 3728 2269 auc

2153 2299 2316 2364 diunt,
2346 2307 2392 2352 et
2417 2301 2648 2370 praprias
2672 2311 2813 2354 vocat
2837 2303 3169 2369 nominatim;
3195 2305 3250 2358 4.
3281 2314 3326 2358 et
3353 2322 3467 2360 cum
3492 2324 3575 2361 eas
3601 2309 3725 2362 cmi-

2153 2392 2311 2456 serit,
2357 2401 2474 2444 ante
2499 2408 2584 2446 eas
2613 2393 2768 2448 vadit.
2798 2391 2993 2448 Indicia
3033 2395 3210 2464 posuit
3235 2404 3288 2450 et
3311 2398 3540 2466 pastoris
3570 2407 3624 2452 et
3655 2397 3728 2451 la-

2157 2481 2342 2535 tronis.
2390 2480 2675 2537 Videamus
2713 2497 2818 2553 quo
2862 2493 3016 2554 pacto
3045 2485 3148 2541 illis
3175 2487 3450 2556 sequentia
3481 2488 3725 2556 applicet.

2157 2570 2316 2637 Huic,
2347 2572 2535 2643 inquit,
2565 2575 2802 2629 ostiarius
2827 2577 3008 2645 aperit.
3041 2575 3097 2630 In
3137 2577 3446 2648 metaphora
3473 2580 3729 2649 persistit,

2156 2672 2217 2718 ut
2260 2666 2640 2735 significantius
2682 2667 2946 2738 loquatur.
2999 2668 3151 2736 Quod
3191 2671 3235 2724 si
3268 2672 3535 2741 parabolae
3572 2671 3730 2728 verba

2158 2756 2362 2826 singula
2407 2758 2686 2827 explorare
2732 2759 2897 2824 velis,
2946 2759 3080 2815 nihil
3116 2760 3293 2815 obstat
3330 2763 3612 2831 quominus
3649 2763 3733 2818 hic

2158 2846 2435 2902 ostiarium
2481 2849 2837 2918 intelligamus
2865 2850 3101 2922 Moysen.
3132 2849 3207 2904 Illi
3239 2866 3466 2922 namque
3503 2853 3597 2906 Dei
3625 2853 3732 2907 clo-

2160 2940 2282 3008 quia
2311 2939 2509 2995 credita
2536 2951 2678 3009 sunt,
2704 2943 2856 3012 cujus
2881 2958 3065 2998 vocem
3093 2959 3220 2998 oves
3247 2944 3482 3008 audiunt,
3517 2943 3581 2996 Et
3609 2961 3734 3012 pro-

2162 3029 2301 3098 prias
2343 3039 2484 3084 vocat
2525 3033 2838 3086 nominatim.
2885 3031 3017 3088 Cum
3058 3034 3200 3089 enim
3239 3032 3385 3088 illum
3429 3034 3736 3102 frequenter

2162 3121 2499 3191 deceptorcm
2528 3133 2798 3190 vocarent,
2829 3125 2986 3195 idque
3013 3139 3078 3181 ex
3106 3124 3470 3181 incredulitate
3491 3140 3583 3179 sua
3607 3140 3738 3180 con-

2164 3212 2438 3268 lirmareut
2479 3213 2748 3279 dicentes,
2786 3215 2910 3281 Quis
2949 3217 3237 3286 principum
3278 3215 3490 3271 credidit
3534 3218 3586 3270 in
3624 3235 3736 3272 eum

2169 3301 2346 3374 (Joan.
2378 3304 2429 3358 7.
2463 3305 2590 3374 48)?
2622 3321 2726 3360 non
2756 3321 2821 3361 ex
2851 3307 3084 3375 ipsorum
3121 3307 3492 3363 incredulitate
3515 3323 3606 3371 se,
3644 3308 3737 3361 sed

2166 3394 2286 3450 illos
2327 3394 2638 3466 dereptores
2663 3405 2717 3451 et
2746 3399 3072 3470 perniciosos
3110 3413 3230 3453 esse
3277 3399 3546 3453 vocandus
3576 3398 3698 3452 dicit
3719 3435 3734 3460 ,

2165 3487 2306 3558 quod
2334 3489 2431 3542 sibi
2462 3505 2566 3544 non
2596 3489 2933 3545 atlenderent
2955 3531 2968 3554 ,
3000 3505 3063 3544 ac
3093 3489 3313 3560 proinde
3339 3505 3406 3544 ex
3433 3489 3610 3543 ovium
3640 3506 3737 3543 nu-

2167 3595 2316 3634 mero
2337 3579 2457 3650 jure
2495 3579 2649 3650 ejecti
2679 3589 2876 3635 essent.
2905 3579 3036 3634 Nam
3065 3582 3109 3634 si
3141 3580 3369 3649 pastoris
3401 3590 3482 3634 est
3509 3595 3603 3648 per
3631 3589 3738 3633 sta-

2170 3681 2336 3727 tutum
2379 3672 2580 3743 ingredi
2609 3672 2803 3728 ostium
2823 3714 2838 3738 ,
2865 3680 2918 3726 et
2942 3671 3055 3741 ipse
3081 3687 3175 3742 per
3201 3668 3302 3726 hoc
3332 3672 3600 3741 ingressus
3627 3680 3738 3735 est;

2168 3764 2259 3834 qui
2281 3772 2573 3834 sequuntur
2600 3779 2802 3828 omnes,
2836 3778 2964 3818 oves
2987 3777 3105 3818 esse
3137 3770 3414 3836 poterunt;
3446 3761 3536 3831 qui
3562 3771 3737 3815 autem

2169 3867 2227 3908 se
2252 3861 2668 3923 scquestraruut,
2699 3868 2800 3908 non
2826 3851 2944 3907 ideo
2971 3853 3167 3921 pastori
3197 3867 3447 3918 nocuere,
3474 3851 3568 3906 sed
3595 3866 3653 3906 se
3678 3865 3740 3905 ex

2171 3945 2352 3999 ovium
2381 3945 2634 4000 societate
2673 3944 3062 4013 disjunxerunt.
3093 3943 3243 4010 Quod
3268 3944 3313 3997 si
3339 3959 3398 3998 se
3425 3957 3536 4013 ipse
3563 3952 3741 4012 postea

2171 4036 2366 4090 ostium
2391 4034 2550 4100 dicit,
2581 4050 2735 4089 nemo
2762 4034 3135 4104 perturbetur:
3161 4049 3282 4088 nam
3312 4048 3370 4088 se
3396 4043 3450 4088 et
3479 4042 3743 4101 paSlUI‘t'lll

2173 4127 2296 4182 dicit
2337 4134 2391 4180 et
2431 4141 2619 4189 ovem,
2661 4123 2952 4179 secundum
2993 4123 3231 4178 diversas
3269 4122 3582 4177 oeconomiae
3636 4138 3746 4175 sua:

2173 4219 2425 4273 rationes.
2465 4216 2595 4271 Nam
2625 4215 2836 4285 quando
2879 4229 2976 4270 nos
3023 4215 3166 4268 Patri
3211 4212 3400 4278 otl'ert,
3442 4227 3500 4266 se
3548 4213 3744 4266 OSlitltII

2174 4311 2437 4382 appellat;
2470 4324 2589 4364 cum
2613 4307 2779 4364 nostri
2809 4321 2989 4362 curam
3011 4307 3163 4376 gerit,
3188 4315 3474 4374 pastorem.
3500 4302 3578 4357 Ne
3606 4306 3746 4358 enim

2175 4405 2345 4458 solum
2372 4404 2486 4473 ejus
2515 4417 2647 4471 opus
2675 4415 2794 4456 esse
2824 4406 2976 4468 putes
2996 4439 3009 4465 ,
3047 4396 3185 4468 quod
3233 4411 3329 4450 nos
3357 4396 3499 4450 Patri
3529 4395 3745 4460 ollerat,

2175 4510 2232 4550 se
2260 4504 2522 4565 pastorem
2554 4501 2726 4548 vocat.
2751 4491 2818 4545 Et
2837 4508 2950 4546 oves
2975 4505 3140 4543 vocem
3165 4489 3273 4558 ejus
3298 4487 3531 4553 audiunt,
3557 4498 3602 4541 et
3630 4504 3748 4556 pra-

2177 4587 2313 4657 prias
2338 4601 2450 4639 oves
2470 4595 2629 4649 vocat,
2659 4593 2704 4637 et
2727 4583 2892 4637 educit
2923 4598 3006 4636 eas
3027 4622 3041 4646 ,
3074 4589 3119 4633 et
3155 4589 3272 4633 ante
3296 4595 3380 4632 eas
3407 4579 3560 4632 vadit.
3594 4577 3748 4647 Atqui

2177 4684 2360 4730 contra
2384 4717 2397 4741 ,
2429 4683 2666 4744 pastores
2696 4682 2987 4744 sequuntur
3016 4684 3162 4724 oves.
3189 4668 3390 4723 Verum
3422 4669 3510 4723 ille
3530 4711 3542 4731 ,
3581 4676 3638 4721 ut
3663 4683 3750 4719 os-

2179 4767 2361 4822 tendat
2375 4781 2433 4820 se
2452 4779 2637 4820 omnes
2658 4765 2723 4818 ad
2746 4765 3021 4818 veritatem
3043 4761 3390 4816 deducturum
3409 4776 3549 4821 esse.
3568 4769 3752 4815 contra

2179 4865 2451 4930 pastorum
2478 4870 2681 4910 morem
2708 4854 2815 4924 agit
2839 4871 2851 4906 :
2877 4861 3125 4908 utautem
3153 4867 3272 4905 cum
3296 4865 3425 4905 oves
3451 4849 3647 4911 emisit,
3678 4848 3754 4916 (α)

2184 4951 2312 5022 (non
2345 4957 2522 5013 extra,
2567 4945 2662 5001 sed
2699 4946 2752 5000 in
2797 4944 3027 4999 medium
3074 4942 3316 5011 luporum
3359 4939 3581 5010 emisit).
3622 4937 3751 4994 Nam

2181 5043 2336 5113 longe
2360 5038 2654 5094 mirabilior
2681 5044 2860 5091 nostra
2889 5035 3003 5089 haec
3032 5033 3312 5103 pastoralis
3340 5047 3466 5086 cura
3497 5040 3601 5085 est.

2251 5137 2303 5192 5.
2332 5133 2398 5187 1η
2438 5148 2536 5204 quo
2561 5130 2892 5199 distinguatur
2921 5143 3062 5180 verus
3087 5125 3314 5180 Christus
3354 5140 3385 5176 a
3427 5124 3570 5193 falsis
3614 5121 3755 5176 Chri-

2179 5228 2287 5282 stis.
2314 5256 2384 5267 —
2408 5224 2629 5279 Videtur
2655 5229 2829 5275 autem
2872 5217 2998 5272 mihi
3029 5215 3116 5270 hic
3157 5231 3355 5270 caecum
3398 5213 3718 5268 subindicari
3743 5251 3756 5274 ,

2181 5333 2338 5389 quem
2365 5316 2573 5371 vocavit
2599 5329 2664 5368 ex
2696 5310 2872 5365 medio
2901 5307 3225 5369 Judaeorum,
3251 5315 3304 5360 et
3329 5306 3418 5360 ille
3441 5318 3622 5358 vocem
3647 5302 3759 5370 ejus

2181 5409 2381 5465 audivit
2405 5417 2459 5462 et
2484 5405 2648 5460 novit.
2682 5404 2732 5458 5.
2765 5401 2997 5455 Alienum
3034 5415 3146 5452 vero
3189 5415 3288 5452 non
3320 5407 3616 5468 sequuntur,
3679 5397 3760 5447 uia

2184 5504 2462 5556 alienorum
2484 5513 2648 5552 vocent
2676 5495 2917 5549 nesciunt.
2947 5493 3043 5548 llic
3067 5491 3300 5546 Theudae
3334 5500 3425 5543 aut
3445 5489 3596 5544 ludas
3618 5505 3760 5542 asse-

2185 5593 2296 5648 clas
2321 5592 2448 5646 dicit
2472 5590 2625 5659 (nam
2655 5588 2926 5656 Quotquot,
2961 5583 3156 5654 inquit,
3189 5585 3242 5636 in
3273 5583 3392 5636 illos
3423 5582 3762 5643 crediderunt,

2253 5708 2325 5766 la)
2358 5713 2470 5764 Qua:
2509 5703 2698 5752 uncinis
2722 5699 3026 5760 clauduntur,
3054 5699 3098 5746 in
3118 5697 3405 5760 quibusdam
3429 5702 3532 5744 Mss.
3573 5690 3753 5743 onissa

2180 5775 2310 5818 sunt.
