4072 6152
388 307 495 372 ΩΞ

1406 291 1477 374 ῐΝ
1515 315 1830 376 mmmam
1862 304 2103 393 nomn.
2138 311 2275 368 1.1x.
2318 312 2388 369 al.
2432 311 2608 367 mu.

3546 306 3655 363 δὲέν

383 432 526 486 ἀλλά
565 432 734 503 μέσος
772 431 853 487 ἔτι
898 435 992 489 καί
1034 434 1436 507 ύπεσταλμένος
1462 449 1520 478 ι·
1556 437 1664 492 Καί
1707 432 1971 503 ἑώρακας
2075 429 2175 493 τὰς
2200 431 2423 502 Γραφάς
2448 448 2461 465 ·
2498 430 2657 485 τοῦτο
2690 431 2799 504 γάρ
2828 432 2942 486 ἐστι
2970 432 3053 496 τὸ,
3091 430 3188 499 Μὴ
3205 427 3303 484 διὰ
3327 423 3653 507 τῆςθύριις.

384 513 592 565 αὐτόν.
627 510 799 564 Τοῦτο
826 513 906 565 ἔτι
944 512 1137 585 ἄδηλον
1167 510 1234 586 ἦν
1254 532 1267 545 ο
1298 514 1376 569 διὸ
1413 516 1474 568 τὸ
1503 515 1834 585 σαφέστερον
1874 512 1970 562 ἐπ-

386 592 599 659 ἢγαγεν
619 607 633 620 ·
676 591 729 643 Ὀ
755 590 965 645 λαλῶν
987 594 1137 662 μετὰ
1174 593 1309 658 σοῦ,
1342 592 1570 661 ἐκεῖνός
1595 594 1745 648 ἐστι.
1774 591 1965 656 Λέγει·

389 669 681 734 Πιστεύω,
704 671 911 739 Κύριεο
942 672 1040 726 καί
1070 674 1530 741 προσεκύνησεν
1549 672 1709 738 αὐτῷ
1732 668 1969 735 εὐθέως·

393 747 505 824 καὶ
533 748 635 801 οὐκ
665 743 841 812 εἶπεν,
875 749 1017 819 Ἐγώ
1052 753 1167 822 εἰμι
1211 754 1240 806 ό
1271 752 1691 824 τεθεραπευκὼς
1729 767 1810 813 σε,
1846 749 1875 801 δ
1900 747 1977 799 εἰ·-

392 823 511 878 πών
560 842 679 891 σοι,
708 829 960 898 Ὕπαγε,
1009 830 1183 900 νίψαι
1229 833 1315 896 εἰς
1364 823 1472 886 τὸν
1519 830 1792 900 Σιλωάμο
1841 824 1978 881 ἀλλὰ

391 904 574 958 πάντα
624 907 810 960 ἐκεῖνα
863 910 1128 978 σιγήσας,
1176 909 1309 982 φησί
1332 926 1346 941 ·
1390 910 1698 973 Πιστεύεις
1739 909 1827 973 εἰς
1873 906 1978 958 τὸν

403 982 544 1036 Υἰὸν
576 983 684 1038 τοῦ
718 984 908 1050 Θεοῦ;
938 983 1071 1042 Εἶτα
1112 988 1211 1059 τὴν
1254 987 1455 1059 πολλὴν
1494 986 1733 1041 διάθεσιν
1772 982 1976 1055 ἐμφαίο

390 1076 501 1114 νων
528 1064 938 1135 προσεκύνησεν
962 1066 1165 1130 εὐθέως
1187 1083 1202 1097 ·
1236 1068 1373 1138 ὅπερ
1401 1065 1572 1134 ὀλίγοι
1608 1063 1717 1119 τῶν
1752 1062 1979 1131 τεθερα-

393 1142 685 1210 πευμένων
719 1143 1002 1214 ἐποίησαν,
1034 1138 1147 1197 οἷον
1168 1144 1218 1197 οἰ
1243 1144 1454 1216 λεπροὶ,
1487 1143 1582 1196 καὶ
1602 1142 1655 1196 εί
1676 1158 1758 1204 τις
1786 1139 1944 1202 ἀλλος
1961 1155 1976 1170 ο

394 1217 485 1270 ϐιά
523 1216 715 1272 τούτου
742 1220 1023 1290 ἐμφαίνων
1066 1221 1232 1276 αὐτοῦ
1270 1223 1369 1292 τὴν
1403 1222 1554 1275 θείαν
1583 1219 1832 1290 δύναμιν.
1861 1219 1980 1271 Ἵνα

398 1294 508 1373 τὰρ
552 1297 626 1366 μή
652 1313 737 1360 τις
766 1299 963 1371 νομίσῃ
999 1300 1151 1373 ῥῆμα
1197 1301 1357 1371 μόνον
1382 1295 1519 1353 εῖναι
1558 1299 1619 1352 τὺ
1647 1297 1853 1368 λεχθὲν,
1886 1295 1981 1349 καὶ

395 1372 461 1427 τδ
486 1372 644 1445 ἔργον
665 1377 997 1448 προσέθηκε.
1023 1379 1506 1449 Προσκυνήσαντος
1527 1376 1584 1431 δὲ
1607 1377 1793 1438 αὐτοῦ,
1817 1373 1982 1445 φησὶν

401 1452 429 1505 ό
453 1452 684 1523 Χριστός
704 1472 718 1486 ’
747 1459 853 1523 Εἰς
878 1456 1056 1527 κρῖμα
1082 1456 1197 1527 ἐγὼ
1231 1454 1423 1527 ἦλθον
1452 1460 1540 1523 εἰς
1568 1456 1677 1511 τὸν
1727 1456 1981 1524 κόσμον,

398 1527 504 1583 ἵνα
534 1533 589 1585 οἰ
616 1532 704 1600 μὴ
740 1534 1082 1601 βλέποντες
1108 1534 1410 1599 βλέπωσι,
1444 1535 1542 1589 καί
1571 1537 1624 1589 οἰ
1646 1533 1986 1599 ,ϐλέποντες

398 1610 618 1677 τυφλοὶ
647 1614 955 1681 γένωνται.
986 1612 1157 1668 Τοῦτο
1197 1615 1289 1669 καὶ
1319 1614 1532 1679 Παῦλὸς
1574 1629 1738 1685 φησιο
1775 1614 1836 1666 Τί
1872 1608 1986 1668 οὖν

401 1685 692 1755 ἐροῦμεν;
713 1693 833 1746 Ὀτι
860 1693 1005 1761 ἔθνη
1042 1694 1112 1748 τὰ
1133 1691 1220 1762 μὴ
1242 1693 1531 1747 διώκοντα
1565 1691 1984 1758 δικαιοσύνην,

402 1764 696 1822 κατέλαϐε
745 1768 1162 1839 δικαιοσύνην,
1206 1771 1605 1839 δικαιοσύνην
1648 1769 1718 1823 δὲ
1762 1768 1878 1835 τὴν
1917 1770 1987 1822 ἐκ

403 1843 667 1911 πίστεως
704 1847 896 1915 Ἰησοῦ
924 1848 952 1888 δ
973 1864 986 1879 ’
1022 1848 1261 1918 Ἰσραὴλ
1304 1849 1372 1903 δὲ
1416 1847 1644 1903 διώκων
1679 1846 1867 1916 νόμον
1902 1845 1989 1899 δι-

402 1924 756 1990 καιοσύνης.
792 1928 879 1992 εἰς
906 1929 1094 1997 νόμον
1136 1928 1526 1996 δικαιοσύνης
1558 1928 1669 1981 οὐκ
1698 1926 1985 1995 ἔφθασεν.

404 1996 593 2077 Εἰπὼν
628 2002 709 2064 δὲ,
733 2006 838 2069 Εἰς
883 2004 1059 2074 κρῖμα
1098 2004 1214 2075 ἐγὼ
1247 2001 1439 2077 ἦλθον
1483 2007 1571 2071 είς
1609 2004 1718 2058 τὸν
1756 2004 1991 2073 κόσμον

401 2075 643 2143 τοῦτον,
685 2082 935 2136 κάκεῖνον
974 2075 1328 2156 σφοδρότερον
1371 2083 1500 2154 περὶ
1528 2084 1628 2155 τὴν
1661 2082 1844 2137 πίστιν
1874 2085 1990 2153 εἰρ-

405 2156 633 2223 γάσατο,
678 2163 772 2213 καὶ⁵
798 2161 1114 2234 διανέστησε
1159 2165 1285 2227 τοὺς
1327 2162 1752 2226 ἀκολουθοῦντας
1805 2161 1986 2231 αὐτῷ’

401 2235 500 2289 καὶ
545 2237 656 2309 γὰρ
695 2240 1023 2309 ἠκολούθουν
1073 2242 1224 2313 αύτῷ
1271 2243 1573 2312 Φαρισαῖοι.
1626 2241 1698 2294 Τὸ
1746 2241 1834 2304 δὲ,
1887 2242 1992 2305 Εἰς

405 2314 607 2383 κρῖμα,
639 2319 721 2381 εἰς
754 2320 978 2389 μείζονα
1007 2319 1225 2374 κόλασιν
1250 2319 1403 2388 ἔλεγε
1423 2335 1437 2350 ·
1467 2319 1678 2383 δεικνὺς
1708 2320 1789 2372 ὅτι
1821 2319 1871 2371 οἱ
1903 2334 1993 2370 κα-

405 2394 799 2462 ταδικάσαντες
818 2400 1004 2463 αὐτὸν,
1033 2401 1188 2453 αὐτοί
1207 2402 1343 2452 εἰσιν
1361 2400 1410 2452 οί
1440 2396 1959 2467 καταδεδικασμένοι
1975 2410 1988 2424 ·

408 2473 462 2525 οί
498 2476 592 2526 καὶ
623 2474 699 2538 ὡς
737 2478 1058 2549 ἁμαρτωλὸν
1097 2477 1555 2549 κατακρίναντες,
1583 2475 1735 2529 αὕτοί
1778 2477 1915 2528 εἰσιν
1944 2477 1992 2527 οἰ

412 2557 893 2626 κατακεκριμένοι.
935 2556 1202 2612 Ἐνταῦθα
1239 2557 1297 2610 δέ
1338 2555 1434 2609 δύο
1479 2555 1628 2624 λέγει
1667 2554 1995 2624 ἀναϐλέψεις

414 2629 517 2682 καὶ
536 2630 630 2685 δύο
653 2633 1004 2704 τυφλότητας,
1031 2636 1130 2707 τήν
1158 2652 1219 2687 τε
1247 2633 1532 2705 αἰσθητὴν,
1559 2635 1658 2704 τήν
1686 2650 1746 2685 τε
1771 2633 1990 2703 νοητήν.

414 2708 682 2775 Λέγουσιν
708 2710 856 2782 αὐτῷ
876 2712 942 2764 ἐκ
962 2711 1071 2764 τῶν
1097 2709 1530 2765 ἀκολουθούντων
1566 2707 1716 2779 αὑτῷ
1734 2726 1747 2741 ·
1774 2709 1867 2776 Μὴ
1896 2708 1995 2762 καί

415 2785 591 2854 ἡμεῖς
627 2790 847 2857 τυφλοί
895 2790 1119 2857 teper;
1153 2790 1363 2860 Ὥσπερ
1412 2784 1565 2859 ἱὸίθ]
1604 2787 1837 2857 ἀλλαχοῦ
1879 2788 1995 2841 ἐλε-

415 2879 515 2931 γον
533 2881 548 2897 ⁸
596 2867 809 2920 Οὐδενί
859 2866 1337 2937 δεδουλεύκαμεν
1389 2864 1624 2920 πώποτε
1644 2882 1660 2897 ο
1703 2868 1799 2920 Ἐκ
1850 2883 1996 2935 πορ-

418 2944 590 3010 νείας
618 2947 690 2999 οὐ
738 2947 1171 3017 γετεννήμεθαυ
1201 2946 1345 2999 οὕτω
1377 2947 1471 2999 καὶ
1502 2945 1599 2999 νῦν
1634 2947 1769 3016 πρὸς
1812 2946 1879 2999 τὰ
1913 2946 1998 2998 αἰ-

421 3021 595 3093 σθητά
635 3026 901 3095 κεχήνασι
956 3026 1138 3096 μόνον,
1184 3026 1279 3079 καὶ
1333 3024 1537 3095 ταύτην
1581 3022 1999 3094 ἐπαισχύνονται

417 3100 522 3169 τὴν
571 3103 840 3173 πήρωσιν.
868 3100 999 3157 Εἶτα
1039 3104 1252 3167 δεικνὺς
1286 3105 1368 3157 ὅτι
1397 3104 1605 3175 βέλτιον
1636 3104 1872 3173 τυφλοὺς
1902 3103 2000 3156 αὑ-

416 3181 546 3245 τοὺς
580 3175 777 3254 εἶναιῆ
811 3181 1125 3253 βλέποντας,
1158 3183 1352 3254 φησίν·
1383 3186 1450 3236 Εἰ
1477 3184 1689 3253 τυφλοί
1728 3179 1854 3254 ἦτε,
1889 3183 2001 3236 οὐκ

417 3257 500 3312 ἂν
539 3261 732 3330 εἴχετε
765 3263 1079 3332 ἁμαρτίαν.
1115 3261 1345 3332 Ἐπειδὴ
1379 3262 1639 3333 αἰσχύνης
1672 3263 1733 3315 τὸ
1768 3264 2001 3334 πρᾶγμα

419 3336 673 3409 ἐνόμιζον
699 3337 859 3406 εἶναι,
891 3343 989 3412 τὴν
1008 3340 1350 3412 συμφοράνο,
1382 3341 1737 3412 περιέτρεψεν
1766 3340 1896 3392 αὐτὸ
1922 3341 2001 3403 εἰς

415 3417 523 3487 τὴν
559 3420 737 3472 αὐτῶν
788 3420 1049 3490 κεφαλὴν,
1092 3419 1283 3483 εἰπὼν,
1322 3420 1405 3473 ὅτι
1434 3418 1604 3472 Τοῦτο
1644 3420 2003 3489 άνεκτοτέραν

421 3495 557 3567 ύμῖν
598 3497 761 3569 ἔφερε
792 3499 891 3570 τὴν
936 3500 1177 3561 κόλασιν,
1229 3497 1504 3569 πανταχοῦ
1550 3499 1896 3567 περικόπτων
1935 3496 2004 3550 τὰ

421 3574 745 3646 ἀνθρώπινα
771 3580 1114 3649 φρονήματα,
1138 3577 1232 3630 καὶ
1258 3579 1334 3641 εἰς
1363 3576 1569 3631 ἔννοιαν
1589 3576 1736 3644 ἄγων
1765 3575 2005 3646 μεγάλην

421 3654 520 3707 καὶ
552 3653 896 3727 θαυμαστήν.
927 3656 1057 3711 Νῦν
1075 3653 1144 3708 δὲ
1177 3655 1274 3709 καί
1301 3654 1528 3721 λέγετε,
1556 3653 1643 3707 ὅτι
1672 3653 2003 3721 Βλέπομεν.

424 3732 642 3805 Ὠσπερ
675 3737 792 3787 ἐκεῖ
837 3752 1022 3807 φησιν,
1074 3736 1183 3787 ’ον
1228 3733 1397 3801 ὑμεῖς
1435 3732 1690 3802 ἐλέγετε,
1741 3732 1830 3785 ὄτι
1864 3732 2008 3797 Θεὸς

424 3810 597 3879 ὑμῶν
627 3808 728 3883 ἦν,
753 3812 896 3867 οῦτω
922 3814 985 3885 δὴ
1020 3813 1112 3867 καὶ
1140 3811 1376 3865 ἐνταῦθα
1397 3830 1410 3843 ο
1437 3811 1567 3865 Νῦν
1601 3810 1669 3864 δὲ
1690 3810 1895 3880 λέγετε
1922 3810 2009 3862 ἔτι

418 3889 688 3954 ,βλέπετε
710 3907 725 3923 ο
755 3892 816 3944 οὐ
844 3892 953 3963 γὰρ
1001 3892 1247 3960 βλέπετε.
1297 3889 1558 3944 Ἐνταῦθα
1588 3890 1725 3959 ὅπερ
1762 3889 2008 3958 ἐνόμιζον

428 3967 712 4040 ἐγκώμιον
738 3966 879 4023 εἶναι
917 3970 1081 4040 μέγα,
1100 3969 1256 4022 τοῦτο
1288 3968 1556 4022 δείκνυσιν
1584 3968 1766 4032 αὐτοῖς
1787 3968 2009 4021 κόλασιν

427 4048 618 4117 φέρον.
660 4049 772 4102 Καὶ
807 4048 950 4119 ὑπὲρ
996 4048 1095 4118 τῆς
1130 4047 1404 4118 προτέρας
1437 4047 1495 4100 δέ
1528 4044 1828 4118 πηρώσεως
1862 4062 2009 4117 παρ·

430 4125 753 4196 εμυθήσατο
784 4126 875 4179 τὸν
907 4128 971 4179 ἐκ
991 4129 1218 4196 γενετῆς
1236 4125 1456 4194 τυφλόν
1476 4121 1597 4178 εἶτα
1625 4127 1752 4196 περὶ
1781 4125 1883 4194 τῆς
1910 4142 2005 4177 τυο

425 4203 696 4275 φλότητος
725 4205 904 4259 αὐτῶν
925 4204 1256 4271 διαλέγεται.
1284 4204 1400 4256 Ἵνα
1420 4203 1529 4274 γὰρ
1551 4203 1624 4272 μὴ
1658 4202 1906 4271 λέγωσιν.
1934 4204 2008 4255 Ού

430 4282 588 4354 παρά
618 4285 718 4355 τὴν
747 4282 1022 4354 ἡμετέραν
1044 4282 1294 4351 πήρωσιν
1325 4281 1384 4333 οὐ
1419 4280 1858 4350 προσερχόμεθα,
1895 4281 2009 4333 ἀλλ’

423 4361 508 4424 ὡς
543 4361 744 4416 πλάνον
778 4360 1071 4431 φεύγοντες
1105 4357 1590 4429 ἀποστρεφόμεθα,
1642 4359 1784 4430 ὑπὲρ
1819 4357 2011 4412 τούτου

425 4441 613 4494 πάντα
636 4442 867 4494 ποιεῖται
884 4440 976 4493 τὸν
1009 4439 1185 4507 λόγον.

505 4517 572 4588 β’.
596 4519 710 4589 Οὐχ
740 4518 928 4581 ἁπλῶς
943 4518 1043 4571 δέό
1068 4516 1459 4589 εύαγγελιστὴς
1483 4518 1909 4589 ἐμνημόνευσεν,
1930 4521 2011 4572 ὅτι

434 4600 681 4670 ἥκουσαν
705 4600 769 4651 ἐκ
794 4597 901 4651 τῶν
919 4597 1227 4668 Φαρισαίων
1249 4596 1421 4650 ταῦτα
1440 4599 1487 4650 οἰ
1514 4599 1632 4668 μετ’
1653 4597 1816 4650 αὑτοῦ
1837 4598 2008 4664 ὄντες,

426 4677 526 4732 καὶ
547 4672 710 4730 εἶπαν
730 4692 743 4707 ο
769 4676 865 4744 Μὴ
898 4678 994 4730 καὶ
1016 4676 1187 4745 ἡμεῖς
1207 4675 1428 4746 τυφλοί
1446 4676 1634 4746 ἐσμεν
1652 4692 1670 4740 ;
1697 4676 1813 4730 ἀλλ’
1844 4678 1930 4730 ἵνα
1951 4694 2011 4730 σε

427 4756 746 4826 ἀναμνήσῃ.
781 4756 862 4809 ὃτι
897 4746 1044 4808 οὗτοι
1076 4756 1274 4808 ἐκεῖνοι
1314 4751 1456 4826 ἦσαν
1482 4757 1532 4809 οἱ
1575 4756 1839 4828 πρότερον
1876 4758 2012 4810 ἀπο-

431 4837 685 4898 στάντες,
735 4829 857 4888 εἰτα
900 4833 1243 4896 λιθάσαντες.
1285 4829 1462 4888 Ἦσαν
1492 4834 1600 4905 γάρ
1638 4851 1781 4897 τινες
1830 4837 2014 4889 ἐπιπο-

427 4914 600 4977 λαίως
625 4912 1068 4977 ἀκολουθοῦντες,
1110 4915 1207 4965 καί⁹
1244 4913 1441 4983 ῥᾳδίως
1476 4915 1555 4976 εἰς
1580 4912 1887 4966 τούναντίον
1916 4931 2014 4983 με-

429 4991 848 5061 ταϐαλλόμενοι.
879 4990 1050 5043 Πόθεν
1080 4986 1173 5042 οὖν
1201 4988 1618 5053 κατασκευάζει,
1654 4992 1736 5044 ὅτι
1773 4994 1870 5044 οὐκ
1899 4992 2015 5045 ἐστι

433 5072 658 5134 πλάνος,
683 5069 820 5123 ἀλλὰ
848 5070 1084 5140 ποιμήν;
1108 5069 1233 5125 Θεὶς
1251 5069 1317 5121 τὰ
1341 5069 1698 5139 γνωρίσματα
1726 5071 2011 5142 ἐκατέρου,

433 5151 533 5205 καὶ
565 5149 661 5203 τοῦ
698 5149 977 5219 ποιμένος,
1013 5149 1105 5202 καὶ
1135 5147 1229 5200 τοῦ
1254 5146 1455 5200 πλάνου
1477 5150 1569 5200 καὶ
1592 5148 1891 5218 λυμεῶνος,
1922 5153 2016 5204 καὶ

436 5228 532 5282 ἀπ’
569 5228 750 5281 αὐτῶν
783 5227 1041 5296 παρέχων
1068 5228 1254 5288 αὐτοῖς
1282 5223 1559 5291 ἐξετάζειν
1597 5227 1696 5297 τὴν
1729 5228 1837 5280 τῶν
1877 5246 2017 5300 πρα-

432 5308 664 5377 γμάτων
697 5306 980 5376 ἀλήθειαν.
1016 5307 1126 5358 Καὶ⁹
1165 5304 1429 5375 πρότερον
1455 5306 1537 5368 τίς
1568 5307 1596 5358 ὁ
1641 5305 1839 5370 πλάνος
1872 5310 1965 5361 καὶ
1990 5313 2018 5364 ὁ

437 5386 678 5456 κλέπτης
714 5385 1009 5451 δείκνυσιν,
1045 5384 1152 5437 ἀπὸ
1180 5384 1412 5454 Γραφῶν
1454 5384 1615 5440 αὐτὸν
1648 5385 1789 5440 οὕτω
1839 5387 2018 5440 καλῶν

436 5465 533 5516 καὶ
554 5464 728 5532 λέγων
754 5478 767 5491 ⁸
808 5462 1008 5532 Ἀμὴν,
1038 5462 1203 5531 ἀμὴν
1226 5462 1380 5531 λέγω
1400 5464 1561 5534 ὑμῖν,
1586 5468 1619 5518 o'
1641 5464 1727 5534 μὴ
1760 5467 2018 5534 εἰσερχό·

433 5559 619 5613 μενος
643 5542 741 5596 διὰ
766 5541 876 5609 τῆς
889 5543 1072 5611 θύρας
1094 5544 1180 5605 εἱς
1201 5542 1315 5609 τὴν
1337 5544 1539 5608 αὐλὴν
1553 5543 1669 5597 τῶν
1688 5545 2015 5610 προϐάτων,

438 5621 601 5676 ἀλλὰ
617 5623 833 5676 ἀναϐαί
836 5638 957 5674 νων
974 5622 1335 5689 ἀλλαχόθεν,
1357 5621 1584 5689 ἐκεῖνος
1601 5626 1867 5690 κλέπτης
1886 5624 2020 5677 ἐστὶ

440 5700 541 5753 καί
566 5700 825 5769 λῃστής.
853 5700 996 5770 Ὅρα
1016 5700 1084 5752 τά
1106 5699 1373 5768 δείγματα
1392 5700 1486 5753 τοῦ
1508 5701 1707 5774 λῃστοῦ
1728 5719 1741 5730 ’
1777 5702 2015 5771 πρῶτον,

439 5777 526 5830 ότι
552 5780 611 5832 ού
654 5777 942 5851 παρρησίᾳ
991 5778 1326 5848 εἰσέρχεται·
1358 5779 1632 5851 δεύτερον,
1676 5782 1757 5834 ὅτι
1782 5782 1842 5834 ού
1877 5781 2018 5834 κατά

507 5869 693 5936 :Savil.
717 5876 769 5920 et
791 5871 932 5936 cpdd,
955 5870 1065 5936 705,
1087 5870 1178 5919 706
1205 5872 1512 5933 ιιέσως...ύπ.
1541 5878 1566 5916 b
1582 5873 1739 5931 Ἰησοῦ
1761 5887 1852 5921 um.
1880 5873 2012 5936 vulg.

446 5931 469 5958 °
499 5931 593 5987 ’Ϊήν
616 5933 858 5993 ουιιτοράν
884 5934 964 5982 hic
981 5931 1253 5984 redundare
1277 5942 1489 5994 putatur.

2093 508 2357 563 Ἐνταῦθα
2390 509 2448 563 δέ
2483 511 2576 563 καὶ
2599 512 2727 574 τοὺς
2751 503 2855 582 πρὸ
2878 509 3044 563 αὐτοῦ
3073 511 3389 569 αἰνίττεται,
3416 505 3511 557 καὶ
3531 503 3659 582 τούς

2085 586 2202 655 μετ’
2242 587 2407 641 αὐτὸν
2437 588 2728 659 ἐσομένους
2747 605 2759 618 ·
2796 580 2888 642 τόν
2927 606 2987 642 τε
3023 588 3390 659 Ἀντίχριστον
3411 583 3504 637 καὶ
3530 580 3659 643 τοὺς

2084 662 2540 737 ψευδοχρίστους·
2577 667 2669 720 τόν
2721 683 2781 719 τε
2828 666 3029 721 Ἰούδαν
3062 666 3155 719 καὶ
3192 663 3418 726 Θευδᾶν,
3466 661 3562 715 καὶ
3611 660 3664 714 τί

2081 758 2226 806 τινες
2248 744 2426 815 ἐτεροι
2446 744 2678 798 τοιοῦτοι
2703 746 3007 813 γεγόνασιν.
3028 744 3265 806 Εἰκότως
3279 743 3335 795 δὲ
3356 741 3542 809 θύραν
3560 741 3662 802 τὰς

2085 820 2309 890 Γραφάς
2343 823 2621 878 ἐκάλεσεν.
2661 820 2829 879 Αῦται
2859 825 2969 896 γὰρ
3016 825 3161 895 ἡμᾶς
3212 824 3544 893 προσάγουσι
3582 818 3662 889 τῷ

2086 898 2226 970 Θεῷ,
2258 901 2352 955 καὶ
2376 901 2476 970 τὴν
2510 901 2839 972 θεογνωσίαν
2864 903 3198 972 ἀνοίγουσιν·
3234 896 3392 955 αὗται
3413 898 3661 970 πρόϐατα

2087 978 2356 1043 ποιοῦσιν,
2394 974 2556 1034 αὗται
2604 983 2955 1050 φυλάττουσι,
3005 982 3099 1035 καὶ
3146 981 3272 1042 τοὺς
3315 977 3509 1040 λύκους
3564 979 3665 1032 οὐκ

2087 1056 2316 1125 ἀφιᾶσιν
2342 1059 2697 1114 ἐπεισελθεῖν.
2724 1059 2991 1131 Καθάπερ
3003 1060 3109 1131 γάρ
3131 1072 3215 1118 τις
3236 1056 3375 1129 θύρα
3392 1055 3663 1124 ἀσφαλὴς,

2088 1136 2263 1203 οὕτως
2285 1136 2566 1191 ἀποκλείει
2586 1140 2700 1202 τοῖς
2729 1138 3024 1209 αίρετικοῖς
3037 1138 3136 1207 τὴν
3151 1135 3379 1197 εἴσοδον,
3409 1135 3467 1188 ἐν
3489 1134 3666 1202 ἀσφοτ-

2090 1213 2211 1287 λείᾳ
2232 1214 2548 1269 καθιστῶσα
2569 1218 2715 1287 ἡμᾶς
2742 1216 2869 1286 περὶ
2885 1211 2959 1270 ὧν
2982 1216 3048 1270 ἂν
3078 1212 3400 1286 βουλώμεθα
3426 1211 3665 1276 πάντων,

2096 1294 2191 1347 καὶ⁵
2222 1294 2323 1347 οὐκ
2357 1294 2502 1347 ἐῶσα
2537 1294 2858 1350 πλανᾶσθαι.
2888 1295 3005 1349 Κᾶν
3035 1293 3110 1366 μὴ
3141 1291 3542 1365 παραλύσωμεν
3570 1289 3670 1345 αύ-

2091 1372 2213 1443 τὴν,
2276 1372 2377 1427 οὐκ
2434 1373 2673 1444 ἐσόμεθα
2722 1374 3035 1443 εὐχείρωτοι
3097 1375 3210 1436 τοῖς
3273 1370 3507 1443 ἐχθροῖς.
3568 1367 3669 1422 Διά

2091 1449 2297 1522 ταύτης
2328 1449 2570 1515 καὶτοὺς
2597 1451 2862 1522 ποιμένας
2895 1450 3137 1514 καὶτοὺς
3155 1450 3216 1504 οὐ
3249 1448 3512 1520 ποιμένας
3533 1445 3672 1500 εἰσό-

2097 1528 2237 1600 μεθα
2261 1530 2532 1594 ἅπαντας.
2559 1530 2624 1582 Τί
2650 1530 2707 1583 δέ
2727 1533 2895 1594 ἐστιν,
2914 1533 3019 1596 Εἰς
3043 1529 3157 1598 τὴν
3173 1527 3411 1594 αὐλήν;
3433 1526 3577 1598 Πρὸς
3598 1526 3669 1580 τά

2092 1607 2341 1679 πρόϐατα
2378 1608 2473 1662 καὶ
2502 1607 2600 1678 τὴν
2641 1608 2865 1662 ἐκείνων
2894 1609 3170 1679 πρόνοιαν.
3218 1608 3274 1660 '0
3302 1606 3412 1678 γὰρ
3448 1604 3523 1676 μὴ
3551 1606 3671 1667 ταῖς

2092 1685 2337 1756 Γραφαῖς
2362 1685 2661 1758 χρώμενος,
2679 1686 2813 1740 ἀλλά
2835 1686 3144 1741 ἀναϐαίνων
3167 1684 3456 1755 ἀλλαχόθεν
3475 1699 3487 1713 ’
3511 1698 3670 1737 τουτ-

2095 1765 2261 1831 ἐστιν,
2304 1765 2496 1836 ἑτέραν
2544 1764 2723 1836 ἐαυτῷ
2762 1767 2857 1819 καὶ
2906 1764 2980 1835 μὴ
3022 1765 3417 1835 νενομισμένην
3454 1761 3670 1832 τέμνων

2094 1842 2214 1896 ὀδόν
2238 1857 2253 1872 ⁸
2288 1837 2441 1907 οὗτος
2472 1842 2713 1912 κλέπτης
2739 1843 2907 1899 ἐστίν.
2944 1843 3106 1915 Ὁρᾷς
3129 1840 3423 1895 κάντεῦθεν
3456 1839 3534 1909 τῷ
3559 1839 3673 1893 Πα-

2096 1922 2188 1993 τρὶ
2224 1919 2374 1995 [547]
2406 1923 2821 1993 συμφωνοῦντα,
2865 1921 2944 1993 τῷ
2974 1923 3073 1985 τὰς
3115 1919 3337 1991 Γραφάς
3380 1920 3462 1983 εἰς
3509 1918 3673 1988 μέσον

2101 1999 2431 2072 προφέρειν;
2481 2001 2580 2055 Διά
2624 2000 2782 2054 τοῦτο
2836 2002 2931 2055 καὶ
2978 2004 3090 2065 τοῖς
3143 1999 3414 2061 Ἰουδαίοις
3461 1997 3671 2064 ἔλεγεν,

2112 2080 2429 2151 Ἐρευνᾶτε
2472 2083 2578 2148 τὰς
2614 2080 2888 2150 Γραφάς·
2936 2082 3031 2136 καὶ
3072 2082 3311 2135 Μωῦσέα
3351 2079 3673 2149 παρήγαγεν

2099 2161 2181 2224 εἰς
2214 2159 2396 2231 μέσον,
2424 2160 2519 2214 καὶ
2552 2161 2808 2232 μάρτυρα
2838 2159 3001 2214 αὐτὸν
3029 2159 3232 2222 ἐκάλει,
3260 2158 3357 2213 καὶ
3389 2156 3516 2219 τοὺς
3544 2171 3676 2226 προ-

2098 2240 2274 2310 φήτας
2310 2239 2539 2303 πάντας.
2580 2237 2805 2305 Πάντες
2835 2238 2963 2308 γὰρ,
2996 2239 3179 2310 φησὶν,
3213 2239 3268 2292 οι
3303 2237 3676 2300 ἀκούσαντες

2097 2314 2218 2371 τῶν
2228 2317 2569 2386 προφητῶν,
2587 2317 2806 2385 ἥξουσι
2823 2319 2972 2386 πρός
2985 2334 3063 2387 με
3078 2336 3092 2350 ’
3115 2317 3227 2381 καὶ,
3246 2318 3312 2369 Εἰ
3331 2315 3679 2369 ἐπιστεύετε

2098 2394 2358 2461 Μωῢσεῖ,
2386 2397 2733 2451 ἐπιστεύετε
2773 2396 2850 2450 ἂν
2888 2397 3037 2468 ἐμοί.
3084 2395 3348 2450 Ἐνταῦθα
3377 2394 3436 2447 δὲ
3461 2392 3523 2447 τὸ
3546 2394 3678 2445 αὐτὸ

2102 2475 2484 2546 μεταφορικῶς
2505 2474 2720 2546 έθηκεν.
2750 2474 2933 2530 Είπὼν
2961 2476 3038 2538 δὲ,
3091 2475 3455 2531 Ἀναϐαίνων
3484 2473 3663 2526 ἀλλα-

2100 2551 2301 2621 χόθεν,
2336 2552 2430 2606 καὶ
2462 2555 2588 2617 τοὺς
2614 2555 2979 2625 γραμματέας
3010 2554 3250 2626 ᾐνίξατο,
3289 2554 3371 2604 ὅτι
3398 2551 3677 2605 ἐδίδασκον

2101 2629 2433 2699 ἐντάλματα,
2481 2629 2832 2695 διδασκαλίας
2861 2630 3183 2701 ἀνθρώπων,
3236 2631 3330 2684 καὶ
3378 2630 3469 2683 τὸν
3514 2628 3678 2699 νόμον

2101 2709 2452 2780 παρέϐαινον,
2483 2710 2622 2780 ὅπερ
2664 2707 2758 2765 οὖν
2790 2711 2887 2765 καὶ
2934 2711 3103 2774 αὐτὸς·
3145 2709 3420 2773 ὀνειδίζων
3458 2708 3677 2776 ἐλεγενσ

2105 2787 2315 2853 Οὐδεὶς
2336 2787 2407 2852 ἐξ
2432 2787 2598 2857 ὑμῶν
2620 2788 2781 2843 ποιεῖ
2792 2789 2899 2843 τόν
2922 2790 3130 2859 νόμον.
3157 2788 3268 2843 Καὶ
3303 2787 3480 2851 καλῶς
3504 2782 3678 2851 εἶπεν,

2115 2865 2490 2931 Ἆναϐαίνων,
2515 2867 2634 2931 οὐκ,
2660 2865 2878 2933 Εἰσιὼν,
2894 2868 3030 2938 ὅπερ
3060 2866 3176 2920 ἐστὶ
3206 2864 3437 2919 κλέπτου
3457 2865 3680 2936 θριγκὸν

2110 2944 2496 3016 ύπερπηδῆσαι
2540 2945 2896 3016 βουλομένου,
2950 2947 3045 2998 καὶ
3097 2943 3450 3006 ἐπικινδύνως
3501 2944 3681 2996 πάντα

2107 3024 2458 3095 πράττοντος.
2487 3021 2641 3090 Εἶδες
2660 3025 2774 3090 πῶς
2802 3026 3084 3095 ὑπέγραψε
3112 3023 3203 3076 τὸν
3217 3022 3455 3097 λῃστήν;
3482 3022 3680 3077 Σκόπει

2106 3104 2200 3156 καὶ
2227 3102 2321 3157 τοῦ
2368 3104 2626 3174 ποιμένος
2658 3103 2719 3156 τὸ
2744 3102 3052 3174 γνώρισμα.
3085 3102 3151 3155 Τί
3184 3097 3277 3155 οὖν
3312 3100 3468 3154 τοῦτό
3496 3102 3681 3160 ἐστιν;

2115 3183 2180 3235 '0
2218 3183 2635 3253 εἰσερχόμενος
2678 3182 2776 3236 διὰ
2821 3181 2932 3250 τῆς
2980 3182 3183 3249 θύρας,
3219 3175 3399 3246 οὗτός
3439 3180 3609 3233 ἐστιν
3649 3183 3683 3233 ό

2107 3260 2333 3331 ποιμὴν
2363 3261 2482 3315 τῶν
2510 3262 2836 3330 προϐάτων.
2867 3262 3059 3328 Τούτῳ
3088 3265 3119 3315 ὀ
3149 3259 3410 3328 θυρωρὸς
3437 3259 3681 3328 ἀνοίγει,

2108 3341 2211 3394 καὶ
2235 3339 2350 3408 τὴν
2375 3338 2586 3408 φωνὴν
2610 3341 2795 3395 αὑτοῦ
2830 3340 3037 3395 ἀκούει
3074 3340 3145 3392 τὰ
3166 3340 3451 3408 πρόϐατα,
3486 3335 3581 3390 καί
3612 3338 3686 3390 τὰ

2110 3419 2234 3473 ίδια
2275 3418 2454 3472 καλεῖ
2488 3417 2616 3470 κατ’
2657 3419 2866 3487 ὄνομα,
2896 3420 2993 3472 καί
3038 3417 3185 3471 ὅταν
3212 3415 3476 3485 ἐξαγάγῃ
3509 3415 3686 3475 αὐτὰ,

2109 3498 2421 3565 πορεύεται
2450 3496 2791 3565 ἔμπροσθεν
2828 3497 3045 3553 αὐτῶν.
3081 3495 3288 3562 Ἔθηκε
3316 3496 3407 3548 καί
3435 3492 3528 3545 τοῦ
3565 3509 3686 3545 ποι-

2116 3578 2275 3649 μένος
2303 3577 2397 3630 καὶ
2450 3574 2543 3629 τοῦ
2575 3575 2851 3646 λυμεῶνος
2871 3576 2937 3629 τά
2958 3577 3246 3645 δείγματα.
3274 3575 3498 3644 Ἰδωμεν
3528 3572 3689 3627 πάλιν

2113 3655 2230 3719 πῶς
2257 3656 2439 3716 αὺτοῖς
2460 3654 2743 3725 ἐφήρμοσε
2774 3654 2844 3706 τὰ
2864 3654 3010 3723 ἐξῆς·
3054 3654 3264 3720 Τούτῳ,
3295 3653 3482 3723 φησὶν,
3523 3654 3692 3706 60v-

2108 3733 2301 3802 ρωρὸς
2352 3733 2599 3802 ἀνοίγει.
2648 3732 2933 3804 Ἐπέμεινε
2962 3735 3027 3804 τῇ
3063 3734 3371 3804 μεταφορᾷ,
3402 3730 3543 3784 ὥστε
3594 3732 3692 3799 ἐμ-

2116 3810 2523 3885 φαντικώτερον
2552 3812 2774 3881 ποιῆσαι
2807 3812 2897 3864 τὸν
2921 3811 3100 3880 λόγον.
3134 3812 3196 3864 Εἰ
3220 3811 3276 3864 δέ
3310 3811 3404 3863 καὶ
3423 3809 3569 3863 κατά
3603 3808 3691 3860 λέ.

2118 3890 2200 3955 ξιν
2236 3890 2441 3955 ἐθέλοις
2476 3891 2575 3960 τὴν
2609 3889 2924 3961 παραϐολὴν
2971 3890 3265 3957 ἐξετάζειν,
3305 3889 3456 3942 οὐδὲν
3494 3886 3690 3942 κωλύει

2121 3973 2368 4045 θυρωρὸν
2394 3970 2628 4025 ἐνταῦθα
2657 3975 2797 4024 νοεῖν
2827 3972 2919 4024 τὸν
2944 3972 3203 4045 Μωῦσέα.
3251 3971 3489 4031 Ἐκεῖνος
3526 3969 3630 4039 γὰρ
3664 3970 3692 4019 ὁ

2119 4041 2367 4118 τάλόγια
2395 4049 2488 4102 τοῦ
2510 4048 2646 4102 Θεοῦ
2671 4049 3055 4119 ἐμπιστευθείς
3073 4065 3090 4082 ⁸
3112 4041 3173 4101 οὗ
3200 4048 3308 4101 Καὶ
3339 4046 3455 4112 τὴν
3483 4046 3693 4115 φωνὴν

2118 4128 2308 4185 αὑτοῦ
2338 4128 2545 4182 ἀκούει
2574 4127 2647 4181 τὰ
2673 4126 2959 4195 πρόϐατα,
2983 4126 3081 4182 καὶ
3113 4129 3187 4179 τὰ
3215 4125 3337 4178 ἴδια
3364 4122 3539 4177 καλεῖ
3564 4127 3692 4177 κατ’

2122 4207 2327 4274 ὄνομα.
2359 4204 2577 4274 Ἐπειδὴ
2602 4203 2710 4273 γὰρ
2741 4205 2852 4257 ἄνω
2877 4204 2970 4256 καὶ
2993 4203 3143 4257 κάτω
3163 4202 3349 4270 ἔλεγον
3371 4204 3533 4256 αὑτὸν
3558 4203 3694 4256 ἀπαι

2117 4284 2295 4339 τεῶνα
2322 4279 2482 4346 εἶναι,
2517 4280 2792 4335 καὶτοῦτο
2824 4282 2889 4334 ἐκ
2933 4282 3031 4351 τῆς
3070 4281 3324 4345 ἀπιστίας
3350 4283 3449 4352 τῆς
3485 4282 3693 4335 ἑαυτῶν

2119 4363 2403 4418 ἐϐεϐαίουν
2425 4361 2705 4431 λέγοντεςο
2735 4361 2830 4426 Τίς
2860 4358 2977 4413 τῶν
3005 4360 3314 4430 ἀρχόντων
3330 4360 3696 4414 ἐπίστευσεν

2118 4447 2207 4509 εἰς
2239 4445 2459 4507 αὐτόν;
2488 4441 2783 4503 δείκνυσιν,
2815 4441 2897 4494 ὃτι
2927 4441 3027 4494 οὐκ
3056 4440 3218 4493 αὐτὸν
3249 4441 3311 4493 ἐκ
3340 4440 3439 4509 τῆς
3470 4439 3694 4493 ἐκείνων

2119 4522 2378 4586 ἀπιστίας
2396 4519 2651 4591 λυμεῶνα
2676 4521 2769 4572 καὶ
2789 4520 2991 4573 πλάνον
3018 4519 3097 4572 δεῖ
3124 4520 3307 4573 καλεῖν
3327 4537 3339 4551 ·
3369 4519 3483 4572 ἀλλ’
3500 4518 3696 4583 αὐτοὺς

2123 4603 2188 4656 ἐκ
2217 4601 2311 4654 τοῦ
2355 4601 2428 4671 μὴ
2469 4599 2756 4671 προσέχειν
2793 4597 2964 4669 αὐτῷ,
3008 4599 3103 4651 καὶ
3145 4599 3243 4669 τῆς
3272 4598 3377 4651 τῶν
3409 4596 3697 4668 προϐάτων

2125 4679 2435 4744 ἀκολούθως
2471 4678 2802 4749 ἐκϐληθῆναι
2825 4677 3051 4744 τάξεως.
3082 4676 3143 4730 Εἰ
3174 4677 3282 4749 γὰρ
3304 4677 3560 4747 ποιμένος
3581 4675 3698 4728 ἐστὶ

2119 4761 2181 4814 τὸ
2212 4759 2300 4813 διὰ
2325 4759 2423 4829 τῆς
2442 4757 2837 4828 νενομισμένης
2858 4756 3288 4827 εἰσιέναιθύρας.
3318 4758 3478 4821 αὐτὸς
3504 4757 3558 4808 δέ
3580 4757 3696 4809 εἱσ-

2121 4838 2250 4911 ἦλθε
2279 4837 2369 4892 διὰ
2388 4837 2618 4911 ταύτης·
2649 4837 2696 4887 οί
2727 4836 2823 4904 μέν
2849 4835 3312 4906 ἀκολουθήσαντες
3340 4837 3576 4897 ἅπαντες
3603 4833 3697 4886 δύ-

2122 4918 2291 4979 ναιντ’
2317 4915 2382 4970 ἂν
2425 4910 2567 4967 εἶναι
2608 4913 2883 4985 πρόϐαταο
2921 4917 2969 4966 οἰ
2990 4915 3046 4967 δέ
3076 4915 3481 4985 ἀπορραγέντες
3519 4913 3579 4964 ού
3608 4911 3698 4964 τὸν

2124 4996 2358 5065 ποιμένα
2385 4993 2649 5058 διέϐαλον,
2676 4993 2810 5045 ἁλλά
2824 4994 2923 5062 τῆς
2943 4994 3048 5046 τῶν
3069 4994 3356 5064 προϐάτων
3381 4990 3701 5057 συγγενείας

2123 5076 2377 5141 ἐξέϐαλον
2411 5072 2656 5134 ἑαυτούς.
2689 5070 2825 5122 Εἰδέ
2852 5070 2997 5139 λέγει
3030 5068 3236 5140 προῖὼν
3254 5068 3350 5138 τὴν
3382 5068 3550 5137 θύραν
3572 5068 3698 5118 ἐαυι-

2122 5158 2213 5210 τὸν
2253 5151 2415 5215 εἶναι,
2462 5153 2624 5205 πάλιν
2653 5150 2715 5203 οὐ
2746 5150 2852 5220 χρὴ
2886 5149 3254 5219 θορυϐεῖσθαι.
3298 5147 3409 5200 Καὶ
3454 5148 3560 5216 γὰρ
3606 5148 3699 5198 καὶ

2127 5236 2362 5305 ποιμένα
2394 5232 2584 5287 ἐαυτὸν
2613 5230 2782 5299 λέγει,
2832 5228 2924 5281 καὶ
2977 5228 3264 5297 πρόϐατον,
3302 5227 3394 5280 καὶ
3424 5225 3699 5295 διαφόρως

2123 5313 2220 5374 τὰς
2242 5310 2552 5381 οἰκονομίας
2581 5309 2838 5380 κηρύττει
2867 5307 2964 5371 τὰς
2988 5307 3378 5361 ἐαυτοῦ.”οταν
3394 5306 3502 5376 γὰρ
3529 5323 3700 5377 προσ-

2125 5395 2232 5462 άγῃ
2276 5392 2422 5460 ἡμᾶς
2452 5388 2530 5459 τῷ
2561 5389 2756 5456 Πατρὶ,
2807 5384 2977 5455 θύραν
3024 5385 3215 5438 ἐαυτὸν
3265 5386 3450 5438 καλεῖ·
3482 5387 3609 5462 ὅταν
3640 5384 3700 5436 δὲ

2127 5460 2476 5541 ἐπιμελῆται,
2508 5468 2762 5536 ποιμένα.
2793 5465 2907 5518 Ἵνα
2948 5464 3056 5537 γὰρ
3089 5464 3162 5537 μὴ
3186 5465 3342 5519 τοῦτο
3375 5466 3533 5537 ἔργον
3559 5460 3699 5518 εἶναι

2126 5552 2355 5620 νομίσῃς
2381 5546 2543 5599 αὐτοῦ
2577 5546 2735 5614 μόνον
2772 5544 2831 5597 τὸ
2854 5548 3246 5616 προσαγαγεῖν,
3272 5545 3419 5615 λέγει
3452 5546 3544 5597 καὶ
3575 5561 3695 5595 ποι-

2130 5631 2263 5700 μένα
2311 5626 2520 5680 ἐαυτὸν.
2570 5624 2679 5678 Καὶ
2716 5625 2788 5678 τὰ
2825 5628 3090 5693 πρόϐατα
3128 5626 3237 5694 τῆς
3278 5625 3483 5695 φωνῆς
3512 5622 3699 5678 αὑτοῦ

2126 5714 2350 5774 ἀκούει,
2396 5710 2492 5762 καὶ
2541 5708 2720 5761 καλεῖ
2743 5709 2817 5764 τὰ
2861 5712 2983 5766 ἴδια
3028 5712 3313 5778 πρόϐατα,
3353 5709 3450 5761 κιιί
3501 5705 3700 5774 ἐξάγει

2126 5793 2299 5853 αὐτὰ,
2331 5790 2428 5843 καὶ
2450 5788 2634 5854 αὐτὸς
2654 5788 2998 5858 ἔμπροσθεν
3018 5790 3216 5845 αὐτῶν
3228 5788 3556 5855 πορεύεται.
3592 5785 3699 5837 Καὶ

2134 5871 2239 5942 μὴν
2272 5867 2578 5923 τούνκντῖον
2610 5869 2656 5920 οξ
2698 5872 2950 5941 ποιμένες
2985 5869 3245 5933 ποιοῦσιν,
3270 5864 3493 5919 ὄπισθεν
3521 5862 3698 5913 αὖτῶν
