4072 6152
429 288 537 346 3-23

420 401 860 465 ἀκολουθοῦντες.
897 401 1039 454 Ἀλλ’
1063 403 1244 467 αὐτὸς,
1268 404 1482 468 δεικνὺς
1505 405 1587 458 ὅτι
1607 404 1850 469 ἅπαντας
1875 406 1997 477 ὁδη-

421 487 585 558 γήσει
616 483 751 553 πρὸς
776 481 876 551 τὴν
907 481 1185 552 ἀλήθειαν,
1214 486 1542 550 ἀπεναντίας
1566 486 1795 550 ἐκείνοις
1818 489 1992 539 ποιεῖ’

421 568 615 636 ῶσπερ
651 558 744 617 οῦν
774 565 868 616 καὶ
905 564 994 617 ὅτε
1050 564 1120 618 τά
1161 567 1413 638 πρόϐατα
1447 569 1687 638 ἔπεμπε,
1737 566 1859 639 [οὑκ
1892 566 1996 632 ἔξω

342 702 349 708 ,
416 647 528 700 τῶν
559 644 760 704 λύκων,
792 641 908 694 ἀλλ’
942 644 1001 695 ἐν
1030 645 1178 716 μέσῳ
1204 646 1311 698 τῶν
1334 646 1513 701 λύκων
1548 645 1810 717 ἔπεμπε]
1853 645 1994 699 Πολὺ

336 758 339 763 ν
426 727 526 796 γάρ
558 723 969 795 παραδοξοτέρα
991 725 1131 795 αὕτη
1157 726 1542 797 ήποιμαντικὴ
1562 727 1662 794 τῆς
1679 726 1807 794 παρ’
1838 726 1993 795 ἡμῖν.

342 818 347 823 '
485 809 556 871 γ’.
575 804 733 855 Δοκεῖ
751 803 808 856 δέ
830 820 917 872 μοι
936 804 1027 856 καὶ
1050 805 1177 874 περὶ
1188 806 1280 858 τοῦ
1297 804 1497 875 τυφλοῦ
1516 803 1872 859 αἰνίττεσθαιε
1889 802 1997 856 Kal

422 880 530 951 γάρ
547 882 758 934 ἐκεῖνον
781 879 1018 953 ἐξήγαγε
1036 881 1272 944 καλέσας
1293 884 1357 936 ἐκ
1380 884 1546 953 μέσου
1564 883 1671 936 τῶν
1702 881 1995 947 Ἰουδαίων,

416 958 569 1034 [548]
615 960 710 1013 καὶ
760 960 961 1029 ἧκουσε
1017 960 1180 1013 αὑτοῦ
1232 960 1333 1030 τῆς
1366 962 1583 1031 φωνῆς,
1638 961 1732 1015 καὶ
1758 960 1993 1028 ἐπέγνω.

360 1070 377 1080 ο
430 1037 757 1106 Ἀλλοτρίῳ
806 1036 874 1090 δὲ
906 1040 978 1091 οὺ
1027 1038 1112 1107 μὴ
1160 1039 1714 1106 ἀκολουθήσουσιν,
1760 1037 1850 1092 ὅτι
1887 1040 1999 1092 οὐκ

418 1115 622 1169 οἴδασι
641 1114 761 1168 τῶν
776 1114 1109 1183 ἀλλοτρίων
1132 1117 1247 1185 τὴν
1267 1117 1495 1187 ρων-ἡν.
1524 1120 1681 1171 Ἤτοι
1714 1118 1839 1180 τοὺς
1871 1117 1997 1187 περὶ

418 1194 627 1248 Θευδᾶν
660 1193 810 1261 λέγει
840 1195 1075 1248 ἐνταῦθα
1107 1197 1201 1249 καὶ
1247 1197 1445 1250 Ἰούδαν
1478 1198 1593 1265 (καὶ
1624 1197 1733 1268 γὰρ
1770 1198 1997 1253 Ἀπαν-

417 1289 540 1339 τες,
585 1272 720 1326 ὅσοι
747 1272 1125 1326 ἐπίστευσαν
1174 1275 1378 1339 αὐτοῖς,
1416 1275 1994 1343 διεσκορπίσθησαν,

419 1351 605 1423 φησίν)
637 1370 650 1381 ·
690 1350 722 1422 ἢ
758 1351 884 1414 τοὺς
920 1351 1059 1421 μετὰ
1093 1351 1267 1406 ταῦτα
1296 1354 1588 1423 μέλλοντας
1620 1356 1833 1425 ἀπατᾷν
1864 1353 1999 1421 ψευ-

418 1427 753 1500 δοχρίστους.
783 1429 898 1481 ’Ὶνα
927 1428 1036 1500 γὰρ
1071 1430 1145 1499 μὴ
1176 1430 1406 1498 λέγωσιν
1436 1432 1529 1485 ἕνα
1557 1432 1781 1485 ἐκείνων
1809 1432 1997 1486 τοῦτον

418 1503 580 1570 εἶναι,
611 1505 698 1559 διά
741 1505 953 1560 πολλῶν
990 1509 1183 1561 ἑαυτὸν
1227 1510 1322 1562 ἀπ’
1354 1510 1578 1563 ἐκείνων
1622 1511 1840 1580 διαιρεῖ.
1887 1508 1997 1561 Kal

417 1584 636 1656 πρῶτον
675 1586 773 1654 μὲν
798 1584 982 1655 τίθησι
1023 1586 1307 1658 διαφοράν,
1335 1589 1433 1659 τὴν
1469 1590 1579 1643 ἀπὸ
1623 1589 1733 1642 τῶν
1765 1587 1996 1659 Γραφῶν

416 1662 766 1717 διδασκαλίαν
790 1681 802 1695 ·
827 1665 990 1728 αὐτὸς
1019 1665 1117 1734 μέν
1146 1667 1254 1739 γάρ
1272 1666 1360 1719 διὰ
1376 1666 1582 1722 τούτων
1600 1668 1794 1730 αὐτοὺς
1825 1683 1995 1737 προσ-

416 1743 613 1812 ήγετο,
664 1744 865 1795 ἐκεῖνοι
913 1742 971 1795 δέ
1003 1744 1103 1796 οὑκ
1134 1745 1379 1797 ἐντεῦθεν
1422 1747 1620 1809 αὑτοὺς
1664 1745 1992 1813 ἐφείλκοντο.

418 1819 686 1897 Δευτέραν
707 1821 806 1897 τὴν
832 1821 940 1874 τῶν
967 1822 1258 1892 προϐάτων
1285 1826 1532 1897 ὑπακοήν
1556 1842 1569 1855 ·
1590 1824 1738 1894 αὑτῷ
1769 1825 1864 1894 μὲν
1888 1823 1996 1894 γὰρ

416 1899 480 1950 οὑ
516 1896 683 1960 ζῶντι
721 1896 904 1967 μόνον,
938 1897 1074 1951 ἀλλά
1105 1900 1198 1953 καὶ
1234 1902 1620 1973 τελευτήσαντι
1652 1902 1852 1964 πάντες
1877 1900 1996 1954 ἐπί-

418 1992 654 2030 στευσαν
678 1991 690 2006 ·
726 1977 971 2041 ἐκείνους
1001 1976 1057 2029 δὲ
1091 1980 1292 2042 εὐθέως
1314 1980 1521 2035 εἴασαν.
1560 1980 1670 2034 Καὶ
1713 1978 1902 2051 τρίτην
1939 1978 1997 2032 δέ

418 2055 561 2126 μετὰ
594 2055 802 2109 τούτων
834 2056 985 2109 ἔστιν
1029 2060 1202 2112 είπείν
1233 2059 1292 2111 οὑ
1337 2060 1559 2133 μικράν.
1619 2061 1845 2113 Ἐκεῖνοι
1897 2058 1995 2128 μὲν

415 2134 524 2205 γὰρ
551 2133 626 2196 ὡς
645 2133 923 2203 τύραννοι,
945 2135 1041 2187 καὶ
1057 2135 1148 2188 ἐπὶ
1178 2136 1490 2209 ἀποστασία
1510 2139 1683 2192 πάντα
1701 2150 1726 2178 ει
1754 2136 1992 2190 ἐποίουν⁶

415 2210 577 2274 αὐτὸς
605 2211 660 2264 δὲ
702 2211 846 2264 οὕτω
893 2212 1082 2283 πόρρω
1126 2214 1318 2267 ἑαυτὸν
1362 2217 1620 2286 τοιαύτης
1661 2217 1996 2286 κατέστησεν

416 2289 672 2359 ὑποψίας,
698 2290 772 2355 ὡς
802 2292 897 2345 καὶ
923 2292 1185 2346 θελόντων
1205 2294 1368 2347 αὑτὸν
1399 2295 1626 2365 ποιῆσαι
1651 2294 1872 2365 βασιλέα
1903 2312 1997 2363 φυ-

413 2370 551 2435 γεῖν,
582 2369 674 2422 καί
695 2370 1118 2441 ἐπερωτώντων,
1153 2373 1202 2425 εί
1230 2372 1605 2437 ἔξεστιδοῦναι
1637 2374 1837 2444 κῆνσον
1859 2372 1997 2428 Καί-

416 2462 565 2515 σαρι,
618 2445 875 2501 κελεῦσαι
912 2450 1251 2516 καταθεῖναι,
1294 2453 1387 2505 καὶ
1421 2453 1583 2506 αὑτὸν
1617 2452 1893 2506 ἐπιδοῦναι
1935 2451 1996 2504 τὸ

412 2522 704 2604 δίδραχμα.
735 2525 1111 2604 Πρὸςὲτούτοις
1136 2531 1298 2594 αὑτὸς
1317 2532 1415 2601 μέν
1442 2532 1580 2604 ὑπὲρ
1602 2532 1700 2602 τῆς
1719 2530 1995 2602 σωτηρίας

411 2601 522 2681 τῶν
552 2604 842 2675 προϐάτων
870 2600 1055 2677 ἦλθεν,
1090 2607 1177 2661 ἴνα
1214 2600 1359 2681 ζωὴν
1389 2600 1577 2680 ἔχωσι,
1607 2600 1701 2664 καὶ
1734 2600 1994 2680 περισσὸν

412 2680 603 2751 ἔχωσι,
632 2684 797 2755 φησίν
818 2700 831 2713 ·
870 2686 1067 2739 ἐκεῖνοι
1108 2687 1165 2741 δὲ
1215 2680 1323 2742 καί
1355 2690 1456 2760 τῆς
1488 2689 1770 2761 παρούσης
1798 2688 1994 2751 αὐτοὺς

414 2762 561 2831 ζωῆς
590 2763 994 2832 ἀπεστέρησαν.
1026 2766 1133 2819 Kal
1159 2768 1207 2819 οἱ
1246 2768 1343 2837 μὲν
1376 2767 1696 2838 προῦδωκαν
1735 2768 1859 2830 τοὺς
1893 2767 1994 2837 ἐμ-

412 2839 827 2902 πιστευθέντας,
861 2844 952 2894 καὶ
980 2843 1180 2912 ἔφυγον
1200 2861 1216 2876 ⁸
1239 2846 1400 2909 αὑτὺς
1419 2846 1475 2899 δὲ
1509 2846 1682 2910 οὕτως
1713 2846 1842 2915 ἐστ-η
1872 2862 1995 2914 γεν-

414 2916 604 2980 ναίως,
638 2918 713 2982 ὡς
739 2920 833 2971 καὶ
853 2919 951 2991 τὴν
968 2921 1147 2992 ψυχὴν
1178 2922 1476 2997 ἐπιδοῦναι.
1509 2925 1617 2976 Ka‘:
1637 2925 1686 2976 οἱ
1712 2923 1812 2992 μὲν
1842 2923 1995 2976 ἄκον-

412 3014 505 3061 τες
559 2998 651 3053 καὶ
700 3001 1135 3070 ἀναγκαζόμενοι
1193 3003 1287 3055 καὶ¹
1352 3002 1643 3071 φεύγοντες
1703 3001 1903 3055 ἐπαθον
1957 3000 1993 3055 ἃ

412 3074 613 3131 επαθον
637 3077 686 3117 δ’
714 3072 868 3140 οὗτος
888 3078 943 3131 δὲ
963 3078 1105 3131 ἑκὼν
1128 3079 1221 3132 καὶ
1246 3079 1675 3149 προαιρούμενος
1702 3080 1992 3149 ὑπέμεινεν

414 3154 650 3209 ἅπαντα.
706 3158 939 3225 Ταύτην
979 3156 1096 3225 τὴν
1144 3159 1465 3227 παροιμίαν
1509 3154 1680 3212 εἶπεν
1727 3156 1930 3222 αὐτοῖς
1959 3159 1993 3209 ό

425 3234 660 3303 Ἰησοῦς
680 3252 692 3265 ·
721 3235 937 3289 ἐκεῖνοι
963 3235 1031 3288 δὲ
1070 3239 1182 3290 οὐκ
1211 3236 1489 3305 ἔγνωσαν
1516 3237 1648 3289 τινα
1674 3232 1752 3306 ἦν
1783 3236 1821 3289 ά
1850 3234 1990 3289 ἐλά-

411 3314 507 3365 λει
538 3313 760 3378 αὐτοῖς.
798 3314 908 3367 Kal
927 3312 1068 3376 τίνος
1089 3314 1277 3365 ἕνεκεν
1308 3314 1535 3381 ἀσαφῶς
1561 3309 1713 3367 εἶπεν
1735 3316 1917 3377 αὑτοῖς
1941 3323 1990 3378 c;

415 3390 959 3461 Προσεκτικωτέρους
990 3393 1187 3456 αὐτοὺς
1207 3393 1428 3462 ποιῆσαι
1455 3391 1796 3461 βουλόμενος.
1841 3393 1991 3445 Ἐπεὶ

411 3467 505 3523 οὖν
531 3468 688 3522 τοῦτο
739 3470 1137 3532 κατεσκεύασε,
1187 3470 1302 3522 λύει
1337 3470 1522 3523 λοιπὸν
1552 3472 1652 3538 τὴν
1698 3470 1988 3537 ἀσάφειαν,

410 3546 555 3601 οὕτω
587 3548 792 3617 λέγων’
836 3549 982 3617 Ἐγώ
1009 3552 1123 3617 εἰμι
1153 3549 1190 3615 ἢ
1240 3551 1388 3617 θύρα
1412 3565 1425 3578 ·
1467 3549 1541 3601 δι’
1576 3548 1723 3617 ἐμοῦ
1758 3549 1865 3601 ἐάν
1901 3566 1991 3614 τις

409 3626 679 3695 εἰσέλθῃ.
708 3628 1142 3691 εἰσελεύσεται,
1175 3628 1275 3681 καὶ
1315 3628 1722 3692 ἐξελεύσεται,
1760 3627 1859 3679 καὶ
1891 3644 1991 3680 νο-

404 3704 536 3773 μὶιν
576 3704 858 3770 εύρήσει·
903 3701 1036 3767 οἷον,
1072 3707 1129 3758 ἐν
1174 3703 1446 3778 ἀσφαλείᾳ
1496 3707 1646 3760 ἔσται
1704 3706 1799 3758 καὶ
1836 3705 1991 3777 ἀδείᾳ

414 3783 608 3852 (νομὴν
636 3782 693 3833 δὲ
722 3784 821 3851 τὴν
848 3782 1050 3852 τροφὴν
1080 3785 1313 3837 ἐνταῦθα
1341 3784 1489 3851 λέγει
1518 3786 1610 3838 καὶ
1645 3784 1847 3855 βοσκὴν
1880 3784 1989 3839 τῶν

410 3860 723 3929 προϐάτων,
762 3861 854 3912 καὶ
891 3861 1141 3924 ἐξουσίαν
1183 3862 1277 3915 καὶ
1310 3863 1649 3933 κυριότητα),
1683 3861 1988 3927 τουτέστιν,

414 3939 605 3992 Ἔνδον
644 3942 815 4010 μενεῖ,
848 3940 941 3992 καὶ
961 3939 1136 4002 οὐδεὶς
1158 3940 1321 3992 αὑτὸν
1345 3939 1680 4010 ἐξωθήσεται
1702 3958 1714 3969 ·
1739 3940 1875 4009 ὅπερ
1895 3936 1988 3991 οὖν

408 4019 500 4071 ἐπὶ
533 4018 643 4071 τῶν
669 4019 982 4072 ἀποστόλων
1002 4019 1245 4088 γέγονεν,
1277 4018 1325 4071 οἳ
1359 4018 1498 4088 μετὰ
1529 4016 1711 4078 ἀδείας
1737 4017 1989 4089 εἰσῄεσαν

408 4100 503 4152 καὶ
529 4099 776 4171 ἐξῄεσαν,
806 4100 880 4163 ὡς
909 4100 1090 4170 πάσης
1120 4099 1301 4171 κύριοι
1322 4098 1677 4168 γεγενημένοι
1695 4097 1792 4167 τῆς
1809 4097 1989 4148 οἰκου-

409 4178 601 4249 μένης.
652 4180 747 4232 καὶ
784 4180 958 4243 οὐδεὶς
987 4181 1184 4243 αὐτοὺς
1226 4177 1474 4231 ἐκϐαλεῖν
1515 4177 1722 4249 ι’σχυσε.
1759 4176 1990 4243 Πάντες

408 4257 540 4311 ὅσοι
570 4254 780 4327 ἦλθον,
823 4258 1073 4313 κλέπται
1104 4256 1224 4312 είσὶ
1253 4256 1351 4311 καί
1392 4256 1619 4325 λῃσταί
1646 4273 1658 4285 ·
1695 4254 1830 4309 ἀλλ’
1875 4257 1988 4309 οὐκ

407 4335 689 4405 ἤκουσαν
714 4337 915 4392 αὐτῶν
947 4339 1020 4392 τὰ
1052 4338 1338 4405 πρόϐατα.
1376 4337 1450 4389 Οὑ
1487 4335 1616 4406 περὶ
1643 4334 1751 4388 τῶν
1778 4350 1990 4407 προφη-

405 4417 514 4471 τῶν
553 4434 719 4489 φησιν
749 4417 1005 4483 ἐνταῦθα,
1036 4416 1217 4479 καθὼς
1240 4417 1288 4468 οἱ
1316 4415 1584 4487 αἱρετικοί
1622 4431 1785 4483 φασιν
1823 4414 1989 4484 (ὲκεί-

405 4514 513 4550 νων
542 4496 654 4567 γὰρ
700 4498 962 4567 ἥκουσαν,
990 4496 1085 4549 καὶ
1113 4495 1179 4547 δι’
1224 4495 1448 4547 ἐκείνων
1493 4493 1843 4558 ἐπίστευσαν,
1874 4493 1988 4545 ὅσοι

406 4576 503 4629 καὶ
535 4577 862 4629 ἐπίστευσαν
898 4575 975 4644 τῷ
1013 4573 1295 4645 Χριστῷ),
1325 4573 1459 4626 ἀλλά
1501 4574 1630 4644 περὶ
1676 4573 1852 4627 θευδᾶ
1896 4574 1990 4626 καὶ

421 4653 585 4706 Ἰούδα
615 4653 785 4721 λέγει,
813 4654 907 4706 καὶ
934 4653 1043 4706 τῶν
1072 4653 1247 4708 ἄλλων
1288 4651 1647 4706 στασιαστῶν.
1686 4652 1896 4715 ’Ἄλλως
1933 4651 1990 4703 δέ

407 4733 504 4786 καὶ
529 4732 610 4796 τὸ,
638 4735 760 4786 Οὐκ
789 4732 1070 4800 ἤκουσαν
1097 4733 1170 4786 τὰ
1204 4732 1487 4799 πρόϐατα,
1533 4731 1770 4784 ἐπαινῶν
1806 4726 1985 4783 εἶπεν

404 4813 647 4885 οὐδαμοῦ
678 4813 735 4867 δὲ
778 4814 1028 4884 φαίνεται
1078 4812 1317 4867 ἐπαινῶν
1356 4814 1482 4875 τοὺς
1532 4809 1990 4881 παρακούσαντας

403 4897 515 4950 τῶν
543 4894 860 4967 προφητῶν,
888 4892 1025 4946 ἀλλά
1052 4892 1362 4947 τούναντίον
1382 4890 1624 4955 κακίζων
1650 4891 1745 4944 καὶ
1765 4890 1988 4944 διαϐάλ-

403 4975 512 5030 λων
559 4974 824 5045 σφοδρῶς.
859 4973 1021 5027 Ὅθεν
1059 4973 1238 5043 δῆλον,
1274 4973 1357 5025 δτι
1386 4972 1468 5037 τὸ,
1506 4973 1629 5025 Οὐκ
1671 4968 1985 5040 ἤκουσαν,

405 5056 500 5110 νῦν
523 5054 653 5127 περὶ
691 5054 801 5108 τῶν
831 5052 1174 5107 στασιαστῶν
1202 5052 1424 5105 ἐκείνων
1474 5051 1710 5122 εἴρηται.
1758 5050 1819 5103 '0
1849 5051 1987 5105 κλέ-

408 5150 560 5202 πτης
581 5137 653 5189 ού
670 5134 757 5204 μὴ
783 5135 1037 5204 ἔρχεται,
1054 5134 1106 5186 εί
1120 5130 1205 5201 μὴ
1225 5132 1325 5185 ἵνα
1346 5132 1543 5201 κλέψῃ
1574 5132 1668 5184 καὶ
1697 5131 1857 5199 θύσῃ
1887 5131 1985 5186 καί

405 5213 685 5284 ἀπολέσῃ
704 5233 718 5246 ·
742 5217 879 5286 ὅπερ
908 5214 1028 5267 τότε
1045 5213 1260 5281 γέγονε,
1293 5210 1512 5265 πάντων
1545 5211 1863 5279 σφαγέντων
1891 5210 1987 5265 καὶ

406 5293 776 5363 ἀπολομένων.
823 5292 971 5363 Ἐγὼ
997 5293 1065 5347 δὲ
1094 5290 1303 5363 ἦλθον,
1330 5292 1430 5344 ἵνα
1468 5290 1622 5359 ζωὴν
1651 5292 1857 5361 ἔχωσι,
1888 5291 1987 5345 καὶ

407 5372 701 5439 περισσὸν
738 5374 942 5443 ἔχωσι.
997 5374 1107 5426 Kal
1154 5372 1207 5425 τί
1235 5372 1379 5442 ζωῆς
1411 5372 1813 5443 περισσότερον,
1867 5372 1987 5425 εἰπέ

410 5471 502 5522 μοι
523 5469 537 5513 ;
568 5453 824 5509 Βασιλεία
849 5455 1114 5527 οὐρανῶν.
1155 5455 1293 5508 Ἀλλ’
1311 5453 1464 5507 οὔπω
1486 5453 1633 5522 λέγει
1653 5454 1832 5515 τοῦτο,
1854 5453 1988 5507 ἀλλά

407 5531 469 5585 τὸ
498 5534 595 5602 τῆς
621 5532 764 5603 ζωῆς
782 5534 929 5605 [569]
963 5535 1134 5605 ὄνομα
1165 5534 1541 5606 περιστρέφει,
1562 5534 1699 5604 ὅπερ
1722 5528 1789 5603 ἦν
1806 5533 1989 5595 αὑτοῖς

408 5611 710 5681 γνώριμον.
757 5611 895 5675 Ἐγώ
927 5616 1044 5682 είμι
1081 5618 1113 5668 ό
1143 5613 1369 5680 ποιμὴν
1408 5617 1443 5667 ό
1471 5614 1679 5679 καλός.
1722 5612 1988 5665 Ἐνταῦθα

408 5690 596 5746 λοιπὸν
621 5689 748 5760 περὶ
781 5689 874 5743 τοῦ
897 5691 1101 5754 πάθους
1129 5691 1461 5759 διαλέγεται,
1496 5690 1710 5752 δεικνὺς
1734 5691 1816 5744 ὅτι
1848 5690 1987 5759 ὑπὲρ

390 5773 509 5843 τῆς
533 5767 628 5824 τοῦ
649 5767 854 5837 κόσμου
887 5768 1157 5839 σωτηρίας
1174 5768 1331 5822 τοῦτο
1348 5769 1579 5836 γίνεται,
1612 5769 1702 5822 καὶ
1719 5769 1818 5822 οὑκ
1839 5769 1986 5823 ἄκων

476 5872 502 5901 ⁸
538 5866 707 5918 “oret.
752 5864 956 5916 πάντων.
1042 5865 1068 5905 δ
1118 5864 1277 5915 Verba
1306 5866 1333 5912 ἃ
1362 5866 1531 5915 ἔπαθον
1557 5879 1585 5914 c
1616 5865 1763 5914 Savil.
1792 5871 1841 5914 ει
1869 5878 1926 5914 to
1944 5864 1989 5912 1d

1155 287 1210 342 S.
1251 283 1531 366 JOANMS
1569 285 2055 343 CI'IRYSOSTOSII
2093 286 2412 345 ARCHIEP.
2448 286 2994 346 CONSTANTINOP.

3586 285 3693 343 320

2107 407 2200 459 ἐπὶ
2230 407 2383 461 τοῦτο
2413 408 2649 480 ἔρχεται.
2672 406 2804 462 Εἶτα
2831 408 2981 477 λέγει
3011 407 3072 460 τὸ
3096 406 3294 476 δεῖγμα
3315 402 3407 457 τοῦ
3433 405 3690 476 ποιμένος

2107 486 2269 539 πάλιν
2299 488 2394 540 καὶ
2432 486 2525 539 τοῦ
2558 487 2852 557 μισθωτοῦ.
2902 488 2964 539 '0
2994 486 3112 556 μέν
3160 486 3270 554 γὰρ
3308 482 3537 552 ποιμὴν
3575 482 3692 551 τὴν

2106 568 2317 637 ψυχὴν
2339 570 2554 623 ἑαυτοῦ
2580 572 2847 636 τιῗθησινδ
2877 573 2910 624 ό
2928 568 3229 638 μισθωτὸς
3250 567 3319 620 δὲ
3342 567 3441 621 καὶ
3464 569 3575 621 οὐκ
3607 566 3698 620 ὢν

2105 648 2347 716 ποιμὴν,
2376 644 2446 704 οὗ
2470 651 2580 701 οὐκ
2609 650 2725 703 εἰσί
2758 651 2829 702 τὰ
2867 648 3129 716 πρόϐατα
3171 646 3310 709 ἴδια,
3350 646 3557 715 θεωρεῖ
3583 646 3697 701 τὸν

2103 726 2301 780 λύκον
2335 727 2681 796 ἐρχόμενον,
2730 728 2829 780 καὶ
2861 727 3077 795 ἀφίησι
3128 726 3201 779 τὰ
3242 727 3538 792 πρόϐατα,
3589 725 3697 780 καί·

2104 808 2309 875 φεύγει
2332 846 2347 869 ,
2379 807 2479 859 καὶ
2518 806 2755 875 ἔρχεται
2778 809 2810 859 ὁ
2838 808 3048 871 λύκος,
3097 805 3193 858 καὶ
3222 803 3465 873 ἁρπάζει
3512 804 3687 860 αύτὰ.

2118 883 2384 938 Ἐνταῦθα
2428 884 2697 937 δείκνυσιν
2736 884 2930 936 ἑαυτὸν
2966 883 3109 936 οὑτω
3141 883 3446 954 κρατοῦντα
3474 883 3550 946 ὡς
3596 884 3700 937 τὸντ

2106 961 2347 1032 Πατέρα,
2388 962 2441 1015 εἴ
2486 979 2550 1030 γε
2598 964 2801 1032 ποιμὴν
2834 962 2994 1024 αὑτός
3034 963 3172 1024 ἐστι,
3220 962 3316 1013 καὶ
3369 962 3478 1014 ἴδια
3521 962 3697 1015 αὑτοῦ

2105 1039 2221 1093 ἐστι
2266 1040 2336 1094 τά
2379 1040 2650 1111 πρόϐατα.
2694 1042 2859 1113 Ὁρᾷς
2908 1040 3026 1104 πῶς
3073 1041 3131 1092 ἐν
3180 1041 3300 1102 ταῖς
3354 1039 3695 1110 παραϐολαῖς

2107 1119 2437 1192 ὑψηλότερον
2472 1121 2792 1191 φθέγγεται,
2831 1119 2961 1172 ἔνθα
3005 1117 3394 1171 συνεσκίασται
3441 1120 3470 1171 6
3512 1118 3687 1186 λόγος,

2106 1199 2198 1252 καὶ
2230 1201 2289 1253 οὑ
2320 1200 2501 1255 δίδωσι
2536 1200 2707 1270 λαϐὴν
2746 1198 2984 1269 φανεράν
3012 1200 3126 1261 τοῖς
3159 1197 3574 1268 ἀκροωμένοιςς
3623 1197 3697 1250 Τί

2106 1273 2198 1332 οὖν
2223 1280 2251 1332 ὁ
2286 1279 2553 1348 μισθωτὸς
2578 1275 2730 1343 οὗτος
2758 1279 2935 1343 nam;
2966 1275 3301 1344 Θεωρεῖτὸν
3312 1277 3508 1331 λύκον
3526 1277 3695 1345 ἐρχόσ

2099 1373 2310 1426 μενον,
2345 1358 2444 1410 καὶ
2471 1359 2686 1425 ἀφίησι
2713 1356 2785 1410 τὰ
2815 1358 3102 1425 πρόϐατα,
3133 1355 3232 1409 καὶ
3261 1356 3498 1424 ἔρχεται
3525 1360 3558 1410 ό
3578 1355 3688 1409 λύ-

2106 1452 2232 1500 κος,
2262 1436 2359 1489 καὶ
2391 1434 2627 1503 ἁρπάζει
2659 1435 2831 1489 αὐτά.
2864 1434 3035 1488 Τοῦτο
3058 1436 3255 1488 ἐκεῖνοι
3284 1435 3649 1505 πεποιήκασιν
3671 1449 3685 1464 ⁶

2105 1513 2267 1577 αὑτὸς
2294 1514 2352 1567 δὲ
2376 1514 2706 1568 τούναντίον.
2740 1516 2850 1567 Ka‘:
2880 1514 3008 1585 γὰρ,
3035 1516 3196 1585 ἡνίκα
3229 1513 3561 1584 συνελήφθη.
3592 1529 3697 1584 cpn-

2107 1592 2190 1645 σίν
2211 1610 2223 1623 ⁸
2248 1594 2463 1661 ’Ἄφετε
2485 1594 2736 1659 τούτους
2760 1591 3035 1662 ὑπάγειν,
3068 1593 3155 1645 ἵνα
3179 1592 3443 1665 πληρωθῇ
3466 1596 3494 1647 6
3509 1593 3694 1661 λόγος,

2104 1668 2186 1723 ὅτι
2219 1670 2394 1734 οὐδεὶς
2422 1671 2479 1737 ἐξ
2509 1670 2689 1724 αὑτῶν
2733 1671 3003 1727 ἀπώλετο.
3045 1673 3202 1725 Ἔστι
3236 1672 3295 1725 δέ
3330 1671 3568 1726 ἐνταῦθα
3592 1672 3688 1725 καὶ

2104 1747 2296 1817 νοητὸν
2324 1748 2662 1801 ὑποπτεῦσαι
2680 1748 2863 1803 λύκον.
2879 1749 2989 1802 Kal
3009 1748 3115 1821 γὰρ
3132 1749 3253 1803 οὑδέ
3276 1750 3480 1804 ἐκεῖνον
3504 1752 3693 1804 είασεν

2103 1825 2407 1899 ἀπελθόντα
2438 1826 2685 1897 ἁρπάσαι
2732 1827 2801 1881 τὰ
2836 1827 3104 1899 πρόϐατα.
3148 1827 3225 1882 Οὑ
3255 1826 3416 1892 λύκος
3450 1828 3506 1882 δέ
3539 1832 3695 1882 ἐστιν

2103 1898 2256 1967 οὗτος
2289 1905 2469 1974 μόνον,
2498 1905 2633 1959 ἀλλὰ
2672 1908 2766 1959 καὶ
2798 1898 2955 1961 λέων.
3006 1907 3059 1958 '0
3107 1906 3218 1979 γὰρ
3256 1907 3473 1975 ἐχθρὸς
3518 1907 3700 1977 ἡμῶν

2104 1981 2403 2049 διάϐολος,
2436 1984 2618 2055 φησὶν,
2648 1985 2728 2051 ὡς
2749 1984 2908 2039 λέων
2933 1985 3303 2055 περιέρχεται
3327 1986 3684 2054 ὠρυόμενος.

2104 2054 2273 2126 Οὗτος
2297 2064 2390 2115 καὶ
2407 2061 2529 2132 ὄφις
2556 2064 2650 2117 καὶ
2664 2062 2881 2135 δράκων
2916 2064 3063 2118 ἐστί·
3083 2064 3327 2119 Πατεῖτε
3351 2063 3461 2136 γάρ
3489 2063 3701 2118 ἐπάνω

2104 2140 2298 2211 ὄφεων
2318 2141 2417 2195 καὶ
2436 2144 2764 2211 σκορπίων.

2172 2289 2233 2344 δ’.
2254 2289 2363 2354 Διὸ,
2380 2290 2703 2363 παρακαλῶ,
2726 2291 2975 2363 μένωμεν
2991 2293 3095 2345 ὑπὸ
3120 2291 3198 2363 τῷ
3210 2291 3430 2362 ποιμένι
3445 2290 3697 2363 νεμόμειν

2103 2386 2183 2424 νοι
2205 2386 2216 2399 ⁸
2257 2369 2526 2440 μενοῦμεν
2572 2371 2650 2434 δὲ,
2684 2371 2780 2423 ἐάν
2817 2371 2916 2441 τῆς
2952 2372 3135 2441 φωνῆς
3166 2371 3338 2424 αὑτοῦ
3374 2370 3693 2441 ἀκούωμεν,

2103 2446 2197 2500 ἐὰν
2224 2446 2373 2517 αὑτῷ
2397 2446 2735 2518 πειθώμεθα,
2758 2446 2854 2500 ἐὰν
2883 2447 2958 2519 μὴ
2977 2447 3241 2518 ἀλλοτρίῳ
3268 2446 3553 2517 ἐπῶμεθα.
3579 2448 3693 2501 Καὶ

2104 2526 2232 2580 ποία
2258 2526 2423 2579 αὑτοῦ
2447 2527 2596 2579 ἐστιν
2628 2528 2660 2597 ή
2694 2527 2879 2595 φωνή;
2920 2524 3211 2594 Μακάριοι
3245 2529 3300 2580 οί
3343 2526 3568 2595 πτωχοί
3608 2523 3691 2590 τῷ

2102 2605 2394 2674 πνεύματι
2424 2622 2436 2635 ·
2462 2603 2741 2673 μακάριοι
2770 2606 2825 2657 οἱ
2853 2603 3100 2672 καθαροὶ
3124 2601 3199 2672 τῇ
3222 2603 3469 2672 καρδίᾳ·
3499 2602 3689 2673 μακά-

2094 2699 2215 2749 ριοι
2261 2685 2315 2736 οι
2353 2682 2699 2752 ἐλεήμονες.
2733 2682 2830 2734 Ἂν
2874 2682 3049 2735 ταῦτα
3071 2684 3424 2752 πράττωμεν,
3476 2681 3580 2735 ὑπὸ
3612 2679 3695 2750 τῷ

2103 2762 2319 2833 ποιμένι
2355 2763 2643 2833 μενοῦμεν,
2675 2763 2767 2816 καὶ
2793 2764 2821 2815 6
2851 2761 3012 2827 λύκος
3047 2762 3194 2816 ἔνδον
3217 2762 3472 2832 γενέσθαι
3509 2763 3570 2816 οὑ
3595 2763 3691 2817 δυσ

2101 2843 2361 2912 νήσεται·
2417 2842 2553 2895 ἀλλά
2603 2842 2706 2895 κᾶν
2750 2840 2974 2912 ἐπέλθῃ,
3027 2841 3122 2895 ἐπὶ
3178 2843 3332 2911 κακῷ
3364 2840 3442 2910 τῷ
3491 2840 3685 2895 ἑαυτοῦ

2100 2919 2259 2972 τοῦτο
2282 2919 2599 2990 ἐργάσεται.
2627 2918 2869 2989 Ποιμένα
2897 2920 3006 2989 γὰρ
3030 2918 3229 2990 ἔχομεν
3258 2917 3401 2971 οὕτω
3430 2918 3695 2987 φιλοῦντα

2103 3000 2273 3070 ἡμᾶς,
2304 2999 2381 3061 ὡς
2408 3000 2504 3051 καὶ
2531 2999 2629 3071 τὴν
2647 2999 2824 3069 ψυχὴν
2842 2998 2982 3069 ὑπὲρ
3004 2998 3162 3071 ἡμῶν
3190 2998 3491 3051 ἐπιδοῦναι.
3512 2996 3685 3051 Ὅταν

2099 3075 2192 3130 οὖν
2222 3077 2315 3129 καὶ
2346 3076 2570 3140 δυνατὸς
2686 3078 2779 3129 καὶ
2808 3078 2959 3148 φιλῇ.
2990 3078 3041 3130 τί
3083 3078 3145 3131 τὸ
3173 3075 3379 3130 κωλύον
3404 3076 3552 3146 ἡμᾶς
3583 3092 3693 3129 oco-

2101 3154 2290 3225 θῆναι;
2317 3155 2502 3221 Οὐδὲν,
2532 3156 2581 3207 εί
2608 3155 2681 3227 μὴ
2712 3157 2874 3225 ἡμεῖς
2912 3155 3069 3209 αὑτοὶ
3109 3154 3508 3226 ἀποσταίημεν.
3563 3154 3693 3219 Πῶς

2098 3232 2155 3285 δὲ
2185 3232 2644 3304 ἀποστησόμεθα;
2676 3233 2941 3285 ¹Ἄκουσον
2970 3233 3137 3286 αὑτοῦ
3168 3233 3421 3301 λέγοντος
3446 3250 3460 3263 ·
3484 3234 3567 3287 Οὐ
3584 3232 3688 3287 δύ-

2099 3315 2289 3366 νασθε
2315 3310 2459 3364 δυσὶ
2498 3312 2728 3377 κυρίοις
2761 3310 3105 3374 δουλεύειν,
3138 3310 3261 3377 Θεῷ
3284 3312 3383 3365 καί
3411 3309 3682 3382 μαμωνᾷ.

2105 3391 2202 3444 Ἂν
2224 3391 2401 3446 τοίνυν
2428 3390 2605 3461 τούτῳ
2621 3391 2983 3461 δουλεύωμεν,
3022 3392 3122 3462 οὑχ
3142 3391 3563 3462 ὑποστησόμεθα
3588 3392 3691 3463 τὴν

2100 3471 2310 3523 ἐκείνου
2331 3469 2638 3540 τυραννίδα.
2660 3470 2768 3521 Ka‘:
2795 3469 2904 3539 γάρ
2923 3469 3239 3540 τυραννίδος
3262 3469 3481 3538 ἀπάσης
3498 3470 3688 3539 πικρό-

2098 3565 2255 3619 τερον
2286 3550 2318 3619 ή
2354 3547 2461 3601 τῶν
2504 3546 2802 3618 χρημάτων
2845 3546 3133 3616 ἐπιθυμία.
3196 3546 3420 3616 Ἡδονὴν
3454 3546 3551 3616 μὲν
3579 3547 3685 3616 γὰρ

2099 3626 2355 3698 οὐδεμίαν
2386 3627 2498 3698 ἔχει
2522 3641 2536 3656 ⁸
2568 3626 2853 3696 φροντίδας
2884 3624 2941 3676 δέ
2970 3625 3063 3678 καὶ
3088 3623 3337 3692 φθόνους,
3357 3626 3447 3677 καὶ
3472 3624 3686 3677 ἐπιϐου-

2099 3697 2216 3770 λάς,
2257 3707 2350 3760 καὶ
2399 3709 2574 3774 μῖσος,
2609 3706 2703 3758 καὶ
2744 3704 3130 3773 συκοφαντίας,
3162 3704 3258 3756 καὶ
3286 3705 3487 3774 ἀρετῆς
3523 3703 3687 3776 μυρία

2100 3784 2415 3855 κωλύματα,
2455 3783 2747 3856 ρᾳθυμίαν,
2771 3784 3080 3851 ἀσέλγειαν,
3110 3783 3446 3848 πλεονεξίαν,
3478 3783 3645 3852 μέθην
3667 3794 3691 3812 σ

2098 3863 2134 3918 ἃ
2172 3865 2264 3917 καὶ
2295 3866 2423 3926 τοὺς
2464 3864 2781 3933 ἐλευθέρους
2812 3862 3031 3925 δούλους
3064 3864 3210 3914 ποιεῖ
3244 3862 3340 3914 καὶ
3370 3861 3688 3933 ἀργυρωνή-

2097 3961 2205 3998 των
2226 3944 2463 4015 χείρους,
2509 3945 2605 3996 xal
2646 3942 2887 4006 δούλους,
2933 3943 3032 3994 οὑκ
3074 3941 3554 4011 ἁνθρώπων,ἀλλά
3594 3942 3689 3995 καὶ

2098 4022 2191 4076 τοῦ
2218 4020 2603 4093 χαλεπωτέρου
2635 4021 2743 4073 τῶν
2775 4021 2959 4074 παθῶν
2992 4022 3084 4074 καὶ
3110 4022 3217 4075 τῶν
3238 4023 3559 4093 νοσημάτων
3591 4020 3688 4089 τῆς

2097 4101 2294 4173 ψυχῆς.
2330 4100 2388 4153 ’0
2401 4099 2641 4162 τοιοῦτος
2661 4098 2831 4151 πολλὰ
2845 4099 2953 4150 τῶν
2978 4099 3074 4152 καὶ
3097 4099 3216 4169 Θεῷ
3244 4101 3337 4152 καὶ
3380 4099 3689 4169 ἀνθρώποις

2101 4180 2177 4251 μὴ
2198 4179 2540 4251 ἀρεσκόντων
2574 4176 2769 4248 τολμᾷ,
2792 4176 3045 4240 δεδοικὼς
3083 4177 3158 4247 μή
3180 4194 3264 4241 τις
3289 4174 3455 4229 αὑτοῦ
3485 4176 3584 4244 τὴν
3604 4173 3691 4226 δε-

2100 4259 2357 4314 σποτείαν
2404 4257 2672 4327 ἀφέληται
2706 4255 2933 4326 ταύτην.
2960 4257 3024 4308 Ὠ
3055 4257 3260 4328 πικρᾶς
3296 4254 3543 4318 δουλείας
3594 4252 3695 4306 καὶ

2096 4338 2407 4409 διαϐολικῆς
2452 4336 2804 4401 δυναστείαςῑ
2841 4334 3002 4389 τοῦτο
3032 4337 3143 4408 γάρ
3187 4336 3424 4407 μάλιστα
3469 4334 3691 4389 πάντων

2097 4419 2215 4473 ἐστὶ
2240 4419 2301 4472 τὺ
2324 4415 2707 4488 χαλεπώτατον
2723 4414 2775 4481 τι,
2816 4415 2899 4469 ὅτι
2934 4417 2992 4469 ἐν
3024 4414 3301 4479 τοσούτοις
3334 4414 3687 4485 κατεχόμενοι

2097 4500 2289 4562 κακοῖς
2324 4496 2581 4568 ἡδόμεθα,
2640 4493 2734 4547 καὶ
2787 4496 2886 4563 τὴν
2932 4494 3123 4547 ἆλυσιν
3161 4494 3546 4564 ἀσπαζόμεθα,
3593 4493 3687 4546 καὶ

2097 4576 2469 4647 δεσμωτήριον
2534 4574 2812 4637 οἰκοῦντες
2866 4574 3091 4636 σκότους
3129 4573 3565 4643 πεπληρωμένον
3607 4574 3687 4635 εἰς

2100 4656 2214 4726 φῶς
2242 4655 2475 4720 ἐξελθεῖν
2505 4653 2567 4706 οὐ
2600 4651 2921 4723 βουλόμεθα,
2965 4652 3080 4707 ἀλλ’
3129 4651 3528 4722 ἐπισφίγγομεν
3560 4652 3687 4703 ἐαυ-

2097 4737 2209 4796 τοῖς
2241 4732 2310 4786 τά
2344 4732 2510 4796 κακά,
2561 4731 2656 4784 καὶ
2701 4730 3005 4800 ἐνηδόμεθα
3055 4730 3134 4802 τῷ
3174 4732 3468 4801 νοσήματι.
3528 4729 3688 4783 Ὅθεν

2098 4813 2220 4867 ούδέ
2254 4810 2634 4879 ἀπαλλαγῆναι
2660 4809 2961 4878 δυνάμεθα,
3000 4810 3177 4882 [550].
3211 4810 3348 4864 ἀλλὰ
3367 4810 3475 4864 τῶν
3498 4810 3564 4863 τά
3593 4808 3687 4879 μέ-

2097 4893 2268 4948 ταλλα
2318 4888 2706 4961 ἐργαζομένων
2757 4888 3140 4959 χαλεπώτερον
3180 4891 3525 4960 διακείμεθα,
3564 4891 3689 4953 τοὺς

2100 4975 2199 5045 μὲν
2241 4971 2440 5032 πόνους
2474 4968 2566 5022 καὶ
2606 4968 2703 5039 τὴν
2740 4968 3117 5041 ταλαιπωρίαν
3158 4969 3547 5039 ὑπομένοντες,
3582 4967 3689 5021 τῶν

2096 5053 2155 5108 δέ
2200 5050 2430 5124 καρπῶν
2465 5048 2565 5101 οὑκ
2583 5046 2972 5112 ἀπολαύοντες.
3004 5047 3108 5101 Kal
3140 5048 3200 5102 τὸ
3221 5048 3286 5118 δὴ
3327 5051 3510 5120 χεῖρον
3551 5047 3689 5100 πάν-

2097 5151 2226 5194 των,
2242 5132 2325 5185 ὅτι
2338 5131 2443 5184 κᾶν
2460 5127 2771 5192 ἀπαλλάξαι
2788 5127 3021 5199 βουληθῇ
3048 5145 3133 5192 τις
3150 5129 3247 5197 τῆς
3265 5129 3471 5197 πικρᾶς
3484 5125 3690 5192 ταύτης

2096 5211 2473 5283 αἰχμαλωσίας
2496 5212 2528 5279 ἠ
2538 5211 2665 5280 μᾶς.
2679 5209 2778 5261 οὐκ
2796 5208 3125 5277 ἀνεχόμεθα,
3150 5208 3284 5261 ἀλλὰ
3298 5207 3390 5261 καὶ
3402 5204 3690 5283 δυσχεραί-

2097 5281 2260 5362 νομεν
2281 5292 2376 5345 καὶ
2391 5289 2836 5357 ἀγανακτοῦμεν,
2864 5288 3015 5339 οὐδὲν
3040 5287 3265 5357 ἄμεινον
3290 5285 3398 5339 τῶν
3433 5281 3689 5354 μαινομέ-

2096 5389 2201 5425 νων
2218 5370 2551 5440 διακείμενοι
2588 5367 2781 5437 ταύτῃ.
2817 5366 2953 5420 ἀλλὰ
2985 5367 3077 5419 καὶ
3106 5365 3286 5429 πολλῷ
3316 5366 3531 5418 πάντων
3551 5366 3689 5416 ἐκει-

2096 5469 2203 5505 νων
2224 5450 2571 5521 ἀθλιώτερον,
2604 5450 2697 5503 καὶ
2716 5447 2992 5511 τοσοῦτον,
3013 5447 3136 5499 ὅσον
3157 5445 3278 5500 οὑδέ
3304 5444 3687 5514 ἀπαλλαγῆναι

2096 5531 2194 5597 τῆς
2233 5531 2430 5600 μανίας
2462 5529 2738 5598 ἐθέλομεν.
2790 5528 2882 5597 Μὴ
2933 5527 3041 5595 γάρ
3082 5525 3171 5578 διὰ
3208 5525 3368 5580 τοῦτο
3395 5523 3687 5596 παρήχθης

2095 5612 2175 5671 είς
2212 5608 2302 5662 τὸν
2353 5609 2578 5678 κόσμον,
2634 5601 2679 5661 ὧ
2720 5606 2999 5677 ἄνθρωπε,
3042 5603 3270 5667 τοῦτον;
3323 5603 3400 5675 μὴ
3444 5603 3550 5674 γάρ
3596 5600 3687 5655 διὰ

2095 5688 2254 5742 τοῦτο
2271 5688 2500 5757 γέγονας
2523 5685 2827 5758 ἄνθρωπος,
2867 5685 2951 5738 ἵνα
2984 5685 3053 5737 τὰ
3099 5683 3340 5753 μέταλλα
3384 5682 3560 5737 ταῦτα
3593 5679 3684 5758 ἐρτ

2099 5755 2395 5838 γάζῃξκαὶ
2438 5755 2706 5839 συλλέγῃς
2740 5763 2996 5835 χρυσίον;
3043 5764 3118 5816 Οὑ
3150 5761 3238 5817 διὰ
3264 5761 3435 5816 ταῦτα
3477 5755 3683 5814 ἔπλασε

2034 5863 2147 5925 ῗοῖἶ,
2171 5862 2278 5912 706.
2351 5865 2370 5892 ε
2397 5864 2486 5912 Αύι
2499 5863 2564 5918 οἷς
2590 5864 2730 5912 deest
2768 5858 2816 5909 in
2849 5859 2998 5909 SaVil.
3067 5856 3092 5898 ἆ
3115 5856 3287 5909 Morel.
3325 5855 3677 5920 χαλεπώτερον.
