4072 6152
335 330 446 390 επ-

336 440 554 511 dispersi
579 445 696 493 sunt
723 435 856 508 (Act.
880 435 933 490 5.
957 433 1045 489 36.
1068 432 1197 504 57);
1223 432 1335 487 sive
1352 435 1513 488 etiam
1531 430 1737 485 futuros
1762 446 1911 498 psew

335 526 637 590 doebr'tstos
664 528 756 600 qui
786 527 978 582 multos
1004 532 1186 595 postea
1224 521 1488 577 seducturi
1515 530 1687 577 erant.
1715 519 1794 576 Ne
1831 521 1916 575 di-

338 630 522 678 cerent
541 619 683 675 enim
701 661 715 686 ,
744 633 803 674 se
830 617 1111 688 quemdam
1152 615 1384 684 ipsorum
1412 629 1553 680 esse,
1586 613 1741 683 longe
1766 627 1823 666 se
1849 612 1918 669 ab

336 714 443 770 11118
477 712 747 768 diversum
779 708 1031 764 ostendit.
1061 707 1295 762 Primam
1321 706 1674 760 differentiam
1724 703 1913 770 affert,

336 805 633 861 doctrinam
658 818 725 859 ex
744 800 1034 871 Scripturis
1055 807 1344 869 sumptam,
1368 813 1590 868 quarum
1618 796 1779 851 ductu
1800 795 1916 851 illos

336 897 528 969 agebat
568 913 582 952 :
624 895 712 949 alii
762 907 890 948 vero
928 906 1107 948 secus.
1161 891 1402 945 Secunda
1448 889 1746 944 differentia
1801 896 1917 943 erat

335 989 512 1043 ovium
545 985 868 1041 obedientia.
902 983 1004 1054 Ipsi
1034 997 1260 1052 namque
1300 996 1404 1035 non
1448 981 1643 1036 viventi
1676 989 1911 1047 tantum,

341 1078 439 1133 sed
465 1080 626 1134 etiam
656 1089 864 1132 mortuo
887 1076 1230 1131 crediderunt
1258 1094 1271 1130 :
1302 1075 1419 1129 illos
1446 1089 1573 1129 vero
1615 1074 1791 1129 statim
1825 1086 1915 1128 re-

336 1168 630 1238 liquerunt.
662 1167 894 1222 Tertiam
922 1182 1021 1222 nec
1063 1166 1327 1221 modicam
1357 1164 1586 1234 adjicere
1611 1179 1912 1234 possumus.

335 1260 416 1315 llli
446 1268 505 1313 ut
536 1260 741 1331 tyranni
769 1258 836 1313 ad
860 1258 1207 1313 defectionem
1236 1256 1412 1311 omnia
1442 1254 1709 1310 faciebant
1752 1272 1764 1307 :
1803 1255 1916 1323 ipse

338 1358 542 1406 tantum
568 1366 598 1404 a
630 1351 718 1406 tali
740 1350 1044 1419 suSpicione
1067 1348 1268 1414 aberat,
1295 1355 1353 1401 ut
1373 1361 1492 1401 cum
1518 1346 1714 1400 vellent
1742 1346 1913 1415 ipsum

336 1454 516 1511 regem
546 1439 742 1508 facere,
774 1440 1004 1510 fugerit;
1045 1446 1246 1493 etcum
1278 1440 1667 1507 interrogarent
1691 1450 1759 1488 an
1784 1434 1921 1489 licc-

337 1540 421 1586 ret
442 1546 659 1586 censum
695 1531 823 1586 dare
849 1531 1049 1587 Caesari
1072 1573 1088 1599 ,
1123 1532 1331 1587 solvere
1351 1532 1586 1602 juberet,
1617 1538 1776 1600 atque
1803 1530 1915 1598 ipse

337 1621 496 1677 etiam
517 1621 827 1677 didrachma
848 1622 1021 1677 daret.
1051 1623 1131 1677 Ad
1154 1623 1268 1678 hare
1292 1623 1403 1693 ipse
1429 1638 1524 1692 pro
1543 1622 1713 1677 salute
1738 1620 1913 1675 ovium

336 1713 503 1777 venit,
535 1720 593 1767 ut
635 1714 798 1768 vitam
826 1713 1112 1779 haberent,
1143 1722 1197 1769 et
1230 1713 1580 1769 abundantius
1609 1712 1866 1767 haberent
1896 1726 1909 1765 :

339 1802 419 1858 1111
455 1818 583 1858 vero
607 1804 856 1873 praesenti
900 1805 1059 1859 etiam
1084 1806 1188 1858 vita
1236 1818 1362 1859 suos
1391 1804 1682 1873 privarunt.
1712 1801 1790 1856 1111
1821 1815 1914 1857 eos

338 1894 425 1962 qui
480 1894 582 1949 sibi
627 1894 812 1949 crediti
868 1904 1021 1949 erant
1060 1894 1448 1968 prodiderunt),
1504 1902 1559 1949 et
1609 1892 1910 1963 fugerunt:

334 1979 580 2037 Christus
604 1999 730 2037 vero
760 1984 831 2038 ita
861 1983 1071 2039 fortiter
1096 1985 1271 2052 stetit,
1304 1994 1359 2038 ut
1383 1983 1611 2038 animam
1634 1999 1781 2037 suam
1810 1993 1917 2035 tra-

333 2072 504 2129 deret.
536 2072 613 2127 llli
654 2073 842 2143 inviti,
872 2075 1042 2129 coacti
1070 2083 1125 2130 et
1153 2074 1414 2145 fugientes
1445 2075 1585 2143 passi
1614 2082 1739 2129 sunt
1767 2091 1779 2127 :
1828 2072 1914 2127 hic

335 2165 511 2221 libens
538 2177 593 2221 ct
619 2168 804 2221 volens
847 2169 1023 2221 omnia
1058 2168 1295 2235 pertulit.
1329 2166 1384 2221 6.
1442 2153 1555 2220 Hoc
1600 2164 1914 2236 proverbium

339 2257 467 2311 dixit
492 2259 563 2311 eis
585 2256 618 2310 J
625 2273 757 2311 esus.
790 2256 883 2311 Illi
908 2268 1074 2311 autem
1104 2274 1204 2311 non
1244 2266 1580 2327 cognoverunt
1600 2256 1721 2326 quid
1745 2254 1918 2326 loque-

336 2356 476 2401 retur
517 2349 608 2401 eis.
657 2347 766 2403 Cur
809 2348 1038 2403 obscure
1084 2347 1436 2418 loquebatur?
1487 2347 1557 2403 Ut
1603 2347 1916 2402 attentiores

337 2437 607 2499 redderet,
634 2437 734 2493 Ubi
763 2449 943 2493 autem
975 2439 1104 2493 illud
1133 2439 1305 2494 effecit
1324 2480 1338 2503 ,
1366 2439 1743 2493 obscuritatem
1776 2436 1913 2490 tollit

338 2516 423 2581 his
447 2527 658 2581 verbis:
687 2527 739 2582 9.
773 2527 885 2600 Ego
914 2545 1025 2583 sum
1050 2531 1233 2583 ostium
1258 2545 1277 2583 :
1304 2546 1394 2600 per
1413 2544 1492 2581 me
1516 2529 1561 2582 si
1577 2528 1686 2592 quis
1703 2528 1913 2580 introie-

339 2616 441 2681 rit,
471 2612 775 2687 ingredietur
800 2626 846 2672 et
881 2619 1181 2690 egredietur,
1220 2629 1266 2673 et
1305 2634 1491 2689 pascua
1520 2618 1751 2673 inveniet.
1803 2617 1917 2672 lloc

340 2713 426 2761 est
443 2747 459 2772 ,
490 2706 548 2760 In
574 2709 855 2765 securitate
876 2723 926 2765 et
950 2712 1195 2767 libertate
1220 2711 1362 2767 vivet
1393 2712 1610 2781 (pascua
1636 2720 1811 2764 autem
1833 2711 1918 2764 hic

339 2808 493 2854 vocat
514 2800 763 2869 pabulum
786 2803 984 2870 ovium,
1010 2812 1433 2874 potestatemque
1454 2813 1508 2858 et
1528 2802 1916 2873 dominatum);

342 2885 446 2944 hoc
472 2899 573 2956 est,
611 2890 756 2947 Intus
785 2894 1036 2962 manebit,
1070 2903 1122 2949 et
1148 2910 1303 2950 nemo
1325 2894 1447 2949 inde
1472 2894 1703 2962 expellet
1728 2911 1741 2948 :
1769 2892 1912 2963 quod

344 2981 503 3035 etiam
545 2985 806 3051 apostolis
836 2985 1044 3051 evenit,
1075 2987 1165 3055 qui
1194 2986 1356 3040 libere
1394 2984 1663 3039 intrabant
1706 2993 1760 3039 et
1801 2983 1915 3039 exi-

344 3068 493 3136 bant,
522 3073 672 3141 quasi
696 3073 930 3126 universi
961 3074 1105 3127 orbis
1132 3073 1364 3138 domini;
1389 3089 1652 3144 nemoque
1682 3073 1800 3128 illos
1823 3074 1920 3143 eji-

343 3173 466 3215 cere
494 3161 682 3230 potuit.
714 3161 765 3216 8.
800 3160 983 3216 Omnes
1022 3174 1261 3234 quotquot
1286 3174 1401 3218 ante
1428 3181 1505 3218 me
1526 3173 1792 3230 venerunt,
1833 3168 1917 3235 fu-

345 3266 425 3305 res
444 3261 563 3305 sunt
590 3260 636 3305 et
661 3252 882 3306 latrones
899 3271 918 3317 ;
935 3256 1024 3307 sed
1046 3270 1147 3307 non
1167 3255 1431 3308 audierunt
1453 3272 1535 3309 eos
1564 3272 1697 3309 oves.
1719 3255 1829 3309 Non
1854 3254 1920 3308 de

348 3340 734 3410 prephetishic
778 3341 1027 3409 loquitur,
1058 3353 1117 3397 ut
1141 3344 1287 3398 aiunt
1318 3345 1549 3399 ltmretici
1596 3345 1740 3415 (illos
1778 3345 1918 3398 enim

343 3431 657 3499 audit-runt,
715 3441 769 3488 et
821 3450 915 3503 per
962 3435 1081 3490 illos
1151 3436 1494 3490 crediderunt
1557 3445 1813 3505 quotquot
1867 3435 1919 3488 in

344 3519 614 3576 Christum
643 3522 1008 3596 crediderunt)
1035 3541 1048 3589 ;
1079 3525 1171 3579 sed
1195 3524 1259 3579 de
1277 3525 1491 3579 'l'heuda
1523 3535 1575 3578 et
1602 3524 1736 3579 Juda
1778 3524 1922 3578 aliis-

346 3627 452 3682 que
479 3613 748 3668 seditiosis
786 3615 912 3685 agit.
943 3615 1213 3669 Prmterea
1246 3616 1464 3669 verbum
1492 3614 1620 3668 illud
1641 3656 1655 3680 ,
1682 3613 1804 3667 Non
1829 3630 1923 3667 au-

346 3704 545 3758 dierunt
570 3722 713 3771 oves,
746 3707 800 3761 in
832 3722 1014 3761 earum
1063 3707 1272 3762 laudem
1303 3708 1430 3762 dicit
1460 3726 1473 3761 :
1505 3723 1761 3777 nusquam
1790 3722 1919 3762 vero

345 3792 525 3848 laudat
570 3810 662 3850 eos
704 3797 794 3866 qui
843 3798 1127 3866 prophetas
1156 3814 1259 3851 non
1300 3798 1616 3862 audierunt;
1651 3798 1757 3851 imo
1805 3798 1920 3851 illos

346 3883 630 3939 admodum
665 3886 925 3956 improbat
952 3898 1001 3942 et
1023 3888 1378 3957 reprehendit.
1407 3888 1538 3942 Hinc
1557 3889 1724 3956 palam
1751 3898 1832 3943 est
1857 3889 1921 3943 il-

346 3974 462 4041 lud,
496 3975 615 4031 Non
655 3978 956 4044 audierunt,
985 3979 1053 4033 de
1084 3979 1351 4033 seditiosis
1387 3979 1488 4033 illis
1512 3980 1708 4033 dictant
1737 3981 1919 4035 fuisse.

346 4066 440 4122 10.
468 4066 580 4121 Fur
609 4086 708 4123 non
729 4071 880 4136 venit,
910 4072 1006 4124 nisi
1040 4081 1095 4124 ut
1131 4075 1326 4140 [aretur
1356 4083 1401 4125 et
1431 4082 1609 4126 mactet
1633 4083 1679 4126 et
1709 4076 1922 4142 perdat:

345 4166 407 4209 ut
436 4156 522 4212 hic
550 4160 804 4230 contigit;
837 4176 1022 4216 omnes
1051 4163 1191 4215 enim
1220 4164 1432 4217 mactati
1472 4163 1737 4233 occisique
1779 4173 1919 4218 sunt.

348 4246 462 4318 Ego
487 4259 650 4303 autem
680 4254 790 4305 ueni
825 4263 879 4305 ut
905 4256 1055 4306 vitam
1094 4254 1306 4307 habeant
1332 4295 1345 4318 ,
1377 4264 1423 4307 et
1451 4254 1788 4308 abundantius
1827 4257 1922 4310 ha-

346 4338 520 4394 beant.
548 4340 683 4408 Quid
707 4384 721 4407 ,
754 4358 966 4412 quaeso,
1001 4345 1106 4398 vita
1134 4344 1528 4399 abundantius?
1553 4344 1790 4414 Regnum
1822 4363 1924 4401 cre-

348 4427 544 4484 lorum.
580 4430 772 4485 Verum
805 4433 853 4485 id
887 4433 1117 4488 nondum
1147 4433 1310 4496 dicit,
1340 4434 1431 4488 sed
1460 4433 1579 4487 vita:
1616 4450 1806 4488 nomen
1847 4433 1925 4487 af-

347 4518 491 4583 fert,
521 4528 575 4573 ut
601 4530 782 4574 notum
814 4522 934 4576 illis.
966 4525 1054 4577 11.
1088 4522 1200 4594 Ego
1233 4540 1348 4577 sum
1391 4533 1564 4593 pastor
1602 4528 1777 4580 bonus.
1829 4524 1925 4581 llic

345 4607 566 4663 demum
607 4610 671 4665 de
720 4614 967 4681 passione
1012 4614 1260 4682 loquitur,
1304 4614 1593 4669 ostendens
1634 4616 1773 4670 illam
1828 4631 1926 4685 pro

346 4699 532 4754 mundi
580 4702 747 4755 salute
795 4702 1023 4757 futuram
1074 4720 1234 4772 esse,
1268 4720 1366 4759 nec
1411 4721 1469 4760 se
1519 4706 1738 4760 invitum
1783 4707 1923 4761 illam

348 4789 517 4843 adire.
572 4791 773 4846 Deinde
820 4795 1121 4863 exemplum
1169 4810 1353 4850 rursus
1401 4796 1555 4851 affert
1599 4798 1823 4867 pastoris
1872 4807 1927 4853 ct

349 4881 689 4937 mercenarii.
721 4880 896 4937 Bonus
940 4885 1073 4937 enim
1119 4896 1290 4953 pastor
1330 4888 1549 4941 animam
1576 4905 1719 4942 suam
1762 4889 1922 4959 ponit.

353 4970 444 5025 12.
475 4970 820 5026 Mercenarius
846 4983 1010 5028 autem
1034 5017 1048 5041 ,
1088 4976 1173 5042 qui
1200 4993 1299 5029 non
1327 4987 1399 5030 est
1429 4989 1620 5046 pastor,
1654 4980 1797 5047 cujus
1826 4995 1927 5032 non

351 5069 468 5114 sunt
495 5078 607 5116 oves
635 5065 890 5135 propriae,
921 5067 1052 5119 videt
1084 5067 1259 5136 lupum
1302 5071 1571 5123 venientem
1591 5112 1604 5135 ,
1652 5081 1697 5125 ct
1724 5071 1927 5125 dimittit

351 5170 465 5206 ores
487 5197 501 5219 ,
533 5166 575 5207 et
602 5157 762 5227 fugit,
788 5166 832 5211 et
853 5159 982 5210 venit
1009 5158 1178 5227 lupus,
1209 5169 1254 5212 et
1297 5161 1428 5228 rapit
1455 5177 1558 5214 cas.
1588 5162 1683 5216 Hic
1712 5179 1769 5217 se
1809 5179 1928 5231 pcr-

354 5244 476 5299 iude
515 5255 672 5316 atque
720 5249 928 5304 Patrem
986 5250 1333 5320 imperantem
1373 5252 1620 5318 exhibet;
1667 5255 1926 5323 siquidem

355 5346 536 5403 pastor
564 5340 676 5408 ipse
702 5352 784 5395 est
809 5343 961 5411 cujus
989 5344 1213 5411 propriae
1249 5354 1372 5397 sunt
1399 5359 1543 5399 oves.
1579 5346 1762 5400 Viden‘
1792 5365 1926 5417 quo-

356 5426 512 5482 modo
540 5430 590 5484 in
622 5434 890 5502 parabolis
917 5435 1196 5488 sublimius
1222 5435 1490 5506 loquatur,
1528 5438 1613 5491 ubi
1655 5438 1930 5494 obscurior

360 5528 434 5573 est
460 5536 673 5589 sermo,
702 5539 876 5594 neque
920 5525 1253 5579 auditoribus
1278 5528 1525 5595 carpendi
1573 5542 1753 5582 ansam
1795 5545 1930 5598 prae-

357 5607 472 5667 heat
494 5614 518 5667 ?
544 5614 679 5680 Quid
709 5630 837 5686 ergo
861 5615 983 5671 facit
1014 5619 1413 5673 mercenarius?
1463 5618 1606 5673 Videt
1633 5620 1806 5689 lupum
1847 5637 1929 5674 ue-

356 5704 569 5759 nientem
594 5746 610 5773 ,
653 5715 700 5761 et
725 5706 924 5762 dimittit
951 5724 1083 5776 oves,
1116 5720 1161 5764 et
1192 5710 1321 5764 venit
1362 5710 1528 5789 lupus,
1559 5720 1608 5765 et
1648 5712 1783 5782 rapit
1818 5728 1921 5766 cas.

1345 319 1411 375 IN
1450 316 1757 374 ΙΟᾹΝΝΕΜ
1797 313 2029 370 1101111..
2069 312 2200 369 LIX.
2242 315 2311 371 al.
2352 314 2530 373 LVI”.

3499 331 3613 384 126'

2027 425 2139 484 lloc
2170 432 2243 487 illi
2274 434 2530 498 fecerunt,
2557 436 2669 505 ipse
2690 446 2895 493 contra.
2924 441 3132 498 Etenim
3158 460 3275 500 cmn
3301 450 3603 518 apprehem

2023 534 2114 573 sus
2144 519 2261 589 fuit,
2290 522 2423 578 dixit
2449 535 2461 578 :
2492 525 2656 580 Sinite
2678 528 2796 582 illos
2827 530 2963 585 abire
2991 530 3165 602 (Joau.
3197 537 3284 592 l8.
3310 538 3389 608 8),
3420 547 3474 593 ut
3499 541 3607 594 intr

2024 611 2267 680 pleretur‘
2281 630 2487 679 sermo,
2519 619 2660 687 quod
2688 620 2862 675 nullus
2893 638 3074 678 eorum
3103 629 3338 696 perierit.
3372 631 3467 687 llic
3496 648 3592 702 po-

2024 710 2130 755 test
2158 703 2314 756 etiam
2344 706 2631 773 Spiritualis
2660 709 2817 778 lupus
2847 712 3094 785 intelligi,
3140 732 3299 787 quem
3338 737 3444 776 non
3474 725 3597 779 sivit

2023 806 2152 846 oves
2182 792 2443 862 abripere.
2478 795 2593 851 Non
2624 799 2778 870 lupus
2808 810 3009 858 tantum
3055 804 3142 862 hic
3165 819 3281 877 est,
3313 814 3405 865 sed
3436 815 3595 869 etiam

2022 881 2125 935 lco.
2158 882 2288 936 Nam
2319 885 2648 943 Adversarius
2671 902 2835 945 uoster
2859 894 3089 950 diabolus
3117 908 3372 969 tamquam
3399 903 3475 959 leo
3507 922 3597 959 ru-

2020 973 2160 1042 giens
2183 975 2360 1028 circuit
2386 975 2435 1049 (1
2490 977 2604 1032 Pet.
2634 981 2688 1047 5,
2719 982 2795 1053 8).
2831 984 2925 1039 llic
2955 999 3176 1057 serpens
3196 999 3251 1045 et
3275 992 3437 1048 draco
3463 1007 3551 1054 est
3579 1016 3595 1053 :

2022 1063 2226 1121 Calcate
2244 1085 2396 1139 super
2422 1081 2675 1141 serpentes
2702 1084 2750 1128 et
2787 1079 3074 1148 scorpiones
3096 1079 3245 1153 (Luc.
3284 1085 3372 1139 10.
3406 1088 3520 1157 l9).

2091 1159 2144 1213 4.
2186 1157 2298 1213 Vox
2319 1160 2508 1215 Christi
2532 1164 2784 1220 audienda
2803 1168 2997 1240 ipsique
3012 1172 3108 1226 soli
3123 1174 3436 1234 haerendum.
3463 1180 3596 1235 Ava-

2018 1248 2136 1302 ritia
2193 1251 2401 1305 servitus
2464 1255 2689 1309 omnium
2733 1257 3019 1314 deterrima.
3067 1263 3400 1337 Eleemosyna
3452 1288 3594 1324 com-

2019 1340 2301 1394 mendatur.
2330 1372 2405 1382 —
2430 1342 2604 1411 Quare
2656 1362 2786 1419 rogo
2811 1389 2826 1415 ,
2859 1366 3169 1409 maneamus
3218 1358 3317 1411 sub
3366 1364 3593 1428 pastoris

2019 1445 2144 1484 cura
2176 1449 2189 1485 :
2223 1434 2557 1493 manebimus
2584 1448 2761 1495 autem
2788 1442 2833 1496 si
2858 1459 3039 1499 vocem
3070 1448 3184 1518 ejus
3216 1451 3516 1522 audiamus,
3546 1458 3590 1510 si

2018 1520 2118 1590 ipsi
2170 1540 2372 1580 morem
2422 1543 2706 1599 geramus,
2760 1535 2803 1587 si
2851 1536 3084 1593 alienum
3135 1556 3241 1597 non
3285 1520 3590 1615 sequamur.

2018 1612 2200 1684 Ecqua
2218 1630 2321 1671 vox
2342 1617 2457 1687 ejus
2473 1622 2587 1673 est?
2611 1620 2756 1675 Beati
2766 1642 3008 1694 pauperes
3023 1630 3239 1699 spiritu:
3254 1612 3384 1688 beati
3403 1640 3595 1695 mundo

2016 1710 2165 1763 corde
2188 1724 2207 1762 :
2236 1710 2365 1765 beati
2388 1713 2732 1769 misericordes
2760 1714 2970 1788 (Matth.
3001 1722 3056 1775 5.
3086 1721 3138 1778 5.
3171 1723 3222 1779 8.
3258 1726 3335 1797 7).
3375 1728 3435 1784 Si
3477 1729 3593 1788 hare

2017 1814 2324 1869 servemus,
2371 1802 2471 1858 sub
2524 1814 2733 1873 pastore
2775 1810 3145 1882 manebimus,
3194 1824 3249 1871 et
3297 1817 3454 1888 lupus
3507 1824 3590 1877 in-

2017 1891 2165 1959 gredi
2207 1907 2312 1946 non
2361 1895 2575 1961 poterit.
2608 1895 2711 1951 Sed
2757 1900 2965 1957 etiamsi
3014 1904 3222 1975 irruat,
3268 1908 3321 1963 id
3371 1911 3424 1966 in
3472 1928 3598 1982 per-

2018 1982 2212 2037 niciem
2238 1998 2387 2037 suam
2432 1983 2609 2040 faciet.
2638 1987 2911 2046 Pastorem
2962 1995 3104 2050 enim
3150 1997 3221 2052 ita
3267 2014 3364 2055 nos
3401 2017 3592 2059 amau-

2020 2082 2124 2127 tem
2179 2074 2474 2145 habemus,
2526 2088 2581 2133 ut
2628 2081 2859 2137 animam
2898 2099 3048 2141 suam
3093 2102 3191 2159 pro
3220 2093 3374 2148 nobis
3428 2097 3592 2152 tradi-

2018 2163 2174 2258 derit.
2223 2165 2357 2220 Cum
2411 2183 2539 2239 ergo
2588 2179 2641 2225 et
2697 2181 2888 2241 potens
2943 2177 3014 2232 sit
3077 2188 3133 2235 et
3184 2181 3404 2254 diligat,
3459 2189 3593 2258 quid

2017 2255 2238 2326 impedit
2265 2262 2549 2329 quominus
2583 2264 2809 2321 salutem
2836 2275 3258 2340 consequamur?
3278 2277 3418 2334 Nihil
3438 2321 3453 2345 ,
3476 2255 3592 2338 nisi

2019 2364 2116 2403 nos
2148 2350 2245 2418 ipsi
2275 2352 2603 2410 deficiamus.
2626 2358 2904 2423 Quomodo
2930 2363 3284 2423 deficiemus?
3312 2369 3463 2428 Illum
3487 2389 3585 2430 au-

2019 2440 2071 2495 di
2098 2441 2362 2497 diccntcm
2396 2461 2411 2499 :
2458 2444 2581 2501 Non
2623 2455 2826 2519 potestis
2871 2454 3065 2510 duobus
3100 2457 3318 2516 dominis
3355 2465 3539 2522 servire
3568 2508 3589 2533 ,

2019 2531 2127 2586 Deo
2152 2542 2198 2587 et
2220 2550 2467 2589 mamonae
2487 2537 2698 2608 (Matth.
2728 2542 2778 2597 6.
2800 2544 2868 2598 24
2889 2547 2927 2614 ).
2954 2547 3006 2601 Si
3036 2563 3164 2618 ergo
3211 2550 3337 2609 huic
3387 2531 3588 2611 servin;

2021 2640 2172 2688 mus,
2203 2625 2344 2679 illius
2381 2629 2643 2697 tyrannidi
2674 2632 2896 2700 subjecti
2938 2651 3041 2690 non
3073 2640 3291 2697 erimus.
3323 2642 3456 2698 Nam
3500 2655 3581 2718 ty-

2019 2714 2239 2769 rannide
2263 2718 2447 2786 quavis
2472 2721 2714 2775 acerbior
2731 2733 2813 2779 est
2840 2728 3178 2793 pecuniarum
3209 2714 3592 2807 concupiscen-

2024 2808 2115 2863 tia.
2140 2808 2348 2863 Nullam
2375 2809 2530 2866 habet
2553 2814 2875 2884 voluptatem
2899 2858 2913 2883 ,
2945 2822 3037 2875 sed
3064 2823 3472 2893 sollicitudines,
3506 2830 3588 2885 in-

2019 2900 2234 2968 vidiam,
2263 2903 2497 2970 insidias,
2530 2907 2729 2971 odium,
2764 2912 3155 2981 sycophantias,
3186 2921 3400 2975 etmille
3424 2923 3590 2978 virtu.

2021 2991 2091 3046 tis
2121 2992 2518 3062 impedimenta,
2563 2996 2859 3066 desidiam,
2913 3001 3181 3059 lasciviam
3204 3048 3220 3075 ,
3274 3012 3546 3067 avaritiam
3570 3055 3589 3079 ,

2021 3080 2330 3136 ebrietatem
2351 3125 2365 3149 ,
2417 3099 2534 3154 qua:
2576 3084 2772 3141 liberos
2804 3089 2858 3142 in
2887 3092 3195 3150 servitutem
3238 3099 3504 3169 redigunt,
3536 3113 3591 3157 et

2025 3174 2195 3228 servis
2224 3174 2521 3231 deteriores
2550 3180 2880 3236 constituunt
2910 3199 2923 3235 :
2954 3196 3141 3239 servos
3165 3227 3179 3250 ,
3209 3188 3444 3258 inquam,
3469 3193 3594 3247 rcd-

2022 3263 2191 3329 dunt,
2238 3281 2343 3321 non
2375 3267 2683 3335 hominum,
2714 3272 2806 3326 sed
2835 3275 3133 3342 gravissimi
3159 3280 3398 3334 omnium
3426 3283 3592 3337 animi

2024 3355 2349 3409 morborum.
2411 3358 2510 3413 llic
2552 3362 2714 3415 multa
2745 3364 2902 3419 audet
2945 3381 3062 3435 quae
3092 3382 3189 3423 nec
3232 3369 3342 3425 Deo
3369 3386 3466 3426 nec
3493 3373 3594 3428 lto-

2026 3445 2256 3500 minibus
2288 3447 2515 3514 placent,
2540 3460 2781 3506 metuens
2810 3468 2875 3508 ne
2899 3455 3017 3523 quis
3046 3471 3104 3510 se
3124 3458 3190 3511 ab
3214 3460 3309 3512 bac
3327 3464 3587 3518 servitute

2024 3537 2233 3592 liberet.
2275 3538 2319 3591 Ο
2344 3539 2589 3593 acerbam
2631 3542 2940 3597 servitutem
2961 3584 2974 3609 ,
3015 3554 3069 3600 et
3097 3546 3408 3604 diabolicam
3442 3562 3594 3620 pote-

2026 3629 2245 3682 statem!
2278 3628 2401 3682 [hec
2420 3631 2611 3698 quippe
2634 3641 2718 3687 est
2737 3634 2970 3688 omnium
2993 3637 3323 3705 gravissima,
3351 3643 3491 3711 quod
3519 3652 3597 3700 tot

2026 3719 2229 3775 detenti
2259 3722 2412 3775 malis
2444 3723 2791 3791 delectemur,
2829 3734 2883 3780 et
2908 3737 3124 3785 catenas
3169 3733 3554 3800 amplectamur
3576 3778 3596 3802 ,

2026 3823 2077 3868 et
2104 3813 2246 3883 quod
2275 3815 2612 3869 tenebrosum
2653 3830 2922 3872 carcerem
2951 3818 3268 3890 habitantes,
3302 3825 3475 3882 lucem
3508 3827 3593 3882 fu-

2025 3908 2253 3975 giamus,
2287 3906 2379 3960 scd
2423 3922 2519 3961 nos
2557 3910 2711 3962 malis
2749 3912 3208 3982 constringamus,
3240 3927 3295 3971 et
3321 3918 3373 3973 in
3405 3922 3597 3976 morbo

2026 3997 2375 4052 oblcctemur.
2402 3998 2575 4063 Quare
2602 4001 2926 4056 necliberari
2954 4019 3267 4072 possumus,
3317 4019 3371 4062 et
3413 4011 3597 4079 pejore

2025 4102 2182 4155 quam
2211 4086 2301 4154 qui
2339 4088 2548 4140 metalla
2583 4087 2789 4143 fodiunt
2817 4093 3123 4148 cooditione
3149 4110 3352 4164 sumus,
3377 4098 3502 4152 dum
3521 4101 3598 4155 la-

2028 4176 2158 4231 bore
2194 4184 2250 4230 et
2292 4176 2506 4230 miseria
2531 4176 2728 4244 obruti,
2771 4181 2973 4233 nullum
2998 4182 3122 4238 inde
3160 4184 3387 4241 fructum
3422 4193 3600 4258 perci-

2030 4267 2223 4335 pimus.
2257 4265 2517 4333 Quodque
2546 4267 2781 4321 omnium
2812 4269 3273 4341 delerrimumest,
3292 4278 3335 4330 si
3358 4280 3476 4348 quis
3501 4296 3607 4338 nos

2029 4357 2097 4411 ab
2122 4357 2312 4411 acerba
2336 4355 2641 4425 hujusmodi
2671 4360 2977 4428 captivitate
3007 4377 3198 4419 eruere
3226 4367 3373 4433 velit,
3405 4370 3455 4424 id
3488 4386 3605 4428 non

2028 4450 2298 4518 patimur;
2333 4449 2441 4503 imo
2484 4450 2642 4503 etiam
2678 4465 2819 4520 mgre
2868 4451 3084 4509 ferimus
3125 4463 3182 4509 α
3225 4457 3603 4529 indignamur;

2030 4541 2161 4595 nihil
2202 4541 2391 4596 melius
2413 4540 2586 4596 affecti
2609 4557 2766 4611 quam
2794 4543 2884 4612 qui
2922 4544 3122 4600 insania
3142 4550 3281 4617 capti
3313 4562 3458 4617 sunt,
3489 4554 3601 4609 imo

2031 4635 2189 4703 longe
2215 4632 2631 4687 miserabiliores
2656 4634 2778 4698 illis,
2831 4634 2971 4703 quod
3022 4639 3250 4694 nolimus
3292 4641 3359 4695 ab
3397 4643 3602 4699 insania

2028 4725 2264 4782 liberari.
2322 4724 2585 4793 Numquid
2612 4739 2674 4778 ea
2704 4724 2771 4779 de
2800 4741 2958 4780 causa
3003 4729 3052 4780 in
3087 4732 3342 4787 mundum
3373 4737 3562 4791 venisti
3587 4777 3605 4802 ,

2030 4832 2064 4872 ο
2093 4817 2253 4871 homo
2278 4816 2302 4869 ?
2326 4831 2392 4869 an
2426 4816 2547 4870 ideo
2587 4815 2747 4869 homo
2776 4816 2946 4871 factus
2981 4833 3039 4871 es
3062 4860 3079 4884 ,
3123 4828 3181 4874 ut
3227 4821 3340 4878 haec
3389 4827 3604 4881 metalla

2033 4909 2333 4978 operarcris
2362 4917 2414 4962 et
2450 4922 2636 4961 aurum
2679 4909 3008 4978 colligeresl
3054 4911 3168 4966 Non
3201 4914 3319 4969 ideo
3364 4927 3510 4971 certe
3536 4920 3603 4972 ad

2034 5001 2319 5069 imaginem
2374 5013 2523 5053 suam
2560 5008 2612 5052 te
2638 4998 2924 5064 formavit;
2979 5000 3072 5054 sed
3102 5010 3157 5055 ut
3187 5003 3285 5072 ipsi
3317 5005 3556 5072 placeres
3589 5048 3607 5072 τ

2033 5105 2092 5148 ιιι
2134 5094 2307 5147 futura
2352 5092 2760 5160 consequereris
2789 5132 2803 5156 ,
2857 5102 2914 5147 ιιι
2965 5107 3088 5147 cum
3132 5096 3336 5165 angelis
3376 5098 3604 5153 choreas

2032 5186 2277 5254 ageres‘.
2322 5184 2430 5238 Cur
2457 5193 2508 5237 te
2533 5185 2600 5237 ab
2629 5185 2725 5236 bac
2747 5184 3025 5238 nobilitate
3046 5183 3196 5253 ejicis
3215 5226 3228 5248 ,
3269 5195 3324 5240 et
3350 5187 3399 5240 in
3423 5197 3601 5242 extre-

2035 5294 2175 5332 mam
2197 5278 2419 5346 conjieis
2440 5276 2822 5346 ignobilitatem
2848 5285 2902 5331 et
2928 5276 3242 5330 infamiam?
3283 5278 3382 5346 Qui
3413 5282 3604 5337 eodem

2035 5387 2142 5441 quo
2171 5381 2223 5424 tu
2253 5380 2406 5441 partu
2435 5381 2590 5423 natus
2610 5380 2711 5432 est,
2744 5378 2896 5437 partu
2927 5369 3047 5422 dico
3069 5369 3346 5437 spirituali,
3371 5372 3507 5428 fame
3526 5383 3607 5429 ta-

2035 5463 2241 5519 bescit:
2276 5471 2330 5516 tu
2370 5461 2520 5530 c0pia
2550 5473 2727 5514 rerum
2774 5458 3116 5528 dirumperis.
3161 5459 3350 5517 Frater
3404 5464 3605 5521 nudum

2101 5712 2119 5751 9
2153 5712 2272 5765 llaec
2289 5748 2300 5771 ,
2316 5711 2368 5760 ut
2384 5718 2493 5760 cum
2513 5702 2693 5768 angelis
2717 5702 2915 5757 choreus
2938 5704 3349 5768 agercs,dcerant
3374 5703 3424 5753 in
3448 5703 3591 5753 MOl‘cl
