4072 6152
473 353 576 414 5‘31

481 480 678 536 corpus
701 460 1005 520 circumfert
1043 477 1056 516 :
1087 469 1140 514 tu
1174 468 1348 515 vestes
1379 460 1618 514 vestibus
1665 458 1816 516 addis
1837 501 1852 525 ,
1897 459 2052 512 tineis

483 557 624 612 hunc
652 558 901 608 amictum
930 567 1213 624 apparatis.
1247 551 1460 618 Quanto
1507 551 1699 606 melius
1750 561 1892 606 esset
1923 566 2057 621 pau-

481 662 664 717 perum
711 659 935 715 corpora
959 643 1041 698 his
1091 642 1379 712 obtegere?
1403 641 1476 696 lta
1505 642 1647 697 enim
1685 642 1771 696 illa
1803 657 1908 696 non
1932 657 2060 697 con-

475 744 840 798 sumerentur,
885 743 935 788 te
953 749 1078 788 cura
1103 732 1595 805 omni_liberarent,
1626 740 1680 787 et
1705 727 1932 786 futuram
1964 731 2057 784 tibi

479 835 728 898 pztrerent
758 828 941 880 vitam.
975 826 1028 879 Si
1057 826 1194 880 nolis
1210 840 1316 878 eaa
1343 825 1497 878 tineis
1520 825 1762 879 consumi
1788 865 1804 890 ,
1835 824 1900 876 da
1933 839 2061 892 pauo

481 919 696 986 poribus
727 933 740 968 :
777 917 851 970 illi
886 930 1115 986 namque
1147 915 1259 969 h:ec
1311 923 1629 969 vestimenta
1665 917 1830 983 probe
1883 915 2060 968 sciunt

484 1021 762 1064 excutere.
807 1008 1006 1063 Christi
1038 1023 1265 1077 namque
1291 1021 1488 1077 corpus
1508 1007 1742 1076 qualibet
1773 1022 1892 1060 area
1943 1022 2064 1075 pre-

487 1103 676 1156 tiosius
721 1109 776 1155 et
827 1101 992 1155 tutius
1035 1109 1154 1165 est;
1199 1114 1370 1168 neque
1403 1109 1604 1153 tantum
1633 1114 1692 1152 ea
1721 1099 1953 1153 custodit
1982 1100 2062 1153 in-

489 1202 737 1261 corrupta
763 1233 777 1257 ,
812 1192 904 1245 scd
931 1192 1088 1246 etiam
1135 1191 1498 1259 splendidiora
1526 1190 1717 1244 reddit.
1749 1193 1883 1245 Area
1918 1205 2061 1261 saepe

487 1303 607 1340 cum
629 1287 864 1340 vestibus
891 1285 1106 1354 abrepta
1138 1294 1379 1337 extremo
1404 1291 1455 1337 te
1484 1281 1659 1337 affecit
1683 1281 1902 1337 damno:
1929 1284 2066 1338 hanc

494 1391 624 1432 vero
663 1375 958 1430 custodiam
1006 1391 1072 1428 ne
1101 1388 1246 1428 mors
1275 1373 1486 1442 quidem
1518 1382 1690 1443 potest
1720 1373 2061 1429 labefactare.

501 1468 680 1536 Neque
710 1469 850 1522 enim
899 1467 1064 1536 portis
1092 1475 1184 1520 aut
1209 1465 1448 1519 vectibus
1479 1463 1567 1519 hic
1597 1464 1748 1518 nobis
1776 1474 1858 1518 est
1878 1479 2014 1534 Opus
2047 1507 2062 1530 ,

498 1571 601 1612 non
640 1559 807 1612 servis
835 1557 1191 1626 vigilantibus,
1221 1570 1320 1610 nec
1346 1556 1446 1610 alia
1476 1555 1661 1624 quavis
1685 1555 1950 1608 cautione.
1984 1555 2066 1608 Ab

487 1650 702 1706 insidiis
734 1644 954 1718 profsus
985 1648 1147 1701 libera
1171 1657 1293 1700 sunt
1323 1687 1338 1712 ,
1369 1655 1426 1699 ut
1465 1661 1559 1715 par
1584 1656 1696 1711 est,
1733 1662 1850 1714 qua:
1885 1646 1936 1699 in
1957 1661 2066 1700 eac-

494 1742 560 1796 lis
584 1734 709 1795 sunt
735 1740 1033 1794 recondita.
1065 1738 1237 1792 Locus
1281 1739 1421 1790 enim
1468 1737 1559 1792 ille
1585 1752 1613 1790 a
1641 1738 1874 1806 nequitia
1923 1738 2066 1792 nulla

498 1831 633 1886 adiri
685 1837 881 1898 potest.
927 1829 1053 1882 llaec
1080 1841 1176 1882 nos
1208 1827 1417 1882 dicendi
1452 1827 1608 1882 finem
1646 1843 1751 1881 non
1799 1827 2020 1883 facimus
2049 1869 2065 1896 ,

500 1936 701 1992 vosque
731 1920 1011 1975 audientes
1033 1935 1136 1974 non
1170 1919 1570 1989 obtemperetis.
1613 1921 1774 1990 Cujus
1798 1922 1874 1974 rei
1910 1936 2069 1990 causa

493 2026 599 2081 est,
633 2014 776 2084 quod
810 2013 985 2083 pusilli
1015 2013 1181 2067 simus
1210 2013 1394 2076 animi,
1445 2021 1499 2067 et
1531 2014 1755 2067 terrenis
1780 2013 2066 2070 inhiemus.

491 2103 602 2159 fmo
623 2105 759 2159 absit
783 2113 837 2158 ut
863 2117 1053 2158 omnes
1081 2120 1175 2157 vos
1202 2103 1450 2156 damnem
1475 2145 1489 2169 ,
1515 2118 1578 2157 ac
1617 2104 1660 2156 si
1688 2119 1876 2158 omnes
1908 2105 2064 2160 incu-

497 2196 737 2250 rabiliter
785 2197 1077 2265 aegrotetis.
1109 2195 1328 2249 Etiamsi
1359 2196 1498 2249 enim
1527 2194 1560 2248 ii
1610 2196 1698 2265 qui
1740 2195 1936 2251 divitiis
1961 2197 2070 2252 ine-

499 2287 779 2353 briantnr,
817 2286 1097 2339 obstruant
1149 2299 1304 2339 aures
1338 2301 1404 2338 ne
1449 2284 1703 2349 audiant;
1750 2295 1802 2338 at
1847 2286 1880 2339 ii
1904 2287 1989 2355 qui
2015 2287 2070 2341 in

500 2387 807 2447 paupertate
845 2378 1005 2431 vitam
1033 2385 1230 2446 agunt,
1261 2376 1419 2431 dictis
1476 2376 1751 2431 attendere
1799 2387 2068 2446 poterunt.

499 2470 563 2522 lit
587 2469 711 2538 quid
743 2467 856 2522 haec
884 2468 948 2521 ad
975 2483 1234 2537 pauperes
1258 2510 1272 2533 ,
1325 2468 1550 2538 inquies,
1591 2469 1680 2538 qui
1725 2485 1823 2524 nec
1861 2485 2069 2537 aurum,

497 2575 592 2613 nec
617 2560 928 2613 vestimenta
959 2557 1261 2626 hujnsmodi
1293 2557 1524 2612 habent?
1565 2558 1756 2613 Verum
1790 2560 1858 2613 illi
1885 2577 2071 2629 panem

499 2650 696 2704 habent
736 2658 790 2704 ct
827 2665 1016 2718 aquam
1060 2649 1335 2718 frigidam;
1368 2648 1564 2704 habent
1605 2650 1738 2704 duos
1787 2652 1972 2707 obolos
2021 2665 2076 2710 et

499 2743 682 2809 pedes,
715 2741 868 2810 queis
894 2756 1064 2809 mgros
1093 2741 1358 2805 invisant;
1393 2740 1590 2795 habent
1631 2742 1858 2812 linguam
1886 2756 2073 2801 etser-

501 2843 713 2884 nionem
737 2869 750 2892 ,
783 2838 840 2881 ιιι
869 2831 1213 2883 consolentur
1239 2830 1378 2884 male
1417 2831 1704 2894 affectum;
1758 2834 1954 2888 habent
1979 2837 2076 2892 do-

1215 351 1268 408 S.
1311 347 1586 405 JOANNIS
1624 344 2096 405 CllRYSOSTOMl
2137 347 2447 404 ARClllEP.
2490 328 3017 403 CONSTXNTINOP.

3644 346 3746 402 3⁸⁷8

2166 474 2314 515 mum
2341 469 2394 514 et
2418 469 2636 524 tectum,
2655 475 2760 529 quo
2785 460 3040 529 recipiant
3075 459 3362 529 hospitem.
3398 458 3582 531 Neque
3603 468 3742 518 cuitu

2167 558 2243 604 tot
2275 559 2329 604 et
2366 560 2440 604 tot
2472 551 2667 604 talenta
2707 552 2818 606 auri
2852 566 2880 604 a
2913 551 3267 621 pauperibus,
3301 552 3394 607 scd
3431 572 3461 607 ει
3491 553 3744 609 divitibm

2167 640 2446 708 exigimus.
2471 638 2620 707 Quod
2646 641 2688 695 si
2719 641 2782 694 ad
2813 642 3060 710 pauperis
3091 643 3286 696 ostium
3326 646 3531 700 venerit
3559 646 3743 700 Domi-

2168 745 2299 789 nus.
2334 746 2437 783 non
2481 729 2697 800 pudebit
2725 747 2844 786 eum
2890 732 2972 784 vel
3003 731 3216 786 obolum
3249 735 3524 803 accipere;
3554 738 3650 790 scd
3689 753 3747 792 se

2168 823 2318 892 plura
2335 823 2605 890 accepisse
2637 823 2794 889 dicet,
2816 839 2972 892 quam
3001 809 3073 877 ab
3098 824 3162 878 iis
3184 826 3270 894 qui
3297 827 3460 880 multa
3483 827 3749 896 deposue-

2168 923 2308 968 runt.
2341 914 2479 983 Quot
2507 929 2645 969 nunc
2664 915 2902 970 homines
2925 915 3014 970 illo
3033 927 3270 985 tempore
3289 917 3450 973 fuisse
3475 929 3744 988 optarent,

2168 1021 2273 1075 quo
2299 1004 2540 1060 Christus
2570 1006 2620 1058 in
2649 1020 2810 1060 carne
2836 1017 3028 1061 terram
3065 1008 3264 1074 obibat,
3311 1019 3366 1063 ut
3393 1011 3646 1082 colloquii
3692 1023 3748 1067 et

2175 1111 2375 1150 mensa:
2401 1112 2520 1150 cum
2545 1113 2610 1151 eo
2642 1106 2920 1153 consortes
2957 1107 3138 1152 essent
3174 1102 3188 1152 t
3244 1101 3381 1156 Ecce
3417 1101 3528 1170 jam
3585 1103 3704 1158 licet
3727 1145 3744 1168 ,

2171 1201 2448 1256 possumus
2480 1188 2624 1241 illum
2650 1187 2715 1243 ad
2749 1189 3026 1257 prandium
3053 1205 3246 1244 vocare
3269 1234 3283 1257 ,
3323 1207 3444 1246 eum
3480 1193 3596 1262 ipso
3619 1209 3747 1249 con-

2169 1278 2358 1341 vivari,
2387 1286 2440 1332 et
2484 1293 2602 1332 cum
2634 1280 2820 1349 majori
2852 1280 3019 1334 lucro.
3067 1281 3263 1335 Eorum
3313 1283 3456 1338 enim
3501 1289 3590 1354 qui
3626 1302 3745 1342 cum

2171 1369 2260 1426 illo
2277 1371 2695 1425 convivabantur
2723 1373 2873 1426 multi
2899 1374 3190 1442 perierunt,
3217 1383 3276 1428 ut
3302 1374 3468 1430 ludas
3495 1387 3549 1430 et
3566 1377 3747 1448 hujus-

2172 1461 2315 1515 modi
2360 1462 2634 1527 homines;
2685 1463 3004 1534 quicumque
3053 1477 3183 1520 vero
3223 1467 3369 1520 illum
3400 1468 3508 1536 jam
3527 1469 3750 1524 (Ιοιιιιιιιι

2175 1552 2460 1619 vocabunt,
2495 1563 2552 1607 ut
2581 1568 2780 1608 mensm
2809 1563 2862 1610 et
2895 1556 3017 1609 tecti
3043 1566 3345 1612 consortem
3365 1559 3629 1624 efficiant,
3658 1562 3757 1615 be.-

2174 1645 2476 1700 nedictione
2525 1661 2711 1716 magna
2741 1645 3000 1702 fruentur.
3058 1645 3253 1715 Venite,
3282 1651 3470 1719 inquit,
3503 1653 3745 1708 benedicti

2175 1736 2346 1792 Patris
2363 1740 2478 1802 mei,
2506 1738 2753 1807 possidete
2779 1749 3119 1808 pra'paratum
3172 1741 3310 1795 vobis
3336 1759 3539 1812 regnum
3565 1759 3596 1796 a
3625 1761 3748 1796 con—

2173 1829 2428 1883 stitutione
2449 1831 2640 1883 nmndi.
2671 1830 2873 1885 Esurivi
2897 1834 3043 1896 enim,
3075 1843 3120 1886 et
3149 1834 3355 1888 dedistis
3381 1836 3502 1889 mihi
3529 1839 3747 1891 mandu-

2175 1938 2293 1974 care
2323 1937 2342 1976 :
2369 1922 2522 1987 sitiri,
2550 1934 2596 1976 et
2623 1924 2832 1978 dedistis
2863 1926 2985 1978 mihi
3011 1925 3173 1980 bibere
3204 1946 3218 1982 :
3267 1927 3449 1997 hospes
3495 1945 3654 1994 eram,
3701 1941 3749 1984 et

2175 2014 2460 2080 suscepistis
2475 2030 2554 2068 me
2569 2033 2589 2068 :
2605 2015 2852 2084 inﬁrmus,
2871 2027 2915 2070 et
2934 2017 3165 2072 visitastis
3186 2035 3264 2072 me
3277 2036 3296 2072 :
3312 2021 3362 2072 in
3381 2037 3577 2074 carcere
3591 2039 3746 2089 erant,

2175 2115 2220 2158 et
2257 2107 2455 2160 venistis
2492 2107 2560 2160 ad
2601 2126 2677 2162 me
2708 2111 2725 2180 (
2755 2108 2941 2163 Matth.
2965 2111 3050 2164 25.
3091 2112 3319 2182 51-56).
3356 2115 3421 2170 Ut
3467 2130 3593 2186 ergo
3639 2118 3749 2173 lure

2177 2197 2455 2250 audiamus
2477 2198 2656 2264 verba,
2684 2199 2880 2254 nudum
2909 2202 3216 2268 vestiamus,
3247 2204 3560 2274 colligamus
3582 2207 3749 2276 hospi-

2179 2297 2282 2342 tem
2313 2331 2327 2354 ,
2354 2290 2646 2344 nutriamus
2667 2291 3018 2357 esurientem,
3054 2293 3250 2348 sitienti
3284 2304 3466 2364 potum
3517 2298 3703 2352 demus
3734 2341 3746 2360 ,

2179 2396 2378 2452 aegrum
2407 2391 2694 2439 etcarcere
2725 2383 3000 2438 detentum
3043 2386 3334 2442 invisamus
3361 2430 3374 2453 ,
3406 2398 3462 2442 ut
3507 2390 3746 2445 liduciam

2179 2481 2233 2528 et
2277 2473 2485 2528 veniam
2519 2484 2854 2544 peccatorum
2883 2477 3233 2545 accipiamus,
3266 2488 3320 2534 et
3361 2480 3447 2533 illa
3473 2481 3609 2536 bona
3635 2499 3751 2552 qu:e

2179 2579 2392 2618 omnem
2423 2579 2724 2621 sermonem
2744 2576 2798 2620 et
2813 2577 3041 2622 mentem
3065 2578 3317 2636 superant
3339 2585 3746 2640 consequamur:

2179 2671 2296 2724 qua:
2325 2657 2520 2709 utinam
2552 2671 2738 2710 omnes
2763 2657 3138 2724 adipiscamur,
3163 2661 3330 2727 gratia
3352 2669 3404 2714 et
3434 2661 3751 2730 benignitate

2182 2748 2386 2801 Domini
2409 2748 2578 2802 nostri
2607 2747 2733 2802 Jesu
2760 2746 2980 2813 Christi,
3008 2749 3091 2802 cui
3122 2748 3286 2818 gloria
3317 2761 3368 2805 et
3391 2751 3667 2822 imperium
3701 2754 3749 2806 in

2181 2839 2372 2894 Siccula
2404 2839 2738 2891 smculortun.
2766 2841 2951 2892 Amen.

507 2945 3264 2969 Mm

3680 2966 3702 2970 ην
3715 2965 3752 2973 ς-

1870 3037 2214 3103 IIOMILIA
2258 3042 2393 3102 LX.

498 3179 627 3234 Car.
670 3178 754 3233 10.
799 3193 852 3230 v.
894 3177 981 3230 M.
1026 3174 1134 3244 Ego
1176 3189 1286 3225 sum
1330 3182 1502 3242 pastor
1533 3175 1721 3239 bonus,
1751 3185 1796 3228 ct
1839 3192 2082 3245 cognosco

569 3283 682 3322 oves
709 3282 864 3332 meas,
894 3275 940 3319 et
965 3271 1266 3334 cognoscunt
1293 3279 1368 3315 me
1395 3279 1536 3316 mete.
1562 3265 1646 3319 15.
1673 3264 1815 3318 Sicut
1843 3268 1976 3319 novit
2004 3285 2083 3321 me

573 3359 764 3424 Pater,
793 3367 838 3411 et
875 3372 966 3426 ego
1003 3370 1246 3425 cognosco
1291 3353 1495 3408 Patrem
1523 3395 1538 3420 ,
1572 3364 1616 3410 et
1660 3357 1880 3410 animam
1921 3376 2080 3412 meam

574 3465 706 3519 pono
735 3465 826 3516 pro
854 3447 1024 3501 ovibus
1056 3446 1198 3499 meis.

575 3544 628 3593 1.
670 3538 856 3592 Pastor
885 3535 1123 3590 Ecclesia
1160 3535 1306 3607 fortis
1345 3551 1452 3589 esse
1487 3535 1646 3591 debet.
1687 3535 1923 3592 Pastorcs
1963 3539 2085 3594 ntali

500 3633 610 3698 qui.
636 3657 706 3669 —
729 3629 970 3698 Magnum
1002 3627 1267 3696 quidpiam
1293 3669 1308 3690 ,
1341 3641 1589 3696 magnum
1615 3637 1759 3682 certe
1786 3638 1866 3682 est
1897 3628 2083 3683 Eccle-

503 3719 597 3772 sia:
626 3717 954 3786 pratfectura,
981 3733 1098 3785 qua:
1125 3717 1288 3770 multa
1317 3725 1469 3786 egeat
1499 3717 1833 3786 philosophia
1859 3726 1912 3771 et
1938 3717 2084 3772 forti-

507 3807 709 3870 tudine,
736 3821 798 3860 ac
821 3815 1016 3874 quanta
1043 3803 1288 3859 Christus
1312 3805 1464 3868 dixit,
1489 3807 1558 3859 ita
1586 3817 1642 3860 ut
1668 3809 1896 3861 animam
1925 3818 2085 3876 ponat

505 3915 603 3971 pro
632 3897 848 3960 ovibus,
881 3910 1164 3963 numquam
1193 3895 1308 3948 illas
1341 3894 1585 3959 deserat,
1614 3905 1669 3950 et
1694 3905 1875 3950 contra
1905 3898 2082 3966 lupum

502 4000 607 4047 stet
637 3990 860 4044 fortiter.
896 3987 950 4042 In
995 3987 1093 4041 hoc
1119 3987 1296 4040 difl'ert
1340 3995 1518 4055 pastor
1547 4001 1576 4040 a
1607 3987 1955 4042 mercenaria.
1990 3988 2086 4044 llic

503 4085 647 4139 enim
684 4081 1004 4150 contemptis
1030 4079 1220 4136 ovibus
1250 4081 1475 4150 propria:
1505 4081 1659 4134 saluti
1699 4095 1910 4150 semper
1937 4081 2085 4135 advi-

503 4176 631 4241 gilat
661 4193 674 4229 :
707 4174 794 4228 ille
823 4189 954 4228 vero
980 4213 994 4238 ,
1027 4186 1120 4226 sua
1153 4171 1380 4225 demissa
1402 4211 1417 4236 ,
1452 4171 1673 4226 salutem
1702 4181 1852 4224 ettrat
1881 4173 2080 4226 ovium.

506 4268 631 4322 Post
655 4267 776 4321 data
801 4281 928 4336 ergo
956 4265 1183 4334 pastoris
1213 4263 1402 4318 indicia
1429 4303 1443 4324 ,
1471 4261 1604 4316 duos
1644 4263 1790 4332 gregi
1823 4264 2086 4332 pernicio-

505 4372 597 4413 sos
625 4366 883 4412 memorat
912 4377 926 4411 :
960 4355 1128 4411 furem
1161 4363 1478 4408 mactantem
1506 4363 1560 4409 et
1590 4355 1880 4422 rapientem
1912 4371 2040 4409 oves
2065 4373 2079 4419 ;

505 4460 560 4504 et
588 4450 811 4504 alterum
848 4449 937 4518 qui
969 4463 1070 4500 non
1105 4447 1216 4518 ipse
1246 4446 1456 4515 perdit,
1485 4443 1576 4498 sed
1612 4443 1778 4500 furem
1806 4460 1910 4498 non
1940 4455 2085 4500 arcet

508 4555 607 4594 nec
648 4538 885 4608 impedit.
931 4537 1031 4590 Per
1069 4537 1212 4590 illum
1253 4543 1430 4588 autem
1473 4533 1745 4588 Theudam
1785 4535 2080 4603 significat,

510 4645 606 4696 per
643 4627 784 4680 hunc
810 4625 1112 4680 Judazorum
1143 4625 1388 4678 doctores
1415 4623 1640 4676 traducit
1663 4665 1678 4689 ,
1721 4625 1809 4694 qui
1837 4625 1904 4679 de
1929 4640 2082 4679 com-

511 4716 688 4770 missis
727 4713 825 4767 sibi
864 4714 1050 4767 ovibus
1085 4714 1278 4766 nullam
1323 4711 1584 4766 habebant
1624 4726 1838 4776 curam;
1879 4729 1980 4782 qua
2017 4714 2084 4768 de

510 4820 569 4861 re
592 4805 702 4875 jam
729 4803 853 4856 olim
886 4801 1125 4856 Ezechiel
1157 4801 1276 4855 illos
1321 4800 1594 4854 incusabat
1625 4799 1705 4853 his
1733 4801 1909 4855 verbis
1940 4819 1953 4853 :
1996 4801 2084 4856 Va:

509 4893 793 4968 pastoribus
811 4892 1011 4948 Israel!
1033 4893 1216 4947 Nonne
1231 4902 1452 4964 pastores
1477 4891 1742 4962 pascebant
1757 4895 2044 4962 semetipsos
2058 4896 2083 4948 1’

509 5001 674 5042 nonne
701 5001 814 5040 oves
838 4993 1114 5054 pascuntur
1133 5000 1164 5036 a
1190 4983 1471 5053 pastoribus
1498 4981 1710 5050 (Ezech.
1741 4984 1826 5038 54.
1855 4983 1953 5052 2)?
1977 4984 2080 5040 Sed

510 5082 584 5136 illi
615 5078 940 5136 contrarium
981 5075 1278 5140 faciebant,
1305 5075 1445 5146 quod
1477 5075 1689 5128 malitia:
1717 5075 1958 5130 maxima:
1985 5092 2080 5145 ge-

509 5187 608 5225 nus
647 5177 768 5234 est,
812 5169 1143 5236 aliorumque
1183 5181 1340 5220 causa
1381 5165 1660 5219 malormu.
1695 5164 1818 5219 Ideo
1854 5181 2082 5237 namque

507 5261 633 5315 dicit
662 5277 677 5315 :
705 5260 884 5331 Neque
910 5270 1150 5314 errantes
1180 5274 1309 5314 oves
1338 5257 1662 5313 reducebant
1687 5299 1703 5324 ,
1737 5275 1908 5328 neque
1939 5260 2079 5328 quod

512 5353 736 5418 perierat
757 5352 1063 5420 qumrebant
1085 5349 1244 5420 (Ibid.
1269 5367 1315 5404 υ.
1340 5350 1416 5416 4),
1441 5364 1611 5418 neque
1631 5349 1768 5418 quod
1793 5351 2079 5404 contritum

509 5448 622 5492 crat
647 5440 958 5508 alligabant,
986 5456 1154 5510 neque
1179 5441 1319 5509 quod
1351 5441 1616 5493 infirmum
1643 5438 1931 5504 curabant,
1959 5455 2078 5509 quia

511 5529 713 5596 scipsos
737 5567 752 5591 ,
792 5543 896 5581 non
938 5544 1062 5583 oves
1087 5570 1102 5593 ,
1151 5531 1452 5598 pascebant.
1496 5529 1722 5596 ldipsum
1755 5527 1947 5583 Paulus
1973 5529 2080 5583 alio

514 5617 672 5668 verbo
697 5615 1026 5684 significabat.
1055 5634 1068 5668 :
1104 5617 1286 5671 Omnes
1312 5634 1424 5686 qua:
1447 5635 1538 5671 sua
1566 5628 1678 5672 sunt
1704 5629 1954 5686 quierunt,
1978 5635 2079 5672 non

509 5719 622 5772 qua:
645 5702 766 5758 Iesu
809 5702 998 5759 Christi
1030 5703 1262 5774 (Philip.
1292 5708 1342 5758 9..
1379 5707 1443 5759 9.1
1476 5712 1528 5775 );
1560 5719 1612 5764 et
1644 5723 1880 5774 rursum,
1920 5707 2078 5762 Nemo

2183 3195 2294 3250 qua:
2318 3199 2410 3234 sua
2435 3191 2551 3235 sunt
2577 3193 2785 3250 qttll’t‘af,
2813 3185 2901 3238 sed
2927 3186 3144 3251 proximi
3172 3188 3504 3258 unusquisque
3528 3190 3600 3258 (f.
3635 3189 3750 3243 Cor.

2186 3275 2272 3328 10.
2299 3275 2414 3343 24).
2443 3275 2522 3327 Ab
2552 3284 2774 3344 utroque
2804 3292 2997 3342 genere
3023 3292 3084 3330 se
3109 3275 3352 3333 Christus
3375 3292 3616 3349 segregat
3646 3299 3658 3333 :
3689 3283 3755 3334 ab

2185 3364 2289 3419 illis
2315 3369 2402 3435 qui
2433 3365 2495 3418 ad
2531 3367 2816 3434 perniciem
2851 3368 3096 3432 veniunt,
3128 3384 3246 3422 cum
3275 3371 3381 3433 ait,
3413 3369 3538 3424 Ideo
3569 3373 3677 3424 veni
3705 3379 3758 3424 ut

2183 3459 2333 3510 vitam
2377 3456 2588 3510 habeant
2617 3499 2632 3524 ,
2662 3467 2708 3511 et
2754 3457 3092 3512 abundantius
3138 3459 3386 3526 habeant;
3417 3464 3484 3516 ab
3521 3463 3599 3516 his
3632 3479 3755 3516 vero

2184 3548 2272 3616 qui
2305 3548 2431 3602 nihil
2462 3559 2670 3613 curant,
2703 3550 2746 3602 si
2777 3564 2904 3604 oves
2933 3566 2960 3603 a
2995 3550 3131 3619 lupis
3159 3553 3458 3620 rapiantur;
3490 3569 3608 3607 cum
3643 3555 3756 3607 illas

2183 3654 2288 3693 non
2313 3638 2579 3708 relinquit,
2605 3639 2696 3694 sed
2721 3640 2946 3694 animam
2969 3655 3116 3694 suam
3143 3643 3283 3709 ponit
3306 3659 3371 3697 ne
3395 3643 3498 3697 illae
3519 3658 3751 3712 pereant.

2183 3730 2314 3784 Cum
2343 3729 2483 3785 enim
2515 3732 2878 3784 consultarent
2920 3731 3062 3784 illum
3094 3733 3333 3786 occidere
3358 3776 3371 3798 ,
3407 3750 3575 3804 neque
3599 3749 3631 3787 a
3658 3735 3755 3787 do-

2184 3823 2349 3876 ctrina
2379 3823 2610 3887 destitit,
2646 3839 2815 3890 neque
2846 3823 3122 3878 credentes
3153 3825 3413 3892 prodidit;
3446 3827 3537 3880 sed
3575 3828 3753 3888 stetit,

2184 3921 2232 3964 et
2258 3925 2480 3966 mortem
2503 3913 2680 3966 subiit.
2711 3911 2832 3966 hleo
2855 3915 3048 3982 ubique
3071 3913 3297 3979 dicebat,
3322 3915 3429 3986 Ego
3448 3932 3558 3969 sum
3586 3928 3758 3986 pastor

2185 4002 2360 4057 bonus.
2395 4003 2588 4057 Deinde
2617 4018 2735 4057 cum
2768 4005 2970 4056 nullum
2997 4005 3182 4058 adesse
3211 4006 3477 4060 videretur
3507 4007 3579 4060 rei
3614 4009 3758 4060 testi-

2185 4093 2418 4147 monium
2443 4095 2586 4163 (nam
2612 4094 2757 4157 illud,
2783 4095 3014 4147 Animam
3040 4112 3198 4148 meam
3221 4112 3368 4163 pono,
3400 4096 3541 4149 brevi
3574 4108 3755 4166 postea

2184 4186 2410 4249 accidit;
2441 4185 2568 4240 illud
2601 4202 2724 4240 vero
2746 4227 2760 4250 ,
2791 4197 2843 4240 ut
2872 4188 3025 4240 vitam
3065 4187 3309 4251 habeant,
3343 4195 3388 4240 et
3414 4187 3758 4243 abundantius

2185 4279 2436 4344 habeant,
2468 4286 2588 4347 post
2629 4293 2782 4333 suum
2813 4293 2879 4333 ex
2918 4278 3016 4332 hac
3053 4279 3156 4332 vita
3186 4278 3474 4334 discessum
3523 4279 3754 4334 futurum

2182 4369 2342 4439 erat),
2368 4369 2490 4439 quid
2527 4368 2684 4423 facit?
2714 4370 2950 4423 Alterum
2982 4368 3048 4422 ab
3077 4369 3246 4422 altero
3270 4370 3584 4434 confirmat;
3611 4387 3759 4424 nem-

2183 4477 2250 4531 pe
2279 4476 2343 4515 ex
2383 4475 2447 4514 eo
2476 4460 2614 4530 quod
2651 4459 2740 4514 det
2779 4463 3008 4514 animam
3037 4501 3052 4526 ,
3082 4459 3221 4529 quod
3263 4459 3352 4513 det
3386 4461 3544 4514 etiam
3573 4462 3752 4514 vitam.

2181 4551 2332 4617 Quod
2357 4560 2411 4606 et
2439 4551 2634 4606 Paulus
2661 4551 2869 4606 dicebat
2897 4569 2911 4605 :
2939 4549 2998 4606 Si
3033 4566 3146 4603 cum
3177 4550 3367 4604 inimici
3391 4567 3610 4604 essenms
3630 4591 3647 4615 ,
3679 4568 3758 4603 re-

2182 4643 2434 4696 conciliati
2460 4659 2630 4697 sumus
2660 4641 2766 4695 Deo
2795 4658 2883 4710 per
2907 4651 3112 4695 mortem
3140 4639 3266 4694 Filii
3293 4644 3402 4711 ejus
3429 4656 3448 4694 :
3468 4643 3625 4695 multo
3652 4658 3758 4694 ma-

2181 4735 2257 4804 gis
2286 4734 2592 4788 reconciliati
2627 4734 2754 4788 salvi
2781 4736 2964 4787 erimus
2989 4733 3007 4803 (
3033 4732 3177 4786 Rom.
3203 4734 3255 4789 5.
3290 4731 3418 4805 10
3454 4734 3519 4788 Ει
3547 4749 3754 4788 rursum

2181 4823 2304 4878 alibi
2326 4841 2338 4876 :
2362 4823 2463 4892 Qui
2479 4826 2626 4878 etiam
2646 4823 2781 4879 Filio
2792 4842 2882 4880 suo
2899 4841 2998 4879 non
3029 4825 3264 4894 pepercit,
3283 4825 3358 4896 (a)
3377 4823 3487 4898 [sed
3501 4841 3593 4897 pro
3618 4825 3755 4878 nobis

2183 4914 2408 4968 onmibus
2447 4915 2654 4968 tradidit
2692 4916 2834 4968 illum
2859 4913 2898 4986 ,]
2923 4914 3175 4984 quomodo
3215 4931 3315 4968 non
3353 4917 3500 4968 etiam
3529 4932 3639 4969 cum
3670 4915 3755 4967 illo

2181 5008 2349 5060 omnia
2391 5007 2531 5061 nobis
2560 5007 2763 5061 donabit
2789 5009 2805 5075 (
2831 5007 2976 5061 Rom.
3005 5006 3058 5062 8.
3088 5007 3158 5060 52
3177 5005 3194 5074 )
3216 5004 3240 5057 ?
3263 5005 3368 5061 Sed
3397 5022 3490 5060 cur
3517 5023 3620 5060 non
3647 5007 3754 5075 jzun

2181 5110 2432 5155 accusant
2459 5101 2610 5155 illum
2637 5108 2692 5154 ut
2721 5100 2899 5169 prius,
2931 5099 3208 5153 dicentes:
3240 5097 3316 5151 Tu
3342 5099 3403 5152 de
3429 5099 3586 5166 teipso
3618 5099 3756 5151 testi-

2181 5194 2402 5247 monium
2441 5193 2666 5262 perhibes
2690 5233 2706 5258 ,
2754 5192 3090 5244 testimonium
3137 5200 3278 5242 tuum
3323 5205 3422 5241 non
3469 5199 3540 5240 est
3590 5203 3758 5239 verum

2183 5283 2373 5350 (Joan.
2401 5283 2454 5340 8.
2488 5283 2636 5355 15)?
2663 5282 2792 5350 Quia
2825 5297 2966 5351 saepe
2995 5282 3113 5335 illos
3142 5280 3300 5334 silere
3327 5287 3605 5348 coegerat;
3640 5289 3694 5332 ct
3729 5293 3758 5331 a

2180 5375 2345 5446 signis
2388 5375 2558 5444 major
2598 5381 2897 5428 accesserat
2939 5371 3127 5425 fiducia
3152 5413 3168 5434 ,
3213 5380 3269 5424 ut
3309 5370 3412 5424 illis
3451 5369 3754 5423 obsisteret.

2181 5467 2381 5521 Deinde
2409 5467 2529 5536 quia
2559 5466 2802 5535 superius
2828 5463 3032 5517 dixerat
3060 5479 3074 5514 :
3106 5461 3170 5514 Et
3201 5478 3313 5515 oves
3341 5476 3507 5515 vocem
3531 5460 3640 5530 ejus
3665 5473 3758 5511 att-

2179 5559 2345 5623 diunt,
2367 5568 2413 5612 et
2439 5565 2710 5628 sequuntur
2733 5570 2880 5619 cum;
2912 5569 2978 5609 ne
3005 5553 3124 5624 quis
3146 5551 3369 5618 diceret,
3395 5550 3530 5620 Quid
3557 5547 3623 5604 ad
3653 5563 3757 5602 non

2239 5712 2312 5773 (α)
2336 5711 2524 5761 L'ucinis
2555 5709 2712 5762 clausa
2735 5712 2910 5762 desunt
2935 5723 2983 5760 tn
3005 5709 3292 5774 quibusdam
3309 5716 3413 5756 uss.
