4072 6152
335 339 441 396 527

336 473 396 509 σε
425 454 547 508 κατ’
580 451 796 506 εἰκόνα·
829 450 945 505 ἀλλ’
970 451 1057 504 ἵνα
1097 446 1248 518 αύτῷ
1275 446 1504 517 άρὲσῃς,
1540 446 1629 499 ἴνα
1656 443 1765 498 τῶν
1800 443 1923 515 μελ-

338 539 538 592 λόντων
573 534 860 608 ἐπιτύχῃς,
909 535 995 586 ἴνα
1028 534 1144 604 μετ’
1175 530 1422 601 ἀγγέλων
1462 529 1730 602 χορεύσῃς
1772 540 1819 581 ι.
1857 526 1922 580 Τί

338 621 523 677 τοίνυν
575 620 860 682 ἐκϐάλλεις
891 616 1120 671 σεαυτὸν
1151 616 1253 685 τῆς
1282 613 1539 684 τοιαύτης
1577 611 1924 682 συγγενείας,

342 705 437 760 καὶ
476 703 615 774 πρὸς
644 700 746 771 τὴν
775 700 1012 772 ἐσχάτην
1034 699 1260 771 ἀτιμίαν
1293 690 1389 752 καὶ
1429 696 1750 765 δυσγένειαν
1789 692 1925 759 ἐξω-

343 789 490 854 θεῖςς
553 787 614 840 Ὀ
637 786 738 850 τάς
772 784 942 849 αὐτὰς
972 787 1056 840 σοὶ
1078 785 1251 848 λύσας
1285 784 1503 848 ὠδῖνας,
1536 781 1731 844 ὠδῖνας
1752 780 1809 833 δὲ
1829 777 1953 847 λέγ-

340 874 488 939 ma;
531 870 933 944 πνευματικὰς,
970 868 1115 941 λιμῷ
1157 868 1567 939 διαφθείρεται·
1615 868 1680 920 σὺ
1732 865 1790 919 δὲ
1823 862 1931 918 61:6

345 958 668 1031 πλησμονῆς
722 957 1142 1028 διαρρήγνυσαι.
1203 955 1260 1007 '0
1311 952 1539 1022 ἀδελφὸς
1596 950 1803 1021 γυμνὸς
1867 964 1931 1001 το

346 1042 510 1113 σῶμα
537 1042 816 1113 περιάγει,
854 1041 919 1094 σὺ
941 1039 1000 1095 δέ
1021 1039 1117 1094 καὶ
1143 1041 1258 1103 τοῖς
1288 1036 1524 1109 ἱματίοις
1546 1035 1734 1105 ἱμάτια
1756 1047 1930 1085 κατα-

349 1125 657 1190 σκευάζεις,
691 1124 1043 1196 ἐπιτειχίζων
1081 1125 1195 1189 τοῖς
1242 1120 1483 1191 σκώληξι
1528 1117 1630 1189 τὴν
1674 1115 1933 1185 τοιαύτην

348 1208 665 1281 περιϐολήν.
693 1208 806 1262 Kal
832 1209 985 1278 πόσῳ
1014 1205 1222 1277 βέλτιον
1236 1200 1306 1275 ἦν
1328 1203 1397 1256 τά
1420 1200 1650 1271 σώματα
1664 1197 1932 1281 περιϐάλ-

349 1279 465 1346 λειν
488 1291 559 1345 τά
603 1289 715 1345 τῶν
749 1291 1024 1361 πενήτωνῑ
1049 1286 1205 1343 Οῦτω
1247 1287 1357 1357 γὰρ
1397 1284 1493 1338 καὶ
1523 1282 1776 1337 ἀνάλωτα
1803 1279 1936 1350 έμε-

352 1394 412 1433 νε
440 1377 494 1439 δ,
534 1376 628 1429 καὶ
650 1374 930 1446 φροντίδος
960 1372 1177 1441 ἀπάσης
1202 1370 1530 1442 ἀπήλλαττε,
1567 1366 1661 1421 καὶ
1681 1364 1779 1437 τὴν
1805 1363 1935 1435 μέλ-

352 1460 553 1514 λουσάν
590 1475 670 1512 σοι
697 1459 843 1531 ζωὴν
880 1457 1155 1530 ἐκόμιζεν.
1205 1458 1269 1510 Et
1297 1455 1407 1527 7&9
1441 1454 1518 1526 μὴ
1557 1451 1734 1524 βούλει
1761 1450 1937 1504 ταῦτα

353 1542 612 1611 γενέσθαι
651 1541 993 1614 σητόϐρωτα,
1038 1540 1130 1605 δὸς
1148 1542 1262 1603 τοῖς
1293 1541 1562 1609 πτωχοῖς·
1600 1536 1800 1589 ἐκεῖνοι
1826 1531 1937 1603 γάρ

356 1628 496 1678 εἰσιν
528 1626 579 1678 οί
615 1624 683 1678 τά
730 1625 919 1694 ἱμάτια
960 1621 1135 1677 ταῦτα
1177 1620 1378 1684 είδότες
1422 1620 1696 1674 τινάσσειν
1734 1615 1937 1678 καλῶς.

356 1707 470 1763 Καὶ
497 1705 607 1776 γάρ
619 1707 716 1761 τοῦ
745 1703 1001 1759 κιϐωτίου
1028 1704 1091 1758 τὸ
1123 1704 1283 1773 σῶμα
1300 1701 1393 1757 τοῦ
1415 1702 1653 1774 Χριστοῦ
1686 1696 1943 1769 τιμιώτε-

363 1791 456 1862 ρόν
477 1808 536 1845 τε
572 1790 668 1845 καὶ
695 1789 1121 1858 ἀσφαλέστερον.
1160 1786 1296 1840 Οὐδὲ
1330 1787 1441 1858 γὰρ
1473 1786 1633 1857 μόνον
1679 1783 1943 1854 φυλάσσει

357 1872 431 1927 τὰ
469 1873 680 1945 ίμάτια,
726 1871 847 1925 οὐδὲ
891 1870 1143 1924 ἀνάλωτα
1171 1868 1417 1940 διατηρεῖ
1464 1868 1645 1940 μόνον,
1684 1865 1831 1921 ἀλλὰ
1847 1864 1944 1918 καὶ

359 1955 720 2028 λαμπρότερα
751 1953 1064 2026 ἐργάζεται.
1096 1953 1170 2006 Τὸ
1202 1952 1456 2007 κιϐώτιον
1506 1951 1765 2014 πολλάκις
1806 1947 1946 2019 μετά

361 2042 472 2095 τῶν
514 2040 744 2111 ἱματίων
777 2037 981 2110 ληφθὲν
1030 2037 1233 2109 ἐσχάτῃ
1270 2054 1331 2090 σε
1378 2036 1672 2108 περιέϐαλε
1732 2033 1940 2105 ζημίᾳ·

360 2122 569 2194 ταύτην
609 2123 667 2177 δὲ
687 2122 810 2176 οὐδὲ
845 2121 1074 2185 θάνατος
1098 2122 1443 2192 λυμήνασθαι
1471 2121 1695 2176 δύναται
1722 2119 1820 2191 τὴν
1847 2134 1947 2187 φυ-

362 2205 560 2277 λακήν.
598 2206 736 2260 Ούδὲ
788 2205 896 2275 γάρ
934 2203 1116 2273 θυρῶν
1148 2204 1384 2258 ἐνταῦθα
1429 2207 1564 2276 ἡμῖν
1603 2205 1685 2257 δεῖ
1716 2205 1814 2257 καὶ
1854 2218 1948 2272 μο-

364 2288 508 2361 χλῶν
532 2307 546 2321 ·
580 2290 682 2342 οὐκ
718 2287 945 2341 οἰκετῶν
976 2286 1421 2357 ἀγρυπνούντων,
1452 2289 1551 2341 οὐκ
1599 2286 1769 2356 ἄλλης
1802 2285 1949 2348 τινὸς

364 2372 621 2445 τοιαύτης
645 2371 964 2442 ἀσφαλείας.
987 2372 1097 2425 Kal
1119 2371 1227 2441 7&9
1259 2372 1439 2443 πάσης
1462 2370 1754 2440 ἐπιϐουλῆς
1775 2369 1951 2439 ἀπήλ-

367 2456 585 2515 λακται,
616 2456 710 2510 καὶ
735 2455 1023 2510 ἀπόκειται
1046 2454 1427 2525 φυλαττόμενα
1447 2472 1460 2486 ·
1487 2453 1674 2524 ὥσπερ
1696 2454 1865 2518 είκὸς,
1882 2451 1950 2505 τά

373 2542 432 2593 ἐν
471 2543 583 2603 τοῖς
616 2541 858 2609 οὐρανοῖς
890 2538 1140 2608 κείμενα.
1178 2538 1331 2608 Πάσῃ
1360 2536 1469 2609 γὰρ
1501 2537 1671 2609 κακίᾳ
1698 2538 1903 2600 ἐκεῖνος
1923 2536 1951 2589 6

372 2626 541 2686 τόπος
566 2623 780 2685 ἄϐατος.
815 2621 996 2675 Ταῦτα
1021 2620 1145 2673 οὔτε
1167 2621 1327 2691 ἡμεῖς
1355 2621 1443 2674 ἀεὶ
1467 2621 1715 2689 λέγοντες
1740 2621 1953 2691 διαλιμ-

375 2711 639 2780 πάνομεν,
664 2706 784 2760 οὔτε
801 2706 956 2776 ὑμεῖς
977 2706 1266 2770 ἀκούοντες
1288 2705 1560 2760 πείθεσθε.
1579 2706 1653 2758 T6
1674 2705 1729 2759 δὲ
1757 2706 1948 2769 αἴτιον,

373 2794 551 2863 ψυχῆς
577 2792 743 2860 ἐσμεν
781 2788 1030 2852 εὐτελοῦς
1050 2830 1065 2853 ,
1102 2788 1196 2840 καὶ
1221 2788 1356 2860 πρὸς
1387 2788 1485 2858 τήν
1506 2789 1609 2858 γῆν
1637 2787 1952 2858 κεχηνυίας,

375 2878 474 2931 καὶ
515 2872 689 2945 χαμαὶ
711 2873 1038 2944 συρομένης.
1070 2873 1284 2926 Μᾶλλον
1313 2873 1370 2925 δὲ
1398 2872 1473 2943 μὴ
1498 2872 1707 2941 γένοιτο
1737 2872 1954 2926 πάντων

375 2961 531 3030 ὑμῶν
555 2957 899 3027 καταγνῶναι
930 2958 1149 3020 κακίαν,
1183 2957 1259 3020 ὡς
1292 2957 1502 3021 πάντας
1530 2957 1724 3011 ἀνίατα
1755 2959 1952 3010 νοσεῖν.

376 3042 571 3114 Είγάρ
617 3043 711 3096 καὶ
739 3042 788 3095 οί
830 3039 910 3111 τῷ
947 3040 1161 3107 πλούτῳ
1225 3039 1535 3109 μεθύοντες,
1585 3040 1958 3112 ἐμφράττουσι

372 3128 476 3199 τὴν
510 3127 679 3195 ἀκοὴν
718 3125 854 3196 πρὸς
883 3123 950 3178 τά
978 3124 1265 3194 λεγόμενα,
1302 3123 1418 3177 ἀλλ’
1453 3125 1501 3176 οί
1544 3127 1706 3195 πενίᾳ
1754 3122 1959 3186 συζῶν-

374 3226 470 3272 τες
516 3209 837 3280 δυνήσονται
888 3206 1173 3275 διαϐλέψαι
1218 3205 1354 3277 πρὸς
1400 3207 1469 3259 τὰ
1512 3206 1802 3276 λεγόμενα.
1849 3207 1960 3259 Kal

374 3295 432 3348 τί
460 3291 635 3347 ταῦτα
672 3291 812 3363 πρὸς
833 3292 959 3353 τοὺς
988 3290 1246 3360 πένητας,
1281 3289 1481 3359 φησίν;
1516 3289 1577 3342 ού
1615 3290 1726 3360 γάρ
1761 3289 1960 3359 χρυσὸς

378 3377 567 3438 αὐτοῖς
597 3376 765 3437 ἐστιν,
787 3372 907 3425 οὐδὲ
939 3372 1130 3442 ἱμάτια
1161 3371 1419 3434 τοσαῦτα,
1451 3370 1637 3442 φησίν.
1677 3370 1837 3423 Ἀλλά
1860 3369 1960 3440 ἄρ-

442 3469 470 3495 ⁸
494 3466 601 3515 Ἵνα
679 3465 723 3513 τ’
760 3465 971 3525 6L779th
991 3463 1226 3527 χορεύσῃς
1266 3463 1440 3511 deerat
1463 3463 1513 3511 in
1540 3463 1713 3511 Morel.
1781 3458 1811 3499 δ
1837 3462 1965 3511 Are-

442 3541 516 3575 ms
549 3481 697 3575 malit.
740 3537 848 3575 qua:
870 3523 912 3575 si
933 3524 1021 3574 Ιιοο
1042 3532 1181 3575 pacto
1206 3531 1615 3574 consumerentur.

378 3530 516 3578 tinus
549 3524 697 3585 male,
740 3524 848 3586 qua:
870 3524 912 3575 si
933 3524 1021 3574 Ιιοο
1042 3524 1187 3587 pacto
1206 3531 1615 3574 consumerentur.

1401 334 1467 391 IN
1504 332 1822 390 JOANNEM
1860 327 2092 424 ILOMIL.
2133 327 2246 385 LX.
2280 330 2349 386 al.
2388 327 2523 385 LIX.

3511 319 3619 378 5‘18

2021 458 2115 504 τος
2147 439 2298 492 ἐστὶν
2326 438 2511 502 αὐτοῖς
2542 440 2637 493 καὶ
2662 435 2805 506 ὕδωρ
2852 432 3060 504 ψυχρόν
3082 449 3093 462 ·
3131 430 3248 485 ἀλλ’
3293 429 3470 484 ὀϐολοὶ
3499 431 3612 488 δύο.

2026 524 2120 576 καὶ
2162 521 2341 586 πόδες,
2387 519 2529 573 ὥστε
2574 514 2978 585 ἐπισκέψασθαι
3006 515 3132 576 τοὺς
3159 512 3614 586 ἀρρωστοῦντας·

2024 606 2162 660 ἀλλὰ
2188 605 2409 675 γλῶσσα
2451 603 2545 657 καὶ
2588 602 2766 670 λόγος,
2800 600 2940 654 ὥστε
2977 598 3367 670 παρακαλέσαι
3403 597 3495 650 τὸν
3529 596 3618 666 βε·-

2027 688 2329 760 ϐλημένον.·
2370 686 2485 740 ἀλλ’
2542 685 2692 740 οἰκία
2745 684 2840 737 καὶ
2894 682 3086 752 στέγη,
3131 679 3277 734 ὥστε
3313 679 3619 750 ὁμοδίαιτον

2028 773 2253 843 ποιῆσαι
2278 771 2370 824 τὸν
2398 770 2568 834 ξένον.
2603 769 2678 822 Οὐ
2718 767 2829 838 γὰρ
2861 765 2925 838 δὴ
2981 764 3217 819 τάλαντα
3245 761 3449 833 χρυσοῦ
3486 764 3620 816 τόσα

2028 856 2123 911 καὶ
2144 854 2278 909 τόσα
2304 849 2646 921 ἀπαιτοῦμεν
2672 849 2824 919 παρά
2839 848 2948 901 τῶν
2980 848 3231 918 πενήτων
3249 861 3262 875 ·
3296 846 3432 899 ἀλλά
3448 843 3622 901 ταῦτα

2034 939 2133 1011 μὲν
2159 936 2312 1009 παρὰ
2331 935 2440 988 τῶν
2475 934 2872 989 πλουτούντων.
2900 932 2963 984 Et
2997 930 3054 983 δέ
3091 947 3175 993 τις
3198 929 3367 999 πένης
3392 928 3501 998 εἴη,
3527 929 3623 982 καὶ

2031 1024 2125 1078 ἐπὶ
2144 1023 2243 1085 τάς
2271 1020 2380 1075 τῶν
2411 1018 2587 1074 ἀλλων
2631 1016 2851 1088 ἔρχεται
2908 1015 3104 1085 θύρας,
3152 1014 3275 1067 ούδέ
3316 1011 3500 1066 ὀϐολὸν
3524 1012 3623 1065 λα-

2033 1106 2149 1160 ϐεῖν
2179 1108 2208 1159 ό
2243 1103 2523 1175 Δεσπότης
2557 1100 2713 1172 ήμῶν
2746 1097 3135 1169 ἐπαισχύνεται
3156 1114 3170 1128 ·
3204 1096 3339 1151 ἀλλά
3377 1097 3472 1149 καὶ
3504 1095 3625 1163 μεί-

2033 1188 2163 1254 ζονα
2208 1186 2358 1260 [551]
2416 1187 2535 1257 ἐρεῖ
2579 1183 2687 1237 τῶν
2735 1181 2907 1236 πολλὰ
2949 1180 3294 1260 βεϐληκότων
3347 1178 3627 1248 είληφέθαι

2034 1272 2166 1343 παρ’
2189 1259 2373 1325 αὐτοῦ.
2416 1268 2581 1321 Πόσοι
2618 1267 2729 1319 τῶν
2763 1263 3194 1334 νῦνέστηκότων
3233 1259 3467 1332 ηὔξαντο
3506 1260 3627 1313 κατ’

2036 1341 2244 1408 ἐκεῖνον
2285 1350 2541 1421 γενέσθαι
2568 1350 2662 1402 τὸν
2687 1348 2897 1420 καιρὸν,
2941 1346 3065 1401 καθ’
3107 1344 3165 1398 ὃν
3204 1344 3341 1415 μετά
3374 1341 3577 1413 σαρκὸς
3600 1343 3631 1395 6

2036 1435 2269 1507 Χριστὸς
2319 1433 2635 1506 περιεπόλει
2691 1431 2789 1503 τὴν
2849 1431 2974 1501 γῆν,
3021 1427 3164 1481 ὥστε
3208 1427 3303 1479 καὶ
3332 1425 3628 1495 ὁμοδίαιτοι

2040 1518 2189 1589 αύτῷ
2220 1516 2496 1588 γενέσθαι,
2527 1516 2624 1569 καὶ⁵
2645 1513 2922 1581 σύσσιτοι;
2964 1511 3097 1565 Ἰδοὺ
3132 1508 3228 1563 νῦν
3259 1508 3439 1575 ἔξεστι
3471 1507 3631 1560 τοῦτο

2041 1588 2319 1668 γενέσθαι,
2356 1595 2453 1649 καὶ
2502 1593 2689 1648 καλεῖν
2719 1592 2884 1646 αὐτὸν
2919 1589 3121 1661 μᾶλλον
3148 1588 3242 1668 ἐπ)
3286 1588 3509 1658 ἄριστον
3535 1588 3632 1639 καὶ

2043 1657 2362 1748 έστιαθῆναι
2392 1676 2511 1748 μετ’
2547 1674 2736 1737 αὑτοῦ,
2766 1675 2863 1727 καὶ
2903 1657 2997 1725 ἐπὶ
3033 1657 3242 1741 μείζονὶ
3276 1657 3477 1741 κέρδει.
3511 1667 3633 1721 Τῶν

2047 1763 2147 1834 μὲν
2173 1760 2283 1831 γάρ
2320 1760 2444 1814 τότε
2470 1757 2621 1828 αὐτῷ
2653 1754 3118 1809 συνεστιαθέντων
3173 1749 3361 1805 πολλοὶ
3402 1752 3496 1834 καῖ
3529 1752 3630 1803 άπ-

2043 1833 2264 1909 ώλοντο,
2291 1839 2404 1906 οἷος
2439 1844 2534 1896 καὶ
2565 1844 2594 1896 6
2613 1839 2815 1904 Ἰούδας
2844 1834 2932 1909 ἦν,
2958 1838 3053 1891 καὶ
3071 1836 3251 1906 ῑτεροι
3278 1835 3337 1888 δέ
3361 1833 3592 1888 τοιοῦτοι
3617 1850 3631 1864 ·

2043 1930 2153 1985 τῶν
2185 1930 2241 1983 δὲ
2281 1926 2595 1982 καλούντων
2617 1924 2779 1980 αὐτὸν
2801 1923 3033 1985 ἕκαστος
3070 1919 3166 1974 νῦν
3210 1921 3289 1982 είς
3323 1918 3423 1991 τὴν
3456 1917 3635 1971 οἰκίαν

2046 2013 2144 2085 τὴν
2182 2010 2402 2074 ἐαυτοῦ,
2441 2011 2536 2064 καὶ⁸
2593 2006 2987 2079 μεταδιδόντων
3028 2002 3176 2072 αύτῷ
3218 1999 3497 2073 τραπέζης
3541 2002 3637 2053 καὶ¹

2050 2083 2269 2166 στέγης,
2310 2093 2563 2163 εὐλογίας
2591 2089 2959 2144 ἀπολαύσεται
2996 2085 3260 2156 μεγάλης.
3297 2083 3475 2137 Δεῦτε
3503 2083 3635 2155 γὰρ,

2049 2181 2235 2250 φησὶν,
2266 2181 2319 2232 οί
2346 2174 2742 2244 εὐλογημένοι
2771 2172 2879 2227 τοῦ
2915 2169 3148 2238 Πατρός
3165 2185 3306 2238 μου,
3348 2169 3640 2234 κληρονο-

2044 2263 2284 2334 μήσατε
2327 2261 2443 2331 τὴν
2491 2256 2945 2328 ἡτοιμασμένην
2983 2254 3128 2323 ὑμῖν
3153 2251 3485 2334 ,ϐασιλείαν
3510 2251 3637 2334 ,ἀπὸ

2049 2333 2389 2413 καταϐολῆς
2447 2345 2703 2411 κόσμου.
2773 2339 3102 2394 Ἐπείνασα
3133 2335 3243 2406 7&9
3277 2347 3325 2398 υ,
3356 2333 3456 2388 καί
3495 2333 3639 2387 ἐδώε-

2051 2432 2195 2487 κατέ
2225 2449 2327 2501 μοι
2374 2428 2620 2500 φαγεῖν·
2657 2427 2946 2495 ἐδίψησα,
3008 2423 3108 2478 καὶ
3160 2419 3486 2476 ἐποτίσατέ
3518 2437 3599 2490 με
3623 2444 3634 2454 ·

2053 2513 2228 2580 ξένος
2259 2513 2442 2581 ἤμην,
2477 2511 2576 2565 καὶ
2617 2507 2993 2578 συνηγάγετέ
3017 2524 3126 2577 με·
3167 2502 3507 2574 ἠσθένησα.
3543 2503 3642 2557 καὶ

2053 2593 2479 2665 ἐπεσκέψασθέ
2521 2611 2627 2664 με·
2676 2593 2745 2646 ἐν
2775 2589 3024 2662 φυλακῇ
3056 2588 3239 2658 ἤμην,
3276 2587 3372 2640 καὶ
3428 2585 3644 2656 ἤλθετε

2055 2683 2206 2749 πρός
2229 2696 2327 2749 με,
2364 2679 2462 2733 Ἰν’
2492 2675 2587 2732 οὖν
2612 2676 2819 2730 τούτων
2860 2673 3185 2744 ἀκούσωμεν
3219 2671 3328 2724 τῶν
3359 2670 3640 2742 ῥημάτων,

2056 2762 2365 2832 ἐνδύσωμεν
2392 2761 2486 2814 τὸν
2511 2761 2742 2830 γυμνὸν,
2768 2757 3167 2827 συναγάγωμεν
3198 2754 3288 2808 τὸν
3321 2752 3492 2818 ξένον,
3525 2751 3644 2824 θρέ-

2055 2848 2249 2918 ψωμεν
2276 2846 2367 2899 τὸν
2407 2846 2700 2908 πεινῶντα,
2732 2843 3047 2913 ποτίσωμεν
3094 2839 3186 2893 τὸν
3221 2837 3483 2908 διψῶντα,
3525 2837 3646 2889 ἐπι-

2059 2928 2391 3000 σκεψώμεθα
2411 2928 2501 2983 τὸν
2528 2926 2938 3001 ἀρρωστοῦντα,
2974 2925 3175 2994 ἴδωμεν
3204 2922 3295 2976 τὸν
3323 2923 3381 2974 ἐν
3406 2920 3644 2991 φυλακῇ,

2062 3015 2149 3069 ’ίνα
2208 3012 2520 3086 παρρησίας
2571 3011 3008 3079 ἀπολαύσωμεν,
3076 3008 3173 3061 καὶ
3229 3005 3646 3077 ἁμαρτημάτων

2064 3095 2410 3166 συγχώρησιν
2440 3094 2714 3165 λάϐωμεν,
2750 3093 2844 3147 καὶ
2868 3092 2976 3146 τῶν
3020 3090 3245 3159 ἀγαθῶν
3281 3089 3649 3166 μετάσχωμεν

2063 3181 2309 3244 ἐκείνων,
2338 3177 2445 3232 τῶν
2475 3179 2568 3232 καὶ
2597 3163 2754 3244 λόγον
2783 3176 3227 3247 ὑπερϐαινόντων
3256 3174 3351 3226 καὶ
3384 3172 3509 3226 νοῦν
3532 3188 3544 3201 ·
3571 3163 3648 3223 ὧν

2065 3264 2275 3334 γένοιτο
2310 3263 2518 3325 πάντας
2566 3263 2711 3333 ἡμᾶς
2757 3262 3054 3331 ἐπιτυχεῖν,
3113 3257 3296 3329 χάριτι
3329 3256 3423 3310 καὶ
3463 3254 3651 3323 φιλαν-

2060 3349 2278 3420 θρωπίᾳ
2306 3348 2400 3402 τοῦ
2431 3346 2639 3417 Κυρίου
2683 3345 2839 3416 ἡμῶν
2882 3343 3057 3416 Ἰησοῦ
3092 3341 3351 3415 Χριστοῦ,
3387 3334 3431 3409 ᾧ
3461 3342 3493 3410 η
3523 3338 3652 3404 δόξα

2063 3433 2156 3487 καὶ
2191 3432 2253 3485 τὸ
2294 3431 2495 3500 κράτος
2525 3432 2603 3492 είς
2630 3429 2759 3490 τοὺς
2787 3427 2990 3489 αἰῶνας
3026 3425 3135 3480 τῶν
3160 3426 3394 3480 αἰώνων.
3453 3424 3648 3494 Ἀμήν.

2133 3524 2156 3553 °
2198 3521 2298 3585 Γάρ
2321 3522 2470 3569 deest
2509 3521 2559 3568 in
2590 3516 2882 3581 quibusdam
2910 3530 3029 3565 mss.

1838 3685 2087 3738 UMIAIA
2111 3681 2186 3737 Ξ’.

395 3786 545 3855 Ἐγώ
569 3786 686 3854 ειμι
712 3788 745 3839 ὁ
771 3783 996 3854 ποιμὴν
1019 3787 1051 3838 ὁ
1075 3784 1282 3855 καλός,
1308 3783 1403 3836 καί
1419 3781 1709 3855 *γινώσκω
1735 3782 1805 3833 τὰ
1825 3782 1957 3855 ἐμὰ,

456 3850 556 3910 καὶ
585 3850 953 3925 γινώσκομαιή
993 3853 1111 3908 ὑπὸ
1160 3854 1278 3907 τῶν
1328 3853 1505 3921 ἐμῶν.
1534 3851 1740 3917 Καθὼς
1796 3850 1964 3942 γιῖιώ-

747 3928 759 3942 ο
806 3928 849 3942 η
935 3925 947 3942 \
1121 3925 1133 3940 ο
1192 3923 1219 3942 Ἀ
1326 3941 1329 3942 ,
1376 3922 1386 3939 Ι
1417 3937 1445 3942 μ
1573 3941 1593 3942 7
1612 3924 1621 3942 l
1639 3939 1669 3942 _-
1721 3925 1764 3942 Π
1778 3939 1830 3942 Α--
1883 3940 1895 3942 _
1923 3939 1941 3942 .-

458 3921 689 4014 σκείμε
728 3928 759 3978 ό
797 3921 1021 3991 Πατὴρ,
1063 3923 1225 3992 κάγὼ
1258 3922 1543 4009 γινώσκω⁸
1567 3924 1671 3975 τὸν
1711 3921 1963 4005 Πατέρα,

457 3996 558 4050 καὶ
574 4012 687 4064 την
703 3997 913 4064 ψυχήν
925 4011 1044 4063 μου
1067 3996 1260 4061 τίθημι
1290 3992 1441 4061 υπὲρ
1472 4009 1590 4045 των
1633 3995 1961 4060 προϐάτων.

462 4129 533 4177 α’.
563 4121 743 4189 Μέγα,
766 4119 1038 4189 ἀγαπητοὶ
1056 4130 1104 4180 ι,
1124 4118 1264 4189 μέγα
1293 4115 1617 4184 Ἐκκλησίας
1642 4114 1965 4183 προστασία,

387 4208 485 4263 xal
512 4204 712 4274 πολλῆς
741 4203 990 4272 δεόμενον
1009 4199 1348 4270 φιλοσοφίας,
1374 4199 1469 4251 xal
1493 4197 1743 4267 ἀνδρείας
1769 4195 1966 4249 τοσαύ-

384 4308 513 4359 της.
557 4290 687 4358 ὅσης
726 4289 754 4340 6
792 4285 1027 4356 Χριστὸς
1076 4279 1251 4345 εἶπεν,
1306 4281 1445 4334 ὥστε
1487 4281 1584 4351 τὴν
1615 4279 1790 4349 ψυχὴν
1830 4279 1969 4348 ὑπὲρ

385 4376 501 4429 τῶν
536 4370 826 4444 προϐάτων
856 4369 1048 4431 θεῖναι,
1094 4366 1234 4419 ὥστε
1279 4365 1546 4435 μηδέποτε
1582 4362 1970 4430 ἐγκαταλιπεῖν

389 4458 533 4514 αὐτὰ
552 4456 735 4527 ἔρημα
764 4455 857 4507 καὶ
884 4450 1085 4523 γυμνὰ,
1129 4450 1269 4504 ὥστε
1303 4449 1438 4519 πρὸς
1494 4448 1585 4500 τὸν
1621 4446 1785 4499 λύκον
1822 4445 1972 4527 ἴσταέ

392 4541 521 4595 σθαι
558 4553 839 4607 γενναιως.
896 4533 1081 4604 Τούτῳ
1113 4534 1222 4604 γάρ
1252 4533 1280 4584 6
1305 4530 1507 4602 ποιμὴν
1549 4530 1643 4584 τοῦ
1700 4526 1970 4600 μισθωτοῦ

388 4624 697 4695 διέστηκεν.
738 4616 797 4673 Ὀ
818 4619 913 4688 μὲν
941 4617 1049 4689 7&9
1073 4619 1174 4688 τὴν
1203 4617 1340 4670 ίδίαν
1381 4615 1654 4695 σωτηρίαν
1694 4612 1972 4695 πανταχοῦ

392 4693 609 4765 σκοπεῖ,
639 4701 748 4755 τῶν
782 4700 1067 4770 προϐάτων
1109 4698 1327 4770 ἀμελῶν
1352 4715 1368 4731 ·
1402 4693 1553 4761 οὗτος
1596 4698 1652 4751 δὲ
1698 4693 1972 4767 πανταχοῦ

390 4789 493 4859 τὴν
522 4787 630 4842 τῶν
678 4784 965 4856 προϐάτων
1004 4781 1272 4853 ἐπιζητεῖ,
1314 4782 1414 4853 τὴν
1459 4780 1651 4835 ἐαυτοῦ
1697 4778 1976 4854 παρατρέ-

393 4888 528 4941 χων.
560 4869 745 4923 Εἰπὼν
800 4867 978 4921 τοίνυν
1026 4865 1119 4920 τοῦ
1152 4866 1410 4936 ποιμένος
1452 4865 1521 4919 τὰ
1563 4867 1852 4932 δείγματα.
1882 4860 1977 4915 δύο

395 4956 579 5026 τίθησι
606 4955 734 5016 τοὺς
763 4952 1049 5022 λυμεῶνας
1071 4968 1084 4981 ·
1113 4952 1209 5004 Eva
1239 4951 1331 5004 τὸν
1380 4950 1621 5020 κλέπτην
1652 4952 1743 5005 τὸν
1779 4947 1977 5001 θύοντα

395 5038 494 5092 καὶ
534 5037 880 5107 ἁρπάζοντα·
923 5034 1109 5105 ἕτερον
1131 5034 1187 5087 δὲ
1244 5033 1336 5086 τὸν
1395 5033 1599 5086 τούτων
1628 5028 1635 5031 ’
1668 5030 1767 5101 μὲν
1823 5028 1977 5082 οὐδὲν

398 5120 676 5183 ποιοῦντα,
707 5117 1008 5187 γινομένων
1037 5117 1092 5169 δὲ
1132 5114 1335 5169 τούτων
1360 5117 1460 5167 ούκ
1494 5112 1976 5182 ἐπιστρεφόμενον,

397 5204 520 5257 ούδέ
544 5202 853 5257 κωλύοντα·
882 5202 950 5253 δι’
975 5200 1197 5253 ἐκείνων
1231 5200 1328 5269 μὲν
1353 5199 1477 5260 τοὺς
1502 5200 1630 5269 περὶ
1664 5199 1866 5250 Θευδᾶν
1895 5197 1979 5248 αἱ·

401 5286 731 5356 νιττόμενος,
774 5284 864 5337 διά
910 5282 1115 5336 τούτων
1161 5282 1217 5333 δὲ
1247 5284 1367 5344 τοὺς
1416 5279 1684 5334 Ἰουδαίων
1727 5278 1982 5332 διδασκά-

399 5369 527 5432 λους
557 5368 943 5440 ὲκπομπεύων,
981 5368 1041 5419 ού
1081 5365 1410 5434 κηδομένους
1447 5365 1565 5416 ούδέ
1598 5362 1981 5434 φροντίζοντας

396 5452 510 5506 ’τῶν
536 5449 1058 5523 ἐμπεπιστευμένων
1115 5449 1296 5511 αὐτοῖς
1328 5449 1626 5518 προϐάτων,
1675 5448 1850 5516 Ὅπερ
1890 5441 1982 5498 οὖν

397 5535 500 5588 ἰαὶ
524 5536 553 5587 6
595 5534 855 5600 ’Ῑεζεκιὴλ
880 5530 1085 5586 ἄνωθεν
1110 5531 1355 5598 ἐγκαλῶν
1387 5532 1564 5592 αὐτοῖς
1592 5530 1777 5598 ἔλεγεν
1799 5545 1809 5557 ·
1835 5531 1897 5582 ’Ὼ
1925 5533 1978 5582 ot

412 5618 684 5686 ποιμένες
715 5617 742 5655 b
781 5614 1021 5683 Ἰσραήλ
1040 5632 1053 5646 ·
1082 5614 1166 5683 μή
1183 5615 1529 5678 ,βόσκουσιν
1558 5612 1708 5684 [5521
1729 5612 1985 5677 ἑαυτοὺς

463 5719 489 5744 ⁸
517 5716 605 5765 Hic
646 5713 831 5765 desinit
873 5714 981 5763 cod.
1018 5713 1109 5761 706
1149 5714 1302 5773 (olim
1342 5714 1508 5773 1949),
1531 5713 1847 5773 succeditque
1871 5711 1961 5759 cod

402 5775 501 5843 29‘.)
529 5778 675 5843 (olim
698 5776 872 5843 2:355),
901 5775 1125 5843 inomilias
1156 5778 1203 5843 iii
1229 5777 1463 5843 Joaq_ne_m
1483 5777 1740 5843 poplinens
1762 5772 1797 5843 fi
1840 5772 1981 5843 ὅθεν]

405 5838 488 5887 36.
538 5835 581 5879 Vb
621 5836 771 5887 ειη-Η.
816 5836 921 5883 ούαὶ
964 5837 1004 5883 ὢ
1045 5839 1275 5896 ποιμένες.
1325 5838 1422 5885 Sed
1447 5838 1551 5884 οὐαί
1577 5837 1718 5884 deest
1758 5836 1807 5883 in
1859 5835 1980 5881 edit.

411 5899 600 5948 ναι-ειη
647 5900 795 5958 inque
820 5897 958 5946 cde.
987 5896 1094 5951 7033.
1121 5900 1210 5945 709
1229 5909 1279 5946 et
1302 5902 1349 5946 iu
1372 5898 1490 5947 edit.
1522 5899 1730 5947 Romana
1758 5898 1849 5943 τῶν
1894 5900 1933 5944 Ο
1952 5896 1981 5951 ¹,

411 5968 497 6018 ubi
520 5970 635 6017 iILUd
664 5970 702 6014 ὡ
730 5982 815 6029 pm
842 5968 922 6016 ’Ἣ
964 5966 1199 6017 Hebl'utcc
1238 5972 1434 6028 legitur.

2065 3783 2118 3834 οἱ
2151 3778 2432 3855 ποιμένες
2453 3795 2473 3843 ;
2503 3778 2639 3846 οὐχὶ
2664 3777 2734 3831 τὰ
2753 3777 3016 3844 πρόϐατα
3035 3775 3384 3840 ,βόσκουσιν
3427 3775 3482 3825 οι
3521 3786 3653 3827 ποι-

2060 3862 2278 3933 μένες;
2321 3861 2460 3914 Ἀλλ’
2509 3863 2705 3914 ἐκεῖνοι
2731 3861 3040 3914 τούναντίον
3070 3858 3309 3918 ἐποίουν,
3372 3857 3510 3926 ὅπερ
3556 3855 3654 3925 μέ-

2066 3945 2251 4015 γιστόν
2311 3947 2459 3999 ἐστιν
2512 3940 2651 4007 εἶδος
2699 3943 2916 4007 κακίας,
2966 3941 3061 3996 καὶ
3115 3940 3225 3993 τῶν
3258 3938 3432 3993 ἄλλων
3481 3937 3653 3990 αἴτιον

2068 4030 2305 4083 πάντων.
2330 4029 2427 4081 Διά
2468 4027 2627 4080 τοῦτο
2660 4027 2769 4096 γάρ
2795 4042 2958 4095 φησιν
2983 4041 2996 4056 ·
3038 4022 3162 4075 οὔτε
3201 4021 3263 4073 τὸ
3302 4019 3656 4088 πεπλανημέ-

2068 4129 2159 4167 νον
2187 4110 2539 4181 ἐπέστρεφον,
2570 4108 2689 4160 ούδέ
2729 4108 2790 4160 τὸ
2831 4104 3109 4166 ἀπολωλὸς
3160 4101 3408 4172 ἐζήτουν,
3448 4099 3566 4152 οὐδὲ
3593 4099 3656 4151 τὸ

2073 4192 2531 4262 συντετριμμένον
2561 4188 2846 4259 ἐδέσμουν,
2881 4186 3083 4241 οὐδὲτὸ
3116 4182 3435 4256 ἀρρωστοῦν
3461 4181 3657 4252 ἐθερά-

2071 4293 2254 4338 πευον,
2288 4273 2473 4342 ἐπειδὴ
2505 4273 2752 4333 ἑαυτοὺς,
2779 4270 2873 4323 καὶ
2907 4269 2968 4322 ού
3001 4268 3069 4321 τά
3102 4265 3369 4338 πρόϐατα,
3410 4265 3653 4319 ἔϐοσκον.

2074 4360 2250 4428 Ὅπερ
2279 4357 2371 4409 καὶ
2405 4358 2434 4408 6
2460 4354 2668 4417 Παῦλος
2697 4353 2869 4423 ἑτέρῳ
2910 4351 3114 4423 ρήματι
3147 4349 3309 4402 πάλιν
3346 4347 3533 4418 ἐδήλου
3568 4345 3659 4428 λέέ

2072 4457 2184 4509 γων
2206 4427 2301 4491 ’θοι
2335 4437 2444 4507 γάρ
2474 4436 2700 4503 πάντες
2757 4436 2830 4490 τὰ
2867 4432 3103 4489 ἑαυτῶν
3128 4430 3431 4500 ζητοῦσιν,
3468 4431 3541 4483 οὐ
3584 4427 3659 4482 τὰ

2073 4523 2330 4592 Χριστοῦ
2390 4520 2620 4587 Ἰησοῦ·
2665 4521 2760 4574 καὶ
2805 4519 2987 4582 πάλιν,
3039 4516 3265 4586 Μηδεὶς
3320 4514 3387 4569 τὸ
3441 4511 3659 4569 ἑαυτοῦ

2075 4605 2328 4675 ζητείτω,
2364 4605 2525 4661 ἀλλὰ
2575 4603 2642 4657 τὸ
2694 4604 2800 4659 τοῦ
2855 4600 3124 4668 πλησίον
3167 4600 3443 4666 ἕκαστος.
3520 4597 3659 4651 Ἀλλ’

2075 4692 2398 4760 ἀμφοτέρων
2429 4690 2621 4745 ἑαυτὸν
2669 4688 2935 4758 διίστησιν
2968 4686 2995 4736 ὀ
3015 4685 3250 4756 Χριστός
3269 4700 3281 4714 ·
3313 4683 3537 4736 ἐκείνων
3562 4682 3661 4752 μὲν

2074 4775 2183 4828 τῶν
2213 4776 2305 4828 ἐπὶ
2328 4773 2475 4845 λύμῃ
2504 4772 2983 4845 παραγενομένων,
3020 4770 3098 4839 τῷ
3127 4772 3321 4830 εἰπεῖν,
3356 4768 3459 4821 Διὰ
3486 4766 3661 4819 τοῦτο

2075 4856 2285 4930 ἦλθον,
2334 4860 2432 4912 ἵνα
2475 4856 2629 4925 ζωὴν
2685 4858 2892 4925 ἔχωσι,
2950 4854 3047 4908 καὶ
3093 4853 3392 4919 περισσὸν
3429 4849 3613 4916 ἔχωσι
3641 4865 3656 4879 ·

2076 4943 2280 5001 τούτων
2314 4941 2370 4994 δὲ
2403 4941 2510 4994 τῶν
2547 4939 2927 5011 περιορώντων
2976 4937 3081 4990 ὑπὸ
3132 4935 3240 4987 τῶν
3272 4932 3452 4985 λύκων
3484 4932 3663 4999 ἁρπα-

2084 5030 2286 5097 ζόμενα
2308 5025 2376 5078 τὰ
2397 5023 2665 5096 πρόϐατα,
2690 5021 2767 5092 τῷ
2796 5022 2872 5092 μὴ
2905 5019 3242 5076 καταλιπεῖν,
3276 5012 3410 5097 ἀλλά
3443 5012 3537 5097 καὶ
3565 5011 3663 5097 την

2084 5109 2263 5180 ψυχὴν
2295 5093 2458 5161 αὐτοῦ
2493 5107 2665 5161 θεῖναι
2715 5106 2856 5175 ὑπὲρ
2885 5103 3084 5164 αὐτῶν,
3113 5099 3253 5153 ὥστε
3303 5095 3378 5166 μὴ
3424 5093 3495 5146 τὰ
3533 5094 3664 5164 πρά-

2088 5177 2229 5246 ϐατά
2280 5192 2592 5245 ἀποθανεῖν.
2658 5188 2874 5255 Ἐπειδὴ
2939 5185 3049 5255 γὰρ
3101 5180 3264 5236 αὐτὸν
3317 5177 3665 5232 ἐϐουλεύοντο

2088 5275 2317 5338 ἀνελεῖν,
2373 5273 2496 5327 οὔτε
2547 5277 2648 5344 τῆς
2691 5267 3038 5329 διδασκαλίας
3070 5264 3344 5334 μετέθετο,
3379 5260 3500 5314 οῦτε
3539 5262 3666 5324 τοὺς

2087 5359 2441 5420 πιστεύοντας
2461 5355 2796 5428 προύδωκεν,
2824 5351 2936 5404 ἀλλ’
2954 5350 3104 5417 ἔστη,
3137 5346 3232 5398 καὶ
3263 5345 3667 5428 εῖλετοάποθα-

2087 5444 2219 5495 νεῖν.
2252 5440 2352 5493 Διά
2379 5427 2538 5492 τοῦτο
2582 5438 2694 5490 ἄνω
2720 5435 2816 5488 καὶ
2848 5435 2996 5486 κάτω
3026 5430 3210 5498 ἔλεγεν
3229 5446 3242 5459 ·
3319 5427 3462 5498 Ἐγώ
3485 5431 3600 5498 εἰμι
3633 5431 3666 5482 ό

2088 5523 2317 5592 ποιμὴν
2345 5526 2377 5576 ό
2405 5523 2613 5586 καλός.
2663 5515 2794 5572 Εἶτα
2835 5516 3020 5584 ἐπειδὴ
3061 5516 3356 5587 ἀμάρτυρα
3384 5513 3556 5567 ἐδόκει
3596 5511 3665 5564 τά

2087 5607 2355 5675 λεγόμενα
2384 5600 2525 5657 εἶναι
2555 5602 2637 5670 (τὸ
2677 5602 2773 5672 μὲν
2818 5599 2946 5669 γὰρ,
3013 5597 3130 5667 Τὴν
3177 5596 3391 5667 ψυχήν
3433 5614 3552 5666 μου
3581 5596 3665 5647 τί·-

2089 5695 2250 5755 θημι,
2283 5687 2343 5740 ού
2370 5685 2507 5756 μετὰ
2528 5684 2661 5738 πολὺ
2692 5684 2790 5755 τὴν
2817 5680 3085 5746 ἀπόδειξιν
3120 5680 3279 5733 ἔλαϐε
3302 5696 3313 5709 ·
3345 5679 3404 5732 τὸ
3426 5678 3503 5741 δὲ,
3541 5678 3664 5729 Ἵνα

2089 5769 2242 5841 ζωὴν
2273 5768 2478 5839 ἔχωσι,
2510 5768 2606 5822 καὶ
2638 5765 2934 5835 περισσὸν
2960 5767 3163 5834 ἔχωσι,
3185 5763 3322 5835 μετά
3347 5763 3445 5830 τὴν
3481 5759 3665 5841 ἐντεῦ-

2089 5840 2197 5906 θενί
2233 5851 2454 5924 ἔμελλεν
2518 5851 2826 5921 ἀποδημίαν
2902 5846 3277 5916 συμϐήσεσθαι
3298 5880 3338 5910 ,ι
3373 5841 3511 5924 κατά
3543 5840 3661 5924 ’τὸν

2092 5920 2379 5991 αἰῶναττὸν
2404 5920 2708 6007 μέλλοντα),
2746 5933 2796 5989 τί
2825 5934 2989 5999 mni;
3025 5930 3265 5999 Θάτερον
3302 5924 3405 5978 ἀπὸ
3427 5920 3670 5989 θατέρου,
