4072 6152
364 456 365 459 “
444 464 750 529 πιστοῦται,
803 464 911 518 ἀπὸ
950 461 1042 516 τοῦ
1088 463 1272 517 δοῦναι
1310 462 1409 533 τὴν
1444 459 1643 532 ψυχὴν,
1682 461 1765 513 ὅτι
1806 475 1899 512 και
1929 457 2030 529 τὴν

443 548 588 619 ζωὴν
628 549 863 601 δίδωσιν.
918 545 1095 618 Ὅπερ
1144 546 1239 599 καὶ
1291 549 1320 598 6
1368 545 1577 608 Παῦλος
1621 543 1825 610 ἔλεγεν,
1861 544 1940 595 ὅτι
1959 543 2032 596 El

439 631 639 700 ἐχθροὶ
665 629 836 696 ὄντες
859 628 1324 699 κατηλλάγημεν
1342 627 1422 694 τῷ
1453 626 1575 692 Θεῷ
1599 626 1697 681 διὰ
1717 625 1821 679 τοῦ
1850 622 2029 680 θανά-

438 731 545 767 του
574 713 681 766 τοῦ
715 714 854 767 Υίοῦ
884 713 1094 777 αὑτοῦ,
1123 711 1334 777 πολλῷ
1364 709 1607 781 μᾶλλον
1627 708 2033 779 καταλλαγέν-

438 810 539 860 τες
568 794 985 864 σωθησόμεθα.
1022 797 1135 849 Καὶ
1171 795 1334 849 πάλιν
1357 792 1590 865 ἀλλαχοῦ
1615 809 1629 823 ⁸
1675 793 1782 858 ’ος
1823 808 1892 860 γε
1923 789 2032 845 τοῦ

440 876 594 931 ιδιου
633 878 773 933 Υίοῦ
815 879 929 931 οὐκ
976 878 1282 947 ἐρείσατο,
1343 878 1481 932 ἀλλ’
1508 876 1661 944 ὑπὲρ
1689 874 1858 944 ἡμῶν
1884 873 2033 927 πάν-

439 975 558 1012 των
572 959 917 1028 παρέδωκεν
941 961 1129 1014 αὑτὸν
1156 972 1206 1025 ι,
1242 959 1368 1024 πῶς
1418 959 1553 1029 οὐχί
1611 957 1732 1013 σὺν
1774 956 1933 1022 αὐτῷ
1956 954 2031 1010 τὰ

437 1045 636 1100 πάντα
656 1046 801 1117 ἡμῖν
827 1047 1115 1116 χαριεῖται
1143 1064 1161 1112 ;
1205 1047 1368 1100 Ἀλλὰ
1394 1047 1540 1110 τίνος
1583 1046 1768 1099 ἕνεκεν
1806 1044 1906 1098 οὐκ
1938 1046 2029 1112 ἐγ-

438 1128 699 1184 καλοῦσιν
730 1130 878 1200 αὐτῷ
930 1129 1047 1194 νῦν,
1077 1129 1113 1184 ἀ
1148 1131 1241 1183 καὶ
1276 1130 1562 1202 πρότερον,
1617 1128 1867 1196 λέγοντες
1889 1142 1903 1156 ⁸
1943 1125 2029 1180 Σὺ

437 1215 572 1283 περὶ
621 1213 884 1269 σεαυτοῦ
924 1214 1269 1283 μαρτυρεῖς,
1318 1216 1358 1282 ἡ
1402 1213 1699 1282 μαρτυρία
1756 1226 1872 1266 σου
1913 1212 2027 1264 οὐκ

428 1295 611 1355 ,ἐστιν
646 1295 878 1364 ἀληθής
896 1311 920 1358 ;.
946 1294 1071 1349 Ὀτι
1107 1296 1368 1359 πολλάκις
1399 1295 1762 1364 ἐπεστόμισεν
1799 1293 2024 1355 αὐτοὺς,

436 1384 530 1438 καὶ
552 1383 802 1454 πλείωνή
830 1383 1111 1454 παρρησία
1136 1383 1270 1453 πρὸς
1293 1383 1490 1445 αὐτοὺς
1515 1381 1623 1434 ἀπὸ
1648 1381 1756 1433 τῶν
1782 1378 2026 1451 σημείων

436 1465 669 1535 ἐγένετο.
706 1462 856 1529 Εἶτα,
885 1467 1073 1535 ἐπειδὴ
1118 1461 1269 1519 εἶπεν
1308 1465 1587 1536 ἀνωτέρω,
1621 1464 1730 1518 Καὶ
1771 1462 1844 1517 τὰ
1882 1464 2024 1532 ⁸ττρό-

434 1548 582 1602 ϐατα
624 1547 733 1616 τῆς
762 1546 969 1617 φωνῆς
1032 1547 1217 1602 αὑτοῦ
1267 1549 1493 1611 ἀκούει,
1550 1546 1649 1600 καὶ
1704 1545 2029 1601 ἀκολουθεῖ

434 1629 613 1697 αὐτῷ,
664 1632 751 1687 ἵνα
789 1631 864 1702 μή
909 1648 996 1695 τις
1057 1632 1223 1702 είπῃ·
1262 1632 1322 1685 Τί
1371 1626 1485 1685 οὖν
1522 1629 1674 1697 πρὸς
1731 1629 1874 1694 τοὺς
1934 1628 2021 1698 μὴ

433 1716 930 1781 πιστεύσαντας;
989 1714 1222 1768 ἄκουσον
1266 1713 1321 1767 τί
1369 1715 1648 1784 ἐπήγαγε⁸
1686 1713 1795 1768 Καὶ
1854 1710 2023 1780 γινώ-

433 1814 561 1852 σκω
581 1798 653 1851 τὰ
673 1797 806 1866 ἐμὰ,
830 1798 931 1850 καὶ
955 1797 1320 1866 γινώσκομαι
1352 1797 1465 1851 ὑπὸ
1494 1795 1612 1850 τῶν
1639 1795 1819 1864 ἐμῶν.
1844 1796 2021 1865 ’Ὀπερ

434 1880 531 1935 καὶ
553 1883 579 1934 6
602 1879 812 1943 Παῦλος
837 1877 1033 1951 δηλῶν,
1080 1880 1265 1949 ἔλεγεν
1291 1895 1306 1909 '
1341 1882 1463 1934 Οὐκ
1503 1879 1787 1934 ἀπώσατο
1815 1883 1846 1933 ὁ
1878 1881 2023 1946 Θεὸς

439 1960 542 2014 τὸν
563 1962 719 2015 λαόν
739 1962 926 2017 αὑτοῦ
947 1960 1020 2016 ὃν
1034 1962 1304 2032 προέγνω
1325 1978 1338 1990 ⁸
1373 1963 1465 2015 καὶ
1489 1965 1516 2017 ὁ
1532 1964 1668 2017 Μωῦ
1678 1963 1796 2032 σῆς,
1828 1963 2022 2030 Ἔγνω

437 2042 649 2112 Κύριος
680 2044 821 2110 τοὺς
847 2046 1026 2111 ὄντας
1070 2045 1256 2100 αὑτοῦ
1279 2062 1290 2076 ⁸
1316 2038 1572 2111 ἐκείνους
1621 2045 1787 2115 λέγω,
1831 2046 2016 2114 φησὶν,

416 2124 527 2189 οὓς
578 2128 881 2198 προέγνων.
920 2123 1078 2192 Εἶτα,
1131 2129 1219 2182 ἵνα
1273 2130 1348 2201 μὴ
1388 2130 1486 2200 τῆς
1523 2129 1781 2199 γνώσεως
1809 2128 1924 2180 ίσον
1957 2128 2018 2182 τὸ

434 2209 635 2279 μέτρον
678 2211 931 2283 νομίσῃς,
978 2210 1216 2266 ἄκουσον
1261 2212 1379 2276 πῶς
1428 2211 1737 2283 διορθοῦται
1784 2210 1916 2264 αὐτὸ
1952 2213 2016 2282 τῇ

432 2294 722 2364 ἐπαγωγῇ·
755 2294 1046 2348 Γινώσκω
1078 2296 1150 2348 τὰ
1172 2296 1304 2364 ἐμὰ,
1334 2296 1489 2366 φησὶ,
1524 2296 1622 2349 καὶ
1655 2293 2019 2365 γινώσκομαι

431 2376 548 2433 ὑπὸ
580 2375 698 2430 τῶν
720 2376 900 2446 ἐμῶν.
946 2377 1089 2432 Ἀλλ’
1138 2380 1239 2432 οὐκ
1286 2379 1374 2448 ἴση
1400 2383 1433 2451 ὴ
1466 2380 1666 2448 γνῶσις
1687 2394 1700 2408 ⁸
1737 2379 1873 2433 ἀλλὰ
1911 2379 2014 2432 ποῦ

432 2459 558 2531 ίση;
607 2459 730 2515 Ἐπὶ
756 2459 851 2513 τοῦ
882 2462 1097 2533 Πατρὸς
1131 2462 1225 2515 καὶ
1253 2463 1410 2533 ἐμοῦ.
1460 2464 1608 2516 Ἐκεί
1637 2463 1764 2533 γὰρ,
1810 2464 2018 2529 Καθὼς

429 2542 708 2614 γινώσκει
728 2562 807 2614 με
840 2547 874 2600 ὁ
912 2547 1140 2614 Πατὴρ,
1191 2546 1351 2615 κάγὼ
1379 2547 1653 2616 γινώσκω
1685 2547 1793 2600 τόν
1825 2547 2009 2600 Πατέ-

428 2643 524 2693 ρα.
567 2627 722 2680 Ἐπεὶ
757 2629 805 2681 εί
842 2627 919 2699 μὴ
943 2630 1102 2682 τοῦτο
1129 2627 1847 2696 ἐϐούλετοκατασκευάσαι,
1870 2630 2015 2694 τίνος

428 2708 617 2764 ’ἐνεκεν
645 2710 777 2763 αὐτὸ
804 2713 1119 2780 ἐπήγαγεν;
1165 2713 1386 2783 Ἐπειδὴ
1440 2712 1549 2784 γὰρ
1579 2712 1848 2783 πολλαχοῦ
1890 2715 2014 2766 έαυ-

428 2793 520 2846 τὸν
540 2791 753 2862 τίθησιν
775 2795 831 2847 ὲν
854 2795 1004 2861 τάξει
1051 2795 1161 2848 τῶν
1205 2796 1437 2861 πολλῶν,
1471 2796 1559 2849 ἵνα
1595 2797 1669 2869 μὴ
1705 2814 1789 2860 τις
1817 2797 2016 2870 νομίσῃ

428 2875 511 2930 τίει
541 2874 617 2937 ὡς
646 2874 936 2947 ἄνθρωπος
963 2876 1136 2941 οὕτως
1158 2876 1476 2946 ἐγίνωσκεν,
1502 2879 1749 2950 ἐπήγαγε
1773 2895 1784 2906 ·
1810 2878 2015 2945 Καθὼς

427 2957 707 3027 γινώσκει
727 2976 805 3029 με
824 2962 856 3013 ὁ
882 2959 1107 3028 Πατὴρ,
1144 2961 1305 3030 κάγὼ
1335 2960 1606 3030 γινώσκω
1631 2962 1739 3015 τὸν
1760 2962 2010 3029 Πατέρα.

426 3042 617 3107 Οῦτως
669 3043 915 3116 ἀκριϐῶς
975 3044 1138 3098 αὑτὸν
1186 3043 1336 3116 [555]
1378 3045 1698 3115 ἐπίσταμαι,
1746 3044 1822 3108 ὡς
1851 3045 2013 3110 αὐτὸς

426 3127 546 3198 ἐμέ.
599 3127 698 3181 Διά
745 3128 904 3181 τοῦτο
937 3129 1033 3182 καὶ
1059 3129 1278 3198 ἔλεγεν·
1332 3129 1544 3195 Οὐδείς
1589 3129 1871 3198 γινώσκει
1906 3129 2015 3184 τὸν

427 3210 582 3275 Υίὸν,
616 3212 668 3264 εὶ
692 3210 779 3279 μὴ
815 3214 847 3264 ό
871 3210 1097 3280 Πατὴρ,
1150 3211 1251 3265 καὶ
1302 3214 1410 3265 τὸν
1464 3213 1719 3280 Πατέρα,
1766 3214 1818 3265 ει
1862 3210 1950 3280 μὴ
1981 3215 2015 3267 ὁ

427 3291 577 3357 Υίὸς,
612 3294 1025 3364 κεχωρισμένην
1053 3293 1175 3347 τινὰ
1202 3294 1404 3362 γνῶσιν
1446 3294 1643 3363 λέγων,
1691 3294 1786 3348 καὶ
1830 3293 2015 3348 τοιαύ-

426 3392 547 3448 την,
607 3378 725 3431 οἵαν
770 3379 944 3443 οὐδεὶς
997 3378 1184 3452 ἔτερος
1236 3380 1461 3433 δύναται
1515 3382 1683 3450 σχεῖν.
1744 3378 1886 3449 Ἐγὼ
1925 3379 2012 3432 τί-

424 3461 562 3528 θημι
582 3458 698 3527 τὴν
724 3460 936 3529 ψυχήν
963 3480 1099 3531 μου.
1145 3462 1394 3533 Συνεχῶς
1428 3461 1587 3515 τοῦτο
1626 3462 1795 3531 λέγει,
1838 3461 2015 3533 δηλῶν

424 3544 503 3598 ὅτι
532 3545 632 3599 οὐκ
664 3544 779 3598 ἔστι
814 3545 1032 3609 πλάνος.
1065 3547 1218 3599 Ἐπεὶ
1252 3548 1345 3600 καὶ
1377 3549 1405 3599 6
1434 3546 1775 3611 Ἀπόστολος,
1794 3546 1882 3599 ὅτε
1913 3546 2012 3598 αύ-

424 3625 512 3679 τὸν
527 3625 819 3699 δέϐούλετο
835 3627 1004 3692 δεῖξαι
1022 3630 1243 3699 γνήσιον
1264 3629 1393 3682 ὅντα
1413 3629 1752 3690 διδάσκαλον,
1767 3629 1860 3682 καὶ
1875 3630 2011 3699 πρὸς

424 3696 1048 3780 τοὺξψευδαποστόλους
1080 3696 1560 3785 ἀντιπαρεξήγαγε
1583 3712 1674 3767 τὸν
1702 3712 1880 3781 λόγον,
1905 3696 2013 3766 ἀπὸ

424 3791 535 3844 τῶν
571 3792 833 3847 κινδύνων
873 3796 968 3847 καὶ
996 3793 1105 3847 τῶν
1134 3793 1378 3849 θανάτων
1409 3795 1601 3849 ἐαυτὸν
1628 3796 1910 3866 συνίστησι
1933 3795 2017 3848 λέ-

423 3890 537 3940 γων
561 3890 576 3905 ⁸
631 3875 734 3929 Ἐν
761 3875 1022 3944 πληγαῖς
1060 3878 1558 3944 ὑπερϐαλλόντως
1578 3918 1593 3943 ,
1637 3877 1708 3929 ἐν
1736 3876 2012 3943 θανάτοις

422 3956 738 4024 πολλάκις.
761 3959 835 4011 T6
860 3958 1080 4032 μὲνγὰρ
1096 3960 1295 4030 λέγειν,
1321 3961 1403 4013 ὅτι
1424 3959 1552 4027 Φῶς
1578 3962 1717 4029 εἰμι,
1741 3963 1857 4024 καὶ,
1882 3962 2011 4030 Ζωή

420 4043 560 4112 ειμι,
590 4042 761 4096 ἐδόκει
792 4037 929 4096 εἶναι
949 4043 1117 4113 τύφου
1147 4045 1298 4117 παρά
1324 4048 1438 4109 τοῖς
1468 4046 1714 4115 ἀνοήτοις
1736 4064 1747 4076 ⁸
1767 4046 1829 4099 τὸ
1856 4046 1910 4099 δὲ
1927 4046 2014 4100 λέ-

419 4141 559 4193 γειν,
589 4125 905 4181 Ἀποθανεῖν
932 4125 1484 4200 βούλομαι.ούδεμίαν
1515 4127 1812 4199 βασκανίαν
1843 4124 2009 4200 εἶχεν,

417 4206 541 4261 οὐδὲ
576 4208 787 4278 φθόνον.
810 4208 911 4263 Διά
938 4210 1098 4263 τοῦτο
1126 4210 1249 4264 οὐδὲ
1270 4211 1520 4282 λέγουσιν
1550 4210 1699 4282 α’ύτῷ
1722 4229 1735 4244 ⁸
1766 4212 1851 4265 Σὺ
1866 4228 2014 4280 μαρ-

418 4291 619 4359 τυρεῖς
647 4292 778 4362 περὶ
813 4293 1077 4348 σεαυτοῦ
1104 4308 1120 4325 ⁸
1151 4296 1190 4362 ἡ
1223 4294 1520 4364 μαρτυρία
1550 4310 1666 4349 σου
1702 4296 1815 4348 οὐκ
1842 4296 2014 4349 ἐστιν

417 4374 671 4442 ἀληθής.
704 4375 908 4448 Πολλὴν
956 4377 1068 4448 γὰρ
1113 4377 1324 4430 ἐδείκνυ
1365 4378 1426 4431 τὸ
1477 4377 1627 4447 ῥῆμα
1663 4377 2009 4448 κηδεμονίαν,

419 4456 473 4510 cl
497 4473 561 4525 γε
588 4459 727 4527 ὑπὲρ
756 4458 866 4512 τῶν
891 4459 1218 4523 λιθαζόντων
1250 4459 1501 4513 ἐϐούλετο
1521 4462 1708 4515 ἐαυτὸν
1740 4461 2007 4516 ἐκδοῦναι.

493 4540 560 4611 β’.
589 4541 690 4594 Διά
708 4542 868 4594 τοῦτο
899 4543 994 4595 καὶ
1016 4542 1290 4612 εὐκαίρως
1317 4542 1409 4594 τὸν
1435 4543 1563 4612 περὶ
1581 4542 1688 4597 τῶν
1716 4543 1885 4597 ἐθνῶν
1901 4546 2013 4597 εἰσ-

420 4621 546 4688 άγει
567 4621 746 4690 λόγον.
765 4624 871 4677 Καὶ
905 4623 1014 4693 γὰρ
1038 4622 1136 4677 καί
1166 4624 1329 4677 ἄλλα
1360 4625 1624 4691 πρόϐατα
1653 4625 1792 4694 ἔχω,
1824 4627 2010 4697 φησὶν,

421 4700 463 4758 d
490 4706 601 4760 οὐκ
632 4704 805 4758 ἐστιν
853 4705 923 4758 ἐκ
972 4704 1081 4773 τῆς
1110 4706 1308 4774 αὐλῆς
1364 4708 1620 4773 ταύτης⁸
1656 4709 1903 4762 κάκεῖνά
1933 4725 2011 4779 με

419 4783 518 4839 δεῖ
536 4785 801 4856 ἀγαγεῖν.
839 4787 971 4841 Ἰδοὺ
1016 4788 1178 4844 πάλιν
1223 4790 1318 4856 τὸ,
1369 4788 1500 4852 Δεῖ,
1542 4789 1695 4860 ῥῆμα
1736 4790 2006 4861 κείμενον,

419 4868 520 4925 οὐκ
545 4869 793 4941 ἀνάγκης
841 4871 1023 4935 ἐστὶν,
1072 4871 1206 4927 ἀλλὰ
1236 4873 1331 4926 τοῦ
1365 4873 1584 4937 πάντως
1612 4874 1870 4945 ἐσομένου
1915 4876 2007 4948 δη-

417 4953 650 5010 λωτικόν
673 4971 689 4986 ⁸
722 4954 923 5010 ὡσανεὶ
956 4955 1110 5026 ἔλεγε
1137 4973 1149 4988 ⁸
1193 4958 1261 5011 Τί
1288 4957 1597 5029 θαυμάζετε
1619 4999 1633 5023 ,
1664 4960 1713 5012 εί
1741 4952 1887 5012 οῦτοί
1916 4977 2005 5032 μοι

423 5039 711 5111 μέλλουσιν
735 5039 965 5094 ἕπεσθαι
986 5080 1002 5106 ,
1040 5041 1134 5095 καὶ
1171 5040 1240 5095 τὰ
1270 5041 1519 5115 πρόϐατα
1562 5044 1663 5115 τῆς
1688 5044 1873 5115 φωνῆς
1905 5062 2006 5115 μου

418 5123 679 5190 ἀκούειν;
722 5123 890 5178 Ὅταν
928 5126 1038 5197 γὰρ
1069 5124 1163 5179 καὶ
1196 5124 1330 5180 ἀλλα
1360 5126 1507 5196 ῐδητέ
1539 5143 1627 5196 μοι
1651 5125 2008 5181 ἀκολουθοῦν-

417 5224 504 5270 τα,
537 5209 633 5262 καὶ
657 5207 759 5278 τῆς
788 5208 973 5280 φωνῆς
1001 5226 1103 5281 μου
1128 5207 1413 5273 ἀκούοντα,
1447 5209 1565 5262 τότε
1593 5209 2005 5280 ἐκπλαγὴσεσθε

421 5291 703 5359 μειζόνως.
747 5291 810 5347 El
844 5292 901 5347 δὲ
934 5293 1102 5363 λέγει,
1145 5295 1215 5349 Ἀ
1241 5295 1352 5348 οὐκ
1373 5292 1547 5347 ἔστιν
1564 5293 1632 5346 ἐκ
1657 5292 1768 5361 τῆς
1807 5291 2005 5359 αὐλῆς

418 5373 672 5441 ταύτης,
706 5375 782 5447 μὴ
829 5375 1155 5449 θορυϐηθῇς.
1193 5376 1257 5431 Ἠ
1289 5376 1399 5447 γὰρ
1452 5375 1683 5445 διαφορά
1735 5376 1865 5447 περὶ
1912 5375 2004 5428 τὸν

420 5454 584 5522 νόμον
628 5459 819 5526 μόνον,
850 5460 1102 5533 καθάπερ
1148 5461 1243 5515 καὶ
1283 5462 1312 5513 6
1353 5459 1564 5523 Παῦλός
1612 5477 1811 5530 φησιν·
1856 5461 2004 5514 Οὔτε

420 5539 705 5607 περιτομή
743 5558 799 5595 τι
848 5546 1049 5613 ἰσχύει
1072 5587 1087 5611 ,
1143 5547 1282 5601 οὕτε
1321 5546 1707 5615 ἀκροϐυστία.
1744 5545 2004 5599 Κάκεῖνά

416 5634 495 5686 με
528 5619 626 5672 δεῖ
650 5620 914 5689 ἀγαγεῖν.
946 5627 1224 5683 Δείκνυσιν
1256 5627 1602 5700 ἀμφοτέρους
1633 5629 2000 5698 ἐσκορπισμέο

422 5717 543 5766 νους
593 5702 688 5756 καὶ
739 5708 1109 5776 μεμιγμένους
1145 5712 1240 5763 καὶ
1288 5712 1554 5781 ποιμένας
1603 5713 1705 5765 οὐκ
1759 5711 2000 5780 ἔχοντας,

419 5785 708 5851 κάκείνους
747 5788 843 5841 καὶ
886 5787 1111 5854 τούτους
1134 5832 1149 5857 ,
1188 5790 1342 5846 οῦπω
1372 5793 1467 5846 τοῦ
1499 5794 1664 5848 καλοῦ
1697 5810 2003 5865 παραγενο-

485 5903 511 5933 ⁸
532 5901 650 5971 "ago
666 5903 911 5971 gnﬁwp
929 5906 1065 5971 ἠμῷν
1089 5922 1141 5952 π.
1167 5923 1217 5971 τι.
1252 5880 1423 5971 αὐτόν,⁸
1439 5907 1619 5971 desunt
1642 5909 1688 5960 in
1714 5909 2001 5971 quibusdam

422 5975 541 6017 mss.
606 5964 635 6007 δ
670 5964 817 6017 Savil.
849 5964 986 6021 mna!
1026 5968 1289 6024 legendum
1322 5969 1531 6046 ἀοι-διον.⁴

1154 350 1214 402 S.
1251 343 1537 402 JOANMS
1575 338 2015 400 (IIIRYSUSTUR

2118 342 2421 397 \RL‘HIEP.
2463 340 3010 400 CONSTANTINOP;

3616 350 3748 408 530‘

2140 459 2301 529 μένου
2325 460 2602 531 ποιμένος.
2630 455 2765 513 Εἶτα
2795 459 2887 513 καλ⁸
2916 460 3014 531 τὴν
3057 461 3354 531 μέλλουσαν
3390 461 3570 518 αὐτῶν
3595 486 3745 539 προ-ν

2133 546 2411 613 αναφωνεῖ
2430 542 2743 611 συνάφειαν.
2766 543 2846 594 ὅτι
2866 543 3143 597 Ἔσονται
3158 543 3263 611 μία
3279 545 3524 614 ποίμνη.
3540 547 3720 621 Ὅπερ
3736 580 3745 587 ο

2136 625 2231 678 καὶ
2265 626 2396 680 αὐτὸ
2443 625 2604 679 πάλιν
2640 636 2662 664 ε
2715 626 2744 677 6
2782 624 2991 689 Παῦλος
3030 626 3301 696 ἐδήλωσεν
3340 628 3511 683 εἰπών
3536 646 3549 660 ⁸
3594 633 3738 688 Ἵνα·

2132 707 2275 773 τοὺς
2307 708 2416 762 δύο
2446 708 2625 774 κτίσῃ
2661 708 2731 761 ἐν
2756 704 2946 772 ἐαυτῷ
2982 710 3072 774 εὶς
3111 709 3220 763 ἕνα
3245 710 3455 767 καινὸν
3496 712 3719 783 ἄνθρω-

2132 804 2267 844 πον.
2298 792 2401 844 Διὰ
2443 790 2622 844 τοῦτό
2650 808 2727 860 με
2754 790 2956 861 ἀγαπᾷ
2989 795 3022 845 ὁ
3052 793 3257 860 Πατὴρ
3279 834 3295 860 ,
3327 794 3416 849 ὅτι
3464 797 3580 866 ἐγὼ
3602 798 3745 868 τὴν-θ

2130 873 2345 943 ψυχήν
2380 890 2500 943 μου
2547 873 2779 942 τίθημι,
2814 874 2913 926 ἵνα
2941 874 3128 928 πάλιν
3157 875 3320 930 λάϐω
3358 879 3574 946 αὐτήν.
3604 882 3735 936 Καὶ

2130 957 2184 1009 τί
2205 957 2298 1009 τοῦ
2332 958 2573 1026 ῥήματος
2603 955 2794 1010 τούτου
2822 957 3205 1029 ταπεινότερον
3231 959 3428 1027 γένοιτ’
3451 961 3538 1026 ἂν,
3573 964 3627 1018 εί
3648 982 3712 1034 γε

2129 1039 2196 1093 δι’
2226 1042 2376 1110 ἡμᾶς
2405 1040 2434 1092 6
2469 1039 2743 1110 Δεσπότης
2785 1042 3102 1109 ἀγαπᾶσθαι
3136 1042 3318 1112 μέλλει
3352 1045 3384 1097 6
3416 1046 3707 1119 ἡμέτερος,

2120 1123 2318 1195 ἐπειδὴ
2357 1123 2499 1194 ὑπὲρ
2540 1123 2699 1194 ἡμῶν
2730 1124 3101 1196 ἀποθνήσκει;
3135 1127 3200 1179 Τί
3244 1126 3373 1193 οὖν,
3414 1131 3546 1183 εἰπέ
3581 1148 3669 1201 μοι
3688 1150 3709 1197 .;

2126 1206 2219 1260 τὸν
2269 1207 2575 1278 ἔμπροσθεν
2606 1207 2798 1277 χρόνον
2827 1208 2927 1261 οὐκ
2970 1209 3224 1277 ἠγαπᾶτο
3247 1247 3261 1272 ,
3295 1209 3432 1264 ἀλλά
3463 1211 3561 1266 νῦν
3611 1216 3713 1284 τῆς

2124 1290 2349 1362 ἀγάπης
2373 1291 2576 1363 ἠρξατο
2616 1293 2645 1344 6
2687 1289 2878 1360 Πατὴρ
2898 1329 2915 1355 ,
2947 1291 3041 1344 καὶ
3081 1294 3244 1362 ἡμεῖς
3276 1294 3578 1366 γεγόναμεν
3609 1298 3729 1368 τῆς.

2124 1374 2348 1445 ἀγάπης
2388 1374 2537 1444 αὑτῷ
2571 1372 2777 1440 afuat;
2821 1374 2984 1443 Ὁρᾷς
3027 1373 3145 1436 πῶς
3177 1374 3439 1446 κέχρηται
3480 1381 3545 1449 τῇ
3581 1396 3712 1451 συγ-

2127 1456 2458 1522 καταϐάσει;
2513 1456 2577 1508 Τί
2604 1451 2696 1510 οὖν
2726 1454 2963 1509 ἐνταῦθα
2986 1457 3394 1512 κατασκευάσαι
3425 1459 3667 1529 βούλεται
3691 1481 3737 1529 ;.

2139 1538 2356 1611 Ἐπειδὴ
2379 1539 2657 1610 ἀλλότριον
2686 1538 2846 1592 αὐτὸν
2874 1538 3058 1607 ἔλεγον
3085 1538 3181 1593 τοῦ
3205 1541 3419 1611 Πατρὸς
3452 1544 3547 1596 καὶ
3569 1546 3709 1599 πλά⁴

2125 1638 2214 1676 νον
2233 1665 2247 1687 ,
2277 1623 2369 1676 καὶ
2405 1623 2497 1676 ἐπὶ
2520 1621 2669 1694 λύμῃ
2698 1621 2853 1692 ἥκειν
2886 1621 3046 1674 αὐτὸν
3076 1621 3170 1674 καὶ
3198 1623 3443 1695 ἀπωλείᾳ
3466 1664 3481 1690 ,
3511 1625 3659 1696 λέγει
3690 1645 3704 1657 ⁸

2124 1703 2235 1757 Καὶ
2264 1707 2312 1757 εί
2347 1705 2512 1776 μηδὲν
2542 1704 2688 1767 ἄλλο,
2721 1702 2883 1757 τοῦτο
2938 1702 3070 1772 γοῦν
3105 1721 3173 1774 με
3224 1704 3436 1759 ἔπειθεν
3482 1709 3737 1781 ἀγαπᾷνν

2123 1788 2299 1857 ὑμᾶς,
2323 1788 2384 1840 τὸ
2413 1787 2558 1841 οὔτω
2585 1789 2729 1859 ὑμᾶς
2750 1787 3066 1856 ἀγαπᾶσθαι
3096 1788 3244 1859 παρὰ
3269 1789 3362 1843 τοῦ
3395 1791 3608 1862 Πατρὸς
3628 1794 3707 1857 ὡς

2121 1870 2256 1940 ἐμέ⁸
2308 1872 2404 1925 καὶ
2453 1871 2540 1924 διὰ
2568 1870 2723 1923 τοῦτο
2767 1868 3084 1938 ἀγαπᾶσθαι
3115 1870 3245 1941 παρ’
3275 1872 3438 1926 αὑτοῦ
3461 1914 3475 1939 ,
3518 1876 3705 1947 ἐπειδὴ

2122 1954 2263 2026 ὑπὲρ
2314 1954 2469 2025 ὑμῶν
2525 1954 2873 2025 ἀποθνήσκω.
2917 1954 3026 2006 Καλ⁵
3070 1955 3210 2025 μετά
3262 1955 3455 2010 τούτου
3510 1957 3568 2010 δέ
3614 1960 3715 2012 καὶ

2121 2039 2298 2092 έκεῖνο
2334 2038 2745 2094 κατασκευάσαι
2789 2038 3035 2109 βούλεται
3063 2077 3078 2103 ,
3110 2040 3193 2092 ὅτι
3219 2054 3277 2092 τε
3304 2041 3408 2094 οὐκ
3440 2040 3590 2095 ἀκων
3615 2043 3725 2096 ἐπὶ

2119 2120 2181 2175 τὸ
2212 2124 2440 2193 πρᾶγμα
2473 2122 2690 2193 ἔρχεται
2733 2122 2817 2184 (εἰ
2847 2120 2957 2192 γάρ
3016 2121 3166 2175 ἄκων
3192 2160 3207 2186 ,
3243 2122 3361 2186 πῶς
3395 2124 3616 2194 ἀγάπης
3640 2121 3730 2197 ἦν’

2120 2207 2401 2276 ποιητικὸν
2423 2207 2484 2260 τὸ
2514 2207 2795 2276 γινόμενον
2820 2205 2883 2275 ;),
2916 2206 3011 2260 καὶ
3034 2207 3115 2259 ὅτι
3147 2205 3239 2259 καὶ
3271 2205 3350 2277 τῷ
3372 2208 3551 2278 Πατρὶ
3584 2209 3703 2278 μεθ’

2123 2290 2428 2361 ὑπερϐολῆς
2481 2291 2637 2344 τοῦτο
2684 2289 2852 2343 δοκεῖ.
2886 2291 2949 2343 Et
2981 2289 3038 2342 δὲ
3083 2289 3158 2354 ὡς
3212 2290 3501 2361 ἄνθρωπος
3548 2292 3723 2348 τοῦτο⁴

2120 2371 2424 2441 διαλέγεται
2451 2372 2501 2438 ά,
2536 2373 2610 2444 μὴ
2645 2372 2971 2445 θαυμάσῃς·
3006 2373 3267 2438 πολλάκις
3299 2374 3408 2446 γὰρ
3436 2376 3537 2447 τὴν
3566 2377 3725 2450 ὑπὲρ

2118 2454 2323 2508 τούτων
2349 2457 2651 2527 εἰρήκαμεν
2682 2456 2861 2509 αἰτίαν
2887 2497 2901 2518 ,
2935 2457 3025 2509 καὶ
3057 2457 3220 2511 πάλιν
3258 2458 3329 2511 τά
3353 2458 3496 2514 αύτά
3524 2460 3710 2530 λέγειν

2121 2540 2372 2610 περιττὸν
2403 2539 2498 2593 καὶ⁵
2521 2539 2778 2610 ἐπαχθές.
2810 2538 2958 2608 Ἐγὼ
2977 2541 3171 2608 τίθημι
3198 2541 3313 2608 τὴν
3331 2545 3545 2613 ψυχήν
3559 2561 3700 2613 μου,

2119 2622 2219 2676 ἵνα
2232 2622 2418 2677 πάλιν
2435 2622 2590 2695 [554]
2603 2623 2765 2678 λάϐω
2777 2624 2928 2689 αὐτή
2935 2640 2989 2676 ν’
3006 2624 3104 2678 καὶ
3132 2624 3331 2692 οὐδεὶς
3342 2627 3492 2695 αἴρει
3509 2628 3702 2695 αὐτὴν
3720 2646 3725 2647 ⁷

2116 2706 2218 2760 ἀπ’
2249 2706 2416 2775 ἐμοῦ.
2453 2706 2599 2772 Ἐγὼ
2619 2707 2813 2776 τίθημι
2838 2706 3033 2774 αὐτὴν
3058 2707 3160 2762 ἀπ’
3176 2708 3460 2777 ἐμαυτοῦ.
3498 2711 3698 2775 Ἑξου-

2116 2790 2262 2844 σίαν
2285 2789 2402 2859 ἔχω
2418 2789 2603 2844 θεῖναι
2618 2790 2736 2857 τὴν
2751 2790 2961 2859 ψυχήν
2973 2807 3114 2858 μου,
3140 2791 3236 2845 καί
3266 2792 3559 2857 ἐξουσίαν
3582 2796 3700 2864 ἔχω

2114 2873 2321 2927 λαϐεῖν
2339 2872 2550 2939 αὐτὴν.
2584 2873 2799 2943 Ἐπειδὴ
2816 2873 2924 2943 γὰρ
2945 2873 3204 2938 πολλάκις
3232 2876 3575 2930 ἐϐουλεύοντο
3603 2878 3700 2931 αὺ-

2114 2953 2206 3008 τόν
2228 2955 2455 3017 ἀνελεῖν,
2487 2955 2655 3024 λέγει,
2680 2957 2762 3009 ὅτι
2788 2955 2878 3025 Μὴ
2912 2955 3231 3027 βουλομένου
3263 2956 3417 3026 ἐμοῦ,
3440 2958 3702 3027 ἀνόνητος

2117 3038 2244 3108 ὑμῖν
2274 3039 2418 3092 ἐστιν
2449 3041 2478 3091 6
2507 3040 2664 3101 πόνος
2686 3056 2701 3069 ⁸
2737 3039 2830 3092 καὶ
2860 3041 2926 3093 ἐκ
2954 3039 3047 3093 τοῦ
3079 3039 3336 3111 προτέρου
3366 3040 3425 3093 τὸ
3444 3037 3727 3112 δεύτερον*

2116 3121 2537 3186 κατασκευάζει,
2563 3122 2671 3174 ἀπὸ
2687 3120 2780 3175 τοῦ
2807 3121 3040 3175 θανάτου
3068 3121 3164 3192 τὴν
3192 3121 3509 3177 ἀνάστασιν.
3529 3123 3723 3178 Τοῦτοηλ

2115 3205 2223 3273 γάρ
2249 3205 2363 3256 ἐστι
2383 3203 2442 3257 τὸ
2470 3204 2780 3274 θαυμαστὸν
2796 3205 2888 3257 καλ⁸
2911 3204 3234 3271 παράδοξον.
3264 3204 3374 3258 Καὶ
3395 3205 3502 3276 γὰρ
3523 3206 3700 3274 ἀμφὸο

2114 3302 2249 3355 τερα
2289 3288 2491 3350 καινῶς
2517 3288 2729 3355 γέγονε,
2753 3287 2846 3341 καὶ
2880 3288 3019 3357 ὑπερ
3049 3286 3148 3356 τὴν
3171 3285 3355 3357 κοινὴν
3392 3286 3697 3355 συνήθειαν.
3762 3324 3768 3329 ι

2188 3370 2550 3439 Προσέχωμεν
2606 3370 2662 3422 δὲ
2722 3368 2860 3439 μετά
2911 3368 3198 3439 ἀκριϐείας
3246 3368 3326 3438 τῷ
3381 3369 3695 3439 λεγομένῳ⁸

2128 3452 2453 3517 Ἐξουσιάν
2478 3453 2596 3522 ἔχω
2618 3452 2824 3517 θεῖναι,
2859 3453 3012 3522 φησὶ,
3038 3452 3152 3518 τὴν
3181 3451 3393 3521 ψυχήν
3413 3470 3553 3523 μου.
3588 3453 3705 3506 Καὶ

2113 3536 2198 3599 τίς
2229 3536 2329 3589 οῦκ
2358 3536 2469 3606 ἔχει
2503 3536 2751 3600 ἐξουσίαν
2793 3537 2963 3589 θεῖναι
2994 3536 3092 3603 τὴν
3119 3534 3297 3605 ψυχὴν
3336 3536 3434 3607 τὴν
3460 3536 3654 3589 ἑαυτοῦ
3680 3553 3695 3602 ;

2127 3620 2372 3691 Ἑκάστῳ
2422 3621 2531 3693 γὰρ
2581 3620 2889 3691 βουλομένῳ
2938 3620 3158 3672 δυνατὸν
3232 3620 3423 3673 ἑαυτὸν
3469 3620 3713 3675 ἀνελείνση

2129 3703 2266 3756 Ἀλλ’
2293 3706 2390 3774 οὐχ
2436 3703 2577 3756 οῦτω
2625 3704 2818 3774 φησίν⁸
2855 3702 2990 3756 ἀλλὰ
3036 3702 3192 3765 πῶςς
3229 3701 3416 3766 Οῦτως
3449 3703 3701 3770 ἐξουσίαν

2115 3785 2222 3856 εχω
2242 3786 2431 3850 θεῖναι,
2462 3788 2537 3848 ὼς
2564 3787 2766 3857 μηδένα
2791 3786 3086 3857 δυνηθῆναι
3121 3785 3345 3851 ἄκοντος
3379 3787 3514 3858 ἐμοῦ
3542 3788 3699 3843 τοῦτο

2116 3868 2342 3938 ποιῆσαι
2367 3887 2381 3900 ⁸
2417 3870 2553 3939 ὅπερ
2601 3869 2694 3921 ἐπὶ
2743 3868 3045 3939 ἀνθρώπων
3088 3870 3187 3923 οὐκ
3215 3869 3313 3925 ἔνι.
3353 3871 3547 3941 Ἡμεῖς
3589 3873 3703 3944 γὰρ

2115 3953 2216 4005 οὐκ
2241 3952 2434 4024 ἔχομεν
2461 3952 2710 4017 ἐξουσίαν
2743 3952 2917 4016 ἄλλως
2951 3952 3145 4018 θεῖναι,
3190 3952 3308 4006 ἀλλ’
3348 3954 3707 4025 ἀναιροῦντες.

2116 4034 2363 4098 ἑαυτούς.
2390 4036 2454 4087 Εἰ
2476 4035 2533 4087 δὲ
2565 4035 2930 4105 ἐμπίπτοιμεν
2959 4037 3037 4097 εἰς
3060 4034 3511 4100 ἐπιϐουλεύοντάς
3542 4053 3697 4100 τινας

2116 4119 2210 4171 καὶ
2237 4118 2459 4190 κυρίους
2494 4117 2734 4179 ἀνελεῖν,
2783 4119 2884 4169 οῦκ
2932 4118 3012 4171 ἔτι
3051 4117 3246 4188 ἔχομεν
3296 4118 3545 4183 ἐξουσίαν
3599 4119 3705 4173 τοῦο

2116 4201 2286 4255 θεῖναι
2315 4203 2408 4256 καὶ
2449 4201 2544 4273 μὴ.
2575 4200 2712 4255 ἀλλά
2734 4204 2824 4255 καὶ
2846 4202 3087 4255 ἀκόντων
3115 4201 3268 4271 ἡμῶν
3290 4203 3486 4255 ἐκεῖνοι
3513 4204 3713 4275 αὐτὴν·

2115 4285 2451 4357 ἀναιροῦσιν.
2524 4286 2640 4338 Ἐπ’
2707 4283 2871 4338 αὐτοῦ
2926 4283 2982 4337 δὲ
3035 4285 3132 4353 οὐχ
3175 4283 3368 4349 οὕτως,
3410 4284 3548 4339 ἀλλὰ
3604 4288 3698 4341 καὶ

2114 4368 2317 4440 ἑτέρων
2355 4368 2812 4431 ἐπιϐουλευόντων
2853 4368 3039 4439 κύριος
3072 4365 3139 4439 ἦν
3189 4368 3352 4432 αὐτὸς
3398 4368 3472 4440 μὴ
3526 4369 3693 4423 θεῖναι

2114 4454 2301 4522 αὐτήν.
2325 4451 2509 4507 Εἰπὼν
2529 4449 2643 4515 οὖν,
2668 4453 2750 4506 ὅτι
2768 4451 2978 4516 Οὐδεὶς
3006 4451 3200 4519 αὐτὴν
3222 4451 3372 4521 αἶρει
3398 4452 3501 4506 ἀπ’
3525 4452 3691 4521 ἐμοῦ.

2111 4536 2231 4590 τότε
2262 4537 2540 4607 ἐπήγαγεν
2561 4554 2573 4566 ⁸
2619 4535 2944 4598 Ἑξουσίαν
2966 4534 3084 4602 ἔχω
3110 4534 3297 4588 θεῖναι
3328 4534 3444 4603 τὴν
3483 4535 3695 4603 ψυχήν

2110 4635 2261 4687 μου⁸
2308 4620 2603 4681 τουτέστιν,
2649 4617 2789 4685 Ἐγὼ
2837 4617 2998 4687 μόνος
3029 4618 3145 4687 εἰμὶ
3180 4615 3366 4686 κύριος
3390 4617 3484 4670 τοῦ
3520 4617 3695 4672 θεῖναι

2112 4701 2280 4771 αὑτήν
2305 4717 2318 4731 ⁸
2349 4701 2486 4772 ὅπερ
2512 4702 2599 4770 ἐφ’
2630 4702 2784 4772 ὑμῶν
2824 4702 2924 4755 οῦκ
2960 4700 3095 4755 ἐστι.
3128 4701 3239 4754 Καὶ
3279 4701 3389 4772 γὰρ
3418 4702 3514 4754 καὶ
3547 4700 3693 4755 ἄλλοι

2113 4782 2300 4836 πολλοὶ
2324 4783 2505 4853 κύριοί
2538 4787 2643 4837 εἱσι
2670 4785 2762 4837 τοῦ
2793 4784 2977 4837 λαϐεῖν
3003 4782 3171 4855 αὐτὴν
3195 4783 3290 4852 ἀφ’
3325 4784 3503 4853 ἡμῶν.
3533 4782 3694 4836 Ἀλλά

2111 4866 2269 4920 τοῦτο
2308 4868 2458 4938 παρά
2482 4866 2578 4937 τὴν
2614 4867 2786 4938 ἀρχὴν
2811 4869 2911 4921 οὐκ
2943 4862 3093 4920 εἶπεν
3114 4882 3127 4896 ⁸
3168 4866 3287 4920 οὐδὲ
3331 4867 3441 4938 γὰρ
3470 4866 3699 4937 ἔμελλεν

2111 4952 2140 5003 6
2159 4950 2317 5018 λόγος
2338 4950 2648 5014 ἀξιόπιστος
2692 4946 2850 5004 εἶναι’
2878 4950 2993 5004 ἀλλ’
3015 4951 3103 5003 ὅτε
3140 4952 3237 5021 τὴν
3270 4951 3379 5003 ἀπὸ
3406 4950 3515 5003 τῶν
3551 4964 3691 5020 πρα-

2111 5034 2343 5105 γμάτων
2381 5034 2541 5088 ἔλαϐε
2589 5034 2917 5106 μαρτυρίαν,
2958 5035 3059 5089 καὶ
3086 5033 3343 5098 πολλάκις
3372 5034 3694 5088 ἐπιϐουλεύο

2114 5135 2307 5183 σαντες
2337 5120 2437 5173 οὐκ
2465 5119 2689 5189 ίσχυσαν
2717 5118 2880 5172 αὐτὸν
2911 5121 3203 5189 κατασχεῖν
3232 5121 3251 5188 (
3275 5120 3369 5172 καὶ
3401 5117 3511 5188 γὰρ
3538 5117 3693 5188 ἐξῆλ-

2109 5203 2200 5256 θεν
2233 5204 2298 5256 ἐκ
2335 5202 2441 5256 τῶν
2491 5202 2690 5272 χειρῶν
2728 5201 2907 5254 αὐτῶν
2952 5201 3245 5271 μυριάκις)
3272 5216 3286 5231 ⁸
3335 5199 3455 5253 τότε
3508 5199 3692 5252 λοιπόν

2109 5304 2302 5357 φησιν,
2339 5285 2550 5350 Οὐδεὶς
2587 5287 2782 5350 αὐτὴν
2820 5284 2971 5350 αἴρει
3001 5285 3103 5337 ἀπ’
3138 5282 3305 5352 ἐμοῦ.
3342 5283 3404 5335 Εἰ
3448 5281 3505 5335 δὲ
3530 5281 3692 5334 τοῦτο

2107 5370 2339 5440 ἀληθὲς,
2369 5370 2589 5422 κάκεῖνο
2629 5368 2819 5421 ἕπεται
2839 5406 2853 5430 ,
2884 5367 2945 5419 τὸ
2987 5366 3182 5420 έκόντα
3226 5367 3318 5418 ἐπὶ
3349 5364 3507 5419 τοῦτο
3537 5363 3692 5435 ἔρχε-

2109 5454 2253 5507 σθαι.
2282 5453 2483 5506 Τούτου
2513 5451 2568 5504 δὲ
2601 5451 2752 5513 ὄντος
2790 5448 3051 5518 ἀληθοῦς,
3101 5451 3322 5503 κάκεῖνο
3365 5449 3687 5518 συνέστηκε,

2104 5537 2166 5591 τὸ
2194 5538 2356 5606 ⁴ίγνίκα
2383 5537 2449 5590 ἂν
2482 5534 2712 5605 βουληθῇ
2735 5533 2920 5587 λαϐεῖν
2948 5534 3137 5605 αὐτὴν,
3174 5533 3469 5602 δυνηθῆναι
3499 5531 3685 5584 πάλιν.

2107 5621 2172 5676 Εἰ
2198 5620 2307 5690 γὰρ
2347 5619 2407 5673 τὸ
2450 5618 2739 5672 ἀποθανεῖν
2783 5619 2965 5688 μεῖζον
3007 5618 3039 5687 ἦ
3096 5616 3240 5671 κατά
3281 5616 3568 5687 ἄνθρωπον
3596 5608 3687 5684 ἦν,

2109 5702 2243 5774 μηδὲ
2286 5702 2414 5773 περὶ
2446 5700 2655 5755 ἐκείνου
2684 5701 2868 5754 λοιπὸν
2901 5700 3231 5771 ἀμφίϐαλλε.
3269 5699 3342 5751 T6
3385 5699 3494 5767 γὰρ
3525 5696 3688 5749 αὐτὸν

2108 5787 2267 5857 μόνον
2297 5780 2434 5838 εἶναι
2464 5783 2654 5855 κύριον
2678 5782 2773 5837 τοῦ
2798 5785 2898 5853 τὴν
2947 5782 3126 5853 ψυχὴν
3158 5784 3396 5852 ἀφεῖναι,
3444 5778 3688 5833 δείκνυσι

2106 5870 2198 5925 καὶ
2233 5867 2326 5922 τοῦ
2364 5866 2549 5921 λαϐεῖν
2583 5866 2751 5938 αὐτὴν
2801 5866 2988 5937 κύριον
3027 5864 3159 5919 ὄντα
3201 5865 3311 5920 ἀπὸ
3361 5863 3461 5935 τῆς
3514 5859 3689 5931 αὐτῆς

2167 5970 2189 6000 °
2224 5966 2320 6018 Alii
2359 5968 2435 6015 καὶ
2464 5967 2602 6023 αὐτὸς
2624 5968 2779 6016 πάλιν.
2848 5964 2875 6006 ἀ
2901 5964 3105 6027 Quidam
3129 5965 3369 6030 ἄνθρωπος
3384 5961 3535 6014 ταῦτα
3553 5963 3655 6012 δια)
