4072 6152
346 305 471 361 τόίὶθ

370 418 693 479 credentes?
727 415 848 473 audi
873 414 999 486 quid
1026 413 1185 470 addat
1213 427 1226 466 :
1255 411 1323 465 Et
1359 427 1603 483 cognosco
1631 428 1743 466 oves
1769 428 1903 467 nicas
1924 453 1939 478 ,

369 523 416 566 et
445 515 747 580 cognoscunt
776 522 854 561 me
881 520 1021 560 mete.
1064 503 1213 572 Quod
1254 512 1309 560 et
1347 502 1543 558 Paulus
1581 503 1899 573 signiﬁcavit
1928 523 1942 558 :

373 602 494 657 Non
534 600 721 669 repulit
765 596 905 653 Deus
949 595 1193 668 populum
1235 611 1381 650 suum
1420 611 1565 664 quem
1606 597 1944 667 prtecognouit

373 691 548 762 (Rom.
579 691 668 745 Η.
698 688 786 759 i);
817 697 872 742 et
900 688 1108 758 Moyses
1136 704 1151 742 :
1181 686 1422 758 Cognovit
1449 686 1694 741 Dominus
1718 687 1802 756 qui
1828 696 1944 741 sunt

369 782 476 853 ejus
498 780 574 848 (2.
606 778 735 834 Tim.
759 778 813 833 2.
844 776 934 847 l9)
960 795 973 830 :
996 778 1116 832 illos
1136 776 1276 839 dico,
1298 777 1497 843 inquit,
1521 790 1654 847 quos
1679 776 1938 845 praascivi.

373 871 570 926 Deinde
608 885 677 925 ne
717 884 897 939 parem
926 867 1243 938 cognitionis
1280 866 1496 921 modum
1535 876 1747 933 putares
1769 906 1785 933 ,
1817 866 1939 921 audi

366 961 633 1032 quomodo
655 960 783 1015 illud
813 975 908 1029 per
931 960 1204 1029 sequentia
1225 948 1471 1028 corrigat.
1501 956 1755 1029 Cognosco
1779 973 1935 1020 meas,

367 1055 573 1124 inquit,
599 1061 653 1108 et
683 1058 983 1122 cognoscunt
1018 1067 1097 1106 me
1131 1065 1273 1105 mete.
1314 1048 1420 1104 Sed
1462 1063 1570 1103 non
1607 1047 1823 1118 aqualis
1856 1053 1939 1103 est

364 1144 595 1215 cognitio
622 1141 752 1199 :sed
794 1141 886 1195 ubi
930 1140 1148 1210 aequalis
1189 1139 1309 1194 est?
1339 1138 1394 1193 In
1436 1137 1595 1192 Patre
1638 1138 1773 1191 etin
1803 1150 1933 1190 me:

364 1250 486 1289 nam
510 1234 655 1289 Sicut
676 1238 926 1304 cognoscit
947 1246 1025 1284 me
1050 1229 1225 1295 Pater,
1250 1238 1295 1282 et
1320 1244 1409 1299 ego
1433 1242 1677 1299 cognosco
1704 1225 1930 1281 Patrem.

359 1324 471 1380 Nisi
506 1324 649 1379 enim
684 1325 785 1377 hoc
812 1322 1037 1392 probare
1066 1320 1356 1382 voluisset,
1387 1334 1482 1373 cur
1520 1318 1572 1372 id
1601 1316 1933 1372 addidisset?

359 1417 493 1484 Quia
518 1415 660 1470 enim
685 1428 744 1469 se
771 1413 1076 1482 frequenter
1102 1410 1154 1463 in
1185 1418 1501 1463 cancrorum
1525 1407 1712 1462 ordine
1742 1406 1885 1476 ponit
1910 1446 1928 1473 ,

358 1526 429 1565 ne
461 1509 580 1580 quis
619 1515 827 1577 putaret
863 1520 923 1561 se
964 1505 1035 1563 ita
1073 1516 1398 1572 cognoscere
1432 1501 1646 1555 Patrem
1675 1509 1733 1554 ut
1769 1500 1933 1554 homo

329 1600 626 1672 cognoscit
647 1640 663 1663 ,
689 1598 918 1654 subdidit
946 1613 960 1649 :
989 1597 1133 1652 Sicut
1169 1594 1420 1665 cognoscit
1448 1610 1527 1647 me
1560 1592 1733 1658 Pater,
1764 1601 1809 1646 et
1837 1608 1928 1662 ego

351 1709 600 1765 cognosco
627 1690 853 1745 Patrem.
881 1690 955 1744 ita
979 1687 1215 1759 perfecte
1238 1687 1411 1754 ipsum
1436 1698 1715 1755 cognosco,
1738 1693 1794 1737 ut
1816 1684 1928 1752 ipse

349 1799 458 1839 me.
490 1783 611 1838 ldco
637 1770 866 1843 dicebat,
899 1778 1063 1833 Nemo
1089 1776 1341 1847 cognoscit
1370 1774 1585 1838 Filium,
1620 1774 1717 1827 nisi
1746 1772 1922 1840 Pater,

326 1883 398 1928 et
420 1874 647 1938 Patrem,
670 1873 767 1927 nisi
786 1870 957 1927 Filius
976 1868 1124 1942 (Luc.
1150 1868 1240 1925 10.
1259 1865 1372 1938 22),
1398 1867 1717 1935 peculiarem
1738 1880 1922 1934 quam-

343 1966 470 2020 dam
494 1964 848 2034 cognitionem
879 1960 1139 2025 indicans,
1166 1966 1221 2012 et
1248 1957 1455 2027 qualem
1486 1970 1640 2009 nemo
1664 1955 1800 2009 alius
1829 1970 1922 2023 po.

324 2063 453 2111 :test
474 2056 752 2125 attingere.
783 2052 894 2122 Ego
925 2067 1056 2122 pono
1081 2051 1302 2104 animum
1328 2064 1505 2102 meam.
1534 2046 1589 2101 Id
1621 2047 1921 2116 frequenter

326 2148 494 2215 .dicit,
527 2163 587 2203 se
614 2161 720 2202 non
749 2146 1089 2215 deceptorem
1114 2157 1234 2197 esse
1257 2140 1551 2195 declarans.
1581 2138 1920 2208 Quandoqui-

338 2236 464 2293 dem
502 2237 785 2308 apostolus
816 2246 880 2290 ut
916 2250 975 2291 se
1012 2249 1196 2290 verum
1233 2233 1541 2302 magistrum
1572 2231 1875 2286 ostenderet
1898 2272 1913 2297 ,

338 2342 510 2398 seque
537 2327 682 2382 falsis
709 2327 963 2396 apostolis
992 2331 1303 2395 opponeret,
1332 2338 1397 2378 ex
1428 2322 1675 2391 periculis
1699 2330 1753 2377 et
1782 2338 1916 2376 mor-

319 2416 482 2471 .tihus
502 2431 620 2471 sese
641 2415 977 2471 commendat
998 2414 1182 2469 dicens
1206 2429 1220 2468 :
1243 2411 1309 2466 In
1329 2413 1492 2483 plagis
1512 2428 1666 2482 supra
1688 2412 1910 2475 modum,

335 2508 389 2560 in
423 2506 663 2560 mortibus
681 2506 962 2578 frequenter
982 2505 1061 2576 (Ξ.
1091 2504 1207 2559 Cor.
1237 2505 1322 2559 il.
1354 2503 1467 2573 25).
1500 2502 1632 2557 Cum
1658 2502 1797 2557 enim
1827 2502 1911 2557 di-

332 2605 508 2662 ceret,
532 2596 658 2651 Sum
683 2597 789 2662 lux,
813 2597 936 2652 Sum
953 2598 1160 2664 vita,‘ex
1176 2595 1313 2649 l'astu
1338 2595 1480 2664 loqui
1501 2594 1637 2662 apud
1663 2594 1911 2663 insipien—

336 2697 420 2743 tes
449 2688 759 2755 videbatur;
787 2703 902 2743 cum
933 2703 1059 2743 vero
1088 2688 1328 2753 dicebat,
1359 2686 1492 2741 Mori
1521 2686 1644 2740 volo
1666 2726 1680 2751 ,
1709 2686 1908 2741 nullam

333 2779 434 2834 sibi
483 2778 732 2832 invidiam
778 2780 1032 2847 pariebat.
1076 2777 1201 2833 Ideo
1245 2777 1331 2832 hic
1374 2791 1479 2831 non
1511 2776 1693 2831 dicunt
1717 2776 1797 2841 ei,
1832 2776 1908 2829 Tu

334 2871 665 2927 testimonium
690 2871 913 2943 perhibes
936 2870 998 2929 dc
1023 2871 1200 2944 teipso,
1226 2869 1555 2927 testimonium
1579 2878 1715 2921 tuum
1738 2885 1903 2922 rerum

332 2972 536 3017 nonest.
556 2964 665 3019 lloc
677 2965 837 3020 verbo
854 2980 1094 3035 magnam
1113 2965 1402 3021 exhibebat
1417 2978 1619 3025 curam,
1636 2959 1904 3034 siquidem

325 3066 426 3120 pro
454 3053 808 3123 lapidantibus
831 3054 1041 3110 volebat
1060 3070 1119 3109 se
1143 3053 1370 3108 tradere.

395 3142 451 3196 2.
499 3143 784 3213 Propterea
845 3143 913 3198 de
969 3144 1217 3212 gentibus
1260 3152 1557 3212 opportune
1598 3156 1901 3199 sermonem

326 3232 551 3288 inducit.
582 3233 672 3289 16.
708 3232 904 3287 Etenim
931 3234 1060 3287 alias
1087 3249 1199 3287 oues
1224 3232 1405 3298 habeo,
1445 3248 1557 3301 qua:
1580 3248 1681 3286 non
1706 3242 1819 3287 sunt
1839 3249 1902 3289 ea:

316 3323 417 3376 hoc
446 3324 566 3376 ovili
596 3338 617 3377 .'
645 3333 691 3378 et
726 3323 844 3376 illas
869 3332 1063 3393 oportet
1092 3339 1171 3377 me
1194 3322 1464 3376 adducere.
1495 3322 1576 3376 En
1603 3338 1784 3378 rursus
1805 3339 1901 3378 vo-

322 3426 436 3466 cem
473 3410 682 3482 Oportet
708 3412 947 3479 adhibet,
973 3428 1090 3483 qua:
1123 3428 1229 3466 non
1272 3413 1640 3467 necessitatem
1669 3412 1895 3480 indicat,

319 3501 414 3558 sed
442 3517 558 3557 rem
600 3518 818 3573 prorsus
853 3518 971 3558 esse
996 3502 1265 3567 futuram;
1306 3516 1368 3557 ac
1413 3502 1458 3557 si
1494 3502 1729 3558 diceret:
1761 3503 1901 3571 Quid

321 3591 612 3660 miramini,
641 3592 684 3646 si
712 3593 869 3647 bime
895 3592 1169 3662 sequuturi
1192 3600 1335 3658 sunt,
1368 3599 1421 3645 et
1468 3592 1512 3645 si
1558 3606 1684 3646 oves
1710 3606 1895 3646 vocem

316 3697 495 3739 meam
522 3684 630 3739 sint
653 3683 949 3739 auditur-te?
988 3684 1121 3739 Cum
1150 3684 1291 3738 enim
1332 3683 1463 3737 alias
1488 3697 1573 3737 me
1616 3690 1898 3752 sequentes

323 3773 595 3841 videbitis,
623 3784 677 3829 et
702 3790 890 3830 vocem
914 3790 1083 3830 meam
1113 3775 1406 3837 audientes,
1440 3781 1564 3828 tunc
1604 3773 1771 3843 magis
1796 3774 1894 3829 ob-

320 3867 659 3932 stupescetis.
689 3863 799 3918 Etsi
821 3879 949 3918 vero
968 3863 1131 3927 dicat,
1157 3864 1281 3928 Quae
1300 3879 1401 3916 non
1419 3870 1534 3915 sunt
1553 3877 1615 3915 ea:
1634 3862 1727 3915 hoc
1754 3861 1892 3929 ovili,

322 3968 389 4009 ne
427 3955 678 4009 turberis.
718 3954 1020 4009 Dill'ercntia
1059 3954 1199 4008 enim
1243 3954 1296 4005 in
1338 3952 1457 4022 lege
1497 3952 1667 4006 solum
1705 3962 1806 4017 est,
1838 3962 1895 4008 ut

316 4048 392 4102 ait
411 4047 610 4103 Paulus
642 4063 656 4101 :
682 4046 858 4117 Neque
875 4046 1184 4100 circumcisio
1203 4044 1394 4114 aliquid
1416 4044 1562 4112 valet,
1589 4059 1746 4115 neque
1764 4060 1892 4115 pra:-

318 4138 539 4206 putinm.
566 4136 632 4191 Et
660 4138 775 4191 illas
800 4145 993 4206 oportet
1037 4153 1115 4189 me
1143 4136 1391 4189 adducere
1416 4136 1498 4205 (1.
1528 4134 1645 4189 Cor.
1678 4136 1728 4188 7.
1763 4137 1828 4190 19
1848 4135 1889 4205 ).

320 4230 565 4285 Declarat
601 4240 847 4300 utrosque
872 4229 1140 4298 dispersos
1167 4237 1221 4283 et
1249 4227 1565 4283 commixtos
1603 4241 1741 4292 esse,
1777 4228 1892 4283 sine

318 4319 643 4387 pastoribus,
671 4334 789 4373 cum
827 4318 1059 4373 nondum
1102 4325 1285 4386 pastor
1321 4317 1407 4371 ille
1433 4316 1604 4370 bonus
1633 4316 1888 4371 venisset.

321 4409 523 4464 Deinde
551 4409 778 4463 futuram
820 4410 1027 4463 illorum
1070 4408 1498 4477 conjunctionem
1523 4408 1841 4477 praenuntiat
1872 4425 1887 4463 :

318 4500 380 4552 Et
406 4502 499 4554 erit
540 4517 693 4553 unum
743 4502 888 4555 ovile.
918 4500 1067 4566 Quod
1100 4501 1271 4569 ipsum
1298 4499 1494 4553 Paulus
1535 4498 1886 4568 signiﬁcavit:

319 4589 383 4644 Ut
408 4592 539 4646 duos
567 4591 749 4645 condat
784 4593 836 4645 in
868 4594 1128 4661 semetipso
1167 4593 1218 4644 in
1249 4607 1404 4644 unum
1430 4605 1611 4644 novum
1640 4591 1890 4645 hominem

318 4678 547 4748 (Ephes.
578 4679 633 4732 9..
665 4679 781 4753 15).
812 4683 897 4736 17.
929 4680 1202 4751 Propterea
1243 4697 1321 4734 me
1348 4681 1509 4752 diligit
1545 4680 1721 4744 Pater,
1773 4683 1891 4751 quia

316 4785 403 4838 ego
426 4772 653 4822 animam
664 4787 823 4825 meam
838 4788 988 4841 pono,
1009 4783 1059 4825 ut
1081 4774 1259 4825 iterum
1279 4773 1519 4842 accipiam
1540 4788 1666 4826 eam.
1685 4773 1890 4843 Ecquid

319 4858 416 4914 hoc
446 4863 613 4916 verbo
657 4862 947 4917 humilius?
979 4863 1244 4933 siquidem
1268 4874 1486 4935 pr0pter
1514 4881 1612 4920 nos
1636 4867 1889 4922 Dominus

316 4951 575 5004 amandus
598 4961 700 5017 est,
732 4955 979 5023 quoniam
1003 4969 1098 5024 pro
1126 4955 1278 5009 nobis
1301 4955 1541 5009 moritur.
1574 4955 1708 5022 Quid
1738 4971 1885 5026 ergo,

315 5041 399 5095 die
429 5044 603 5098 mihi?
637 5062 703 5100 an
730 5048 988 5115 superiori
1020 5058 1256 5115 tempore
1286 5063 1390 5102 non
1418 5048 1751 5117 diligebatur,
1793 5049 1886 5104 sed

317 5144 458 5187 mmc
504 5134 728 5205 diligere
773 5137 964 5204 incepit
994 5137 1166 5203 Pater,
1194 5146 1247 5189 et
1266 5151 1362 5190 nos
1405 5137 1455 5189 in
1488 5151 1645 5191 causa
1692 5138 1888 5190 amoris

317 5220 412 5287 ipsi
439 5222 677 5279 luimus?
704 5225 885 5281 Viden’
913 5237 1165 5297 quantum
1193 5235 1392 5282 nostra:
1436 5241 1494 5280 se
1520 5226 1888 5280 accommodet

319 5310 648 5368 infirmitati?
685 5317 818 5383 Quid
864 5318 948 5372 hic
977 5334 1102 5386 ergo
1136 5319 1246 5371 vult
1273 5316 1527 5385 probare?
1579 5318 1712 5371 Cum
1754 5319 1886 5371 alie-

320 5417 442 5457 num
469 5404 617 5460 illum
643 5422 672 5460 a
697 5407 852 5463 Patre
886 5418 938 5463 et
963 5409 1299 5475 deceptor-cm
1322 5407 1580 5471 dicerent,
1613 5408 1888 5476 ipsumque

321 5489 368 5543 iu
395 5503 598 5560 pestem
627 5511 688 5550 ac
716 5498 1003 5565 perniciem
1040 5497 1271 5561 venisse,
1305 5497 1434 5548 dicit
1474 5496 1563 5548 ille
1609 5516 1620 5549 :
1673 5496 1727 5549 Si
1785 5514 1885 5549 llUtt

318 5581 480 5648 aliud,
514 5583 641 5638 illud
669 5587 857 5641 saltem
887 5602 969 5640 me
996 5586 1062 5639 ad
1086 5601 1178 5639 vos
1210 5585 1469 5640 amandos
1493 5586 1717 5652 induxit,
1746 5586 1886 5655 (mod

322 5682 442 5738 νηί»,
471 5683 525 5724 ut
555 5685 607 5729 et
632 5690 752 5745 ego,
785 5692 813 5728 a
842 5676 995 5730 l‘atre
1022 5675 1292 5741 amemini,
1312 5686 1365 5729 et
1394 5675 1509 5729 ideo
1539 5676 1603 5727 ah
1628 5676 1717 5729 illo
1743 5691 1886 5729 amc—

1427 299 1492 356 lN
1528 299 1836 357 JOANNEM
1874 299 2097 357 HOMIL.
2138 302 2252 358 LX.
2294 306 2362 360 al.
2402 305 2532 364 LIX.

3524 318 3631 379 530'

2056 412 2205 479 mini,
2232 415 2354 485 quia
2381 431 2480 486 ego
2503 432 2599 486 pro
2630 418 2778 474 vobis
2802 419 3019 478 morior.
3058 423 3326 483 Praeterea
3354 427 3482 485 illud
3509 433 3624 489 vult

2049 500 2438 573 demonstrare,
2460 520 2519 561 se
2546 521 2650 563 non
2678 509 2899 565 invitum
2930 523 3153 587 mortem
3182 515 3364 585 adire;
3394 520 3552 590 (nam
3577 526 3625 579 si

2048 590 2241 647 invitus
2266 607 2587 663 moreretur,
2614 601 2880 668 quomodo
2901 602 2952 657 id
2978 605 3174 661 amoris
3202 608 3469 666 vinculum
3494 612 3625 667 luis-

2045 683 2158 753 set)
2179 684 2203 736 ?
2222 696 2274 739 et
2307 687 2448 755 quod
2474 703 2536 742 ea
2577 691 2806 746 maxime
2832 694 2902 748 sit
2930 693 3103 750 Patris
3146 698 3408 754 voluntas.
3435 701 3489 756 Si
3529 718 3624 758 au-

2042 780 2151 828 tem
2174 774 2403 830 uthomo
2431 777 2531 831 hoc
2555 778 2819 848 loquatur,
2851 798 2918 837 ne
2943 786 3149 841 mireris
3179 805 3193 841 :
3222 802 3365 859 smpe
3395 806 3623 863 namque

2044 864 2196 933 huius
2220 865 2298 919 rei
2343 881 2557 921 causam
2585 868 2817 926 diximus
2839 911 2853 935 ,
2883 874 3314 946 superﬂuumque
3339 890 3395 935 et
3421 897 3621 938 onero-

2041 968 2158 1010 sum
2182 965 2325 1011 esset
2349 958 2400 1012 id
2423 968 2687 1029 repetere.
2716 961 2831 1033 Ego
2854 980 2986 1032 pono
3005 968 3225 1021 animam
3245 986 3425 1040 meam,
3444 985 3500 1027 ut
3524 975 3620 1030 ite-

2040 1061 2152 1099 rum
2197 1064 2392 1103 sumam
2439 1066 2547 1104 eam
2575 1052 2702 1106 :18.
2733 1063 2782 1106 et
2808 1070 2955 1108 nemo
2999 1057 3130 1111 tollit
3165 1075 3277 1113 eam
3298 1077 3330 1115 a
3356 1079 3453 1117 me.
3500 1063 3615 1137 Ego

2040 1152 2171 1207 pono
2192 1153 2300 1191 eam
2325 1155 2357 1193 a
2384 1141 2596 1212 meipso.
2635 1141 2934 1199 l’otestatem
2964 1146 3121 1202 habeo
3147 1153 3368 1220 ponendi
3388 1155 3613 1210 animum

2038 1241 2218 1294 meam,
2242 1239 2286 1283 et
2307 1239 2599 1298 potestatem
2643 1234 2800 1288 habeo
2829 1238 3058 1291 sumendi
3102 1255 3244 1294 eam.
3291 1242 3423 1310 Quia
3464 1247 3608 1302 enim

2037 1333 2178 1390 carpe
2206 1323 2487 1378 consilium
2519 1325 2749 1380 inierant
2775 1337 2830 1381 ut
2857 1328 3005 1382 illum
3032 1330 3412 1401 interﬁcerent,
3442 1336 3607 1395 dicit:

2034 1410 2118 1466 Me
2165 1413 2419 1481 nolente,
2470 1416 2671 1472 inutilis
2720 1419 2871 1473 labor
2920 1431 3096 1476 vester
3145 1425 3414 1491 crit;eta
3445 1429 3607 1499 priori

2034 1503 2321 1557 secundum
2350 1505 2626 1560 conﬁrmat
2648 1550 2661 1572 ,
2690 1523 2720 1562 a
2749 1517 2923 1565 morte
2977 1516 3440 1571 resurrectionem.
3496 1520 3606 1576 Hoc

2032 1593 2175 1648 enim
2198 1596 2516 1665 stupendum
2546 1598 3019 1672 admirandamque
3047 1615 3145 1658 est.
3170 1607 3376 1664 Etenim
3395 1619 3569 1666 utrum
3587 1642 3604 1654 -

2029 1697 2137 1752 que
2180 1700 2379 1740 novum
2411 1686 2505 1741 luit
2530 1697 2591 1742 et
2625 1700 2821 1758 pneter
2869 1706 3205 1751 communem
3258 1704 3602 1759 consuetudi-

2028 1786 2172 1827 nem.

2096 1863 2326 1920 Christus
2357 1869 2606 1934 quomodo
2646 1879 2934 1939 potestatem
2966 1874 3112 1929 habet
3136 1879 3356 1945 ponendi
3392 1892 3438 1934 et
3461 1900 3602 1938 resu-

2025 1955 2191 2009 mendi
2217 1957 2453 2012 animum.
2472 1988 2543 1998 —
2561 1959 2709 2014 Dicto
2741 1961 2899 2031 igitur
2924 1964 3208 2035 diligenter
3243 1972 3596 2029 attendamus.

2025 2043 2331 2101 Potestatem
2358 2048 2534 2115 habeo,
2573 2051 2760 2121 inquit,
2802 2057 3020 2123 ponendi
3045 2059 3266 2112 animam
3288 2076 3468 2117 tineam.
3494 2065 3598 2121 Ec-

2021 2136 2141 2204 quis
2167 2146 2482 2207 potestatem
2510 2156 2613 2194 non
2658 2142 2846 2197 habeat
2872 2146 3099 2213 ponendi
3127 2149 3357 2205 animam
3403 2156 3596 2209 suam?

2019 2227 2253 2299 Quisque
2286 2232 2428 2285 enim
2454 2242 2630 2301 poteSt
2661 2248 2719 2288 se
2756 2235 3079 2291 interimere.
3114 2238 3312 2295 Verum
3356 2257 3461 2297 non
3492 2243 3593 2300 hoc

2019 2333 2177 2373 sensu
2203 2320 2448 2389 loquitur.
2480 2322 2758 2389 Quomodo
2788 2326 2955 2395 ergo?
2984 2328 3057 2381 Ita
3089 2338 3400 2397 potestatem
3423 2333 3593 2391 habeo

2018 2410 2245 2476 ponendi
2298 2426 2416 2465 eam
2443 2453 2457 2479 ,
2493 2423 2549 2466 ut
2577 2429 2738 2469 nemo
2764 2419 2932 2485 possit
2961 2434 3044 2473 me
3074 2421 3287 2477 nolente
3318 2424 3366 2478 id
3393 2423 3586 2482 facere.

2016 2497 2180 2553 Secus
2221 2510 2396 2557 autem
2440 2505 2619 2558 cmteri
2667 2504 2928 2562 homines.
2954 2508 3064 2565 Nos
3090 2512 3232 2567 enim
3275 2525 3589 2583 potestatem

2014 2604 2120 2643 non
2166 2590 2421 2646 habemus
2455 2594 2686 2650 animam
2723 2597 2949 2664 ponendi
2973 2640 2987 2665 ,
3029 2601 3132 2656 nisi
3162 2604 3457 2661 occidendo
3485 2623 3589 2662 nos

2012 2679 2180 2747 ipsos.
2212 2680 2268 2736 Si
2297 2692 2475 2737 autem
2513 2685 2564 2737 in
2614 2685 2952 2743 insidiatores
2979 2689 3295 2759 incidamus,
3322 2697 3411 2765 qui
3444 2699 3588 2752 occi-

2010 2768 2139 2822 dere
2165 2770 2387 2843 possint,
2413 2786 2517 2832 non
2550 2774 2685 2833 ultra
2719 2785 3034 2849 potestatem
3057 2780 3313 2842 habemus
3333 2794 3580 2860 ponendi,

2011 2873 2211 2929 necne;
2240 2865 2333 2920 sed
2377 2867 2555 2921 invitis
2593 2869 2748 2924 nobis
2773 2871 2849 2925 illi
2874 2874 3142 2930 occidunt.
3175 2876 3231 2932 In
3259 2878 3474 2938 Christo
3497 2898 3583 2941 se-

2008 2970 2102 3008 cus
2133 2972 2147 3010 :
2180 2971 2300 3011 nam
2327 2957 2444 3012 aliis
2473 2960 2861 3031 insidiantibus,
2895 2975 3101 3035 poterat
3129 2969 3218 3025 ille
3250 2987 3353 3026 non
3383 2991 3582 3044 ponere

2006 3045 2256 3099 animam.
2286 3045 2418 3101 Cum
2460 3048 2686 3104 dixisset
2719 3066 2865 3122 ergo,
2895 3053 3063 3110 Nemo
3091 3059 3220 3113 tollit
3268 3078 3381 3116 eam
3405 3080 3438 3118 a
3463 3082 3541 3121 me
3557 3086 3578 3134 ;

2004 3133 2227 3201 addidit,
2256 3133 2566 3191 Potestatem
2589 3139 2746 3193 habeo
2784 3144 3004 3209 ponendi
3041 3147 3261 3201 animam
3299 3167 3495 3221 meam;
3526 3133 3578 3210 id

2003 3231 2103 3287 est,
2138 3224 2248 3293 Ego
2276 3227 2422 3281 solus
2444 3241 2658 3297 possum
2685 3244 2883 3298 ponere
2906 3233 3046 3288 illam
3078 3252 3092 3288 :
3123 3238 3264 3306 quod
3294 3242 3443 3298 vobis
3471 3260 3576 3301 non

2002 3314 2275 3383 competit.
2301 3314 2435 3371 Nam
2457 3317 2604 3373 multi
2631 3318 2718 3373 alii
2749 3334 2971 3389 possunt
2995 3326 3225 3381 animam
3256 3332 3409 3386 nobis
3436 3335 3577 3390 abri-

2002 3420 2147 3472 pere.
2172 3404 2276 3461 Sed
2309 3407 2409 3462 hoc
2447 3408 2500 3462 in
2544 3410 2804 3480 principio
2833 3426 2939 3467 non
2962 3414 3127 3482 dixit;
3156 3433 3327 3490 neque
3352 3426 3493 3478 enim
3521 3427 3574 3481 id

2000 3496 2259 3551 creditum
2290 3498 2496 3564 fuisset,
2524 3500 2618 3555 sed
2646 3515 2764 3555 eum
2792 3518 2856 3557 ex
2880 3505 3038 3561 rebus
3066 3507 3192 3577 ipsis
3214 3514 3572 3573 testimonium

1999 3588 2221 3657 accepit,
2245 3604 2306 3644 ac
2332 3604 2472 3658 smpe
2493 3590 2801 3648 insidiantes
2821 3609 2925 3648 non
2953 3605 3236 3663 potuerunt
3271 3615 3392 3656 eum
3421 3619 3570 3660 eom-

2001 3677 2328 3745 prehendere
2349 3679 2683 3749 (frequenter
2706 3681 2850 3736 enim
2872 3698 2934 3736 ex
2964 3686 3204 3741 manibus
3240 3704 3425 3747 eorum
3462 3694 3573 3749 ela-

2000 3782 2126 3837 psus
2154 3770 2271 3838 est)
2295 3808 2312 3835 ,
2356 3778 2480 3826 tunc
2519 3770 2731 3826 demum
2759 3773 2832 3827 ait
2864 3792 2878 3828 :
2909 3773 3073 3829 Nemo
3118 3777 3248 3831 tollit
3273 3796 3384 3834 eam
3410 3799 3443 3836 a
3471 3801 3567 3839 me.

1997 3856 2051 3912 Si
2084 3858 2182 3912 hoc
2203 3873 2382 3914 verum
2418 3868 2520 3928 est,
2551 3860 2675 3915 hinc
2701 3862 2941 3932 sequitur
2966 3879 3087 3920 eum
3119 3866 3347 3924 libenter
3375 3871 3441 3926 ad
3470 3873 3571 3929 hoc

1998 3949 2240 4014 venisse;
2271 3949 2502 4021 indeque
2529 3952 2890 4016 conﬁrmatur,
2945 3955 3092 4010 illum
3131 3972 3286 4026 posse
3321 3974 3441 4015 cum
3470 3978 3570 4017 vo-

1998 4038 2154 4093 luerit
2177 4055 2295 4095 cam
2334 4055 2625 4096 resumere.
2651 4041 2784 4096 Nam
2810 4044 2855 4099 si
2882 4045 2951 4098 ita
2976 4047 3109 4099 mori
3139 4047 3253 4114 plus
3281 4065 3438 4118 «luam
3466 4051 3567 4106 hn-

1996 4143 2208 4184 manum
2231 4139 2331 4195 est,
2365 4131 2430 4186 de
2450 4132 2654 4200 reliquo
2679 4148 2747 4188 ne
2771 4133 2995 4189 dubites.
3035 4135 3243 4191 Etenim
3271 4155 3390 4193 eum
3412 4143 3561 4198 solus

1996 4222 2066 4275 sit
2085 4221 2244 4276 vitam
2266 4222 2492 4290 ponendi
2514 4222 2780 4291 dominus,
2799 4241 2916 4280 cum
2939 4226 3123 4283 eadem
3143 4240 3404 4300 potestate
3422 4235 3563 4291 illam

1995 4326 2114 4366 cum
2146 4312 2369 4366 voluerit
2416 4322 2672 4367 resumet.
2705 4314 2887 4369 Viden‘
2917 4318 3184 4384 quomodo
3212 4335 3241 4375 a
3285 4321 3445 4390 priori
3476 4339 3564 4380 se-

1996 4403 2222 4458 cundum
2250 4403 2455 4472 probet,
2498 4412 2553 4458 et
2580 4419 2608 4457 a
2635 4413 2807 4460 morte
2821 4409 3262 4464 resurrectionem
3306 4411 3565 4469 indubita—

1996 4506 2102 4551 tam
2128 4496 2408 4551 ostendat?
2461 4496 2572 4550 Hoc
2597 4508 2896 4569 praeceptum
2922 4501 3091 4570 accepi
3120 4517 3153 4554 a
3188 4502 3343 4556 Patre
3366 4504 3385 4574 (
3405 4503 3560 4560 Joan.

1996 4589 2082 4645 i2.
2115 4588 2183 4642 49
2207 4590 2244 4657 ).
2271 4588 2590 4653 Quodnam?
2615 4588 2685 4644 Ut
2709 4590 2905 4644 moriar
2934 4606 3031 4660 pro
3056 4593 3273 4649 mundo.
3301 4594 3439 4651 Num
3465 4612 3562 4651 ex—

1993 4683 2252 4749 spectavit
2274 4680 2441 4734 donec
2459 4680 2697 4746 audiret,
2723 4691 2775 4735 et
2801 4690 2924 4736 tunc
2947 4686 3235 4753 acquievit,
3262 4697 3316 4741 et
3339 4702 3408 4742 an
3428 4703 3565 4758 opus

1994 4769 2173 4824 habuit
2210 4770 2452 4825 discere?
2482 4770 2674 4838 Ecquis
2703 4786 2863 4827 sanus
2892 4772 2991 4828 hoc
3016 4774 3247 4830 dixerit?
3276 4776 3472 4833 Verum
3503 4789 3567 4833 ut

1993 4875 2150 4929 supra
2181 4875 2299 4914 cum
2330 4861 2486 4924 dicit,
2524 4860 2795 4931 Propterea
2820 4880 2897 4917 me
2924 4864 3076 4918 Pater
3120 4868 3303 4938 diligit,
3336 4869 3559 4924 liberam

1993 4951 2224 5006 ostendit
2260 4952 2601 5017 Voluntatcm,
2635 4964 2686 5007 ct
2710 4957 3028 5010 contrariam
3058 4959 3256 5011 amovit
3299 4962 3559 5028 suspicio-

1994 5057 2113 5097 nem
2147 5059 2159 5096 :
2193 5059 2270 5096 sne
2309 5053 2362 5096 et
2391 5043 2490 5097 hoc
2516 5045 2632 5097 loco
2652 5060 2772 5099 cum
2802 5045 2929 5100 dicit
2964 5062 3024 5102 se
3051 5059 3373 5117 praeceptum
3402 5066 3561 5106 acce-

1993 5132 2178 5200 pissea
2206 5133 2381 5199 Patre,
2406 5134 2533 5189 nihil
2559 5136 2700 5189 aliud
2722 5136 2978 5202 declarat,
3007 5153 3161 5205 quam
3193 5140 3330 5192 Patri
3355 5140 3562 5207 placere

1993 5221 2130 5290 quod
2158 5222 2268 5291 ipse
2291 5223 2444 5288 facit;
2475 5239 2541 5278 ne
2570 5225 2800 5279 occisum
2832 5236 3011 5293 postea
3040 5226 3207 5291 illum,
3237 5241 3265 5279 a
3295 5227 3449 5282 Patre
3474 5246 3562 5298 pn-

1995 5320 2165 5366 tarent
2195 5313 2507 5368 derelictum
2537 5323 2590 5368 et
2612 5315 2899 5382 proditum,
2929 5330 3027 5369 nec
3055 5318 3475 5386 exprobrarent,
3511 5332 3561 5376 nt

1994 5417 2176 5456 revera
2237 5404 2624 5470 exprobraruut
2652 5422 2664 5456 :
2691 5406 2829 5458 Alios
2854 5406 3019 5457 salvos
3041 5408 3156 5473 fecit
3179 5448 3195 5472 ,
3223 5410 3440 5477 seipsum
3467 5426 3564 5463 non

1996 5501 2152 5559 potest
2175 5492 2366 5543 salvum
2396 5493 2563 5560 facere
2586 5509 2604 5554 ;
2627 5502 2699 5557 et,
2733 5494 2792 5545 Si
2821 5492 2984 5547 Filius
3018 5495 3108 5548 Dei
3144 5511 3214 5558 es,
3250 5496 3491 5550 descende
3505 5504 3569 5549 de

1997 5598 2141 5634 cruce
2163 5581 2370 5649 (Matth.
2398 5582 2486 5634 ‘27.
2513 5582 2596 5634 42.
2618 5593 2661 5634 et
2682 5583 2791 5653 40).
2816 5585 2968 5653 Atqui
3000 5587 3117 5641 ideo
3142 5603 3246 5643 non
3269 5589 3561 5653 descendit,

1998 5687 2031 5740 η
2057 5689 2116 5722 ra
2153 5672 2312 5723 l’tlius
2339 5671 2428 5725 Dei
2460 5687 2558 5723 ρει.
