4072 6152
415 267 514 328 $31

495 378 549 432 5.
586 373 782 430 Deinde
831 385 898 425 ne
941 367 1180 429 audiens,
1211 365 1532 432 Praeceptum
1561 361 1730 430 accepi
1761 377 1791 413 a
1825 357 2002 422 Patre,

427 469 660 523 alienum
707 462 774 516 ab
815 476 881 515 eo
927 459 1029 514 hoc
1069 472 1203 526 opus
1249 469 1368 509 esse
1419 464 1654 523 putares,
1705 450 1815 519 jam
1865 449 2012 516 prius

428 562 654 622 dixerat,
687 554 860 608 Bonus
887 561 1058 622 pastor
1088 549 1312 602 animant
1337 562 1479 600 suam
1528 547 1666 612 pauit
1693 557 1785 612 pro
1816 539 2008 602 ovibus,

430 651 512 704 his
539 647 831 703 ostendens
858 658 985 699 oves
1005 657 1135 698 esse
1157 656 1300 704 suas,
1349 647 1402 693 et
1446 651 1581 706 Opus
1609 645 1814 704 gestum
1847 642 2012 686 totum

429 756 550 796 esse
579 754 756 802 suum,
790 751 889 790 nec
935 749 994 789 se
1045 747 1202 802 egere
1261 737 1548 798 prmceplo.
1592 725 1721 778 Nam
1778 723 1822 778 si
1881 738 2014 790 pra:-

429 842 584 898 cepto
636 845 772 899 opus
823 827 1116 888 habuisset,
1160 838 1254 876 cur
1311 820 1552 882 dixisset,
1612 815 1654 868 Α
1701 815 1887 883 meipso
1917 829 2010 881 po-

433 924 539 977 uo?
583 921 713 975 Nam
759 919 847 988 qui
893 933 924 971 a
972 916 1150 983 seipSo
1181 913 1351 982 ponit,
1407 925 1512 962 non
1558 916 1679 976 eget
1727 914 2012 975 prmecpto.

431 1014 658 1068 Causam
731 1023 944 1079 quoque
1013 1006 1163 1060 addit
1224 1019 1321 1059 cur
1378 1001 1479 1055 hoc
1527 998 1702 1053 faciat.
1759 999 2014 1064 Quaenam

432 1106 562 1160 illa?
587 1102 737 1170 Quod
787 1110 968 1171 pastor
1006 1099 1094 1164 sit,
1140 1106 1196 1152 et
1239 1096 1409 1150 bonus
1441 1103 1636 1162 pastor.
1683 1091 1859 1144 Bonus
1889 1102 2018 1143 vero

433 1205 614 1264 pastor
641 1209 744 1249 non
787 1202 907 1261 eget
949 1191 1053 1244 alio
1096 1188 1184 1258 qui
1223 1187 1288 1240 ad
1336 1201 1446 1240 rem
1490 1184 1633 1237 illam
1667 1197 1724 1236 se
1754 1181 2012 1234 hortetur.

431 1287 582 1353 Quod
621 1285 666 1338 si
717 1284 767 1338 id
799 1284 848 1336 in
881 1281 1202 1343 hominibus,
1249 1277 1416 1330 multo
1451 1274 1618 1343 magis
1646 1273 1698 1326 in
1730 1273 1858 1325 Deo.
1892 1270 2018 1324 Ideo

436 1376 628 1429 Paulus
648 1374 874 1434 dicebat,
905 1372 1239 1438 Semetipsum
1273 1366 1548 1421 exinanivit
1577 1364 1595 1436 (
1622 1363 1815 1433 Philip.
1841 1361 1896 1416 2.
1925 1361 2014 1431 7).

438 1470 576 1524 Nihil
608 1482 734 1538 ergo
763 1465 904 1518 aliud
939 1465 1025 1516 hic
1049 1462 1149 1516 sibi
1189 1461 1300 1514 vult
1331 1466 1672 1528 praeceptum,
1705 1470 1861 1526 quam
1890 1468 2019 1510 con-

434 1559 669 1613 cordiam
695 1572 814 1609 cum
839 1556 994 1608 Patre
1013 1550 1316 1608 ostendere.
1342 1549 1491 1616 Quod
1515 1549 1558 1601 si
1589 1557 1763 1601 tamen
1786 1545 2020 1599 humano

439 1658 494 1702 et
517 1647 703 1702 humili
731 1661 880 1699 more
907 1645 1106 1699 dictum
1138 1642 1224 1705 sit,
1259 1641 1310 1694 id
1337 1639 1640 1693 auditorum
1669 1634 2018 1690 imbecillitati

439 1740 802 1795 tribuendum.
855 1737 941 1792 19.
1000 1735 1256 1788 Dissensio
1302 1734 1469 1801 itaque
1493 1727 1630 1799 facta
1656 1738 1728 1783 est
1756 1729 1884 1782 inter
1917 1726 2019 1779 Ju-

439 1834 597 1886 (ἔωσε.
626 1831 717 1884 20.
762 1828 1004 1881 Dicebant
1029 1827 1139 1892 alii,
1186 1824 1503 1877 Da'monium
1533 1822 1678 1875 habet
1720 1830 1772 1875 et
1811 1820 2019 1875 insanit.

445 1925 582 1989 Quid
610 1939 721 1977 eum
770 1920 996 1973 auditis?
1021 1919 1108 1972 21.
1153 1917 1256 1970 Alii
1283 1914 1512 1969 dicebant
1537 1930 1555 1966 :
1595 1912 1722 1967 Htec
1749 1911 1894 1966 verba
1925 1927 2026 1964 non

441 2024 556 2069 sunt
595 2012 898 2066 dremonium
929 2010 1174 2062 habentis.
1227 2005 1488 2076 Numquid
1526 2004 1827 2057 dremonium
1866 2011 2028 2071 potest

440 2121 685 2160 raeorum
729 2102 899 2156 oculos
935 2099 1169 2169 aperire?
1213 2097 1342 2151 Cum
1392 2096 1531 2149 enim
1579 2094 1698 2162 plus
1737 2107 1892 2162 quam
1924 2091 2026 2144 hu-

444 2213 596 2250 mana
628 2201 806 2249 essent
853 2208 972 2262 qua:
1001 2189 1333 2251 dicebantur,
1363 2196 1416 2241 et
1461 2195 1653 2256 praeter
1689 2199 2026 2239 communem

443 2285 902 2346 consuetudinem,
930 2280 1314 2336 dmmoniacum
1345 2279 1492 2332 illum
1515 2277 1782 2342 dicebant,
1813 2277 2030 2346 jamque

443 2389 631 2446 quater
652 2373 728 2448 (a)
761 2376 838 2428 sie
870 2374 1015 2428 illum
1050 2379 1324 2425 vocarunt.
1367 2369 1496 2423 Nam
1541 2376 1699 2422 antea
1736 2368 2025 2423 dicebant:

449 2469 768 2523 Da'inonium
785 2468 958 2521 habes:
977 2464 1089 2534 quis
1116 2475 1161 2517 te
1180 2463 1358 2533 quarrit
1380 2461 1694 2530 interﬁcere?
1715 2475 1776 2515 ac
1797 2475 2028 2527 rursum,

450 2560 634 2614 Nonne
680 2559 800 2612 bene
847 2557 1067 2610 diximus
1113 2555 1231 2624 quia
1276 2551 1630 2607 Samaritanus
1675 2567 1725 2605 es
1750 2560 1824 2612 tu,
1857 2559 1904 2602 et
1929 2549 2032 2602 da:-

449 2654 668 2706 monium
709 2648 899 2702 habes?
930 2655 984 2701 et
1014 2645 1120 2707 hic,
1169 2643 1488 2697 Dtemouium
1535 2641 1679 2695 habet
1715 2653 1763 2694 et
1808 2641 2034 2702 insanit;

449 2741 570 2809 quid
616 2755 731 2793 eum
782 2736 968 2790 auditis
1019 2735 1212 2807 (Joau.
1239 2735 1292 2788 7.
1320 2733 1409 2788 20.
1439 2743 1484 2785 et
1513 2732 1565 2787 8.
1589 2730 1730 2801 48)?
1775 2729 1887 2784 lmo
1928 2743 2033 2782 non

451 2839 663 2898 quater,
693 2828 785 2881 scd
834 2826 1030 2893 szrpius
1060 2824 1110 2878 id
1156 2823 1304 2876 illum
1337 2821 1608 2876 audivisse
1646 2827 1875 2873 constat.
1901 2817 2035 2872 Nam

452 2919 591 2990 quod
621 2919 821 2982 dicunt,
877 2916 1062 2970 Nonne
1087 2915 1206 2967 bene
1228 2913 1447 2966 diximus
1473 2911 1590 2980 quia
1614 2909 1918 2963 dwmonium
1947 2909 2040 2960 ha-

455 3010 572 3065 bes?
601 3025 706 3064 non
751 3009 832 3063 bis
879 3007 964 3061 vel
1013 3017 1111 3066 ter,
1145 3005 1236 3057 sed
1274 3005 1469 3070 sa-pius
1497 3001 1622 3053 illud
1652 2999 1850 3053 dictum
1879 2999 2040 3054 fuisse

455 3103 793 3156 confirmant.
826 3097 927 3150 Alii
955 3095 1205 3157 dicebant,
1237 3092 1425 3159 inquit,
1460 3088 1586 3143 Ha'c
1614 3088 1765 3142 verba
1791 3105 1889 3141 non
1923 3096 2040 3141 sunt

457 3191 764 3244 dwnrouium
793 3186 1039 3238 habentis.
1075 3180 1339 3249 Numquid
1367 3180 1670 3233 deemouium
1697 3189 1854 3248 potest
1879 3195 2041 3232 σιρεο-

459 3297 572 3334 rum
603 3279 774 3333 oculos
805 3275 1039 3346 aperire?
1064 3274 1196 3342 Quia
1218 3273 1358 3327 enim
1385 3287 1450 3326 ex
1479 3271 1654 3325 verbis
1671 3287 1774 3324 non
1799 3280 2043 3340 poterant

461 3372 565 3424 illis
593 3368 860 3424 silentium
894 3366 1188 3434 imponere,
1209 3379 1274 3418 ex
1297 3362 1548 3432 Operibus
1572 3362 1622 3416 id
1648 3362 2038 3417 demonstrant.

460 3463 618 3518 Certe
647 3460 804 3514 verba
836 3472 939 3512 non
970 3464 1094 3511 sunt
1121 3454 1452 3509 daei'uoniaci.
1482 3453 1634 3521 Quod
1666 3453 1709 3507 si
1734 3453 1910 3508 verbis
1937 3469 2042 3507 non

461 3552 860 3621 obtemperatis,
885 3564 1043 3619 opera
1068 3545 1418 3602 revereamini
1444 3545 1621 3614 (Joan.
1648 3545 1735 3600 10.
1759 3546 1868 3614 58).
1891 3544 2044 3611 Quod

463 3645 506 3698 si
540 3659 642 3698 non
672 3642 1006 3703 daunoniaci,
1059 3639 1152 3693 sed
1183 3638 1299 3707 plus
1325 3653 1483 3706 quam
1528 3637 1756 3691 humana
1784 3637 1868 3691 illa
1897 3646 2040 3703 sunt,

467 3735 640 3804 palam
669 3742 751 3787 est
778 3747 806 3784 a
829 3731 1006 3786 divina
1033 3729 1261 3800 quadam
1308 3729 1502 3782 virtute
1547 3728 1831 3796 proficisci.
1863 3727 2044 3782 Viden'

467 3825 874 3898 syllogismum?
930 3823 1081 3888 Quod
1125 3822 1266 3876 enim
1313 3835 1470 3888 supra
1525 3819 1792 3873 hominem
1844 3826 2042 3884 essent,

468 3916 593 3971 hinc
645 3913 814 3984 palam
863 3922 979 3968 erat
1021 3911 1161 3982 quod
1204 3910 1464 3975 dicerent,
1511 3908 1827 3962 Haemonium
1865 3909 2047 3965 habet:

467 4007 607 4078 quod
635 4020 762 4061 vero
789 4004 1111 4059 darmonium
1143 4017 1246 4058 non
1293 4002 1533 4065 haberet,
1581 4016 1647 4054 ex
1689 4001 1752 4054 iis
1781 4016 1898 4070 quin
1927 4000 2050 4056 fecit

469 4100 871 4156 demonstravit.
904 4097 1040 4166 Quid
1067 4111 1196 4166 ergo
1219 4095 1505 4150 Christus?
1534 4093 1673 4148 Nihil
1713 4094 1778 4148 ad
1825 4093 1937 4148 haec
1966 4109 2052 4149 re—

469 4192 699 4262 spondit.
734 4191 885 4244 Prius
914 4190 1053 4244 enim
1085 4186 1454 4258 responderat,
1479 4184 1592 4256 Ego
1613 4187 1918 4239 dwmonium
1949 4202 2051 4239 non

471 4285 666 4347 habeo;
693 4298 832 4337 nunc
859 4296 985 4335 vero
1012 4296 1115 4334 non
1145 4280 1289 4334 item.
1322 4279 1455 4346 Quia
1479 4279 1621 4334 enim
1648 4293 1713 4333 ex
1742 4279 1902 4333 rebus
1923 4279 2052 4348 ipsis

471 4373 981 4430 demenstrationem
1031 4371 1464 4435 concinnaverat,
1497 4369 1710 4424 demum
1740 4371 1922 4424 tacuit.
1946 4370 2053 4425 Ne-

473 4482 577 4536 que
598 4466 740 4520 enim
773 4464 1121 4532 responsione
1142 4461 1284 4530 digni
1309 4469 1459 4514 erant
1487 4461 1518 4513 ii
1551 4461 1638 4528 qui
1667 4461 2052 4516 daemoniacum

473 4557 745 4621 dicebant,
791 4570 857 4607 ex
898 4553 1149 4622 operibus
1189 4567 1306 4620 qua:
1345 4551 1596 4604 admirari
1655 4552 1952 4619 Oportebat,
2003 4564 2057 4607 et

480 4649 644 4702 Deum
688 4647 856 4712 ipsum
883 4659 1001 4697 csse
1028 4653 1236 4712 putare.
1284 4642 1484 4711 Ecquid
1529 4658 1661 4709 opus
1701 4653 1833 4707 erat,
1860 4655 1913 4696 ul
1938 4645 2057 4699 illos

478 4738 798 4802 confutaret,
824 4753 940 4789 cum
969 4737 1076 4804 jam
1105 4737 1200 4804 ipsi
1229 4736 1365 4790 inter
1391 4751 1448 4789 se
1487 4735 1794 4790 dissidirent
1817 4746 1871 4790 et
1894 4738 2059 4808 digla-

478 4830 792 4884 diarentur?
818 4829 938 4882 Ideo
968 4829 1156 4883 silebat
1179 4839 1231 4883 et
1252 4828 1426 4882 omnia
1455 4843 1608 4898 sequo
1629 4829 1806 4881 animo
1836 4829 2054 4885 ferebat.

479 4922 594 4979 Non
633 4936 696 4976 ea
745 4920 916 4974 solum
962 4920 1029 4974 de
1070 4935 1249 4986 causa,
1296 4920 1388 4975 sed
1431 4930 1486 4975 ut
1534 4935 1632 4976 nos
1664 4921 1966 4979 institueret
1994 4925 2062 4981 ad

479 5013 938 5070 mansuetudinem
969 5023 1023 5068 et
1053 5014 1380 5080 patientiam.

550 5108 604 5161 4.
650 5105 896 5173 Discipuli
920 5104 1105 5160 Christi
1129 5105 1383 5174 oﬁicia—
1399 5104 1548 5160 llunc
1569 5106 1746 5177 itaque
1766 5105 2055 5163 imitemur.

483 5199 663 5268 Neque
693 5199 864 5252 solum
911 5198 1052 5252 enim
1083 5187 1264 5262 tacuit,
1296 5196 1389 5251 sed
1417 5198 1576 5252 etiam
1617 5198 1810 5254 iterum
1849 5210 1972 5267 stat,
2005 5209 2061 5256 et

550 5353 624 5415 (α)
646 5354 738 5403 Hic
761 5362 897 5404 notat
918 5355 1102 5413 Boisius
1142 5367 1154 5402 :
1195 5355 1335 5416 atqui
1356 5353 1452 5405 tria
1472 5360 1657 5406 tantum
1680 5355 1784 5406 loca
1805 5355 2062 5406 adducunt-

486 5420 582 5480 tur,
608 5421 655 5480 ut
673 5415 1066 5480 for-telegcndum
1079 5416 1139 5466 sit
1167 5415 1369 5471 ter,le
1393 5416 1495 5480 loco
1516 5423 1567 5480 et
1585 5429 1723 5480 mox.
1741 5417 1923 5467 Verum
1949 5418 2065 5470 licet

489 5477 576 5524 tria
611 5473 711 5522 loca
735 5473 917 5523 tamdiu
955 5479 1143 5540 affcrat,
1165 5494 1174 5534 ι
1193 5485 1266 5526 ost
1302 5478 1499 5540 tertium
1523 5479 1641 5540 dicit
1663 5477 1756 5526 alia
1778 5491 2060 5540 superesse.

488 5543 643 5591 enitare
667 5548 774 5602 eum
802 5542 966 5602 quater
990 5538 1335 5602 dixisset.post
1355 5538 1495 5587 allata
1513 5539 1601 5586 tria
1628 5537 1726 5602 loca
1751 5537 1972 5601 quartum
1991 5544 2065 5590 sic

490 5596 822 5665 eximesserit,‘
864 5609 1082 5665 irepcque
1109 5596 1264 5665 alios.
1303 5598 1448 5648 Certe
1491 5605 1660 5665 quater
1697 5596 1878 5651 habent
1912 5605 2062 5651 munia

493 5670 655 5717 ιλυηιι
677 5656 809 5715 laria,
838 5664 887 5704 et
912 5657 983 5705 ilio
1008 5657 1082 5704 hic
1109 5658 1333 5706 habetur.

1160 255 1214 312 S.
1250 250 1523 310 JOANNIS
1557 243 2030 306 CIIRYSOSTOMI
2069 241 2390 299 ARCHIEP.
2420 241 2951 319 CONSTA‘NTINOP.

3588 244 3696 307 352

2120 357 2477 426 interrogatus
2498 357 2802 426 respondet,
2832 366 2883 410 et
2905 354 3250 426 providentia:
3276 373 3386 414 sua:
3412 360 3559 430 signa
3581 362 3672 418 dat
3703 374 3714 408 τ

2117 457 2274 518 atque
2301 448 2659 503 daemoniaeus
2688 449 2980 517 appellatus
3006 458 3059 503 et
3089 449 3328 515 insanus,
3371 450 3438 504 ab
3482 452 3712 509 homini.

2118 539 2217 593 bus
2247 541 2336 610 qui
2367 541 2516 595 mille
2539 540 2607 594 ab
2649 555 2706 594 se
2749 540 3024 595 beneﬁciis
3055 541 3227 596 affecti
3276 541 3505 608 fuerant,
3549 546 3713 613 idque

2119 647 2222 685 neu
2270 633 2435 686 semel
2485 641 2576 684 aut
2621 632 2720 696 bis,
2771 634 2863 686 sed
2914 633 3135 701 pluries,
3188 649 3290 688 non
3319 635 3478 690 modo
3514 653 3574 693 se
3603 653 3712 694 non

2121 723 2263 777 ultus
2291 731 2394 785 est.
2423 723 2515 776 sed
2561 724 2720 777 etiam
2771 723 3025 778 benelicia
3057 724 3365 779 conferendi
3410 726 3570 782 finem
3603 747 3706 788 non

2119 812 2264 868 fecit.
2313 814 2512 883 Ecquid
2554 814 2674 868 dico
2729 814 2986 869 beneficia
3038 815 3394 871 conferendi?
3427 819 3532 873 Pro
3579 823 3707 890 ipsis

2119 906 2351 959 animam
2381 905 2549 974 ponit,
2575 914 2627 959 et
2651 905 2935 959 crucifixus
2965 921 3058 974 pro
3085 908 3211 974 ipsis
3240 909 3451 964 Patrem
3477 912 3707 982 alloqui-

2122 1007 2224 1050 tur.
2259 998 2381 1051 llzcc
2408 1007 2463 1052 et
2488 1012 2582 1051 nos
2606 998 2893 1051 imitemur.
2928 998 3039 1053 lloc
3068 1000 3209 1052 enim
3241 1009 3322 1055 est
3358 1001 3558 1058 Christi
3588 1019 3708 1059 esse

2120 1090 2460 1158 discipulum,
2493 1091 2536 1143 si
2561 1091 2819 1144 mansueti
2851 1091 3020 1144 simus
3044 1099 3097 1144 et
3142 1093 3316 1146 mites.
3349 1091 3504 1147 Unde
3530 1105 3706 1149 autem

2121 1181 2185 1235 ad
2238 1181 2374 1235 hanc
2416 1181 2788 1250 perveniemus
2835 1182 3336 1236 mansuetudinem?
3385 1182 3442 1237 Si
3492 1193 3706 1251 peccata

2123 1281 2301 1325 nostra
2337 1272 2644 1340 frequenter
2681 1274 2993 1341 cogitemus,
3025 1273 3070 1325 si
3105 1273 3400 1341 lugeamus,
3447 1274 3492 1327 si
3541 1275 3711 1346 lacry-

2122 1376 2349 1415 memur.
2380 1361 2568 1414 Anima
2600 1362 2796 1430 quippe
2829 1362 2878 1414 in
2909 1362 3093 1416 dolore
3119 1361 3422 1432 hujusmndi
3461 1378 3705 1430 versans,

2124 1471 2229 1509 non
2259 1455 2578 1524 indignatur.
2612 1454 2712 1510 Uhi
2757 1470 2986 1524 namque
3026 1456 3199 1511 luctus
3237 1465 3339 1522 est,
3371 1457 3439 1513 ibi
3483 1458 3556 1512 ira
3588 1473 3709 1513 esse

2124 1546 2341 1614 nequit;
2368 1545 2457 1599 ubi
2487 1545 2659 1610 dolor,
2696 1545 2762 1599 ibi
2793 1546 3063 1600 iracundia
3091 1547 3424 1610 eliminatur;
3452 1547 3540 1602 ubi
3572 1563 3708 1603 con-

2125 1636 2270 1690 tritio
2295 1636 2478 1698 animi,
2523 1636 2663 1689 nulla
2688 1635 2756 1688 ibi
2806 1636 3117 1705 indignatio.
3151 1637 3320 1692 Luctu
3347 1638 3567 1693 affectus
3587 1640 3709 1702 ani-

2126 1743 2244 1783 mus
2296 1743 2400 1782 non
2443 1729 2672 1797 Spatium
2719 1729 2971 1798 temporis
2999 1729 3159 1784 habet
3197 1740 3252 1784 ut
3288 1733 3577 1797 excitetur;
3610 1732 3707 1786 sed

2127 1821 2318 1876 acerbe
2364 1821 2692 1890 iugemiscet,
2742 1823 2974 1876 amarius
3013 1821 3178 1876 flebit.
3211 1823 3332 1878 Scio
3369 1823 3563 1878 multos
3594 1824 3710 1878 haec

2128 1912 2410 1967 audientes
2440 1912 2646 1978 ridere;
2691 1920 2745 1966 at
2772 1928 2872 1981 ego
2915 1929 3020 1967 non
3053 1914 3207 1969 linem
3254 1916 3439 1969 faciam
3469 1915 3588 1970 illos
3614 1915 3708 1970 de-

2131 2003 2368 2073 piorandi
2396 2005 2484 2075 qui
2515 2004 2709 2059 rident.
2730 2004 2925 2059 Luctus
2952 2007 3092 2059 enim
3117 2015 3199 2060 est
3224 2021 3458 2076 przcscns
3481 2016 3708 2077 tempus,

2129 2095 2377 2164 planctus
2403 2104 2456 2149 et
2479 2095 2789 2164 gemituum.
2823 2095 2980 2149 Multa
3006 2096 3200 2166 quippe
3225 2105 3279 2151 et
3307 2098 3357 2150 in
3383 2097 3558 2152 verbis
3587 2105 3640 2152 et
3661 2099 3713 2152 in

2131 2185 2290 2239 rebus
2331 2199 2635 2254 peccamus.
2677 2185 2820 2239 Talia
2868 2201 2996 2240 vero
3044 2196 3414 2257 perpetrantcs
3449 2189 3715 2260 excipient

2133 2275 2396 2345 grhenna,
2439 2275 2631 2330 ﬂuvius
2658 2277 2852 2331 ardens
2889 2277 3044 2348 igneo
3079 2278 3253 2344 alveo,
3287 2279 3434 2349 regni
3462 2279 3712 2334 cmlorum

2133 2365 2350 2419 amissio
2374 2407 2389 2433 ,
2430 2367 2570 2436 quod
2609 2377 2687 2422 e5t
2729 2369 2964 2422 omnium
3005 2369 3395 2438 gravissimum.
3417 2371 3540 2426 Post
3581 2372 3714 2426 hanc

2136 2456 2647 2523 comminatiouem,
2705 2458 2793 2512 die
2849 2458 3016 2525 mihi,
3060 2460 3240 2526 rides,
3297 2462 3348 2516 in
3389 2462 3592 2517 deliciis
3631 2463 3712 2516 vi-

2138 2546 2257 2600 vis?
2293 2563 2355 2601 ac
2395 2549 2620 2604 Domino
2659 2558 2749 2603 tuo
2789 2550 2924 2605 irato
2961 2559 3016 2604 et
3052 2553 3432 2618 comminante,
3473 2554 3526 2609 iu
3567 2554 3715 2624 lapsu

2139 2647 2344 2708 perstas
2368 2681 2383 2705 ,
2429 2654 2527 2694 nec
2566 2641 2720 2695 times
2761 2657 2828 2696 ne
2869 2641 2959 2696 tibi
2999 2643 3075 2696 sic
3113 2642 3390 2698 ardentem
3444 2643 3713 2701 fornacem

2138 2732 2459 2800 compares?
2497 2731 2610 2785 Non
2664 2731 2814 2787 audis
2864 2732 2993 2802 quid
3032 2734 3270 2803 quotidie
3306 2736 3540 2792 clamet?
3577 2736 3715 2790 Esu-

2139 2822 2347 2874 rieutem
2404 2837 2483 2874 me
2537 2822 2762 2887 uidistis,
2823 2833 2870 2877 et
2924 2841 3024 2878 non
3076 2825 3283 2879 dedistis
3341 2827 3464 2880 mihi
3501 2829 3717 2882 mandit-

2141 2927 2292 2976 care;
2340 2913 2605 2979 sitientem,
2660 2924 2708 2967 et
2749 2931 2849 2967 non
2883 2915 3090 2970 dedistis
3141 2917 3266 2970 mihi
3315 2917 3493 2971 bibere.
3539 2917 3721 2971 Disce-

2142 3003 2245 3056 dite
2267 3003 2318 3056 in
2349 3003 2516 3072 ignem
2547 3015 2779 3074 paratum
2809 3006 3008 3060 diabolo
3046 3017 3093 3059 et
3131 3008 3320 3078 augetis
3362 3009 3472 3072 eius
3502 3008 3718 3079 (Matth.

2141 3094 2232 3150 25.
2260 3093 2350 3148 42.
2379 3104 2426 3147 et
2451 3094 2562 3165 Μ).
2595 3095 2720 3151 [lare
2746 3097 2981 3165 quotidie
3008 3101 3378 3154 comminatur.
3411 3099 3517 3156 Sed
3544 3103 3720 3156 cibum

2145 3185 2218 3238 illi
2245 3185 2386 3250 dedi,
2417 3185 2642 3255 inquies.
2670 3187 2893 3255 Quando
2925 3199 2980 3245 et
3003 3201 3132 3260 quot
3169 3191 3392 3246 diebus?
3416 3192 3602 3249 decem
3631 3205 3722 3249 aut

2144 3275 2368 3345 viginti?
2388 3278 2456 3330 At
2482 3292 2589 3330 non
2622 3283 2725 3333 hoc
2752 3280 2880 3334 satis
2910 3280 3068 3336 habet
3093 3281 3210 3348 ille;
3239 3283 3330 3336 sed
3360 3295 3558 3354 quanto
3587 3294 3722 3340 tem-

2145 3380 2277 3436 pore
2306 3367 2356 3420 in
2389 3376 2530 3423 terra
2557 3370 2802 3425 versaris.
2831 3370 2962 3425 Nam
2990 3381 3043 3426 et
3065 3373 3296 3442 virgines
3316 3375 3493 3431 oleum
3527 3377 3725 3433 habue-

2147 3467 2305 3524 runt;
2333 3459 2425 3514 sed
2451 3476 2554 3514 non
2576 3469 2830 3530 quantum
2860 3462 2926 3516 ad
2957 3463 3183 3518 salutem
3215 3466 3345 3520 satis
3371 3476 3502 3521 erat.
3545 3468 3725 3538 Siqui-

2148 3547 2267 3601 dem
2295 3555 2349 3602 et
2378 3549 2506 3618 ipsae
2536 3551 2804 3620 lampades
2841 3553 3234 3621 accenderunt;
3277 3557 3507 3612 exclusa:
3550 3569 3724 3614 tamen

2149 3649 2274 3694 sunt
2307 3655 2337 3693 a
2379 3641 2630 3708 thalamo,
2677 3657 2738 3697 ac
2770 3644 2889 3713 jure
2927 3645 3141 3715 quidem
3183 3664 3195 3698 :
3226 3649 3503 3704 exstincta:
3533 3651 3728 3720 quippe

2151 3739 2277 3785 sunt
2303 3742 2426 3786 ante
2469 3734 2652 3802 sponsi
2694 3734 3001 3789 adventum.
3045 3736 3333 3806 Propterea
3383 3741 3549 3795 multo
3576 3744 3728 3797 nobis

2151 3835 2285 3891 opus
2311 3834 2393 3876 est
2417 3823 2558 3889 oleo,
2582 3832 2638 3878 et
2667 3840 2854 3896 magna
2895 3826 3229 3882 liberalitate.
3274 3830 3410 3884 Audi
3437 3831 3559 3900 quid
3591 3832 3732 3886 dicat

2151 3912 2409 3982 prepheta
2441 3930 2455 3968 :
2487 3913 2730 3967 Miserere
2780 3919 2912 3980 mei,
2965 3915 3122 3983 Deus,
3177 3921 3449 3974 secundum
3495 3939 3730 3993 magnam

2152 4004 2549 4058 misericordiam
2592 4015 2729 4059 tuam
2755 4006 2922 4077 (Psal.
2953 4009 3042 4063 50.
3080 4009 3150 4080 l).
3180 4010 3360 4080 Itaque
3389 4027 3488 4066 nos
3510 4013 3581 4067 ita
3611 4028 3734 4082 pro-

2153 4096 2282 4150 ximi
2307 4105 2512 4165 Oportet
2534 4096 2795 4164 misereri,
2818 4107 3013 4167 quanta
3037 4115 3316 4169 possumus
3344 4103 3730 4160 misericordia.

2155 4189 2350 4256 Quales
2375 4189 2514 4242 enim
2543 4203 2666 4258 erga
2697 4203 2985 4244 conservos
3005 4189 3283 4257 fuerimus,
3316 4192 3470 4246 talem
3493 4195 3736 4263 experie-

2157 4289 2276 4327 mur
2320 4273 2623 4328 Dominum.
2673 4272 2926 4338 Quaenam
2989 4290 3178 4344 magna
3228 4285 3312 4329 est
3339 4276 3737 4336 misericordia?

2158 4364 2381 4432 Quando
2411 4381 2514 4418 non
2542 4379 2607 4418 ex
2650 4363 2929 4434 snperlluis
2957 4365 3219 4433 dabimus,
3245 4367 3337 4422 sed
3360 4382 3426 4422 ex
3456 4369 3518 4421 iis
3547 4369 3736 4437 quibus

2160 4472 2396 4527 egemus.
2424 4443 2638 4523 Quodsi
2667 4471 2733 4510 ne
2759 4472 2822 4510 ex
2850 4457 3130 4526 superﬂuis
3155 4458 3366 4526 quidem
3391 4459 3601 4524 demus,
3619 4474 3737 4528 qum

2161 4551 2317 4603 nobis
2347 4562 2470 4618 spes
2499 4547 2756 4616 supererit
2780 4548 2806 4601 ἲ
2831 4549 2970 4602 unde
2991 4563 3018 4601 a
3045 4549 3196 4602 malis
3218 4549 3564 4604 liberabimur
3585 4549 3608 4602 ἲ
3633 4563 3738 4618 quo

2160 4640 2420 4711 fugiamus
2448 4647 2507 4694 ut
2533 4641 2755 4695 salutem
2786 4642 3215 4710 consequamur?
3240 4641 3296 4697 Si
3340 4644 3480 4697 enim
3509 4643 3741 4713 virgines

2162 4738 2281 4798 post
2329 4739 2409 4784 tot
2459 4728 2683 4784 sudores
2723 4729 2920 4783 nullam
2972 4746 3191 4800 prorsus
3247 4733 3497 4786 invenere
3546 4745 3741 4788 Conso-

2163 4821 2458 4888 lationem,
2512 4823 2629 4892 quis
2669 4822 2822 4878 nobis
2868 4824 3289 4893 patrocinabitur
3325 4841 3445 4879 cum
3498 4826 3585 4879 illa
3637 4834 3744 4879 tre-

2166 4912 2357 4967 menda
2397 4913 2555 4968 verba
2589 4913 2790 4968 .ludicis
2841 4915 3215 4984 exprobrantis
3259 4916 3536 4972 audiemus
3566 4933 3580 4969 :
3614 4915 3745 4970 Esu-

2168 5005 2390 5059 rientem
2423 5020 2527 5057 non
2561 5019 2646 5059 me
2672 5005 3004 5072 nutrivistis;
3033 5017 3106 5074 et,
3128 5006 3280 5076 Quod
3304 5023 3408 5061 non
3433 5007 3632 5061 fecisus
3657 5005 3744 5060 uni

2165 5113 2231 5153 ex
2252 5096 2364 5153 istis
2382 5097 2634 5161 minimis,
2660 5113 2757 5152 nec
2775 5099 2902 5153 mihi
2931 5099 3132 5155 fecistis
3163 5100 3372 5172 (Matth.
3400 5100 3490 5154 25.
3513 5099 3604 5154 62.
3631 5098 3744 5166 40).

2167 5190 2282 5245 Non
2309 5189 2375 5244 de
2403 5189 2699 5258 discipulis,
2741 5206 2913 5260 neque
2941 5191 3008 5246 de
3058 5191 3336 5248 monachis
3383 5201 3584 5245 tantum
3634 5190 3750 5244 hac

2167 5279 2317 5347 dicit,
2350 5280 2444 5335 scd
2474 5289 2528 5334 et
2553 5279 2620 5335 de
2650 5281 2838 5348 quovis
2864 5281 3025 5336 fideli.
3058 5281 3191 5337 Nam
3237 5283 3324 5352 qui
3361 5282 3482 5336 talis
3517 5288 3622 5347 est,
3648 5279 3748 5336 etsi

2169 5388 2356 5428 servus
2385 5374 2472 5434 sit,
2525 5372 2627 5426 etsi
2659 5372 2712 5426 in
2757 5373 2873 5427 foro
2904 5374 3191 5440 mendicet,
3225 5375 3268 5428 si
3297 5374 3458 5429 modo
3485 5373 3670 5428 credat
3695 5371 3747 5425 in

2171 5466 2359 5529 Deum,
2382 5464 2500 5532 jure
2520 5465 2663 5518 omni
2688 5463 2877 5519 fruitur
2897 5465 3285 5522 benevolentia.
3317 5465 3374 5521 Si
3397 5464 3751 5534 despiciamus

2171 5559 2316 5614 illum
2344 5557 2542 5611 nudum
2587 5568 2676 5610 aut
2718 5561 3062 5628 esurientem,
3099 5560 3212 5615 huic
3241 5559 3518 5615 audiemus
3544 5555 3700 5614 verba
3734 5589 3749 5616 ν

2171 5660 2225 5708 et
2247 5649 2438 5705 merito
2465 5649 2698 5720 quidem.
