4072 6152
356 290 458 348 τιεί
1063 279 1096 297 "

357 407 629 476 ἐξουσίας.
678 408 842 483 ὀρᾷς
868 409 987 475 πῶς
1015 409 1123 464 ἀπὸ
1154 410 1249 465 τοῦ
1281 412 1551 484 προτέρου
1594 414 1658 469 τδ
1697 414 1950 488 δεύτερον

358 488 731 545 κατεσκεύασε
758 501 809 557 ι,
834 490 928 544 καὶ
959 490 1068 544 ἀπὸ
1093 490 1188 546 τοῦ
1209 491 1438 547 θανάτου
1468 494 1563 547 καὶ
1585 496 1685 565 τὴν
1713 496 1951 551 ἀνάστα-

361 588 447 630 σιν
479 573 680 639 εδειξεν
704 574 1225 646 ἀναμφισϐήτητονς
1272 578 1502 646 Ταύτην
1530 578 1647 647 τὴν
1683 579 1945 647 ἐντολὴν

357 660 582 716 ἔλαϐον
619 658 780 726 παρά
819 657 930 712 τοῦ
975 659 1227 727 Πατρός.
1260 660 1429 715 Ποίαν
1470 662 1535 734 δὴ
1583 663 1824 735 ταύτην;
1874 663 1948 717 Τὸ

357 743 652 801 ἀποθανεῖν
687 742 826 815 ὑπὲρ
852 742 946 797 τοῦ
976 738 1338 817 κόσμου.’Ᾱρ’
1362 741 1456 799 οὖν
1478 746 1762 817 ἀνέμεινεν
1789 744 1952 801 ἀκοῦ-

260 879 272 888 ,
359 845 450 882 σαι
478 827 766 899 πρότερον,
791 826 885 881 καὶ
910 828 1030 881 τότε
1062 827 1256 894 εἵλετο,
1292 830 1389 883 καὶ
1420 829 1640 902 ἐδέησεν
1667 830 1800 884 αὐτὸ
1843 847 1948 902 μα-

358 913 507 977 θείνς
531 911 641 965 Kal
668 911 757 975 τίς
781 911 848 965 ἂν
874 911 1030 966 τοῦτο
1054 911 1181 967 νοῦν
1210 913 1351 984 ἔχων
1376 915 1553 981 εἴποι;
1595 913 1733 967 Ἀλλ’
1757 912 1949 984 ὥσπερ

355 995 617 1067 ἀνωτέρω
646 993 817 1048 εἰπὼν
846 1036 860 1057 ,
894 996 998 1051 Διὰ
1051 997 1231 1052 τοῦτό
1257 1014 1336 1068 με
1389 1000 1424 1053 ό
1461 997 1667 1066 Πατὴρ
1720 996 1945 1067 ἀγαπᾷ,

356 1079 455 1151 τὴν
481 1077 729 1133 ἑκούσιον
754 1078 1022 1149 ἐδήλωσεν
1050 1081 1247 1153 ὁρμὴν,
1277 1082 1373 1135 καὶ
1393 1081 1491 1153 τὴν
1518 1084 1616 1153 τῆς
1641 1081 1949 1153 ἐναντιότη-

356 1180 448 1227 τος
478 1161 692 1215 ἀνεῖλεν
716 1161 974 1216 ὑπόνοιαν
999 1180 1012 1193 ·
1046 1163 1193 1218 οὕτω
1231 1164 1329 1219 καὶ
1357 1163 1591 1217 ἐνταῦθα
1617 1164 1840 1235 ἐντολὴν
1867 1166 1949 1218 εί-

357 1243 586 1315 ληιρέναι
621 1242 775 1314 παρά
801 1243 896 1297 τοῦ
926 1245 1140 1317 Πατρός
1168 1245 1372 1309 εἰπὼν,
1402 1246 1556 1301 οὐδὲν
1586 1246 1715 1301 ἀλλο
1745 1247 1951 1320 ἐμφαί-

360 1346 464 1395 νει,
498 1329 532 1400 ἢ
562 1332 644 1384 ὅτι
682 1329 907 1399 Ἐκείνῳ
926 1328 1076 1382 δικεῖ
1099 1328 1259 1383 τοῦτο
1277 1369 1294 1395 ,
1327 1329 1358 1382 δ
1378 1327 1489 1398 ἐγὼ
1515 1330 1655 1384 ποιῶ
1677 1346 1691 1361 ο
1721 1332 1789 1385 ἵν’
1817 1333 1947 1386 ὅταν

361 1413 524 1468 αὑτὸν
555 1411 807 1479 ἀνέλωσι,
846 1412 922 1482 μὴ
953 1412 1249 1482 νομίσωσιν
1277 1411 1354 1475 ὼς
1379 1413 1946 1486 ἐγκαταλελειμμένον

360 1499 457 1553 καὶ
495 1495 876 1568 προδιδόμενον
900 1495 1007 1548 ὑπὸ
1035 1494 1129 1548 τοῦ
1160 1495 1376 1567 Πατρὸς
1399 1496 1735 1569 ἀνῃρηκέναι
1761 1538 1776 1563 ,
1809 1497 1946 1570 μηδὲ

358 1582 692 1636 ὀνειδίσωσιν
722 1579 864 1650 άπερ
895 1578 1178 1633 ὠνείδισαν
1197 1595 1212 1611 ο
1234 1581 1494 1646 Ἄλλους
1518 1581 1777 1644 ἔσωσεν,
1810 1582 1946 1638 ἐαυ-

357 1667 466 1721 τὸν
499 1667 571 1720 οὐ
601 1663 852 1718 δύναται
879 1661 1078 1716 σῶσαι
1102 1677 1116 1690 ⁸
1152 1663 1266 1728 καὶ,
1293 1664 1362 1717 El
1400 1664 1532 1730 Υἱός
1553 1660 1614 1718 ετ
1633 1664 1742 1719 τοῦ
1771 1667 1941 1730 Θεοῦ,

356 1748 642 1817 κατάϐηθι
674 1746 794 1803 ἀπὸ
828 1745 935 1801 τοῦ
968 1745 1256 1815 σταυροῦ.
1295 1747 1407 1800 Kal
1446 1746 1553 1818 μὴν
1580 1747 1669 1802 διὰ
1697 1747 1855 1803 τοῦτο
1880 1749 1942 1803 οὐ

356 1831 697 1894 καταϐαίνει,
728 1829 915 1900 ἐπειδὴ
952 1828 1080 1892 Υίός
1123 1830 1241 1881 ἐστι
1271 1828 1368 1882 τοῦ
1402 1828 1559 1882 Θεοῦ.

418 1916 496 1976 γ’.
513 1912 663 1988 {555]
682 1909 816 1967 Εἶτα
843 1913 930 1966 ἵνα
950 1911 1023 1983 μὴ
1042 1912 1276 1981 ἀκούων,
1294 1915 1376 1968 ὅτι
1402 1915 1699 1983 Ἑντολὴν
1719 1915 1944 1971 ἔλαϐον

354 1999 514 2066 παρὰ
563 1997 670 2051 τοῦ
698 1995 932 2064 Πατρὸς
952 2034 966 2058 ,
1004 1995 1283 2066 ἀλλότριον
1312 1996 1477 2050 αὑτοῦ
1508 1996 1568 2050 τὸ
1609 1998 1942 2070 κατόρθωμα

354 2077 493 2136 εἶναι
522 2080 771 2152 νομίσῃς,
800 2078 1088 2151 προλαϐὼν
1104 2078 1290 2148 ἔλεγεν
1308 2097 1320 2110 ο
1354 2080 1419 2133 '0
1445 2079 1673 2149 ποιμὴν
1699 2085 1733 2135 ό
1754 2082 1943 2147 καλὸς

355 2163 470 2234 τὴν
507 2162 722 2233 ψυχὴν
754 2162 941 2217 αὐτοῦ
974 2162 1213 2229 τίθησιν
1241 2161 1393 2231 ὑπὲρ
1433 2162 1553 2216 τῶν
1589 2164 1898 2232 προϐάτων
1922 2179 1939 2197 θ

350 2248 441 2301 διὰ
476 2251 681 2301 τούτων
708 2246 924 2309 δεικνὺς
951 2244 1116 2299 αὐτοῦ
1145 2244 1275 2299 ὄντα
1304 2247 1372 2300 τὰ
1405 2246 1656 2318 πρόϐατα
1681 2288 1696 2315 ,
1730 2249 1825 2302 καὶ⁸
1858 2250 1941 2303 ὅτι

350 2331 516 2386 αὐτοῦ
534 2330 595 2383 τὸ
620 2329 951 2400 κατόρθωμα
986 2324 1056 2398 ἦν
1084 2330 1193 2383 πᾶν
1219 2329 1279 2382 τὸ
1308 2330 1678 2401 γεγενημένον
1701 2371 1716 2395 ,
1752 2332 1849 2385 καὶ
1877 2333 1939 2386 οὐ

350 2416 604 2486 δεόμενον
629 2413 792 2468 αὐτὸν
823 2412 1063 2482 ἐντολῆς.
1095 2413 1170 2466 El
1202 2413 1312 2484 γὰρ
1347 2415 1570 2485 ἐντολῆς
1598 2416 1789 2482 ἐδεῖτο,
1820 2417 1940 2481 πῶς

349 2500 576 2566 ἐλεγενο
622 2498 740 2553 Ἀπ’
771 2496 1031 2566 ἐμαυτοῦ
1076 2498 1306 2566 τίθημι;
1367 2497 1424 2551 '0
1459 2497 1568 2569 γάρ
1602 2499 1695 2569 ἀφ’
1740 2500 1937 2554 ἑαυτοῦ

348 2581 523 2645 τιθεὶς
566 2580 629 2633 οὗ
679 2579 856 2634 δέεται
902 2579 1143 2650 ἐντολῆς.
1168 2581 1278 2633 Kal
1309 2578 1408 2652 τὴν
1441 2581 1620 2635 αἰτίαν
1644 2582 1701 2635 δέ
1730 2582 1933 2654 τίθησι,

345 2665 417 2718 δί’
449 2666 514 2737 ὴν
557 2661 717 2718 τοῦτο
747 2664 908 2717 ποιεῖ.
942 2663 1077 2717 Ποία
1119 2664 1177 2717 δέ
1221 2662 1357 2735 αῦτη
1392 2666 1543 2730 ὲστί;
1580 2665 1655 2719 Τὸ
1701 2668 1935 2739 ποιμένα

347 2748 511 2801 αὒτδν
537 2743 699 2810 εἶναι,
723 2746 820 2801 καὶ
846 2745 1009 2800 καλὸν
1038 2746 1292 2818 ποιμένα.
1334 2748 1392 2800 '0
1429 2748 1487 2801 δὲ
1519 2749 1682 2815 καλὸς
1728 2752 1933 2824 ποιμὴν

344 2833 409 2886 οὐ
433 2831 605 2886 δεῖται
630 2832 818 2902 ἐτέρου
840 2829 934 2883 τοῦ
957 2830 1091 2901 πρὸς
1111 2830 1267 2884 τοῦτο
1290 2831 1450 2885 αὑτὸν
1465 2832 1930 2905 διαναστήσοντος.

346 2916 413 2970 El
441 2916 496 2969 δὲ
528 2915 616 2968 ἐπ’
648 2913 954 2985 ἀνθρώπων
987 2913 1164 2977 τοῦτο,
1202 2912 1382 2985 πολλῷ
1418 2915 1617 2985 μᾶλλον
1648 2920 1741 2971 ἐπὶ
1773 2919 1930 2976 Θεοῦ.

345 2998 447 3052 Διά
464 2998 621 3051 τοῦτο
639 2998 734 3051 καὶ
749 2999 777 3051 ὀ
798 2996 1007 3059 Παῦλος
1030 2997 1233 3065 ἔλεγεν,
1252 2999 1336 3051 ὅτι
1350 2998 1599 3053 Ἑαυτὸν
1612 3001 1932 3058 ἐκένωσεν.

347 3081 511 3135 Οὐδὲν
543 3077 637 3135 οῦν
669 3080 799 3136 ἀλλο
826 3081 861 3151 ἠ
905 3079 1092 3149 ἐντολὴ
1138 3079 1372 3133 ἐνταῦθα
1399 3080 1647 3150 βούλεται
1683 3087 1930 3156 κειμένη,

345 3165 460 3219 ἀλλ’
494 3165 529 3236 ἢ
566 3166 665 3236 τὴν
701 3164 840 3236 πρὸς
879 3164 967 3217 τὸν
996 3164 1216 3235 Πατέρα
1250 3165 1503 3234 ὁμόνοιαν
1544 3167 1735 3235 δεῖξαι.
1778 3171 1841 3223 El
1874 3171 1932 3223 δὲ

344 3249 488 3303 οὕτω
534 3248 806 3313 ταπεινῶς
846 3248 1060 3318 εἴρηται
1102 3249 1195 3301 καὶ
1241 3248 1639 3318 ἀνθρωπίνως,
1690 3252 1788 3323 τῆς
1824 3253 1933 3306 τῶν

345 3335 654 3388 ἀκουόντων
704 3334 854 3387 ἐστὶν
899 3332 1182 3396 ἀσθενείας
1235 3335 1267 3403 ἡ
1321 3334 1490 3388 αίτία.
1526 3335 1763 3405 Σχίσμα
1820 3332 1935 3391 οὖν

344 3416 582 3485 ἐγένετο
617 3418 687 3470 ἐν
719 3415 846 3482 τοῖς
900 3414 1228 3480 Ἰουδαίοις.
1264 3416 1377 3469 Καὶ
1433 3419 1488 3470 οί
1532 3417 1652 3486 μὲν
1696 3418 1931 3488 ἔλεγον,

343 3500 436 3553 ὅτι
499 3499 809 3572 δαιμόνιον
887 3498 1014 3567 ἔχει
1089 3497 1187 3551 καὶ
1252 3499 1547 3566 μαίνεται.
1628 3500 1689 3553 Τί
1745 3502 1933 3555 αὑτοῦ

340 3585 631 3649 ἀκούετε;
661 3587 727 3637 Ol
763 3582 863 3647 δὲ,
892 3582 979 3636 ὅτι
1018 3581 1095 3636 Τὰ
1143 3580 1386 3651 ῥήματα
1424 3584 1611 3639 ταῦτα
1656 3586 1770 3639 οὐκ
1801 3586 1934 3639 ἐστι

340 3665 849 3738 δαιμονιζομένου.
871 3665 965 3733 Μὴ
983 3664 1295 3734 δαιμόνιον
1316 3665 1568 3723 δύναται
1585 3669 1934 3738 ὀφθαλμοὺς

341 3749 593 3819 τυφλῶν
621 3749 891 3815 ἀνοῖξαι;
938 3748 1156 3821 Ἐπειδὴ
1183 3748 1291 3820 γὰρ
1327 3750 1551 3820 μείζονα
1594 3751 1799 3824 ἥκατά
1838 3753 1933 3807 ἀν-

344 3834 566 3903 θρωπον
595 3833 665 3886 τὰ.
686 3834 987 3903 λεγόμενα,
1031 3833 1125 3886 καὶ
1167 3833 1226 3887 οὐ
1260 3833 1359 3904 τῆς
1389 3834 1577 3904 κοινῆς
1620 3836 1929 3909 συνηθείας,

340 3916 685 3986 δαιμονῶντα
718 3915 878 3969 αὐτὸν
905 3914 1108 3983 ελεγον,
1146 3915 1400 3989 τέταρτον
1430 3916 1460 3958 δ
1489 3917 1588 3990 ῆδη
1630 3919 1805 3994 τούτῳ
1831 3921 1932 3976 αὒ-

340 4001 437 4055 τὸν
473 4001 866 4072 προσειπόντες
905 4002 1017 4071 (καὶ
1047 4002 1155 4073 γὰρ
1191 4001 1500 4074 ἔμπροσθεν
1534 4004 1721 4075 ἔλεγον
1745 4023 1759 4037 °
1796 4009 1930 4062 Δαι-

335 4085 558 4154 μόνιον
586 4082 748 4153 ἔχεις
766 4125 780 4147 ,
803 4084 894 4150 τίς
921 4099 994 4139 σε
1017 4083 1184 4152 ζητεῖ
1202 4085 1552 4142 ἀποκτεῖναι
1566 4105 1587 4153 ;
1616 4090 1713 4142 καὶ
1739 4090 1928 4145 πάλιν·

342 4170 429 4221 Οὺ
469 4167 668 4234 καλῶς
698 4167 985 4237 ἐλέγομεν
1004 4208 1019 4232 ,
1054 4168 1145 4221 ὅτι
1195 4171 1565 4238 Σαμαρείτης
1600 4168 1661 4226 εἴ
1683 4173 1767 4227 σὺ
1791 4214 1809 4241 ,
1830 4175 1929 4229 καί

335 4251 651 4321 δαιμόνιον
676 4251 838 4321 ἔχεις
862 4267 880 4315 ;
915 4253 1008 4305 καὶ
1038 4250 1274 4306 ἐνταῦθα
1298 4270 1311 4284 ·
1345 4255 1662 4323 Δαιμόνιον
1679 4256 1805 4326 ἔχει
1829 4258 1929 4312 καί

330 4337 610 4404 μαίνεται
634 4350 650 4367 ο
679 4337 737 4389 τί
754 4336 940 4390 αὐτοῦ
966 4336 1213 4390 ἀκούετε
1232 4338 1294 4406 ;)°
1331 4337 1532 4408 μᾶλλον
1563 4339 1620 4392 δὲ
1651 4341 1713 4393 οὐ
1738 4340 1930 4413 τέταρσ

333 4434 449 4483 τον,
478 4418 615 4472 ἀλλὰ
641 4419 734 4472 xal
763 4418 1022 4483 πολλάκις
1054 4419 1217 4473 αὑτὸν
1256 4420 1572 4489 ἀκηκοέναι.
1605 4422 1679 4476 Τὸ
1701 4424 1810 4495 γὰρ
1837 4424 1926 4478 λέ-

334 4519 477 4571 γειν,
518 4505 600 4557 Οὐ
634 4502 828 4569 καλῶς
868 4502 1153 4573 ἐλέγομεν
1177 4505 1267 4558 ὅτι
1291 4504 1602 4574 δαιμόνιον
1636 4509 1795 4578 ἔχεις
1819 4527 1838 4574 ;
1866 4511 1927 4564 οὐ

331 4584 430 4639 τοῦ
459 4585 709 4656 δεύτερον
742 4587 835 4640 καὶ
857 4586 1063 4658 τρίτον,
1087 4586 1224 4641 ἀλλά
1246 4587 1342 4641 τοῦ
1364 4588 1622 4652 πολλάκις
1645 4593 1927 4664 εἰρηκέναι

331 4666 514 4729 τοῦτο,
552 4668 774 4740 σημεῖόν
812 4671 948 4724 ἐστι.
979 4672 1042 4724 Οί
1076 4669 1144 4723 δὲ
1172 4670 1387 4742 ἔλεγον
1415 4683 1465 4739 ο,
1501 4674 1694 4745 φησιν’
1737 4676 1930 4731 Ταῦτα

332 4751 406 4805 τὰ
446 4750 687 4819 ῥήματα
727 4754 839 4806 οὐκ
873 4752 1008 4806 ἐστι
1043 4752 1548 4825 δαιμονιζομένου.
1584 4758 1681 4828 Μὴ
1725 4758 1929 4828 δαιμό-

331 4852 468 4889 νιον
488 4834 740 4889 δύναται
772 4834 1119 4905 ὀφθαλμοὺς
1142 4838 1386 4907 τυφλῶν
1405 4841 1639 4907 ἀνοῖξαι
1658 4859 1677 4907 ;
1707 4843 1926 4913 Ἐπειδὴ

332 4918 446 4989 γὰρ
478 4919 585 4972 ἀπὸ
627 4919 891 4990 ῥημάτων
944 4919 1046 4973 οὐκ
1079 4920 1341 4989 ἠδύναντο
1380 4925 1758 4997 ἐπιστομίζειν
1781 4967 1795 4991 ,
1826 4927 1925 4999 τὴν

331 5001 608 5067 ἀπόδειξιν
648 5001 834 5053 λοιπὸν
862 5002 969 5053 ἀπὸ
997 5002 1107 5055 τῶν
1142 5004 1320 5076 ἔργων
1348 5007 1645 5065 ἐποιοῦντο.
1669 5010 1924 5065 Μάλιστα

335 5085 434 5152 μὲν
469 5085 579 5155 γάρ
608 5082 733 5136 ούδέ
762 5081 831 5134 τὰ
882 5084 1104 5153 ῥήματα
1152 5086 1517 5155 δαιμονῶντός
1561 5094 1744 5146 ἐστιν·
1772 5095 1823 5147 εί
1865 5095 1924 5147 δέ

331 5169 391 5219 οὐ
434 5165 689 5220 πείθεσθε
744 5166 853 5218 ἀπὸ
914 5166 1024 5218 τῶν
1091 5169 1392 5239 ῥημάτων,
1443 5173 1551 5227 ἀπὸ
1602 5174 1709 5228 τῶν
1747 5176 1923 5246 ἔργων

331 5250 713 5321 δυσωπήθητε.
747 5250 810 5304 Εἰ
841 5250 898 5303 δὲ
953 5251 1028 5322 μὴ
1077 5252 1439 5323 δαιμονῶντός
1496 5258 1652 5323 ἐστι’,
1702 5259 1923 5328 μείζονα

332 5333 389 5387 δὲ
419 5333 453 5404 ἢ
488 5334 630 5387 κατά
665 5333 955 5404 ἄνθρωπον
986 5377 999 5398 ,
1034 5334 1256 5406 εὔδηλον
1286 5338 1369 5390 ὅτι
1401 5338 1551 5403 θείας
1582 5340 1725 5405 τινὸς
1752 5341 1923 5398 ταῦτά

333 5418 451 5469 ἐστι
504 5416 808 5489 δυνάμεως.
849 5414 1001 5481 Εἶδες
1058 5418 1420 5491 συλλογισμόν
1448 5439 1462 5487 ;
1495 5422 1617 5476 Ὀτι
1648 5423 1755 5496 γὰρ
1804 5426 1923 5496 μεί-

335 5502 463 5564 ζονα
499 5500 533 5570 ἢ
565 5501 707 5554 κατὰ
738 5500 1027 5572 ἄνθρωπον
1056 5498 1157 5573 ἦν,
1196 5502 1358 5572 δῆλον
1388 5506 1452 5557 ἐκ
1482 5504 1575 5559 τοῦ
1602 5506 1813 5575 λέγειν,
1842 5509 1921 5563 ὅτι

333 5584 651 5663 Δαιμόνιον
679 5584 834 5652 ἔχει·
875 5585 956 5637 ὅτι
995 5585 1053 5638 δέ
1096 5585 1369 5655 δαιμόνιον
1395 5589 1495 5641 ούκ
1527 5585 1692 5660 εἶχεν,
1724 5591 1923 5663 ἐδήλω-

336 5683 428 5717 σεν
457 5667 552 5735 ἀφ’
582 5659 656 5719 ὧν
698 5667 942 5736 ἐποίησε.
981 5668 1047 5718 Τί
1085 5665 1179 5721 οὖν
1227 5668 1254 5719 ὁ
1286 5669 1551 5739 Χριστός;
1582 5659 1749 5727 οὐδὲν
1784 5659 1919 5745 πρὸς

398 5753 422 5781 ⁸
469 5752 645 5800 Μυτει.
680 5759 730 5799 οι
768 5752 963 5813 quidam
1023 5754 1373 5813 παρεσκεύασε.
1412 5757 1558 5806 Savil.
1599 5765 1653 5807 el.
1699 5761 1780 5808 alii
1810 5778 1922 5808 κατ-

339 5813 587 5882 ςσκεύασε.
616 5812 646 5855 1‘.
678 5812 822 5882 Νορη
852 5814 1044 5882 Boisi_us
1067 5818 1192 5882 fnrlq
1226 5816 1490 5882 legendum
1515 5832 1625 5882 esse
1648 5821 1920 5882 τρίτον,11ο(;

339 5875 713 5942 ξρνερτ-τηατ..
746 5877 890 5942 (ζει-ιε
935 5879 1156 5942 τέταρτον
1181 5875 1364 5929 habent
1396 5881 1558 5931 omnia
1595 5875 1913 5942 cxémpléria.

341 5936 364 5965 ⁸
386 5936 479 5985 Αἷξί
508 5937 639 5984 ἄλὶοι
675 5940 723 5985 δὲ
755 5938 911 6002 ἔλεγον

1364 358 1366 361 τ
1422 291 1498 350 1N
1536 292 1852 351 JOANNEM
1893 292 2128 354 uomL.
2167 298 2278 358 Lx.
2314 284 2393 360 'al.
2433 289 2584 361 le.‘

3533 320 3639 375 331'.

2051 418 2639 508 ταῦτα-ἀποκρίνεται.
2675 428 2948 502 Πρότερον
3003 431 3102 500 μὲν
3147 434 3253 505 γὰρ
3288 433 3646 508 ἁπεκρίνατο,

2064 502 2205 573 Ἐγὼ
2229 504 2543 576 δαιμόνιον
2571 514 2683 566 οὐκ
2710 512 2829 580 ἔχω
2855 531 2868 546 ⁸
2901 516 3021 569 νυνὶ
3048 515 3104 568 δὲ
3129 517 3190 569 οὐ
3211 502 3388 571 τοῦτο.
3428 502 3646 595 ςΕπειδὴ

2052 585 2161 671 γὰρ
2193 588 2292 660 τὴν
2330 589 2420 644 διὰ
2469 591 2580 647 τῶν
2626 597 2971 668 πραγμάτων
3021 600 3296 671 παρέσχεν
3347 585 3643 671 ἀπόδειξιν,

2048 666 2208 756 ἐσίγα
2244 671 2451 729 λοιπόν.
2498 677 2636 731 Οὐδὲ
2668 666 2796 751 γάρὴ
2823 666 3168 752 ἀποκρίσεως
3203 666 3355 756 ῆσαν
3390 666 3566 752 ἄξιοι-
3591 690 3643 742 ot

2048 751 2286 844 δαιμονῶ
2298 774 2388 811 ντα
2428 760 2592 844 αύτδν
2621 762 2915 829 καλοῦντες
2948 765 3090 838 ὑπὲρ
3113 751 3321 826 τούτων
3346 810 3363 836 ,
3396 751 3538 844 ὑπὲρ
3568 767 3645 827 ῶν

2049 835 2373 924 θαυμάζειν,
2396 842 2491 895 καὶ
2516 843 2649 897 Θεὸν
2678 846 2930 916 ἡγεῖσθαι
2962 835 3125 903 αὐτὸν
3158 853 3348 924 ἐχρῆν.
3375 855 3442 908 Τί
3462 835 3519 909 δέ
3548 856 3645 912 καὶ

2049 919 2165 1007 ἔδει,
2191 919 2344 1007 [556]
2380 924 2490 980 τῶν
2543 930 2674 999 παρ’
2719 931 2883 984 αὐτοῦ
2916 932 3104 988 λοιπὸν
3152 919 3391 1007 ἐλέγχων
3414 981 3430 1003 ,
3458 940 3642 995 αὐτῶν

2049 1005 2170 1093 κατ’
2193 1006 2451 1093 ἀλλήλων
2468 1010 2772 1082 ἱσταμένων
2798 1016 2891 1068 καὶ
2918 1005 3311 1088 διελεγχόντων
3342 1021 3638 1093 ἁλλήλουςς

2049 1086 2151 1175 Διά
2179 1087 2340 1175 τοῦτο
2371 1091 2531 1175 ἐσίγα
2562 1094 2659 1147 καὶ
2712 1096 2905 1167 πράως
2944 1086 3133 1153 πάντα
3174 1101 3389 1175 ἔφερεν.
3423 1086 3499 1158 Οῦ

2047 1169 2207 1223 τοῦτο
2240 1171 2299 1225 δι
2335 1174 2529 1244 μόνον,
2558 1177 2698 1231 ἀλλά
2724 1180 2823 1233 καὶ
2858 1183 3006 1252 ημᾶς
3035 1169 3307 1240 παιδεύων
3336 1188 3644 1245 ἐπιείκειαν

2048 1255 2145 1307 καὶ
2176 1258 2562 1330 μακροθυμίαν
2591 1264 2791 1318 πᾶσαν.

2117 1336 2180 1392 δ’.
2198 1340 2400 1427 Τοῦτον
2417 1343 2599 1427 τοίνυν
2624 1345 2976 1419 ζηλώσωμεν.
2999 1352 3136 1406 Οὑδέ
3157 1353 3267 1425 γὰρ
3288 1355 3513 1427 ἐσίγησε
3545 1356 3644 1427 μό-

2048 1438 2158 1486 νον,
2351 1425 2446 1513 καὶ
2468 1427 2629 1513 πάλιν
2657 1430 2883 1502 ἐπέστη,
2907 1434 3000 1487 καὶ
3029 1422 3325 1507 ἐρωτηθεὶς
3350 1422 3644 1513 ἀποκρίνε-

2047 1521 2169 1573 ται,
2225 1508 2318 1560 καὶ
2365 1507 2437 1561 τὰ
2471 1509 2572 1580 τῆς
2611 1514 2868 1583 προνοίας
2900 1517 3066 1571 αὐτοῦ
3097 1507 3510 1577 ἐπιδείκνυταιί
3543 1523 3642 1579 καὶ

2045 1586 2317 1677 δαιμονῶν
2345 1590 2568 1662 κληθεὶς
2618 1594 2712 1647 καὶ
2742 1599 3099 1669 μαινόμενος,
3153 1605 3305 1672 παρὰ
3335 1605 3642 1677 ἀνθρώπων

2049 1674 2220 1745 μυρία
2252 1674 2725 1748 εύηργετημένων,
2757 1681 2852 1734 καὶ
2900 1684 3179 1755 οὐχνάπαξ
3207 1688 3327 1741 οὑδέ
3354 1674 3472 1755 δὶς,
3504 1690 3641 1746 ἀλλά

2045 1756 2140 1809 καὶ
2153 1757 2450 1846 πολλάκις,
2482 1761 2544 1846 ού
2580 1761 2739 1846 μόνον
2768 1764 2867 1817 οὐκ
2898 1754 3164 1837 ἠμύνατο,
3192 1769 3327 1825 ἀλλά
3360 1754 3640 1846 καὶεύερε

2044 1841 2218 1926 γετῶν
2248 1843 2445 1926 αύτοὺς
2488 1843 2549 1897 ού
2581 1844 2808 1902 διέλιπε.
2857 1850 2968 1903 Kal
2998 1851 3050 1904 τι
3098 1852 3242 1921 λέγω
3288 1841 3635 1926 εὐεργετῶνς

2057 1923 2228 1997 ’Υπὲρ
2257 1925 2437 1980 αὐτῶν
2474 1927 2569 1981 xal
2605 1929 2704 1999 τὴν
2732 1930 2911 2002 ψυχὴν
2940 1933 3106 1989 αὑτοῦ
3138 1935 3325 2007 ἔθηκε,
3357 1923 3452 1992 καὶ
3476 1956 3642 1993 σταυ-

2051 2008 2310 2089 ρούμενος
2345 2009 2487 2081 ὑπὲρ
2527 2011 2709 2065 αὐτῶν
2756 2013 2835 2084 τῷ
2886 2016 3064 2089 Πατρὶ
3116 2018 3444 2089 διαλέγεται.
3475 2021 3641 2076 Ταῦτ’

2044 2088 2138 2176 οῦν
2161 2093 2257 2147 καὶ
2285 2095 2447 2165 ἡμεῖς
2477 2095 2868 2167 μιμησώμεθα.
2905 2101 2949 2152 Τ
2951 2088 3078 2154 οῦτο
3114 2102 3223 2175 γάρ
3254 2088 3369 2158 ἐστι
3401 2103 3639 2176 Χριστοῦ

2044 2171 2184 2229 εἶναι
2222 2178 2490 2250 μαθητὴν,
2523 2181 2585 2233 τὸ
2610 2184 2783 2253 πρᾶον
2808 2177 2949 2237 εἶναι
2976 2190 3071 2240 καὶ
3104 2171 3344 2258 ἐπιεικῆ.
3380 2171 3551 2241 Πόθεν
3581 2186 3639 2241 δέ

2042 2258 2239 2328 γένοιτ’
2265 2260 2331 2314 ἂν
2354 2265 2486 2333 ἡμῖν
2523 2263 2660 2337 αῦτη
2695 2266 2727 2337 ἡ
2756 2268 3001 2339 πραότης
3034 2286 3049 2335 ;
3082 2271 3179 2323 "Av
3216 2270 3316 2333 τάς
3361 2270 3640 2342 ἁμαρτίας

2043 2345 2076 2414 ἠ
2083 2343 2199 2413 μῶν
2218 2344 2564 2417 λογιζώμεθα
2586 2349 2825 2420 συνεχῶς
2845 2391 2860 2415 ,
2886 2351 2953 2406 ἂν
2973 2352 3278 2424 πενθῶμεν,
3306 2353 3373 2408 ἂν
3393 2354 3639 2426 δακρύω-

2047 2444 2164 2498 μεν.
2204 2429 2340 2483 Οὐδέ
2388 2431 2498 2503 γὰρ
2545 2433 2798 2503 ἀνέχεται
2846 2434 2992 2506 ψυχὴ
3023 2436 3258 2508 τοσαύτῃ
3309 2438 3639 2493 συνοικοῦσα

2042 2510 2204 2596 ὀδύνῃ
2232 2514 2635 2596 παροξύνεσθαι
2667 2519 2761 2571 καὶ
2789 2520 3123 2591 ὀργίζεσθαι.
3159 2521 3330 2576 Ἔνθα
3355 2523 3465 2596 γάρ
3505 2522 3571 2578 ἂν

2042 2595 2236 2659 πένθος
2256 2636 2269 2659 ,
2287 2598 2456 2669 ὀργὴν
2478 2595 2618 2655 εἶναι
2639 2602 2919 2673 ἀμήχανον
2942 2619 2954 2632 °
2978 2604 3106 2659 ἔνθα
3128 2604 3295 2676 λύπη,
3312 2595 3465 2661 πᾶσα
3481 2595 3636 2661 ὲκποὲ

2039 2677 2145 2731 δὼν
2182 2680 2317 2750 ὀργή
2345 2696 2358 2709 ·
2392 2680 2521 2735 ἔνθα
2570 2685 2829 2756 συντριόὴ
2863 2686 3104 2750 διανοίας
3124 2728 3139 2751 ,
3179 2688 3359 2753 οὐδεὶς
3392 2689 3635 2760 παροξυ-

2042 2762 2198 2833 σμός.
2236 2762 2372 2816 Ὑπὸ
2394 2764 2501 2836 γὰρ
2539 2767 2768 2832 πένθους
2798 2770 3170 2842 μαστιζομένη
3204 2772 3238 2843 ἡ
3278 2771 3489 2825 διάνοια
3515 2771 3635 2825 οὐδὲ

2042 2845 2235 2917 σχολὴν
2263 2844 2375 2917 ἔχει
2401 2847 2739 2921 διεγερθῆναι
2759 2868 2774 2883 ·
2801 2851 2937 2906 ἀλλά
2965 2854 3211 2919 στενάζει
3239 2853 3265 2894 ἀ
3301 2854 3518 2926 πικρὸν,
3545 2854 3633 2913 καὶ

2038 2928 2336 2983 κλαύσεται
2367 2932 2710 3004 πικρότερον.
2745 2935 2855 2987 Kal
2883 2931 3001 2989 οἶδα
3034 2937 3132 3006 μὲν
3159 2979 3174 3000 ,
3205 2938 3288 2992 ὅτι
3320 2938 3505 2991 πολλοὶ
3537 2955 3632 3007 γε·

2036 3011 2169 3066 λῶσι
2197 3013 2371 3067 ταῦτα
2400 3015 2689 3078 ἀκούοντες
2708 3030 2720 3043 ·
2754 3017 2871 3070 ἀλλ’
2904 3015 3014 3085 ἐγὼ
3047 3021 3174 3082 τοὺς
3198 3020 3473 3089 γελῶντας
3507 3021 3631 3093 θρη-

2036 3095 2144 3149 νῶν
2174 3097 2233 3149 οὐ
2263 3096 2564 3169 παύσομαι.
2601 3099 2840 3162 Πένθους
2870 3098 2979 3170 γὰρ
3011 3102 3040 3153 ὁ
3078 3101 3269 3172 παρὼν
3299 3103 3491 3175 καιρὸς
3538 3104 3631 3157 καὶ

2037 3176 2250 3249 θρήνων
2280 3181 2375 3233 καὶ
2399 3181 2673 3253 ὀδυρμῶν.
2705 3182 2884 3236 Πολλά
2918 3183 3029 3253 γὰρ
3060 3185 3155 3237 καὶ
3204 3187 3262 3237 ἐν
3292 3187 3500 3256 ῥήμασι
3538 3187 3631 3241 καὶ

2037 3263 2093 3313 ἐν
2113 3261 2435 3333 πράγμασιν
2461 3264 2870 3335 ἁμαρτάνομεν.
2892 3265 3030 3330 Τοὺς
3050 3265 3108 3320 δέ
3133 3267 3359 3322 τοιαῦτα
3382 3268 3489 3337 πλη
3498 3286 3630 3338 μμε-

2035 3343 2262 3409 λοῦντας
2290 3346 2485 3413 γέεννα
2518 3347 2820 3417 ἐκδέχεται,
2855 3348 2949 3401 καὶ
2992 3351 3237 3420 ποταμὸς
3263 3348 3400 3416 ζέων
3427 3350 3505 3422 τῷ
3542 3353 3627 3423 ρο-

2036 3426 2135 3497 θίῳ
2174 3428 2268 3481 τοῦ
2297 3429 2469 3499 πυρὸς
2490 3471 2504 3495 ,
2533 3431 2628 3483 καὶ
2666 3430 2946 3501 βασιλείας
2970 3432 3245 3497 ἔκπτωσις
3269 3475 3283 3499 ,
3314 3434 3373 3487 τὸ
3411 3436 3629 3490 πάντων

2034 3511 2437 3580 χαλεπώτατον.
2481 3511 2700 3566 Τούτων
2760 3510 2855 3568 οῦν
2902 3516 3321 3585 ὴπειλημένων,
3356 3517 3477 3570 εἰπέ
3513 3535 3628 3587 μοι,

2035 3592 2199 3663 γελᾷς
2230 3596 2294 3648 σὺ
2328 3595 2423 3649 καὶ
2444 3597 2686 3666 τρυφᾷς;
2716 3597 2811 3651 καὶ
2845 3597 2940 3651 τοῦ
2969 3597 3242 3651 Δεσπότου
3268 3615 3362 3651 σου
3400 3597 3626 3672 παροξυ-

2037 3676 2264 3746 νομένου
2285 3678 2378 3730 κα)⁸
2400 3677 2751 3743 ἀπειλοῦντος
2765 3719 2781 3745 ,
2803 3679 3042 3751 ἕστηκας
3065 3681 3508 3749 ἀναπεπτωκιῗκς
3534 3683 3625 3737 καὶ

2038 3761 2099 3813 οὐ
2137 3760 2382 3825 δέδοικας
2430 3761 2506 3833 μὴ
2535 3761 2709 3835 τούτῳ
2756 3763 2940 3836 σαυτῷ
2980 3764 3241 3837 λαμπράν
3279 3765 3490 3839 ἀνάψῃς
3530 3765 3625 3840 τὴν

2035 3842 2298 3913 κάμινον;
2330 3844 2444 3899 Οὐκ
2470 3844 2692 3911 ἀκούεις
2728 3846 2781 3900 τί
2809 3848 2932 3901 καθ’
2966 3850 3205 3922 ἑκάστην
3234 3850 3452 3921 ἡμέραν
3484 3849 3624 3921 βοᾷς

2033 3925 2341 3980 Πεινῶντά
2362 3944 2440 3997 με
2463 3927 2676 3994 είδετε,
2708 3932 2808 3984 καὶ
2838 3932 2951 3985 οὐκ
2978 3932 3299 4000 ἐθρέψατεο
3334 3928 3624 4000 διψῶντα,

2033 4009 2134 4063 καὶ
2167 4010 2280 4063 οὐκ
2302 4010 2641 4066 ἐποτίσατε.
2673 4014 3011 4081 Πορεύεσθε
3031 4018 3117 4080 εὶς
3143 4015 3210 4066 τὸ
3232 4014 3353 4083 πῦρ
3383 4014 3447 4066 τό
3475 4013 3623 4079 ἠεοι·

2027 4093 2347 4162 μασμένον
2374 4091 2454 4158 τῷ
2486 4094 2745 4160 διαϐόλῳ
2790 4096 2892 4149 καὶ
2942 4096 3068 4159 τοῖς
3090 4096 3369 4165 ἀγγέλοις
3394 4094 3585 4149 αὑτοῦ
3606 4110 3621 4123 °

2033 4177 2127 4230 καὶ
2160 4175 2333 4229 ταῦτα
2355 4177 2572 4230 ἀπειλεῖ
2599 4177 2722 4232 καθ’
2757 4178 2998 4249 ἑκάστην
3022 4180 3258 4250 ἡμέραν.
3307 4179 3448 4232 Ἀλλ’
3471 4177 3621 4248 ἔθρε-

2032 4258 2133 4329 ψα,
2165 4259 2353 4330 φησὶν,
2388 4259 2570 4314 αὐτόν.
2607 4259 2744 4313 Πότε
2773 4262 2868 4313 καὶ
2893 4262 3067 4325 πόσας
3096 4262 3345 4334 ἡμέρας;
3376 4261 3509 4315 δέκα
3532 4262 3621 4315 καὶ

2033 4341 2243 4407 ﬁxam;
2286 4341 2429 4394 Ἀλλ’
2480 4343 2542 4396 οὐ
2587 4342 2842 4397 τοσοῦτον
2896 4343 3146 4416 βούλεται
3194 4345 3386 4415 χρόνον
3441 4344 3620 4415 μόνον,

2032 4423 2149 4477 ἀλλ’
2181 4425 2304 4477 ὅσον
2346 4425 2439 4476 ἐπὶ
2474 4425 2572 4495 τῆς
2597 4426 2700 4497 γῆς
2729 4426 3047 4498 διατρίϐεις.
3094 4427 3248 4480 Ἐπεὶ
3274 4428 3369 4480 καὶ
3396 4428 3452 4480 αἱ
3478 4444 3619 4499 παρ-

2032 4509 2174 4562 θένοι
2205 4503 2351 4579 εἶχον
2385 4509 2585 4575 ἔλαιον,
2622 4510 2738 4564 ἀλλ’
2775 4511 2876 4564 οὐκ
2916 4511 3122 4583 ἀρκοῦν
3164 4512 3302 4582 πρὸς
3337 4510 3616 4581 σωτηρίαν

2031 4594 2242 4657 αὑταῖς.
2282 4593 2393 4646 Καὶ
2439 4594 2549 4666 γὰρ
2600 4597 2694 4649 καὶ
2737 4590 2896 4651 αὗται
2925 4596 3142 4667 ἀνῆψαν
3180 4596 3280 4660 τὰς
3305 4595 3618 4667 λαμπάδας,

2029 4677 2144 4730 ἀλλ’
2172 4677 2611 4750 ἀπεκλείσθησαν
2639 4681 2733 4734 τοῦ
2776 4681 3062 4752 νυμφῶνος
3089 4699 3103 4712 ⁸
3141 4680 3235 4736 καὶ
3284 4681 3431 4754 μάλα
3473 4682 3619 4736 είκό·

2028 4776 2156 4822 τως.
2191 4761 2474 4832 ’Έφθησαν
2505 4762 2614 4832 γὰρ
2636 4763 2944 4818 σϐεσθεῖσαι
2989 4765 3095 4834 πρὸ
3126 4767 3226 4830 τῆς
3259 4765 3354 4819 τοῦ
3381 4765 3616 4835 νυμφίου

2030 4847 2353 4916 παρουσίας.
2380 4846 2480 4899 Διὰ
2505 4847 2661 4900 τοῦτο
2683 4847 2879 4903 πολλοῦ
2907 4850 3041 4920 ἡμῖν
3074 4851 3156 4904 δεῖ
3179 4850 3274 4904 τοῦ
3299 4851 3500 4916 ἐλαίου,
3524 4851 3619 4903 καὶ

2027 4928 2280 4999 δαψιλοῦς
2308 4931 2405 5001 τῆς
2429 4929 2861 5003 φιλανθρωπίας.
2902 4934 3170 4988 ’Ἄκουσον
3210 4934 3343 5003 γοῦν
3364 4934 3418 4985 τί
3451 4949 3618 5003 φησιν

2027 5015 2056 5067 ὁ
2091 5016 2378 5083 προφήτης
2399 5031 2411 5043 ·
2450 5013 2747 5082 Ἐλέησόν
2770 5034 2862 5083 με,
2898 5020 2932 5071 ό
2959 5019 3104 5082 Θεὸς
3123 5059 3137 5083 ,
3188 5017 3340 5070 κατὰ
3372 5016 3440 5068 τό
3462 5015 3617 5085 μέγα

2026 5096 2199 5162 ἔλεός
2223 5113 2359 5151 σου.
2411 5097 2621 5150 Οὐκοῦν
2656 5099 2748 5151 καὶ
2798 5102 2944 5171 ἡμᾶς
2999 5101 3126 5162 τοὺς
3178 5098 3409 5169 πλησίον
3442 5097 3616 5161 οὕτως
3646 5152 3676 5171 ς

2027 5180 2199 5231 ἐλεεῖν
2230 5179 2327 5245 δεῖ,
2366 5180 2507 5233 κατά
2546 5180 2606 5234 τὸ
2643 5182 2786 5252 μέγα
2822 5183 2969 5246 ἔλεος
3014 5181 3077 5233 τὸ
3119 5182 3250 5251 παρ’
3293 5182 3447 5251 ἡμῖν.
3498 5175 3615 5233 Οἷοι

2025 5263 2135 5334 γὰρ
2167 5263 2233 5316 ἂν
2253 5262 2543 5332 γενώμεθα
2566 5265 2694 5333 περὶ
2721 5265 2845 5327 τοὺς
2862 5262 3208 5333 ὁμοδούλους,
3230 5261 3472 5316 τοιούτου
3492 5280 3614 5315 τευ-

2027 5346 2230 5418 ξόμεθα
2258 5347 2353 5399 τοῦ
2397 5348 2692 5403 Δεσπότου.
2745 5348 2903 5400 Ποῖον
2944 5347 3013 5423 δὲ,
3053 5346 3204 5409 ἔλεος
3241 5346 3414 5417 μέγας
3445 5346 3615 5400 Ὅταν

2027 5432 2101 5501 μὴ
2144 5432 2209 5483 ἐκ
2244 5430 2336 5483 τοῦ
2373 5430 2813 5501 περισσεύματος
2844 5429 3047 5500 δῶμεν,
3088 5429 3205 5482 ἀλλ’
3239 5432 3304 5483 ἐκ
3337 5431 3429 5484 τοῦ
3461 5432 3614 5485 ὑστε-

2029 5517 2292 5584 ρήματος.
2326 5513 2473 5584 [557]
2499 5515 2561 5564 El
2585 5512 2644 5566 δὲ
2677 5513 2810 5583 μηδέ
2833 5513 2898 5565 ἐκ
2926 5512 3021 5565 τοῦ
3049 5513 3513 5586 περισσεύματος,
3532 5517 3613 5574 τίς

2024 5601 2156 5668 ἡμῖν
2186 5597 2336 5650 ἔσται
2369 5596 2556 5661 ἐλπίς;
2594 5597 2758 5648 πόθεν
2796 5596 2905 5649 τῶν
2937 5597 3127 5650 κακῶν
3169 5599 3396 5653 ἐκείνων
3440 5600 3612 5652 ἀπα).-

2023 5681 2200 5751 λαγή;
2234 5680 2334 5732 ποῦ
2359 5679 2700 5748 δυνησόμεθα
2731 5681 2924 5749 φυγεῖν
2949 5681 3043 5735 καὶ
3068 5684 3358 5755 ’σωτηρίαν
3391 5683 3608 5753 εὑρεῖνς

2025 5765 2086 5817 Εἰ
2117 5764 2226 5834 γὰρ
2255 5766 2311 5817 αἱ
2345 5764 2605 5835 παρθένοι
2639 5766 2776 5836 μετά
2816 5768 3103 5832 τοσούτους
3137 5771 3231 5821 καὶ
3260 5766 3611 5836 τηλικούτους

2027 5847 2254 5917 ἱδρῶτας
2285 5847 2540 5918 οὐδεμίαν
2571 5851 2866 5922 οὐδαμόθεν
2911 5853 3066 5923 ἔσχον
3098 5851 3444 5923 παραμυθίαν
3464 5866 3478 5879 '
3519 5848 3602 5905 τίς

2088 5949 2114 5988 «ί
2138 5952 2216 5999 ἕξις
2241 5952 2409 6001 Morel.
2445 5967 2550 6002 cum
2575 5958 2713 6006 codd.
2741 5958 2848 6008 70‘}.
2878 5958 2987 6005 709.
3014 5960 3142 6006 8;.in
3193 5963 3237 6003 el
3267 5955 3349 6003 alii
3378 5952 3598 6007 στενάξῖι-
