4072 6152
410 292 527 347 33:;
1159 285 1218 341 s.
1255 282 1540 340 JOANNIS
1577 277 2073 337 cnmsusmm
2113 279 2433 337 ARCIIIEP.
2474 281 3034 339 CONSTANTINOP.
3569 285 3682 342 5;;

421 407 582 476 ⁸ἡμῶν
608 405 994 476 προστήσεται,
1031 401 1160 455 ὅταν
1188 400 1509 470 ἀκούσωμεν
1543 402 1724 454 ἐκεῖνα
1779 397 1851 450 τὰ
1901 413 1996 464 φο-

424 488 562 559 ϐερά
577 492 797 558 ῥήματα
818 485 984 539 αὐτοῦ
1011 485 1104 538 τοῦ
1125 483 1454 548 δικάζοντος,
1472 485 1719 550 λέγοντος
1742 482 1833 535 καὶ
1863 482 1947 533 όνε
1958 498 1997 531 ι-

422 571 656 634 δίζοντος
685 571 850 639 ἡμᾶς,
884 569 963 621 ὅτι
988 568 1261 621 Πεινῶντά
1288 586 1355 637 με
1389 569 1489 621 οὐκ
1528 567 1828 640 ἐθρέψατε;
1869 565 1992 632 Ἐφ’

422 654 573 707 ὅσον
586 652 692 722 γάρ
720 653 832 705 οὐκ
859 650 1181 716 ἐποιήσατε
1202 650 1310 715 ἐνὶ,
1333 651 1487 721 φησὶ,
1516 651 1634 704 τῶν
1661 650 1999 719 ἐλαχίστων

421 736 666 799 τούτων,
695 734 836 789 οὐδὲ
871 734 999 805 ἐμοὶ
1023 734 1374 801 ἐποιήσατεο
1406 736 1465 799 ού
1503 737 1630 806 περὶ
1681 735 1790 788 τῶν
1820 733 1997 804 μαθη-

419 817 528 869 τῶν
561 816 736 885 λέγων
770 817 943 870 ταῦτα
981 817 1159 887 μόνον,
1190 817 1308 871 οὐδὲ
1339 818 1602 887 περὶτῶν
1642 816 1998 889 ἀνῃρημένων

420 900 509 953 τὸν
538 900 648 952 τῶν
681 899 927 969 μοναχῶν
975 899 1109 968 βίον,
1159 899 1294 953 ἀλλά
1325 901 1453 969 περὶ
1483 900 1681 963 παντὸς
1712 898 1996 969 ἀνθρώπου

421 981 637 1034 πιστοῦ.
681 982 740 1035 ὐ
766 983 874 1052 γὰρ
912 981 1172 1045 τοιοῦτος,
1214 982 1318 1035 κᾶν
1356 983 1538 1046 δοῦλος
1582 978 1638 1056 ᾗ,
1672 982 1774 1035 κᾶν
1804 982 1910 1034 τῶν
1941 985 1998 1035 ἐν

422 1066 598 1135 ἀγορᾷ
624 1064 1079 1136 προσαιτούντων,
1114 1065 1349 1135 πιστεύῃ
1393 1065 1451 1117 δὲ
1484 1067 1563 1130 εἰς
1610 1064 1700 1117 τὸν
1731 1065 1883 1127 Θεὸν,
1920 1064 1997 1117 δί-

422 1163 577 1200 καιον
619 1147 798 1216 πάσης
823 1146 982 1200 αὐτὸν
1010 1147 1303 1200 ἀπολαύειν
1331 1147 1562 1210 εὐνοίας.
1595 1146 1714 1209 Κᾶν
1745 1146 1997 1216 περιίδω-

426 1246 527 1299 μεν
563 1228 655 1281 τὸν
676 1229 911 1283 τοιοῦτον
939 1230 1197 1300 γυμνὸνῆ
1229 1230 1518 1297 πεινῶντα,
1550 1229 1726 1283 ταῦτα
1770 1229 1999 1282 ἀκουσό-

426 1313 567 1384 μεθα
589 1312 657 1366 τὰ
687 1314 906 1383 ῥήματα
931 1332 945 1348 ο
987 1314 1080 1366 καὶ
1106 1313 1249 1383 μάλα
1276 1313 1521 1377 εἰκότως.

493 1396 557 1447 Τί
587 1395 694 1462 γάρ
723 1395 881 1464 βαρὺ,
915 1394 947 1465 ἢ
982 1396 1034 1449 τί
1062 1396 1299 1465 ἐπαγθές
1331 1396 1499 1466 ⁴ᾔτησε
1548 1396 1678 1466 παρ’
1708 1395 1864 1466 ήμῶν
1890 1413 1904 1458 ;
1944 1394 1997 1449 τί

418 1475 477 1530 δὲ
515 1477 575 1529 ού
621 1476 729 1529 τῶν
778 1478 981 1548 σφόδρα
1016 1479 1401 1533 εὐκολωτάτων
1438 1478 1532 1532 καὶ
1568 1480 1811 1550 ρᾴστων;
1862 1478 1997 1530 Ούδέ

420 1558 529 1630 γάρ
557 1555 737 1612 εἶπεν·
783 1559 1051 1613 Ἀσθενῶν
1076 1561 1243 1632 ἥμην,
1273 1562 1365 1614 καὶ
1394 1563 1493 1615 οὐκ
1526 1561 1856 1631 ἀνεστήσατέ
1894 1579 1961 1631 με
1979 1577 1993 1591 ο

419 1642 554 1707 ἀλλ’,
600 1645 720 1699 Οὐκ
746 1643 1170 1712 ἐπεσκέψασθὲ
1187 1662 1282 1713 με.
1309 1646 1422 1698 Οὐκ
1459 1640 1631 1697 εἶπεν
1668 1645 1755 1698 Ἐν
1783 1644 1995 1717 φυλακῇ

419 1725 586 1796 ήμην,
615 1726 709 1779 καὶ
736 1726 835 1779 οὐκ
860 1726 1142 1790 ἐξεϐάλετέ
1166 1744 1234 1795 με
1254 1742 1268 1757 ο
1302 1727 1438 1790 ἀλλ’,
1465 1730 1586 1781 Οὐκ
1618 1725 1831 1795 ἤλθετε
1848 1730 1998 1796 πρός

417 1826 510 1879 με.
545 1810 695 1878 Ὂσῳ
722 1811 900 1862 τοίνυν
925 1810 1103 1879 κοῦφα
1132 1809 1199 1863 τά
1222 1811 1592 1879 ἐπιτάγματα,
1615 1809 1851 1881 τοσούτῳ
1883 1813 1999 1880 μεί-

422 1890 529 1954 ζων
557 1893 588 1962 ή
626 1891 842 1954 κόλασις
868 1895 977 1955 τοῖς
1001 1891 1392 1963 παρακούουτι.
1423 1893 1485 1945 Τί
1515 1892 1621 1963 γὰρ
1647 1894 1993 1963 κουφότερον,

418 1976 543 2028 εἰπέ
574 1993 682 2044 μοι,
714 1975 807 2028 τοῦ
842 1966 1053 2045 βαδίσαι
1079 1978 1173 2029 καὶ
1200 1978 1278 2040 εἰς
1299 1977 1673 2047 δεσμωτήριον
1702 1977 1993 2041 εἰσελθεῖν;

419 2058 474 2110 τί
499 2058 553 2111 δὲ
587 2059 763 2128 ἥδιον;
820 2060 987 2112 Ὅταν
1031 2060 1138 2131 γάρ
1199 2059 1312 2132 ἴδῃς
1366 2060 1491 2123 τοὺς
1529 2060 1625 2130 μὲν
1658 2059 1993 2128 δεδεμένους,

388 2132 391 2135 ’
419 2141 547 2204 τοὺς
570 2141 626 2193 δὲ
654 2140 1000 2211 αύχμῶντας,
1026 2144 1151 2204 τοὺς
1178 2141 1233 2195 δὲ
1257 2142 1562 2213 κομῶντας,
1586 2141 1678 2195 κα)⁵
1711 2141 1875 2212 ῥάκια
1903 2158 1998 2193 πε-

422 2225 784 2296 ρικειμένους,
815 2227 941 2289 τοὺς
989 2225 1043 2279 δὲ
1084 2225 1188 2279 ὑπὸ
1238 2226 1399 2295 λιμοῦ
1455 2225 1864 2296 φθειρομένους,
1903 2225 1997 2278 καὶ

414 2307 497 2371 ὡς
530 2306 696 2371 κύνας
748 2311 863 2371 τοῖς
919 2308 1071 2362 ποσὶ¹
1099 2308 1565 2379 προστρέχοντας·
1623 2309 1845 2379 ἐτέρους
1898 2306 1997 2371 τάς

421 2390 660 2463 πλευράς
696 2391 1119 2463 διωρυγμένους,
1178 2391 1368 2455 ἄλλους
1408 2393 1472 2445 ἐκ
1510 2394 1609 2463 τῆς
1662 2391 1867 2460 ἀγορᾶς
1901 2389 1996 2443 νῦν

420 2474 739 2537 ἐπανιόντας
772 2474 1107 2544 δεδεμένους,
1159 2474 1255 2527 καὶ
1304 2474 1419 2545 μεθ’
1452 2476 1667 2545 ἡμέραν
1702 2474 1800 2544 μὲν
1840 2475 1998 2525 ἐπαι-

419 2555 681 2622 τοῦντας,
723 2558 818 2611 καὶ
846 2559 967 2612 οὐδὲ
997 2559 1095 2632 τὴν
1125 2559 1431 2627 ἀναγκαίαν
1475 2557 1829 2627 συλλέγοντας
1873 2574 1998 2628 τρο-

422 2641 548 2712 φὴν,
585 2644 643 2695 ἐν
664 2643 872 2714 ἑσπέρᾳ
900 2644 955 2696 δὲ
982 2644 1131 2713 παρὰ
1156 2642 1263 2697 τῶν
1284 2643 1602 2713 ἐφεστώτων
1624 2644 1722 2713 τὴν
1757 2642 1997 2712 πονηράν

420 2726 637 2794 ἐκείνην
692 2726 784 2778 xal
823 2727 979 2797 ὠμὴν
1010 2727 1441 2797 ἀπαιτουμένους
1482 2725 1851 2797 λειτουργίαν·
1894 2722 1997 2778 κᾶν

419 2807 565 2870 λίθος
595 2826 679 2871 τις
699 2804 786 2882 ᾗς,
813 2810 1028 2872 πάντως
1063 2809 1159 2880 έσῃ
1195 2809 1700 2881 φιλανθρωπότερος
1719 2825 1733 2836 ’
1766 2807 1867 2860 κᾶν
1906 2806 1997 2859 τὸν

416 2891 589 2963 ὑγρὸν
610 2892 704 2944 καὶ
728 2891 1109 2961 διαλελυμένον
1140 2892 1247 2958 ζῶν
1280 2892 1391 2962 βίον
1417 2931 1431 2953 ,
1474 2891 1692 2954 πάντως
1724 2888 1820 2960 ἔσῃ
1852 2890 1997 2957 φιλο-

424 2973 751 3046 σοφώτερος,
782 2974 850 3029 τά
881 2973 1194 3047 ἀνθρώπινα
1229 2975 1529 3044 πράγματα
1563 2974 1654 3025 ἐπὶ
1689 2976 1809 3034 ταῖς
1847 2971 2001 3025 ἀλλο·

412 3058 599 3129 τρίαις
631 3057 943 3111 ἐπισκοπῶν
969 3059 1292 3126 συμφοραῖς.
1340 3056 1447 3108 Καὶ
1476 3056 1584 3125 γὰρ
1615 3055 1715 3124 τῆς
1763 3052 2000 3124 φοϐερᾶς

421 3141 638 3207 ἐκείνης
658 3140 870 3209 ἡμέρας
898 3139 1107 3191 ἔννοιαν
1134 3138 1278 3208 λήψῃ
1304 3138 1544 3200 πάντως.
1574 3139 1667 3191 καὶ
1693 3137 1801 3191 τῶν
1824 3138 2000 3190 ποικί-

421 3221 529 3274 λων
553 3222 843 3275 κολάσεων.
870 3221 1126 3274 Ταῦταδέ
1150 3221 1394 3292 στρέφων
1419 3222 1510 3274 καὶ
1525 3220 1888 3290 λογιζόμενος,
1910 3222 2000 3273 καὶ

423 3304 615 3374 θυμὸν,
645 3305 739 3358 καὶ⁴
769 3304 975 3374 ἡδονὴν,
1000 3303 1091 3356 καὶ
1121 3304 1211 3356 τὸν
1238 3303 1345 3356 τῶν
1378 3302 1644 3372 βιωτικῶν
1665 3304 2001 3373 πραγμάτων

422 3391 602 3462 ἔρωτα
626 3391 875 3454 ἐκϐαλεῖς
912 3390 1128 3453 πάντως
1147 3430 1161 3451 ,
1195 3390 1287 3443 καὶ
1311 3388 1510 3451 παντὸς
1529 3388 1743 3459 λιμένος
1774 3388 2003 3458 γαληνο-

421 3474 583 3528 τάτου
612 3473 978 3543 γαληνοτέραν
1013 3474 1219 3544 ἐργάσῃ
1256 3472 1353 3541 τὴν
1384 3472 1558 3541 ψυχήν
1580 3488 1593 3501 ο
1631 3470 1725 3524 καὶ
1758 3469 1995 3540 περὶτοῦ

418 3556 771 3628 δικαστηρίου
793 3557 1172 3626 φιλοσοφήσεις
1193 3554 1424 3616 ἐκείνου,
1453 3553 1649 3606 ἐννοῶν
1678 3554 1757 3606 ὄτι
1784 3556 1832 3606 εἰ
1855 3553 2003 3624 παρὰ

422 3640 727 3712 ἀνθρώποις
750 3639 982 3710 τοσαύτη
1011 3639 1253 3711 πρόνοια,
1286 3638 1378 3691 καὶ
1397 3636 1568 3703 τάξις,
1593 3637 1683 3689 καὶ
1705 3636 1889 3706 φόϐος,
1908 3637 2002 3689 καὶ

421 3723 664 3789 ἀπειλαὶ,
681 3722 860 3792 πολλῷ
879 3723 1074 3793 μᾶλλον
1096 3738 1169 3776 πα
1180 3721 1246 3791 ρὰ
1263 3719 1398 3790 Θεῷ.
1421 3722 1502 3774 Οὐ
1522 3720 1628 3789 γὰρ
1648 3720 1820 3774 ἐστιν
1837 3719 2003 3784 ἐξουο

422 3807 552 3868 σία,
580 3807 633 3859 ει
659 3803 744 3873 μὴ
769 3805 925 3873 παρὰ
956 3804 1123 3859 Θεοῦ.
1160 3805 1218 3857 '0
1241 3803 1419 3856 τοίνυν
1442 3805 1550 3865 τοῖς
1580 3802 1803 3872 ἄρχουσι
1831 3801 2002 3855 ταῦτα

422 3887 547 3952 δοὺς
565 3888 893 3951 διατάσσειν,
918 3886 1094 3958 πολλῷ
1118 3886 1314 3957 μᾶλλον
1334 3884 1492 3946 αὐτὸς
1520 3883 1661 3936 αύτά
1689 3885 1999 3955 ἐργάσεται.

493 3990 554 4038 ε’.
575 3985 683 4038 Kal
700 3984 807 4054 γὰρ
824 3984 872 4035 εί
901 3984 975 4054 μὴ
998 3977 1149 4045 οὗτος
1168 3978 1235 4053 ἦν
1256 3984 1283 4034 ὁ
1304 3980 1485 4049 φόϐος,
1506 3981 1682 4034 πάντα
1700 3980 1765 4033 ἂν
1792 3979 2003 4034 ἀπολώ-

420 4069 506 4123 λει
525 4086 539 4100 ο
570 4068 704 4122 ὅπου
730 4083 792 4135 γε
814 4066 1083 4121 τοσούτων
1109 4066 1383 4119 κολάσεων
1410 4064 1790 4134 ἐπικειμένων,
1818 4063 2001 4117 πολλοὶ

422 4154 473 4207 οί
506 4151 640 4223 πρὸς
657 4150 758 4222 τὴν
800 4151 998 4204 κακίαν
1035 4147 1462 4220 αὐτομολοῦντές
1495 4150 1623 4202 εἱσι.
1643 4147 1830 4201 Ταῦτα
1858 4145 1998 4220 [καὶ]

424 4234 748 4305 φιλοσοφῶν,
777 4236 870 4288 καὶ
900 4233 1036 4305 πρὸς
1078 4234 1177 4303 τὴν
1208 4232 1578 4303 ἐλεημοσύνην
1603 4230 1701 4303 ἔσῃ
1730 4230 2005 4301 προθυμό-

423 4334 601 4391 τερος,
653 4319 748 4372 καὶ
779 4316 978 4386 πολλὴν
1009 4315 1277 4389 καρπώσῃ
1311 4317 1408 4385 τὴν
1437 4316 1651 4386 ἡδονὴν,
1683 4315 1778 4368 καὶ
1824 4312 2003 4383 πολλῷ

427 4402 649 4473 μείζονα
678 4400 786 4454 τῶν
810 4399 919 4453 ἀπὸ
941 4399 1166 4469 θεάτρου
1189 4398 1642 4452 καταϐαινόντων.
1674 4398 1735 4449 Οί
1772 4396 1871 4467 μὲν
1894 4397 2003 4467 γὰρ

424 4484 634 4538 ἐκεῖθεν
680 4484 1033 4545 ἀναστάντες,
1084 4481 1375 4549 φλέγονται
1419 4481 1523 4533 ὑπὸ
1575 4483 1672 4550 τῆς
1708 4479 2004 4549 ἐπιθυμίας

426 4565 723 4636 καιόμενοι.
753 4566 921 4616 Ὅταν
944 4563 1053 4633 γάρ
1077 4563 1226 4615 ἴδωσι
1252 4562 1349 4625 τὰς
1375 4564 1573 4615 ἀνεπτε
1583 4562 1832 4632 ρωμένας
1852 4558 2001 4633 [558]

425 4649 639 4710 ἐκείνας
661 4647 753 4699 ἐπὶ
781 4646 882 4713 τῆς
910 4645 1114 4714 σκηνῆς
1142 4646 1424 4711 γυναῖκας,
1457 4644 1551 4696 καὶ
1574 4643 1743 4712 μυρία
1768 4643 2004 4697 λάϐωσιν

426 4731 636 4785 ἐκεῖθεν
651 4728 963 4800 τραύματα,
983 4727 1258 4796 θαλάσσης
1278 4726 1651 4797 κυμαινούσης
1682 4726 1834 4779 οὐδὲν
1856 4726 2007 4795 ἄμει-

426 4829 517 4868 νον
532 4811 920 4872 διακείσονται,
950 4809 1042 4863 τοῦ
1071 4809 1240 4862 τύπου
1272 4809 1379 4861 τῶν
1421 4807 1620 4875 ὄψεων,
1656 4806 1763 4860 τῶν
1796 4806 2006 4878 σχημά-

422 4915 554 4963 των,
586 4896 697 4950 τῶν
720 4895 1001 4967 ῥημάτων,
1026 4895 1123 4965 τῆς
1143 4894 1424 4964 βαδίσεως,
1453 4893 1563 4945 τῶν
1587 4891 1759 4946 ἄλλων
1790 4894 2005 4946 πάντων

425 4983 533 5056 πρὸ
555 4980 661 5035 τῶν
691 4977 988 5050 ὀφθαλμῶν
1022 4977 1343 5048 ἱσταμένων,
1376 4979 1470 5031 καὶ
1489 4975 1588 5047 τήν
1606 4974 1783 5046 ψυχὴν
1822 4976 2004 5039 αὐτοῖς

426 5064 882 5137 πολιορκούντων.
910 5063 972 5115 Ol
995 5062 1052 5115 δὲ
1067 5059 1317 5114 ἐντεῦθεν
1339 5060 1664 5126 ἐξελθόντες,
1695 5060 1848 5114 οὐδὲν
1869 5061 2003 5114 ὑπο-

427 5153 714 5221 στήσονται
746 5145 1007 5208 τοιοῦτον,
1067 5143 1202 5197 ἀλλά
1239 5143 1437 5215 πολλὴν
1490 5142 1873 5214 καρπώσονται
1905 5144 2003 5215 τὴν

427 5233 667 5302 γαλήνην
693 5231 788 5285 καὶ
821 5229 918 5300 τὴν
951 5228 1271 5299 ἀταραξίαν.
1317 5229 1381 5281 Ἤ
1420 5228 1530 5298 γάρ
1559 5227 1847 5295 κατάνυξις
1882 5231 1914 5297 ή
1941 5231 2005 5282 ἐκ

428 5318 523 5386 τῆς
551 5317 725 5384 ὅψεως
757 5314 866 5369 τῶν
897 5312 1194 5384 δεδεμένων
1241 5312 1595 5383 ἐγγενομένη,
1646 5311 1792 5365 ἆπαν
1830 5313 2005 5365 ἐκεῖνο

427 5398 676 5451 σϐέννυσι
707 5399 768 5451 τὸ
799 5398 930 5467 πῦρ.
972 5396 1088 5450 Κᾶν
1118 5398 1405 5466 ἀπαντήσῃ
1456 5394 1594 5466 γυνὴ
1633 5394 2001 5465 πορνευομένη

425 5480 523 5534 καὶ
553 5480 846 5541 ἀκόλαστος
871 5479 1135 5544 ἐξελθόντι
1164 5477 1273 5531 τῶν
1295 5477 1607 5548 δεσμωτῶν,
1657 5476 1809 5529 οὐδὲν
1843 5477 2006 5529 αὐτόν

427 5562 721 5633 ἐργάσεται
742 5563 994 5631 χαλεπόν.
1026 5563 1115 5623 Ὠς
1138 5563 1246 5631 γάρ
1267 5561 1540 5622 ἄπλαστος
1566 5558 1751 5611 λοιπὸν
1780 5558 2005 5627 γενόμε-

426 5662 539 5710 νος,
588 5645 759 5708 οὓτως
814 5647 912 5715 οὐχ
964 5643 1231 5696 ἁλώσεται
1265 5646 1375 5707 τοῖς
1422 5642 1659 5705 δικτύοις
1699 5642 1799 5710 τῆς
1828 5642 2003 5710 ὂψεως

427 5728 663 5797 ἐκείνης.
710 5727 829 5779 ἀντὶ
858 5726 957 5790 τῆς
988 5724 1159 5790 όψεως
1189 5725 1287 5794 τῆς
1331 5725 1652 5787 ἀκολάστου,
1686 5723 1781 5777 τοῦ
1837 5725 2001 5792 φόϐου

427 5812 525 5879 τῆς
552 5809 783 5879 κρίσεως
816 5807 919 5877 πρὸ
940 5805 1233 5874 ὀφθαλμῶν
1260 5807 1405 5875 αὐτῷ
1433 5808 1550 5859 τότε
1597 5807 1869 5875 κειμένου.
1905 5806 2003 5859 Διά

432 5894 589 5947 τοῦτο
616 5892 706 5946 καὶ
746 5893 770 5943 ό
803 5892 908 5943 πᾶν
937 5885 1075 5950 εἶδος
1104 5889 1309 5958 τρυφῆς
1338 5889 1573 5943 ἐπελθὼν
1602 5890 1815 5957 ἔλεγεν·
1849 5891 1999 5957 Ἅγαο

2101 400 2207 452 Οὸν
2239 403 2598 469 πορευθῆναι
2621 405 2707 467 εἰς
2730 399 2898 455 οἷκον
2920 402 3201 466 πένθους,
3228 402 3269 469 ’ἦ
3317 401 3682 472 πορευθῆναι

2099 487 2185 549 εἰς
2211 482 2377 538 οἶκον
2411 485 2685 555 γέλωτος.
2714 487 2823 539 Καὶ
2855 483 3090 538 ἐνταῦθα
3119 485 3216 553 μὲν
3242 484 3510 555 τοσαύτην
3555 487 3681 541 ἐπι-

2100 568 2262 632 δείξει
2291 568 2388 638 τὴν
2413 569 2749 638 φιλοσοφίαν,
2775 570 2892 621 ἐκεῖ
2918 569 2973 621 δέ
2999 567 3207 639 ἀκούσῃ
3235 566 3305 621 τά
3338 569 3547 637 μυρίων
3581 587 3681 638 μα-

2100 653 2387 722 καρισμῶν
2433 652 2560 716 ἄξια
2616 653 2855 722 ῥήματα.
2910 651 3000 723 Μὴ
3032 653 3211 705 τοίνυν
3244 652 3536 722 ἀμελῶμεν
3582 654 3682 723 τῆς

2098 735 2352 804 τοιαύτης
2410 734 2663 803 πράξεως
2699 736 2791 788 καὶ
2825 735 3234 805 πραγματείας.
3297 734 3416 788 Κᾶν
3453 735 3562 807 γάρ
3604 737 3680 806 μὴ

2098 817 2415 889 δυνηθῶμεν
2442 818 2646 888 τροφὴν
2676 821 3027 886 εἰσενεγκεῖν,
3070 820 3207 889 μηδέ
3241 818 3506 890 ἀργύριον
3558 821 3681 890 βοή-

2100 901 2262 968 θῆσαι
2291 902 2489 964 δόντες,
2524 902 2659 954 ἀλλά
2687 902 3067 971 παρακαλέσαι
3106 901 3274 973 λόγῳ.
3321 903 3415 955 καὶ
3438 901 3534 972 τὴν
3562 919 3680 954 κει-

2104 984 2272 1054 μένην
2306 985 2610 1052 ἀναστῆσαι
2636 983 2815 1054 ψυχὴν
2842 984 3204 1054 δυνησόμεθα,
3246 984 3343 1038 καὶ
3367 984 3531 1055 έτερα
3560 986 3681 1038 ἐπι-

2100 1067 2368 1137 κουρῆσαι
2399 1067 2588 1130 πολλὰ,
2637 1068 2730 1120 καὶ
2777 1069 2891 1131 τοῖς
2945 1066 3245 1137 ἐμϐαλοῦσι
3278 1067 3676 1137 διαλεγόμενοι,

2099 1150 2347 1214 καὶτοὺς
2392 1150 2705 1218 ἐφεστῶτας
2736 1149 3120 1220 ἡμερωτέρους
3171 1149 3474 1212 ποιοῦντες,
3524 1149 3677 1220 καὶῆ

2103 1232 2296 1302 μικρὸν
2326 1232 2359 1302 ἢ
2393 1233 2535 1303 μέγα
2563 1233 2779 1295 πάντως
2808 1231 3159 1303 ἐργασόμεθα
3180 1231 3388 1302 κέρδος.
3425 1232 3487 1284 Εἰ
3505 1231 3561 1283 δὲ
3588 1231 3677 1284 λέ-

2099 1334 2216 1384 γεις
2241 1318 2323 1371 ὅτι
2361 1319 2461 1370 οὐκ
2502 1318 2815 1389 εὐδαίμονές
2848 1319 2985 1370 εἰσιν
3018 1318 3155 1378 ἐκεῖ,
3202 1316 3323 1369 οὐδέ
3364 1316 3675 1388 εὔχρηστοι,

2098 1400 2218 1454 οὐδὲ
2249 1402 2513 1465 ἐπιεικεῖς
2538 1400 2748 1471 ἄνδρες,
2779 1400 2893 1453 ἀλλ’
2919 1399 3235 1470 ἀνδροφόνοι
3273 1399 3368 1452 κα)⁵
3396 1398 3679 1470 τυμϐωρύ-

2097 1501 2203 1554 χοι,
2227 1486 2316 1537 καὶ
2336 1485 2764 1554 βαλαντιοτόμοι,
2795 1483 2888 1535 καὶ
2917 1484 3114 1552 μοιχοὶ,
3143 1483 3235 1536 καὶ
3255 1482 3561 1546 ἀκόλαστοι,
3581 1482 3676 1535 καὶ

2099 1568 2309 1621 πολλῶν
2356 1569 2616 1638 γέμοντες
2664 1566 2871 1629 κακῶν,
2909 1566 3071 1619 πάλιν
3102 1567 3403 1634 ἀναγκαίαν
3451 1583 3543 1634 μοι
3579 1564 3677 1618 καὶ

2099 1651 2347 1705 ἐντεῦθεν
2379 1651 2646 1715 δεικνύεις
2674 1651 2776 1720 τῆς
2809 1652 2926 1702 ἐκεῖ
2951 1650 3227 1722 διατριϐῆς
3250 1651 3347 1720 τὴν
3377 1649 3672 1720 πρόφασιν.

2099 1734 2172 1787 Οὐ
2201 1734 2308 1803 γάρ
2334 1734 2396 1803 δὴ
2423 1735 2551 1797 τοὺς
2576 1735 2673 1805 μὲν
2696 1733 2933 1803 ἀγαθοὺς
2957 1733 3142 1798 ἐλεεῖν,
3173 1733 3299 1796 τοὺς
3322 1731 3377 1785 δέ
3403 1732 3675 1804 πονηροὺς

2099 1816 2347 1880 κολάζειν
2378 1817 2670 1886 ἐκελεύσθη
2681 1834 2813 1887 μεν)
2852 1816 2989 1869 ἀλλὰ
3012 1818 3141 1887 περὶ
3168 1815 3372 1878 πάντας
3401 1815 3674 1869 ἐνδείκνυ-

2101 1899 2223 1953 σθαι
2247 1901 2343 1972 τὴν
2366 1900 2776 1972 φιλανθρωπίαν
2801 1899 3025 1970 ταύτην.
3055 1901 3310 1954 Γίνεσθε
3334 1900 3464 1969 γάρ,
3484 1898 3672 1972 φησὶν,

2100 1985 2286 2051 ὅμοιοι
2304 1971 2307 1972 ν
2324 1985 2430 2038 τοῦ
2459 1971 2686 2053 Πατρός
2713 1985 2880 2055 ὑμῶν
2898 1986 3004 2040 τοῦ
3023 1985 3095 2038 ἐν
3119 1984 3243 2049 τοῖς
3261 1982 3561 2051 οὐρανοῖς,
3574 1971 3673 2036 ’ὅτι

2097 2067 2413 2122 ἀνατέλλει
2441 2069 2547 2122 τὸν
2569 2069 2747 2137 ἥλιον
2762 2070 2949 2124 αὐτοῦ
2970 2068 3069 2123 ἐπὶ
3097 2066 3404 2135 πονηροὺς
3424 2066 3519 2120 καὶ
3541 2066 3678 2133 ἀτα-

2097 2149 2260 2217 θοὺς,
2298 2150 2395 2205 καὶ
2442 2152 2649 2221 βρέχει
2674 2152 2773 2205 ἐπὶ
2807 2152 3078 2216 δικαίους
3127 2150 3225 2204 καί
3266 2149 3534 2215 ἀδίκους.
3582 2148 3673 2219 Μὴ

2096 2232 2273 2287 τοίνυν
2306 2235 2603 2306 κατηγόρει
2638 2234 2746 2288 τῶν
2779 2234 3074 2306 ἀλλοτρίων
3112 2232 3357 2303 πικρῶς,
3398 2231 3534 2302 μηδὲ
3583 2230 3675 2283 ἔσο

2099 2316 2323 2387 σφοδρὸς
2352 2317 2631 2389 δικαστὴς,
2660 2319 2776 2371 ἀλλ’
2798 2320 3005 2389 ἥμερος
3026 2316 3122 2371 καὶ
3144 2316 3545 2388 φιλάνθρωπος.
3564 2315 3675 2369 Καὶ

2096 2399 2206 2469 γὰρ
2240 2401 2334 2452 καὶ
2369 2401 2551 2470 ἡμεῖς,
2583 2402 2629 2454 εί
2659 2401 2754 2454 καὶ⁷
2787 2401 2861 2472 μὴ
2907 2400 3104 2471 μοιχοὶ,
3143 2400 3277 2470 μηδὲ
3304 2398 3672 2471 τυμϐωρύχοι,

2100 2484 2235 2553 μηδὲ
2278 2483 2687 2555 βαλαντιοτόμοι
2717 2484 3040 2555 γεγόναμεν,
3098 2482 3213 2535 ἀλλ’
3271 2481 3469 2552 ἔχομεν
3509 2482 3673 2551 ἕτερα

2097 2566 2542 2637 πλημμελήματα
2577 2568 2775 2639 μυρίας
2804 2566 2929 2631 ἀξια
2964 2564 3257 2628 κολάσεως.
3300 2566 3413 2618 Καὶ
3450 2564 3558 2635 γάρ
3579 2562 3673 2616 καὶ

2095 2649 2186 2702 τὸν
2219 2650 2443 2718 ἀδελφὸν
2479 2650 2659 2722 μωρὸν
2697 2650 3034 2718 ἐκαλέσαμεν
3064 2647 3322 2711 πολλάκις
3346 2688 3361 2711 ,
3410 2648 3546 2716 ὅπερ
3576 2646 3674 2716 τὴν

2097 2733 2320 2800 γέενναν
2353 2736 2483 2804 ήμῖν
2523 2734 2775 2806 προξενεῖ
2796 2750 2810 2765 ο
2835 2734 2930 2786 καὶ
2957 2733 3223 2800 γυναῖκας
3248 2730 3572 2792 ἀκολάστοις
3596 2728 3675 2781 εῐ-

2096 2815 2258 2886 δομεν
2286 2817 2606 2887 ὀφθαλμοῖς,
2638 2817 2775 2888 ὅπερ
2814 2815 3060 2887 μοιχείαν
3106 2813 3519 2884 ἀπηρτισμένην
3551 2828 3673 2863 συν-

2102 2899 2280 2970 ίστησι
2303 2917 2318 2932 ι
2350 2901 2443 2954 καὶ
2463 2899 2524 2952 τὸ
2551 2900 2765 2953 πάντων
2791 2897 3192 2970 χαλεπώτερον,
3232 2896 3338 2949 τῶν
3362 2892 3674 2966 μυστηρίων

2099 2984 2159 3036 οὐ
2192 2983 2488 3053 μετέχομεν
2526 2983 2729 3048 ἀξίως,
2780 2984 2916 3053 ὅπερ
2949 2982 3167 3051 ἐνόχους
3206 2982 3354 3051 ἡμᾶς
3397 2980 3539 3030 ποιεῖ
3576 2976 3673 3030 τοῦ

2102 3065 2352 3137 σώματος
2398 3066 2494 3120 καὶ
2538 3066 2632 3119 τοῦ
2665 3069 2895 3137 αἵματος
2941 3064 3036 3119 τοῦ
3080 3062 3335 3136 Χριστοῦ.
3366 3062 3458 3131 Μὴ
3487 3060 3672 3114 τοίνυν

2102 3148 2288 3219 πικροὶ
2312 3148 2596 3218 γενώμεθα
2619 3148 2729 3201 τῶν
2753 3148 2927 3201 ἄλλων
2946 3148 3253 3212 ἐξετασταὶ,
3277 3144 3411 3199 ἀλλά
3434 3142 3504 3197 τὰ
3517 3143 3674 3213 ἡμῶν

2102 3231 2280 3284 αὐτῶν
2306 3232 2596 3302 ἐννοῶμεν,
2627 3231 2722 3285 καὶ
2740 3230 2881 3284 οὕτω
2911 3229 3229 3301 παυσόμεθα
3260 3232 3359 3299 τῆς
3384 3227 3675 3299 ἀπανθρω-

2102 3313 2229 3376 πίας
2256 3313 2460 3384 ταύτης
2485 3315 2579 3367 καὶ
2600 3310 2703 3383 τῆξ
2727 3313 3025 3384 ὠμότητος,
3054 3313 3238 3382 Χωρὶς
3265 3311 3323 3363 δέ
3350 3309 3553 3363 τούτων
3575 3309 3675 3362 κάο

2100 3399 2248 3449 κεῖνο
2277 3397 2421 3450 ἔστιν
2455 3398 2649 3461 εἰπεῖν,
2673 3398 2753 3450 ὅτι
2789 3397 2883 3450 καὶ
2922 3397 3183 3459 ἐπιεικεῖς
3216 3394 3413 3465 ἄνδρας
3449 3392 3676 3457 πολλοὺς
3726 3462 3731 3467 ο

2101 3479 2403 3549 εὑρήσομεν
2429 3480 2635 3541 αὐτόθι,
2660 3480 2754 3535 καὶ
2777 3483 2873 3549 τῆς
2893 3479 3097 3540 πόλεως
3115 3477 3376 3540 πολλάκις
3393 3475 3676 3540 ἀνταξίους

2101 3563 2300 3632 πάσης.
2341 3563 2492 3616 Ἐπεὶ
2521 3563 2615 3617 καὶ
2643 3562 2704 3616 τὸ
2730 3562 3101 3632 δεσμωτήριον
3131 3561 3328 3624 ἐκεῖνο,
3355 3558 3481 3613 ἔνθα
3513 3561 3541 3613 ό
3564 3558 3677 3613 Ἰω-

2103 3645 2210 3713 σὴφ
2240 3641 2329 3714 ἦν,
2365 3644 2592 3707 πολλοὺς
2629 3638 2741 3715 εἶχε
2777 3643 3042 3713 πονηρούς
3063 3660 3077 3673 ·
3113 3641 3228 3695 ἀλλ’
3279 3642 3425 3709 ὅμως
3461 3641 3675 3694 πάντων

2101 3726 2415 3795 ἐπεμελεῖτο
2438 3728 2466 3779 ό
2490 3726 2697 3790 δίκαιος
2726 3727 2952 3790 ἐκεῖνος,
2977 3725 3073 3777 καὶ
3097 3719 3166 3795 ἦν
3193 3724 3287 3777 καὶ
3325 3723 3488 3786 αὐτὸς
3540 3722 3676 3793 μετά

2101 3809 2207 3860 τῶν
2236 3808 2428 3873 ἄλλων,
2451 3809 2822 3879 κρυπτόμενος
2839 3808 2987 3871 ὅστις
3014 3802 3102 3877 ῆν.
3134 3805 3243 3859 Kal
3261 3805 3371 3875 γὰρ
3391 3804 3488 3875 τῆς
3520 3801 3679 3870 Αίγύ-

2102 3906 2238 3942 πτου
2270 3891 2447 3960 πάσης
2473 3889 2721 3954 ἀντάξιος
2753 3886 2822 3960 ἦν
2842 3931 2856 3955 ,
2891 3889 2985 3943 καὶ
3018 3889 3082 3941 τὸ
3124 3888 3494 3958 δεσμωτήριον
3522 3882 3677 3955 [559]

2103 3971 2250 4040 ὅμως
2278 3970 2430 4041 ᾠκει,
2459 3972 2554 4024 καὶ
2574 3973 2748 4035 οὐδεὶς
2772 3972 2888 4042 ᾔδει
2917 3971 3024 4024 τῶν
3045 3969 3404 4035 ἔνδονιῦντων.
3443 3968 3552 4020 Καὶ
3581 3964 3678 4019 νῦν

2104 4054 2283 4107 τοίνυν
2308 4054 2533 4119 πολλοὺς
2558 4050 2695 4107 εἶναι
2726 4054 2871 4117 εἰκὸς
2893 4053 3161 4126 χρηστοὺς
3187 4053 3282 4106 καὶ
3320 4052 3601 4113 ἐπιεικεῖς,
3628 4049 3678 4100 εί

2106 4136 2199 4189 καὶ
2238 4135 2310 4207 μὴ
2334 4137 2497 4190 πᾶσιν
2530 4131 2637 4189 εἷεν
2669 4136 2958 4206 κατάδηλοι
2977 4153 2991 4167 ’
3018 4137 3111 4189 καὶ
3136 4136 3167 4205 ή
3202 4133 3330 4203 περὶ
3355 4133 3480 4194 τοὺς
3510 4129 3682 4184 τοιού-

2106 4237 2230 4283 τους
2257 4218 2562 4289 ἐπιμέλεια,
2598 4219 2696 4289 τῆς
2736 4220 2865 4288 περὶ
2894 4218 3099 4280 πάντας
3122 4215 3355 4281 σπουδῆς
3381 4212 3561 4265 δίδωσί
3596 4229 3678 4266 σοι

2105 4302 2201 4373 τὴν
2250 4302 2502 4373 ἀμοιϐήν.
2543 4303 2639 4356 Ἂν
2670 4302 2727 4355 δέ
2781 4302 2877 4355 καὶ
2912 4301 3097 4370 μηδεὶς
3186 4296 3443 4361 τοιοῦτος,
3473 4295 3569 4350 καὶ
3595 4297 3681 4347 ἐν-

2105 4386 2279 4440 ταῦθα
2302 4385 2467 4455 πολλὴ
2502 4386 2534 4455 ή
2561 4384 2843 4448 ἀντίδοσις.
2886 4384 3039 4436 Ἐπεὶ
3060 4384 3154 4436 καὶ
3178 4383 3206 4435 ὁ
3229 4379 3505 4450 Δεσπότης
3532 4380 3560 4432 ὁ
3588 4376 3681 4441 σὸς

2105 4470 2225 4539 οὐχ).
2274 4469 2501 4532 δικαίοις
2532 4467 2799 4534 διελέγετο
2832 4466 3021 4536 μόνον,
3067 4465 3190 4526 τοὺς
3230 4463 3288 4515 δέ
3337 4461 3680 4530 ἀκαθάρτους

2108 4553 2353 4621 ἔφευγεν·
2373 4552 2507 4605 ἀλλά
2527 4550 2619 4604 καὶ
2641 4549 2739 4621 τὴν
2756 4547 3063 4601 Χαναναίαν
3083 4545 3218 4616 μετὰ
3247 4544 3445 4614 πολλῆς
3465 4542 3681 4608 ἐδέξατο

2107 4635 2208 4703 τῆς
2240 4633 2471 4695 εὐνοίας,
2505 4633 2600 4685 καὶ
2628 4632 2724 4702 τὴν
2758 4631 3085 4702 Σαμαρεῖτιν
3105 4628 3203 4698 τὴν
3235 4626 3401 4695 ἐναγῆ
3425 4625 3517 4678 καὶ
3544 4622 3680 4677 ἀκά-

2109 4716 2325 4788 θαρτον,
2373 4718 2465 4770 καὶ
2499 4716 2691 4782 ἐτέραν
2719 4714 2776 4766 δέ
2825 4715 3030 4784 πόρνην
3060 4709 3253 4773 πάλιν,
3288 4711 3429 4779 ὑπὲρ
3476 4704 3544 4779 ἦς
3586 4706 3682 4759 καὶ

2106 4796 2378 4860 ὠνείδιζον
2404 4800 2453 4850 οἱ
2497 4798 2760 4857 Ἰουδαῖοι,
2808 4796 2900 4849 καὶ
2945 4792 3163 4858 ἐδέξατο
3192 4791 3286 4845 καὶ
3323 4789 3680 4862 ἐθεράπευσε,

2107 4880 2350 4942 καὶτοὺς
2379 4879 2545 4943 πόδας
2592 4878 2952 4950 βρεχομένους
3003 4876 3107 4928 ὑπὸ
3135 4874 3244 4928 τῶν
3290 4872 3541 4944 δακρύων
3584 4870 3684 4940 τῆς

2107 4962 2333 5032 ἐναγοῦς
2357 4963 2617 5033 ἠνείχετο,
2645 4960 2912 5014 παιδεύων
2941 4960 3087 5030 ήμᾶς
3116 4956 3466 5026 συγκατιέναι
3492 4955 3603 5016 τοῖς
3627 4953 3684 5004 ἐν

2109 5046 2405 5116 ἁμαρτίαις
2437 5042 2573 5099 οὖσι.
2607 5045 2776 5097 Τοῦτο
2796 5043 2904 5114 γὰρ
2935 5037 3601 5113 μάλισταῖφιλανθρωπία.
3619 5034 3684 5088 Τί

2108 5130 2214 5199 φῄς
2232 5147 2246 5195 ;
2270 5128 2462 5199 λῃσταὶ
2486 5128 2578 5181 καὶ
2597 5127 2943 5197 τυμϐωρύχοι
2959 5126 3021 5180 τὺ
3041 5124 3414 5195 δεσμωτήριον
3441 5118 3684 5181 οίκοῦσις

2108 5213 2218 5284 Τὴν
2250 5213 2307 5266 δὲ
2343 5214 2514 5272 πόλιν,
2547 5212 2670 5265 εἰπέ
2707 5228 2818 5282 μοι,
2849 5210 3045 5263 δίκαιοι
3078 5210 3279 5270 πάντες
3304 5206 3442 5258 εἰσὶν
3467 5205 3517 5255 οἱ
3553 5219 3687 5284 κατέ

2105 5295 2383 5359 οικοῦντες
2406 5312 2419 5360 ;
2454 5295 2568 5349 ἀλλ’
2590 5294 2709 5364 οὐχὶ
2731 5292 2912 5347 πολ-λοι
2938 5293 3033 5344 καὶ
3066 5290 3271 5343 τούτων
3309 5287 3524 5358 χείρους
3549 5283 3688 5353 μετά

2108 5378 2350 5441 πλείονος
2380 5379 2732 5451 λῃστεύοντες
2777 5374 3198 5445 ἀναισχυντίας;
3248 5373 3310 5424 Οἱ
3364 5369 3464 5441 μὲν
3495 5368 3602 5438 γὰρ
3639 5367 3688 5418 εί

2105 5462 2199 5515 καὶ
2228 5461 2393 5531 μηδὲν
2426 5462 2613 5532 ἕτερον
2635 5501 2649 5521 ,
2689 5460 2787 5529 τὴν
2834 5458 2964 5526 γοῦν
3015 5456 3250 5528 ἐρημίαν
3287 5456 3380 5509 καὶ
3403 5454 3465 5506 τὸ
3500 5452 3689 5513 σκότος

2107 5543 2522 5611 προϐάλλονται,
2555 5543 2649 5597 καὶ
2682 5542 2742 5594 τὸ
2774 5541 3131 5602 λανθάνοντες
3180 5537 3353 5591 ταῦτα
3394 5537 3567 5589 ποιεῖν
3590 5549 3604 5563 ·
3639 5532 3688 5584 οἱ

2104 5624 2161 5677 δέ
2187 5624 2246 5675 τὸ
2272 5627 2609 5695 προσωπεῖον
2636 5624 2909 5696 ῥίψαντες,
2932 5625 3114 5693 γυμνῇ
3136 5624 3201 5691 τῇ
3224 5618 3434 5689 κεφαλῇ
3454 5617 3523 5670 τὰ
3541 5613 3689 5670 κακά

2108 5707 2477 5777 μετέρχονται,
2505 5707 2665 5777 βίαιοι
2690 5711 2784 5763 καὶ
2796 5709 3041 5780 ἅρπαγες
3062 5708 3214 5770 ὅντες
3235 5707 3329 5759 καὶ
3350 5704 3685 5757 πλεονέκται.

2106 5789 2214 5842 Καὶ
2241 5790 2346 5857 γὰρ
2367 5789 2619 5843 δύσκολον
2641 5791 2819 5861 εὑρεῖν
2838 5790 3125 5861 ἄνθρωπον
3145 5788 3357 5841 ἀδικίας
3374 5784 3632 5854 καθαρόν.

2924 5889 2947 5920 μ’,

2178 5893 2251 5950 ς’.
2278 5887 2338 5940 Εἰ
2371 5888 2425 5940 δὲ
2451 5889 2522 5959 μὴ
2557 5890 2773 5957 χρυσίον
2800 5889 3141 5955 ἀρπίτζομτν,
3169 5887 3302 5951 μηδὲ
3338 5882 3547 5945 πλέθρα
3584 5879 3686 5942 γῆς
