4072 6152
402 249 507 303 333

475 355 650 424 Officia
675 354 961 409 Christiana
986 371 1133 424 quant
1157 356 1348 424 facilia.
1378 384 1448 395 -—
1467 356 1599 422 Quid
1624 358 1766 411 enim
1787 373 1970 426 grave,

398 447 522 516 quid
550 462 837 501 onerosmn
865 463 893 500 a
923 447 1076 501 nobis
1104 447 1286 517 exigit,
1326 447 1449 518 quid
1476 465 1580 501 non
1624 448 1930 502 facillimum
1953 451 1975 502 ?

399 541 580 610 Neque
600 540 744 596 enim
762 540 915 604 dixit,
941 538 1186 593 Infirmus
1202 553 1370 606 cram,
1399 548 1453 594 et
1476 556 1581 595 non
1602 542 1828 595 sanastis
1851 557 1972 606 me;

398 631 510 695 sed,
544 628 665 684 Non
690 630 926 683 uisitastis
947 645 1042 683 me.
1074 628 1188 683 Non
1216 628 1369 692 dixit.
1399 630 1454 685 In
1482 646 1697 686 carcere
1724 646 1892 697 eram,
1922 639 1976 685 et

401 738 504 776 non
531 721 793 777 eduxistis
821 734 943 786 me;
990 719 1110 784 sed,
1143 720 1265 774 Non
1303 721 1504 776 venistis
1528 722 1595 775 ad
1634 739 1731 776 me.
1764 722 1975 790 Quanto

398 813 558 883 igitur
584 812 820 867 faciliora
859 820 984 866 sunt
1032 822 1320 882 praecepta,
1370 823 1515 869 tanto
1567 814 1740 884 majus
1782 813 1978 883 suppli-

397 903 536 957 cium
585 917 692 957 non
748 902 1105 957 servantibus.
1156 902 1292 970 Quid
1320 903 1484 968 enim,
1515 918 1718 973 quzeso,
1745 903 1970 969 facilius,

397 1009 554 1062 quam
583 1008 854 1048 carcerem
885 993 1080 1049 adire?
1123 994 1248 1064 quid
1296 995 1558 1050 suavius?
1602 994 1733 1051 Cum
1776 996 1973 1050 videris

396 1086 529 1141 alios
558 1085 782 1149 vinctos.
809 1084 944 1139 alios
974 1085 1266 1155 squalidos,
1293 1095 1551 1150 comatos,
1578 1095 1634 1140 et
1671 1085 1858 1155 pannis
1888 1086 1971 1139 in-

397 1174 573 1240 dutos,
601 1175 736 1229 alios
785 1173 925 1230 fante
955 1175 1309 1241 tabescentes,
1363 1184 1419 1230 et
1470 1175 1536 1230 ad
1582 1175 1743 1245 pedes
1779 1190 1969 1230 canum

399 1280 547 1320 more
567 1275 926 1332 accurrcntes,
967 1266 1101 1320 alios
1130 1265 1413 1335 discerptis
1436 1265 1713 1331 lateribus,
1742 1265 1877 1319 alios
1904 1280 1972 1320 ex

398 1356 513 1413 foro
538 1357 725 1426 ligatos
750 1367 1101 1422 revertentes,
1131 1358 1219 1425 qui
1239 1365 1345 1412 tota
1370 1357 1459 1412 die
1488 1356 1876 1422 mendicantes,
1903 1371 1973 1412 ne

398 1450 573 1504 cibum
624 1448 834 1519 quidem
890 1449 1250 1503 necessarium
1301 1448 1686 1517 collegerunt;
1746 1462 1972 1517 vespere

397 1550 573 1595 autem
605 1555 634 1594 a
659 1539 968 1596 custodibus
1007 1539 1077 1593 ad
1120 1539 1440 1595 laboriosum
1469 1547 1525 1594 et
1550 1541 1779 1594 immane
1816 1539 1973 1593 mini—

398 1632 614 1685 sterium
643 1640 857 1686 coaetos
884 1648 899 1697 ;
940 1630 1150 1686 etiamsi
1193 1631 1328 1701 lapis
1355 1645 1524 1696 esses,
1556 1632 1971 1687 humanissimus

397 1721 519 1776 hinc
532 1723 762 1779 evades:
784 1723 988 1776 etiamsi
1013 1722 1176 1777 vitam
1202 1722 1413 1777 mollem
1439 1722 1856 1793 dissolutamque
1880 1722 1971 1777 du-

395 1826 506 1875 cas,
554 1810 679 1865 hinc
720 1811 873 1879 plane
914 1811 1258 1881 philosophus
1290 1811 1513 1878 evades,
1554 1813 1679 1867 dum
1727 1814 1971 1869 humana:

397 1902 520 1953 vita:
547 1899 900 1954 conditionem
935 1899 986 1953 in
1014 1899 1198 1954 alienis
1235 1901 1623 1957 calamitatibus
1661 1902 1968 1959 intueberis.

398 1992 548 2046 Tunc
577 1993 628 2045 in
658 2001 886 2046 mentem
915 1993 1089 2048 veniet
1113 1992 1418 2049 tremendus
1441 1994 1529 2049 ille
1559 1994 1693 2059 dies,
1721 1995 1970 2065 variaque

399 2084 674 2153 supplicia.
707 2083 829 2139 Haec
851 2083 1028 2139 animo
1048 2099 1287 2150 versans,
1323 2086 1478 2153 iram,
1496 2087 1844 2156 voluptatem,
1870 2102 1972 2143 sa:—

397 2176 651 2228 cularium
691 2189 868 2230 rerum
911 2189 1147 2230 amorem
1175 2175 1409 2246 abjicies,
1448 2188 1503 2232 et
1530 2178 1812 2248 tranquillo
1833 2193 1967 2248 quo-

397 2267 474 2318 vis
503 2275 654 2334 portu
680 2266 1098 2336 tranquilliorem
1127 2268 1356 2321 animam
1394 2267 1613 2323 efﬁcies.
1658 2269 1734 2324 De
1769 2269 1970 2338 judicio

396 2358 484 2414 illo
510 2357 989 2428 philosophaberis,
1019 2369 1190 2413 tecum
1211 2370 1480 2430 reputans,
1504 2361 1549 2415 si
1569 2360 1706 2430 apud
1727 2360 1971 2416 homines

397 2460 569 2502 tantus
593 2449 725 2504 ordo
757 2464 954 2515 rerum,
981 2458 1155 2505 tantus
1180 2460 1374 2518 terror,
1412 2459 1570 2505 tantae
1604 2452 1971 2506 connninatio-

398 2555 510 2605 res,
538 2541 701 2596 multo
725 2542 893 2612 magis
914 2541 1053 2610 apud
1081 2541 1269 2597 Deum.
1295 2541 1456 2596 Nulla
1481 2543 1612 2597 enim
1636 2552 1853 2615 potestas
1875 2552 1965 2609 est,

398 2633 494 2685 nisi
527 2649 558 2685 a
590 2632 693 2687 Deo
719 2633 894 2703 (Rom.
939 2634 1026 2689 15.
1060 2634 1139 2704 1).
1178 2633 1277 2701 Qui
1318 2633 1646 2703 principibus
1677 2635 1789 2689 lucc
1824 2634 1969 2688 ordi-

398 2723 566 2777 nanda
593 2725 881 2790 commisit,
910 2725 1079 2780 multo
1114 2726 1280 2795 magis
1305 2725 1419 2798 ipse
1446 2736 1783 2795 exsequetur.

467 2812 521 2866 5.
554 2812 726 2884 Majas
752 2830 813 2867 ea:
841 2814 997 2884 ofﬁcio
1021 2815 1245 2868 caritatis
1274 2832 1423 2884 quam
1452 2834 1479 2871 ε
1505 2815 1829 2869 theatralibus
1855 2831 1969 2885 spe-

399 2903 605 2955 rtucult's
633 2904 870 2971 gaudium
900 2908 1190 2975 percipitur.
1253 2906 1452 2960 Visendi
1492 2917 1606 2961 sunt
1646 2908 1965 2978 incargerati.

401 2989 598 3044 --Nam
629 2992 730 3046 nisi
767 2994 855 3048 ille
883 2994 1101 3050 instaret
1128 2997 1305 3063 timor,
1327 2997 1504 3051 omnia
1540 3012 1669 3052 sane
1695 2999 1963 3068 perirent:

400 3084 609 3151 quando
633 3093 708 3138 tot
726 3086 1118 3142 imminentibus
1135 3089 1405 3158 suppliciis
1430 3089 1575 3144 multi
1593 3090 1658 3144 ad
1681 3091 1965 3160 nequitiam

398 3186 517 3227 sese
531 3174 827 3229 conferunt.
850 3175 975 3230 “me
998 3179 1040 3230 si
1064 3178 1468 3248 pliiloSOpberis,
1496 3180 1560 3233 ad
1577 3181 1967 3254 eleemosynam

397 3263 504 3315 eris
530 3267 847 3333 promptior,
869 3281 1057 3334 magna
1086 3267 1275 3321 frueris
1294 3268 1581 3338 voluptate,
1613 3279 1667 3324 et
1690 3271 1842 3340 longe
1860 3287 1970 3325 ma-

396 3352 529 3419 jore,
555 3369 713 3431 quam
737 3356 825 3425 qui
855 3371 884 3409 a
910 3358 1114 3411 theatro
1140 3357 1484 3413 descendunt.
1508 3360 1638 3414 Nam
1661 3362 1748 3431 qui
1771 3378 1800 3416 a
1824 3361 1970 3417 thea-

358 3478 367 3483 -
400 3453 480 3497 tro
507 3422 748 3515 surgQ,
776 3449 1201 3517 concupiscentia
1224 3451 1430 3506 ardent.
1461 3451 1597 3507 Cum
1624 3454 1804 3509 vident
1827 3456 1968 3509 enim

400 3534 514 3590 illas
545 3538 595 3593 in
620 3553 777 3593 scena
820 3539 1090 3603 mulieres,
1123 3542 1395 3596 ornatibus
1427 3544 1790 3619 splendentes,
1823 3548 1970 3602 mille

400 3626 569 3684 affecti
603 3629 930 3695 vulneribus,
962 3631 1127 3685 instar
1153 3633 1316 3687 maris
1342 3636 1613 3689 mstuantis
1642 3646 1815 3701 erunt,
1844 3637 1967 3691 dum

400 3732 578 3771 earmn
616 3729 850 3789 aspectu,
895 3720 1107 3787 habitu,
1144 3723 1339 3784 verbis,
1374 3725 1615 3792 incessu,
1657 3727 1970 3796 caaterisque

402 3798 647 3863 omnibus
668 3811 874 3865 animus
898 3812 1189 3867 obsidetur.
1214 3813 1311 3880 Qui
1333 3825 1509 3868 autem
1527 3815 1701 3869 abillo
1717 3816 1824 3872 alio
1844 3831 1968 3888 Spe-

402 3899 608 3953 ctaculo
636 3901 993 3970 egrediuntur,
1028 3904 1157 3957 nihil
1192 3904 1296 3959 tale
1322 3905 1606 3973 patientur,
1645 3907 1751 3961 imo
1781 3923 1968 3979 magna

403 3990 644 4044 fruentur
672 3994 1059 4067 tranquillitate.
1090 3995 1442 4065 Compunctio
1480 3999 1619 4053 enim
1659 4014 1722 4052 ex
1769 4001 1971 4055 vincto-

399 4094 516 4132 rum
557 4089 769 4149 aspectu
813 4093 959 4151 parta
1005 4084 1307 4153 huiusmodi
1348 4087 1519 4156 ignem
1567 4096 1733 4142 totum
1764 4093 1967 4145 exstin-

397 4174 527 4241 guit.
551 4173 607 4228 Si
634 4178 846 4230 exeunti
877 4192 941 4231 ex
963 4192 1178 4232 carcere
1204 4188 1450 4233 occurrat
1478 4180 1667 4234 lasciva
1694 4183 1966 4247 meretrix,

399 4263 526 4316 nihil
555 4263 624 4317 illi
651 4265 773 4318 mali
804 4265 1013 4320 inferet.
1044 4266 1175 4322 Nam
1208 4267 1329 4322 fuco
1358 4268 1483 4322 nulli
1509 4268 1789 4337 obnoxius,
1812 4286 1968 4339 aspe-

395 4365 511 4408 ctus
539 4353 841 4423 lmjusmodi
870 4358 1067 4413 retibus
1098 4374 1202 4414 non
1231 4361 1487 4430 capietur,
1514 4376 1634 4416 cum
1675 4371 1857 4416 contra
1887 4374 1968 4417 ta-

398 4442 501 4497 lem
529 4455 802 4513 aspectum
834 4450 1005 4501 metus
1028 4448 1208 4515 judicii
1248 4451 1318 4506 ob
1344 4451 1526 4505 oculos
1556 4463 1816 4507 versetur.
1848 4453 1970 4510 Ideo

393 4535 485 4588 ille
509 4537 595 4605 qui
624 4552 782 4592 omne
808 4538 1089 4608 voluptatis
1118 4557 1284 4611 genus
1308 4552 1559 4614 expertus
1580 4555 1713 4612 erat,
1737 4545 1966 4614 dicebat,

393 4624 579 4680 Melius
604 4637 674 4681 est
697 4628 768 4682 ire
803 4629 854 4682 in
883 4631 1083 4684 domum
1109 4633 1292 4698 luctus,
1332 4652 1481 4705 quant
1520 4636 1572 4688 in
1610 4636 1812 4691 domum
1840 4638 1970 4692 risus

392 4714 590 4779 (ΕΜ-ιε.
635 4719 686 4772 7.
729 4720 807 4787 ὅ).
853 4720 917 4773 Et
958 4720 1043 4775 hic
1089 4724 1244 4777 talem
1288 4736 1518 4780 sectatus
1556 4726 1966 4797 philosophiam,

392 4803 501 4859 illic
530 4807 831 4864 beatissima
849 4810 1028 4865 audiet
1051 4816 1229 4869 verba.
1252 4814 1328 4869 Ne
1344 4831 1467 4886 ergo
1486 4816 1611 4871 illud
1642 4819 1969 4890 negligantus

390 4909 545 4965 opus.
576 4898 791 4953 Etiamsi
818 4901 958 4956 enim
991 4918 1093 4957 non
1134 4906 1398 4973 possimus
1437 4922 1502 4969 eo
1533 4909 1707 4963 cibum
1751 4910 1966 4977 inferre,

393 5003 493 5041 nec
521 5000 817 5059 argentum,
855 5002 909 5047 at
940 4996 1228 5063 poterimus
1273 4999 1452 5053 verbis
1484 4999 1686 5075 lapsum
1733 5002 1966 5055 animum

388 5079 673 5143 consolari,
695 5090 748 5136 et
771 5083 822 5137 in
850 5083 968 5139 aliis
995 5087 1174 5139 multis
1192 5088 1400 5155 juvarc,
1433 5089 1543 5142 sive
1565 5105 1656 5144 eos
1670 5091 1758 5160 qui
1777 5093 1826 5145 in
1847 5110 1968 5147 ear-

390 5182 569 5223 cercm
610 5180 881 5227 lruserunt
907 5175 1256 5244 alloquentes,
1290 5178 1401 5231 sive
1438 5179 1685 5233 custodes
1717 5198 1969 5240 mansue-

392 5259 559 5313 tiores
591 5262 891 5326 reddcntes,
924 5273 979 5319 ct
1017 5266 1098 5319 vel
1130 5268 1672 5344 quantulumcumque
1697 5273 1812 5340 opis
1838 5274 1969 5326 affe-

392 5364 592 5403 remus.
641 5353 696 5407 Si
733 5356 953 5418 dixeris.
1002 5372 1102 5412 nec
1129 5358 1261 5424 frugi
1304 5373 1401 5414 nec
1446 5361 1643 5431 probos
1679 5362 1821 5416 viros
1866 5364 1971 5418 illic

389 5452 531 5503 esse,
564 5441 656 5494 sed
686 5442 1000 5513 homicidas,
1043 5448 1408 5516 sepulcrorum
1449 5450 1767 5519 eli‘ossores,
1805 5452 1968 5517 fores,

388 5530 652 5598 preaches,
672 5533 914 5601 lascivos,
935 5538 1216 5609 multisque
1239 5540 1533 5597 sceleribus
1547 5543 1820 5614 obnoxios,
1846 5561 1969 5605 rur-

390 5631 482 5671 sus
504 5620 630 5674 mihi
661 5627 1016 5682 necessarium
1044 5629 1187 5683 hunc
1215 5630 1416 5686 aditum
1446 5632 1653 5701 probas.
1686 5634 1799 5691 Non
1826 5637 1967 5692 cnim

723 5719 992 5785 Pariter.
1038 5728 1153 5789 Gn.
1204 5728 1362 5793 LIX.

1500 248 1561 300 IN
1600 247 1910 304 JO.\~.\'NEH
1951 251 1969 303 l

2073 250 2175 305 ΙΙΙ..
2220 252 2328 306 LX.
2368 253 2436 306 al.
2481 252 2615 307 LIX.
3553 259 3655 316 554

2081 361 2323 428 iubemur
2351 364 2516 419 bonos
2545 367 2809 431 miserari,
2842 376 2896 421 et
2942 368 3110 422 malos
3143 370 3370 437 punire;
3424 372 3513 425 sed
3551 372 3656 427 hu-

2078 453 2305 517 jusutodi
2349 454 2728 510 humanitatem
2774 458 3022 512 omnibus
3068 459 3364 529 impertire.
3394 459 3530 515 Nam
3558 465 3654 523 ait,

2080 539 2254 595 Estote
2281 544 2466 598 similes
2503 544 2653 599 Patri
2694 557 2875 613 vestro,
2915 549 3001 618 qui
3039 551 3091 603 in
3120 552 3257 604 aclis
3285 561 3378 618 est,
3409 553 3494 621 qui
3534 555 3657 606 oriri

2077 632 2200 703 facit
2233 634 2388 686 solem
2418 651 2563 688 suum
2602 653 2755 706 super
2794 639 2958 693 malos
2985 650 3029 692 et
3060 640 3234 705 bonos,
3263 651 3308 695 et
3350 642 3479 711 pluit
3504 659 3659 712 super

2066 722 2235 790 justos
2263 732 2309 776 et
2334 723 2548 793 iniustos
2586 726 2793 797 (Matth.
2821 729 2874 784 5.
2902 729 3017 800 45).
3049 729 3125 785 Ne
3152 747 3278 800 ergo
3321 732 3454 788 alios
3477 736 3656 788 acrius

2076 811 2376 877 insccteris,
2409 829 2543 868 neve
2570 815 2647 868 sis
2685 815 2849 883 judex
2891 816 3278 883 vehementior,
3309 820 3402 875 sed
3432 822 3575 879 milis
3601 829 3658 878 et

2076 901 2359 957 humanus.
2393 902 2502 959 Nos
2550 904 2767 969 etenim
2800 907 2898 960 etsi
2930 922 3035 962 non
3081 908 3277 963 moechi
3325 911 3511 972 simus,
3546 926 3654 966 non

2074 992 2440 1060 sepulcrorum
2485 993 2790 1058 cll‘ossores,
2838 1012 2942 1051 non
2989 996 3158 1064 fures,
3187 999 3280 1053 sed
3323 1000 3443 1054 aliis
3470 1014 3655 1056 smnus

2074 1082 2286 1137 obnoxii
2317 1083 2483 1148 vitiis,
2515 1100 2633 1155 quae
2674 1086 2819 1142 mille
2848 1087 3125 1157 suppliciis
3152 1088 3309 1159 digna
3345 1099 3485 1149 sunt.
3521 1090 3651 1149 Nam

2075 1175 2158 1230 vel
2179 1174 2397 1230 fratrem
2420 1176 2618 1231 fatuum
2646 1179 2971 1246 vocavimus,
2991 1179 3130 1249 quod
3158 1194 3256 1234 nos
3270 1180 3527 1250 gehenna:
3548 1180 3653 1245 qh-

2073 1266 2262 1320 noxios
2290 1266 2463 1322 reddit
2488 1284 2504 1332 ;
2534 1268 2620 1323 vel
2650 1268 2903 1323 mulieres
2943 1269 3223 1339 impudicis
3248 1269 3415 1326 oculis
3439 1272 3655 1340 aspexi-

2074 1370 2213 1421 mus,
2240 1355 2385 1425 quod
2425 1365 2508 1411 est
2533 1366 2958 1412 consummatum
3009 1359 3327 1415 adulterium
3357 1378 3371 1416 :
3399 1360 3653 1432 quodque

2074 1450 2311 1503 omnium
2341 1450 2712 1519 gravissimum
2739 1459 2842 1517 est,
2872 1451 3087 1522 indigne
3128 1454 3380 1524 mysteria
3432 1455 3653 1524 partiri.

2074 1538 2336 1607 pavimus,
2354 1539 2494 1608 quod
2519 1553 2641 1594 reos
2662 1539 2785 1594 facit
2804 1542 3050 1609 corporis
3068 1551 3121 1596 et
3146 1544 3418 1613 sanguitﬂs
3431 1543 3650 1598 Christi.

2073 1626 2150 1681 Ne
2177 1642 2307 1697 ergo
2339 1628 2516 1682 acerbi
2563 1629 2787 1683 aliorum
2815 1638 3141 1686 scrutatores
3174 1632 3379 1699 simus;
3419 1632 3514 1687 sed
3557 1649 3654 1687 no-

2071 1726 2178 1770 stra
2204 1718 2519 1787 cogitemus,
2549 1726 2603 1771 et
2630 1719 2708 1772 sic
2737 1718 3179 1775 inhumanitatem
3218 1720 3354 1775 hanc
3381 1731 3436 1776 et
3458 1721 3651 1776 crude-

2073 1809 2274 1881 litatem
2304 1809 2627 1864 sedabimus.
2671 1810 2754 1865 Ad
2802 1810 2917 1867 haec
2961 1826 3089 1867 vero
3130 1810 3415 1867 dicendum
3463 1813 3646 1875 etiam.

2073 1917 2172 1957 nos
2219 1903 2289 1957 ibi
2338 1903 2537 1973 probos
2583 1903 2729 1959 viros
2771 1905 2968 1959 multos
3015 1913 3323 1975 reperturas
3370 1918 3511 1970 esse,
3553 1904 3650 1958 toti

2072 1993 2388 2062 plerumque
2415 1993 2617 2048 civitati
2660 1994 3037 2064 exmquandos.
3081 1994 3210 2050 Nam
3248 2010 3433 2049 carcer
3461 1995 3570 2060 ille,
3594 1994 3647 2048 in

2070 2099 2177 2154 quo
2223 2084 2419 2153 Joseph
2461 2094 2598 2153 erat,
2645 2086 2843 2141 multos
2892 2086 3164 2155 improbos
3204 2085 3545 2150 continebat;
3594 2093 3649 2139 et

2073 2182 2247 2229 tamen
2272 2178 2506 2230 omnium
2532 2191 2714 2231 curam
2745 2176 2964 2247 gerebat
2984 2177 3159 2246 justus
3184 2177 3292 2242 ille,
3313 2185 3508 2230 etcum
3530 2176 3647 2230 aliis

2073 2265 2314 2320 occultus
2342 2274 2478 2321 erat.
2511 2266 2641 2321 Nam
2667 2282 2788 2321 cum
2821 2267 2913 2321 toti
2945 2266 3177 2338 Egypto
3202 2275 3343 2321 esset
3373 2280 3649 2334 esu-quan-

2072 2356 2205 2422 dus,
2262 2357 2314 2410 in
2364 2371 2579 2412 carcere
2630 2365 2806 2412 tamen
2853 2366 2970 2413 erat
3018 2356 3215 2412 nemini
3266 2364 3445 2411 notus.
3498 2353 3649 2412 Nunc

2072 2461 2281 2516 quoque
2307 2446 2596 2503 verisimile
2620 2458 2703 2501 est
2730 2448 2799 2503 ibi
2830 2448 3026 2503 multos
3053 2462 3175 2503 esse
3202 2447 3398 2517 probos
3428 2456 3483 2500 et
3512 2445 3646 2515 frugi

2072 2542 2237 2607 viros,
2266 2541 2363 2594 etsi
2393 2556 2499 2595 non
2527 2542 2776 2597 omnibus
2803 2552 2991 2607 notos;
3019 2550 3075 2596 et
3103 2556 3228 2595 cura
3256 2540 3361 2594 illis
3386 2538 3642 2603 exhibita,

2072 2629 2307 2685 officium
2358 2631 2480 2685 aliis
2543 2632 2837 2701 praestitum
2891 2631 3101 2687 abunde
3160 2632 3252 2685 tibi
3312 2640 3643 2700 compensat.

2072 2722 2293 2776 Etiamsi
2324 2730 2452 2777 vero
2482 2723 2662 2777 nullus
2692 2723 2760 2777 ibi
2791 2723 2911 2778 talis
2932 2731 3101 2791 esset,
3129 2737 3317 2792 magna
3350 2733 3522 2776 tamen
3552 2721 3647 2774 tibi

2071 2817 2303 2886 reposita
2333 2828 2415 2870 est
2454 2831 2680 2871 merces.
2707 2815 2864 2870 Certe
2905 2815 3157 2870 Dominus
3196 2825 3318 2869 tuus
3345 2830 3448 2868 non
3473 2812 3646 2882 justas

2072 2907 2231 2962 modo
2274 2907 2661 2976 alloquebatur,
2712 2923 2811 2962 nec
2854 2907 3090 2976 impuros
3139 2906 3407 2977 fugiebat;
3455 2903 3547 2959 sed
3593 2913 3649 2958 et

2070 2996 2424 3052 Chanana-am
2466 3012 2587 3051 cum
2616 2996 2778 3051 multa
2810 2996 3179 3051 benevolentia
3208 2996 3440 3065 excepit,
3469 3002 3525 3049 et
3544 2993 3638 3047 Sn-

2072 3090 2386 3144 maritmam
2414 3089 2693 3143 scelestam
2724 3096 2776 3141 et
2808 3086 3092 3157 impuram,
3122 3087 3383 3155 aliamque
3404 3083 3645 3139 meretri-

2070 3197 2208 3249 cem,
2240 3180 2381 3250 quod
2417 3179 2586 3234 Juduai
2633 3178 3044 3248 exprobrarant,
3075 3175 3290 3243 excepit
3326 3185 3377 3228 et
3419 3172 3645 3237 curavit,

2073 3288 2362 3344 passusque
2384 3283 2466 3327 est
2496 3282 2551 3326 ut
2577 3272 2797 3340 impura:
2824 3270 3059 3324 mulieris
3089 3265 3337 3337 lacrymis
3362 3266 3525 3335 pedes
3563 3265 3647 3318 sui

2072 3364 2391 3434 rigarontur,
2420 3373 2476 3417 ut
2506 3377 2603 3417 nos
2637 3360 2855 3416 doceret
2900 3360 3130 3414 humane
3170 3366 3478 3428 peccatores
3504 3355 3647 3408 exei-

2071 3469 2221 3526 pere.
2255 3455 2379 3509 llzrc
2399 3455 2539 3509 enim
2569 3454 2796 3507 maxima
2828 3450 3128 3505 humanitas
3169 3457 3269 3502 est.
3307 3446 3442 3514 Quid
3472 3446 3640 3500 dicis?

2073 3546 2217 3600 fures
2243 3557 2297 3599 et
2326 3545 2689 3615 sepulcrorum
2715 3540 3005 3596 elfossores
3040 3553 3308 3593 carcerem
3350 3535 3649 3605 occupant?

2072 3637 2229 3701 Num,
2249 3650 2429 3706 quaeso
2450 3633 2678 3689 civitatis
2709 3633 2897 3688 incolae
2925 3646 3113 3686 omnes
3133 3630 3261 3699 justi
3283 3628 3444 3683 sunt?
3470 3642 3648 3682 anno»

2075 3729 2161 3782 hic
2202 3726 2352 3781 multi
2398 3725 2606 3794 pejores
2636 3733 2780 3789 sunt,
2810 3722 2902 3796 qui
2952 3719 3314 3791 impudentius
3366 3717 3651 3772 furantur?

2073 3817 2175 3872 Alii
2203 3816 2344 3872 enim
2371 3814 2710 3870 solitudinem
2741 3813 2930 3868 saltem
2963 3820 3017 3868 et
3058 3812 3306 3866 tenebras
3330 3809 3657 3873 obtendunt,

2072 3916 2125 3963 et
2154 3908 2267 3962 haec
2303 3907 2438 3961 clam
2470 3905 2667 3960 faciunt
2694 3922 2707 3957 :
2737 3904 2850 3970 alii,
2879 3905 3049 3973 posita
3080 3902 3244 3966 larva,
3276 3901 3418 3955 nudo
3446 3900 3641 3968 capite,

2073 3999 2211 4052 mala
2252 4005 2579 4067 perpetrant,
2626 3994 2866 4061 violenti,
2910 4001 3174 4061 raptores,
3208 3991 3374 4044 avari.
3425 3988 3647 4042 Diflicilc

2074 4104 2304 4159 namque
2325 4098 2409 4144 est
2429 4089 2602 4141 virum
2629 4088 2863 4161 reperire
2885 4085 3172 4139 insontem.

2144 4182 2197 4236 6.
2238 4179 2391 4247 Quod
2431 4180 2475 4233 si
2519 4193 2623 4232 non
2651 4192 2838 4232 aurum
2882 4178 3141 4244 rapimtts,
3170 4173 3215 4227 si
3248 4187 3355 4227 non
3387 4180 3462 4226 tot
3490 4179 3544 4226 et
3575 4179 3650 4227 tot

2068 4274 2250 4345 jugera
2274 4280 2452 4332 terrm,
2473 4280 2524 4324 at
2556 4266 2743 4326 fraude
2779 4274 2832 4320 et
2860 4264 2998 4319 furto
3024 4264 3250 4335 idipsum
3279 4263 3329 4317 in
3355 4263 3649 4316 minoribus

2073 4378 2172 4434 pro
2228 4361 2365 4417 virili
2411 4360 2650 4414 facimus.
2695 4357 2826 4412 Nam
2869 4372 2990 4411 cum
3038 4355 3092 4410 lu
3137 4355 3460 4411 commercio
3488 4395 3503 4419 ,
3563 4354 3645 4406 vel

2076 4456 2127 4515 in
2168 4453 2395 4510 emendo
2441 4462 2495 4507 et
2538 4449 2838 4518 vendendo,
2880 4449 3054 4508 minus
3093 4458 3249 4519 quam
3294 4454 3506 4517 oportet
3545 4461 3648 4500 nn-

2075 4561 2282 4601 merare
2326 4543 2720 4609 contendimus,
2763 4555 3082 4609 omnemque
3121 4538 3420 4594 machinam
3463 4551 3648 4597 move-

2076 4655 2213 4700 mus,
2238 4652 2413 4691 annon
2448 4633 2575 4689 illud
2616 4632 2953 4689 latrocinium
2985 4630 3107 4686 est?
3148 4646 3322 4687 annon
3361 4629 3554 4682 furtum
3598 4634 3653 4681 et

2074 4728 2297 4796 rapina?
2336 4726 2411 4781 Ne
2442 4725 2571 4779 mihi
2593 4726 2810 4789 dixeris,
2846 4732 2897 4778 te
2927 4738 3025 4777 nec
3069 4722 3285 4777 domum
3312 4736 3410 4776 nec
3436 4735 3650 4777 servum

2075 4817 2376 4877 abstulisse.
2423 4815 2685 4883 lnjustitia
2719 4828 2948 4883 namque
2979 4828 3081 4866 non
3122 4822 3289 4883 raptae
3335 4811 3411 4868 rei
3459 4810 3647 4878 pretio,

2075 4908 2168 4961 sed
2217 4908 2475 4976 rapientis
2505 4906 2777 4959 voluntate
2808 4903 3079 4974 penditur.
3110 4903 3319 4958 Justitia
3351 4915 3578 4975 namque
3597 4910 3652 4951 et

2076 4998 2332 5068 injustitia
2365 4998 2416 5052 in
2450 4997 2655 5072 magnis
2677 5005 2733 5050 et
2761 4995 2938 5065 parvis
2965 4994 3125 5054 rebus
3145 4992 3388 5051 eamdem
3411 4990 3514 5042 vim
3552 4987 3650 5040 ha.-

2076 5091 2234 5146 ltcnt:
2263 5102 2314 5145 et
2343 5090 2509 5145 furem
2533 5089 2743 5159 appello
2771 5097 2874 5142 tam
2897 5103 3017 5142 eum
3040 5087 3126 5155 qui
3155 5093 3366 5140 exsecta
3397 5095 3649 5137 crumena

2076 5199 2263 5237 aurum
2292 5183 2509 5250 abripit,
2528 5196 2684 5250 quam
2714 5188 3003 5241 ementem,
3028 5177 3117 5247 qui
3152 5172 3345 5243 aliquid
3373 5169 3654 5229 defraudat

2077 5272 2143 5326 de
2176 5272 2371 5340 pretio;
2397 5279 2449 5325 ct
2473 5270 2685 5339 parietis
2716 5268 3023 5321 elTossorem
3049 5279 3200 5326 voco,
3222 5279 3323 5315 non
3345 5275 3465 5315 eum
3496 5258 3653 5311 modo

2077 5366 2189 5433 qui,
2225 5372 2380 5430 rupto
2409 5363 2631 5431 pariete,
2661 5357 2858 5425 aliquid
2891 5357 3031 5408 intus
3063 5354 3305 5415 furatur;
3352 5349 3444 5404 sed
3489 5348 3648 5401 etiam

2077 5471 2198 5509 eum
2230 5455 2340 5524 qui,
2377 5455 2496 5523 jure
2526 5450 2744 5512 violato,
2774 5445 2970 5514 aliquid
3001 5461 3031 5498 a
3063 5444 3302 5514 proximo
3341 5439 3532 5496 aufert.
3578 5438 3654 5493 Ne

2079 5562 2205 5616 ergo
2234 5546 2391 5600 rebus
2415 5543 2613 5603 nostris
2640 5538 2874 5604 omissis,
2901 5537 3192 5595 alienarum
3214 5535 3421 5609 judices
3456 5534 3655 5597 simus;

2083 5653 2255 5709 neque
2295 5636 2419 5690 dum
2451 5630 2800 5689 humanitatis
2823 5638 3030 5701 tempus
3056 5640 3158 5698 est,
3189 5628 3478 5697 nequitiam
3504 5639 3657 5680 scra—

3211 5723 3284 5787 21
