4072 6152
381 270 483 325 355

383 398 555 438 temur
582 401 594 436 :
621 381 716 437 sed
744 379 1033 448 cogitantes
1059 374 1324 445 quomodo
1349 387 1447 428 nos
1476 373 1602 426 olim
1631 370 1802 425 allecti
1831 369 1945 424 fue-

385 478 570 540 rimus,
602 475 765 527 sitnus
795 470 1007 524 tandem
1038 467 1296 520 mansueti
1325 475 1378 518 et
1411 464 1644 533 benigni.
1671 462 1948 530 Quomodo

383 581 511 635 ergo
538 562 709 616 allecti
754 558 1007 614 eramus?
1051 556 1189 611 Audi
1229 555 1447 612 Paulum
1477 555 1738 609 dicentem
1768 570 1781 606 :
1813 551 1946 604 Era-

384 675 494 709 mus
519 655 648 707 enim
693 651 968 722 aliquando
1011 659 1056 703 et
1102 666 1194 702 nos
1245 647 1600 711 iuobcdientes,
1639 644 1946 711 insipientes.

383 754 624 809 errantes,
647 742 912 796 servientes
940 739 1201 794 desideriis
1221 747 1268 790 et
1287 736 1621 804 voluptatibus
1648 733 1818 795 variis,
1841 731 1951 784 odi-

385 836 529 900 biles,
557 833 780 888 odientes
803 832 1010 885 invicem
1039 828 1165 901 (Tit.
1189 829 1240 882 3.
1266 828 1320 895 ὅ)
1344 843 1359 892 ;
1393 837 1446 879 et
1472 839 1705 889 rursum,
1738 823 1952 876 Eramus

383 925 513 978 enim
540 932 722 977 natura
747 923 840 989 filii
863 922 954 974 irae
981 919 1194 989 (Ephes.
1211 918 1265 970 9!.
1291 916 1366 981 5).
1389 915 1492 971 Sed
1519 915 1658 969 Deus
1689 929 1784 967 nos
1804 911 1951 982 quasi

385 1017 437 1069 in
481 1028 697 1068 carcere
739 1012 984 1066 detentus
1015 1009 1219 1072 videns,
1249 1015 1303 1062 et
1343 1005 1588 1075 gravibus
1637 1004 1954 1057 constrictos

385 1106 614 1169 catenis,
649 1119 769 1174 qum
811 1103 996 1158 ferreis
1037 1101 1194 1169 longe
1238 1098 1530 1168 graviores,
1573 1111 1676 1148 non
1723 1094 1951 1157 erubuit,

387 1195 494 1250 sed-
511 1195 653 1249 venit
697 1194 748 1247 in
791 1205 1081 1252 carcerem,
1111 1199 1164 1244 et
1196 1187 1488 1241 immmeris
1523 1185 1712 1253 dignos
1753 1182 1954 1252 suppli-

392 1286 490 1340 ciis
527 1285 710 1339 eduxit
749 1281 894 1342 inde,
944 1289 997 1334 et
1051 1281 1101 1333 in
1155 1292 1376 1347 regnum
1425 1274 1667 1338 induxit;
1721 1275 1958 1341 caeloque

388 1375 780 1445 splendidiores
811 1371 1008 1426 ell'eeit.
1035 1378 1086 1422 ut
1134 1377 1185 1422 et
1215 1382 1313 1422 nos
1351 1381 1446 1434 pro
1474 1366 1608 1420 virili
1640 1373 1818 1420 nostra
1857 1364 1960 1418 hoc

389 1472 561 1534 ipsum
609 1463 880 1518 faciamus.
929 1459 1058 1514 Nam
1100 1473 1220 1512 cum
1267 1456 1544 1526 diseipulls
1585 1454 1714 1510 dicit
1743 1470 1757 1509 :
1785 1453 1843 1506 Si
1868 1469 1958 1522 ego

390 1556 491 1609 lavi
534 1554 684 1624 pedes
711 1561 900 1607 vestros
929 1550 1172 1605 Dominus
1210 1559 1255 1603 et
1292 1546 1553 1618 Magister,
1579 1555 1624 1598 et
1664 1561 1750 1598 vos
1775 1544 1959 1598 debetis

387 1645 518 1696 alter
538 1643 748 1697 alterius
773 1643 944 1695 lavare
971 1640 1120 1709 pedes
1147 1655 1165 1692 :
1194 1637 1474 1707 exeruplum
1497 1636 1629 1690 enim
1665 1635 1781 1687 dedi
1800 1633 1956 1698 vobis,

388 1746 442 1787 ut
458 1731 881 1804 quemadmodum
902 1746 993 1800 ego
1015 1729 1110 1800 feci
1130 1728 1285 1790 vobis,
1304 1727 1374 1778 ita
1397 1735 1442 1780 et
1465 1741 1547 1778 vos
1565 1725 1762 1794 faciatis
1782 1722 1958 1794 (loca.

390 1825 480 1879 15.
509 1822 602 1892 M)
627 1839 641 1874 :
668 1836 774 1884 non
801 1821 870 1874 de
897 1817 1139 1873 lavandis
1168 1815 1389 1885 pedibus
1415 1823 1618 1870 tantum
1661 1815 1748 1868 hic
1791 1813 1960 1882 legem

390 1913 499 1977 dat,
531 1907 624 1965 sed
652 1919 706 1966 et
731 1910 798 1966 de
821 1909 944 1964 aliis
967 1906 1235 1970 omnibus,
1258 1919 1376 1974 quae
1404 1904 1515 1972 ipse
1539 1903 1692 1956 nobis
1717 1903 1959 1956 contulit.

395 2001 667 2057 llomicida
695 2008 779 2056 est
815 2000 868 2053 in
903 2011 1119 2053 carcere
1140 1997 1166 2048 ‘t
1215 1996 1282 2047 At
1305 2007 1400 2046 nos
1426 1993 1560 2046 bene
1589 1989 1762 2045 facere
1784 2005 1849 2044 ne
1872 1989 1964 2043 de-

393 2093 666 2145 sislamlts.
709 2089 1088 2158 Sepulcrorum
1137 2083 1362 2140 etl‘ossor
1402 2090 1507 2147 est,
1553 2090 1645 2134 aut
1689 2079 1965 2135 ntmcbus?

396 2182 500 2237 Sed
531 2197 596 2236 ne
625 2180 860 2245 malitias,
879 2193 1060 2234 verum
1084 2171 1404 2231 calamitatis
1433 2169 1965 2238 misereamur.S:epe

395 2282 597 2333 autem,
635 2279 695 2324 ut
734 2268 866 2335 dixi,
907 2267 1208 2337 reperietur
1255 2263 1328 2318 ibi
1372 2260 1631 2331 quispiam
1678 2259 1968 2314 innumeris

399 2366 526 2418 viris
549 2360 951 2432 exasquandus;
997 2367 1050 2415 et
1089 2357 1132 2412 si
1179 2370 1322 2424 sarpe
1365 2353 1572 2408 vinctos
1608 2352 1787 2412 adeas,
1829 2349 1969 2406 hunc

397 2461 644 2507 venatum
670 2448 990 2518 assequeris.
1019 2447 1166 2502 Sicut
1195 2443 1487 2503 Abraham,
1518 2440 1610 2510 qui
1629 2441 1846 2510 quosvis
1875 2455 1969 2494 ex-

397 2541 646 2612 cipiebat,
677 2541 729 2594 in
771 2538 990 2608 angelos
1020 2537 1203 2591 incidit
1233 2552 1248 2588 :
1277 2535 1355 2588 sic
1385 2542 1438 2587 et
1469 2546 1565 2584 nos
1597 2531 1648 2585 in
1681 2529 1822 2584 viros
1852 2545 1968 2583 ma-

401 2647 532 2703 gnos
584 2629 900 2692 incidemus,
928 2627 971 2680 si
1004 2625 1055 2681 id
1102 2625 1518 2694 frequentemus.
1549 2621 1604 2674 Si
1651 2633 1777 2673 vero
1807 2619 1963 2673 liceat

396 2720 521 2792 quid
547 2717 919 2774 admirandum
949 2715 1148 2780 dicere,
1169 2729 1273 2768 non
1302 2720 1446 2766 tanta
1477 2708 1632 2766 laude
1657 2709 1845 2778 dignus
1865 2717 1966 2772 est,

396 2813 485 2880 qui
538 2824 783 2878 magnum
827 2807 1127 2878 quempiam
1161 2804 1393 2874 excipit,
1435 2817 1594 2872 quam
1649 2802 1693 2854 is
1735 2799 1824 2869 qui
1869 2799 1969 2853 mi-

402 2915 580 2954 serum
615 2909 669 2953 et
696 2897 980 2953 infelicem.
1014 2895 1106 2951 Ille
1152 2909 1378 2964 namque
1409 2908 1512 2946 non
1544 2905 1762 2960 parvum
1811 2904 1968 2959 argu-

400 3001 636 3047 mentum
678 2988 832 3044 all‘ert
873 2987 955 3042 sui
1002 2984 1316 3054 recipiendi,
1357 2998 1548 3051 nempe
1593 2982 1754 3035 vitam
1785 2994 1968 3043 suam;

404 3081 564 3134 homo
607 3089 783 3134 autem
813 3077 1061 3133 omnibus
1111 3074 1349 3144 abiectus
1377 3080 1432 3126 et
1460 3071 1622 3126 miser
1669 3085 1830 3124 unum
1879 3057 1970 3120 ba-

402 3170 492 3225 bet
534 3178 778 3236 portum,
805 3180 997 3236 nempe
1031 3162 1448 3219 miscricordiam
1475 3161 1590 3230 ejus
1613 3159 1700 3229 qui
1739 3174 1798 3214 se
1837 3159 1973 3214 bene

401 3259 599 3326 excipit
625 3275 640 3310 :
671 3258 846 3326 itaque
873 3255 988 3310 hzec
1015 3252 1316 3309 humanitas
1342 3267 1472 3322 pura
1492 3261 1596 3305 est.
1621 3251 1726 3317 Qui
1753 3251 1901 3302 claro
1918 3258 1973 3301 et.

399 3378 2192 3412 "————————-——-———h———-————

1743 3458 2075 3519 HOMIUA
2115 3455 2282 3516 LXI.
3347 3425 3434 3492 iv;-

398 3614 526 3670 tlsr.
559 3612 647 3668 l0.
673 3627 723 3668 ν.
749 3611 842 3665 2%.
877 3609 1039 3664 Facta
1070 3619 1184 3663 sunt
1209 3616 1372 3661 autent
1394 3605 1618 3660 encamia
1644 3604 1696 3658 in
1721 3601 1980 3672 Jerosoly-

469 3707 564 3758 mis
580 3744 596 3770 ,
624 3715 672 3758 et
693 3704 848 3757 hiems
862 3712 994 3756 erat.
1017 3701 1108 3756 23.
1134 3697 1198 3751 Et
1219 3697 1504 3751 ambulabat
1523 3694 1671 3750 Iesus
1691 3695 1742 3748 in
1764 3693 1971 3763 templo,

473 3795 528 3848 in
557 3793 752 3862 porticu
782 3791 1091 3846 Salomonis.
1125 3787 1216 3842 24.
1245 3785 1690 3842 Circumdederunt
1719 3799 1834 3853 ergo
1865 3797 1974 3834 eum

476 3885 682 3950 Juda'i,
728 3892 773 3938 et
817 3881 1048 3936 dicebant
1077 3880 1166 3934 ei:
1201 3877 1470 3946 Quousque
1498 3875 1719 3928 animam
1754 3881 1976 3927 nostram

476 3976 613 4031 tollis
627 3976 653 4030 .’

472 4153 523 4206 ‘l.
557 4149 786 4205 Christus
807 4143 1242 4201 mansuetudinem
1258 4143 1402 4195 verba
1417 4148 1463 4192 et
1485 4137 1710 4208 exemplo
1734 4134 1974 4204 prwdica.

401 4245 486 4296 rit.
521 4238 692 4294 Malus
714 4236 1014 4292 Judaorum
1039 4232 1258 4286 animus.
1277 4259 1349 4270 —
1368 4226 1552 4283 Omnis
1576 4224 1788 4294 quidem
1809 4225 1977 4277 virtus

405 4334 541 4386 bona
579 4337 695 4395 est,
736 4327 968 4383 maxime
1006 4333 1182 4380 autem
1210 4317 1559 4375 mansuetudo
1587 4325 1641 4371 et
1673 4313 1974 4370 clementia.

406 4421 528 4476 llaec
551 4432 650 4473 nos
675 4416 918 4471 homines
937 4426 1057 4468 esse
1075 4411 1422 4471 demonstrat,
1453 4416 1507 4461 et
1527 4421 1554 4459 a
1583 4405 1706 4459 feris
1733 4404 1933 4458 dirimit
1959 4420 1972 4456 :

406 4512 521 4567 lucc
545 4523 645 4564 nos
664 4507 865 4576 angelis
891 4511 1152 4572 exaequat.
1182 4499 1304 4554 Ideo
1323 4497 1565 4553 Christus
1590 4494 1893 4564 frequenter
1913 4491 1980 4546 de

409 4600 509 4654 hac
537 4598 734 4651 virtute
753 4592 914 4648 verba
939 4591 1094 4655 facit,
1123 4602 1243 4642 cum
1272 4586 1428 4640 mites
1454 4594 1508 4638 et
1535 4592 1835 4637 mansuetos
1860 4594 1980 4635 esse

403 4689 578 4757 jubet.
605 4684 786 4751 Neque
820 4679 983 4736 verba
1014 4685 1213 4731 tantum
1245 4674 1402 4735 facit.
1429 4671 1522 4726 sed
1554 4679 1608 4726 et
1634 4671 1884 4739 Operibus
1911 4668 1978 4757 ad

409 4756 460 4831 id
493 4788 590 4830 nos
614 4770 874 4836 instituit,
897 4765 1056 4821 modo
1079 4765 1258 4835 alapas
1286 4761 1554 4833 perferens
1571 4799 1587 4824 ,
1614 4757 1772 4812 modo
1799 4756 1982 4812 convi-

409 4867 490 4923 cia
519 4873 575 4921 et
603 4859 842 4922 insidias,
875 4873 937 4913 ac
963 4872 1170 4912 rursum
1196 4870 1316 4910 cum
1345 4849 1711 4908 insidiantibus
1737 4863 1978 4903 versans.

415 4958 544 5013 Nam
576 4953 665 5026 qui
696 4950 1081 5008 dzcmoniacum
1118 4945 1266 5001 illum
1295 4953 1350 4999 et
1385 4940 1770 4998 Samaritanum
1798 4939 1980 5008 appelo

409 5056 681 5115 laverant,
712 5045 802 5118 qui
832 5058 974 5114 saepe
997 5039 1245 5097 occidere
1273 5037 1418 5092 illum
1442 5034 1745 5099 voluerant,
1782 5032 1869 5102 qui
1902 5031 1981 5085 la-

411 5143 620 5214 pidibus
650 5136 1016 5207 impetierant,
1049 5131 1101 5185 hi
1131 5126 1529 5184 circumsistunt
1547 5133 1600 5178 et
1623 5123 1978 5191 interrogant,

412 5213 473 5289 Si
498 5245 554 5289 tu
582 5249 633 5288 es
661 5225 928 5286 Christus?
956 5223 1137 5294 Neque
1179 5221 1296 5275 illos
1329 5227 1446 5288 post
1479 5224 1559 5270 tot
1588 5215 1820 5284 talesque
1849 5213 1978 5266 insi-

411 5327 526 5382 dias
560 5322 790 5392 repulit,
833 5316 928 5373 sed
957 5322 1234 5371 mansuete
1267 5307 1550 5364 admodutn
1591 5304 1878 5374 reSpotulit.
1915 5304 1984 5356 At

413 5414 770 5470 necessarium
789 5421 871 5468 est
891 5411 1028 5464 hunc
1043 5419 1344 5464 sermonem
1365 5402 1523 5456 altius
1544 5408 1801 5468 repetere.
1826 5394 1984 5448 Facta

413 5516 528 5560 nant
548 5548 564 5570 ,
593 5505 796 5574 inquit,
828 5500 1049 5556 amunia
1083 5499 1137 5552 in
1168 5492 1528 5563 Jerosolymis,
1570 5499 1614 5545 et
1655 5490 1812 5542 hiems
1855 5495 1981 5574 erat.

413 5600 634 5667 Magnus
663 5573 747 5648 hic
767 5593 883 5646 dies
905 5592 1067 5643 festus
1091 5597 1143 5643 et
1169 5585 1419 5640 solemnis
1440 5589 1572 5634 erat.
1600 5579 1711 5645 Qua
1739 5576 1877 5631 enim
1900 5573 1984 5627 die

1081 263 1136 317 S.
1177 258 1452 318 IOANNIS
1478 255 1944 314 CHilYSOSTUMI
1984 255 2297 313 ARCIIIEP.
2337 258 2864 314 CONSTANTINOP.
3517 262 3618 317 336

2049 372 2336 440 conspicuo
2378 373 2549 427 officia
2585 373 2821 437 exhibet,
2852 385 2992 440 sa‘pe
3039 370 3104 423 ad
3131 375 3538 429 ostentationem
3569 379 3618 431 id

2053 462 2176 515 facit
2211 479 2222 514 :
2256 463 2342 530 qui
2388 478 2514 516 vero
2543 463 2804 531 abiectum
2850 460 3046 530 excipit
3081 459 3494 533 despectutnque
3523 467 3622 517 ho—

2052 553 2270 615 minem,
2303 553 2373 606 ob
2401 553 2572 607 solum
2616 552 2706 606 Dei
2735 561 3055 622 prmecptnm
3108 552 3158 605 id
3209 554 3348 607 facit.
3378 554 3551 622 Quare
3577 560 3620 610 si

2051 641 2354 695 convivium
2398 654 2666 710 paremus,
2695 640 2914 694 claudos
2942 649 2996 694 et
3045 656 3218 695 cat-cos
3268 643 3514 712 excipere
3541 645 3624 713 ju-

2053 731 2279 797 bemur;
2324 731 2367 785 si
2389 732 2779 802 elecmosynam
2807 745 3108 799 erogemus,
3143 731 3376 786 minimis
3403 740 3457 786 et
3482 735 3623 788 vilis-

2053 823 2202 876 simis
2235 821 2446 891 elargiri
2477 821 2850 890 prazcipimur:
2880 835 3000 874 nam
3028 821 3123 888 ait,
3156 822 3410 888 Quantum
3450 823 3540 876 uni
3565 840 3626 877 ex

2055 911 2132 965 his
2152 911 2370 965 minimis
2395 911 2600 981 fecistis,
2625 911 2751 964 mihi
2779 911 2966 979 fecistis
2999 910 3210 981 (Matth.
3237 911 3326 967 25.
3351 914 3466 983 45).
3494 913 3624 968 Cum

2057 1016 2186 1072 ergo
2209 1002 2314 1056 illic
2337 1000 2665 1055 reconditum
2691 1000 2998 1055 thesaurum
3019 1001 3272 1068 sciamus,
3292 1017 3358 1057 eo
3379 1003 3624 1073 frequen-

2059 1101 2140 1146 tcr
2174 1091 2553 1160 ingrediamur,
2586 1099 2642 1145 et
2679 1090 2749 1144 ibi
2796 1091 3146 1158 negotiemur,
3192 1107 3254 1146 ac
3301 1091 3626 1147 theatrorum

2057 1183 2290 1237 studium
2323 1183 2412 1237 illo
2435 1183 2753 1237 vertamus‘.
2776 1181 2830 1236 Si
2855 1182 2982 1236 nihil
3013 1182 3154 1236 aliud
3180 1183 3505 1238 alie-rendam
3531 1185 3626 1237 ha-

2060 1274 2207 1336 beas,
2242 1274 2519 1327 verbormn
2568 1272 2984 1326 consolationem
3039 1272 3251 1328 adhibe.
3301 1274 3414 1328 Non
3471 1275 3630 1329 modo

2058 1364 2198 1417 enim
2222 1363 2473 1426 alentem,
2502 1363 2594 1417 sed
2621 1370 2675 1418 et
2695 1363 2978 1417 intrantem
3005 1363 3144 1418 Deus
3171 1364 3416 1420 mercede
3441 1365 3626 1420 donat.

2060 1454 2191 1508 Nam
2218 1455 2260 1507 si
2288 1454 2574 1522 ingressus,
2604 1462 2916 1508 trementem
2945 1461 3369 1524 metuentemque
3393 1456 3629 1510 animum

2059 1543 2478 1607 contirtnaveris,
2497 1541 2779 1608 hortando,
2794 1530 3050 1611 iuvando,
3064 1557 3216 1612 opem
3241 1545 3429 1612 promit
3441 1545 3628 1606 tendo,

2061 1633 2450 1703 philosOphiam
2477 1632 2739 1695 docendo,
2771 1647 2877 1686 non
2917 1648 3129 1701 parvam
3161 1634 3283 1688 hinc
3329 1637 3628 1691 mercedem

2062 1723 2490 1792 recipies.Extra
2517 1722 2672 1792 positi
2703 1722 2874 1787 multi,
2896 1729 2948 1776 te
2973 1722 3042 1775 ita
3067 1723 3330 1789 Ιοιιυθηιθ,
3354 1724 3626 1789 ridebunt,

2064 1816 2243 1870 multis
2271 1815 2466 1885 perfusi
2503 1813 2743 1879 deliciis;
2772 1814 2865 1869 sed
2893 1814 2981 1883 qui
3015 1815 3064 1868 itt
3091 1814 3386 1870 calamitate
3412 1831 3628 1870 versan-

2070 1919 2176 1972 tur,
2213 1908 2394 1962 animo
2438 1914 2758 1975 compuncto
2797 1920 2918 1960 cum
2968 1905 3225 1960 modestia
3270 1907 3432 1960 multa
3476 1907 3633 1960 dictis

2065 1997 2371 2062 attendent,
2413 2006 2464 2052 te
2502 1996 2812 2062 laudabunt,
2840 2005 2892 2050 et
2920 1996 3169 2050 meliores
3211 1996 3457 2050 evadent.
3503 1996 3636 2049 Nam

2066 2098 2118 2144 et
2137 2089 2356 2142 Paulum
2383 2088 2760 2158 praadicantem
2778 2086 2946 2141 Judazi
2971 2101 3112 2156 εει-βε
3133 2085 3456 2152 deriserunt,
3477 2088 3636 2140 vincti

2067 2185 2242 2231 autem
2266 2192 2388 2232 cum
2413 2191 2626 2231 summo
2654 2177 2868 2232 silentio
2895 2176 3200 2231 audiebant.
3231 2176 3372 2231 Nihil
3394 2177 3534 2231 enim
3567 2179 3636 2230 ita

2069 2268 2302 2321 animum
2353 2266 2420 2321 ad
2472 2265 2862 2336 philosophiam
2914 2275 3204 2336 prmparat,
3237 2275 3297 2320 ut.
3341 2267 3638 2330 calamitas,

2073 2357 2314 2424 tentatio,
2329 2371 2598 2412 mrumnte.
2617 2356 2741 2412 litec
2767 2356 2942 2426 itaque
2960 2357 3277 2425 cogitantes,
3291 2365 3423 2426 quot
3451 2367 3642 2427 nempe

2075 2449 2127 2502 in
2159 2463 2376 2503 carcere
2407 2448 2592 2518 positis
2617 2448 2778 2514 bona,
2799 2455 2928 2516 quot
2950 2446 3104 2502 nobis
3131 2447 3261 2516 ipsis
3280 2446 3638 2509 conferemus,

2071 2539 2114 2592 si
2153 2551 2294 2606 szepe
2321 2551 2441 2591 cum
2466 2537 2570 2590 illis
2592 2551 2886 2600 versemur,
2907 2535 3148 2592 forenses
3171 2535 3289 2591 illas
3305 2547 3361 2592 et
3382 2537 3640 2607 intempe-

2072 2628 2233 2681 stivas
2267 2625 2680 2682 consuetudines
2704 2641 2770 2681 eo
2799 2636 3086 2693 vertamus,
3119 2636 3177 2681 ut
3200 2638 3253 2682 et
3297 2628 3420 2683 illos
3467 2629 3638 2682 lucre-

2073 2734 2211 2781 mur,
2236 2729 2290 2773 et
2322 2719 2475 2774 nobis
2500 2719 2629 2789 ipsis
2655 2718 2891 2773 laetitiam
2919 2720 3206 2788 pariamus,
3224 2735 3289 2776 ac
3311 2721 3402 2775 Dei
3423 2721 3644 2791 gloriam

2073 2820 2342 2872 curantes,
2374 2819 2570 2866 acterna
2595 2823 2985 2878 consequamur
3024 2810 3182 2875 bona,
3208 2811 3377 2880 gratia
3407 2820 3464 2866 et
3491 2811 3642 2866 beni-

2075 2901 2275 2969 gnitate
2303 2899 2507 2954 Domini
2539 2899 2703 2954 nostri
2731 2897 2860 2953 Jesu
2890 2896 3106 2959 Christi.
3138 2914 3231 2968 per
3257 2915 3412 2969 quem
3443 2909 3496 2954 et
3523 2915 3643 2953 eum

2077 3004 2182 3058 quo
2217 2991 2358 3045 Patri
2386 2990 2552 3060 gloria
2577 2989 2842 3060 simulque
2877 2988 3094 3057 Spiritui
3139 2999 3340 3054 sancto,
3373 2991 3422 3042 in
3449 2990 3643 3044 stneula

2083 3078 2420 3134 seculorum.
2450 3080 2642 3132 Amen.

2143 3259 2158 3287 ⁸
2196 3254 2340 3305 uorel
2362 3254 2507 3318 legit,
2525 3254 2822 3318 sepeliamus,
2848 3269 2954 3318 pro,
2977 3262 3235 3306 aerumnas.

3491 3374 3633 3388 ’ἢ

3363 3411 3404 3420 4—.

2078 3599 2330 3666 templum
2357 3605 2717 3650 constructum
2745 3597 2945 3660 fuerat,
2975 3611 3041 3650 ex
3074 3595 3226 3666 longa
3255 3607 3308 3651 et
3329 3596 3536 3652 Persica
3567 3600 3648 3666 (ω)

2079 3689 2276 3746 reversi
2305 3689 2627 3758 captivitate,
2657 3687 2794 3743 hanc
2821 3689 3178 3743 celebritatem
3199 3688 3506 3744 solemniter
3520 3703 3646 3758 age-

2080 3781 2224 3834 bant.
2273 3779 2383 3834 Diei
2426 3779 2561 3834 festo
2600 3778 2785 3832 aderat
2825 3778 3089 3832 Christus.
3140 3777 3374 3834 Instante
3421 3793 3648 3848 namque

2079 3879 2281 3936 morte,
2323 3869 2626 3940 frequenter
2661 3869 2710 3923 in
2740 3867 2975 3924 Jndteam
3001 3867 3266 3923 veniebat.
3301 3868 3648 3924 Circumdede-

2079 3971 2198 4014 runt
2233 3977 2350 4031 ergo
2379 3976 2490 4012 eum
2522 3959 2693 4014 Judazi
2732 3969 2777 4013 et
2821 3959 3049 4012 dicebant
3079 3975 3098 4013 :
3130 3959 3398 4030 Quousque
3427 3959 3649 4012 animam

2079 4063 2300 4106 uestram
2323 4051 2494 4106 tollis?
2522 4051 2583 4106 Si
2611 4061 2664 4102 tu
2689 4066 2741 4104 es
2761 4049 2988 4105 Christus
3005 4092 3021 4115 ,
3049 4051 3130 4104 dic
3158 4051 3298 4105 nobis
3320 4051 3510 4120 palam.
3532 4049 3650 4104 Non

2079 4145 2246 4208 dixit,
2285 4143 2420 4210 Quid
2456 4157 2488 4197 a
2535 4157 2619 4196 me
2658 4143 2932 4209 qumritis?
2969 4141 3347 4196 daemoniacum
3375 4155 3519 4211 sepe
3552 4155 3645 4194 vo-

2080 4235 2262 4301 castis,
2295 4234 2572 4300 furiosum,
2605 4233 3031 4288 Samaritanum:
3063 4233 3170 4288 Deo
3194 4232 3554 4286 adversarium
3595 4241 3652 4285 et

2080 4323 2418 4393 deceptorem
2473 4337 2556 4378 tne
2597 4323 2813 4391 putastis
2860 4338 3020 4377 esse:
3061 4331 3114 4376 et
3148 4335 3315 4390 nuper
3355 4321 3644 4383 dicebatis,

2085 4414 2162 4469 Tu
2197 4414 2530 4468 testimonium
2559 4413 2786 4484 perhibes
2818 4413 2880 4466 de
2905 4413 3096 4481 teipse;
3126 4411 3466 4465 testimonium
3507 4420 3650 4462 tuum

2082 4519 2182 4556 non
2213 4512 2285 4557 est
2314 4519 2482 4557 verum
2517 4503 2692 4572 (Joau.
2719 4502 2771 4556 8.
2801 4501 2890 4571 15)
2916 4517 2929 4554 :
2962 4515 3058 4554 cur
3083 4514 3210 4569 ergo
3236 4498 3572 4567 interrogatis
3597 4506 3650 4550 et

2082 4591 2147 4646 de
2175 4608 2259 4646 me
2281 4592 2464 4647 audire
2496 4592 2652 4646 vultis
2671 4633 2684 4651 .
2716 4591 2866 4660 cuius
2888 4590 3247 4645 testimonium
3275 4588 3529 4658 rejicitis?
3558 4587 3650 4641 Ni-

2085 4681 2158 4736 hil
2189 4681 2378 4736 borum
2413 4682 2576 4746 dixit,
2618 4681 2718 4736 etsi
2763 4687 2942 4735 nosset
2977 4681 3170 4734 malum
3213 4680 3649 4749 interrogantium

2083 4773 2336 4826 animum.
2359 4772 2488 4827 Nam
2511 4771 2650 4842 quod
2674 4786 2794 4828 eum
2819 4771 3265 4827 circumdederint
3282 4811 3298 4836 ,
3319 4786 3382 4828 ac
3402 4771 3650 4839 dixerint,

2089 4864 2359 4934 Quousque
2373 4865 2592 4917 animam
2609 4873 2832 4917 nostram
2852 4864 3023 4918 tollis?
3040 4863 3090 4918 id
3107 4863 3382 4919 videbatur
3395 4879 3458 4919 ex
3474 4878 3655 4918 amore

2086 4953 2315 5023 quodam
2343 4963 2397 5008 et
2423 4953 2659 5010 discendi
2689 4953 2866 5008 studio
2893 4953 3181 5023 proﬁcisci.
3205 4953 3352 5010 Mens
3380 4963 3555 5009 autem
3578 4953 3658 5006 in-

2089 5044 2469 5114 terrogantium
2511 5053 2757 5114 corrupta
2796 5053 2850 5098 et
2886 5043 3106 5099 subdola
3151 5053 3290 5100 erat.
3333 5043 3468 5112 Quia
3515 5044 3656 5099 enim

2087 5149 2247 5204 opera
2271 5133 2551 5190 calumniis
2573 5149 2676 5188 non
2704 5134 2856 5188 obvia
2885 5143 3039 5189 erant
3056 5175 3072 5200 ,
3100 5134 3276 5190 verbis
3298 5149 3490 5204 capere
3517 5148 3659 5203 qua:-

2089 5229 2273 5282 rebant
2290 5268 2306 5294 ,
2336 5227 2491 5282 aliter
2517 5241 2672 5296 quam
2699 5228 2848 5297 prius
2873 5227 3259 5296 interrogantes
3277 5268 3292 5292 ,
3324 5241 3386 5282 ac
3413 5226 3661 5294 frequen-

2091 5329 2171 5372 ter
2199 5318 2563 5381 sciscitantes,
2595 5331 2658 5371 ex
2691 5316 2820 5386 ipsis
2848 5315 3027 5371 verbls
3059 5332 3182 5373 eum
3208 5317 3484 5373 confutare
3511 5312 3658 5367 vole-

2091 5407 2249 5474 bant;
2277 5415 2330 5462 ct
2362 5422 2480 5462 cum
2512 5421 2670 5477 Opera
2702 5420 2924 5476 carpere
2960 5421 3066 5462 non
3105 5417 3357 5477 possent,
3388 5419 3454 5460 ex
3482 5401 3660 5458 verbis

2090 5519 2408 5629 Αςὲῗὶὶξῐῗρθ
2445 5519 2818 5582 Cbrysostomus
2857 5517 3102 5569 Persidem
3128 5527 3266 5570 vocat
3287 5513 3583 5578 Babyloniam
3600 5512 3654 5559 ot
