4072 6152
385 231 496 288 537

374 346 590 415 ἐλέγετε
612 383 628 411 ,
661 338 745 401 Σὺ
775 346 1089 415 μαρτυρεῖς
1110 348 1245 414 περὶ
1271 349 1532 402 σεαυτοῦ
1560 364 1575 378 ο
1600 350 1639 417 ἡ
1665 353 1961 421 μαρτυρία

372 443 492 484 σου
510 430 622 483 οὐκ
649 429 821 482 ἔστιν
841 427 1104 496 ἀεληθής⁸
1135 428 1253 492 πῶς
1281 425 1374 483 οὖν
1399 430 1682 497 ἐξετάζετε
1705 435 1800 488 zeal
1828 435 1959 506 παρ’

372 511 509 583 ἐμοῦ
546 510 799 582 βούλεσθε
833 511 1046 583 μαθεῖν,
1074 506 1137 566 οὗ
1168 511 1267 583 τὴν
1294 514 1602 584 μαρτυρίαν
1636 516 1957 584 ἐκϐάλλετες

385 595 525 649 Ἀλλ’
551 594 706 648 οὐδὲν
724 594 931 649 τούτων
960 590 1105 657 εῐπε,
1131 596 1310 649 καίτοι
1335 612 1399 665 γε
1424 596 1581 660 είδὼς
1605 599 1705 669 τὴν
1732 598 1961 670 γνώμην

375 677 492 748 μεθ’
534 672 603 748 ἧς
641 678 905 749 ἐξήταζον
950 678 1199 751 πονηρὰν
1241 677 1428 732 οὖσαν.
1469 679 1543 732 Τὸ
1591 680 1690 750 μέν
1722 681 1830 753 γὰρ
1863 698 1961 734 κυ-

370 760 576 815 κλῶσαι
625 762 790 816 αὐτὸν
842 762 939 816 zeal
977 763 1176 830 εἰπεῖν,
1212 761 1360 830 Ἕως
1407 766 1551 818 πότε
1602 765 1717 832 τὴν
1746 765 1962 835 ψυχὴν

369 842 545 914 ἡμῶν
576 844 799 914 αῖρεις;
829 845 1004 900 ἐδόκει
1043 846 1211 900 πόθου
1253 847 1400 909 τινὸς
1434 843 1573 901 εἶναι
1603 848 1695 901 zeal
1724 848 1958 920 φιλομα-

371 928 521 992 θείας
548 944 562 957 ο
598 930 632 998 ἡ
676 929 733 981 δέ
759 928 992 995 διάνοια,
1043 928 1163 1001 μεθ’
1190 924 1260 1001 ἧς
1292 929 1546 1001 ήρώτων,
1587 930 1958 1003 διεφθαρμένη

370 1029 455 1074 τις
492 1007 562 1082 ἦν
609 1012 706 1065 zeal
740 1011 998 1075 ὕπουλος.
1049 1012 1205 1067 Ἐπεὶ
1239 1025 1265 1053 ι
1299 1012 1408 1085 7&9
1452 1013 1523 1066 :&
1570 1014 1667 1085 μὲν
1697 1014 1833 1086 ἔργα
1859 1016 1960 1068 οὐκ

370 1097 690 1164 ἀνεδέξαντο
731 1095 1096 1166 συκοφαντίαν
1148 1113 1207 1151 τε
1258 1098 1353 1150 καὶ
1406 1099 1704 1169 ἐπήρειαν,
1754 1101 1869 1163 τοῖς
1902 1099 1959 1152 δὲ

370 1180 550 1249 λόγοις
591 1180 954 1251 ἐπισκήπτειν
982 1175 1128 1250 εἶχον
1148 1219 1164 1242 ,
1194 1179 1397 1251 ἑτέρως
1440 1179 1789 1245 ἐξετάζοντες
1813 1181 1846 1251 ἤ
1883 1181 1958 1245 ὡς

369 1262 610 1335 εἴρηται,
640 1262 729 1316 ἀεὶ
765 1261 988 1326 πεύσεις
1037 1261 1187 1333 [562]
1242 1264 1538 1334 προσῆγον,
1587 1264 1959 1334 ἐπιστομίζειν

370 1347 536 1403 αύτδν
560 1346 669 1401 ἀπὸ
690 1345 800 1400 τῶν
818 1345 995 1413 λόγων
1018 1345 1358 1417 βουλόμενοι,
1393 1347 1488 1401 καὶ
1516 1348 1626 1412 τοῖς
1651 1347 1837 1419 ἔργοις
1864 1348 1958 1401 οὐ-

366 1432 456 1486 δὲν
487 1430 737 1500 ἐγκαλεῖν
765 1428 1088 1500 δυνάμενοι,
1123 1428 1295 1499 λαϐήν
1323 1446 1445 1483 τινα
1490 1429 1601 1483 ἀπὸ
1630 1431 1741 1484 τῶν
1779 1432 1959 1503 ῥημά-

367 1532 475 1568 των
499 1512 802 1585 ἐπεθύμουν
827 1514 1029 1585 εὑρεῖν.
1054 1510 1157 1566 Διὰ
1181 1511 1341 1567 τοῦτο
1364 1512 1576 1581 ἔλεγον,
1599 1511 1747 1567 Εἰπὲ
1773 1515 1920 1584 ἡμῖν
1937 1530 1958 1547 ο

367 1598 546 1652 καίτοι
577 1596 839 1660 πολλάκις
867 1592 1011 1651 εἷπε.
1044 1596 1157 1650 Kal
1199 1595 1309 1667 7&9
1342 1597 1409 1666 τῇ
1440 1596 1793 1668 Σαμαρείτιδι
1839 1598 1956 1652 ἔλε-

368 1700 466 1752 γεν
488 1699 503 1714 ο
549 1683 699 1753 Ἐγώ
727 1685 847 1751 ειμι
886 1684 918 1735 ό
956 1679 1166 1734 λαλῶν
1196 1696 1295 1734 σοι
1316 1696 1330 1710 ·
1357 1680 1450 1733 zeal
1478 1679 1556 1752 τῷ
1586 1679 1807 1751 τυφλῷ,
1842 1681 1954 1735 Καὶ

366 1768 632 1837 ἑώρακας
670 1766 880 1831 αὐτὸν,
934 1763 1036 1818 καί
1074 1766 1109 1818 ὁ
1134 1761 1344 1819 ,λαλῶν
1376 1764 1528 1833 μετὰ
1555 1764 1692 1831 σοῦ,
1726 1763 1955 1832 ἐκεῖνός

367 1853 559 1907 ἐστιν.
595 1850 890 1913 Κάκείνοις
922 1849 979 1903 δέ
1026 1843 1203 1912 εἶπεν,
1251 1850 1300 1902 εί
1335 1848 1429 1902 zeal
1466 1849 1541 1920 μὴ
1573 1848 1769 1912 οὔτως,
1819 1848 1957 1904 ἀλλὰ

366 1936 432 1989 δι’
476 1934 679 2005 ἐτέρων
725 1932 1005 2005 ῥημάτων.
1056 1932 1250 1985 Καίτοι
1288 1948 1354 2000 γε
1391 1933 1440 1984 εί
1471 1930 1597 1986 νοῦν
1644 1926 1811 2002 εἶχον,
1860 1934 1955 1987 zeal

374 2017 541 2093 ὀρθῶς
580 2014 856 2081 ἐξετάζειν
886 2014 1199 2086 ἠϐούλοντο,
1243 2014 1332 2068 διὰ
1357 2013 1533 2084 λόγων
1570 2014 1733 2068 αὑτὸν
1760 2015 1953 2086 ὁμολο-

364 2092 530 2171 γῆσαι
560 2098 746 2153 λοιπὸν
786 2098 1012 2153 ἐκείνων
1050 2092 1118 2168 ἦν
1143 2110 1158 2127 ⁸
1200 2096 1287 2150 διά
1323 2095 1433 2169 7&9
1460 2096 1569 2151 τῶν
1593 2096 1770 2168 ἔργων
1791 2097 1952 2163 αὐτὸς

364 2183 681 2251 ἐπεδείξατο
712 2181 875 2236 τοῦτο
929 2180 1211 2245 πολλάκις.
1265 2180 1404 2234 Νυνὶ
1447 2180 1505 2235 δέ
1552 2182 1745 2235 σκόπει
1776 2182 1836 2236 :6
1876 2182 1953 2236 6:-

364 2265 741 2341 εστραμμένον
776 2266 955 2319 αὐτῶν
996 2266 1092 2319 καὶ
1139 2264 1463 2335 φιλόνεικον.
1495 2265 1661 2319 Ὅταν
1695 2264 1794 2336 μὲν
1844 2266 1950 2338 7&9

362 2351 653 2422 δημηγορῇ
687 2348 780 2403 zeal
821 2347 909 2401 διὰ
941 2346 1116 2417 λόγων
1150 2346 1378 2419 παιδεύῃ
1400 2384 1416 2411 ,
1456 2347 1672 2417 λέγουσι.
1695 2365 1710 2380 ο
1748 2349 1810 2402 Τί
1837 2364 1946 2418 ση-

358 2434 531 2505 μεῖον
550 2433 851 2498 δεικνύεις
874 2446 894 2495 ;
918 2431 1087 2485 Ὅταν
1110 2430 1166 2484 δέ
1195 2430 1282 2483 διὰ
1310 2429 1421 2483 τῶν
1442 2430 1620 2501 ἔργων
1642 2430 1949 2503 παρέχηται

362 2519 461 2581 τὰς
488 2515 812 2580 ἀποδείξεις,
844 2513 1095 2583 λέγουσιν
1133 2511 1304 2582 αύτῷ,
1330 2513 1397 2565 El
1429 2512 1512 2565 σὺ
1536 2508 1597 2567 εἴ
1619 2515 1653 2566 ὁ
1672 2513 1945 2581 Χριστός,

360 2600 492 2655 εἰπὲ
521 2599 668 2671 ἡμῖν
693 2598 999 2668 παρρησίᾳ
1019 2638 1035 2664 ,
1064 2596 1173 2651 τῶν
1216 2595 1392 2667 ἔργων
1421 2590 1690 2667 βοώντων,
1727 2598 1947 2668 ῥήματα

362 2682 687 2754 ζητοῦντες·
734 2682 830 2735 zeal
860 2679 969 2733 τῶν
1001 2680 1263 2752 ῥημάτων
1303 2677 1699 2743 διδασκόντων,
1745 2680 1837 2733 ἐπὶ
1879 2678 1947 2732 τά

362 2766 499 2838 ἔργα
528 2762 955 2834 καταφεύγουσι,
981 2762 1119 2834 πρὸς
1137 2761 1198 2814 τὸ
1217 2759 1459 2814 ἐναντίον
1476 2760 1563 2813 ἀεὶ
1589 2760 1618 2801 ιτ
1646 2761 1942 2832 ἱστάμενοι.

364 2848 490 2901 Ὅτι
540 2847 648 2919 7&9
686 2846 747 2899 ού
780 2845 888 2899 τοῦ
939 2844 1131 2916 μαθεῖν
1184 2844 1373 2897 ἕνεκεν
1412 2842 1662 2913 ἐζήτουν,
1698 2843 1759 2896 τὸ
1791 2842 1945 2908 τέλος

359 2930 581 2996 εδειξεν.
621 2931 717 2982 Ὃν
762 2927 871 3000 γὰρ
918 2926 1092 2989 οὕτως
1133 2924 1445 2990 ἀξιόπιστον
1487 2921 1625 2977 εἶναι
1670 2925 1944 2996 ἐνόμιζον,

359 3016 436 3080 ὡς
476 3015 571 3068 zeal
603 3012 732 3085 περὶ
778 3011 973 3066 ἐαυτοῦ
1023 3008 1407 3081 μαρτυροῦντα
1442 3009 1731 3077 δέξασθαι,
1771 3011 1945 3082 μικρά

358 3116 482 3152 τινα
505 3097 895 3167 φθεγξάμενον,
927 3092 1129 3156 εὐθέως
1154 3091 1427 3159 ἐλίθασαν,
1450 3091 1591 3145 ὥστε
1621 3093 1717 3147 zeal
1755 3093 1816 3146 :6
1847 3112 1943 3147 zeu-

357 3179 569 3234 κλῶσαι
620 3180 714 3232 zeal
756 3178 817 3230 :6
857 3175 1162 3230 ἐπικεῖσθαι
1210 3174 1349 3245 μετά
1399 3175 1666 3247 πονηρίας
1713 3177 1939 3245 ἐγίνετο.

360 3265 521 3317 Καὶό
546 3262 744 3335 τρόπος
773 3261 830 3314 δὲ
860 3260 959 3330 τῆς
1000 3259 1323 3331 ἐρωτήσεως
1358 3258 1560 3328 πολλῆς
1606 3257 1805 3330 ἔγεμεν
1844 3262 1944 3315 άπ-

360 3346 598 3418 εχθείας.
627 3343 773 3401 Εἰπὲ
802 3342 908 3416 7&9
938 3341 1118 3411 ἠμῖνε
1150 3341 1475 3411 παρρησίᾳ,
1500 3344 1553 3395 εί
1566 3341 1649 3395 σὺ
1669 3338 1728 3396 εἷ
1750 3347 1783 3396 ό
1806 3346 1943 3412 xm-

359 3431 529 3496 στός.
563 3428 756 3483 Καίτοι
796 3442 860 3496 γε
896 3424 1036 3498 μετά
1076 3423 1391 3497 παρρησίας
1430 3423 1647 3478 ἅπαντα
1673 3424 1857 3493 ἔλεγεν
1885 3429 1943 3480 ἐν

357 3514 478 3577 ταῖς
507 3512 722 3582 ἑορταῖς
750 3506 1131 3580 ἐπιχωριάζων
1153 3508 1240 3561 ἀεὶ
1259 3545 1275 3572 ,
1301 3507 1397 3561 zeal
1423 3506 1577 3559 ούδέν
1598 3506 1786 3579 κρύφα
1816 3508 1940 3562 ἐλά-

357 3596 438 3650 λει
458 3610 471 3624 ⁸
498 3595 636 3649 ἀλλά
654 3593 741 3647 διὰ
770 3593 927 3647 τοῦτο
953 3589 1242 3655 κολακείας
1269 3589 1664 3662 προϐάλλονται
1696 3593 1938 3663 ῥήματα,

357 3678 628 3747 λέγοντες,
660 3676 816 3741 Ἕως
850 3676 994 3728 πότε
1018 3673 1135 3742 τὴν
1159 3671 1376 3742 ψυχὴν
1406 3671 1579 3742 ἡμῶν
1601 3673 1824 3743 αῖρεις;
1854 3675 1941 3729 ἵνα

359 3760 523 3815 αὐτὸν
566 3757 1037 3828 ἐκκαλεσάμενοι,
1084 3756 1248 3811 πάλιν
1296 3755 1420 3809 τινὰ
1475 3756 1647 3827 λαϐήν
1680 3757 1935 3830 εὕρωσιν.

358 3846 483 3903 Ὅτι
517 3847 627 3919 γὰρ
657 3842 934 3916 πανταχοῦ
960 3843 1048 3898 διὰ
1085 3843 1244 3897 τοῦτο
1265 3843 1516 3915 ἠρώτων,
1560 3845 1660 3914 οὐχ
1694 3845 1782 3899 ἵνα
1837 3848 1941 3917 μά-

356 3934 545 3997 θωσιν,
590 3931 705 3987 ἀλλ’
747 3928 837 3983 ἵνα
877 3931 992 3993 τοῖς
1021 3927 1341 3999 λεγομένοις
1387 3928 1791 3998 ἐπισκήψωσιν,
1839 3930 1939 3983 οὐκ

354 4018 604 4075 ἐντεῦθεν
635 4017 818 4091 μόνον,
841 4014 977 4070 άλλά
996 4014 1091 4085 zeal
1114 4014 1411 4087 ἀλλαχόθεν
1434 4013 1761 4086 πολλαχόθεν
1781 4015 1939 4088 δῆλον

355 4105 492 4158 ἐστι.
524 4104 636 4157 Kal
667 4102 775 4174 7&9
801 4101 891 4155 ὅτε
921 4098 1228 4173 προσῆλθον
1257 4096 1593 4171 ἐρωτῶντες,
1619 4101 1666 4153 εί
1702 4100 1938 4165 Ἔξεστι

353 4187 568 4243 δοῦναι
605 4184 842 4258 κῆνσον
881 4185 1155 4252 Καίσαρι,
1192 4181 1232 4253 ἡ
1260 4182 1333 4236 οὔ
1355 4197 1370 4215 ·
1398 4183 1493 4237 zeal
1529 4181 1619 4236 ὅτε
1675 4185 1803 4256 περὶ
1833 4186 1937 4255 ἀφ-

354 4273 524 4334 έσεως
573 4267 833 4339 γυναικὸς
877 4266 1183 4336 διελέγοντο
1207 4284 1222 4299 ο
1279 4267 1375 4321 zeal
1420 4267 1510 4321 ὅτε
1543 4268 1674 4339 περὶ
1722 4270 1936 4340 ἐκείνης

355 4352 752 4416 ἐπυνθάνοντο,
787 4352 854 4420 ἢν
904 4349 1114 4420 ἔφασαν
1162 4348 1305 4403 ἐπτά
1347 4348 1549 4421 ἄνδρας
1596 4352 1889 4422 ἐσχηκέναι
1915 4394 1932 4421 ,

355 4438 619 4499 ἑάλωσαν,
670 4436 773 4487 οὐκ
817 4431 927 4485 ἀπὸ
966 4430 1328 4501 φιλομαθείας
1351 4472 1369 4499 ,
1408 4432 1526 4486 ἀλλ’
1555 4433 1663 4486 ἀπὸ
1707 4434 1935 4507 γνώμης

356 4520 553 4582 mea;
598 4515 820 4579 πεύσεις
869 4513 1021 4583 αὐτῷ
1063 4514 1457 4584 προσάγοντες.
1504 4509 1645 4569 Ἀλλ’
1684 4518 1803 4571 ἐκεῖ
1834 4521 1933 4589 μὲν

354 4601 551 4663 αὐτοὺς
583 4598 796 4667 ἐλέγχει
816 4594 1020 4662 λέγων’
1048 4593 1115 4649 Τί
1133 4612 1211 4665 με
1230 4595 1546 4663 πειράζετε,
1574 4600 1891 4667 ὑποκριταί
1911 4618 1931 4667 ;

352 4682 568 4745 δεικνὺς
605 4681 689 4733 6::
732 4674 875 4732 οἶδεν
917 4676 1097 4732 αὐτῶν
1128 4677 1197 4732 τὰ
1233 4678 1555 4750 ἀπόρρηταο
1587 4680 1823 4738 ἐνταῦθα
1872 4684 1932 4737 δέ

351 4764 504 4819 οὐδὲν
528 4762 769 4818 τοιοῦτον
788 4760 1106 4831 φθέγγεται,
1135 4761 1405 4816 παιδεύων
1429 4763 1579 4833 ἡμᾶς
1608 4763 1682 4833 μή
1701 4765 1931 4822 πάντοτε

351 4848 598 4918 ἐλέγχειν
644 4846 772 4909 τοὺς
818 4842 1306 4909 ἐπιϐουλεύοντας,
1355 4844 1470 4898 ἀλλ’
1514 4847 1790 4918 ἐπιεικείᾳ
1833 4849 1930 4901 zeal

350 4932 619 5004 πραότητι
654 4926 828 4983 πολλά
875 4925 1085 4999 φέρειν.
1129 4927 1288 4982 Ἐπεὶ
1328 4923 1424 4981 οὖν
1465 4927 1655 4992 ἀνοίας
1696 4925 1785 5001 ἧν,
1818 4931 1928 4985 τῶν

348 5015 526 5087 ἔργων
564 5010 728 5066 αὐτὸν
776 5008 1283 5080 ἀνακηρυττόντων,
1331 5008 1431 5081 τὴν
1463 5009 1572 5064 ἀπὸ
1611 5008 1720 5064 τῶν
1753 5011 1927 5081 λόγων

347 5100 529 5173 ζητεῖν
554 5098 885 5172 μαρτυρίαν,
916 5095 1146 5152 ἄκουσον
1176 5096 1292 5161 πῶς
1321 5098 1507 5161 αὐτοῖς
1535 5099 1923 5177 ἀποκρίνεταιο

344 5185 479 5256 ὁμοῦ
521 5185 622 5255 μὲν
664 5182 861 5246 αὐτοὺς
907 5181 1276 5254 αἰνιττόμενος
1306 5183 1389 5235 6::
1438 5183 1718 5253 περισσῶς
1752 5185 1926 5241 ταῦτα

344 5268 596 5338 ἐζήτουν,
627 5268 724 5322 καὶ
756 5267 855 5338 οὐχ
896 5265 1036 5339 ὑπὲρ
1066 5262 1161 5320 τοῦ
1197 5264 1388 5336 μαθεῖν
1412 5281 1429 5298 θ
1461 5264 1597 5335 ὁμοῦ
1635 5265 1693 5319 δὲ
1725 5267 1924 5339 δηλῶν,

343 5352 425 5404 6::
456 5350 550 5404 zeal
568 5348 665 5421 τῆς
688 5350 777 5405 διά
798 5350 908 5405 τῶν
935 5350 1197 5423 ῥημάτων
1225 5348 1569 5422 σαφεστέραν
1599 5350 1781 5422 ἀφῆκε
1809 5370 1925 5422 φω-

344 5433 463 5501 νὴν,
505 5433 605 5503 τὴν
632 5432 721 5488 διά
754 5435 865 5489 τῶν
899 5434 1096 5505 ἔργων.
1137 5433 1439 5500 Πολλάκις
1461 5433 1591 5505 γάρ,
1624 5436 1810 5506 φησὶν,
1845 5432 1927 5490 εἴ·

342 5530 463 5570 πον
495 5514 671 5581 ὑμῖν,
704 5518 804 5569 καί
837 5519 909 5571 ού
936 5516 1249 5571 πιστεύετέ
1278 5535 1411 5587 μοι·
1449 5517 1522 5571 τὰ
1559 5517 1704 5586 ἔργα
1736 5517 1777 5572 ά
1810 5519 1926 5588 ἐγὼ

342 5596 493 5653 ποιῶ
519 5595 589 5650 ἐν
626 5594 705 5661 τῷ
729 5598 971 5667 ὀνόματι
999 5600 1106 5653 τοῦ
1150 5601 1376 5668 Πατρός
1398 5617 1540 5669 μου,
1570 5598 1772 5654 ἐκεῖνὰ
1792 5601 1923 5656 ἐστι

341 5685 416 5740 τὰ
443 5682 863 5755 μαρτυροῦντα
886 5685 1015 5753 περί
1041 5685 1209 5753 ἐμοῦ.
1237 5687 1413 5758 Ὅπερ
1440 5687 1534 5739 :eal
1567 5688 1617 5740 οί
1640 5689 1925 5743 ἀνεκτότε-

342 5784 427 5842 ροι
485 5767 665 5823 αὐτῶν
701 5767 940 5838 συνεχῶς
978 5767 1114 5838 πρὸς
1142 5766 1399 5839 ἀλλήλους
1437 5768 1654 5839 ἐλεγον·
1694 5773 1777 5825 Οὐ
1812 5772 1922 5842 γὰρ

1098 231 1154 287 3.
1193 228 1479 288 JOANNIS
1515 228 1995 291 CHRYSOSTOMI
2036 235 2355 298 ARCIIIEP.
2397 240 2946 304 CONSTANTINUP.

3557 252 3669 311 538

2067 355 2317 415 δύναται
2366 362 2679 433 ἄνθρωπος
2726 364 3075 433 ἁμαρτωλὸς
3135 365 3381 421 τοιαῦτα
3442 372 3664 439 σημεῖα

2069 441 2263 496 ποιεῖν
2284 458 2298 473 ⁶
2325 445 2419 498 καὶ
2451 448 2633 511 πάλιν,
2678 449 2761 501 Οὐ
2794 448 3043 503 δύναται
3081 447 3395 519 δαιμόνιον
3435 452 3663 521 ὀφθαλ-

2062 523 2219 591 μοὺς
2239 528 2486 596 τυφλῶν
2521 530 2822 599 ἀνοίγεινο
2862 530 2979 593 zeal,
3014 531 3219 597 Οὐδείς
3266 531 3518 590 δύναται
3552 552 3665 603 ση-

2062 605 2203 675 μεῖα
2232 610 2476 665 τοιαῦτα
2498 612 2716 676 ποιεῖν,
2743 611 2852 666 ἐὰν
2865 612 2952 682 μὴ
2980 607 3019 683 ᾖ
3040 615 3183 681 μετ’
3208 616 3398 671 αὐτοῦ
3431 620 3465 671 ό
3494 619 3659 685 Θεός.

2068 689 2180 742 Kal
2209 688 2541 771 θεωροῦντες
2575 695 2643 749 τά
2672 698 2878 765 σημεῖα
2919 695 2955 749 ἀ
2987 695 3140 769 [5‘55]
3174 699 3356 752 ἐποίει
3379 738 3395 763 ,
3432 700 3619 771 ἔλεγον
3643 719 3664 734 ·

2067 771 2164 841 Μή
2198 789 2254 826 τι
2292 770 2473 842 οὗτός
2515 776 2688 831 ἐστιν
2728 780 2762 832 ό
2807 780 3098 845 Χριστός;
3145 780 3331 834 Ἄλλοι
3360 782 3416 836 δὲ
3452 782 3661 851 ἔλεγον,

2069 853 2258 934 ’Ὅταν
2274 856 2424 927 ἔλθῃ
2441 861 2474 913 ὁ
2498 860 2775 929 Χριστὸς,
2795 861 2883 930 μὴ
2905 862 3159 916 πλείονα
3176 866 3395 933 σημεῖα
3417 867 3665 934 ποιήσει

2065 932 2154 993 ὧν
2194 940 2489 1010 ἐποίησεν
2526 937 2887 1012 οὖτοςξΚαδ.
2922 946 3076 999 αὐτοὶ
3120 947 3177 1001 δέ
3220 932 3366 1003 οὗτοι
3409 932 3665 1005 ἐντεῦθεν

2067 1022 2359 1080 ἐϐούλοντο
2404 1026 2696 1083 πιστεῦσαι
2743 1029 2892 1101 αὐτῷ
2945 1029 3229 1099 λέγοντες·
3283 1033 3346 1086 Τί
3403 1033 3664 1103 σημεῖον

2067 1106 2367 1177 δεικνύεις
2391 1108 2558 1180 ἡμῖν,
2583 1112 2685 1167 ἵνα
2708 1111 2927 1183 ἴδωμεν
2945 1122 3044 1168 καί
3076 1117 3503 1185 πιστεύσωμεν
3522 1135 3620 1173 σοι
3638 1137 3664 1185 ;

2140 1189 2207 1262 β’.
2243 1192 2402 1248 Ἐπεὶ
2424 1189 2519 1249 οὖν
2542 1195 2972 1267 προσεποιοῦντο
3000 1197 3122 1251 τότε
3152 1198 3262 1252 ἀπὸ
3287 1197 3446 1269 ψιλοῦ
3473 1190 3658 1253 πείθε-

2069 1274 2193 1330 σθαι
2209 1277 2477 1349 ῥήματος,
2489 1280 2536 1333 οί
2561 1280 2837 1344 τοσούτοις
2855 1278 2929 1353 μὴ
2946 1278 3260 1346 πεισθέντες
3271 1281 3473 1354 ἔργοις,
3501 1283 3654 1352 ἐλέγ-

2067 1375 2150 1430 χει
2174 1359 2273 1431 τὴν
2300 1361 2567 1434 πονηρίαν
2587 1362 2767 1418 αὐτῶν
2787 1364 2982 1433 λέγων,
3000 1364 3082 1417 6::
3114 1366 3185 1418 El
3212 1364 3337 1433 τοῖς
3364 1365 3560 1436 ἔργοις
3581 1368 3661 1421 οὐ

2067 1444 2415 1511 πιστεύετε,
2446 1445 2574 1513 πῶς
2607 1449 2734 1511 τοῖς
2768 1446 3001 1516 ῥήμασι
3054 1449 3453 1513 πιστεύσετε;
3489 1450 3653 1504 Ὥστε

2068 1528 2294 1600 περιττὴ
2330 1530 2363 1601 ή
2389 1528 2678 1602 ἐρώτησις.
2733 1532 2911 1586 Ἀλλ’
2940 1527 3116 1586 εἷπον
3140 1533 3305 1603 ὑμῖν,
3342 1534 3477 1605 φησὶ
3502 1574 3516 1596 ,
3548 1535 3653 1588 καί

2065 1614 2137 1666 οὐ
2180 1614 2493 1669 πιστεύετέ
2515 1632 2637 1683 μοι,
2670 1612 2757 1669 ὅτι
2786 1617 2899 1671 οὐκ
2923 1615 3067 1670 ἐστὲ
3094 1616 3162 1671 ἐκ
3184 1614 3304 1671 τῶν
3338 1617 3657 1685 προϐάτων

2063 1693 2184 1748 τῶν
2219 1696 2397 1766 ἐμῶν.
2442 1695 2584 1765 Ἐγώ
2620 1698 2721 1767 μὲν
2762 1696 2871 1769 γάρ
2901 1697 2972 1752 τά
3017 1700 3151 1771 παρ’
3197 1700 3434 1771 ἐμαυτοῦ
3470 1703 3649 1755 πάντα

2064 1777 2386 1849 ὲπλήρωσα,
2420 1779 2456 1834 ἃ
2488 1780 2581 1833 τὸν
2610 1780 2847 1852 ποιμένα
2880 1784 3105 1854 ποιῆσαι
3139 1784 3307 1857 ἐχρῆν
3329 1801 3344 1815 ’
3385 1785 3431 1837 εί
3465 1784 3520 1838 δέ
3571 1784 3650 1856 μὴ

2062 1861 2410 1916 ἀκολουθεῖτέ
2452 1880 2579 1933 μοι,
2624 1864 2724 1918 οὐκ
2768 1866 2955 1937 ἐπειδὴ
2983 1866 3084 1920 οὐκ
3115 1867 3234 1938 εἰμὶ
3262 1865 3466 1939 ποιμήν
3487 1906 3504 1931 ,
3533 1867 3652 1920 ἀλλ’

2063 1944 2248 2017 ἐπειδή
2275 1946 2435 2017 ὑμεῖς
2463 1947 2565 2001 οὐκ
2590 1948 2715 2002 ἐστὲ
2738 1948 2986 2020 πρόϐατα
3006 1950 3075 2004 τά
3100 1949 3232 2022 ἐμά.
3273 1952 3350 2007 Τὰ
3374 1951 3482 2026 γάρ
3508 1954 3652 2021 πρό-

2063 2030 2210 2082 6am
2236 2029 2309 2083 τὰ
2332 2029 2478 2098 ἐμὰ,
2510 2031 2665 2103 φησὶ,
2700 2032 2813 2100 τῆς
2854 2033 3067 2103 φωνῆς
3104 2052 3226 2105 μου
3257 2035 3501 2101 ἀκούει,
3549 2035 3649 2089 καί

2060 2112 2382 2167 ἀκολουθεῖ
2402 2131 2505 2183 μοι
2527 2130 2542 2147 ο
2575 2115 2675 2189 καί
2699 2115 2853 2183 ζωὴν
2886 2116 3129 2171 αίώνιον
3154 2117 3363 2189 δίδωμι
3394 2118 3606 2185 αὐτοῖς
3630 2158 3651 2184 ,

2061 2194 2163 2248 καί
2205 2197 2278 2250 οὐ
2299 2195 2387 2265 μὴ
2419 2196 2762 2251 ἀπόλωνται
2789 2201 2879 2265 είς
2915 2199 3025 2253 τὸν
3057 2198 3274 2254 αίῶνα·
3308 2201 3409 2256 καί
3449 2201 3651 2267 οὐδεὶς

2059 2278 2310 2333 δύναται
2335 2277 2520 2333 ταῦτα
2548 2280 2812 2348 ἁρπάσαι
2850 2283 2919 2336 ἐκ
2960 2282 3072 2351 τῆς
3098 2285 3302 2353 χειρός
3326 2300 3470 2354 μου.
3509 2284 3646 2337 ὀτι

2059 2365 2094 2416 ό
2126 2361 2352 2431 Πατὴρ,
2386 2361 2455 2429 ὃς
2478 2361 2661 2416 ἔδωκέ
2691 2381 2814 2433 μοι,
2837 2364 3051 2434 μείζων
3074 2365 3317 2420 πάντων
3349 2366 3486 2421 ἐστι
3510 2382 3525 2397 ·
3549 2365 3651 2422 zeal

2058 2447 2259 2512 οὐδεὶς
2285 2446 2534 2502 δύναται
2577 2445 2859 2515 ἁρπάζειν
2885 2449 3039 2504 αὐτὰ
3077 2449 3147 2503 ἐκ
3175 2447 3286 2517 τῆς
3311 2449 3511 2519 χειρὸς
3539 2448 3647 2502 τοῦ

2057 2528 2288 2598 Πατρός
2308 2546 2449 2598 μου.
2497 2528 2646 2598 Ἐγὼ
2677 2530 2777 2583 καί
2810 2533 2843 2584 ό
2871 2530 3076 2599 Πατὴρ
3101 2531 3172 2585 ἓν
3202 2532 3410 2601 ἐσμεν.
3447 2531 3649 2584 Σκόπει

2057 2610 2177 2674 πῶς
2200 2612 2258 2664 ἐν
2283 2611 2360 2682 τῷ
2389 2609 2757 2682 ἀπαγορεύειν
2786 2613 3084 2684 προτρέπει
3112 2615 3193 2677 είς
3212 2613 3314 2683 τὴν
3340 2611 3644 2683 ἀκολούθη-

2058 2705 2142 2742 σιν
2174 2686 2389 2752 αύτούς.
2437 2688 2623 2758 Ὑμεῖς
2650 2690 2761 2742 οὐκ
2800 2688 3055 2743 ἀκούετέ
3076 2706 3230 2759 μου,
3262 2689 3428 2759 φησίν
3447 2704 3463 2720 ’
3504 2688 3649 2744 οὐδὲ

2055 2772 2167 2842 γάρ
2196 2772 2336 2826 ἐστε
2368 2772 2633 2841 πρόϐατα
2654 2787 2671 2803 ο
2713 2774 2763 2826 οί
2795 2772 2853 2827 δὲ
2883 2773 3327 2839 ἀκολουθοῦντες,
3364 2768 3510 2829 οὗτοι
3544 2775 3646 2844 τῆς

2058 2857 2292 2928 ποίμνης
2346 2857 2472 2910 είσί.
2526 2856 2710 2911 Ταῦτα
2753 2858 2811 2911 δὲ
2842 2857 3050 2929 ἔλεγεν,
3097 2858 3184 2914 ῖνα
3217 2857 3643 2932 φιλονεικήσωσι

2055 2939 2306 3007 γενέσθαι
2352 2939 2626 3011 πρόϐατα.
2668 2936 2803 2995 Εἶτα
2850 2941 3020 2996 είπὼν
3064 2936 3140 2996 ὧν
3177 2941 3491 3010 τεύξονται,
3538 2960 3643 2998 πα-

2058 3024 2300 3093 ρακνίζει
2334 3023 2577 3090 τούτους,
2610 3023 2751 3078 ὥστε
2780 3025 2979 3090 αὐτοὺς
3008 3026 3271 3098 διεγεῖραι
3293 3026 3389 3079 zeal
3417 3027 3498 3090 είς
3518 3026 3635 3079 ἐπιδ

2056 3106 2255 3179 θυμίαν
2302 3106 2581 3177 ἐμϐαλεῖν.
2612 3108 2678 3161 Τί
2712 3104 2828 3175 οὖν;
2863 3110 2912 3163 εί
2935 3108 2962 3149 ἀ
2995 3109 3085 3165 διὰ
3133 3110 3233 3180 τήν
3271 3108 3498 3181 δύναμιν
3546 3109 3643 3163 τοῦ

2053 3192 2269 3263 Πατρὸς
2288 3190 2465 3255 οὐδεὶς
2487 3191 2745 3262 ἁρπάζει,
2784 3193 2850 3246 σὺ
2872 3193 2929 3247 δέ
2955 3194 3056 3248 ούκ
3084 3194 3312 3266 ίσχύεις,
3342 3193 3456 3247 ἀλλ’
3480 3192 3643 3247 ἀσθε-

2052 3274 2149 3346 νής
2177 3267 2229 3326 εἴ
2257 3272 2395 3343 πρὸς
2435 3272 2534 3344 τὴν
2564 3273 2844 3345 φυλακήν;
2875 3274 3166 3347 Οὐδαμῶς.
3194 3276 3306 3331 Kal
3341 3276 3428 3330 ῖνα
3461 3275 3642 3348 μάθῃς

2052 3357 2133 3411 6::
2156 3357 2236 3419 :6.
2274 3356 2337 3408 '0
2377 3355 2597 3425 Πατὴρ,
2631 3355 2700 3423 ὃς
2736 3356 2921 3412 ἐδωκέ
2941 3375 3042 3427 μοι
3063 3398 3078 3422 ,
3107 3358 3174 3412 δι’
3211 3358 3455 3424 ἐκείνους
3486 3359 3638 3431 εἴρη-

2050 3454 2161 3502 ται,
2196 3438 2283 3492 ἴνα
2329 3437 2403 3510 μὴ
2436 3438 2599 3492 πάλιν
2643 3438 2807 3493 αὑτὸν
2837 3439 3081 3497 ἀντίθεον
3114 3440 3374 3497 εἴπωσιν·
3422 3442 3593 3496 εἰπὼν
3618 3483 3634 3503 ,

2050 3523 2131 3575 ὅτι
2164 3521 2377 3587 Οὐδείς
2395 3520 2637 3590 ἁρπάζει
2653 3522 2807 3578 αὐτὰ
2829 3523 2897 3578 ἐκ
2920 3524 3032 3594 τῆς
3060 3528 3259 3595 χειρός
3276 3543 3416 3596 μου,
3433 3525 3639 3598 προῖὼν

2051 3603 2221 3669 ἔδειξε
2240 3604 2340 3676 τὴν
2361 3603 2530 3658 αὑτοῦ
2552 3606 2712 3676 χεῖρα
2737 3606 2833 3659 zeal
2852 3605 2946 3660 τοῦ
2970 3607 3186 3679 Πατρὸς
3211 3610 3339 3679 μίαν
3361 3601 3546 3664 οὖσαν.
3574 3610 3637 3663 Et

2055 3687 2165 3758 7&9
2200 3687 2275 3759 μὴ
2315 3686 2497 3751 τοῦτο,
2533 3687 2826 3742 ἀκόλουθον
2872 3684 2942 3761 ἦν
2973 3691 3167 3755 είπεῖν,
3198 3692 3281 3745 6::
3321 3692 3382 3746 '0
3422 3692 3635 3761 Πατὴρ.

2048 3769 2108 3832 ὃς
2143 3769 2311 3823 ἔδωκέ
2349 3788 2475 3841 μοι,
2530 3768 2733 3841 μείζων
2779 3771 2999 3826 πάντων
3025 3773 3171 3841 ἐστὶ,
3206 3775 3303 3828 zeal
3328 3775 3503 3838 οὐδεὶς
3540 3773 3634 3827 δύ-

2051 3870 2208 3906 ναται
2239 3851 2508 3924 ἁρπάζειν
2555 3852 2700 3907 αὐτὰ
2731 3853 2796 3907 ἐκ
2823 3854 2926 3924 τῆς
2959 3856 3142 3928 χειρός
3195 3874 3322 3927 μου.
3365 3856 3506 3911 Ἀλλ’
3534 3857 3636 3910 οὐκ

2050 3931 2203 3989 εἶπεν
2224 3936 2417 4002 οὕτως,
2451 3936 2567 3991 ἀλλ’
2610 3938 2713 3992 Ἐκ
2733 3936 2844 4006 τῆς
2872 3940 3073 4008 χειρὸς
3099 3940 3208 3995 τοῦ
3240 3941 3469 4009 Πατρός
3488 3957 3631 4010 μου.

2049 4016 2205 4080 Εἶτα,
2232 4018 2321 4072 ἵνα
2343 4017 2419 4088 μή
2447 4015 2706 4091 νομίσῃς,
2746 4019 2829 4074 ὅτι
2859 4021 3021 4086 αὐτὸς
3066 4022 3167 4094 μέν
3194 4023 3342 4078 ἐστιν
3376 4022 3634 4093 ἀσθενὴς,

2046 4102 2136 4155 διὰ
2160 4100 2216 4153 δὲ
2241 4100 2341 4171 τὴν
2368 4099 2464 4153 τοῦ
2491 4101 2705 4172 Πατρδς
2744 4102 2972 4173 δύναμιν
3006 4104 3065 4159 ἐν
3103 4104 3372 4177 ἀσφαλείᾳ
3406 4104 3475 4159 τά
3496 4106 3631 4176 πρό-

2047 4185 2185 4238 ϐατά
2203 4186 2370 4251 ἐστιν,
2398 4185 2674 4255 ἐπήγαγεν
2696 4200 2711 4214 ⁸
2749 4186 2896 4257 Ἐγὼ
2917 4180 3013 4242 καί
3038 4191 3073 4243 ό
3092 4189 3295 4257 Πατὴρ
3317 4188 3388 4242 ἓν
3410 4188 3629 4259 ἐσμεν·

2044 4267 2243 4321 ὡσανεὶ
2272 4266 2475 4335 ἔλεγεν,
2508 4268 2581 4322 Οὐ
2616 4267 2705 4322 διὰ
2731 4268 2890 4323 τοῦτο
2937 4265 3108 4334 εἶπον,
3140 4271 3220 4324 6::
3261 4270 3351 4326 διὰ
3387 4270 3481 4324 τδν
3515 4271 3631 4325 Πα-

2044 4351 2176 4423 τέρα
2200 4351 2374 4415 ούδεὶς
2396 4349 2537 4404 αὐτὰ
2562 4351 2820 4422 ἁρπάζει,
2842 4353 2918 4417 ὡς
2947 4353 3110 4417 αὐτὸς
3130 4352 3371 4408 ἀσθενῶν
3391 4354 3629 4426 τηρῆσαι

2042 4433 2111 4487 τά
2141 4433 2413 4503 πρόϐατα.
2446 4432 2588 4503 Ἐγὼ
2610 4433 2719 4505 γὰρ
2741 4435 2838 4488 καί
2868 4436 2902 4489 ὁ
2927 4435 3132 4505 Πατὴρ
3155 4435 3226 4490 ἐν
3243 4436 3431 4506 ἐσμεν
3449 4455 3461 4467 ·
3486 4437 3629 4491 κατὰ

2043 4515 2142 4587 τὴν
2175 4514 2404 4586 δύναμιν
2423 4514 2660 4571 ἐνταῦθα
2681 4515 2884 4585 λέγων·
2915 4517 3009 4571 zeal
3040 4518 3148 4589 7&9
3176 4520 3308 4591 περὶ
3330 4518 3534 4591 ταύτης
3557 4515 3625 4591 ἦν

2031 4599 2070 4651 ιό
2098 4597 2255 4666 λόγος
2285 4599 2431 4661 ἄπας
2472 4596 2644 4668 αύτῷ.
2680 4598 2744 4652 Εί
2785 4600 2844 4654 δέ
2869 4601 2905 4670 ή
2937 4600 3167 4673 δύναμις
3194 4603 3228 4674 ή
3258 4601 3420 4674 αὑτὴ,
3470 4602 3628 4672 εῦδηο

2042 4680 2131 4734 λον
2153 4681 2235 4734 6::
2267 4681 2363 4735 zeal
2394 4682 2429 4752 ή
2477 4680 2655 4735 οὐσία.
2703 4682 2921 4752 Ἐπειδὴ
2963 4683 3074 4756 7&9
3110 4684 3281 4757 μυρία
3307 4685 3527 4739 ἐποίουν
3574 4686 3625 4739 οί

2056 4764 2313 4827 Ἰουδαῖοι,
2336 4764 2798 4829 ἐπιϐουλεύοντες.
2828 4766 3289 4836 ἀποσυναγώγους
3324 4768 3623 4832 ποιοῦντες,

2040 4846 2207 4915 λέγει,
2236 4848 2318 4901 6::
2352 4847 2533 4901 πάντα
2568 4848 2754 4913 αὐτοῖς
2791 4850 2913 4921 εἰκῆ
2955 4850 3051 4903 zeal
3087 4850 3267 4923 μάτην
3308 4851 3626 4923 μεμηχάνη-

2038 4946 2149 4986 ται.
2193 4929 2281 4982 Ἐν
2318 4927 2428 5001 γὰρ
2459 4932 2525 5001 τῇ
2558 4930 2702 5002 χειρὶ
2728 4930 2821 4984 τοῦ
2856 4932 3070 5003 Πατρός
3112 4932 3215 5004 μού
3247 4934 3364 4988 ἐστι
3390 4934 3459 4987 τά
3487 4933 3624 5003 πρό-

2016 5012 2198 5079 ϐατα,
2245 5011 2434 5084 ὥσπερ
2475 5014 2504 5065 6
2549 5014 2837 5085 προφήτης
2865 5013 3047 5081 λέγει*
3094 5017 3199 5072 Ἔν
3226 5012 3301 5084 τῇ
3334 5017 3486 5085 χειρί
3506 5033 3624 5085 μου

2016 5089 2425 5163 ⁴ιιῖζωγριίεεησιί
2443 5109 2560 5149 σου
2592 5095 2663 5149 τὰ
2692 5097 2881 5166 τείχη.
2907 5092 3041 5151 Εἶτα
3059 5097 3275 5162 δεικνὺς
3307 5116 3437 5169 μιαν
3459 5094 3624 5154 οὖσαν

2036 5179 2135 5250 τὴν
2163 5181 2341 5251 χεῖρα,
2374 5180 2505 5232 ποτὲ
2548 5177 2650 5249 μὲν
2695 5178 2886 5244 αὐτοῦ,
2922 5180 3052 5234 ποτέ
3089 5181 3147 5236 δὲ
3174 5181 3269 5235 τοῦ
3302 5182 3517 5253 Πατρὸς
3549 5176 3626 5234 εί-

2036 5258 2122 5315 ναί
2153 5278 2317 5333 φησιν
2356 5260 2550 5333 αὑτήν.
2580 5262 2755 5334 Χεῖρα
2796 5263 2853 5318 δὲ
2897 5264 3024 5318 ὃταν
3050 5264 3312 5337 ἀκούσῃς,
3343 5264 3510 5336 μηδὲν
3538 5265 3625 5317 alo

2038 5344 2233 5415 σθητὸν
2270 5344 2520 5417 νομίσῃς.
2550 5343 2685 5399 ἀλλά
2716 5346 2814 5415 τὴν
2839 5346 3090 5417 δύναμιν,
3120 5349 3221 5420 τὴν
3263 5348 3533 5415 ἐξουσίαν.
3560 5347 3625 5401 Εἰ

2035 5428 2092 5481 δέ
2125 5428 2213 5484 διὰ
2243 5427 2403 5483 τοῦτο
2440 5428 2615 5491 οὐδεὶς
2650 5429 2918 5500 ἥρπαζεν.
2955 5433 3037 5485 6::
3068 5432 3234 5486 αὑτὸν
3271 5432 3623 5503 ἐνεδυνάμου.

2038 5509 2186 5583 [564]
2210 5513 2457 5583 περιττὸν
2477 5507 2545 5582 ἦν
2560 5513 2619 5566 :6
2634 5513 2761 5585 ἐξῆς
2775 5516 2970 5580 εἰπεῖν,
3001 5516 3144 5587 Ἐγὼ
3158 5516 3257 5570 καί
3275 5520 3308 5571 d
3335 5517 3538 5585 Πατὴρ
3552 5515 3624 5569 ἓν

2034 5595 2241 5664 ἐσμεν.
2273 5596 2335 5648 Εί
2375 5595 2483 5666 γὰρ
2510 5596 2746 5652 ἐλάττων
2768 5594 2856 5670 ἦν,
2881 5600 3081 5669 πολλῆς
3123 5599 3282 5653 τοῦτο
3321 5600 3529 5669 τόλμης
3563 5597 3624 5652 :6

2037 5678 2210 5749 ρἧαο
2234 5678 2399 5733 Οὐδὲν
2420 5678 2529 5748 γὰρ
2545 5680 2733 5751 ἕτερον
2754 5682 2786 5751 ἢ
2810 5682 2870 5735 :6
2884 5682 2984 5752 τῆς
3012 5683 3293 5756 δυνάμεως
3321 5683 3624 5737 ἰσοστάσιον

2033 5759 2331 5815 δείκνυσιν
2363 5762 2499 5833 ὅπερ
2544 5758 2638 5818 οὖν
2682 5766 2776 5818 zeal
2820 5764 3062 5829 Ἰουδαῖοι
3100 5767 3421 5831 συνειδότες,
3455 5763 3621 5827 λίθοις

403 5881 432 5912 ⁸
454 5876 554 5931 Alii
573 5876 755 5932 ἐπειδή.
821 5873 852 5919 h
872 5874 977 5927 Vox
1001 5873 1075 5927 ἀεί
1095 5885 1155 5925 ex
1179 5874 1318 5925 codd.
1342 5879 1393 5925 el
1417 5876 1568 5927 smn.
1635 5880 1657 5910 σε
1683 5877 1783 5928 Alii
1803 5890 1899 5928 om.
1917 5897 1943 5941 γ

2094 5880 2122 5924 d
2148 5878 2228 5931 Sic
2252 5879 2403 5931 Szvil.
2431 5885 2484 5929 el
2507 5880 2645 5929 codd.
2684 5880 2866 5931 Aberat
2893 5884 2930 5931 εί
2969 5884 3018 5932 in
3048 5882 3214 5933 Monii.
3266 5882 3402 5933 Eon.
