4072 6152
458 396 563 454 337

461 522 646 567 ansam
686 502 1019 577 quaerebant.
1059 499 1189 558 Ideo
1222 497 1506 564 dicebant,
1553 495 1651 553 Dic
1694 497 1856 553 nobis.
1887 494 2048 565 Atqui

462 616 605 671 saepe
640 598 796 654 dixit.
840 595 975 650 Nam
1016 595 1093 649 sic
1135 593 1524 649 Samaritanam
1570 589 1875 660 alloquntus
1919 593 2044 640 est:

464 693 577 766 Ego
597 706 710 747 sum
738 689 825 760 qui
846 689 1025 759 loquor
1044 694 1207 740 tecum
1232 684 1410 753 (Joan.
1435 683 1493 738 4.
1515 680 1606 753 26)
1638 688 1693 736 et
1712 692 1856 736 εωεο
1874 676 2044 733 dixit:

462 788 532 844 Et
556 783 726 841 vidisti
770 798 918 848 eum,
961 789 1010 837 et
1041 779 1130 850 qui
1159 778 1378 850 loquitur
1414 786 1603 841 tecum,
1633 774 1722 829 ille
1755 782 1829 828 est
1873 769 2043 845 (Ibid.

456 882 515 940 9.
543 878 655 952 ‘57).
688 876 796 933 lllis
834 889 1047 946 quoque
1085 872 1249 937 dixit,
1293 870 1386 926 sed
1424 869 1542 925 aliis
1579 867 1775 923 verbis.
1807 862 1968 935 Atqui
2000 862 2046 917 si

459 966 642 1031 mente
667 969 993 1033 valuissent,
1022 976 1077 1021 et
1104 973 1250 1020 recte
1275 962 1558 1033 explorare
1582 958 1905 1019 voluissent,
1927 970 2049 1009 ver-

460 1065 544 1121 bis
597 1062 769 1133 ipsum
820 1052 1064 1113 conﬁteri
1119 1052 1461 1115 debuissent,
1512 1049 1602 1121 qui
1650 1047 1901 1118 operibus
1943 1044 2047 1098 hoc

460 1159 635 1229 ipsum
675 1166 821 1224 saepe
859 1147 1318 1218 comprobaverat.
1357 1144 1508 1199 Nunc
1533 1156 1662 1197 vero
1688 1140 1896 1195 illorum
1924 1151 2047 1207 per-

459 1249 767 1305 versitatem
794 1240 1098 1299 considera.
1130 1239 1264 1294 Cum
1291 1236 1640 1292 concionatur
1669 1242 1724 1288 et
1749 1230 1927 1287 verbis
1947 1229 2045 1284 do-

457 1349 547 1397 cet
563 1383 580 1408 ,
610 1340 760 1394 aiunt
786 1353 801 1389 :
834 1333 986 1403 Quod
1004 1332 1202 1402 signum
1224 1327 1447 1384 ostendis
1462 1327 1488 1381 1’
1515 1325 1646 1381 Cum
1668 1332 1843 1379 autem
1864 1320 2043 1391 operi-

459 1433 560 1489 bus
596 1426 1081 1486 demonstrationes
1121 1421 1354 1491 profert,
1401 1418 1584 1473 dicunt
1624 1416 1700 1471 illi
1737 1433 1750 1467 :
1784 1414 1844 1470 Si
1889 1423 1944 1467 tu
1990 1428 2042 1467 es

461 1522 709 1586 Christus,
738 1518 821 1571 dic
847 1515 988 1571 nobis
1016 1514 1210 1586 palam.
1243 1512 1374 1566 Dum
1395 1525 1560 1580 opera
1579 1508 1846 1572 clamant,
1878 1503 2039 1560 verba

455 1620 737 1684 qumrunt;
769 1617 965 1665 etcum
988 1607 1148 1660 verba
1178 1604 1404 1671 docent,
1431 1601 1499 1657 ad
1520 1614 1685 1672 opera
1705 1596 2037 1667 confugiunt,

453 1701 846 1772 coturariisque
903 1712 1116 1768 semper
1154 1695 1424 1751 insistunt.
1452 1691 1606 1762 Quod
1635 1691 1776 1747 enim
1813 1704 1919 1744 non
1960 1688 2043 1742 di-

454 1792 641 1849 scendi
656 1806 817 1846 causa
838 1790 1247 1857 interrogarent,
1269 1786 1443 1841 exitus
1458 1780 2038 1848 demonstravit.Quem

458 1884 606 1940 enim
642 1883 714 1937 ita
746 1880 847 1935 ﬁde
871 1878 1088 1949 dignum
1121 1876 1406 1948 putabant,
1448 1883 1507 1930 ut
1543 1872 1611 1928 de
1635 1872 1813 1943 seipso
1847 1868 2038 1925 testiﬁ-

460 1983 669 2031 cantem
693 1971 1065 2035 admitterent,
1095 1969 1175 2023 vel
1197 1983 1361 2039 pauca
1388 1967 1688 2038 loquentem
1710 2006 1726 2031 ,
1754 1963 1932 2019 statim
1956 1963 2040 2017 la-

462 2066 672 2137 pidibus
705 2063 980 2132 impetunt.
1011 2061 1190 2131 Itaque
1230 2058 1371 2129 quod
1412 2055 1807 2113 circumdarent
1831 2068 1954 2109 eum
1984 2061 2040 2108 et

459 2160 719 2213 instarent
737 2196 753 2221 ,
785 2153 835 2209 id
862 2169 924 2208 ex
952 2152 1187 2223 nequitia
1213 2149 1665 2221 proﬁciscebatur.
1695 2145 1883 2200 Modus
1903 2157 2038 2215 quo-

456 2264 563 2320 que
590 2243 951 2316 interrogandi
989 2243 1216 2298 multum
1254 2255 1360 2312 pra:
1394 2254 1454 2295 se
1483 2238 1686 2294 ferebat
1708 2234 1912 2292 odium.
1941 2231 2039 2287 Dic

456 2339 600 2393 nobis
630 2337 820 2406 patum,
851 2337 897 2389 si
924 2344 978 2389 tu
995 2351 1052 2389 es
1080 2332 1330 2389 Christus.
1360 2330 1518 2400 Atqui
1544 2329 1720 2398 palam
1742 2327 1829 2382 ille
1854 2326 2038 2393 loque-

455 2428 611 2483 batur
637 2428 687 2481 in
709 2424 1134 2482 solemnitatibus
1153 2464 1169 2490 ,
1200 2422 1391 2492 quibus
1417 2435 1630 2490 semper
1648 2417 1852 2483 aderat,
1882 2414 2039 2470 nihil-

456 2531 558 2588 que
575 2517 712 2571 clam
734 2515 941 2571 dicebat
960 2530 975 2580 ;
1005 2513 1228 2581 ideoque
1244 2510 1524 2565 adulantes
1545 2507 2040 2575 dicunt,.Quousque

457 2609 680 2662 animam
708 2616 935 2661 nostram
960 2605 1134 2659 tollis?
1164 2614 1221 2657 ut
1249 2609 1602 2672 provocantes
1620 2641 1637 2666 ,
1668 2599 1901 2669 aliquam
1928 2596 2036 2651 cri-

458 2697 690 2753 minandi
731 2711 915 2751 ansam
959 2695 1248 2764 reperiant.
1308 2690 1460 2758 Quod
1505 2691 1646 2746 enim
1693 2702 1906 2758 semper
1946 2687 2038 2741 illo

458 2793 640 2844 animo
678 2790 1100 2859 interrogarent,
1130 2801 1239 2840 non
1277 2793 1334 2839 ut
1367 2784 1654 2848 discerent,
1678 2781 1773 2837 sed
1813 2791 1871 2837 ut
1896 2780 2034 2835 dicta

457 2888 773 2951 carperent,
800 2895 909 2935 non
934 2879 1058 2935 hinc
1087 2877 1261 2933 solum
1278 2917 1294 2943 ,
1327 2874 1422 2931 sed
1438 2884 1493 2930 et
1517 2874 1733 2929 aliunde
1752 2887 1894 2943 saepe
1916 2886 2040 2942 pro-

456 2974 633 3028 batur.
668 2972 800 3028 Nam
837 2987 959 3028 cum
990 2977 1332 3026 accesserunt
1361 2967 1599 3023 dicentes
1630 2983 1642 3020 :
1677 2964 1813 3018 Licet
1837 2979 2038 3032 censum

461 3065 582 3119 dare
604 3063 822 3131 Censori,
853 3079 1008 3118 necne
1038 3061 1261 3133 (Matth.
1283 3060 1375 3114 22.
1404 3058 1529 3129 l7)?
1560 3066 1758 3114 etcum
1787 3056 1854 3112 de
1883 3070 2039 3125 repu-

456 3154 649 3211 dianda
674 3169 847 3210 uxore
876 3163 1127 3225 agerent,
1159 3167 1387 3222 cumque
1409 3150 1475 3206 de
1506 3150 1593 3204 illa
1615 3148 2035 3214 sciscitarentur,

454 3263 617 3317 quam
661 3246 911 3302 dicebant
950 3255 1153 3316 septem
1192 3245 1442 3299 habuisse
1488 3245 1667 3310 viros,
1718 3241 2037 3312 deprehensi

452 3350 603 3405 sunt,
638 3355 740 3395 non
762 3339 998 3395 discendi
1029 3338 1225 3406 studio,
1256 3338 1349 3394 sed
1369 3353 1439 3394 ex
1467 3352 1629 3408 pravo
1652 3338 1832 3391 animo
1856 3335 2040 3390 scisci-

461 3435 576 3486 tari.
606 3432 709 3488 Sed
740 3444 861 3487 tunc
893 3433 1012 3486 illos
1040 3432 1276 3502 coarguit
1304 3430 1386 3485 his
1418 3430 1626 3496 verbis,
1666 3430 1802 3498 Quid
1831 3446 1907 3483 me
1931 3438 2039 3483 ten-

460 3525 602 3587 tntis,
634 3523 944 3593 hypocritce?
972 3522 1258 3577 ostendens
1284 3536 1342 3577 se
1370 3521 1581 3576 illorum
1606 3531 1864 3575 secretam
1891 3534 2040 3573 men-

454 3622 566 3667 tem
594 3627 941 3683 cognoscere.
967 3611 1062 3666 llic
1081 3626 1207 3667 vero
1235 3611 1364 3664 nihil
1394 3610 1621 3680 loquitur
1642 3609 1836 3675 simile,
1862 3619 1919 3663 ut
1941 3623 2039 3663 nos

459 3705 678 3772 doceat,
711 3704 1049 3759 insidiatores
1080 3718 1187 3758 non
1210 3717 1420 3771 semper
1445 3716 1566 3756 esse
1589 3699 1912 3770 arguendos,
1943 3697 2038 3753 sed

459 3797 623 3850 multa
664 3795 903 3850 modeste
937 3803 991 3850 et
1025 3803 1301 3849 mansuete
1330 3808 1450 3848 esse
1479 3791 1712 3847 ferenda.
1743 3790 1875 3858 Quia
1910 3803 2040 3859 ergo

460 3888 677 3943 stultum
703 3895 839 3951 erat,
868 3886 997 3956 ipsis
1022 3885 1273 3956 operibus
1298 3881 1727 3953 pmdicantibus,
1756 3879 2037 3934 verborum

462 3978 763 4034 testimonia
791 3992 1031 4048 qua-rere
1050 4016 1065 4041 ,
1096 3976 1217 4030 audi
1249 3972 1517 4045 quomodo
1541 3973 1670 4037 ipsis
1695 3969 2036 4041 respondeat,

459 4069 620 4124 sinml
663 4068 1005 4124 sobindicans
1046 4068 1163 4121 haec
1204 4066 1324 4119 illos
1365 4066 1559 4120 frustra
1607 4077 1885 4134 quaerere,
1930 4075 2037 4114 non

461 4157 697 4213 discendi
721 4173 877 4212 causa
896 4198 911 4223 ,
943 4165 997 4212 et
1018 4155 1345 4226 signiﬁcans,
1378 4168 1437 4210 se
1453 4154 1563 4223 jam
1584 4153 1761 4208 verbis
1786 4151 1917 4221 ipsis
1935 4152 2043 4205 cla-

462 4251 656 4305 riorem
678 4251 920 4306 emisisse
944 4264 1130 4304 vocem
1153 4290 1168 4315 ,
1198 4264 1293 4318 per
1321 4263 1482 4318 opera
1509 4248 1734 4302 scilicet.
1768 4245 1899 4299 Nam
1926 4244 2000 4298 ait
2026 4261 2040 4298 :

459 4340 553 4397 25.
584 4341 737 4412 Stepe
765 4342 875 4396 dixi
909 4341 1077 4404 vobis,
1108 4351 1154 4394 et
1184 4357 1282 4394 non
1312 4339 1513 4393 creditis
1542 4338 1666 4391 mihi
1694 4353 1712 4392 :
1741 4353 1894 4408 opera
1933 4353 2047 4409 qua:

461 4448 552 4502 ego
589 4433 722 4502 facio
759 4432 812 4486 in
842 4432 1044 4486 nomine
1081 4430 1253 4485 Patris
1280 4431 1406 4495 mei,
1437 4427 1530 4483 illa
1573 4428 1905 4482 testimonium
1933 4443 2045 4497 pcr-

464 4523 629 4577 hibent
656 4523 718 4577 de
749 4538 845 4577 me.
889 4521 1041 4589 Quod
1089 4521 1159 4587 ii,
1190 4521 1278 4592 qui
1314 4519 1455 4591 apud
1495 4520 1616 4575 illos
1658 4519 2045 4575 moderatiores

460 4623 643 4681 erant,
675 4630 819 4685 stupe
846 4624 1029 4669 mutuo
1049 4613 1327 4669 dicebant:
1359 4611 1535 4683 Neque
1559 4612 1690 4667 enim
1713 4621 1871 4683 potest
1894 4613 2045 4666 homo

464 4714 692 4773 peccator
720 4706 827 4759 hcc
862 4706 1007 4777 signa
1053 4705 1218 4773 facere
1244 4704 1433 4774 (Joan.
1463 4704 1517 4760 9.
1548 4704 1667 4777 16);
1699 4714 1753 4761 et
1795 4720 2041 4771 rursum,

465 4795 584 4851 Non
626 4805 791 4867 potest
820 4796 1135 4851 daemonium
1179 4812 1428 4851 ctecorum
1469 4796 1643 4852 oculos
1680 4797 1909 4868 aperire;
1958 4804 2039 4861 et,

465 4885 628 4943 Nemo
665 4896 823 4958 potest
855 4886 979 4941 talia
1015 4888 1160 4958 signa
1186 4890 1382 4957 facere,
1412 4889 1507 4942 nisi
1533 4889 1598 4943 sit
1623 4904 1738 4943 cum
1763 4889 1854 4943 illo
1880 4886 2041 4942 Deus.

463 4976 528 5030 Et
554 4977 792 5032 videntes
821 4977 972 5047 signa
1009 4992 1126 5043 qua:
1169 4977 1424 5042 iaciebat,
1455 4977 1701 5033 dicebant
1734 4997 1747 5033 :
1782 4977 2044 5047 Numquid

465 5066 544 5118 hic
568 5075 637 5120 est
664 5064 939 5121 Christus?
968 5066 1069 5120 Alii
1099 5075 1274 5121 autem
1301 5066 1545 5123 dicebant
1571 5085 1584 5121 :
1617 5068 1833 5136 Quando
1859 5071 2045 5124 venerit

463 5154 691 5210 Christus
710 5198 725 5219 ,
757 5173 877 5210 nunt
898 5157 1046 5228 plura
1072 5158 1221 5228 signa
1241 5159 1418 5228 faciet,
1449 5174 1600 5228 quam
1626 5159 1707 5212 hic
1727 5161 1842 5228 fecit
1868 5159 2041 5232 (Ibid.

466 5246 517 5298 7.
540 5246 670 5318 5i)?
695 5246 860 5302 Iidem
885 5263 1012 5303 vero
1041 5247 1138 5318 ipsi
1167 5264 1231 5303 ex
1271 5249 1522 5316 operibus
1543 5248 1789 5304 volebant
1822 5250 1876 5303 in
1900 5250 2047 5305 illum

466 5337 683 5393 credere
707 5337 948 5394 dicentes
975 5356 989 5393 :
1024 5338 1171 5404 Quod
1199 5339 1397 5409 signum
1433 5341 1652 5394 ostendis
1686 5340 1862 5406 nobis,
1891 5349 1945 5394 ut
1971 5342 2046 5394 oi-

466 5427 671 5481 deamus
697 5437 744 5482 et
770 5428 1034 5483 credamus
1062 5429 1149 5482 tibi
1176 5429 1223 5498 (Ι
1232 5430 1334 5483 bid.
1363 5429 1417 5482 2.
1444 5430 1573 5502 i8)?

540 5512 598 5569 9..
633 5518 901 5583 Quomodo
939 5520 1164 5575 Christus
1183 5521 1392 5574 Judwos
1417 5522 1723 5593 increpando
1743 5524 1896 5577 simul
1930 5524 2048 5577 alti-

468 5610 567 5664 ciat
605 5621 652 5664 et
678 5612 868 5665 inritet.
906 5612 1096 5666 Eadem
1135 5615 1357 5682 potentia
1390 5612 1559 5669 Patris
1598 5623 1644 5668 et
1685 5614 1838 5681 Filii,
1876 5617 2049 5669 eadem

472 5716 669 5779 manus.
687 5701 906 5767 -—-Quia
928 5719 1055 5773 ergo
1078 5713 1200 5758 tunc
1230 5706 1548 5760 sitnulabant
1576 5721 1635 5762 se
1660 5722 1723 5761 ex
1754 5708 1870 5762 solo
1887 5708 2049 5762 verbo

486 5793 810 5860 rrrtlituros,
850 5793 938 5863 qui
981 5802 1058 5849 tot
1088 5797 1349 5866 tantisque
1390 5798 1637 5868 operibus
1668 5815 1771 5856 non
1808 5800 2050 5856 credide-

1555 383 1622 441 lN
1657 380 1971 441 JOANNEM
2010 380 2232 439 HOMIL.
2276 379 2412 441 LXI.
2452 384 2524 440 al.
2563 383 2675 442 LX.

3635 389 3739 448 sas

2154 505 2313 564 rant,
2347 498 2556 555 illorum
2591 502 2878 572 nequitiam
2906 503 3078 573 arguit
3108 503 3193 561 his
3222 504 3436 561 verbis:
3470 506 3531 562 Si
3567 509 3738 578 operi:

2156 588 2249 642 bus
2269 604 2368 643 non
2389 591 2613 659 creditis,
2629 595 2879 664 quomodo
2900 596 3059 649 verbis
3076 595 3289 650 credetis
3304 597 3331 650 ?
3356 595 3533 665 Quare
3553 613 3738 668 super-

2156 678 2259 733 ﬂua
2288 689 2371 736 est
2399 682 2764 754 interrogatio.
2794 686 2885 742 26.
2918 687 3024 742 Sed
3042 688 3150 742 dixi
3169 689 3328 757 vobis,
3351 690 3542 761 inquit.
3570 701 3737 745 etnon

2155 769 2357 825 creditis
2382 771 2527 838 mihi,
2553 775 2674 844 quia
2698 791 2801 829 non
2832 777 2951 830 estis
2973 778 3036 832 de
3064 779 3237 833 ovibus
3258 782 3400 834 meis.
3435 781 3545 851 Ego
3568 790 3734 836 totum

2155 860 2386 927 pastoris
2413 861 2646 918 ofﬁcium
2671 865 2886 920 exhibui
2911 885 2925 921 :
2951 867 2996 922 si
3026 884 3153 922 vero
3179 884 3266 924 me
3294 884 3404 925 non
3430 873 3732 942 sequimini,

2156 966 2261 1005 non
2288 953 2428 1023 quod
2449 970 2550 1025 ego
2574 971 2678 1011 non
2711 968 2893 1027 pastor
2912 960 3012 1013 sim
3042 963 3293 1018 renuistis
3312 1004 3328 1030 ,
3355 964 3450 1019 sed
3472 967 3614 1034 quod
3641 984 3736 1022 vos

2151 1056 2281 1098 oves
2305 1059 2439 1100 mea:
2461 1060 2564 1102 non
2586 1047 2722 1102 sitis.
2744 1048 2876 1103 Nam
2895 1049 2986 1104 27.
3014 1049 3141 1105 Oves
3162 1067 3287 1106 metu
3302 1094 3317 1118 ,
3348 1054 3539 1124 inquit,
3566 1072 3736 1110 vocem

2151 1149 2314 1188 meam
2338 1136 2579 1202 audiunt,
2610 1147 2659 1192 et
2687 1150 2960 1209 sequuntur
2984 1157 3080 1207 me,
3111 1141 3202 1197 28.
3234 1151 3279 1197 et
3316 1144 3470 1197 vitam
3493 1155 3739 1200 aeternam

2151 1221 2218 1276 do
2245 1223 2337 1289 eis,
2365 1233 2412 1278 et
2438 1241 2539 1280 non
2569 1228 2800 1296 peribunt
2833 1229 2887 1283 in
2915 1238 3159 1284 internum
3180 1246 3202 1285 :
3228 1241 3274 1287 et
3299 1249 3445 1287 nemo
3469 1243 3627 1303 potest
3652 1246 3742 1283 eus

2149 1328 2328 1384 rapere
2354 1315 2418 1369 de
2445 1333 2598 1371 manu
2622 1334 2755 1375 mea.
2786 1319 2876 1375 29.
2912 1320 3046 1388 Quia
3083 1320 3263 1390 Pater,
3291 1327 3376 1394 qui
3405 1325 3542 1379 dedit
3572 1328 3695 1380 mihi
3714 1370 3728 1393 ,

2148 1408 2315 1477 major
2337 1418 2410 1462 est
2437 1409 2667 1465 omnibus
2686 1426 2707 1464 :
2733 1420 2781 1466 et
2806 1428 2951 1467 nemo
2977 1423 3141 1483 potest
3166 1431 3252 1470 eas
3285 1433 3464 1486 rapere
3484 1420 3551 1473 de
3575 1435 3732 1473 manu

2150 1496 2322 1553 Patris
2350 1501 2466 1555 mei.
2499 1502 2589 1557 50.
2619 1501 2731 1575 Ego
2768 1514 2816 1558 et
2854 1504 3014 1560 Pater
3041 1523 3199 1561 unum
3237 1525 3432 1565 sumus.
3470 1511 3730 1566 Auinmd-

2146 1598 2297 1647 verte
2323 1593 2591 1662 quomodo
2613 1594 2735 1650 illos
2761 1596 3071 1666 rejiciendo,
3105 1598 3352 1656 hortetur
3386 1611 3562 1658 tamen
3589 1613 3645 1659 ut
3671 1621 3730 1660 se

2146 1690 2456 1752 sequantur.
2497 1683 2630 1751 Vos,
2661 1686 2860 1757 inquit,
2905 1704 3007 1743 non
3034 1690 3225 1744 auditis
3253 1708 3368 1755 me;
3406 1710 3563 1764 neque
3597 1697 3731 1749 enim

2145 1774 2262 1828 estis
2287 1790 2402 1830 oves
2419 1791 2439 1841 ;
2466 1777 2555 1843 qui
2587 1792 2715 1833 vero
2745 1787 3060 1850 sequuntur,
3091 1781 3146 1836 hi
3179 1791 3308 1837 sunt
3338 1799 3403 1838 ex
3429 1786 3575 1839 ovili.
3607 1786 3731 1843 "me

2145 1877 2307 1933 porro
2323 1865 2554 1935 dicebat,
2583 1879 2641 1923 ut
2664 1868 2738 1923 illi
2760 1883 2889 1926 oves
2909 1885 3029 1926 esse
3047 1882 3385 1929 conarentur.
3420 1874 3619 1930 Deinde
3640 1877 3729 1932 ubi

2145 1957 2272 2027 quid
2299 1960 2680 2030 consequuturi
2709 1961 2816 2017 sint
2842 1963 3117 2034 exposuit,
3156 1964 3341 2021 incitat
3366 1965 3485 2020 illos
3504 2005 3518 2029 ,
3553 1974 3610 2020 ut
3637 1980 3730 2022 se-

2143 2048 2338 2118 quendi
2358 2049 2682 2107 desiderium
2705 2052 2923 2109 inierat.
2949 2053 3087 2120 Quid
3109 2056 3276 2126 ergo?
3306 2071 3430 2111 num
3453 2057 3524 2113 ob
3556 2057 3730 2113 Patris

2145 2138 2434 2206 potentiam
2467 2155 2625 2195 nemo
2650 2143 2818 2212 rapit,
2848 2151 2904 2198 tu
2929 2158 3057 2199 vero
3087 2144 3216 2199 nihil
3247 2153 3436 2215 potes,
3465 2156 3520 2201 et
3550 2158 3731 2204 custo-

2142 2228 2261 2284 dire
2282 2244 2389 2284 non
2419 2231 2600 2286 vales?
2628 2232 2864 2289 Minime.
2890 2233 2961 2290 Ut
2985 2234 3162 2292 discas
3183 2235 3347 2303 enim,
3372 2236 3521 2305 illud,
3551 2236 3725 2305 Pater,

2142 2322 2227 2391 qui
2257 2322 2394 2376 dedit
2424 2323 2581 2389 mihi,
2626 2324 2747 2379 ideo
2782 2324 2981 2381 dictum
3024 2325 3222 2395 fuisse,
3253 2342 3323 2383 ne
3366 2330 3512 2384 illum
3552 2329 3728 2385 denuo

2146 2415 2255 2470 Deo
2275 2415 2639 2483 adversarium
2668 2417 2938 2485 dicerent;
2970 2429 3250 2490 postquam
3287 2420 3527 2487 dixerat,
3565 2422 3728 2477 Nemo

2143 2507 2278 2576 rapit
2296 2523 2380 2562 eas
2403 2507 2467 2562 de
2484 2524 2636 2561 manu
2658 2523 2787 2569 mea.
2813 2509 2983 2579 pergit
2997 2509 3286 2565 ostendens
3305 2525 3457 2566 suam
3480 2520 3535 2568 et
3554 2511 3728 2567 Patris

2143 2614 2359 2655 manum
2390 2615 2548 2655 unam
2578 2615 2720 2655 esse.
2747 2600 2857 2655 Nisi
2886 2602 3030 2656 enim
3062 2601 3163 2657 hoc
3188 2603 3259 2656 ita
3286 2611 3459 2670 esset,
3487 2602 3728 2658 dicturus

2143 2700 2296 2747 erat:
2330 2692 2489 2747 Pater
2522 2694 2612 2763 qui
2642 2692 2790 2748 dedit
2829 2694 2989 2760 mihi,
3034 2694 3206 2764 major
3246 2694 3494 2749 omnibus
3517 2705 3632 2760 est,
3673 2707 3728 2749 et

2145 2797 2303 2838 nemo
2340 2792 2517 2854 potest
2547 2798 2638 2839 eas
2682 2800 2870 2855 rapere
2908 2784 2976 2841 de
3018 2800 3178 2852 manu
3210 2801 3347 2841 mea.
3382 2785 3578 2855 Verum
3621 2802 3725 2841 non

2145 2877 2212 2930 ita
2239 2876 2408 2942 dixit,
2436 2875 2531 2931 sed
2551 2916 2565 2940 ,
2596 2875 2675 2931 De
2702 2893 2857 2931 manu
2886 2875 3061 2932 Patris
3090 2878 3204 2931 mei.
3233 2876 3434 2933 Deinde
3465 2892 3534 2933 ne
3573 2888 3726 2947 putes

2144 2969 2314 3039 ipsum
2344 2982 2466 3023 esse
2502 2968 2773 3023 inﬁrmum
2792 3009 2808 3035 ,
2838 2968 2933 3024 sed
2964 2984 3058 3039 per
3081 2970 3253 3026 Patris
3280 2972 3571 3041 potentiam
3596 2986 3726 3027 ovus

2145 3057 2195 3113 in
2226 3068 2337 3113 tuto
2362 3075 2512 3127 esse,
2543 3060 2778 3116 subdidit
2805 3079 2819 3116 :
2848 3060 2959 3132 Ego
2988 3071 3034 3116 et
3066 3061 3218 3129 Pater
3245 3080 3401 3118 unum
3427 3079 3635 3129 sumus;
3664 3078 3730 3118 ac

2143 3151 2186 3205 si
2216 3150 2452 3214 diceret,
2476 3150 2591 3205 Non
2620 3151 2741 3207 ideo
2769 3151 2909 3219 dixi,
2940 3152 3009 3208 ob
3036 3152 3207 3207 Patris
3234 3157 3521 3226 potentiam
3551 3155 3724 3210 nemi-

2144 3257 2267 3296 nem
2295 3256 2388 3297 eas
2415 3256 2535 3299 esse
2564 3253 2839 3313 rapturum
2860 3285 2876 3311 ,
2906 3245 3059 3314 quasi
3098 3246 3216 3301 illas
3249 3260 3348 3315 ego
3372 3260 3589 3300 servare
3618 3260 3725 3300 non

2143 3334 2369 3389 valeam.
2391 3334 2522 3391 Nam
2546 3334 2658 3407 Ego
2679 3347 2725 3391 et
2754 3336 2910 3391 Pater
2928 3354 3080 3391 unum
3101 3353 3306 3401 smnus;
3335 3337 3385 3392 id
3407 3346 3507 3402 est,
3535 3352 3727 3393 secun-

2142 3425 2268 3481 dum
2295 3427 2582 3497 potentiam
2608 3446 2622 3482 :
2654 3443 2777 3482 nam
2803 3428 2870 3483 de
2888 3427 2975 3482 illa
3002 3428 3091 3483 hic
3115 3442 3292 3483 sermo
3312 3437 3445 3483 erat.
3470 3428 3523 3484 Si
3546 3438 3726 3483 autem

2142 3517 2327 3573 eadem
2359 3510 2696 3589 est‘potentia
2718 3561 2734 3587 ,
2766 3521 2940 3589 palam
2967 3529 3044 3575 est
3068 3518 3310 3574 eamdem
3337 3535 3456 3576 esse
3476 3520 3725 3576 substan-

2147 3610 2291 3663 tiam.
2321 3607 2454 3663 Cum
2499 3609 2642 3664 enim
2672 3611 2835 3664 multa
2881 3610 3119 3665 lacerent
3149 3610 3349 3671 Judmi.
3393 3610 3610 3665 insidias
3636 3625 3730 3680 pa-

2145 3707 2326 3753 rarent
2344 3739 2359 3764 ,
2389 3707 2542 3755 extra
2571 3714 2892 3771 synagogam
2928 3701 3185 3770 ejlcerent
3203 3743 3218 3770 ,
3250 3700 3380 3757 dicit
3405 3701 3524 3756 illos
3549 3702 3733 3757 omnia

2146 3788 2412 3845 incassum
2444 3790 2773 3845 machinatus
2800 3806 2938 3847 esse.
2972 3792 3103 3847 Nam
3144 3792 3196 3847 in
3225 3809 3384 3848 manu
3414 3793 3584 3849 Patris
3623 3797 3728 3848 mei

2145 3888 2270 3934 sunt
2308 3894 2467 3949 oves,
2514 3889 2573 3936 ut
2611 3881 2866 3952 propheta
2896 3882 3059 3938 dicit:
3094 3882 3159 3938 In
3199 3900 3351 3939 manu
3376 3900 3486 3938 mea
3520 3886 3732 3955 dcpiuxi

2145 3988 2315 4027 muros
2344 3979 2457 4028 tuos
2490 3972 2653 4043 (1εαὶ.
2685 3974 2776 4030 49.
2806 3972 2917 4046 lli).
2953 3974 3153 4030 Deinde
3183 3990 3339 4028 unam
3367 3981 3487 4030 esse
3514 3990 3729 4028 manum

2147 4063 2452 4127 ostendens,
2486 4064 2626 4117 illam
2658 4063 2817 4118 modo
2842 4077 3014 4129 suam,
3047 4062 3210 4118 modo
3236 4064 3405 4119 Patris
3432 4078 3551 4119 esse
3579 4063 3729 4117 dicit.

2145 4155 2278 4210 Cum
2302 4169 2514 4209 manum
2538 4154 2709 4220 audis,
2733 4154 2861 4209 nihil
2885 4154 3080 4209 sensile
3099 4156 3319 4225 cogites,
3345 4154 3442 4209 sed
3463 4156 3730 4221 virtutem,

2148 4247 2459 4317 potentiam.
2488 4245 2543 4301 Si
2566 4254 2741 4301 autem
2773 4260 2931 4301 nemo
2955 4247 3163 4317 rapuit,
3194 4247 3313 4315 quia
3343 4246 3499 4300 Pater
3518 4246 3625 4301 sibi.
3641 4263 3732 4315 po.

2151 4348 2394 4394 testatem
2431 4337 2734 4404 indidisset,
2768 4337 3096 4407 superﬂuum
3135 4337 3321 4394 inisset
3348 4338 3579 4403 addere,
3622 4337 3735 4410 Ego

2150 4439 2194 4486 et
2227 4429 2380 4484 Pater
2409 4446 2569 4484 unum
2592 4446 2788 4485 sumus.
2816 4429 2948 4486 Nam
2984 4431 3029 4487 si
3062 4432 3237 4486 minor
3261 4430 3424 4487 Filius
3451 4440 3622 4497 esset,
3653 4440 3733 4486 te-

2150 4519 2436 4576 merarium
2475 4527 2619 4575 esset
2654 4520 2877 4576 dictum.
2907 4520 3049 4576 Nihil
3088 4529 3235 4578 certe
3272 4521 3414 4576 aliud
3458 4521 3734 4586 declarat,

2151 4627 2308 4683 quam
2333 4611 2584 4682 potentiae
2609 4613 2965 4683 aequalitatem
2990 4631 3003 4667 :
3032 4613 3172 4684 quod
3194 4629 3313 4669 cum
3344 4613 3518 4670 Judaei
3541 4616 3737 4670 intelli-

2151 4712 2358 4773 gerent,
2388 4701 2652 4772 lapidibus
2674 4703 2847 4775 ipsum
2876 4704 3221 4774 impetebant.
3245 4705 3425 4777 Neque
3445 4717 3624 4761 tamen
3650 4706 3739 4762 ille

2151 4793 2291 4850 hanc
2319 4793 2521 4850 amovit
2538 4795 2866 4865 opinionem.
2893 4796 3052 4866 Atqui
3072 4796 3116 4851 si
3147 4796 3197 4851 id
3226 4796 3358 4852 falso
3377 4797 3580 4868 Opinati
3606 4799 3735 4852 luis-

2152 4896 2301 4953 sent,
2335 4886 2455 4942 illos
2483 4888 2773 4945 emendare
2798 4889 3031 4959 oportuit
3056 4904 3120 4944 ac
3145 4889 3359 4945 dicere:
3392 4888 3501 4945 Cur
3530 4892 3632 4945 hoc
3657 4890 3738 4944 fa-

2153 4979 2312 5034 citis?
2338 4995 2444 5034 non
2478 4981 2593 5035 hace
2619 4981 2763 5048 dixi,
2793 4992 2850 5035 ut
2878 4996 3058 5051 parem
3087 4991 3322 5052 paterna:
3353 4996 3525 5036 meam
3550 4990 3739 5049 poten-

2150 5074 2278 5128 tiam
2304 5074 2614 5129 indicarem.
2637 5074 2788 5130 Nunc
2808 5084 3014 5141 contra,
3037 5074 3141 5128 illis
3167 5072 3569 5137 ferocientibus,
3595 5073 3737 5127 illam

2153 5163 2458 5233 opinionem
2488 5164 2770 5220 conﬁrmat
2805 5171 2860 5218 et
2893 5164 3103 5234 probat.
3135 5162 3257 5216 Neri
3278 5176 3399 5216 sese
3428 5172 3650 5231 purgat,
3683 5173 3740 5217 ut.

2155 5255 2245 5324 qui
2284 5256 2424 5311 male
2466 5266 2520 5311 et
2547 5255 2681 5311 falso
2707 5256 2935 5321 dixerit;
2967 5256 3074 5309 imo
3101 5254 3219 5308 illos
3249 5253 3522 5322 increpat,
3556 5262 3615 5307 ut
3652 5256 3739 5324 qni

2156 5361 2263 5401 non
2301 5356 2714 5402 consentancam
2745 5346 2810 5401 de
2850 5362 2909 5401 se
2957 5345 3188 5400 habeant
3232 5345 3556 5414 Opinionem.
3604 5346 3738 5400 Cum

2155 5439 2296 5491 enim
2328 5437 2604 5493 dicereut:
2642 5439 2732 5492 55.
2769 5437 2846 5491 De
2874 5438 3002 5491 bono
3036 5452 3183 5506 opere
3208 5453 3309 5491 non
3346 5436 3633 5506 lapidamus
3664 5449 3740 5503 te,

2156 5529 2244 5583 sed
2265 5530 2327 5583 de
2349 5530 2689 5598 blasphemia,
2721 5538 2766 5582 et
2783 5530 2903 5600 quia
2925 5528 3073 5582 homo
3093 5545 3204 5582 cum
3234 5530 3304 5584 sis
3324 5572 3338 5596 ,
3371 5531 3499 5601 facis
3527 5534 3741 5599 teipsum

2162 5618 2360 5684 Deum;
2390 5620 2511 5674 audi
2552 5619 2679 5687 quid
2718 5619 2901 5678 dicat:
2935 5621 3023 5676 55.
3071 5622 3131 5677 Si
3156 5622 3271 5677 illos
3311 5622 3433 5676 dicit
3475 5624 3738 5695 Scriptura

2158 5711 2304 5775 deos,
2338 5711 2405 5763 ad
2422 5727 2543 5781 quos
2563 5727 2725 5765 sm'mo
2752 5711 2847 5766 Dei
2868 5717 3030 5783 [actus
3051 5724 3143 5781 est,
3168 5716 3254 5770 56.
3276 5716 3529 5787 quomodo
3550 5730 3638 5769 vos
3654 5714 3733 5766 di-

2166 5804 2278 5857 citis
2301 5804 2419 5873 quia
2446 5803 2753 5876 blasphcmo,
2783 5806 2901 5877 quia
2923 5807 3050 5879 dixi,
3075 5807 3238 5863 Filius
3261 5807 3354 5863 Dei
3381 5807 3530 5862 sum?
3554 5806 3607 5862 id
3627 5814 3728 5870 est,
