4072 6152
394 334 500 396 559

395 455 449 509 Si
473 455 509 510 ii
532 454 622 524 qui
649 467 745 524 per
771 452 994 522 gratiam
1021 449 1122 506 hoc
1146 459 1499 520 acceperunt,
1528 465 1634 506 non
1663 455 1984 504 accusantur

395 554 516 598 eum
539 558 599 598 se
623 543 753 598 deos
773 551 994 606 vocant;
1023 543 1112 612 qui
1133 557 1199 595 ex
1226 550 1415 596 natura
1435 557 1531 597 sua
1549 541 1652 596 hoc
1677 540 1854 606 habet,
1877 554 1985 610 quo

399 635 513 704 jure
539 633 880 702 increpctur?
910 631 1106 687 Verum
1130 647 1233 686 non
1267 633 1335 686 ita
1362 631 1532 699 dixit,
1563 631 1659 688 sed
1685 631 1901 687 demum
1929 630 1982 687 id

398 725 678 792 probavit,
710 733 991 793 postquam
1033 723 1320 778 demissius
1363 723 1614 794 loquutus
1639 733 1722 777 est
1747 722 1830 777 his
1860 737 1982 777 ver.

396 815 510 870 bis:
541 814 701 881 Quem
729 815 882 871 Pater
908 816 1240 884 sanctiﬁcavit
1263 826 1311 870 et
1335 815 1502 878 misit;
1529 825 1582 870 et
1606 824 1884 886 postquam
1915 814 1980 869 ilo

397 906 570 960 lorum
593 904 829 961 furorem
855 905 1082 971 sedavit,
1107 914 1234 960 tunc
1254 911 1456 961 claram
1477 906 1630 960 allert
1650 905 1982 962 demonstras-

397 999 618 1053 tionem.
642 998 858 1054 Interim
883 1012 1030 1063 vero,
1055 1007 1110 1052 ut
1131 997 1500 1053 admitteretur
1519 998 1570 1052 id
1587 997 1726 1068 quod
1747 993 1979 1062 dicebat,

399 1092 655 1146 humilius
697 1094 948 1161 Ianutus
989 1101 1107 1156 est,
1139 1108 1202 1146 ac
1245 1092 1461 1146 demum
1499 1091 1566 1145 ad
1597 1093 1798 1159 majora
1839 1090 1981 1158 ipsos

398 1181 650 1248 adducit,
681 1182 864 1238 dicens
891 1201 902 1235 :
935 1183 1023 1236 '57.
1057 1182 1120 1237 Si
1158 1199 1257 1236 non
1287 1183 1418 1253 facio
1444 1197 1598 1252 opera
1635 1180 1808 1235 Patris
1845 1180 1976 1247 mei,

401 1274 556 1328 nolite
583 1275 785 1329 credere
812 1275 970 1338 nti/ti;
999 1274 1086 1329 38.
1114 1275 1193 1328 sin
1222 1284 1390 1327 autem
1416 1274 1572 1343 facio,
1605 1275 1697 1328 etsi
1726 1275 1848 1328 mihi
1877 1291 1978 1328 non

391 1365 612 1430 creditis,
629 1365 860 1436 operibus
884 1367 1010 1420 meis
1035 1366 1240 1420 credite.
1272 1365 1455 1421 Viden’
1475 1365 1743 1437 quomodo
1769 1367 1975 1435 probet,

393 1464 452 1510 ut
471 1457 581 1511 dixi
602 1493 620 1524 ,
649 1472 708 1512 se
736 1457 890 1512 Patre
914 1457 966 1512 in
993 1457 1141 1513 nullo
1165 1457 1476 1513 inferiorem
1498 1472 1618 1512 esse
1637 1495 1654 1524 ,
1681 1457 1775 1512 sed
1797 1473 1975 1528 aequa-

388 1543 494 1600 lcm
523 1547 783 1602 omnino?
811 1546 942 1614 Quis
965 1547 1110 1602 enim
1137 1562 1242 1602 non
1264 1555 1473 1617 poterat
1493 1547 1788 1602 substantia
1810 1547 1976 1616 ipsius

387 1637 592 1705 videri,
633 1639 702 1694 ab
744 1653 965 1707 operum
995 1639 1301 1710 aequalitate
1337 1648 1392 1695 et
1435 1639 1712 1696 identitate
1755 1639 1976 1709 aequalis

386 1732 667 1800 potestatis
696 1730 1208 1785 demonstrationem
1237 1729 1410 1784 affert.

454 1814 508 1874 3.
536 1820 768 1889 Ecquid,
796 1835 978 1890 quaeso
996 1861 1012 1885 ,
1041 1819 1365 1874 credemus?
1394 1819 1542 1886 Quod
1583 1835 1674 1890 ego
1712 1819 1765 1873 in
1798 1818 1969 1885 Patre,

388 1920 436 1964 et
467 1903 621 1964 Pater
644 1910 697 1964 in
724 1926 801 1964 me
834 1911 918 1964 sit.
948 1905 1090 1965 Nihil
1133 1911 1275 1966 enim
1321 1909 1464 1965 aliud
1495 1923 1596 1979 ego
1623 1923 1762 1976 sum,
1815 1925 1970 1980 quam

382 1989 560 2064 Pater,
592 2014 814 2055 manens
844 1999 1044 2066 Filius;
1071 2000 1203 2056 nihil
1226 2000 1369 2055 aliud
1396 2009 1478 2055 est
1507 2000 1615 2066 ille,
1643 2015 1801 2071 quam
1831 2002 1971 2071 quod

381 2105 503 2159 ego,
531 2105 754 2147 manens
775 2090 967 2146 Pater:
997 2101 1052 2146 et
1069 2091 1159 2160 qui
1188 2105 1272 2145 me
1293 2091 1457 2157 novit,
1487 2091 1637 2145 novit
1656 2101 1710 2147 et
1734 2091 1967 2159 Patrem,

381 2177 682 2250 Filiumque
704 2180 906 2235 didicit.
932 2179 1084 2248 Quod
1111 2181 1154 2235 si
1174 2181 1404 2249 potentia
1426 2181 1600 2235 minor
1628 2190 1790 2247 esset,
1809 2181 1967 2236 etiam

378 2271 610 2342 cognitio
629 2270 760 2326 falsa
778 2283 940 2326 esset.
967 2271 1147 2342 Neque
1163 2271 1302 2327 enim
1329 2272 1430 2326 alia
1456 2287 1550 2341 per
1563 2272 1724 2326 aliam
1741 2271 1819 2326 vel
1835 2273 1966 2328 sub-

378 2362 570 2418 stantia
590 2361 677 2416 vel
700 2363 933 2431 potentia
950 2362 1082 2418 disci
1105 2371 1297 2432 potest.
1312 2362 1402 2419 '59.
1420 2361 1694 2418 Voluerunt
1717 2378 1834 2434 ergo
1853 2377 1966 2417 eum

375 2453 752 2523 apprehendere
763 2469 784 2507 :
797 2463 843 2507 et
857 2453 976 2508 exiit
987 2455 1050 2509 de
1066 2454 1294 2509 manibus
1307 2470 1500 2519 eorum,
1517 2454 1608 2510 40.
1633 2464 1680 2509 et
1691 2454 1812 2508 abiit
1827 2465 1964 2510 trans

376 2543 654 2598 Iordanem
671 2586 686 2612 ,
715 2544 801 2599 ubi
824 2544 933 2599 erat
965 2543 1192 2600 Joannes
1220 2533 1481 2617 baptizans
1507 2547 1746 2614 primum.
1771 2547 1861 2602 M.
1890 2546 1960 2601 Et

378 2637 521 2690 multi
553 2647 791 2692 venerunt
828 2638 896 2690 ad
938 2653 1052 2692 eum
1073 2679 1088 2703 ,
1123 2646 1171 2692 et
1202 2637 1474 2692 dicebant:
1496 2637 1722 2692 Joannes
1763 2638 1963 2709 quidem

376 2729 575 2798 signum
627 2730 743 2800 fecit
781 2732 1010 2795 nullum;
1053 2733 1221 2783 omnia
1272 2741 1439 2785 autem
1481 2745 1808 2801 qua'cumque
1833 2731 1963 2786 dixit

376 2820 602 2876 Joannes
627 2822 692 2876 de
716 2822 810 2876 hoc
830 2861 844 2885 ,
874 2839 988 2877 vera
1034 2834 1164 2878 sunt.
1216 2823 1502 2893 Postquam
1534 2824 1674 2878 enim
1703 2839 1957 2895 magnum

378 2911 647 2984 quidpiam
669 2922 724 2969 et
751 2914 980 2969 sublime
1003 2915 1158 2980 dixit,
1179 2914 1359 2969 statim
1385 2913 1608 2980 secedit,
1640 2914 1850 2974 illorum
1871 2930 1959 2971 ce-

375 3003 510 3059 dens
539 3002 729 3069 furori,
758 3012 816 3058 ut
845 3020 939 3074 per
965 3004 1258 3060 absentiam
1292 3005 1434 3059 illius
1460 3004 1676 3059 sedetur
1702 3016 1757 3059 et
1778 3008 1957 3076 sopia-

376 3105 481 3148 tnr.
499 3093 650 3162 Quod
679 3096 841 3149 etiam
874 3103 999 3149 tunc
1012 3094 1158 3149 fecit.
1183 3093 1286 3150 Sed
1307 3109 1403 3150 cur
1429 3095 1747 3165 evangelista
1781 3097 1954 3153 locum

375 3184 606 3239 indicat?
633 3184 699 3240 Ut
719 3184 891 3240 discas
923 3186 1090 3254 ipsum
1112 3185 1230 3241 ideo
1259 3187 1394 3241 istuc
1422 3187 1638 3252 abiisse,
1665 3199 1722 3242 ut
1751 3189 1880 3257 ipsis
1901 3190 1952 3246 in

375 3273 685 3329 memoriam
718 3275 806 3329 illa
849 3286 1162 3344 revocaret,
1191 3292 1310 3347 quae
1336 3277 1569 3333 Joannes
1611 3278 1717 3333 illic
1756 3279 1956 3336 fecerat

371 3367 723 3438 dixeratque,
774 3381 980 3423 necnon
1021 3369 1383 3424 testimonium
1437 3368 1622 3440 ipsius.
1665 3370 1802 3426 istuc
1827 3388 1954 3442 ergo

373 3473 494 3512 cum
537 3459 812 3515 venissent
833 3501 847 3524 ,
877 3460 1056 3515 statim
1085 3460 1308 3517 Joamtis
1334 3461 1595 3517 recordati
1641 3471 1801 3528 sunt;
1834 3463 1952 3518 ideo

369 3551 572 3618 dicunt,
602 3551 829 3608 Joannes
858 3554 1055 3608 nullum
1091 3555 1209 3624 fecit
1234 3555 1469 3625 signant;
1501 3569 1621 3608 nam
1652 3555 1786 3610 alias
1824 3557 1948 3625 quid

368 3643 434 3697 ad
464 3660 576 3699 rem
608 3643 822 3700 fecisset
852 3646 903 3700 id
947 3645 1188 3702 addere?
1222 3647 1316 3702 sed
1353 3648 1475 3717 quia
1506 3647 1654 3702 locus
1701 3647 1950 3719 Baptista:

372 3736 684 3792 memoriam
721 3739 1025 3802 revocavit,
1074 3752 1281 3794 necnon
1312 3739 1428 3808 ejus
1467 3740 1775 3795 testimonii.
1821 3739 1950 3795 Vide

367 3836 542 3882 autem
563 3842 722 3898 quam
761 3837 937 3884 certos
970 3829 1307 3900 syllogismos
1329 3830 1946 3898 concinneut..loanues,

367 3917 634 3990 inquiunt,
662 3919 866 3972 nttllum
893 3918 1016 3974 fecit
1040 3919 1287 3990 signum;
1341 3920 1427 3975 hic
1455 3920 1603 3990 signa
1631 3921 1755 3976 facit
1784 3938 1798 3974 :
1826 3923 1948 3978 hinc

363 4027 491 4081 ergo
526 4011 642 4081 ejus
670 4012 1028 4082 praecellentia
1053 4012 1368 4068 ostenditur.
1394 4012 1450 4070 Si
1489 4026 1616 4084 ergo
1646 4014 1717 4069 illi
1741 4014 1945 4070 nullum

362 4103 568 4171 signum
609 4102 788 4158 edenti
821 4104 1146 4159 credidimus
1165 4145 1179 4169 ,
1211 4104 1379 4159 multo
1405 4104 1573 4174 magis
1609 4105 1729 4160 huic
1754 4106 1946 4161 crede-

365 4210 499 4250 mus.
532 4195 753 4262 Deinde,
782 4196 903 4266 quia
933 4194 1165 4252 Joannes
1185 4204 1300 4252 erat
1326 4196 1414 4264 qui
1441 4196 1800 4251 testimonium
1827 4213 1945 4266 pere

364 4284 629 4352 hibuerat,
663 4302 729 4341 ne
749 4288 872 4356 quia
903 4287 1112 4357 signum
1137 4303 1241 4341 non
1270 4287 1488 4353 fecerat,
1511 4287 1757 4357 indignus
1781 4288 1945 4344 fuisse

363 4383 639 4444 putaretur
666 4376 758 4446 qui
803 4377 1165 4433 testimonium
1195 4377 1378 4442 ferret,
1411 4375 1701 4446 adjiciunt,
1733 4376 1943 4433 etiamsi

361 4470 568 4535 signum
595 4483 702 4522 non
728 4466 934 4534 fecerit,
964 4483 1087 4523 vera
1111 4477 1286 4524 tamen
1323 4469 1502 4522 omnia
1529 4462 1596 4524 de
1620 4467 1838 4524 Christo
1857 4469 1939 4524 di-

360 4561 522 4624 xissc,
553 4560 625 4614 ita
668 4569 725 4613 ut
755 4573 859 4614 non
889 4560 1135 4616 Christus
1164 4577 1228 4615 ex
1257 4560 1371 4626 illo,
1401 4561 1495 4616 sed
1521 4561 1612 4616 ille
1655 4575 1723 4616 ex
1759 4562 1941 4631 operi.

360 4653 460 4706 bus
481 4653 679 4707 Christi
711 4652 813 4708 fide.
837 4654 1027 4724 dignus
1049 4655 1354 4710 haberetur.
1385 4654 1474 4710 42.
1501 4655 1652 4710 Multi
1681 4674 1799 4728 ergo
1827 4671 1938 4712 cre-

357 4747 594 4799 didcrtmt
619 4748 673 4800 in
719 4759 854 4801 eum.
896 4746 1054 4802 Multa
1083 4749 1226 4802 enim
1257 4748 1378 4803 illos
1402 4747 1764 4804 attrahebant.
1805 4749 1938 4805 Nam

359 4839 625 4896 recordati
653 4848 781 4894 sunt
814 4839 1098 4894 verborum
1131 4841 1281 4911 ejus,
1309 4856 1433 4896 cum
1461 4842 1635 4911 ipsum
1662 4856 1721 4896 sc
1759 4843 1938 4897 fortio-

357 4948 469 4988 rem
494 4931 728 4998 dicebat,
754 4931 948 4998 lucem,
979 4932 1158 4996 vitam,
1197 4935 1470 4988 veritatem
1500 4942 1801 5002 ceteraque
1826 4951 1942 4988 om-

355 5028 463 5091 nia;
488 5026 636 5082 vocis
655 5039 871 5097 quoque
897 5024 1128 5094 desuper
1151 5024 1327 5081 allatae
1349 5066 1364 5092 ,
1391 5025 1727 5095 Spiritusque
1762 5027 1942 5094 specie

359 5119 616 5175 columbae
638 5117 966 5188 apparé’ntis,
1009 5117 1286 5188 ipsumque
1313 5117 1560 5173 omnibus
1584 5116 1936 5176 ostendentis.

359 5207 436 5262 Ad
477 5208 592 5264 inec
619 5208 997 5264 miraculorum
1040 5206 1428 5263 demonstratio
1468 5207 1788 5271 accedebat;
1833 5223 1937 5278 qua

357 5301 829 5356 conﬁrmabantur.
850 5299 979 5354 Nam
998 5300 1042 5355 si
1062 5299 1276 5364 Joanni,
1300 5300 1560 5371 inquiunt,
1581 5299 1934 5366 credendum,

351 5392 522 5448 multo
550 5395 721 5465 magis
762 5394 907 5450 huic.
952 5392 1006 5450 Si
1043 5394 1246 5465 absque
1272 5394 1438 5464 signis
1469 5391 1540 5447 illi
1590 5393 1936 5456 credidimus,

345 5484 523 5539 multo
551 5485 720 5555 magis
751 5485 896 5551 huic,
924 5486 1014 5556 qui
1044 5487 1185 5543 illius
1207 5483 1514 5542 testimonio
1534 5485 1856 5548 celebratus,
1885 5491 1940 5538 et

343 5592 414 5630 cx
437 5575 602 5646 signis
629 5577 1026 5632 demonstratus
1054 5587 1156 5633 est.

419 5667 788 5737 Tranquillitas
815 5679 1064 5738 quantum
1091 5671 1276 5723 anima:
1304 5672 1482 5736 prosit.
1514 5672 1693 5724 Anima
1721 5687 1751 5721 a
1783 5683 1928 5738 nego

352 5760 430 5812 siis
455 5774 659 5825 vacans,
689 5758 740 5812 in
767 5769 914 5826 portu
937 5757 1092 5811 sedet.
1123 5758 1395 5814 Mulierum
1420 5761 1732 5829 officium.—
1750 5755 1932 5813 \’idcu'

1101 336 1154 392 S.
1194 335 1470 394 JOANNIS
1505 325 1978 393 (ΞΗΙὶΫΞΟΒΤΟΜΙ
2017 328 2330 390 ARCIIIEP.
2372 329 2903 393 CONSTANTINOP.

3578 334 3672 397 εει

2091 455 2346 515 quantum
2377 446 2481 503 illis
2508 449 2653 503 locus
2693 448 2982 518 profucrit,
3015 457 3272 518 quantum
3323 457 3678 522 sequestratio

2090 549 2124 589 a
2159 536 2286 590 viris
2330 537 2626 606 improbis?
2668 538 2791 594 Ideo
2833 539 2951 594 illos
2993 538 3296 611 frequenter
3331 543 3401 598 ab
3453 546 3674 600 istorum

2089 628 2359 682 consortio
2387 629 2622 682 abducit.
2657 629 2806 696 Quod
2853 617 3015 685 etiam
3053 632 3105 686 iu
3137 634 3303 689 veteri
3337 635 3454 706 lege
3483 634 3677 692 fecisse

2087 718 2524 786 deprehenditur.
2552 718 2766 775 Judteos
2795 721 2979 791 procul
3001 722 3068 777 ab
3088 718 3352 795 Egyptiis
3378 725 3431 781 in
3460 727 3677 782 deserto

2088 808 2403 876 informans,
2425 819 2478 864 et
2503 811 2580 865 sic
2600 811 2652 867 iu
2679 813 2926 868 omnibus
2945 815 3247 873 instituens.
3275 817 3328 872 ld
3351 819 3491 888 quod
3513 822 3675 876 etiam

2087 899 2244 954 nobis
2269 901 2565 956 faciendum
2595 905 2803 969 suadet,
2829 905 3023 974 jubens
3051 908 3225 963 forum
3253 909 3443 974 vitare,
3479 913 3673 966 tumul.

2087 999 2304 1060 tumque
2330 1001 2386 1048 et
2413 995 2641 1060 turbam,
2667 1004 2827 1066 atque
2849 997 2901 1050 in
2927 997 3176 1053 cubiculo
3193 1001 3477 1072 tranquille
3491 1017 3666 1060 orare.

2084 1081 2334 1138 Navicula
2361 1085 2504 1140 enim
2529 1093 2842 1156 tempestate
2861 1102 2968 1142 non
2993 1089 3210 1159 agitata,
3243 1093 3481 1148 secundo
3509 1105 3671 1149 vento

2085 1173 2297 1244 navigat
2329 1192 2343 1228 :
2375 1176 2658 1248 animaque
2685 1192 2716 1231 a
2745 1178 2972 1248 negotiis
2999 1194 3198 1236 vacans
3225 1184 3276 1236 in
3310 1192 3465 1251 portu
3495 1184 3664 1240 sedet.

2084 1262 2315 1336 Ideoque
2360 1265 2612 1324 mulieres
2674 1268 3023 1339 philosophia:
3062 1273 3232 1342 magis
3278 1272 3486 1329 deditas
3546 1292 3667 1332 esse

2082 1365 2378 1426 oporteret,
2406 1375 2564 1426 quam
2589 1360 2752 1426 viros,
2775 1376 2896 1430 qua:
2917 1362 2993 1416 rei
3026 1361 3269 1418 familiari
3291 1374 3351 1420 ut
3379 1367 3664 1435 plurimum

2083 1449 2415 1506 incumbunt.
2444 1451 2533 1507 Sic
2561 1450 2728 1509 Jacob
2753 1455 3045 1524 simplicior
3071 1457 3188 1524 fuit,
3221 1453 3310 1528 qui
3334 1459 3479 1514 domi
3511 1459 3664 1517 babi-

2082 1548 2250 1605 ιιι-ει,
2299 1557 2328 1596 a
2379 1542 2689 1598 tumultibus
2737 1543 2892 1599 liber.
2923 1545 3107 1616 Neque
3153 1547 3293 1602 enim
3341 1549 3460 1605 sine
3502 1567 3661 1607 causa

2081 1631 2194 1686 haec
2222 1631 2496 1703 Scriptura
2539 1634 2691 1699 dixit,
2729 1634 2978 1690 Habitum
3011 1639 3214 1691 domum
3244 1636 3396 1710 (Gen.
3425 1640 3516 1696 25.
3542 1639 3657 1714 27).

2078 1724 2238 1794 Atqui
2263 1724 2406 1779 domi
2428 1726 2610 1790 etiam,
2641 1727 2871 1797 inquies,
2905 1744 3130 1799 magnus
3155 1732 3434 1787 tumultus.
3479 1732 3659 1804 Siquis

2076 1813 2197 1869 dem
2229 1822 2284 1869 tu
2313 1816 2412 1880 vis,
2441 1826 2497 1872 et
2523 1816 2715 1872 multas
2746 1817 2839 1873 tibi
2863 1819 3087 1875 attrahis
3109 1835 3284 1877 curas.
3313 1821 3405 1878 Vir
3427 1835 3575 1880 certe
3601 1826 3656 1882 in

2076 1903 2253 1958 medio
2279 1905 2416 1972 foro,
2447 1915 2504 1962 et
2531 1920 2629 1977 pro
2654 1908 2926 1976 tribunali,
2950 1911 3188 1966 externis
3210 1912 3372 1968 rebus
3393 1916 3541 1984 quasi
3561 1918 3659 1970 llu-

2074 1994 2248 2051 ctibus
2272 1995 2501 2066 agitatur
2532 2012 2546 2050 :
2573 1998 2766 2054 mulier
2782 2015 2931 2067 vero,
2960 2014 3053 2056 seu
3081 2002 3133 2056 in
3165 2003 3396 2073 quodam
3425 2004 3660 2074 philoso—

2074 2086 2214 2155 phiae
2240 2089 2535 2159 gymnasio,
2569 2089 2713 2145 domi
2741 2092 2956 2159 sedens,
2987 2102 3220 2150 mentem
3251 2095 3528 2168 colligens,
3563 2110 3658 2168 po-

2075 2176 2196 2231 terit
2232 2188 2286 2232 et
2313 2178 2564 2248 precibus
2601 2189 2658 2234 et
2703 2179 2918 2236 lectioni
2943 2185 3258 2254 cmterisque
3305 2186 3658 2259 philosophia:

2071 2269 2339 2324 exercitiis
2368 2270 2696 2327 incumbere.
2723 2274 2802 2328 Ac
2825 2275 3269 2344 quemadmodum
3293 2277 3327 2332 ii
3363 2281 3452 2348 qui
3474 2281 3657 2338 deser-

2073 2371 2183 2415 tum
2213 2361 2468 2430 incolunt,
2497 2377 2526 2417 a
2558 2364 2773 2420 nemine
2792 2364 3107 2422 turbantur:
3130 2367 3207 2423 sic
3229 2370 3420 2425 mulier
3443 2386 3656 2443 semper

2071 2451 2210 2507 intus
2241 2467 2484 2518 manens,
2517 2464 2772 2524 perpetua
2795 2457 2988 2526 poterit
3013 2456 3115 2511 frui
3151 2460 3554 2529 tranquillitate.
3594 2464 3652 2520 Si

2067 2545 2280 2614 quando
2306 2556 2482 2602 autem
2501 2546 2661 2603 domo
2689 2549 2756 2603 sit
2775 2549 3096 2618 exeundum,
3120 2548 3263 2606 nulla
3295 2553 3418 2607 inde
3447 2565 3650 2624 pertur-

2067 2634 2296 2693 bationis
2325 2652 2508 2694 causa.
2534 2638 2660 2695 Sive
2685 2639 2826 2694 enim
2853 2641 2906 2694 in
2937 2641 3216 2696 ecclesiam
3260 2643 3508 2710 veniant,
3537 2646 3650 2703 sive

2064 2727 2132 2783 ad
2154 2729 2400 2785 balneum
2445 2732 2516 2786 sit
2563 2731 2922 2802 pergendum,
2962 2747 3105 2803 saepe
3132 2742 3392 2802 coguntur
3433 2735 3646 2805 quidem

2063 2818 2316 2875 mulieres
2344 2821 2492 2876 exire
2523 2838 2538 2875 :
2574 2829 2631 2875 ut
2655 2820 2938 2892 plurimutn
2963 2827 3138 2876 autem
3169 2821 3310 2877 domi
3337 2823 3487 2879 sedet
3526 2841 3647 2880 tnu-

2064 2908 2183 2973 lier,
2214 2920 2495 2980 potestque
2524 2910 2912 2981 philosophari,
2941 2911 3426 2983 adventantemque
3470 2915 3644 2970 virum

2064 3001 2430 3069 perturbatum
2475 3002 2684 3067 sedare,
2714 3017 3076 3072 compescere,
3108 2998 3406 3072 superfluos
3433 3018 3495 3058 ac
3521 3020 3644 3059 mo-

2060 3093 2223 3147 lestos
2248 3093 2366 3162 ejus
2393 3093 2657 3164 cogitatus
2675 3095 2973 3161 eliminare,
3001 3103 3057 3150 et
3083 3093 3162 3151 sic
3191 3109 3372 3150 rursus
3397 3097 3644 3154 emittere

2059 3186 2205 3241 curis
2231 3187 2283 3240 in
2323 3185 2442 3242 foro
2475 3187 2742 3256 susceptis
2783 3201 3043 3255 vacuum,
3081 3196 3136 3244 et
3165 3187 3304 3245 bona
3347 3203 3467 3259 qua:
3494 3189 3642 3246 domi

2059 3276 2246 3332 didit-it
2273 3291 2454 3332 secum
2486 3277 2768 3332 ferentem.
2791 3277 2931 3333 Nihil
2957 3281 3122 3346 enim,
3159 3278 3286 3332 nihil
3315 3281 3499 3349 utique
3527 3279 3640 3335 for-

2059 3367 2162 3422 tius
2193 3367 2416 3423 muliere
2461 3367 2546 3436 pia
2593 3377 2646 3422 et
2697 3368 2990 3438 prudente,
3047 3377 3104 3422 ut
3143 3371 3312 3424 virum
3358 3371 3637 3440 informet,

2055 3457 2277 3528 ejusque
2303 3458 2557 3524 animam,
2592 3467 2648 3513 ut
2669 3459 2917 3525 voluerit,
2953 3459 3214 3515 instituat.
3247 3460 3364 3516 Non
3393 3465 3635 3532 amicos,

2057 3565 2162 3604 non
2189 3549 2458 3616 doctores,
2480 3564 2585 3604 non
2612 3550 2878 3620 principes
2901 3550 3121 3621 perinde
3146 3553 3300 3617 feret,
3333 3563 3388 3608 ut
3418 3569 3636 3610 uxorem

2055 3651 2382 3706 monentem,
2411 3650 2462 3697 et
2483 3642 2764 3697 consilium
2783 3641 3016 3697 dantem.
3047 3641 3264 3698 Mouitio
3293 3643 3489 3714 quippe
3519 3647 3636 3701 talis

2052 3748 2174 3788 cum
2201 3733 2428 3804 quadam
2459 3733 2729 3802 voluptate
2757 3734 3039 3802 conjuncta
3067 3743 3181 3800 est,
3207 3733 3348 3806 quod
3377 3735 3464 3791 illa
3495 3737 3634 3791 mul-

2054 3835 2165 3881 tum
2201 3835 2429 3883 ametur.
2481 3825 2670 3880 Multos
2721 3841 2933 3895 possem
2982 3826 3175 3883 all'erre
3209 3831 3352 3882 viros
3388 3843 3629 3897 asperos,

2052 3919 2458 3990 immorigeros,
2489 3919 2558 3974 ab
2605 3920 2858 3975 uxoribus
2906 3921 3194 3990 mitigatos.
3243 3921 3386 3978 Uxor
3429 3923 3525 3977 viri
3579 3933 3634 3979 et

2052 4027 2251 4067 mensa:
2275 4019 2331 4067 et
2371 4011 2489 4066 lecti
2533 4021 2588 4066 et
2626 4012 2918 4068 liberorum
2960 4016 3344 4082 procreationis
3387 4031 3629 4082 consors,

2051 4103 2162 4172 ipsa
2185 4103 2395 4158 conscia
2425 4103 2689 4158 dictorum
2713 4113 2765 4159 et
2782 4119 3120 4170 arcanorum,
3144 4107 3414 4175 ingressus
3439 4118 3492 4161 et
3514 4109 3632 4162 exi.

2052 4203 2156 4258 tus,
2201 4195 2656 4265 plurimorumque
2681 4195 2932 4263 aliorum,
2962 4197 3016 4250 in
3045 4197 3290 4250 omnibus
3319 4197 3512 4252 marito
3535 4197 3632 4254 de-

2048 4287 2178 4351 dita,
2209 4296 2264 4343 et
2291 4288 2368 4340 sic
2399 4287 2472 4341 illi
2497 4286 2704 4357 juncta,
2735 4297 2791 4341 ut
2829 4303 2923 4358 par
2954 4297 3036 4342 est
3063 4303 3257 4358 corpus
3283 4289 3441 4358 capiti
3462 4304 3630 4360 capu‘

2048 4380 2166 4442 lari,
2193 4379 2237 4435 si
2279 4379 2511 4448 prudens
2534 4380 2604 4434 sit
2633 4387 2687 4435 et
2710 4379 2955 4449 diligens,
2997 4381 3116 4450 plus
3134 4395 3292 4450 quam
3318 4395 3505 4437 omnes
3538 4381 3627 4436 alii

2047 4470 2329 4540 conjugem
2362 4471 2560 4526 fovebit
2583 4479 2637 4525 et
2661 4469 2888 4525 curabit.

2116 4563 2169 4617 4.
2203 4560 2388 4616 Uxoris
2417 4561 2706 4616 christiana:
2730 4561 2912 4632 agendi
2933 4562 3063 4614 ratio
3089 4561 3255 4633 qualis
3280 4576 3388 4616 esse
3410 4563 3626 4628 debeat;

2045 4655 2194 4724 quale
2229 4653 2296 4707 sit
2335 4653 2496 4723 ipsius
2537 4669 2708 4707 verum
2751 4653 3370 4722 decus—Quamobrem
3407 4654 3625 4721 hortor,

2048 4754 2106 4799 ut
2150 4759 2369 4815 operam
2392 4744 2468 4798 illi
2496 4743 2574 4798 rei
2603 4744 2752 4810 deut,
2783 4757 2838 4799 et
2864 4761 2982 4815 quae
3011 4745 3204 4802 decent
3241 4746 3518 4802 suadeant.
3563 4747 3630 4803 Ut

2046 4838 2188 4894 cnhn
2217 4836 2286 4890 ad
2313 4837 2559 4890 virtutem
2585 4852 2738 4900 uxor,
2762 4836 2840 4892 sic
2868 4846 2922 4892 et
2945 4837 3011 4892 ad
3055 4838 3344 4908 nequitiam
3375 4838 3630 4894 inducen~

2046 4929 2169 4984 dum
2199 4927 2418 4982 multam
2449 4929 2552 4982 vim
2601 4927 2772 4983 habet.
2822 4927 3008 4984 Mulier
3061 4930 3406 4992 Absalouem,
3437 4930 3628 4985 mulier

2046 5025 2344 5078 Amnonem
2392 5022 2640 5092 perdidit,
2697 5023 2888 5077 mulier
2932 5021 3126 5077 Jobum
3175 5023 3399 5092 perdere
3441 5036 3628 5078 conata

2045 5125 2128 5171 est
2156 5130 2169 5169 :
2199 5130 2334 5171 uxor
2358 5114 2611 5172 Nabalem
2637 5131 2666 5169 a
2687 5116 2831 5170 caede
2847 5117 3061 5187 eripuit,
3086 5117 3280 5172 mulier
3301 5127 3464 5173 tatam
3495 5132 3630 5187 geu-

2045 5215 2152 5261 tem
2187 5207 2439 5262 servavit.
2471 5205 2602 5260 Nam
2631 5205 2838 5261 Debora
2867 5215 2923 5262 et
2967 5205 3150 5261 Juditb
3173 5247 3186 5270 ,
3216 5215 3271 5262 et
3297 5207 3418 5261 alite
3447 5206 3632 5260 lllltiL‘B

2045 5297 2428 5367 imperatorum
2460 5296 2627 5365 probe
2665 5296 2862 5352 functas
2890 5306 3014 5353 sunt
3040 5297 3236 5352 oflicio.
3266 5297 3392 5353 Ideo
3438 5297 3633 5351 Paulus

2045 5389 2120 5442 ait
2148 5405 2160 5442 :
2192 5389 2327 5454 Quid
2365 5388 2496 5441 enim
2526 5387 2658 5450 scis,
2691 5389 2907 5453 mulier,
2945 5405 3012 5441 an
3039 5389 3200 5442 virum
3241 5388 3438 5442 salttum
3477 5388 3633 5460 facies

2045 5481 2126 5548 (1.
2158 5479 2275 5533 Cor.
2305 5476 2356 5532 7.
2391 5479 2520 5547 lli)?
2553 5477 2766 5548 lllisque
2799 5479 3129 5547 temporibus
3159 5478 3409 5544 Persida,
3445 5489 3498 5532 et
3528 5478 3634 5532 Ma-

2047 5569 2182 5623 riam
2223 5578 2276 5621 et
2307 5569 2622 5631 Priscillam,
2652 5569 2957 5638 apostolicis
2984 5570 3369 5625 certaminibus
3407 5584 3467 5624 se
3493 5569 3634 5624 dedi-

2048 5659 2193 5714 disse
2227 5659 2426 5713 scimus
2453 5659 2626 5727 (Rom.
2652 5660 2760 5729 l6).
2793 5660 2936 5727 Quas
2962 5669 3012 5713 et
3041 5675 3137 5714 vos
3167 5660 3360 5714 imitari
3393 5660 3632 5721 debetis.

2048 5769 2145 5807 nec
2177 5751 2350 5807 verbis
2372 5751 2565 5819 solum,
2595 5753 2689 5809 sed
2717 5753 2876 5807 etiam
2905 5749 3157 5822 Operibus
3179 5753 3438 5822 conjuge:
3463 5752 3632 5805 intor-
