4072 6152
339 486 500 560 Ιιένη,
549 486 624 551 ὡς
669 485 820 551 εἰκὸς
856 484 1016 558 σῶμα
1067 488 1275 559 κεφαλῇ
1327 487 1615 558 συνῆφθαι,
1667 486 1735 543 ἂν
1774 486 1916 559 τύχῃ

334 572 529 640 συνετή
569 586 653 632 τις
685 565 820 623 οὖσα
852 571 946 624 καὶ
974 570 1237 643 ἐμμελὴς,
1271 571 1515 635 ἅπαντας
1548 572 1915 643 ὑπερϐήσεται

332 655 428 708 καὶ
457 653 676 723 νικήσει
707 654 787 715 είς
816 653 916 725 τὴν
946 654 1040 707 τοῦ
1073 656 1448 719 συνοικοῦντος
1476 655 1819 726 ἐπιμέλειαν.

398 736 442 789 δ’
448 777 462 791 .
483 735 582 789 Διά
610 734 769 789 τοῦτο
788 735 1062 806 παραινῶ.
1085 736 1245 808 ἔργον
1262 737 1419 791 τοῦτο
1445 737 1710 802 τίθεσθαι,
1731 740 1825 793 καὶ
1847 739 1916 794 τά

329 820 516 875 δέοντα
547 818 959 891 συμϐουλεύειν.
993 821 1202 891 Ὠσπερ
1222 820 1331 891 γὰρ
1353 821 1488 891 πρὸς
1528 821 1751 893 ἀρετὴν,
1773 821 1916 875 οὔτω

329 905 426 958 καὶ⁵
467 903 607 976 πρὸς
648 902 849 957 κακίαν
900 903 1102 975 πολλὴν
1131 903 1243 974 ἔχει
1272 904 1372 974 τὴν
1408 904 1581 974 ίσχύν.
1630 903 1778 976 Αὕτη
1824 905 1917 960 τὸν

342 985 700 1058 ’Λόεσσαλὼμ
731 985 1034 1050 ἀπώλεσεν,
1064 983 1205 1056 αῦτη
1246 986 1338 1039 τὸν
1381 985 1614 1057 Ἀμνὼν,
1659 987 1799 1059 αῦτη
1825 987 1917 1041 τόν

343 1068 466 1123 Ἰὼϐ
495 1068 718 1139 ἔμελλεν
740 1086 754 1100 σ
782 1066 922 1140 αῦτη
963 1069 1056 1122 τὸν
1102 1068 1293 1124 Νάόαλ
1323 1067 1601 1141 ἐξήρπασε
1631 1070 1733 1139 τῆς
1776 1087 1916 1140 σφα-

330 1153 459 1223 γῆς,
492 1151 633 1222 αῦτη
659 1150 954 1222 ὁλόκληρον
998 1149 1151 1214 ἔθνος
1198 1151 1443 1208 διέσωσε,
1480 1153 1591 1205 Καὶ
1634 1153 1743 1223 γὰρ
1786 1151 1917 1205 Αεδ.

333 1237 488 1307 δῶρα
539 1234 632 1289 καὶ
681 1233 868 1287 ’Ῑουδὶθ
903 1232 1114 1305 ἀνδρῶν
1148 1233 1471 1304 στρατηγῶν
1517 1234 1917 1305 κατορθώματα

332 1318 703 1383 ἐπεδείξαντοο
728 1316 823 1371 καὶ
846 1315 1002 1371 άλλαι
1026 1316 1082 1369 δέ
1114 1316 1304 1388 μυρίαι
1331 1319 1606 1385 γυναῖκες.
1630 1319 1728 1371 Διά
1755 1318 1916 1372 τοῦτο

332 1404 428 1458 καὶ
447 1401 653 1464 Παῦλός
677 1417 842 1471 φησι·
877 1400 939 1454 Τι’
974 1400 1085 1469 τὰρ
1101 1396 1292 1467 οἶδας,
1316 1402 1513 1470 γύναι,
1532 1405 1584 1455 εί
1604 1404 1712 1455 τὸν
1726 1401 1918 1470 ἄνδρα

332 1484 583 1549 σώσεις;
624 1485 734 1536 Καὶ
763 1482 857 1536 ἐπὶ
898 1482 1006 1536 τῶν
1042 1484 1250 1555 χρόνων
1292 1484 1349 1537 δὲ
1383 1485 1607 1538 ἐκείνων
1640 1486 1739 1555 τὴν
1774 1486 1911 1557 Περι

333 1569 453 1622 σίδα
485 1569 580 1621 καὶ
606 1567 706 1638 τὴν
753 1565 988 1636 Μαριὰμ
1018 1566 1112 1619 καλ⁸
1135 1565 1234 1637 τὴν
1276 1566 1608 1638 Πρίσκιλλαν
1632 1568 1917 1622 ἀποστολι-

331 1650 444 1705 κῶν
465 1650 750 1721 ἁψαμένας
771 1650 1115 1718 σκαμμάτων
1131 1648 1367 1717 εἴδομεν.
1388 1649 1602 1721 ’Λσπερ
1618 1649 1918 1719 ἀναγκαῖον

332 1734 428 1788 καὶ
476 1734 622 1803 ὑμᾶς
664 1730 881 1800 ζηλοῦν,
932 1731 1026 1784 καὶ
1059 1730 1136 1801 μὴ
1183 1731 1391 1801 ῥήμασι
1424 1730 1604 1802 μόνον,
1641 1732 1776 1786 ἀλλά
1824 1735 1921 1787 καὶ

333 1817 625 1888 πράγμασι
657 1812 941 1886 ῥυθμίζειν
984 1812 1075 1868 τὸν
1109 1810 1478 1868 συνοικοῦντα.
1516 1814 1642 1879 Πῶς
1672 1815 1730 1869 δὲ
1755 1815 1920 1870 αὐτὸν

310 1898 700 1969 ,παιδεύσομεν
732 1897 823 1950 διά
862 1895 974 1950 τῶν
1005 1895 1383 1967 πραγμάτωνς
1416 1898 1585 1952 Ὅταν
1619 1899 1679 1953 σέ
1716 1898 1792 1973 μὴ
1822 1917 1921 1953 πο-

333 1981 507 2053 νηρὰν
543 1977 709 2034 οὖσαν
759 1979 868 2051 (an,
924 1973 1062 2050 μηδὲ
1115 1978 1381 2050 πολυτελῆ
1428 1980 1522 2034 καὶ
1568 1981 1916 2051 φιλόκοσμον,

337 2064 474 2135 μηδέ
494 2062 785 2134 προσόδους
814 2061 1116 2133 χρημάτων
1136 2060 1476 2116 ἀπαιτοῦσαν
1504 2065 1782 2135 περιττὰς,
1804 2064 1918 2119 ἀλλ’

333 2146 681 2217 ἀρκουμένην
712 2146 824 2207 τοῖς
868 2140 1019 2197 οὖσι·
1052 2143 1177 2196 τότε
1212 2145 1340 2214 γὰρ,
1371 2145 1493 2197 τότε
1540 2146 1634 2199 καὶ
1678 2146 1918 2217 συμϐουο-

334 2228 593 2298 λευούσης
619 2227 887 2294 ἀνέξεται.
929 2227 1053 2280 Ἐὰν
1074 2226 1129 2279 δὲ
1154 2227 1450 2297 φιλοσοφῇς
1474 2228 1574 2298 μὲν
1605 2232 1719 2293 τοῖς
1748 2231 1920 2300 ῥήμα-

335 2319 441 2375 σιν,
480 2314 539 2366 ἐν
576 2311 634 2364 δέ
662 2314 774 2374 τοῖς
822 2311 1112 2382 πράγμασι
1140 2308 1401 2365 τάναντία
1429 2314 1609 2383 ποιῇς,
1638 2311 1919 2381 καταγνώ-

335 2395 489 2450 σεταί
522 2412 616 2448 σου
653 2394 922 2465 φλυαρίαν
952 2392 1176 2465 πολλήν.
1203 2393 1371 2448 Ὅταν
1401 2394 1459 2448 δέ
1504 2395 1645 2467 μετὰ
1671 2395 1782 2450 τῶν
1818 2399 1917 2468 ρη-

337 2484 521 2555 μάτων
548 2484 640 2537 καὶ
664 2481 762 2554 τὴν
802 2480 911 2536 ἀπὸ
955 2482 1065 2536 τῶν
1103 2481 1280 2552 ἔργων
1318 2482 1561 2554 παρέχῃς
1599 2482 1746 2553 αὐτῷ
1773 2483 1917 2537 διδαο

336 2566 581 2629 σκαλίαν,
641 2567 764 2619 τότε
814 2566 912 2619 καὶ
960 2564 1282 2631 ἀποδέξεταί
1329 2583 1389 2618 σε
1425 2568 1521 2620 καλ⁹
1563 2566 1916 2638 πεισθήσεται

336 2649 535 2720 μᾶλλον
557 2666 570 2678 ·
606 2642 716 2702 οἷον
749 2648 879 2702 ὅταν
907 2646 1128 2718 χρυσίον
1153 2647 1227 2719 μὴ
1253 2647 1442 2720 ζητῇς,
1476 2650 1610 2721 μηδὲ
1643 2651 1915 2723 μαργαρί-

332 2739 453 2794 τας,
482 2731 618 2801 μηδὲ
650 2728 961 2800 ίματισμῶν
993 2730 1344 2785 πολυτέλειαν
1365 2749 1378 2762 ·
1408 2731 1524 2786 ἀλλ’
1553 2734 1676 2787 ἀντὶ
1710 2734 1917 2788 τούτων

333 2812 687 2884 κοσμιότητα,
720 2809 1094 2885 σωφροσύνην,
1124 2813 1357 2878 εὔνοιαν,
1390 2816 1484 2869 καὶ
1526 2817 1679 2887 παρὰ
1710 2816 1916 2888 σαυτῆς

332 2897 505 2950 ταῦτα
544 2895 872 2967 εἰσαγάγῇς,
915 2896 1008 2949 καὶ
1048 2899 1178 2967 παρ’
1212 2897 1422 2950 ἐκείνου
1457 2898 1629 2952 ταῦτα
1655 2901 1911 2971 ἀπαιτῇς.

334 2982 397 3034 Εἰ
430 2981 539 3052 γάρ
577 2981 683 3052 χρή
720 2997 775 3033 τι
824 2981 903 3043 εἰς
947 2980 1240 3051 ἀρέσκειαν
1272 2984 1444 3033 ποιεῖν
1486 2982 1696 3051 ἀνδρὸς,
1737 2982 1914 3053 ψυχὴν

331 3067 430 3130 δεῖ,
458 3066 517 3118 οὐ
554 3065 715 3135 σῶμα
744 3065 971 3133 κοσμεῖν
997 3062 1088 3115 καὶ
1113 3061 1463 3132 διαφθείρειν.
1489 3064 1624 3116 Οὐδὲ
1648 3065 1756 3133 γὰρ
1772 3064 1913 3117 οὕτω

333 3147 554 3217 χρυσίον
574 3146 957 3218 περικείμενον
982 3146 1195 3213 ποιήσει
1218 3146 1519 3214 ἐπέραστον
1542 3148 1636 3200 καὶ
1660 3146 1913 3218 ποθεινὴν

335 3228 490 3300 [56η
520 3228 735 3297 ἐκείνῳ,
772 3228 847 3289 ώς
889 3226 1212 3297 σωφροσύνη
1243 3227 1339 3278 καὶ
1366 3226 1545 3281 εὔνοια
1575 3230 1700 3300 περὶ
1727 3230 1912 3293 αὐτόν,

333 3313 428 3366 καὶ
447 3313 508 3365 τὸ
523 3310 959 3382 ύπεραποθανεῖν
976 3310 1069 3363 τοῦ
1092 3309 1483 3373 συνοικοῦντος.
1507 3311 1692 3366 Ταῦτα
1713 3313 1913 3385 μᾶλλον

331 3388 609 3466 χειροῦται
632 3394 757 3456 τοὺς
781 3392 997 3464 ἄνδρας.
1032 3393 1267 3456 Ἐκεῖνος
1291 3393 1390 3462 μὲν
1416 3394 1525 3465 γὰρ
1548 3396 1576 3446 6
1597 3395 1799 3472 κόσμος
1822 3396 1915 3450 καὶ

333 3478 694 3550 προσίσταται
719 3474 888 3546 αὐτῷ,
922 3477 1001 3539 είς
1032 3475 1216 3529 στενὸν
1244 3476 1311 3528 τά
1334 3478 1435 3548 χρὴ
1447 3488 1590 3547 ματα
1608 3478 1752 3549 αύτῴ
1780 3479 1913 3532 καθ-

335 3563 507 3626 ιστάς,
532 3561 628 3615 καὶ
657 3559 902 3631 δαπάνην
925 3562 1017 3613 καὶ
1051 3558 1308 3630 φροντίδα
1350 3560 1553 3630 πολλὴν
1576 3560 1827 3631 παρέχων
1847 3572 1872 3602 α
1895 3577 1910 3591 ·

330 3647 397 3700 τά
447 3646 505 3699 δὲ
543 3645 808 3716 εἰρημένα
840 3642 1184 3715 προσηλώσει
1216 3645 1282 3713 τῇ
1324 3646 1543 3711 γυναικὶ
1587 3644 1677 3698 τὸν
1720 3645 1911 3716 ἄνδρα.

332 3728 529 3781 Εῦνοια
557 3730 665 3798 γὰρ
687 3728 781 3780 καὶ
818 3727 968 3796 φιλία
995 3727 1089 3779 καὶ
1120 3725 1282 3789 πόθος
1309 3725 1433 3779 οὔτε
1459 3726 1743 3800 φροντίδας
1775 3744 1915 3801 παρ-

333 3812 469 3881 έχει,
487 3809 609 3863 οὗτε
638 3804 885 3881 δαπάνην
921 3809 1235 3881 ἐργάζεται,
1270 3809 1407 3862 ἀλλά
1426 3810 1731 3865 τούναντίον
1747 3811 1911 3865 ἆπαν.

333 3895 601 3957 Κάκεῖνος
634 3893 734 3964 μὲν
771 3895 799 3947 6
836 3893 1041 3963 κόσμος
1072 3891 1176 3945 ὑπὸ
1220 3890 1319 3962 τῆς
1347 3892 1636 3963 συνηθείας
1681 3910 1916 3964 προσκο-

335 3977 434 4048 ρὴς
467 3976 705 4045 γίνεταγ
732 3978 762 4028 6
788 3976 845 4029 δέ
867 3979 967 4047 τῆς
999 3974 1177 4044 ψυχῆς
1206 3973 1328 4026 καθ’
1363 3975 1599 4045 ἑκάστην
1627 3975 1780 4029 ἀνθεῖ
1814 3974 1913 4047 τὴν

328 4059 566 4130 ἡμέραν,
607 4057 701 4112 καὶ
751 4058 972 4130 μείζονα
1020 4057 1250 4110 ἀνάπτει
1303 4055 1401 4128 τὴν
1453 4055 1647 4127 φλόγα.
1670 4058 1831 4110 Ὥστε
1864 4058 1913 4110 εί

332 4141 509 4210 βούλει
548 4141 701 4214 ἀνδρὶ
728 4142 1005 4211 ἀρέσκειν,
1024 4139 1217 4209 κόσμει
1240 4140 1338 4211 τὴν
1359 4140 1537 4211 ψυχὴν
1567 4139 1909 4212 σωφροσύνῃ,

332 4224 610 4297 εὐλαϐείᾳ,
645 4223 949 4296 προστασία
980 4222 1177 4284 οἰκίας.
1206 4221 1391 4276 Ταῦτα
1431 4224 1526 4276 καὶ
1571 4223 1771 4295 μᾶλλον
1796 4238 1914 4293 χει-

334 4308 543 4377 ροῦται,
567 4309 661 4362 καὶ
684 4307 935 4361 οὐδέποτε
962 4304 1213 4359 παύεται.
1238 4307 1311 4359 υύ
1334 4307 1513 4377 γῆρας
1538 4306 1796 4360 καταλύει
1820 4305 1912 4359 τὸν

333 4393 536 4462 κόσμον
576 4393 786 4455 τοῦτον,
816 4391 876 4444 οὐ
918 4390 1071 4452 νόσος
1100 4389 1384 4443 ἀπόλλυσι.
1414 4390 1517 4444 Τὸν
1549 4390 1647 4461 μὲν
1674 4389 1783 4461 γάρ
1815 4387 1911 4445 τοῦ

333 4475 582 4546 σώματος
638 4472 839 4544 κόσμον
892 4471 1081 4542 χρόνος
1125 4471 1291 4535 πολὺς
1329 4471 1545 4537 ἐξέλυσε
1564 4513 1580 4540 ,
1626 4472 1721 4526 καὶ
1758 4472 1911 4535 νόσος

388 4565 417 4595 ⁸
443 4559 541 4614 Alii
566 4565 779 4627 παρέχει.

1066 372 1124 428 8.
1165 360 1454 428 JOANNIS
1482 363 1979 428 CHRYSOSTOHI
2014 370 2335 430 ARCHIEP.
2374 370 2931 432 CONSTANTINOP.

2008 164 2037 177 1

3497 367 3608 426 εις

2018 488 2286 555 ἀνάλωσε,
2313 489 2409 544 καὶ
2432 489 2597 563 ἕτερα
2622 489 2843 543 πλείονα
2862 502 2876 518 ·
2899 485 2968 540 τά
2988 483 3045 538 δὲ
3069 482 3168 555 τῆς
3186 480 3368 554 ψυχῆς
3387 483 3611 540 πάντων

2016 572 2168 626 ἐστὶν
2210 570 2457 644 ἀνώτερα
2486 573 2711 629 τούτων.
2750 572 3019 632 Κάκεῖνος
3066 567 3165 639 μὲν
3201 568 3230 620 6
3269 566 3473 638 κόσμος
3509 569 3609 623 καὶ

2016 657 2208 727 φθόνον
2233 657 2347 727 ἔχει
2375 658 2470 710 καὶ
2503 655 2833 727 ζηλοτυπίαν
2857 653 3092 708 ἀνάπτει
3113 667 3129 683 ⁸
3155 646 3312 715 οὗτος
3343 648 3401 704 δὲ
3430 652 3608 706 καθαο

2020 738 2111 810 ρός
2139 741 2253 792 ἐστι
2286 741 2611 809 νοσήματος,
2644 738 2739 792 καὶ
2771 736 2953 807 πάσης
2998 733 3347 805 ἀπήλλακται
3392 736 3608 789 κενοδο⁹

2018 820 2153 887 ξίας.
2175 821 2331 875 Οῦτω
2360 824 2454 875 καὶ
2476 822 2546 875 τὰ
2574 822 2717 876 κατά
2735 820 2833 892 τὴν
2858 820 3034 874 οίκίαν
3059 817 3405 888 εύκολώτερα
3426 817 3604 883 ἔσται,

2017 905 2110 958 καὶ
2139 906 2172 975 ή
2208 904 2468 974 πρόσοδος
2518 905 2634 975 μετ’
2660 903 2981 974 εὐμαρείας,
3016 903 3146 956 ὅταν
3179 900 3242 954 τὸ
3267 900 3493 972 χρυσίον
3530 900 3607 972 μὴ

2015 987 2095 1060 τῷ
2127 987 2339 1060 σώματι
2368 987 2446 1057 τῷ
2477 987 2553 1057 σῷ
2586 987 2968 1059 περικείμενον
3009 981 3065 1059 ᾖ,
3100 985 3235 1056 μηδὲ
3282 984 3384 1048 τὰς
3414 986 3607 1054 χεῖρας

2015 1071 2268 1143 δεσμοῦν,
2287 1070 2401 1125 ἀλλ’
2418 1073 2498 1135 εἰς
2520 1070 2823 1140 ἀναγκαίας
2845 1071 3149 1140 παραχωρῇ
3171 1069 3197 1107 δ
3218 1067 3411 1139 χρείας
3430 1083 3445 1097 ·
3469 1061 3603 1133 οἷον,

2017 1156 2097 1218 είς
2141 1154 2433 1226 διατροφὴν
2463 1153 2709 1215 οἰκετῶν,
2734 1152 2829 1206 καλ⁵
2859 1151 3066 1206 παίδων
3092 1150 3410 1220 ἐπιμέλειαν
3435 1150 3600 1217 ἀναγ-

2018 1238 2200 1302 καίαν,
2217 1238 2313 1292 καὶ
2329 1237 2521 1309 ἐτέρας
2533 1237 2810 1309 χρειώδεις
2828 1234 3253 1307 προφάσεις.“Αν
3270 1234 3327 1287 δέ
3344 1235 3418 1305 μὴ
3434 1232 3606 1287 ταῦτα

2016 1317 2072 1396 ᾖ,
2091 1321 2414 1393 περικέηται
2433 1322 2491 1375 δὲ
2507 1321 2647 1375 αύτά
2667 1322 2732 1392 τῇ
2756 1320 2877 1390 δψει
2892 1330 2913 1358 π
2927 1360 2939 1381 ,
2956 1318 3051 1372 καὶ
3071 1320 3104 1390 ή
3126 1316 3326 1389 καρδία
3344 1333 3607 1387 στενοχω-

2021 1404 2202 1474 ρῆται,
2231 1402 2284 1456 τί
2309 1403 2370 1456 τὸ
2399 1403 2619 1474 κέρδοςς
2654 1404 2805 1457 ποῖον
2836 1401 2898 1455 τὸ
2921 1400 3145 1469 όφελοςς
3181 1401 3294 1453 υύκ
3322 1399 3516 1469 ἀφίησι
3543 1399 3606 1451 τὸ

2016 1486 2223 1558 ταύτης
2266 1487 2452 1558 θαῦμα
2483 1486 2717 1558 ὀφθῆναι
2745 1486 2926 1556 ἐκείνη
2951 1482 3441 1554 λυπουμένη.’ῐστε
3471 1482 3603 1554 γὰρ,

2020 1571 2134 1625 ἴστε
2154 1572 2257 1638 ὅτι,
2282 1571 2388 1625 κᾶν
2408 1571 2576 1641 αὐτὴν
2605 1569 2795 1624 πασῶν
2824 1566 3269 1640 εὐπρεπεστάτην
3288 1564 3374 1636 ῖδῃ
3399 1582 3483 1626 τις
3501 1582 3603 1633 γυ-

2018 1657 2200 1723 ναῖκα,
2232 1655 2293 1709 ού
2322 1654 2545 1708 δύναται
2574 1651 2870 1725 τέρπεσθαι
2900 1652 2958 1704 ἐν
2988 1649 3298 1720 όδυνωμένῃ
3318 1650 3385 1718 τῇ
3414 1647 3561 1719 ψυχῇ
3583 1665 3598 1680 ο

2017 1737 2109 1793 τδν
2130 1737 2241 1810 γὰρ
2267 1737 2529 1809 μέλλοντα
2552 1734 2870 1808 τέρπεσθαι,
2895 1733 3106 1805 χαίρειν
3128 1732 3207 1786 δεῖ
3228 1731 3488 1802 πρότερον
3507 1730 3602 1784 καὶ

2020 1820 2371 1887 ἀγάλλεσθαι.
2390 1820 2496 1873 Τοῦ
2522 1818 2747 1891 χρυσίου
2781 1818 2839 1872 δέ
2865 1817 3065 1881 παντὸς
3092 1813 3499 1886 σεσωρευμένον
3519 1814 3601 1878 είς

2019 1902 2111 1957 τὸν
2133 1902 2338 1974 κόσμον
2362 1900 2456 1957 τοῦ
2484 1901 2734 1972 σώματος
2753 1899 2847 1953 τοῦ
2869 1897 3202 1968 γυναικείου,
3230 1895 3326 1951 καὶ
3348 1912 3602 1965 στενοχω-

2023 1984 2144 2058 ρίας
2157 1982 2326 2055 οὔσης
2339 1982 2480 2037 κατά
2494 1982 2593 2055 τὴν
2609 1982 2808 2047 οἰκίαν,
2821 1981 3049 2052 οὐδεμία
3062 1980 3252 2052 τέρψις
3268 1977 3388 2031 ἐστὶ
3397 1978 3476 2048 τῷ
3489 1994 3605 2031 συν-

2018 2066 2447 2123 οικοῦντι.Ὦστε
2466 2067 2514 2120 εί
2534 2065 2837 2137 βουλόμεθα
2852 2066 3106 2136 ἀρέσκειν
3120 2066 3231 2126 τοῖς
3247 2061 3526 2133 ἀνδράσιν,
3546 2063 3604 2114 έν

2019 2152 2178 2223 ήδονῇ
2211 2149 2410 2214 αὐτοὺς
2444 2152 2879 2222 καταστήσομεν·
2910 2150 2969 2202 ἐν
2988 2148 3149 2221 ἡδονῇ
3179 2147 3238 2200 δέ
3272 2146 3606 2216 κατασσιιήσο⁴

2022 2250 2141 2305 μεν,
2153 2232 2219 2287 ἂν
2236 2232 2472 2303 περιέλω
2478 2249 2576 2303 μεν
2587 2232 2680 2286 τὸν
2695 2232 2899 2302 κόσμον
2914 2230 3147 2294 καὶτοὺς
3158 2228 3601 2297 καλλωπισμούς.

2019 2316 2205 2371 Ταῦτα
2228 2315 2336 2388 γὰρ
2367 2315 2582 2370 ἅπαντα
2614 2315 2742 2387 παρ’
2773 2313 2936 2368 αὑτὸν
2963 2313 3063 2385 τῆς
3090 2312 3487 2384 νυμφαγωγίας
3512 2311 3606 2365 τὸν

2018 2399 2209 2471 καιρὸν
2236 2398 2379 2470 ἔχειν
2398 2397 2521 2452 τινὰ
2547 2397 2739 2470 τέρψιν
2769 2398 2947 2459 δοκεῖ·
2975 2396 3199 2468 ὕστερον
3230 2395 3288 2450 δέ
3312 2395 3392 2467 τῷ
3428 2394 3606 2467 χρόνῳ

2023 2481 2364 2552 μαραίνεται.
2392 2482 2456 2534 Et
2478 2480 2589 2553 γάρ
2613 2481 2705 2534 τὸν
2736 2479 2966 2551 οὐρανὸν
2988 2479 3132 2532 οὕτω
3155 2478 3321 2532 καλὸν
3337 2479 3486 2540 δντα,
3511 2475 3605 2530 καί⁵

2016 2564 2109 2617 τὸν
2139 2564 2290 2635 ἥλιον
2321 2562 2465 2617 οὕτω
2487 2562 2760 2634 λαμπρὸν,
2784 2555 2845 2615 οὗ
2872 2560 3031 2632 σῶμα
3055 2560 3207 2613 οὐδὲν
3231 2558 3298 2613 ἃν
3324 2559 3466 2629 ἔχοις
3493 2558 3603 2612 ἴσον

2018 2649 2211 2713 εἰπεῖν,
2247 2648 2348 2718 οὐχ
2376 2647 2577 2719 ὁμοίως
2624 2646 2978 2717 θαυμάζομεν
3010 2644 3099 2698 διὰ
3135 2642 3234 2714 τὴν
3280 2641 3598 2712 συνήθειαν·

2017 2733 2138 2795 πῶς
2167 2731 2326 2801 σῶμα
2356 2730 2869 2801 κεκαλλωπισμένον
2894 2726 3284 2799 θαυμάσομεν;
3313 2726 3499 2780 Ταῦτα
3526 2724 3604 2778 λέ-

2018 2831 2119 2884 γω,
2150 2813 2467 2885 βουλόμενος
2495 2814 2639 2884 ὑμᾶς
2666 2812 2988 2884 κοσμεῖσθαι
3008 2811 3098 2865 τὸν
3114 2810 3318 2881 κόσμον
3343 2807 3432 2861 τὸν
3453 2808 3599 2878 ὑγιῆ,

2018 2898 2077 2952 6v
2099 2901 2127 2952 6
2159 2897 2368 2961 Παῦλος
2395 2895 2656 2962 ἐπέταξε·
2690 2896 2787 2963 Μὴ
2815 2893 3024 2964 χρυσῷ
3056 2894 3094 2963 ἢ
3116 2892 3523 2964 μαργαρίταις.
3561 2891 3600 2958 ἦ

2018 2979 2312 3052 ἱματισμῷ
2348 2979 2689 3043 πολυτελεῖ,
2717 2980 2854 3033 ἀλλ’
2881 2978 2913 3030 ὃ
2946 2977 3156 3048 πρέπει
3184 2974 3460 3047 γυναιξίν
3492 2973 3600 3027 ἐπ·

2019 3063 2487 3136 αττελλομέναις
2503 3062 2844 3117 θεοσέϐειαν
2865 3061 2941 3115 δι’
2957 3061 3146 3130 ἔργων
3169 3057 3420 3128 ἀγαθῶν.
3438 3056 3602 3111 Ἀλλὰ

2017 3151 2132 3211 τοῖς
2177 3146 2280 3211 ἔξω
2330 3147 2587 3219 ἀρέσκειν
2630 3144 2829 3216 βούλει,
2858 3146 2954 3199 καὶ
2982 3141 3321 3198 ἐπαινεῖσθαι
3352 3140 3484 3213 παρ’
3505 3140 3602 3194 αύ-

2019 3229 2160 3296 τῶν;
2187 3229 2437 3284 Μάλιστα
2471 3228 2570 3299 μὲν
2596 3224 2689 3282 οῦν
2710 3228 2771 3282 οὐ
2800 3226 3073 3299 σώφρονος
3102 3225 3355 3296 γυναικὸς
3377 3226 3406 3277 6
3436 3223 3601 3288 πόθος

2018 3310 2191 3378 οὗτος.
2232 3313 2380 3383 Πλὴν
2421 3313 2470 3365 εί
2515 3310 2714 3382 βούλει,
2755 3312 2850 3365 καὶ
2882 3310 3107 3373 τούτους
3152 3307 3325 3370 οὕτως
3366 3307 3600 3379 ἐραστὰς

2020 3399 2163 3465 ἕξεις
2195 3395 2458 3467 σφοδροὺς
2485 3396 2580 3449 καὶ
2607 3394 2707 3465 τῆς
2733 3392 3087 3465 σωφροσύνης
3103 3390 3412 3453 ἐπαινέτας.
3430 3388 3601 3441 Ἑκεί-

2022 3498 2119 3553 νην
2161 3481 2259 3551 μὲν
2304 3479 2413 3549 γάρ
2469 3477 2643 3541 οὐδεὶς
2685 3476 3032 3530 ἐπαινέσεται
3078 3474 3328 3545 ἐπιεικὴς
3363 3472 3459 3525 καὶ⁵
3507 3472 3601 3542 μέ-

2020 3580 2187 3632 τριος,
2217 3561 2354 3616 ἀλλά
2400 3560 2686 3615 ἀκόλαστοι
2730 3560 2824 3613 καὶ
2871 3559 3059 3627 λάγνοι
3080 3575 3094 3590 θ
3142 3557 3340 3628 μᾶλλον
3367 3556 3447 3619 δὲ,
3476 3554 3600 3609 οὐδὲ

2020 3641 2163 3700 οὗτοι
2186 3645 2587 3710 ἐπαινέσονται,
2621 3642 2759 3697 ἀλλά
2787 3642 2883 3697 καὶ
2901 3642 3087 3705 κακῶς
3114 3640 3353 3713 ἐροῦσιν,
3372 3641 3601 3693 ἀναπτε-

2024 3729 2272 3801 ρούμενοι
2297 3728 2397 3793 τὰς
2437 3727 2589 3797 ὄψεις
2623 3725 2728 3779 ὑπὸ
2754 3726 2853 3796 τῆς
2886 3726 3015 3796 περὶ
3049 3725 3145 3795 τὴν
3183 3725 3416 3792 γυναῖκα
3453 3721 3599 3775 ἀσω-

2021 3814 2138 3877 τίας
2158 3830 2171 3847 η
2196 3812 2399 3883 ταύτην
2424 3811 2481 3865 δὲ
2513 3811 2755 3864 κάκεῖνοι
2792 3809 2886 3862 καὶ
2913 3804 3081 3873 οῦτοι,
3111 3806 3206 3860 καὶ
3234 3806 3435 3868 πάντες
3464 3805 3598 3857 ἀπο-

2020 3897 2280 3963 δέξονται,
2313 3895 2407 3948 ἆτε
2442 3894 2607 3965 μηδὲν
2638 3891 2791 3964 [⁸568]
2822 3891 2993 3944 κακὸν
3028 3892 3159 3961 παρ’
3194 3888 3367 3959 αὐτῆς
3392 3886 3598 3957 λαμϐάε

2021 3995 2221 4043 νοντες,
2254 3978 2388 4031 ἀλλά
2415 3978 2510 4031 καὶ
2534 3975 2882 4030 διδασκαλίαν
2912 3973 3227 4043 φιλοσοφίας
3246 3989 3263 4006 ο
3307 3972 3403 4026 καὶ
3430 3970 3597 4032 πολὺς

2024 4062 2122 4132 μέν
2138 4061 2290 4115 ἔσται
2306 4060 2455 4131 παρά
2476 4058 2776 4130 ἀνθρώπων
2791 4061 2820 4113 6
2839 4059 3081 4123 ἔπαινος,
3103 4056 3267 4119 πολὺς
3281 4056 3337 4113 δὲ
3353 4054 3505 4126 παρά
3519 4053 3597 4125 τῷ

2020 4140 2139 4212 Θεῷ
2164 4143 2193 4195 6
2230 4141 2437 4211 μισθός.
2468 4139 2670 4193 Τοῦτον
2696 4140 2877 4193 τοίνυν
2903 4137 3233 4208 ζηλώσωμεν
3252 4134 3344 4187 τὸν
3367 4135 3593 4205 κόσμον,

2026 4226 2116 4280 ἴνα
2130 4225 2226 4279 καὶ
2239 4223 2471 4277 ἐνταῦθα
2490 4223 2628 4294 μετά
2643 4222 2827 4284 ἀδείας
2848 4221 3120 4291 ζήσωμεν,
3136 4216 3350 4272 καὶτῶν
3374 4217 3598 4286 μελλόν-

2017 4323 2125 4360 των
2136 4305 2373 4376 ἐπιτύχω
2378 4322 2475 4376 μεν
2484 4304 2720 4374 ἀγαθῶν·
2735 4299 2810 4357 ὧν
2822 4304 3031 4371 γένοιτο
3042 4302 3247 4363 πάντας
3258 4301 3291 4369 ή
3299 4300 3404 4368 μᾶς
3414 4301 3597 4352 ἐπιτυ·

2019 4391 2155 4460 χεῖν,
2180 4387 2363 4459 χάριτι
2389 4388 2485 4442 καὶ
2501 4386 2879 4458 φιλανθρωπίᾳ
2891 4385 2984 4439 τοῦ
3007 4383 3213 4456 Κυρίου
3229 4382 3390 4455 ήμῶν
3417 4382 3591 4452 Ἰησοῦ

2016 4472 2274 4543 Χριστοῦ,
2289 4465 2334 4540 ᾧ
2355 4471 2532 4543 ήδόξα
2557 4474 2635 4536 εἰς
2652 4472 2777 4535 τοὺς
2793 4469 2993 4532 αίῶνας
3017 4468 3124 4522 τῶν
3147 4468 3379 4523 αἰώνων.
3396 4468 3589 4537 Ἀμήν.

2078 4562 2104 4599 ι’
2132 4562 2337 4622 Quidam
2370 4567 2614 4625 προχωρῇ.
2682 4563 2704 4593 ε
2761 4561 2910 4610 Savil.
2937 4566 2990 4609 el
3013 4559 3119 4608 cod.
3154 4558 3248 4608 705
3270 4559 3393 4607 αὐτὰ
3410 4561 3440 4616 ἠ
3466 4558 3587 4621 ὄψις.

1764 4723 2010 4779 ΟΜΙΛῙΛ
2048 4723 2168 4776 EB’.

328 4811 439 4872 Ἦν
470 4813 536 4868 δέ
552 4830 641 4880 τις
660 4803 933 4873 ἀσθενῶν
952 4804 1215 4882 Λάζῖιρος
1240 4810 1358 4882 ἀπὸ
1376 4806 1694 4882 Βηθανίαςν
1715 4812 1783 4867 ἐκ
1800 4813 1911 4882 τῆς

366 4830 439 4871 ειν
470 4830 536 4868 σε
552 4830 641 4880 τις
660 4830 933 4873 ασυενων
952 4830 1106 4874 Λαςα
1148 4830 1215 4880 ος
1240 4830 1358 4871 ano
1376 4830 1694 4879 υηυανιας,
1715 4830 1783 4867 εκ
1800 4832 1907 4882 της

366 4896 369 4897 ⁷
396 4885 595 4954 κώμης
622 4882 851 4950 Μαρίας
886 4883 985 4954 καί
1020 4830 1261 4950 Maium;
1282 4881 1386 4950 τῆς
1406 4881 1678 4952 ἀδελφῆς
1696 4884 1907 4951 αὐτῆς.

398 4948 507 5011 Ἦν
542 4948 610 5008 δὲ
648 4948 846 5022 Μαρία
885 4948 923 5019 ἠ
964 4948 1272 5021 ἀλείψασα
1310 4948 1419 5007 τόν
1463 4948 1682 5021 Κύριον
1718 4948 1907 5024 μύρῴ.

395 5048 463 5096 α’.
485 5038 677 5094 Πολλοὶ⁵
698 5036 807 5090 τῶν
832 5034 1135 5107 ἀνθρώπων
1155 5036 1283 5090 ὅταν
1302 5035 1451 5090 ἴδωσί
1480 5054 1630 5105 τινας
1650 5037 1759 5090 τῶν
1780 5038 1909 5109 ἀρε-

326 5127 564 5180 σκόντων
607 5119 728 5192 Θεῷ
770 5120 1080 5191 πάσχοντάς
1108 5136 1162 5172 τι
1193 5120 1387 5184 δεινὸν,
1428 5117 1539 5174 οἷον
1566 5121 1598 5192 ἢ
1628 5121 1909 5193 ἀρρωστίᾳ

326 5205 740 5281 περιπεσόντας,
771 5202 807 5275 ῆ
835 5204 1017 5275 πενίᾳ,
1041 5203 1075 5274 ἢ
1106 5203 1250 5275 άλλῳ
1275 5205 1381 5258 τινὶ
1406 5204 1652 5277 τοιούτῳ,
1681 5206 1909 5279 σκανδα-

324 5293 558 5357 λίζονται
576 5305 592 5321 ο
621 5289 723 5344 οὐκ
755 5287 977 5354 εἰδότες,
1002 5288 1084 5342 ὅτι
1112 5286 1223 5341 τῶν
1248 5288 1481 5358 μάλιστα
1502 5289 1579 5360 τῷ
1600 5288 1719 5359 Θεῷ
1738 5288 1907 5356 φίλων

323 5376 381 5428 τὸ
408 5374 582 5428 ταῦτα
615 5374 843 5445 πάσχειν
875 5374 1022 5427 ἐστίν
1040 5387 1056 5403 ⁶
1086 5373 1208 5428 ἐπεὶ
1236 5374 1329 5428 καὶ
1356 5376 1384 5427 ό
1411 5373 1659 5445 Λάζαρος
1686 5374 1793 5426 τῶν
1819 5373 1908 5443 φί-

320 5460 428 5512 λων
456 5455 524 5529 ἦν
549 5458 644 5511 τοῦ
680 5456 941 5528 Χριστοῦ,
977 5458 1072 5511 καὶ
1104 5457 1342 5527 ἡσθένειι
1378 5458 1549 5511 Τοῦτο
1571 5458 1702 5526 γοῦν
1730 5458 1825 5510 καὶ
1855 5457 1907 5510 οί

324 5542 641 5613 πέμψαντες
684 5539 869 5608 ελεγον
892 5557 906 5570 ο
941 5541 1064 5595 Ἴδε
1116 5541 1189 5594 ὃν
1241 5541 1439 5609 φιλεῖς
1486 5539 1747 5595 ἀσθενεῖ.
1766 5538 1906 5592 ’Λλλ’

288 5628 525 5697 δίδωμεν
578 5622 785 5679 ἀνωθεν
836 5624 937 5693 τὴν
988 5620 1458 5694 περικοπήν.Ἦν
1502 5632 1649 5690 τις-⁸,
1700 5623 1906 5695 φησὶν.

285 5702 289 5707 ’
323 5708 591 5765 ἀσθενῶν
627 5707 888 5773 Λάζαρος
925 5707 1041 5761 ἀπὸ
1075 5708 1392 5775 Βηθανίας.
1421 5709 1533 5777 Οὐχ
1566 5706 1750 5769 ἁπλῶς
1787 5706 1910 5760 οὐδὲ

321 5800 398 5861 (εις
446 5795 636 5863 ἔτυχεν
686 5787 808 5843 εἷπε
856 5788 1017 5842 πόθεν
1055 5786 1123 5858 ἦν
1147 5793 1175 5842 ό
1211 5789 1479 5861 Λάζαρος,
1507 5790 1645 5844 ἀλλά
1671 5790 1760 5844 διά
1786 5805 1909 5843 τινα

327 5880 503 5931 αττέχν
530 5876 596 5945 ἦν
632 5873 770 5945 μετά
798 5871 969 5926 ταῦτα
994 5873 1129 5943 ἐρεῖ.
1157 5872 1307 5934 Τέως
1333 5873 1390 5924 δὲ
1419 5872 1514 5926 τοῦ
1548 5872 1906 5947 προκειμένου

394 5975 416 6007 ⁸
446 5979 617 6029 Morel.
644 5978 699 6028 ἦν
725 5972 810 6042 ’γᾶρ
834 5995 917 6030 τις.
944 5975 1093 6026 Smil.
1121 5981 1172 6024 cl
1195 5973 1276 6024 alii
1300 5976 1354 6035 ἦν
1391 5994 1472 6030 tu;

2011 4811 2287 4883 ἐχώμεθα.
2320 4812 2429 4867 Καὶ
2470 4813 2568 4877 τάς
2613 4812 2844 4882 ἀδελφὰς
2870 4814 2927 4867 δὲ
2956 4811 3122 4868 αὑτοῦ
3154 4814 3301 4882 ἡμᾶς
3350 4811 3590 4865 διδάσκει

2010 4897 2297 4968 χρησίμως
2319 4910 2333 4926 ⁸
2368 4896 2462 4949 καὶ
2487 4896 2566 4948 ἔτι
2594 4897 2622 4949 6
2654 4898 2816 4950 πλέον
2860 4895 2971 4968 εἶχε
3002 4895 3213 4969 Μαρία,
3241 4896 3462 4965 ἐπάγων
3497 4897 3590 4950 καὶ

2010 4981 2184 5047 λέγων
2207 4996 2218 5008 ·
2248 4974 2370 5033 Ἦν
2412 4978 2481 5032 δὲ
2516 4981 2755 5049 Μαρίαδ
2802 4980 2841 5048 ἠ
2886 4982 3196 5050 ἀλείψασα
3226 4980 3337 5034 τόν
3374 4982 3590 5048 Κύριον

2004 5064 2192 5133 μύρῳ.
2210 5061 2474 5115 Ἐνταῦθά
2499 5078 2646 5127 τινες
2676 5063 3083 5137 διαποροῦντες,
3117 5063 3261 5127 Πῶς,
3289 5065 3474 5135 φησὶν,
3498 5065 3591 5132 ῆν-

2011 5146 2199 5216 έσχετο
2239 5144 2269 5198 ό
2304 5145 2537 5216 Χριστὸς
2563 5146 2820 5214 γυναικὸς
2851 5145 3076 5200 τοιαῦτα
3109 5146 3402 5216 ποιούσης;
3432 5145 3588 5215 Πρῶ-

2011 5246 2103 5287 τον
2134 5229 2234 5300 μὲν
2278 5224 2371 5282 οὖν
2404 5229 2579 5281 ἐκεῖνο
2622 5229 2918 5297 ἀναγκαῖον
2944 5230 3153 5300 μαθεῖν,
3181 5230 3263 5283 ὃτι
3308 5230 3407 5298 ούχ
3449 5228 3587 5298 αῦτη

2012 5313 2158 5367 ἐστὶν
2177 5313 2211 5382 ή
2240 5311 2411 5384 πόρνη
2437 5312 2470 5382 ή
2501 5313 2558 5364 ἐν
2581 5310 2660 5380 τῷ
2689 5312 2973 5383 Ματθαίῳ,
3002 5312 3124 5365 οὐδὲ
3147 5314 3180 5382 ή
3206 5315 3264 5365 ἐν
3286 5311 3364 5381 τῷ
3384 5312 3585 5380 Λουκᾷ·

2011 5395 2144 5466 άλλη
2184 5395 2294 5466 γὰρ
2342 5394 2796 5465 αῦτη.⁹Εκεῖναιε
2848 5394 2947 5465 μὶν
2974 5393 3082 5465 γὰρ
3132 5395 3327 5463 πόρναι
3355 5394 3418 5462 δή
3449 5410 3592 5454 τινες

2010 5476 2150 5552 ἦσαν
2170 5480 2262 5533 καὶ
2288 5478 2497 5531 πολλῶν
2518 5479 2787 5548 γέμουσαι
2811 5477 2999 5531 κακῶν
3018 5493 3033 5509 ο
3065 5476 3204 5546 αῦτη
3225 5478 3282 5530 δὲ
3302 5477 3397 5530 καὶ
3420 5493 3478 5529 σε
3487 5476 3589 5546 μνὴ

2013 5565 2109 5620 καὶ
2142 5562 2423 5617 σπουδαία.
2451 5564 2562 5616 Καὶ
2589 5563 2697 5635 γάρ
2729 5562 2857 5633 περὶ
2878 5564 2975 5632 τὴν
2996 5563 3263 5633 ὑποδοχὴν
3292 5562 3589 5624 ἐσπούδαζε

2012 5648 2108 5703 τοῦ
2139 5648 2396 5720 Χριστοῦ.
2426 5648 2677 5702 Δείκνυσι
2705 5648 2763 5701 δὲ
2787 5651 2817 5701 6
2844 5648 3258 5717 εὐαγγελιστὴς,
3288 5648 3370 5700 δτι
3409 5648 3503 5700 καὶ
3535 5645 3591 5697 αἱ

2011 5731 2240 5802 ἀδελφαὶ
2281 5730 2498 5799 ἐφίλουν
2543 5731 2729 5795 αὐτὸν,
2762 5732 2855 5786 καὶ
2905 5732 3055 5802 ὅμως
3107 5730 3452 5800 συνεχώρησε
3502 5727 3591 5779 τὸν

2013 5815 2263 5887 Λάζαρον
2291 5814 2600 5870 ἀποθανεῖν.
2632 5815 2789 5878 Τίνος
2809 5814 2866 5867 δέ
2894 5814 3078 5869 ἕνεκεν
3105 5814 3206 5865 οὐκ
3250 5812 3478 5863 ἐάσασαι
3502 5807 3591 5860 τὸν

2072 5914 2103 5953 δ
2126 5913 2225 5987 Ali!
2240 5915 2404 5975 λέγων·
2430 5914 2557 5988 Λῦτη
2578 5912 2766 6023 γξὲἧν.
2800 5914 2935 5977 φησί,
2957 5912 3134 5979 Μαρία.
3183 5913 3207 5942 ⁸
3246 5907 3347 5961 Mor
3404 5908 3585 5967 Λουκᾷ·

2076 5978 2116 6023 λ’
2155 5979 2287 6023 ἕτερα
2317 5993 2385 6023 τις
2417 5990 2581 6023 curm.
2686 5991 2849 6023 xazvou.

2014 5978 2116 6027 ἀλλ’
2155 5978 2287 6043 ἑτέρα
2317 5993 2385 6030 τις
2417 5978 2581 6034 σ;μνὴ.
2630 5978 2849 6024 Ἐκεῐναι.
