4072 6152
518 556 689 602 mare.
710 538 777 595 Et
793 534 1062 610 quomodo
1084 533 1331 590 maritum
1348 535 1600 606 operibus
1613 538 1922 594 erudiemus
1935 539 1959 592 ’ἒ
1973 536 2107 593 Cum

517 645 571 692 te
599 630 800 689 videbit
838 644 941 685 nec
967 628 1262 699 improbam
1283 669 1299 695 ,
1326 641 1425 683 nec
1450 628 1740 695 curiosam,
1770 644 1869 686 nec
1888 638 2108 686 ornatus

517 733 808 787 amantem,
855 735 964 776 non
994 718 1291 790 superﬂuos
1316 729 1566 790 sumptus
1592 732 1960 793 expetentem,
2011 721 2106 778 sed

517 816 871 889 prtesentibus
906 822 1250 877 contentam;
1285 821 1413 868 tunc
1460 821 1514 871 te
1555 815 1923 871 consulentem
1951 815 2102 870 feret.

518 910 574 966 Si
604 917 783 964 autem
810 905 990 962 verbis
1035 903 1457 975 philos0pheris,
1487 907 1649 962 rebus
1682 922 1811 961 vero
1840 909 2105 961 contraria

521 1001 732 1067 feceris,
766 1008 891 1052 tunc
913 996 1292 1067 loquacitatem
1316 1006 1461 1053 tuam
1486 997 1776 1051 damnabit.
1810 996 1901 1052 Sin
1930 996 2107 1053 verbis

520 1092 675 1147 simul
700 1097 754 1145 et
777 1087 1031 1157 operibus
1049 1083 1352 1143 doctrinam
1381 1087 1606 1152 inferas,
1648 1096 1771 1141 tunc
1800 1096 1852 1142 te
1878 1087 2106 1157 excipiet

518 1192 678 1254 atque
709 1180 877 1251 magis
903 1178 1300 1251 obtemperabit
1328 1198 1342 1234 :
1378 1187 1434 1233 ut
1456 1193 1577 1233 cum
1604 1193 1789 1231 aurum
1821 1192 1926 1232 non
1961 1193 2106 1246 qua:—

517 1290 624 1341 res,
657 1287 827 1342 neque
853 1274 1170 1343 margaritas
1189 1312 1205 1337 ,
1238 1286 1411 1340 neque
1438 1271 1871 1325 vestimentorum
1900 1269 2106 1339 magni-

519 1365 822 1429 ticentiam;
866 1361 964 1419 sed
1006 1364 1194 1419 horum
1247 1363 1386 1429 loco,
1435 1362 1768 1427 modestiam,
1800 1371 2104 1432 temperan-

518 1456 667 1517 tiam,
721 1452 1150 1509 benevolentiam
1183 1470 1198 1508 :
1229 1463 1391 1523 utque
1420 1468 1486 1507 ex
1516 1454 1685 1522 teipsa
1713 1452 1827 1507 lnec
1870 1451 2059 1508 afferes
2083 1493 2102 1521 ,

515 1548 594 1602 sic
614 1545 684 1602 ab
702 1543 798 1602 illo
821 1547 1011 1602 eadem
1040 1546 1242 1616 exiges.
1287 1545 1417 1599 Nam
1447 1544 1495 1598 si
1537 1544 1663 1615 quid
1695 1544 1761 1598 ad
1789 1544 2105 1613 placendum

519 1642 635 1695 viro
652 1640 722 1694 sit
750 1637 1038 1709 agendum,
1078 1637 1310 1690 animam
1338 1644 1567 1706 oportet,
1616 1650 1721 1689 non
1767 1649 1963 1704 corpus
2010 1650 2103 1690 or-

519 1746 669 1797 nare,
700 1730 809 1784 imo
838 1743 1199 1798 corrumpere.
1223 1727 1405 1798 Neque
1431 1728 1571 1782 enim
1600 1728 1671 1782 ita
1713 1735 1763 1782 te
1791 1728 1868 1782 illi
1894 1727 2100 1783 amabi-

518 1819 625 1874 lem
667 1813 855 1873 aurum
905 1817 1115 1882 reddet,
1147 1829 1206 1872 ut
1234 1818 1586 1886 temperantia
1618 1825 1672 1872 et
1711 1819 2099 1887 benevolentia,

519 1918 680 1979 atque
700 1909 906 1963 animus
931 1909 994 1963 ad
1022 1908 1181 1963 vitam
1210 1923 1307 1979 pro
1325 1910 1515 1963 marito
1540 1909 1839 1979 ponendam
1865 1921 2097 1979 paratus.

524 1999 654 2054 llaec
678 2001 820 2054 viros
857 2001 1088 2069 capiunt.
1107 1999 1240 2055 Nam
1271 2001 1442 2055 cultus
1465 2000 1554 2055 ille
1582 2000 1883 2070 superfluus
1911 2000 2099 2070 dislili-

522 2099 609 2146 cet
630 2090 723 2157 illi,
743 2106 851 2145 rem
878 2090 1190 2161 familiarem
1218 2100 1485 2158 coarctat,
1508 2101 1561 2147 et
1582 2101 1852 2162 sumptum
1875 2102 1926 2147 et
1947 2108 2102 2149 curas

519 2181 679 2250 parit.
709 2182 778 2233 At
803 2196 920 2250 quae
939 2181 1085 2246 prius
1111 2182 1249 2237 dicta
1272 2194 1418 2248 sunt,
1450 2183 1621 2236 virum
1647 2184 1797 2237 uxori
1826 2185 2097 2253 copulant.

520 2270 898 2327 Bcnevoleutia
929 2273 1143 2342 quippe,
1175 2273 1426 2337 amicitia,
1450 2273 1792 2340 desiderium,
1817 2289 1917 2330 nec
1945 2290 2101 2332 curas

518 2360 737 2429 faciunt,
772 2378 871 2418 nec
894 2364 1187 2434 impensam
1215 2365 1464 2435 exigunt;
1491 2366 1597 2419 imo
1622 2367 1951 2421 contrarium
1984 2382 2101 2421 om-

519 2453 667 2507 nino.
711 2452 943 2509 Ornatus
973 2454 1184 2524 quidem
1219 2455 1308 2509 ille
1336 2471 1365 2510 a
1406 2456 1791 2511 consuetudine
1833 2457 2096 2512 fastidium

517 2542 795 2612 ingenerat
830 2561 843 2597 :
878 2543 1070 2597 anima:
1113 2559 1241 2598 vero
1285 2555 1506 2599 ornatus
1534 2546 1772 2614 quotidie
1799 2544 1955 2600 ﬂoret
1981 2588 1994 2611 ,
2043 2556 2097 2601 et

518 2633 776 2700 majorem
827 2634 1071 2688 accendit
1100 2633 1386 2688 ilatnmam.
1433 2634 1611 2703 Itaque
1641 2637 1683 2690 si
1727 2637 1842 2691 viro
1889 2638 2096 2706 placere

516 2716 826 2787 Velim-orna
858 2726 1089 2779 animam
1130 2726 1374 2781 castitate
1394 2767 1409 2785 .
1439 2728 1653 2796 pietate,
1686 2729 1760 2783 rei
1786 2728 2095 2784 domestiem

515 2829 664 2869 cura.
693 2815 819 2871 llme
848 2817 1077 2871 maxime
1115 2818 1385 2880 alliciunt,
1407 2829 1458 2871 et
1499 2834 1783 2887 numquam
1823 2818 2089 2874 desinunt.

518 2907 669 2962 llunc
692 2917 936 2962 ornatum
986 2924 1089 2963 non
1129 2920 1375 2964 senectus
1406 2911 1589 2972 solvit,
1618 2925 1719 2964 non
1750 2912 1965 2965 morbus
2000 2929 2093 2966 au-

517 2997 652 3064 fert;
686 3000 778 3055 sed
803 3002 1044 3071 corporis
1071 3003 1271 3055 collum
1299 3002 1603 3055 diuturnum
1636 3013 1843 3071 tempus
1889 3005 2087 3071 atterit,

516 3091 734 3146 morbus
759 3094 1043 3159 consumit,
1068 3094 1276 3162 aliaque
1322 3096 1482 3147 multa
1518 3095 1766 3163 perdunt.
1812 3097 2089 3151 Atanimte

513 3184 649 3239 bona
686 3185 768 3239 his
809 3187 1054 3242 omnibus
1080 3197 1203 3242 sunt
1231 3191 1526 3257 superiora.
1572 3189 1663 3244 Ille
1693 3200 1910 3245 ornatus
1956 3193 2088 3247 invi-

513 3273 653 3328 diam
682 3276 819 3345 parit
839 3285 891 3330 et
912 3278 1226 3347 zelotypiam
1253 3293 1267 3342 ;
1298 3278 1383 3333 hic
1411 3295 1537 3334 vero
1560 3296 1590 3334 a
1618 3281 1802 3335 morbo
1825 3283 2009 3350 quovis
2035 3295 2087 3338 et

512 3379 541 3417 a
569 3380 703 3420 vana
731 3368 894 3436 gloria
925 3368 1058 3422 liber
1083 3377 1182 3422 est.
1218 3369 1329 3424 lloc
1357 3379 1510 3438 pacto
1538 3386 1623 3425 res
1645 3370 1935 3428 domestica
1960 3372 2088 3428 faci-

512 3455 613 3511 lior
637 3457 735 3512 erit
756 3499 772 3523 ,
805 3468 859 3513 et
889 3469 1176 3527 proventus
1208 3460 1422 3516 uberior
1442 3504 1457 3529 ,
1503 3464 1716 3532 quando
1741 3480 1925 3519 aurum
1977 3483 2082 3522 non

508 3548 718 3616 corpori
750 3555 839 3602 tuo
866 3549 1297 3619 circumpositum
1325 3552 1446 3617 erit,
1479 3568 1578 3607 nec
1627 3570 1814 3608 manus
1862 3555 2079 3624 iigabit;

508 3636 601 3690 sed
631 3652 726 3706 pro
757 3641 1071 3695 necessariis
1100 3641 1429 3711 expendetur
1454 3643 1641 3696 usibus
1674 3661 1688 3697 :
1718 3652 1775 3696 ut
1815 3644 1866 3697 in
1905 3645 2080 3699 cibum

509 3740 808 3797 servorum,
839 3730 1066 3785 ﬁliorum
1096 3747 1276 3787 curam
1309 3733 1686 3801 necessariam,
1736 3736 1944 3805 aliaque
1989 3752 2079 3791 ra-

1469 399 1478 406 '
1554 414 1621 476 IN
1655 416 1971 479 JOANNEM
2011 416 2243 479 llOMlL.
2281 420 2441 482 an.
2481 424 2551 480 al.
2591 420 2726 482 LXI.

3697 434 3804 494 5ίί

2212 535 2341 591 tioni
2368 548 2748 595 consentanea.
2770 539 3017 611 Alioquin
3056 541 3101 598 si
3131 540 3246 599 haec
3270 544 3325 601 in
3355 545 3538 603 lusum
3586 563 3800 620 pra-po-

2210 639 2427 693 nantur,
2455 630 2581 685 dum
2606 646 2701 687 eor
2724 633 2952 703 angitur,
2977 634 3119 705 quod
3145 637 3397 692 lucrum?
3416 654 3538 709 qua:
3560 642 3801 696 utilitas?

2210 720 2438 777 Tantum
2474 723 2676 779 cultum
2708 739 2812 779 non
2838 725 2964 780 sinit
2985 726 3139 780 dolor
3163 727 3425 797 aspicere.
3449 730 3607 786 Scitis
3632 734 3795 799 enim,

2210 813 2360 868 scitis
2410 813 2611 883 utique,
2640 814 2782 885 quod
2810 816 2856 869 si
2897 817 3018 886 quis
3048 818 3326 873 mulierem
3368 821 3608 876 omnium
3633 838 3796 877 orna-

2214 904 2473 959 tissimam
2501 904 2698 969 videat,
2721 905 2977 961 delectari
3008 922 3112 961 non
3162 917 3358 977 potest,
3403 909 3448 964 si
3478 913 3689 967 animus
3726 915 3798 969 sit

2210 996 2264 1051 in
2291 1011 2524 1053 mmrore
2548 1015 2562 1052 :
2586 997 2677 1067 qui
2710 998 2853 1053 enim
2875 998 2987 1054 vult
3011 998 3287 1061 delectari.
3321 1000 3507 1056 hilaris
3537 1004 3608 1058 sit
3627 1019 3794 1074 opor—

2212 1094 2308 1142 tet.
2364 1086 2423 1144 Si
2461 1096 2642 1143 autem
2673 1102 2860 1143 aurum
2912 1098 3079 1144 totum
3128 1090 3195 1145 ad
3257 1092 3557 1147 ornandum
3614 1096 3797 1151 uxoris

2209 1194 2403 1249 corpus
2431 1180 2754 1250 insumptum
2783 1190 2883 1248 est,
2916 1182 2966 1236 in
2985 1183 3226 1251 angustia
3249 1184 3322 1239 rei
3346 1183 3624 1240 familiaris
3654 1189 3794 1244 nulla

2208 1279 2384 1339 potest
2411 1284 2530 1325 esse
2551 1270 2665 1326 heri
2689 1272 2949 1342 voluptas.
2971 1273 3304 1343 Quapropter
3329 1276 3373 1330 si
3396 1276 3554 1331 vultis
3583 1278 3794 1349 placere

2207 1360 2361 1427 viris,
2392 1359 2587 1417 dabitis
2614 1363 2872 1433 voluptati
2895 1363 3071 1418 locum
3094 1378 3110 1416 :
3136 1363 3330 1420 dabitis
3351 1380 3534 1436 porro,
3558 1369 3601 1422 si
3633 1370 3792 1426 talem

2208 1453 2408 1507 cultum
2437 1462 2493 1509 et
2531 1463 2776 1508 ornatum
2807 1453 3021 1510 tollatis.
3053 1453 3181 1509 [Lee
3213 1455 3408 1525 quippe
3427 1460 3603 1512 omnia
3630 1473 3794 1531 spon-

2208 1545 2399 1599 salium
2443 1554 2684 1616 tempore
2712 1545 2994 1616 quamdam
3024 1546 3276 1603 videntur
3301 1546 3501 1604 habere
3543 1551 3793 1621 volupta-

2208 1641 2347 1701 tem;
2378 1634 2697 1705 domumque
2725 1644 2968 1705 tempore
2996 1645 3349 1692 marcescunt.
3371 1637 3426 1693 Si
3445 1639 3587 1694 enim
3602 1642 3792 1697 caelum

2208 1732 2319 1779 tam
2349 1724 2630 1793 pulchrum
2655 1766 2672 1792 ,
2704 1726 2873 1781 solem
2901 1733 3008 1780 tam
3054 1726 3392 1795 splendidum
3415 1768 3432 1796 ,
3460 1729 3546 1784 cui
3587 1731 3790 1788 nullum

2206 1828 2304 1884 par
2329 1828 2449 1869 esse
2473 1829 2669 1884 corpus
2684 1814 2905 1881 dixeris,
2929 1814 2999 1870 ob
3023 1816 3465 1872 consuetudinem
3487 1833 3593 1874 non
3624 1835 3791 1892 usque

2206 1905 2341 1961 adeo
2366 1906 2644 1972 miramur,
2673 1906 2944 1977 quomodo
2967 1917 3213 1962 ornatum
3243 1923 3438 1978 corpus
3457 1909 3544 1965 diu
3571 1913 3788 1968 mirabi‘

2206 1996 2368 2050 mur?
2393 1996 2506 2051 Hoc
2531 1996 2651 2052 dico
2670 2036 2687 2064 ,
2729 1996 2869 2067 quod
2899 1998 3058 2053 velim
3099 2013 3197 2053 vos
3239 2000 3417 2054 ornari
3448 2012 3574 2057 vero
3616 2003 3787 2073 cultu,

2205 2101 2364 2157 quem
2396 2088 2590 2143 Paulus
2624 2088 2914 2158 prtecepit:
2944 2086 3067 2142 Non
3092 2105 3219 2143 auro
3257 2101 3304 2144 et
3349 2093 3659 2163 margaritis,
3695 2108 3784 2149 aut

2205 2189 2338 2233 veste
2371 2180 2589 2250 pretiosa
2611 2220 2627 2247 ,
2671 2180 2760 2234 sed
2787 2180 2924 2249 quod
2969 2181 3106 2235 decet
3136 2181 3399 2247 mulieres,
3434 2185 3783 2252 promittentes

2206 2270 2438 2339 pietatem
2455 2286 2542 2339 per
2558 2285 2711 2338 opera
2736 2270 2865 2324 bona
2885 2269 2964 2341 (1.
2983 2268 3119 2324 Tim.
3136 2270 3190 2324 2.
3213 2270 3247 2325 9
3260 2280 3304 2326 et
3326 2270 3435 2343 10).
3459 2272 3564 2328 Sed
3590 2274 3666 2329 vis
3685 2291 3783 2330 ex-

2206 2358 2369 2413 ternis
2399 2358 2629 2428 placere,
2671 2359 2739 2414 ab
2770 2360 2940 2429 iisque
2988 2359 3229 2416 laudari?
3275 2360 3433 2417 Certe
3480 2380 3583 2419 non
3612 2375 3775 2421 casta:

2204 2448 2442 2503 mulieris
2467 2457 2553 2519 est
2581 2449 2923 2505 desiderium.
2946 2450 3073 2505 Atsi
3102 2450 3258 2517 velis,
3287 2453 3446 2507 etiam
3475 2454 3596 2510 illos
3616 2455 3782 2513 habe-

2205 2538 2286 2592 bis
2324 2547 2377 2591 et
2405 2548 2673 2593 amatores
2703 2548 2758 2594 et
2798 2541 3059 2595 castitatis
3090 2540 3417 2598 laudatores.
3446 2542 3594 2599 Illam
3640 2547 3781 2602 enhn

2205 2626 2365 2681 talem
2395 2628 2674 2683 mulierem
2697 2643 2853 2683 nemo
2878 2644 3061 2699 aequus
3080 2632 3373 2687 aestimator
3400 2634 3652 2702 laudabit,
3683 2637 3778 2692 sed

2202 2717 2384 2773 lascivi
2415 2726 2618 2774 tantum
2648 2729 2703 2775 et
2726 2720 2912 2775 molles
2941 2719 3216 2787 homines;
3241 2722 3348 2777 imo
3375 2739 3443 2779 ne
3482 2723 3535 2779 hi
3563 2727 3777 2796 quidem

2199 2810 2523 2878 laudabunt,
2554 2812 2649 2867 sed
2688 2812 3004 2868 maledicent
3029 2853 3046 2871 .
3076 2828 3197 2869 cum
3228 2815 3470 2871 mulieris
3508 2817 3778 2873 lasciviam

2199 2901 2543 2958 intuebuntur
2572 2919 2587 2957 :
2619 2903 2842 2973 probam
2889 2918 3016 2960 vero
3057 2904 3195 2961 hanc
3218 2907 3495 2962 mulierem
3544 2917 3595 2963 et
3628 2908 3682 2963 hi
3725 2919 3775 2965 et

2197 2991 2273 3046 illi
2295 3008 2587 3064 omnesque
2610 2994 2931 3061 laudabunt;
2958 2997 3154 3066 quippe
3179 2998 3267 3067 qui
3289 2997 3421 3052 nihil
3450 2998 3517 3055 ab
3540 2999 3627 3053 illa
3650 3001 3773 3055 mali

2195 3085 2517 3153 acceperint,
2548 3084 2641 3140 sed
2671 3084 3022 3156 piliiOSOphitB
3046 3087 3342 3143 doctrinam
3372 3106 3387 3142 :
3418 3104 3603 3160 magna
3633 3092 3772 3161 apud

2197 3174 2441 3230 homines
2459 3176 2572 3230 laus
2598 3176 2790 3244 aderit,
2818 3192 3010 3248 magna
3027 3176 3164 3247 apud
3183 3178 3349 3233 Deum
3376 3194 3605 3236 merces.
3625 3181 3772 3237 llunc

2195 3281 2324 3337 ergo
2351 3281 2651 3336 qumramus
2674 3278 2939 3334 ornatum,
2960 3278 3015 3323 ut
3035 3279 3088 3324 et
3111 3269 3195 3324 hic
3214 3284 3334 3325 cum
3362 3269 3605 3327 libertate
3628 3273 3770 3327 viva-

2194 3373 2315 3412 mus
2336 3398 2351 3423 ,
2383 3367 2436 3412 et
2462 3357 2633 3413 futura
2659 3372 3053 3428 consequamur
3074 3359 3211 3415 bona
3246 3378 3261 3415 :
3301 3376 3420 3431 qure
3458 3376 3556 3416 nos
3583 3376 3770 3418 omnes

2190 3449 2400 3518 assequi
2418 3448 2733 3519 poutingat,
2761 3449 2928 3519 gratia
2958 3458 3014 3504 et
3057 3449 3384 3519 benignitate
3432 3450 3640 3505 Domini
3668 3468 3769 3507 no-

2190 3540 2286 3595 stri
2321 3538 2452 3595 Jesu
2478 3539 2716 3608 Christi,
2758 3540 2843 3595 cui
2882 3540 3050 3611 gloria
3089 3540 3144 3595 in
3186 3540 3380 3596 szeeula
3424 3543 3765 3598 sreculorum.

2189 3633 2384 3687 Amen.

505 3881 3765 3914 -———————————______________.__.__________._____.___

1772 3977 2119 4042 HOMILIA
2160 3980 2334 4042 Lxu
2380 3978 2491 4061 (α).

503 4109 631 4169 CAP.
663 4114 751 4170 ll.
791 4129 844 4168 ν.
878 4116 929 4170 1.
974 4115 1097 4169 Erat
1126 4125 1293 4170 autent
1335 4116 1540 4186 quidam
1569 4118 1812 4190 languens
1839 4120 2071 4177 Lazarus

573 4220 606 4257 a
646 4203 915 4272 Bethania,
956 4223 1019 4261 ετ
1063 4208 1270 4262 castello
1316 4206 1499 4264 Mariae
1547 4220 1594 4264 et
1635 4210 1854 4267 Mart/ra:
1894 4217 2082 4269 sororis

574 4295 701 4363 ejus.
742 4295 799 4352 2.
851 4296 1019 4351 Maria
1063 4309 1232 4353 autem
1278 4310 1384 4354 erat
1411 4317 1471 4355 ea
1498 4317 1611 4372 qua:
1637 4304 1780 4356 unxit
1806 4301 2081 4360 Dominum

574 4397 844 4458 unguento.

578 4522 628 4576 Ι.
684 4521 959 4579 dt'rumme
999 4525 1175 4580 amicis
1228 4525 1323 4579 Dei
1383 4527 1603 4582 maainte
1651 4538 1963 4598 competunt.
2003 4529 2083 4584 De

510 4611 678 4668 Maria
721 4633 894 4670 sorore
940 4615 1127 4671 Lazari
1171 4619 1401 4691 ᾳιιωειὶο.
1431 4619 1673 4674 -—Multi
1708 4636 1829 4676 cum
1872 4622 2080 4693 aliquos

504 4705 683 4761 vident
730 4705 972 4763 homines
1023 4709 1131 4764 Deo
1168 4720 1438 4780 acceptos,
1488 4712 1540 4766 iu
1570 4727 1862 4768 aerumnam
1890 4729 2079 4785 quam-

505 4796 669 4864 piam,
719 4807 779 4854 ut
806 4800 1074 4864 morbum,
1112 4813 1501 4872 paupertatem,
1530 4813 1623 4858 aut
1644 4805 1773 4874 quid
1798 4806 1971 4862 simile
1997 4808 2081 4862 in-

504 4885 718 4954 cidisse,
746 4889 1137 4957 perturbantur,
1183 4894 1344 4948 nescii
1392 4894 1502 4949 Deo
1542 4895 1726 4950 amicis
1770 4895 1822 4950 id
1852 4896 2080 4952 maxime

503 4989 825 5046 competere.
872 4980 1004 5035 Nam
1040 4982 1273 5039 Lazarus
1303 5001 1367 5040 ex
1395 4986 1591 5041 Christi
1621 4987 1807 5043 amicis
1831 4998 1978 5054 erat,
2024 5000 2080 5044 et

506 5064 874 5123 infirmabatur
912 5086 927 5122 :
974 5070 1026 5125 id
1069 5073 1208 5141 quod
1254 5073 1502 5129 dicebant
1549 5077 1584 5129 ii
1630 5077 1722 5145 qui
1774 5078 2076 5134 miserunt:

505 5153 635 5210 Ecce
666 5174 813 5227 quem
853 5174 997 5214 antas
1035 5162 1347 5230 inﬁnnatur.
1396 5163 1502 5219 Sed
1539 5165 1712 5220 locum
1743 5167 1900 5220 altius
1928 5183 2079 5237 repe-

505 5252 696 5302 lamus.
746 5248 893 5313 Erat,
937 5251 1127 5320 inquit,
1167 5253 1372 5321 quidam
1398 5255 1640 5325 languens
1666 5255 1892 5310 Lazarus
1918 5273 1951 5311 a
1978 5257 2079 5312 Be-
2129 5299 2133 5303 -

504 5337 700 5392 thania.
737 5339 971 5417 Nonabs
1010 5359 1069 5398 re
1095 5344 1233 5398 dixit
1264 5344 1402 5399 unde
1431 5355 1572 5400 esset
1593 5342 1846 5410 Lazards,
1892 5347 1987 5401 sed
2016 5363 2077 5402 ea

505 5424 570 5481 de
602 5442 783 5495 causa,
831 5445 989 5500 quam
1037 5441 1219 5501 postea
1268 5433 1507 5487 dicturus
1552 5443 1653 5489 est.
1695 5433 1908 5489 Interim
1953 5450 2078 5492 vero

530 5656 540 5667 ‘
562 5595 638 5667 (α)
670 5595 808 5667 Hauc
829 5598 1074 5667 homiliam
1100 5607 1151 5650 et
1171 5602 1291 5652 duas
1312 5611 1583 5667 Sequentes
1614 5604 1815 5667 edidere
1848 5604 1963 5654 olim
1989 5613 2074 5654 Pa-

501 5663 740 5728 risienscs
769 5663 1052 5728 typographi
1105 5668 1235 5728 tonio
1279 5663 1841 5728 sectiixlottibliothecze
1866 5674 2074 5728 Patrum,

501 5715 726 5790 lidiuene
748 5715 987 5779 secunda;
1007 5725 1203 5790 nomine
1226 5727 1376 5773 sancti
1404 5726 1553 5790 Basilii
1579 5726 1812 5776 Seleucia:
1838 5715 2071 5790 episcbpi;

502 5783 664 5888 latini:
713 5792 879 5831 versas
919 5796 1006 5844 per
1038 5785 1339 5839 't'heodormn
1381 5786 1622 5836 I’eltaznnn
1666 5783 1919 5838 Seeietatis
1961 5783 2073 5839 Jesu

573 5852 634 5888 co
651 5853 816 5888 ecum.

573 5852 816 5902 conisum.

2188 4123 2466 4192 praesentia
2495 4131 2802 4178 tractemus.
2844 4123 3067 4179 Sorores
3103 4124 3301 4178 utiliter
3331 4124 3550 4191 indicat,
3581 4133 3633 4180 et
3655 4125 3764 4181 Ma-

2185 4216 2316 4270 riam
2343 4230 2460 4284 qua:
2491 4215 2541 4268 in
2583 4214 2761 4284 aliquo
2800 4215 3102 4284 pi-azstabat,
3155 4214 3257 4271 hoc
3296 4216 3583 4285 adjiciens,
3636 4218 3763 4272 Erat

2183 4315 2352 4360 autem
2396 4306 2567 4360 Maria
2608 4321 2722 4373 qua:
2762 4299 3040 4359 Dominum
3079 4314 3291 4359 auxerat
3335 4318 3613 4377 unguento.
3666 4310 3762 4364 llic

2183 4397 2400 4468 quidam
2442 4398 2792 4467 qua-stionem
2821 4405 3069 4464 moveut,
3102 4413 3196 4453 cur
3227 4398 3481 4453 Dominus
3510 4398 3612 4454 hoc
3642 4408 3761 4455 nni-

2184 4489 2369 4544 lierem
2396 4488 2571 4544 facere
2603 4490 2947 4559 permiserit?
2976 4489 3156 4545 Primo
3183 4489 3364 4560 itaque
3400 4490 3577 4546 discas
3604 4507 3761 4562 opor-

2185 4588 2255 4633 tet
2278 4619 2293 4645 ,
2344 4594 2450 4634 non
2489 4579 2626 4634 hanc
2665 4593 2785 4634 esse
2816 4580 3149 4635 meretricem
3177 4580 3248 4635 de
3275 4595 3378 4650 qua
3408 4581 3683 4637 Matthazus
3706 4594 3762 4638 et

2184 4668 2378 4736 Lucas,
2421 4669 2514 4724 sed
2544 4669 2703 4723 aliam
2751 4669 3029 4725 honestam
3058 4670 3359 4727 mulierem.
3393 4671 3500 4726 Illa:
3532 4688 3761 4743 namque

2184 4761 2436 4816 mulieres
2470 4771 2622 4817 erant
2652 4762 2885 4831 peccatis
2925 4770 3130 4817 onustae
3157 4779 3171 4815 :
3214 4762 3331 4817 hzec
3358 4779 3485 4819 vero
3512 4772 3563 4820 et
3590 4765 3763 4819 hone-

2180 4860 2263 4905 sta
2308 4860 2363 4906 et
2419 4851 2675 4906 studiosa.
2733 4851 2860 4905 Nam
2915 4852 3188 4907 Christum
3238 4855 3491 4925 excipere
3534 4856 3756 4909 curavit.

2180 4939 2371 4994 Narrat
2432 4950 2608 4995 autem
2665 4942 3025 5011 evangelista,
3072 4956 3286 4997 sorores
3325 4958 3536 5011 quoque
3582 4943 3751 5010 ipsum

2181 5033 2473 5098 amavisse;
2521 5041 2575 5086 et
2615 5044 2789 5086 tamen
2823 5032 3081 5089 Lazarum
3120 5034 3254 5088 mori
3300 5034 3559 5102 permisit.
3584 5033 3758 5099 Quare

2183 5137 2309 5184 non,
2360 5129 2416 5175 ut
2455 5123 2697 5177 centurio
2740 5132 2792 5176 et
2836 5124 3084 5193 regulus,
3136 5123 3322 5178 relicto
3372 5123 3534 5176 fratre
3584 5138 3753 5190 πίει-ο-

2185 5220 2365 5279 tante,
2418 5210 2689 5266 Christum
2738 5212 2967 5279 adeunt,
3013 5213 3106 5267 sed
3156 5213 3413 5266 mittunt?
3457 5212 3755 5267 Admodum

2180 5300 2394 5355 Christo
2425 5301 2676 5367 fidebant,
2721 5302 2926 5370 ipsique
2971 5302 3255 5355 familiares
3299 5310 3477 5356 crant.
3507 5302 3755 5372 Alioquin

2182 5392 2431 5445 mulieres
2456 5402 2610 5446 erant
2639 5391 2896 5456 inﬁrmae,
2926 5401 2979 5445 et
3010 5392 3151 5443 luctu
3179 5390 3573 5447 detinebantur.
3602 5393 3756 5460 Quod

2182 5483 2322 5537 enim
2356 5497 2461 5535 non
2490 5497 2555 5536 ex
2581 5491 2886 5548 contemptu
2911 5481 2989 5533 sic
3015 5481 3274 5548 fecerint,
3324 5493 3505 5552 postea
3533 5485 3755 5540 demou-

2183 5577 2438 5622 strarunt.
2481 5568 2635 5634 Quod
2680 5569 2838 5636 igitur
2867 5568 2981 5622 haec
3024 5569 3112 5622 illa
3140 5586 3244 5623 non
3268 5580 3413 5625 esset
3448 5574 3618 5641 palam
3652 5581 3754 5628 est.

2181 5660 2285 5716 Sed
2310 5660 2475 5724 illam,
2509 5660 2735 5728 Inquies,
2766 5674 2861 5712 cur
2884 5658 3098 5714 admisit
3126 5662 3408 5716 Christus?
3447 5673 3503 5716 ut
3526 5664 3758 5718 solveret

2184 5751 2514 5818 nequitiam,
2578 5760 2634 5803 ut
2682 5749 3060 5804 humanitatem
3107 5750 3422 5819 exhiberet,
3472 5764 3523 5806 ut
3580 5753 3754 5806 discas

2186 5841 2382 5897 nullout
2418 5854 2537 5896 esse
2580 5840 2846 5910 morbum,
2898 5841 2985 5911 qui
3034 5842 3148 5913 ejus
3191 5842 3478 5898 bonitatem
3519 5848 3751 5910 superet.
