4072 6152
343 307 450 368 815

343 427 418 485 Ne
463 427 641 492 itaque
682 424 785 479 hoc
833 431 1041 479 tantum
1083 423 1338 492 respicias
1379 422 1522 492 quod
1563 422 1705 476 illam
1749 420 1920 476 admi-

339 518 489 581 serit,
521 516 613 570 sed
641 525 694 570 et
720 515 845 571 illud
873 514 1174 582 considera,
1219 514 1490 584 quomodo
1519 513 1825 567 mutaverit.
1857 513 1923 566 Et

336 624 431 660 etir
469 607 608 661 hanc
636 615 897 661 memorat
926 605 1202 661 historiam
1231 606 1600 675 evangelista?
1646 606 1754 658 imo
1795 619 1922 658 vero

335 699 461 766 quid
505 713 602 754 nos
645 699 757 753 vult
801 698 998 753 ducere
1022 739 1037 763 ,
1085 713 1206 751 cum
1247 698 1366 751 ait:
1407 697 1462 751 5.
1503 696 1716 749 Amabat
1753 705 1920 750 autem

331 791 486 846 Jesus
510 791 770 848 Mart/tam
799 799 846 845 et
883 805 1108 844 sororem
1133 792 1264 860 ejus,
1293 799 1340 843 et
1369 788 1661 842 Lazarum?
1696 789 1771 843 Ne
1797 804 1916 843 um-

330 904 491 955 quam
525 887 862 956 indignemur
888 885 967 939 vel
999 886 1404 955 :egcherstnus
1427 925 1442 951 ,
1490 884 1534 938 si
1584 884 1682 938 viri
1722 883 1917 938 virtute

331 979 540 1048 przediti
585 989 636 1033 et
676 979 765 1033 Dei
796 978 988 1041 amici,
1017 977 1068 1030 in
1099 977 1344 1030 morbum
1385 975 1640 1030 incidant.
1681 974 1735 1030 3.
1788 973 1919 1028 Ecce

329 1090 478 1136 quem
522 1088 684 1138 amas,
732 1072 1040 1139 inﬁrmatur.
1083 1067 1140 1124 In
1185 1069 1705 1123 commiserationem
1753 1066 1912 1121 Citri-

1025 355 1028 358 .
1085 307 1140 362 S.
1172 304 1449 362 JOANNIS
1485 301 1960 362 ClillYSUSTOMI
1997 306 2316 369 ARCIIIEP.
2355 313 2889 379 CONSTANTINOP.

3517 343 3617 400 3H

2035 423 2184 523 illum
2213 425 2496 523 dormire?
2537 448 2664 500 ergo
2696 436 2822 490 nihil
2854 439 2992 509 cogit
3020 441 3110 496 illo
3134 443 3305 502 abire.
3340 451 3499 523 Atqui
3531 460 3616 514 ille

2032 515 2154 570 ideo
2197 517 2426 586 dixerat,
2467 523 2673 577 Amicus
2713 539 2898 594 noster,
2941 542 2997 586 ut
3025 537 3340 596 ostenderet
3369 515 3614 601 necesse-

2029 608 2161 661 riam
2189 624 2308 666 esse
2335 613 2737 682 profectionem.

2097 697 2324 798 2.“Quia
2369 719 2498 759 vero
2539 707 2610 760 illi
2653 710 2930 780 segniores
2970 723 3149 786 erant,
3199 721 3332 778 dixit
3373 730 3608 798 tandem,

2029 787 2115 886 14.
2143 787 2378 886 Mortuus
2411 805 2502 848 est.
2533 795 2712 852 Primo
2735 802 2916 870 itaque
2947 814 3004 860 ut
3029 806 3224 866 fastum
3255 815 3484 886 tolleret,
3531 787 3609 878 sic

2026 877 2512 978 loquutus-fuerat;
2542 901 2662 941 cum
2694 903 2872 946 autem
2903 894 2952 949 id
2983 897 3056 952 illi
3088 914 3194 965 non
3225 877 3584 978 ituelligerent

2023 966 2238 1066 adjecit,
2271 968 2505 1027 Mortuus
2531 986 2623 1044 est,
2663 979 2750 1034 15.
2783 992 2831 1034 et
2859 987 3055 1053 gaudeo
3085 957 3294 1060 propter

2026 1052 2245 1156 Pmpter
2282 1063 2411 1116 vos?
2451 1064 2601 1133 Quod
2630 1069 2828 1126 absens
2857 1052 3236 1143 pra-dixerim:
3272 1085 3450 1156 itaque

333 1174 476 1218 stum
529 1163 840 1233 pertrahere
885 1161 1159 1215 volebant.
1204 1159 1394 1214 Adhuc
1438 1159 1583 1214 enim
1640 1157 1911 1213 hominem
2020 1151 2430 1250 resumite-Vero.
2462 1157 2605 1212 nulla
2633 1165 2932 1220 remanebit
2957 1169 3213 1238 suspicio.
3255 1151 3602 1250 Viden‘quo-

328 1270 452 1310 esse
496 1255 772 1323 putabant,
817 1250 958 1344 quod
1001 1266 1068 1306 ex
1109 1250 1270 1305 dictis
1310 1264 1498 1344 eorum
1538 1249 1798 1344 arguitur,
1850 1249 1914 1304 Si
2018 1239 2178 1344 modo
2205 1242 2377 1299 adhuc
2402 1246 2828 1318 imperfectiores
2850 1268 3033 1314 essent
3059 1261 3324 1335 discipuli,
3355 1287 3453 1327 nec
3483 1239 3602 1344 ejus

330 1349 509 1415 fuisses
546 1345 664 1406 hic,
710 1360 810 1395 non
858 1342 1034 1412 fuisset
1083 1351 1328 1395 martum.
1387 1339 1573 1410 Neque
1625 1339 1908 1405 dixerunt,

330 1440 463 1491 Ecce
491 1437 717 1490 Lazarus
747 1433 1082 1495 inﬁrmatur;
1132 1429 1250 1497 sed,
1283 1429 1413 1485 Ecce
1447 1445 1594 1500 quem
1624 1445 1790 1496 muas,
1823 1431 1908 1483 in-

327 1529 582 1595 firmatur.
612 1524 747 1592 Quid
779 1537 908 1594 ergo
947 1522 1236 1578 Christus?
1275 1523 1328 1577 4.
1361 1520 1486 1576 Haec
1508 1521 1778 1590 inﬁrmitas
1807 1537 1909 1575 non

322 1633 394 1676 est
444 1623 513 1675 ad
559 1630 790 1687 mortem,
841 1621 930 1674 sed
974 1635 1069 1689 pro
1112 1619 1276 1688 gloria
1322 1618 1448 1684 Dei,
1501 1628 1556 1672 ut
1597 1616 1909 1689 glariﬁcetur

327 1717 490 1771 Filius
521 1714 614 1768 Dei
651 1731 740 1784 per
765 1729 896 1767 eam.
931 1711 1065 1767 Vide
1101 1710 1374 1781 quomodo
1411 1723 1623 1766 rursum
1659 1709 1904 1766 eamdem

320 1809 463 1860 dit-at
505 1805 728 1874 gloriam
779 1818 930 1856 suam
962 1811 1016 1857 et
1052 1801 1246 1856 Patris.
1309 1801 1440 1856 Cum
1489 1802 1633 1856 enim
1660 1800 1904 1866 dixisset,

325 1899 433 1961 Dei,
487 1896 738 1962 subdidit,
789 1894 857 1951 Ut
886 1895 1197 1966 gloriﬁcatur
1243 1893 1410 1948 Filius
1440 1892 1557 1947 Dei.
1607 1893 1729 1948 Hatc
1755 1893 1904 1961 infir-

319 1991 469 2042 mitas
525 2004 624 2040 non
671 1993 742 2039 est
809 1985 878 2038 ad
931 1993 1162 2039 mortem.
1218 1982 1350 2038 Cum
1401 1984 1545 2039 enim
1588 1982 1698 2038 illic
1747 1983 1905 2039 biduo

319 2094 600 2134 mansurus
628 2086 792 2143 esset,
825 2075 1052 2131 remittit
1095 2075 1216 2130 illos
1261 2084 1321 2130 ut
1350 2075 1467 2129 haec
1495 2075 1760 2130 nuntient.
1787 2075 1903 2142 Qua

317 2173 370 2226 in
417 2187 474 2225 re
524 2167 825 2225 mirandum
867 2175 980 2233 est,
1013 2166 1156 2237 quod
1195 2179 1411 2222 sorores
1455 2181 1578 2220 cum
1631 2165 1905 2221 audissent

317 2277 422 2316 non
469 2275 590 2315 esse
637 2259 704 2315 ad
753 2267 1001 2321 mortem,
1031 2266 1087 2312 et
1115 2264 1300 2327 postea
1331 2259 1468 2312 mori
1494 2256 1772 2324 vidissent,
1821 2257 1905 2312 οι-

313 2354 477 2408 fensze
517 2369 621 2407 non
663 2351 878 2412 fuerint.
928 2366 1045 2407 rem
1074 2360 1262 2406 contra
1302 2351 1533 2407 cessisse
1573 2361 1898 2416 cernentes;

313 2463 497 2502 verum
537 2452 922 2510 accesserunt,
973 2460 1074 2500 nec
1117 2453 1374 2515 putarunt
1420 2445 1701 2500 mentitum
1749 2445 1896 2500 illum

312 2555 449 2593 esse.
495 2537 583 2592 llla
625 2548 800 2590 autem
842 2535 1120 2605 particula,
1157 2533 1246 2602 Ut,
1276 2553 1382 2590 non
1405 2537 1634 2592 causalis
1663 2546 1767 2604 est,
1800 2538 1893 2593 sed

308 2638 558 2683 eventum
589 2627 872 2698 signiﬁcat.
921 2626 1037 2680 Alia
1075 2638 1303 2698 namque
1339 2627 1437 2682 fuit
1475 2629 1644 2682 morbi
1691 2643 1848 2682 causa
1878 2647 1892 2695 ;

313 2720 403 2773 illo
444 2728 619 2773 autem
664 2718 729 2772 ad
784 2719 873 2773 Dei
916 2719 1140 2785 gloriam
1171 2734 1300 2773 usus
1329 2729 1430 2774 est.
1466 2720 1518 2775 6.
1552 2718 1621 2773 Et
1647 2737 1763 2774 cum
1787 2722 1896 2776 [me

311 2811 536 2877 dixisset,
578 2810 758 2864 mansit
797 2811 849 2863 in
891 2826 949 2864 eo
989 2811 1099 2864 loco
1144 2810 1273 2864 duos
1320 2810 1448 2865 dies.
1493 2813 1601 2866 Cur
1651 2813 1894 2866 mansit?

309 2901 381 2959 Ut
423 2905 689 2973 expirarct
735 2904 821 2958 ille
862 2911 917 2958 et
965 2903 1332 2972 sepeliretur:
1382 2917 1451 2958 ne
1497 2906 1619 2972 quis
1670 2904 1894 2968 dioeret,

311 2995 554 3048 Nondum
578 2993 888 3048 defunctum
919 2994 1213 3059 suscitavit,
1263 2992 1468 3062 sopitus
1497 3003 1699 3047 tantum
1745 3004 1893 3060 erat;

309 3085 422 3149 vel,
474 3084 691 3141 Solutus
734 3084 1026 3148 defecerat,
1082 3099 1188 3138 non
1221 3099 1367 3138 mors
1409 3094 1544 3141 erat.
1587 3083 1711 3142 ideo
1750 3095 1897 3142 tanto

307 3185 550 3248 tempore
577 3185 775 3240 manet,
799 3185 855 3231 ut
883 3176 974 3229 illo
998 3174 1107 3245 jam
1137 3183 1414 3244 corrupto,
1447 3176 1628 3231 dicere
1655 3187 1892 3245 possent,

306 3268 428 3322 Jam
448 3273 584 3341 fate:
623 3267 799 3339 (Joan
855 3269 940 3322 11.
972 3267 1100 3335 39).
1135 3267 1186 3320 7.
1219 3265 1414 3320 Deinde
1438 3267 1561 3320 dicit
1586 3268 1848 3336 discipulis
1878 3285 1892 3321 :

315 3363 502 3416 Eamus
529 3363 579 3415 in
601 3361 856 3415 Judazam.
885 3360 995 3414 Cur
1031 3375 1151 3413 etuu
1183 3374 1442 3427 nusquam
1471 3360 1541 3413 ita
1568 3358 1893 3427 pmdixerit,

307 3454 395 3507 hic.
419 3453 688 3522 prmdicit’
714 3452 874 3505 Valde
894 3451 1151 3505 timebant
1172 3469 1181 3478 ·
1202 3457 1255 3504 et
1274 3451 1397 3519 quia
1422 3451 1500 3504 sic
1527 3450 1702 3504 affecti
1719 3461 1892 3515 erant,

313 3546 569 3613 prwdicit,
619 3559 685 3598 ne
711 3544 895 3597 statim
930 3543 1228 3597 turbentur.
1279 3542 1417 3610 Quid
1453 3556 1578 3596 vero
1610 3541 1894 3610 discipuli?

307 3638 344 3689 8
412 3634 563 3687 Nunc
602 3633 892 3704 quaerebant
934 3643 981 3686 te
1018 3631 1192 3686 Indici
1240 3632 1494 3702 lapidare,
1543 3642 1589 3686 et
1633 3649 1810 3686 rursus
1837 3648 1894 3686 eo

313 3725 453 3777 nudis
475 3724 501 3776 .’
522 3723 806 3778 Timebant
833 3723 976 3778 enim
1006 3722 1165 3777 etiam
1193 3723 1264 3788 ei,
1294 3723 1387 3777 sed
1410 3724 1508 3777 sibi
1538 3724 1737 3793 magis;
1771 3740 1896 3776 non-

313 3814 440 3867 dmu
467 3813 609 3867 enim
642 3813 858 3883 perfecti
897 3822 1068 3867 erant.
1114 3813 1450 3883 Quapropter
1483 3814 1671 3866 timore
1707 3814 1893 3881 exagi-

304 3915 450 3960 tatus
465 3905 698 3961 Thomas
718 3905 845 3960 dicit
861 3905 908 3959 ei
931 3923 944 3958 :
969 3903 1178 3972 Eamus,
1207 3914 1260 3958 ιιι
1279 3915 1325 3958 et
1339 3922 1428 3958 nos
1442 3906 1746 3971 moriamur(
1757 3904 1890 3959 Ibid.

311 3998 422 4068 ιϐ).
457 3997 720 4052 luﬁrmior
761 4011 990 4067 namque
1031 4007 1085 4050 et
1137 3996 1304 4067 magis
1350 3996 1691 4051 incredulus‘
1735 4011 1891 4066 quam

302 4091 488 4145 ezeteri
533 4100 670 4144 erat.
721 4089 826 4144 Sed
873 4088 994 4143 vide
1028 4087 1298 4159 quomodo
1329 4087 1572 4142 Christus
1602 4087 1758 4143 dictis
1784 4089 1895 4141 suis

304 4184 432 4238 illos
456 4184 760 4238 conﬁrmet.
801 4181 855 4237 9.
915 4181 1098 4235 Nonne
1121 4181 1388 4235 duodecim
1431 4181 1570 4234 liora:
1600 4190 1715 4233 sunt
1747 4178 1895 4233 diei?

311 4276 407 4331 Vel
438 4279 535 4329 hoc
554 4277 705 4339 dixit,
740 4285 797 4329 ut
827 4275 1145 4338 declararet,
1175 4275 1304 4328 nihil
1331 4274 1621 4328 timendam
1645 4288 1764 4328 esse
1787 4274 1897 4326 nul-

302 4365 410 4419 lius
435 4367 534 4421 sibi
564 4366 686 4419 mali
715 4365 933 4420 conscio
960 4383 974 4427 ;
1019 4365 1111 4418 sed
1139 4380 1260 4417 eum
1289 4365 1376 4433 qui
1409 4365 1547 4417 male
1589 4363 1771 4417 fecerit
1801 4378 1897 4431 pu-

309 4457 564 4509 niendum
611 4458 822 4524 (quare
867 4455 1018 4508 nobis
1059 4453 1189 4507 nihil
1233 4453 1549 4518 timendum,
1597 4468 1718 4507 cum
1762 4452 1894 4506 nihil

313 4556 484 4600 morte
527 4549 745 4614 dignum
797 4544 1080 4599 fecerimus
1112 4546 1130 4612 )
1163 4561 1175 4596 :
1209 4544 1292 4597 vel
1334 4544 1413 4598 sic
1461 4544 1746 4611 intelligas,
1793 4543 1893 4609 Qui

308 4641 485 4692 lucem
519 4639 675 4708 liuius
701 4637 886 4692 mundi
923 4636 1085 4699 νίιιιιι,
1120 4636 1174 4690 in
1208 4644 1320 4689 tuto
1347 4644 1471 4701 est;
1504 4635 1548 4689 si
1589 4644 1767 4689 autem
1802 4636 1892 4689 ille

306 4733 363 4784 in
393 4738 505 4784 tuto
531 4739 634 4795 est,
665 4729 833 4781 multo
862 4728 1026 4798 magis
1055 4727 1100 4781 is
1121 4727 1208 4796 qui
1234 4741 1442 4781 mecum
1470 4736 1574 4790 (πει,
1621 4727 1718 4796 nisi
1749 4742 1778 4780 a
1810 4741 1895 4781 me

310 4821 638 4877 discesserit.
673 4819 765 4873 llis
805 4819 983 4873 verbis
1009 4819 1127 4872 illos
1154 4818 1513 4882 conﬁrmavit,
1555 4824 1609 4870 et
1650 4831 1894 4871 necessa-

305 4915 446 4968 riam
476 4927 694 4969 causam
726 4909 981 4972 subdidit,
1003 4925 1099 4964 cur
1125 4909 1217 4964 illo
1246 4907 1580 4979 migrandum
1613 4917 1757 4962 esset
1795 4924 1807 4960 :
1841 4917 1894 4962 et

309 5017 594 5076 postquam
635 5006 978 5069 declarasset,
1023 5020 1130 5057 non
1170 5003 1338 5057 ituros
1362 5001 1771 5072 Jerosolymam,
1801 5001 1894 5055 sed

309 5101 648 5164 iteihaniam,
675 5100 810 5154 dixit
843 5116 856 5152 :
890 5100 944 5153 11
997 5097 1226 5151 Lazarus
1253 5097 1442 5150 amicus
1467 5095 1672 5158 dormit,
1699 5104 1745 5147 et
1765 5093 1895 5146 vado

307 5201 364 5243 ιιι
392 5193 536 5245 illum
564 5204 791 5246 ρπιιειιι.
829 5190 937 5246 Hoc
978 5201 1080 5256 est,
1124 5189 1238 5244 Non
1276 5190 1466 5243 iterum
1492 5187 1626 5242 vado
1653 5203 1774 5242 cum
1796 5187 1894 5241 Ju-

307 5283 446 5337 dzeis
477 5285 843 5353 disputaturus
873 5293 924 5338 et
947 5297 1355 5349 congressurus.
1399 5281 1493 5335 sed
1525 5281 1754 5333 amicum
1795 5296 1892 5332 no-

310 5385 484 5429 3trum
533 5381 881 5430 excitaturus.
924 5376 1011 5430 19..
1045 5375 1232 5429 Dicunt
1263 5374 1506 5443 discipuli
1539 5389 1556 5426 :
1587 5372 1820 5437 Domine,
1852 5373 1893 5425 si

315 5467 520 5527 dormit,
551 5469 717 5518 saluus
743 5471 855 5518 erit.
892 5469 942 5520 Id
976 5485 1102 5520 vero
1130 5485 1232 5520 non
1277 5468 1394 5520 sine
1429 5482 1586 5520 causa
1626 5465 1893 5527 dixerunt,

312 5557 405 5609 sed
451 5565 506 5609 ut
545 5557 860 5625 impedirent
911 5559 1193 5624 quominus
1235 5560 1353 5611 iret.
1394 5557 1565 5622 Dicis,
1613 5557 1893 5625 inquiunt,

378 5711 393 5744 ⁸
433 5711 487 5762 in
514 5714 674 5762 Morel.
701 5710 905 5774 legitur,
930 5711 1160 5771 tinudior,
1189 5728 1293 5775 pro,
1323 5714 1474 5776 inagis
1505 5713 1806 5784 incredulus.

1945 2977 1964 3004 ο

2019 1331 2266 1423 virtutem
2294 1345 2350 1390 ut
2390 1354 2485 1407 par
2520 1351 2639 1397 erat
2679 1353 3104 1415 cognoscerent?
3140 1331 3290 1423 Quod
3315 1331 3404 1416 rex
3456 1331 3598 1421 metu

2015 1422 2229 1480 illorum
2276 1430 2487 1486 animos
2533 1435 2783 1492 turbante
2825 1422 3189 1509 proveniebat.
3247 1451 3311 1506 Et
3357 1469 3476 1508 cum
3511 1459 3597 1513 di-

2015 1514 2111 1578 xit,
2144 1515 2366 1585 Dormit,
2403 1521 2626 1589 addidit,
2663 1525 2806 1580 Vada
2833 1541 2888 1584 ut
2912 1535 3119 1589 excitem
3157 1555 3303 1606 eum;
3347 1560 3466 1597 eum
3498 1563 3595 1601 au-

2015 1611 2122 1698 tem
2150 1606 2304 1670 dixit,
2333 1609 2572 1668 Mortuus
2598 1626 2692 1682 est,
2725 1635 2829 1674 non
2853 1621 2963 1690 jam
2994 1625 3394 1698 addidit,Vado,
3429 1647 3483 1690 ut
3508 1655 3595 1690 stt-

2011 1693 2182 1749 scitem
2212 1714 2345 1753 eum.
2378 1701 2492 1758 Non
2533 1706 2676 1762 enim
2707 1710 2919 1766 volebat
2945 1730 3008 1768 ex
3044 1693 3221 1773 verbis
3259 1693 3548 1791 pra-dicere
3571 1768 3588 1795 ,

2011 1806 2132 1862 qua:
2160 1809 2324 1863 opere
2351 1797 2764 1856 conﬁrmaturus
2798 1815 2935 1868 erat,
2969 1821 3068 1862 nos
3103 1824 3319 1881 semper
3355 1813 3588 1885 docens,

2011 1899 2201 1938 vanam
2228 1886 2452 1956 gloriam
2481 1904 2605 1945 esse
2643 1890 2968 1962 fugiendam,
3020 1913 3194 1969 neque
3238 1911 3438 1958 temere
3476 1923 3594 1962 esse

2013 1977 2456 2044 promittendum.
2503 1980 2654 2047 Quod
2685 1983 2728 2038 si
2759 1995 2973 2056 rogatus
3013 1987 3115 2044 hoc
3143 1995 3444 2049 centurioni
3474 1997 3596 2053 frcit

2010 2066 2346 2157 (dixitenim,
2371 2069 2480 2140 Ego
2508 2073 2734 2139 veniam;
2759 2085 2804 2128 et
2823 2076 3008 2132 curabo
3024 2095 3138 2134 eum
3163 2077 3376 2154 [ΜαιιΙι.
3401 2086 3452 2139 8.
3477 2085 3591 2157 7]);

2011 2157 2062 2211 id
2092 2156 2246 2225 dixit,
2277 2170 2334 2215 ut
2357 2161 2475 2231 ejus
2502 2163 2659 2219 ﬁdem
2687 2169 3017 2226 ostenderet.
3050 2171 3105 2227 Si
3131 2175 3253 2242 quis
3283 2192 3413 2232 vero
3439 2156 3590 2235 dise-

2011 2251 2098 2315 rit,
2127 2252 2234 2307 Cur
2253 2268 2499 2312 somnum
2540 2259 2952 2328 suspicabantur
2973 2279 3096 2320 esse
3118 2266 3391 2338 discipuli,
3419 2287 3595 2342 neque

2007 2352 2273 2396 noverunt
2299 2355 2566 2401 mortuum
2595 2363 2736 2412 esse.
2762 2367 2884 2406 cum
2911 2354 3132 2420 diceret,
3188 2357 3388 2415 Vadam
3417 2373 3470 2417 et
3499 2377 3593 2418 cu-

2008 2430 2138 2484 rabo
2177 2435 2338 2488 eum!
2385 2434 2647 2506 (stultum
2691 2441 2836 2496 enim
2877 2454 2994 2498 erat
3023 2445 3066 2499 si
3097 2457 3346 2517 putarent
3385 2451 3569 2507 .lesum

2005 2521 2305 2613 quindecim
2333 2527 2503 2581 stadia
2543 2529 2913 2588 Confecturum
2949 2549 3106 2603 esse,
3139 2547 3197 2592 ut
3225 2540 3372 2596 illum
3403 2559 3588 2613 exper-

2003 2612 2272 2680 gefaceret
2301 2614 2322 2686 )
2353 2633 2366 2670 :
2399 2620 2756 2688 respondebo,
2813 2634 3025 2691 putasse
3069 2629 3190 2685 illos
3222 2630 3324 2688 hoc
3363 2612 3585 2705 mitigata

2003 2718 2144 2770 esse,
2176 2717 2234 2761 ut
2259 2707 2362 2762 alia
2392 2711 2555 2765 multa
2586 2730 2704 2781 ιιιιιο
2734 2715 2965 2772 dicebat.

2079 2797 2296 2854 Thomas
2342 2802 2568 2856 omnium
2619 2805 2995 2872 inﬁrmissimus
3054 2822 3228 2880 postea
3280 2817 3586 2886 fortissimus

2003 2889 2210 2957 e/fectus
2257 2903 2348 2946 est.
2394 2923 2466 2934 --
2501 2894 2700 2952 Omnes
2750 2900 2927 2968 itaque
2961 2900 3268 2960 Judrcorum
3323 2907 3579 2977 impetum

2005 2982 2392 3040 foru'iidabant:
2425 2988 2661 3041 omnimn
2693 2991 2928 3047 maxime
2959 2991 3193 3048 Thomas
3223 3014 3237 3050 :
3269 2996 3386 3052 ideo
3419 2998 3580 3062 dixit,

2004 3074 2091 3128 16.
2126 3073 2338 3138 Eamus,
2371 3087 2422 3129 ιιι
2452 3089 2499 3132 et
2527 3095 2617 3132 nos
2639 3083 2914 3136 moriamur
2949 3101 3063 3137 cum
3092 3102 3170 3139 eo.
3199 3086 3424 3155 Quidatu
3455 3107 3583 3143 vero

2001 3165 2204 3233 dicunt,
2251 3168 2422 3236 ipsum
2474 3172 2607 3225 mori
2658 3183 2913 3243 optasse;
2957 3177 3051 3231 sed
3083 3194 3188 3233 non
3231 3181 3298 3234 ita
3345 3197 3431 3236 res
3461 3194 3578 3237 est:

2001 3273 2123 3312 nam
2149 3260 2322 3328 potius
2341 3277 2405 3314 ex
2435 3263 2623 3317 timore
2646 3267 2980 3335 loquebatur.
3002 3267 3108 3324 Sed
3142 3286 3245 3326 non
3277 3271 3583 3344 inerepatus

2003 3349 2116 3406 fuit.
2172 3350 2302 3420 Ejus
2331 3353 2472 3408 enim
2510 3356 2867 3412 inﬁrmitatem
2909 3359 3089 3415 adhuc
3134 3362 3436 3430 tolerabat;
3489 3365 3582 3419 de-

2001 3457 2148 3498 mum
2176 3453 2321 3498 certe
2346 3444 2428 3500 his
2458 3449 2693 3501 omnium
2721 3448 3042 3506 fortissimus
3071 3452 3297 3509 cll‘ectus
3324 3465 3405 3510 est
3430 3466 3484 3510 et
3511 3458 3582 3509 iu-

2001 3536 2334 3604 superabilis.
2387 3537 2539 3604 Nam,
2589 3543 2730 3609 quod
2759 3541 3113 3599 admiratione
3137 3544 3355 3615 dignum
3388 3557 3490 3611 est,
3536 3550 3580 3601 is

2000 3641 2157 3695 quem
2185 3626 2256 3680 ita
2282 3627 2546 3684 infirmum
2569 3639 2689 3685 ante
2715 3646 2927 3686 crucem
2957 3633 3206 3698 vidimus,
3231 3647 3349 3705 post
3369 3654 3579 3691 erucem

2001 3724 2054 3769 et
2086 3726 2204 3784 post
2229 3721 2636 3775 resurrectionis
2676 3721 2832 3776 ﬁdem
2862 3723 3316 3781 ferventissimam
3343 3729 3579 3782 omnium

2001 3809 2378 3876 conspicimus.
2408 3811 2574 3865 Tanta
2604 3823 2685 3867 est
2709 3812 2904 3869 Christi
2929 3815 3121 3872 virtus.
3169 3817 3301 3872 Nam
3344 3820 3430 3890 qui
3460 3836 3579 3876 cum

2001 3897 2214 3953 Christo
2243 3899 2552 3955 Bethaniam
2586 3904 2661 3957 ire
2688 3919 2790 3958 non
2819 3906 3069 3974 audebat,
3121 3909 3207 3964 hic
3232 3910 3451 3965 Christo
3473 3927 3579 3966 nun

2002 3999 2265 4058 praisente
2306 3989 2491 4046 orbem
2536 3992 2647 4047 fere
2696 3997 2977 4064 percurrit,
3029 3999 3080 4052 in
3132 3999 3323 4054 mediis
3373 4003 3583 4071 populis

2001 4079 2313 4134 versabatur
2339 4083 2710 4153 sanguinariis,
2743 4087 2831 4155 qui
2865 4088 3010 4142 illum
3040 4089 3341 4144 interﬁcere
3370 4109 3578 4158 qua're-

2003 4169 2150 4224 haut.
2190 4170 2246 4226 Si
2280 4182 2456 4226 autem
2484 4174 2668 4229 stadiis
2697 4177 2998 4246 quindecim
3031 4179 3257 4232 distabat
3288 4179 3542 4234 Bethania
3564 4225 3579 4244 ,

2001 4280 2120 4330 qua:
2150 4274 2276 4317 sunt
2301 4265 2550 4320 milliaria
2575 4267 2702 4332 duo,
2752 4270 3022 4336 quomodo
3053 4272 3438 4339 quatriduanus
3463 4275 3583 4328 erat

2005 4356 2278 4411 Lazarus?
2324 4357 2513 4412 Mansit
2557 4359 2766 4414 duobus
2812 4361 3017 4427 diebus,
3066 4372 3122 4418 et
3165 4364 3334 4431 pridie
3367 4379 3585 4423 venerat.

2005 4452 2221 4505 nuntius
2241 4491 2255 4514 ,
2302 4467 2368 4505 eo
2415 4451 2529 4519 ipso
2567 4453 2753 4506 ιιιιιιδιίε
2785 4453 2872 4507 die
2899 4473 2911 4508 :
2945 4454 3139 4509 deinde
3162 4463 3349 4523 quarta
3379 4457 3464 4509 die
3485 4456 3572 4509 ad-

2006 4543 2172 4598 venit.
2207 4541 2328 4596 Ideo
2358 4541 2532 4596 donec
2559 4552 2840 4597 vocaretur
2866 4544 3228 4614 exspectavit;
3275 4561 3447 4614 neque
3477 4561 3578 4600 non

2002 4632 2292 4689 accersitus
2346 4633 2491 4688 venit
2541 4648 2608 4688 ne
2658 4649 2760 4704 qua
2811 4635 3044 4690 oriretur
3090 4637 3344 4706 suspicio.
3401 4636 3584 4704 Neque

2006 4723 2154 4790 ips:r,
2188 4738 2307 4793 qum
2332 4725 2668 4789 amabantur,
2698 4735 2954 4780 venerunt
2981 4743 2995 4792 ;
3042 4726 3136 4788 sed
3165 4727 3251 4781 alii
3281 4729 3580 4782 mittuntur.

2007 4815 2090 4869 18.
2127 4813 2254 4868 Erat
2280 4824 2449 4868 aettem
2479 4814 2724 4868 Bethania
2755 4819 2898 4884 quasi
2923 4819 3102 4873 stadiis
3123 4820 3426 4889 quindecim.
3452 4819 3583 4874 Hinc

2003 4904 2332 4972 significatur
2382 4907 2577 4961 ttllllttts
2619 4923 2684 4962 cx
2736 4907 3086 4981 Jcrosolymis
3130 4911 3400 4975 adfuisse;
3463 4927 3582 4965 nam

2004 4998 2182 5050 statim
2220 4997 2420 5065 adjicit.
2463 4999 2660 5053 multos
2684 5014 2753 5054 ex
2786 4999 2986 5056 Judaﬁs
3005 5001 3245 5057 adfuisse
3270 5003 3360 5072 qui
3393 5017 3583 5056 conso-

2005 5087 2241 5142 larentur
2257 5104 2350 5143 eas
2373 5089 2549 5159 (.Ioau.
2585 5091 2671 5144 ll.
2705 5090 2818 5160 19).
2837 5091 3120 5158 Quomodo
3139 5094 3155 5124 ¹
3174 5109 3202 5145 a
3223 5093 3586 5146 Christodile-

2002 5191 2117 5232 clas
2151 5179 2318 5233 Judaei
2350 5181 2809 5236 consolabantur?
2861 5183 3019 5250 Atqui
3065 5193 3427 5239 convenerant
3460 5193 3515 5238 ut
3544 5185 3586 5234 si

2003 5271 2123 5340 quis
2151 5272 2421 5326 Chrismm
2450 5274 2819 5338 mulitcretur,
2863 5285 3011 5327 exlra
3042 5289 3366 5345 synagogant
3399 5275 3588 5327 ﬁeret?

2068 5409 2083 5439 ι
2118 5416 2298 5475 omnes
2329 5408 2437 5457 fere
2465 5418 2567 5475 Vss.
2595 5413 2739 5459 nostri
2766 5410 2944 5475 locum,
2962 5422 3026 5475 ut
3062 5413 3111 5462 in
3125 5418 3278 5475 textu
3293 5413 3440 5475 jacet,
3468 5410 3588 5458 etle-

2004 5476 2143 5540 rttut;
2170 5470 2293 5540 liditi
2315 5484 2435 5518 vero
2458 5471 2628 5540 sic.....
2662 5490 2683 5515 α
2699 5472 2837 5540 quasi
2861 5470 3030 5540 stadiis
3051 5470 3328 5540 quindecim
3350 5491 3399 5522 ιι.
3428 5470 3590 5540 neque

2009 5529 2132 5578 illud
2157 5529 2259 5578 sine
2282 5544 2430 5578 causa
2453 5539 2640 5580 notatur
2665 5545 2681 5582 :
2710 5529 2794 5582 sed
2829 5529 3080 5583 ostendere
3117 5534 3261 5584 mittit
3286 5529 3587 5591 Evangelista

2006 5593 2158 5660 locum
2180 5604 2283 5660 esse
2305 5592 2580 5652 proximum
2600 5629 2614 5649 ,
2628 5601 2682 5660 ⁵οἰ
2721 5607 2784 5642 επ
2801 5593 2886 5643 illa
2932 5595 3242 5660 proximitate
3282 5587 3590 5660 verisimilem

2007 5652 2114 5710 ﬁeri
2137 5652 2392 5722 multorum
2416 5654 2735 5715 praesentiain.
2785 5652 2946 5722 Itaque
2973 5657 3220 5716 subjimrit
3250 5670 3267 5706 :
3298 5675 3319 5703 ι
3347 5656 3480 5722 Multi
3501 5668 3588 5700 uu-

2009 5723 2102 5762 ιιιιιι
2119 5717 2220 5763 erJ
2226 5717 2376 5765 mittis
2399 5723 2622 5766 venerant
2641 5722 2690 5766 ut
2711 5717 3068 5768 consumitur
3079 5733 3203 5769 cas.»
3213 5721 3475 5778 Qnmnodo.
3488 5722 3583 5762 etc.
