4072 6152
472 311 572 365 μδ

490 424 578 475 Vel
601 421 670 472 oh
697 414 1013 471 calamitatis
1041 409 1475 480 magnitudinem,
1499 411 1580 462 vel
1602 412 1721 477 quia
1749 417 1804 461 ut
1831 406 2052 460 nobilio-

485 527 571 566 res
617 505 1046 568 vencrabantur;
1089 501 1170 556 vel
1215 501 1348 554 forte
1373 499 1464 568 qui
1493 514 1598 552 non
1628 497 1850 567 improbi
1877 505 2051 559 erant,

483 607 741 655 venerunt
769 615 783 650 :
809 595 956 648 tnulti
972 593 1110 647 cuitu
1133 607 1195 645 ex
1225 591 1352 659 ipsis
1369 589 1727 644 crediderunt.
1752 588 1874 641 Htec
1897 602 2054 656 porro

480 694 608 746 (III'II.
652 687 1014 756 evangelista.
1063 683 1246 738 Lazari
1289 692 1514 736 mortem
1552 679 1894 736 confirmans.
1945 677 2056 731 Cur

478 796 634 851 porro
660 777 876 832 Christo
897 774 1109 828 obviam
1125 773 1280 852 venit
1309 772 1425 826 sine
1454 786 1641 826 sorore
1671 769 1906 825 comite?
1932 768 2055 823 Vult

475 871 698 925 seorsim
731 866 884 919 illum
912 864 1084 927 adire,
1107 872 1161 917 et
1191 877 1301 915 rem
1333 862 1596 916 nuntiare.
1629 861 1915 929 Postquam
1955 874 2053 912 au-

480 971 585 1014 tem
614 957 858 1012 Christus
883 968 1034 1022 spem
1081 951 1274 1006 bonam
1322 950 1606 1016 indiderat,
1655 960 1780 1004 tunc
1820 949 1952 1013 abit,
2003 958 2056 1003 et

489 1049 699 1100 Mariam
740 1053 911 1105 vocat,
957 1051 1012 1096 et
1058 1041 1292 1095 occurrit
1322 1039 1417 1103 illi,
1448 1040 1594 1094 luctu
1624 1040 1798 1093 adhuc
1825 1039 2050 1108 vigente.

486 1137 670 1192 Vidcn'
697 1133 896 1190 amoris
926 1131 1376 1202 magnitudinem?
1420 1131 1546 1185 Haec
1582 1139 1666 1184 est
1691 1130 1758 1184 de
1783 1145 1883 1199 qua
1907 1129 2053 1182 dice-

486 1229 570 1280 hat
597 1245 610 1280 :
642 1224 814 1278 Maria
843 1237 959 1276 vero
985 1222 1222 1290 Optimam
1248 1230 1442 1288 partem
1462 1221 1609 1289 elegit
1646 1219 1796 1283 (Luc.
1828 1218 1911 1272 10.
1941 1216 2051 1287 42).

481 1315 756 1383 Quomodo
779 1329 927 1382 ergo,
957 1311 1184 1380 inquies,
1232 1310 1433 1364 Martha
1473 1326 1616 1365 nunc
1665 1309 1955 1364 ferventior
1981 1309 2058 1362 vi-

479 1405 676 1461 detur?
723 1404 836 1458 Non
881 1410 994 1456 erat
1035 1401 1149 1455 haec
1175 1400 1498 1465 ferventior;
1529 1399 1622 1455 sed
1653 1401 1737 1453 illa
1763 1399 1890 1453 nihil
1917 1399 2055 1453 didi-

478 1506 626 1552 cerat
655 1513 668 1548 :
708 1511 832 1549 nam
875 1493 1076 1548 Martha
1125 1492 1446 1546 imbecillior
1483 1501 1618 1546 erat.
1649 1488 1781 1544 Cum
1808 1492 1951 1544 enim
1983 1499 2057 1544 tot

484 1595 730 1656 tantaque
773 1585 1032 1648 audisset,
1081 1583 1256 1638 adhuc
1304 1592 1478 1637 tamen
1524 1581 1673 1646 dicit,
1715 1580 1836 1634 Jam
1880 1585 2056 1651 fetet;

480 1679 842 1746 quatriduanus
867 1687 939 1730 est
967 1677 1120 1729 enim.
1156 1676 1246 1730 llla
1279 1689 1432 1735 vero.
1467 1675 1566 1728 etsi
1594 1672 1851 1726 nihildum
1875 1672 2057 1725 audis-

483 1755 584 1835 εὲι,
629 1769 760 1824 nihil
786 1767 1082 1836 hnjusmodi
1107 1767 1321 1836 loquuta
1349 1776 1464 1827 est;
1507 1763 1600 1818 sed
1627 1764 1804 1817 statim
1834 1763 2057 1816 credens

485 1860 615 1912 dixit
643 1859 769 1912 :‘ll.
794 1855 1024 1922 Domine,
1053 1856 1096 1910 si
1121 1857 1302 1926 fuisses
1327 1856 1428 1921 hic,
1458 1857 1616 1924 frater
1640 1869 1775 1906 meus
1799 1869 1898 1906 non
1925 1853 2052 1922 {uis-

487 1963 558 2005 sct
597 1960 842 2005 mortuus.

560 2045 611 2098 5.
642 2042 824 2096 Videte
844 2050 1041 2111 quanta
1067 2039 1138 2094 sit
1161 2039 1443 2094 mulierum
1475 2037 1828 2107 philosophia,
1851 2037 2056 2092 etiamsi

491 2133 752 2188 imbecilla
798 2141 979 2187 mente
1021 2131 1240 2186 essent?
1268 2129 1397 2184 Viso
1431 2145 1660 2197 namque
1700 2128 1913 2183 Christo
1952 2145 2056 2183 non

486 2225 660 2277 statim
710 2223 761 2276 in
809 2223 1029 2286 luctum,
1080 2222 1135 2275 in
1179 2221 1466 2290 planctum,
1506 2220 1558 2274 in
1601 2221 1854 2290 gemitum
1883 2235 2058 2274 erum-

487 2324 646 2383 ριιιιι,
693 2321 751 2367 ut
780 2327 879 2366 nos
905 2311 1167 2376 solemus,
1222 2310 1436 2380 quando
1480 2319 1636 2364 notos
1671 2310 1946 2379 quospiam
1991 2310 2058 2364 ad

486 2408 680 2459 luctum
718 2407 992 2459 venientes
1020 2403 1416 2472 conspicimus;
1447 2403 1541 2457 sed
1582 2403 1760 2457 statim
1802 2402 1906 2456 illa}
1944 2417 2059 2456 ma-

485 2497 706 2564 gistrum
751 2495 1032 2548 mirantur.
1084 2492 1386 2547 Credebant
1419 2493 1600 2561 utique
1627 2492 1796 2546 amba:
1826 2492 1876 2545 in
1907 2491 2060 2546 Chri-

486 2594 654 2650 stum;
703 2584 795 2638 sed
849 2599 952 2637 non
1000 2592 1173 2653 utpar
1200 2591 1332 2636 erat.
1373 2582 1615 2636 Nondum
1659 2583 1799 2636 enim
1832 2583 2062 2650 perfecte

487 2675 742 2737 sciebant,
775 2689 873 2727 nec
905 2674 1066 2726 Deum
1097 2687 1232 2735 esse,
1270 2687 1442 2737 neque
1474 2687 1568 2725 sua
1599 2681 1860 2741 potestate
1887 2680 1940 2725 et
1967 2687 2062 2726 au-

486 2768 727 2822 ctoritate
755 2767 871 2820 haec
899 2767 1070 2820 facere
1103 2786 1117 2821 :
1145 2764 1286 2835 quod
1320 2773 1604 2834 utrumque
1644 2764 1784 2832 ipsas
1825 2763 2058 2818 edocuit.

489 2857 638 2922 Quod
679 2866 852 2910 autem
899 2856 1219 2924 ignorarent,
1273 2861 1414 2922 patet
1447 2869 1512 2907 ex
1557 2869 1624 2908 eo
1660 2853 1799 2923 quod
1841 2853 1921 2906 his
1947 2868 2066 2907 ver-

493 2949 590 3010 bis,
639 2947 700 3001 Si
740 2947 918 3017 fuisses
963 2947 1062 3008 hic,
1110 2945 1268 3012 frater
1310 2953 1478 2997 uoster
1508 2959 1607 2996 non
1638 2952 1763 2996 esset
1795 2952 2021 2995 mortuus
2045 2982 2060 3006 ,

493 3037 814 3100 addiderint,
861 3036 951 3088 ‘29..
1023 3035 1360 3104 Qutecutnque
1405 3034 1604 3102 petieris
1653 3049 1683 3085 a
1728 3031 1872 3095 Deo,
1924 3031 2063 3084 dabit

493 3130 617 3190 tibi;
647 3128 794 3196 quasi
841 3129 906 3180 de
937 3127 1130 3180 virtute
1159 3125 1380 3190 praedito
1425 3134 1478 3178 et
1506 3124 1795 3190 conspicuo
1829 3123 1944 3175 viro
1984 3123 2062 3175 lo-

491 3228 726 3286 quentes.
754 3217 886 3271 Vide
930 3225 1106 3270 autem
1147 3215 1270 3285 quid
1301 3214 1542 3268 Christus
1573 3213 1890 3282 respondeat
1915 3229 1930 3268 ε
1957 3212 2048 3266 25.

497 3311 739 3379 llesurget
775 3309 930 3376 frater
973 3319 1130 3370 tuus;
1191 3305 1316 3360 illud
1363 3305 1666 3369 confutans,
1729 3305 2066 3375 Quarcumque

499 3401 713 3464 petieris.
745 3397 923 3466 Neque
953 3397 1094 3450 cnim
1122 3395 1275 3460 dixit,
1310 3395 1513 3459 Petam,
1543 3395 1634 3448 sed
1664 3393 1831 3463 quid?
1882 3393 2066 3446 Resur-

494 3502 570 3558 get
597 3493 752 3559 frater
776 3498 909 3542 tuus.
960 3487 1013 3542 Si
1057 3487 1279 3542 dixisset
1318 3487 1459 3540 enim
1495 3501 1509 3538 :
1541 3485 1584 3540 Ο
1614 3486 1802 3538 mulier
1824 3525 1838 3548 ,
1895 3483 2066 3536 adhuc

497 3591 687 3635 terram
735 3579 1001 3647 respicis?
1041 3579 1215 3632 alieno
1257 3592 1361 3630 non
1402 3590 1532 3646 egeo
1559 3575 1784 3635 auxilio,
1810 3589 1836 3626 a
1866 3574 2066 3642 meipso

497 3673 670 3726 omnia
717 3670 892 3735 facio;
925 3671 1041 3726 lucc
1064 3670 1288 3723 molesta
1324 3669 1566 3734 fuissent,
1598 3677 1651 3721 ct
1681 3666 1958 3720 mulierem
1988 3665 2066 3718 of-

499 3761 807 3815 fendissent.
858 3760 1007 3815 Nunc
1032 3774 1158 3814 vero
1179 3759 1384 3822 dicens,
1416 3755 1686 3826 Resurget,
1724 3755 1954 3809 medium
1987 3764 2066 3807 tc-

499 3854 612 3906 nnit
650 3852 887 3917 modum,
929 3862 984 3906 ct
1030 3867 1124 3920 per
1149 3849 1423 3918 sequentia
1454 3863 1514 3902 ea
1542 3863 1660 3916 quae
1687 3847 1795 3901 dixi
1824 3845 2065 3899 subindi-

498 3946 656 3999 cavit.
689 3944 909 3998 Dicente
933 3944 1074 3996 enim
1107 3943 1214 4002 illa,
1243 3942 1331 3995 24.
1361 3941 1480 3995 Scio
1505 3942 1621 4007 quia
1649 3947 1870 4008 resurget
1898 3939 1947 3991 in
1979 3952 2070 3990 no-

498 4037 697 4089 vissima
725 4035 822 4096 die,
867 4033 1064 4088 clarius
1097 4047 1245 4087 suam
1278 4031 1511 4085 ostendit
1550 4029 1943 4091 auctoritatem,
1987 4026 2068 4079 di-

501 4142 646 4192 cens,
674 4126 764 4180 25.
797 4125 905 4195 Ego
932 4141 1044 4179 sum
1077 4124 1369 4177 resurrectio
1400 4132 1446 4176 et
1478 4122 1614 4184 vita;
1643 4127 2068 4174 commonstraus

501 4232 559 4271 se
586 4233 687 4269 non
717 4215 935 4270 alterius
961 4213 1154 4266 auxilio
1188 4227 1365 4281 egere,
1402 4210 1661 4280 siquidem
1693 4209 1808 4276 ipse
1835 4207 1939 4258 vita
1966 4215 2066 4259 est.

502 4305 648 4372 Quod
676 4305 718 4358 si
759 4304 974 4357 alterius
1017 4310 1196 4371 egeret
1241 4315 1422 4369 opera,
1473 4297 1740 4366 quomodo
1776 4297 1888 4364 ipse
1916 4294 2071 4348 fuerit

506 4393 826 4446 resnrrcctio
867 4401 921 4444 ct
967 4390 1112 4444 vita?
1160 4389 1263 4444 Sed
1313 4404 1417 4440 non
1461 4395 1563 4439 tam
1590 4385 1733 4438 clare
1757 4383 1910 4447 dixit,
1948 4383 2073 4436 sub-

510 4483 753 4535 indicavit
804 4491 999 4534 tamen.
1048 4481 1278 4534 Rursum
1325 4478 1411 4530 illa
1455 4475 1686 4538 (lieentc,
1741 4473 2072 4540 Quazcumque

508 4573 809 4640 poposceris,
861 4571 948 4625 ille
990 4571 1244 4639 reponit:
1294 4569 1392 4633 Qui
1439 4567 1596 4620 credit
1633 4567 1687 4618 in
1730 4580 1827 4628 me,
1879 4563 2070 4616 etiamsi

509 4671 730 4715 mortuus
760 4661 910 4728 [it-rit,
941 4660 1063 4712 vivet
1088 4675 1104 4721 ;
1133 4658 1423 4712 ostendens
1450 4671 1507 4710 se
1535 4656 1793 4709 bonorum
1834 4653 2071 4706 datorem

509 4770 646 4819 esse,
673 4763 727 4809 et
751 4770 778 4806 a
809 4767 867 4807 se
893 4751 1176 4822 petendum
1202 4765 1339 4803 esse.
1369 4749 1458 4802 26.
1492 4747 1558 4800 Et
1600 4746 1760 4799 omnis
1799 4745 1883 4814 qui
1926 4743 2068 4806 vivit,

507 4855 554 4897 et
598 4845 756 4897 credit
783 4842 835 4895 in
867 4857 962 4904 me,
1012 4857 1110 4893 non
1140 4841 1374 4891 morietur
1403 4840 1456 4891 in
1480 4848 1743 4891 wternutn.
1776 4834 1910 4888 Vide
1935 4849 2071 4900 quo—

511 4935 668 4989 modo
705 4943 935 4988 mentem
966 4933 1080 5000 ejus
1109 4932 1296 4999 erigat.
1324 4929 1435 4982 Non
1463 4930 1604 4981 enim
1639 4936 1842 4979 tantum
1879 4938 2075 4992 quaere-

509 5023 661 5078 batur
691 5023 1010 5077 resurrectio
1046 5021 1252 5083 Lazari,
1285 5019 1378 5072 sed
1425 5017 1705 5086 oportebat
1743 5025 1797 5069 et
1828 5016 1981 5078 hanc,
2023 5022 2076 5066 ct

508 5116 594 5182 qui
633 5123 920 5183 przcsenles
968 5128 1086 5166 cum
1130 5111 1214 5163 illa
1265 5117 1440 5173 erant,
1496 5106 1940 5160 resurrectionem
1964 5103 2076 5157 edi-

511 5219 680 5258 scere.
711 5205 994 5271 Propterea
1021 5209 1304 5268 antequam
1336 5198 1557 5250 suscitet
1585 5211 1727 5256 eum,
1759 5193 1937 5246 verbis
1964 5191 2077 5260 phi-

514 5295 839 5362 losophatur.
872 5292 1022 5358 Quod
1065 5292 1109 5343 si
1137 5287 1462 5343 resurrectio
1488 5285 1555 5338 sit
1584 5294 1636 5338 et
1657 5285 1786 5348 vita,
1831 5296 1933 5335 non
1961 5280 2078 5334 loco

512 5381 986 5446 circtnnscribitur,
1030 5379 1122 5433 sed
1169 5377 1363 5444 ubique
1403 5390 1592 5428 sanare
1634 5382 1827 5442 potest.
1871 5370 1925 5424 Si
1953 5385 2078 5423 vero

513 5473 770 5527 dixissent
815 5480 874 5525 ut
919 5470 1181 5533 centurio,
1231 5466 1326 5519 Dic
1367 5464 1511 5518 verba
1560 5473 1604 5516 et
1650 5461 1911 5516 sanabitur
1957 5476 2080 5528 puer

516 5581 652 5615 meus
696 5562 908 5632 (.lfatth.
937 5561 988 5614 8.
1015 5561 1108 5629 8),
1153 5559 1204 5612 id
1230 5555 1466 5626 profecto
1495 5553 1744 5608 fecisset:
1778 5551 1899 5620 quia
1949 5563 2078 5604 vero

520 5653 662 5707 illum
691 5653 754 5707 ad
788 5667 846 5707 sc
873 5651 1161 5716 vocabant,
1210 5657 1262 5702 ct
1309 5655 1364 5701 ut
1394 5645 1594 5700 veniret
1630 5644 1915 5714 rogabant,
1959 5641 2076 5695 ideo

1527 295 1590 349 IN
1629 293 1934 350 JOANNEM
1979 291 2200 346 IIOlIlL.
2246 291 2396 346 LXII.
2438 295 2507 349 al.
2551 296 2680 350 LXI.

3629 306 3730 363 3η

2162 412 2567 480 obtemperavit,
2618 423 2675 466 ut
2715 414 2830 467 illas
2870 428 2900 466 a
2947 423 3052 467 tum
3097 415 3308 482 humili,
3357 433 3514 487 quam
3560 420 3628 476 de
3669 438 3729 478 se

2163 497 2446 566 habebant,
2493 502 2743 567 Opinione
2788 505 3113 569 retraheret,
3159 515 3212 559 ct
3241 507 3305 560 ad
3337 509 3506 562 locum
3541 513 3684 566 venit
3716 529 3730 565 :

2162 598 2214 644 et
2244 599 2420 644 tamen
2460 591 2583 644 dum
2627 608 2747 647 sese
2785 603 3128 663 attemperat.
3177 599 3408 653 ostendit
3451 615 3606 668 posse
3651 619 3732 668 se,

2157 681 2319 734 etiam
2339 680 2464 734 dum
2487 681 2683 736 absens
2708 693 2810 748 est,
2837 699 3060 750 sanare;
3093 685 3211 740 ideo
3239 690 3431 743 tardat.
3453 690 3565 745 Non
3589 694 3732 749 enim

2164 771 2374 842 vulgata
2420 773 2604 829 fuisset
2631 776 2800 844 gratia
2831 788 3053 845 repente
3081 781 3298 847 collata,
3340 784 3441 838 nisi
3487 783 3732 841 fartorcm

2162 863 2446 918 emisisset.
2480 864 2547 918 Et
2589 864 2729 921 unde
2757 867 2960 922 sciebat
2991 869 3182 924 mulier
3220 873 3448 926 futuram
3491 889 3737 931 resurre-

2162 955 2388 1010 ctionem
2413 956 2436 1010 't
2475 956 2730 1012 Audierat
2757 958 3026 1014 Christum
3057 963 3219 1015 multa
3248 963 3315 1017 de
3343 969 3738 1022 resurrectione

2163 1043 2491 1112 loquentem,
2522 1047 2617 1101 scd
2650 1064 2790 1104 nunc
2820 1049 3003 1105 videre
3030 1053 3312 1121 cupiebat;
3366 1065 3421 1108 et
3449 1056 3570 1112 vide
3599 1073 3736 1127 quo-

2163 1136 2322 1190 modo
2349 1136 2522 1191 adhuc
2548 1138 2692 1192 humi
2725 1150 2990 1196 versetur.
3009 1142 3141 1196 Cum
3171 1145 3407 1198 audisset
3432 1147 3596 1213 enim,
3628 1147 3738 1218 Ego

2161 1241 2271 1277 sum
2298 1229 2595 1280 resurrectio
2615 1238 2660 1281 et
2686 1230 2808 1296 vita,
2834 1245 2940 1284 non
2967 1235 3259 1302 respondit.
3286 1235 3560 1292 Resuscita
3579 1255 3734 1302 eum;

2162 1313 2255 1367 sed
2286 1315 2453 1383 quid?
2479 1316 2640 1370 Credo
2665 1320 2784 1386 quia
2813 1329 2866 1372 tu
2893 1337 2945 1373 es
2973 1320 3204 1376 Christus
3236 1322 3401 1377 Filius
3431 1324 3542 1379 Dei.
3598 1328 3736 1395 Quid

2162 1419 2290 1474 ergo
2319 1404 2562 1461 Christus
2589 1408 2663 1462 illi
2685 1408 2815 1463 1’25.
2843 1409 3019 1464 Omnis
3045 1414 3130 1482 qui
3157 1414 3314 1466 credit
3341 1415 3393 1468 in
3422 1433 3518 1482 me,
3544 1419 3739 1472 etiamsi

2164 1506 2389 1548 mortuus
2417 1498 2592 1565 fuerit,
2624 1498 2748 1552 vivet
2772 1539 2786 1560 ,
2818 1499 2863 1552 si
2905 1499 3004 1554 hac
3053 1517 3242 1572 nempe
3273 1515 3445 1559 morte
3489 1520 3732 1564 mortuus

2166 1584 2352 1652 fuerit;
2389 1587 2479 1640 26.
2508 1599 2555 1641 et
2595 1590 2758 1644 omnis
2782 1591 2868 1660 qui
2897 1592 3014 1645 uiuit
3038 1602 3084 1646 et
3109 1594 3266 1646 credit
3291 1595 3343 1648 in
3375 1612 3472 1660 me,
3502 1614 3602 1651 non
3628 1615 3740 1652 mo-

2162 1675 2341 1740 rietur,
2366 1675 2449 1728 illa
2481 1677 2720 1732 videlicet
2746 1689 2938 1734 morte.
2956 1679 3089 1734 Cum
3115 1682 3274 1750 igitur
3299 1699 3399 1752 ego
3426 1685 3526 1739 sim
3562 1702 3738 1741 resur-

2166 1764 2354 1828 rectio,
2384 1779 2450 1820 ne
2482 1766 2708 1821 turberis
2731 1769 2774 1821 si
2795 1768 2904 1837 jam
2929 1779 3169 1824 mortuus
3199 1769 3387 1837 fuerit,
3436 1774 3528 1828 sed
3554 1777 3733 1832 crede.

2164 1851 2290 1905 Ihec
2319 1854 2462 1907 enim
2505 1869 2611 1908 non
2657 1871 2802 1911 mors
2847 1868 2947 1912 est.
2995 1858 3210 1914 Interim
3251 1860 3394 1915 illam
3439 1863 3505 1918 de
3544 1874 3735 1920 eventu

2162 1944 2464 1999 consolatus
2492 1955 2593 2011 est,
2614 1961 2870 2016 spemque
2898 1948 3112 2017 adjecit,
3134 1958 3243 2004 tum
3271 1950 3453 2006 dicens
3473 1969 3592 2006 eum
3617 1969 3737 2009 esse

2163 2043 2611 2100 resurrecturum,
2663 2046 2771 2090 tum
2804 2037 2917 2092 lucc
2945 2039 3241 2107 proferens,
3296 2040 3406 2112 Ego
3431 2058 3542 2096 sum
3567 2061 3736 2096 resur-

2163 2126 2315 2177 rectio
2339 2141 2357 2190 ;
2385 2134 2493 2178 tum
2520 2125 2679 2179 etiam
2713 2128 2852 2196 quia,
2898 2129 2942 2181 si
2973 2141 3214 2199 resurgat
3243 2139 3298 2186 et
3319 2131 3508 2186 iterum
3539 2134 3736 2186 moria-

2167 2224 2269 2278 tnr,
2298 2215 2424 2267 nihil
2450 2217 2569 2268 mali
2603 2230 2856 2284 passurus
2881 2217 2972 2272 sit.
3005 2217 3186 2288 Itaque
3213 2234 3319 2274 non
3349 2230 3433 2276 cst
3459 2221 3570 2275 haec
3593 2237 3740 2276 mors

2165 2304 2530 2370 formidanda;
2560 2305 2658 2361 hoc
2688 2317 2787 2371 est,
2816 2308 2998 2378 Neque
3017 2309 3129 2378 ipse
3156 2321 3398 2366 mortuus
3427 2322 3529 2378 est,
3564 2328 3737 2382 neque

2165 2407 2260 2446 vos
2284 2397 2602 2449 moriemini.
2630 2395 2803 2451 Credis
2833 2398 2967 2453 hoc?
2993 2400 3075 2452 Ait
3100 2400 3193 2453 illa
3222 2417 3239 2454 :
3271 2401 3430 2454 Credo
3464 2403 3584 2472 quia
3610 2415 3661 2456 tu
3685 2420 3738 2458 es

2167 2481 2394 2536 Christus
2439 2484 2604 2538 Filius
2647 2487 2762 2554 Dei,
2808 2489 2892 2556 qui
2919 2488 2972 2541 in
3002 2488 3243 2542 mundum
3274 2491 3468 2544 venisti.
3519 2492 3738 2547 Videtur

2167 2573 2358 2627 mulier
2399 2573 2596 2629 Christi
2639 2576 2836 2630 dictant
2883 2591 2987 2631 non
3037 2578 3384 2634 intellexisse.
3417 2579 3570 2634 Novit
3592 2592 3738 2638 certe

2167 2680 2415 2734 maguum
2443 2681 2562 2721 esse
2601 2669 2890 2736 quidpiam,
2938 2668 3031 2723 sed
3079 2676 3247 2723 totum
3300 2686 3404 2724 non
3456 2671 3734 2727 intellexit.

2167 2757 2291 2811 Ideo
2319 2757 2386 2811 de
2412 2758 2510 2810 alia
2538 2773 2596 2813 re
2625 2760 2966 2828 interrogata,
2989 2759 3054 2814 de
3071 2760 3172 2813 alia
3199 2761 3506 2829 respondet.
3540 2762 3593 2816 Id
3612 2778 3738 2816 vero

2169 2846 2378 2901 interim
2411 2848 2609 2901 lucrata
2641 2858 2744 2914 est,
2774 2849 2911 2918 quod
2941 2851 3138 2904 luctum
3173 2861 3416 2921 poneret.
3454 2852 3574 2906 llzcc
3594 2855 3740 2922 quip-

2169 2954 2235 3008 pe
2263 2941 2430 2993 virtus
2476 2950 2560 2993 est
2589 2941 2874 2996 verborum
2912 2944 3132 2998 Christi.
3188 2944 3310 2998 Ideo
3340 2945 3424 2998 illa
3455 2947 3735 3014 pratvenit,

2169 3031 2282 3084 hmo
2331 3040 2551 3101 sequuta
2605 3041 2706 3086 est.
2779 3033 2908 3087 Nam
2975 3034 3350 3089 benevolentia
3410 3051 3533 3105 erga
3574 3037 3740 3106 magi-

2169 3134 2337 3176 strum
2386 3138 2442 3177 re
2489 3123 2734 3192 przeseuti
2780 3139 2882 3178 non
2917 3125 3140 3178 multum
3183 3125 3318 3178 affici
3371 3126 3729 3194 permittebat.

2169 3213 2348 3282 Itaque
2398 3229 2516 3269 cum
2562 3217 2726 3284 gratia
2777 3231 2928 3270 n'tens
2974 3229 3190 3285 quoque
3239 3216 3518 3270 mulierum
3565 3205 3740 3287 phild-

2168 3305 2512 3376 sopltabatur.

2241 3399 2294 3449 4.
2334 3396 2605 3450 Mulierum
2634 3397 2864 3466 planctus
2890 3406 2936 3449 et
2971 3399 3131 3450 luctus
3158 3396 3496 3450 immodestus.
3539 3427 3609 3436 —
3635 3396 3742 3451 Ve-

2169 3504 2286 3543 rum
2315 3504 2454 3542 nunc
2480 3531 2495 3554 ,
2523 3499 2716 3558 praeter
2759 3491 2857 3543 alia
2906 3489 3041 3543 mala
3063 3530 3077 3553 ,
3106 3488 3192 3543 hic
3221 3502 3432 3557 quoque.
3459 3488 3737 3542 mulierum

2172 3580 2386 3633 morbus
2428 3580 2652 3634 obtinet.
2704 3579 2834 3633 Nam
2879 3580 2930 3633 in
2979 3580 3122 3634 luctu
3166 3587 3221 3633 ct
3257 3579 3469 3648 planctu
3506 3586 3738 3632 ostenta-

2174 3675 2367 3728 tionem
2398 3674 2664 3739 affectant,
2689 3673 2905 3727 brachia
2930 3673 3191 3734 nudant‘,
3216 3672 3392 3726 crines
3409 3671 3734 3740 discerpunt,

2172 3781 2333 3836 genas
2364 3765 2596 3828 laniant;
2624 3765 2742 3819 alite
2765 3765 2834 3820 ob
2863 3763 3099 3818 dolorem
3125 3780 3139 3828 ;
3171 3762 3289 3817 alia:
3321 3761 3386 3816 ad
3425 3764 3739 3816 ostentatio-

2173 3873 2315 3922 nem;
2341 3856 2458 3910 alize
2482 3855 2748 3924 impudico
2775 3855 2952 3909 animo
2981 3854 3194 3908 brachia
3224 3853 3422 3907 nudant
3445 3893 3460 3915 ,
3491 3852 3620 3905 viris
3659 3853 3744 3904 in-

2174 3948 2464 4002 tuentibus.
2491 3947 2624 4014 Quid
2653 3948 2783 4001 facis
2807 3987 2821 4009 ,
2854 3962 2887 4000 o
2913 3945 3144 4000 mulier?
3195 3945 3269 3998 Te
3306 3946 3360 3998 in
3404 3943 3580 3998 medio
3625 3941 3743 3994 foro

2175 4038 2398 4105 turpiter
2423 4036 2620 4099 nudas,
2655 4051 2770 4104 quze
2799 4034 2995 4087 Christi
3028 4034 3326 4086 membrum
3374 4046 3433 4086 es
3459 4071 3472 4095 ,
3505 4031 3659 4099 idque
3690 4030 3740 4081 in

2174 4127 2289 4181 foro
2315 4127 2444 4180 viris
2478 4125 2869 4194 praesentibus?
2897 4123 3082 4177 Crines
3126 4122 3340 4177 vcllicas
3364 4161 3379 4187 ,
3429 4131 3626 4175 vestem
3663 4119 3744 4172 di-

2175 4218 2391 4283 scindis,
2415 4231 2633 4285 magnos
2658 4216 2883 4284 ejulatus
2908 4215 3127 4280 emittis,
3147 4213 3395 4267 choream
3415 4213 3611 4266 circum
3631 4211 3742 4266 cfti-

2175 4311 2279 4374 cis,
2312 4321 2365 4363 et
2403 4308 2699 4363 mzenadum
2743 4307 2951 4360 illarum
2994 4292 3276 4375 imaginem
3313 4318 3494 4358 servas
3518 4342 3534 4366 ,
3569 4316 3665 4356 nec
3691 4311 3742 4355 tc

2179 4409 2331 4470 putas
2376 4401 2538 4454 Deum
2587 4397 2899 4452 offendere?
2944 4396 3071 4463 Qua:
3109 4397 3195 4450 illa
3258 4395 3503 4448 insania?
3551 4395 3741 4449 Annon

2175 4491 2398 4562 gentiles
2435 4488 2938 4545 ridebunt?Annon
2971 4485 3171 4540 fabulas
3216 4495 3395 4538 nostra
3439 4498 3555 4538 esse
3596 4493 3746 4551 puta-

2177 4585 2304 4636 bunt
2329 4581 2353 4621 ν
2383 4581 2568 4634 Dicent
2592 4580 2752 4644 enim,
2780 4577 2932 4632 Nulla
2967 4586 3049 4630 est
3077 4576 3431 4640 resurrectio;
3464 4573 3556 4628 sed
3585 4574 3741 4628 Chri-

2178 4675 2468 4728 Stianorum
2499 4670 2743 4738 dogmata
2777 4668 2996 4721 ridicula
3029 4675 3190 4734 sunt,
3220 4665 3432 4720 fraudes
3453 4706 3468 4730 ,
3502 4664 3743 4718 fallaciae.

2179 4766 2257 4819 Ac
2281 4764 2323 4817 si
2350 4762 2490 4817 enim
2522 4761 2650 4815 nihil
2680 4769 2796 4828 post
2827 4760 2962 4813 hanc
2984 4758 3140 4810 vitam
3169 4758 3439 4825 supersit,
3466 4757 3532 4809 ita
3567 4755 3750 4824 lugent

2178 4854 2315 4924 apud
2355 4854 2472 4906 illos
2508 4851 2792 4914 mulieres;
2839 4849 2970 4903 nihil
2996 4848 3275 4902 attendunt
3300 4846 3584 4914 Scripturis
3612 4845 3742 4899 suis.

2179 4947 2452 5013 Figmenta
2487 4951 2611 4996 sunt
2651 4941 2737 4995 illa
2765 4941 2940 4994 omnia
2971 4980 2986 5002 ,
3017 4950 3076 4991 ut
3118 4938 3245 5006 ipsa:
3269 4933 3636 5004 comprobant.
3690 4932 3744 4984 Si

2179 5037 2320 5091 enim
2348 5036 2626 5091 crederent
2648 5049 2767 5088 eum
2795 5032 2883 5102 qui
2909 5039 3151 5084 mortuus
3174 5037 3254 5081 est
3276 5065 3291 5091 ,
3313 5040 3418 5079 non
3445 5037 3570 5075 vere
3601 5036 3746 5074 mor-

2182 5138 2326 5181 tuum
2355 5141 2473 5182 esse
2498 5167 2512 5188 ,
2544 5125 2637 5180 sed
2673 5124 2738 5177 ad
2770 5124 3045 5176 meliorem
3074 5119 3229 5172 vitam
3261 5115 3569 5168 translatum
3596 5128 3610 5175 ;
3641 5128 3745 5166 non

2181 5221 2332 5274 illum
2357 5219 2506 5289 quasi
2537 5218 2645 5286 jam
2671 5217 2806 5270 ultra
2837 5230 2942 5267 non
2969 5218 3112 5265 esset
3140 5210 3414 5276 lugerent,
3452 5218 3556 5256 non
3594 5205 3662 5254 ita
3691 5217 3750 5255 se

2183 5317 2535 5374 macerarent,
2566 5322 2669 5360 non
2701 5305 2818 5358 illas
2857 5303 3162 5356 emitterent
3189 5311 3342 5350 voces
3372 5291 3751 5348 incredulitatis

2247 5465 2262 5494 ¹
2302 5459 2390 5509 Alii
2415 5461 2613 5513 habent,
2641 5460 2903 5509 cruentam,
2933 5467 3033 5514 pro,
3055 5451 3254 5514 nudant.
3281 5457 3407 5498 tttore
3432 5461 3612 5509 nempe
3628 5460 3750 5514 gen-

2184 5522 2360 5578 tilium,
2384 5521 2466 5582 qui
2502 5511 2712 5580 pradicas
2745 5518 2793 5562 in
2827 5511 3346 5582 i'une'ra‘inducebaut,
3370 5524 3571 5582 quarum
3603 5511 3752 5582 olliqa

2184 5570 2422 5651 descripta
2461 5570 2571 5628 sunt
2615 5584 2760 5625 Temo
2799 5577 2965 5636 quinto
2995 5573 3303 5634 Antiquitatis
3346 5570 3615 5635 eiplanattc
3664 5570 3756 5617 sub

2188 5646 2394 5692 initium.
