4072 6152
322 331 424 389 547
1053 317 1106 372 S.
1144 308 1419 369 JO.\N.\'lS
1456 289 1928 362 CllliYSOSTUhll

2040 286 2288 343 lC!|lEP.
2326 286 2861 344 CONSTAN'I‘INOP.
3499 287 3602 342 538

322 456 548 522 plenas:
582 446 696 501 Non
725 452 776 498 te
801 439 1029 510 amplius
1058 436 1247 491 videbo
1275 476 1291 499 ,
1330 448 1434 486 non
1467 439 1517 483 te
1553 418 1902 522 recuperata».

327 514 544 597 i-‘ahula:
563 536 701 608 apud
731 536 853 590 illos
881 531 1061 591 omnia
1092 539 1234 583 sunt.
1265 523 1417 592 ρηυά
1444 523 1486 575 si
1511 519 1560 574 id
1589 514 1728 587 quod
1751 520 1911 579 caput

325 634 562 689 omnium
593 631 855 684 bonorqu
878 634 963 681 est
987 638 1091 677 non
1116 618 1363 682 credunt,
1389 613 1558 669 multo
1588 609 1767 664 minus
1788 619 1909 659 ere-

325 726 455 781 dent
496 732 712 779 czrtera.
743 721 859 777 Non
883 730 991 773 tam
1031 711 1318 771 eﬁ‘eminati
1346 707 1570 781 gentiles
1595 712 1756 760 sunt:
1785 697 1913 754 mul-

331 818 369 872 ti
399 816 537 886 apud
565 814 684 871 illos
712 810 1179 882 philosophantur.
1209 802 1447 859 Audiens
1481 795 1695 869 gentilis
1720 790 1914 845 mulier

332 907 494 961 ﬁlium
516 905 566 960 in
589 917 764 975 pugna
783 901 1064 967 cecidisse,
1082 897 1262 953 statim
1276 894 1545 951 sciscitata
1566 898 1668 950 est.
1685 899 1913 956 quomo-

330 1000 400 1055 do
414 1014 473 1053 se
493 1011 580 1053 res
605 996 810 1065 publica
834 993 1052 1049 haberet
1068 990 1149 1063 (α)
1168 1007 1184 1056 ς
1200 989 1441 1058 aliusque
1460 981 1803 1054 philosophus
1818 992 1913 1032 co-

331 1099 574 1153 ronatus,
590 1100 649 1143 ut
671 1087 870 1145 audivit
900 1087 1063 1143 ﬁlium
1083 1098 1180 1155 pro
1208 1082 1377 1152 patria
1402 1076 1683 1139 cecidisse,
1707 1072 1913 1127 suidata

332 1199 530 1239 corona
585 1182 884 1239 sciscitatus
914 1189 1036 1233 uter
1084 1192 1149 1233 ex
1194 1174 1403 1230 duobus
1426 1213 1442 1235 ,
1467 1185 1586 1226 cum
1616 1167 1736 1238 quis
1773 1173 1916 1220 esset

334 1276 630 1339 didicisset,
654 1287 908 1328 coronam
935 1271 1113 1327 statim
1145 1265 1403 1337 reposuit.
1433 1261 1580 1317 Multi
1612 1259 1664 1314 in
1691 1258 1914 1311 deorum

333 1379 554 1420 suorum
576 1364 832 1416 honorem
860 1360 999 1415 ﬁlios
1021 1358 1262 1425 ﬁliusque
1289 1351 1599 1409 mactandos
1629 1346 1915 1403 tradidere.

336 1455 577 1511 Merena;
601 1461 777 1505 autem
822 1449 1074 1509 mulieres
1101 1446 1240 1501 ﬁlios
1266 1445 1549 1499 hortantur
1569 1483 1584 1506 ,
1619 1448 1675 1495 ut
1704 1447 1916 1494 scutum

330 1561 401 1601 ex
434 1545 618 1615 praelia
652 1543 916 1611 referant,
948 1541 1033 1597 vel
1064 1556 1228 1611 super
1257 1541 1429 1610 ipsum
1458 1535 1654 1591 mortui
1681 1531 1919 1588 referan-

334 1649 444 1694 tur.
475 1637 646 1694 Pudet
685 1653 771 1694 me
802 1635 879 1691 ita
923 1636 1153 1707 gentiles
1195 1631 1558 1706 philosophari
1589 1671 1605 1697 ,
1648 1629 1774 1684 dum
1823 1643 1920 1684 nos

336 1732 565 1802 turpiter
591 1731 819 1801 agimus.
842 1729 947 1798 Qui
976 1727 1112 1783 nihil
1147 1728 1217 1783 de
1256 1724 1655 1782 resurrectione
1682 1727 1880 1776 norunt
1902 1760 1918 1780 .

333 1821 560 1892 perinde
597 1829 763 1891 agunt
807 1834 869 1874 se
912 1820 958 1874 si
1004 1829 1224 1874 nossent
1259 1836 1273 1872 :
1304 1817 1392 1888 qui
1438 1826 1633 1871 norunt
1681 1808 1921 1869 resurre-

337 1911 569 1966 ctionem
590 1952 605 1977 ,
637 1912 705 1965 ita
749 1926 809 1966 se
831 1919 1023 1982 gerunt
1050 1926 1113 1965 se
1139 1911 1183 1963 si
1233 1909 1373 1964 illam
1416 1909 1742 1980 ignorarent.
1776 1906 1923 1961 Multi

339 2001 480 2071 quod
510 2011 727 2072 propter
753 2003 920 2057 Deum
949 2017 1055 2056 non
1092 2002 1337 2058 facerent
1360 2017 1424 2057 ex
1460 2001 1694 2055 humano
1723 1997 1924 2069 pudore

341 2094 555 2149 faciunt.
611 2093 991 2162 Opulcntiores
1033 2095 1176 2148 enim
1234 2094 1488 2149 mulieres
1544 2091 1769 2161 capillos
1817 2106 1923 2144 non

340 2186 583 2251 vellunt,
614 2185 832 2239 brachia
863 2201 969 2240 non
1011 2184 1251 2250 nudant;
1281 2184 1421 2254 quod
1451 2182 1664 2254 quidem
1694 2197 1929 2240 summo-

343 2291 474 2344 pere
500 2275 909 2346 improbandum
935 2317 952 2344 ,
988 2290 1096 2331 non
1117 2276 1259 2347 quod
1291 2291 1398 2331 non
1430 2275 1652 2341 nudent,
1682 2274 1776 2330 scd
1803 2275 1925 2345 quia

343 2382 452 2421 non
479 2367 691 2438 pietatis
731 2382 891 2423 causa
919 2411 936 2435 ,
965 2383 1029 2424 ae
1058 2384 1126 2423 ne
1147 2376 1338 2437 turpes
1376 2367 1656 2423 videantur
1677 2407 1695 2434 ,
1729 2366 1829 2421 hoc
1859 2366 1930 2421 fa-

341 2459 507 2513 ciunt.
534 2459 711 2515 Pudor
738 2460 935 2515 luctum
956 2460 1194 2527 cohibet,
1228 2460 1319 2516 Dei
1347 2468 1520 2515 metus
1541 2473 1645 2517 non
1672 2458 1930 2514 cohibet?

347 2551 415 2605 Et
439 2551 708 2622 quomodo
738 2551 854 2607 haec
892 2568 997 2606 non
1036 2550 1323 2609 admodum
1353 2549 1737 2621 improbanda?
1760 2547 1928 2618 Opur-

347 2649 485 2696 teret
504 2658 634 2715 ergo
659 2644 801 2713 quod
830 2644 1100 2713 opulenta:
1126 2642 1327 2699 faciunt
1347 2642 1468 2713 quia
1494 2643 1761 2713 opulentae
1783 2650 1927 2705 sunt,

344 2732 402 2787 id
433 2748 693 2803 pauperes
737 2734 808 2788 ob
835 2734 929 2789 Dei
959 2734 1206 2790 timorem
1235 2733 1433 2789 facere.
1469 2733 1619 2787 Nunc
1645 2734 1822 2785 omnia
1853 2731 1933 2789 iu-

351 2838 509 2878 verso
549 2823 737 2879 ordine
772 2824 904 2880 fiunt
928 2843 942 2882 :
968 2825 1073 2880 illae
1097 2825 1169 2880 ob
1199 2839 1389 2879 vanam
1435 2823 1660 2894 gloriam
1692 2822 1931 2893 philoso-

353 2914 623 2983 phantur,
666 2915 752 2969 lue
801 2915 872 2971 ob
922 2916 1415 2987 pusillanimiuitem
1458 2914 1686 2985 turpiter
1746 2923 1931 2984 agunt.

350 3003 490 3070 Quid
515 3004 987 3075 haciuarqualitate
1012 3006 1248 3061 deterius
1267 3006 1291 3060 ?
1310 3005 1498 3061 Omnia
1527 3005 1800 3059 hominum
1819 3020 1939 3074 gra—

355 3097 429 3151 tia
472 3096 715 3152 facimus.
747 3096 921 3153 Verba
943 3113 1154 3168 quoque
1182 3097 1421 3154 stultitia:
1453 3096 1605 3167 plena
1640 3105 1694 3152 et
1716 3097 1938 3152 ridicula

359 3185 656 3255 proferunt.
689 3186 944 3241 Dominus
990 3187 1201 3258 quidem
1239 3186 1403 3243 dicit:
1428 3186 1575 3242 Beati
1614 3188 1700 3257 qui
1727 3189 1936 3261 ιιιρρηι,

361 3275 429 3331 de
463 3276 528 3331 iis
558 3277 818 3348 loquens,
872 3278 961 3346 qui
1013 3287 1231 3350 peccata
1280 3279 1498 3349 lugent:
1528 3294 1794 3350 nemoque
1850 3281 1941 3335 illo

364 3367 506 3438 luget
535 3369 717 3435 luctu,
749 3383 849 3425 nec
867 3379 1018 3425 curat
1044 3370 1088 3425 si
1117 3378 1300 3440 pereat
1321 3371 1532 3436 anima;
1561 3372 1661 3426 hoc
1685 3385 1789 3426 non
1808 3370 1940 3441 jnssi

364 3477 549 3517 sumus
572 3461 772 3529 facere,
795 3473 850 3520 et
871 3464 1094 3519 facimus
1121 3466 1160 3518 ί.
1189 3464 1326 3531 Quid
1353 3478 1484 3535 ergo
1505 3506 1522 3532 ,
1560 3464 1768 3535 inquies
1797 3506 1813 3528 ,
1841 3463 1943 3518 ho.

366 3553 565 3608 tninem
593 3553 794 3610 deﬂere
823 3570 929 3610 non
987 3554 1208 3611 licebit?
1234 3556 1345 3611 lloc
1368 3572 1472 3613 non
1495 3565 1618 3612 veto
1647 3598 1663 3622 ,
1695 3556 1788 3610 sed
1835 3566 1948 3611 tun-

356 3644 547 3701 siones
570 3686 585 3710 ,
613 3643 711 3702 sed
740 3646 1120 3703 immoderatos
1159 3646 1339 3704 ﬁetus.
1386 3646 1504 3703 Non
1542 3663 1660 3704 sum
1694 3646 1898 3703 ferinus
1927 3688 1944 3713 ,

369 3750 476 3793 non
502 3735 823 3793 inhumanus
850 3754 864 3791 :
895 3738 1007 3794 scio
1037 3748 1279 3793 naturam
1304 3738 1465 3802 ﬂecti.
1499 3748 1555 3795 et
1582 3739 1947 3812 quotidianam

371 3828 643 3898 requirere
670 3829 1131 3887 consuetudinem.
1150 3831 1270 3887 Non
1295 3847 1578 3901 possumus
1602 3848 1711 3888 non
1743 3834 1947 3902 lugere,

373 3921 517 3991 quod
562 3930 616 3979 et
652 3922 900 3980 Christus
928 3924 1163 3980 ostendit
1194 3941 1208 3979 :
1237 3925 1559 3997 lacrymatus
1581 3927 1724 3989 enim
1764 3935 1847 3981 est
1885 3926 1953 3981 de

378 4013 603 4071 Lazaro.
630 4013 744 4070 Hoc
780 4023 837 4071 et
882 4023 937 4072 tu
975 4013 1136 4071 facito
1163 4016 1185 4070 ε·
1212 4016 1506 4090 lacrymare
1529 4058 1544 4081 ,
1582 4016 1677 4074 sed
1723 4017 1952 4082 leniter.

373 4104 467 4161 sed
501 4104 780 4172 pudenter,
805 4105 898 4162 sed
923 4122 1045 4162 cum
1078 4107 1268 4167 timore
1289 4108 1404 4165 Dei.
1440 4108 1494 4165 Si
1517 4108 1595 4165 sic
1621 4109 1953 4179 lacrymeris,

376 4211 484 4252 non
507 4196 818 4269 lacrymaris
858 4197 1009 4268 quasi
1061 4200 1506 4258 resurrectionem
1538 4215 1643 4255 non
1687 4200 1912 4257 credens
1935 4240 1951 4266 ,

375 4284 472 4341 sed
501 4285 649 4357 quasi
680 4288 1070 4357 separationem
1100 4305 1202 4344 nou
1227 4290 1423 4347 ferens.

450 4378 505 4433 5.
546 4376 677 4433 Nam
722 4378 844 4435 illos
869 4380 1031 4435 etiam
1056 4380 1147 4451 qui
1180 4396 1402 4452 peregre
1444 4381 1857 4453 proﬁciscuntur
1880 4382 1961 4439 la-

378 4469 578 4540 cryniis
603 4471 974 4541 prosequimur
997 4513 1013 4536 ,
1041 4474 1136 4527 sed
1163 4487 1273 4527 non
1304 4473 1455 4542 quasi
1480 4473 1848 4544 desperantes.
1872 4474 1961 4531 Sic

381 4572 431 4616 et
458 4570 512 4615 tu
542 4561 805 4632 lacrymas
828 4563 1012 4617 emitte
1036 4603 1052 4628 ,
1091 4577 1155 4618 ac
1176 4564 1221 4619 si
1268 4565 1696 4631 proﬁciscentem
1725 4568 1960 4638 praemit-

386 4662 546 4706 teres.
573 4652 698 4707 llaec
736 4670 841 4707 non
867 4653 1062 4722 jubens
1085 4696 1101 4720 ,
1148 4656 1241 4709 sed
1271 4655 1516 4713 humana:
1544 4674 1630 4714 me
1670 4658 1961 4717 iulirmitati

386 4750 747 4812 nttemperans
796 4744 939 4801 dico.
981 4744 1111 4799 Nam
1156 4746 1197 4800 si
1251 4756 1500 4817 peccator
1518 4758 1641 4804 erat
1676 4749 1724 4804 is
1748 4749 1836 4818 qui
1863 4749 1962 4805 de-

388 4827 599 4883 luuctus
620 4835 723 4891 est,
754 4827 842 4897 qui
872 4843 1014 4897 saepe
1041 4828 1203 4887 Deum
1237 4829 1540 4899 offenderit,
1561 4830 1838 4889 dellendus
1864 4833 1966 4890 otio

453 4940 469 5013 ξ
504 4938 694 5013 iisiis
717 4939 917 5013 '98qu.
950 4952 1043 5013 "9"
1058 4940 1188 5013 issi
1203 4956 1377 5013 W1".
1394 4941 1555 5013 legere
1577 4951 1622 4996 et
1646 4944 1878 5008 ingemu-

449 5002 522 5071 (ᾳ)
542 5000 994 5071 ll:cc_putoreferri
1016 5000 1076 5053 ad
1100 5000 1593 5071 illttdj'pOplitltEgma
1616 5000 1824 5071 tacEenze
1857 5024 1966 5059 mu-

449 5020 522 5074 try
542 5020 657 5053 mut:
681 5020 797 5065 pnw
818 5020 994 5054 rewt‘rl
1016 5020 1076 5053 aa
1100 5020 1593 5118 intiaEtzpopntnegma
1616 5020 1824 5058 tacaame
1857 5024 1966 5059 mu-

388 5063 669 5138 liurts‘apud
694 5064 997 5138 Plutarchi!!!
1012 5078 1062 5128 p.
1089 5065 1173 5116 (ﬁt
1285 5074 1349 5138 t_t._
1377 5074 1506 5138 Pal'ls
1529 5106 1542 5127 ,
1563 5081 1595 5138 _s
1626 5070 1829 5138 .p._241._
1852 5080 1967 5131 mire

387 5138 497 5201 cum
523 5124 645 5201 ﬁlios
656 5128 876 5189 quinque
896 5126 956 5201 ad
978 5124 1192 5201 pugnam
1205 5130 1473 5201 emisisset,
1492 5124 1544 5181 et
1561 5131 1610 5181 in
1633 5124 1968 5201 Subttrhio‘pu-

386 5200 497 5264 gnte
522 5190 707 5264 exitum
724 5189 1317 5264 _ex_st__tectaret,'puntiantl
1339 5189 1597 5264 ﬁlius__suos
1610 5207 1783 5264 omnes
1806 5194 1855 5247 in
1879 5189 1967 5260 pu-

505 5250 763 5306 cecldisse.
788 5247 895 5301 rite
927 5247 1241 5312 mentium,
1264 5253 1534 5315 resjmndit.
1558 5266 1649 5305 non
1671 5254 1759 5306 hoc
1782 5247 1970 5323 querire-

505 5309 610 5363 :ml
629 5323 721 5363 rma
734 5310 838 5361 loco
855 5319 1010 5363 essent
1025 5324 1104 5363 res
1125 5313 1314 5363 natura.
1327 5315 1597 5363 ttesuondet
1623 5314 1707 5363 ille
1723 5318 1967 5363 victoriam

392 5314 610 5370 born;er
629 5323 721 5372 quo
734 5314 838 5361 loco
855 5319 1010 5363 essent
1025 5324 1104 5363 res
1125 5314 1314 5374 patric.
1327 5314 1597 5376 Respondet
1623 5314 1707 5369 ille
1723 5314 1968 5371 victoriam

392 5373 836 5448 ιξςειςξξρειτιῑειβε
1226 5376 1390 5448 itaque.
1414 5374 1525 5448 ,ίιιιν
1550 5374 1761 5441 ﬁliorum
1784 5380 1968 5448 cedem

389 5432 649 5513 MP1?
671 5432 832 5513 σι’,ιείὲοξ-
858 5432 1004 5513 ἂὲᾞξ
1031 5432 1783 5513 ἓ1ἓέ9ἕ9ρὲηὖξᾼὲίς.ιιὲέιμοτξιειε
1804 5439 1973 5513 ,ἔθειρα

552 5500 647 5561 est.
668 5492 823 5561 Hanc
864 5509 1012 5561 porro
1033 5492 1289 5561 historiam
1325 5500 1483 5547 refert
1512 5497 1658 5561 Diog.
1684 5492 1970 5552 taertiusin

416 5549 713 5625 iemphome
936 5549 1101 5610 linem.
1125 5559 1218 5608 Hic
1239 5560 1522 5611 memoriter
1545 5549 1751 5625 Impiens
1767 5549 1973 5624 Christ;

390 5621 594 5673 stemus,
618 5626 724 5667 rem
745 5617 890 5671 Paulo
911 5632 1057 5670 secus
1080 5629 1258 5675 narrat.

2015 430 2120 483 que
2146 423 2265 478 est;
2299 416 2405 471 imo
2448 432 2552 470 non
2599 414 2876 470 deﬁeudus
2918 422 3123 468 tantum
3154 454 3166 475 .
3216 429 3340 468 cum
3378 415 3427 467 id
3474 416 3602 469 nihil

2018 506 2117 575 ipsi
2141 507 2329 561 afferat
2355 508 2595 562 utilitatis
2615 548 2631 573 ,
2659 507 2753 561 sed
2777 521 2839 561 ea
2872 505 3113 561 facienda
3142 515 3305 573 sunt,
3331 522 3451 576 qua:
3480 522 3602 576 pos-

2016 599 2124 652 sint
2151 600 2296 653 illum
2336 599 2524 668 juvare
2545 640 2560 664 ,
2594 608 2652 653 ut
2699 599 3057 669 eleemosyme
3080 639 3095 660 ,
3123 598 3443 655 oblationes.
3472 600 3604 657 l-liue

2015 692 2177 746 etiam
2205 692 2493 746 laetandum
2518 701 2622 759 est,
2651 691 2792 761 quod
2815 689 2992 745 omnis
3024 691 3243 745 malitia:
3267 693 3480 747 occasio
3502 693 3603 771 ipsi

2017 780 2190 835 ablata
2222 781 2312 837 sit.
2353 780 2411 836 Si
2437 796 2564 836 vero
2586 781 2764 850 justus
2791 782 2900 846 sit,
2930 781 3309 838 exsultantium
3331 824 3345 849 ,
3376 785 3520 853 quod
3550 785 3603 839 in

2019 881 2132 927 tuto
2158 872 2230 926 sit
2266 872 2564 929 collocatus
2586 913 2603 939 ,
2629 882 2686 928 et
2706 873 2839 929 liber
2862 872 2932 927 ab
2955 873 3163 928 incerto
3208 873 3389 929 futuro
3422 884 3562 930 statu
3588 894 3603 932 :

2017 966 2062 1020 si
2086 966 2297 1034 juvenis
2326 969 2416 1031 sit,
2439 965 2778 1035 gaudendum
2802 963 2945 1035 quod
2972 966 3080 1020 cito
3110 976 3329 1035 ereptus
3349 968 3419 1023 sit
3444 967 3605 1038 hujus

2020 1057 2141 1111 vita:
2169 1057 2355 1122 malis;
2384 1057 2428 1111 si
2458 1072 2646 1123 senex,
2677 1057 2819 1126 quod
2843 1070 2912 1112 eo
2932 1056 3133 1112 diutius
3161 1058 3232 1112 sit
3263 1073 3392 1114 usus
3418 1100 3433 1124 ,
3460 1060 3602 1129 quod

2023 1148 2252 1204 maxime
2281 1148 2635 1206 desiderabile
2679 1148 2980 1204 videbatur.
3011 1149 3092 1206 Tu
3123 1166 3252 1206 vero
3279 1150 3363 1206 his
3387 1163 3607 1222 prater—

2024 1239 2202 1295 missis
2223 1239 2492 1304 omnibus,
2523 1240 2744 1296 ancillas
2771 1240 2839 1296 ad
2868 1241 3066 1296 luctum
3095 1242 3288 1298 incitas
3315 1285 3331 1311 ,
3364 1244 3514 1313 quasi
3551 1245 3604 1301 in

2020 1329 2254 1384 defuncti
2285 1329 2546 1387 honorem
2572 1372 2587 1400 ,
2622 1332 2764 1402 quod
2790 1342 3085 1389 extremum
3113 1334 3348 1391 dedecus
3368 1346 3469 1391 est.
3500 1337 3608 1392 llo-

2023 1435 2125 1475 nor
2151 1421 2292 1476 enim
2333 1422 2588 1478 defuncto
2625 1432 2769 1487 sunt,
2816 1439 2922 1480 non
2963 1425 3119 1481 ﬂetus
3143 1468 3159 1493 ,
3193 1443 3297 1483 non
3329 1429 3559 1498 ejulatus
3587 1472 3603 1498 ,

2023 1514 2116 1568 sed
2144 1513 2464 1585 hymnorum
2511 1515 2945 1588 psalmormnque
2999 1530 3189 1575 cautus
3231 1560 3244 1582 .
3295 1524 3608 1594 optimaque

2023 1605 2153 1661 vita.
2182 1606 2275 1661 Ille
2303 1620 2533 1676 namque
2561 1606 2834 1677 digressus
2876 1623 2998 1664 cum
3036 1611 3238 1680 angelis
3263 1615 3564 1669 versabitur
3585 1655 3603 1680 ,

2022 1695 2234 1752 etiamsi
2267 1697 2439 1754 funeri
2466 1713 2624 1756 nemo
2649 1699 2827 1755 adsit:
2859 1702 2947 1771 qui
2981 1717 3140 1772 porro
3178 1703 3451 1773 improbus
3492 1721 3600 1776 tuo.

2025 1788 2164 1843 ritur
2185 1830 2200 1853 ,
2232 1790 2331 1844 etsi
2374 1798 2541 1845 totam
2571 1791 2839 1846 civitatem
2863 1792 3131 1863 exsequiis
3164 1803 3475 1863 prmscutem
3503 1795 3601 1853 hn-

2025 1879 2169 1948 beat,
2200 1881 2332 1938 nihil
2360 1880 2486 1941 inde
2507 1884 2823 1939 lucrabitur.

2100 1973 2339 2046 Περιπιὶ
2379 1977 2629 2046 quomodo
2656 1978 2755 2032 sint
2785 1978 3168 2033 Ironorandi.—
3185 1978 3278 2033 Vis
3303 1978 3607 2035 defunctum

2022 2064 2428 2145 etmonestare?
2471 2069 2586 2123 Alia
2631 2067 2848 2131 adhibe,
2872 2070 3245 2143 eleetnosynas
3269 2112 3284 2136 ,
3332 2072 3605 2138 beneﬁcia,

2032 2159 2350 2237 mipisteria.
2396 2161 2532 2228 Quid
2582 2177 2647 2217 ex
2703 2172 2779 2218 tot
2825 2163 3039 2219 ﬂetibus
3083 2164 3260 2220 lucri?
3308 2165 3423 2237 Ego
3467 2167 3609 2222 aliud

2031 2252 2247 2319 gravius
2276 2252 2452 2307 audivi
2483 2271 2496 2305 :
2526 2254 2719 2310 multas
2746 2271 2942 2326 nempe
2991 2271 3114 2312 esse
3144 2273 3262 2327 qua:
3317 2273 3413 2328 per
3459 2259 3614 2314 ﬁctus

2031 2353 2300 2399 amatores
2326 2346 2604 2413 alliciunt,
2633 2347 2760 2403 dum
2789 2349 3125 2403 vehementia
3154 2350 3329 2406 luctus
3355 2352 3614 2409 maritalis

2032 2439 2229 2493 amoris
2258 2438 2452 2497 famam
2496 2442 2596 2497 sibi
2644 2451 2975 2512 comparant.
3010 2443 3055 2498 Ο
3081 2443 3407 2500 diabolicum
3432 2446 3613 2501 inven-

2036 2538 2147 2585 tum
2173 2532 2186 2585 !
2218 2529 2264 2587 Ο
2289 2532 2582 2589 satanicum
2624 2534 2905 2591 artiﬁcium
2930 2537 2944 2591 !
2972 2535 3260 2609 Usquequo
3295 2547 3437 2593 terra
3464 2547 3519 2594 et
3541 2539 3618 2594 oi-

2037 2625 2119 2681 nis
2143 2666 2159 2691 ,
2191 2640 2466 2699 usquequo
2503 2629 2724 2700 sanguis
2749 2638 2803 2685 et
2827 2644 2952 2686 caro
2978 2632 3177 2687 erimus
3200 2632 3225 2685 l
3249 2633 3618 2704 Respiciamus

2037 2717 2089 2772 in
2118 2720 2280 2774 carlos
2306 2760 2322 2786 ,
2374 2720 2670 2791 spiritualia
2710 2723 3026 2792 cogitemus.
3072 2723 3355 2790 Quomodo
3397 2726 3618 2795 gentiles

2037 2824 2320 2882 arguemus
2345 2813 2371 2866 ?
2398 2812 2677 2879 Quomodo
2705 2814 2773 2868 de
2800 2815 3193 2871 resurrectione
3228 2830 3349 2871 cum
3377 2816 3483 2871 illis
3507 2832 3622 2885 age.

2040 2920 2158 2959 mus
2182 2947 2199 2972 ,
2227 2907 2494 2975 quomodo
2531 2906 2600 2963 de
2636 2908 2963 2963 virtutibus?
3002 2908 3115 2976 Qua
3155 2913 3445 2967 securitate
3488 2910 3624 2966 vive-

2041 2997 2213 3051 mus?
2257 2999 2335 3052 An
2385 2999 2598 3068 ignoras
2641 3016 2705 3055 ex
2735 3016 2968 3056 mmrore
3019 3004 3300 3071 provenire
3345 3005 3622 3059 mortem?

2044 3086 2208 3142 Dolor
2248 3088 2390 3142 enim
2437 3100 2670 3145 mentem
2719 3090 3081 3147 obteuebrans
3108 3134 3123 3159 ,
3167 3108 3273 3151 non
3303 3093 3463 3149 modo
3490 3093 3621 3148 nihil

2044 3186 2104 3235 ut
2130 3193 2226 3247 par
2251 3190 2394 3235 esset
2431 3181 2614 3238 videre
2642 3182 2772 3237 sinit
2793 3225 2808 3246 ,
2841 3185 2935 3242 sed
2982 3186 3206 3241 multum
3234 3186 3395 3241 infert
3420 3187 3623 3242 damni.

2047 3271 2141 3328 Illo
2168 3274 2348 3343 itaque
2379 3276 2538 3330 modo
2567 3276 2732 3332 Deum
2759 3278 3103 3345 offendimus,
3138 3294 3202 3334 ac
3228 3294 3403 3350 neque
3432 3280 3585 3335 nobis
3608 3320 3624 3345 ,

2048 3380 2222 3434 neque
2267 3365 2520 3421 defuncto
2566 3382 2881 3437 prosumus:
2911 3370 3010 3426 hac
3064 3381 3243 3427 autem
3283 3372 3490 3431 ratione
3522 3372 3629 3429 Deo

2049 3457 2323 3527 placemus
2346 3499 2361 3524 ,
2395 3467 2449 3513 ct
2488 3459 2558 3515 ah
2584 3459 2889 3517 hominibus
2910 3463 3264 3518 celebramur.
3298 3464 3431 3521 Nam
3458 3467 3502 3520 si
3532 3481 3629 3521 nos

2050 3567 2160 3607 non
2180 3552 2525 3608 concidamus
2550 3596 2564 3619 ,
2591 3555 2699 3610 cito
2731 3557 2976 3611 maeroris
3011 3556 3266 3627 reliquias
3301 3558 3474 3614 aufert
3501 3575 3515 3615 :
3546 3559 3627 3612 sin

2053 3643 2390 3715 indignemur
2415 3685 2430 3707 ,
2477 3660 2574 3701 nos
2614 3645 2786 3701 dolori
2837 3647 2987 3716 quasi
3027 3645 3299 3704 dedititios
3333 3647 3525 3703 reddit.
3572 3649 3630 3705 Si

2053 3735 2252 3805 gratias
2281 3750 2523 3807 agamus,
2550 3752 2654 3794 non
2680 3737 2999 3794 delebimus.
3034 3738 3104 3793 Et
3127 3740 3397 3810 quomodo
3422 3749 3628 3810 potest.

2056 3826 2283 3896 inquies,
2313 3842 2419 3882 non
2440 3829 2622 3896 lugere
2644 3869 2660 3893 ,
2687 3829 2774 3899 qui
2820 3826 3007 3891 lilium,
3036 3836 3128 3885 aut
3160 3828 3321 3886 ﬁliam
3345 3870 3362 3897 ,
3383 3839 3476 3885 aut
3502 3844 3633 3922 tua.

2056 3934 2171 3975 rem
2199 3919 2423 3976 amisit?
2448 3919 2563 3975 Non
2601 3920 2725 3976 dico
2767 3936 2872 3975 non
2899 3918 3208 3990 lugendum,
3236 3920 3331 3976 sed
3372 3935 3478 3976 non
3519 3918 3636 3980 sine

2059 4012 2219 4068 modo
2248 4013 2537 4082 lugendum
2566 4028 2708 4069 esse.
2735 4012 2791 4068 Si
2822 4014 2963 4068 enim
2993 4014 3290 4084 cogitemus
3318 4013 3485 4069 Deum
3511 4014 3628 4068 abs-

2059 4108 2242 4164 tulisse
2263 4148 2278 4170 .
2304 4122 2510 4177 nosque
2539 4123 2633 4163 seu
2660 4105 2829 4163 virum
2862 4124 2957 4162 seu
3000 4108 3165 4164 ﬁlium
3214 4108 3495 4163 mortalem
3549 4105 3639 4162 hu-

2061 4199 2210 4263 here,
2237 4199 2346 4255 cito
2383 4200 2802 4255 consolationem
2818 4200 3180 4257 ndudttemus.
3205 4198 3472 4269 lndignari
3502 4213 3650 4254 nam~

2060 4308 2166 4364 que
2194 4303 2279 4350 est
2301 4307 2489 4348 eorum
2514 4293 2604 4363 qui
2630 4294 2804 4362 majus
2830 4293 3103 4364 quidpiam
3129 4293 3411 4366 requirunt
3433 4337 3451 4360 ,
3484 4312 3642 4366 qnam

2064 4391 2250 4445 natura
2277 4382 2434 4440 ferat.
2468 4384 2639 4440 Homo
2668 4396 2723 4441 et
2761 4386 3002 4441 mortalis
3047 4397 3203 4442 natus
3226 4403 3286 4442 es
3309 4429 3325 4453 ,
3370 4403 3470 4445 cur
3497 4389 3644 4444 dolus

2062 4475 2203 4547 quod
2226 4475 2519 4532 secundum
2559 4487 2803 4532 naturam
2844 4477 3168 4545 contigerit?
3206 4481 3290 4533 An
3310 4478 3464 4535 doles
3501 4480 3643 4549 quod

2063 4569 2316 4630 comedas
2335 4568 2401 4623 ad
2430 4569 2591 4626 vitam
2619 4569 2981 4625 servandam?
3004 4570 3138 4625 Num
3161 4571 3360 4641 quaeris
3385 4572 3502 4628 sine
3523 4573 3646 4627 cibo

2065 4658 2293 4716 vivere?
2316 4658 2405 4716 Sic
2428 4660 2569 4715 circa
2601 4669 2830 4716 mortem
2853 4660 3013 4716 facito
3032 4702 3047 4725 .
3073 4676 3172 4716 nec
3198 4677 3409 4732 quairas
3439 4662 3646 4718 immor-

2029 4790 2033 4793 λ
2070 4752 2348 4812 talitatem.
2376 4752 2617 4809 manalis
2643 4768 2762 4807 cum
2789 4755 2884 4811 sis.
2915 4753 3028 4810 Hec
3050 4754 3217 4809 semel
3245 4753 3522 4811 deﬁnitum
3545 4763 3647 4811 est.

2068 4844 2146 4901 Ne
2171 4845 2353 4902 doleas
2383 4887 2399 4910 ,
2431 4861 2500 4903 ne
2542 4855 2597 4903 te
2635 4862 2881 4904 maceres
2910 4888 2925 4914 ,
2952 4849 3045 4904 sed
3070 4849 3148 4903 τρι·
3169 4864 3231 4902 ea
3263 4864 3383 4919 qua:
3403 4849 3650 4904 omnibus

2069 4946 2268 4994 statuta
2302 4947 2447 4995 sunt.
2481 4938 2608 4994 Dele
2648 4939 2717 4994 de
2768 4940 3019 5008 peccatis.
3066 4939 3164 4995 llic
3200 4940 3439 5010 optimus
3481 4939 3652 4995 luctus

2070 5038 2154 5085 est
2177 5070 2194 5095 ,
2226 5028 2343 5085 lucc
2391 5028 2621 5085 maxima
2667 5030 3023 5102 philosophia.
3056 5030 3183 5088 Han:
3222 5045 3353 5103 ergo
3395 5038 3652 5102 perpetuo

2070 5122 2361 5177 deﬂeamus
2383 5163 2398 5186 ,
2429 5131 2486 5177 ut
2514 5123 2621 5177 illic
2649 5123 2900 5194 gaudium
2943 5137 3337 5193 consequamur
3359 5163 3376 5190 ,
3403 5121 3572 5194 gratia
3601 5130 3654 5180 et

2074 5217 2399 5285 benignitate
2426 5216 2635 5271 Domini
2664 5217 2831 5272 nostri
2867 5216 2994 5273 Jesu
3023 5215 3223 5277 Christi
3242 5256 3260 5285 ,
3284 5216 3369 5276 cui
3408 5214 3576 5294 gloria
3597 5213 3653 5271 in

2070 5311 2265 5368 smcnls
2296 5311 2633 5369 seculorum.
2664 5311 2856 5368 Amen.
