4072 6152
461 292 563 349 3ί7

459 424 567 479 περ
609 406 719 477 7&9
761 403 972 465 οὐδενὸς
1013 402 1165 464 ὄντος
1210 400 1350 471 μετὰ
1382 401 1586 463 ταῦτα.
1616 402 1761 455 οῦτω
1801 401 2040 455 κωκύου-

460 508 546 546 σιν
572 490 631 543 al
654 486 785 558 παρ’
815 487 1000 548 αὐτοῖς
1031 485 1292 552 γυναῖκες
1317 499 1330 512 ’
1357 484 1417 536 ού
1445 486 1769 555 προσέχουσι
1799 487 1912 548 τοῖς
1947 487 2044 554 ῥή-

462 591 595 646 μασι
615 572 730 634 τοῖς
756 572 815 623 ὲν
834 569 945 631 τοῖς
983 565 1208 637 βιϐλίοις
1231 567 1410 619 αὐτῶν
1428 568 1877 638 κεχαραγμένοις.
1899 566 2045 620 Πλά-

462 672 646 728 σματα
672 654 857 708 ἐκεῖνα
882 652 1081 714 πάντα,
1108 649 1203 704 καὶ
1226 649 1477 720 δηλοῦσιν
1506 651 1685 706 αὐταί.
1718 652 1780 705 El
1800 652 1912 723 7&9
1929 650 2048 704 ἐπί-

463 757 676 803 στευον,
721 738 807 792 ὅτι
853 737 884 787 0
919 731 1323 805 τετελευτηκὼς
1371 736 1432 787 ού
1484 734 1893 805 τετελεύτηκεν,
1931 733 2047 789 ἀλλ’

461 826 554 879 ἐπὶ
579 820 830 895 βελτίονα
847 817 994 884 ζωὴν
1027 817 1285 889 μετέστη,
1308 817 1411 871 οὐκ
1443 817 1512 872 ἀν
1534 818 1698 873 αὐτὸν
1735 819 1813 881 ὡς
1838 819 1941 873 οῦκ
1966 817 2046 871 ἔτι

460 910 589 964 δντα
614 906 944 980 ἐθρήνησαν,
969 903 1071 956 οῦκ
1087 901 1154 956 ἂν
1182 901 1326 956 οὕτω
1349 904 1750 958 κατεκόπτοντο
1772 916 1823 970 ι,
1857 903 1959 958 οῦκ
1979 903 2047 957 ἀν

461 991 715 1054 τοιαύτας
736 990 955 1059 ἀφῆκαν
990 985 1174 1056 φωνάς
1198 986 1455 1051 ἀπιστίας
1483 987 1760 1058 γεμούσας
1781 1000 1798 1017 ⁸
1821 989 1937 1042 οὐκ
1967 987 2047 1041 ἐτι

464 1093 524 1131 σε
545 1075 767 1146 θύωμαι,
793 1072 895 1125 οὐκ
919 1069 1001 1123 ἐτι
1031 1085 1092 1123 σε
1113 1068 1483 1141 ἀπολήψομαι.
1514 1069 1701 1134 Μῦθος
1734 1071 1951 1125 ἃπαντα
1978 1070 2049 1125 τά

464 1160 595 1230 παρ’
624 1158 829 1219 αὐτοῖς.
876 1154 940 1208 El
988 1152 1047 1207 δέ
1084 1152 1146 1207 τὸ
1175 1152 1471 1222 κεφάλαιον
1497 1151 1608 1206 τῶν
1647 1151 1869 1222 ἀγαθῶν
1904 1153 2050 1209 οῦτω

462 1243 847 1304 διαπιστεῖται,
896 1236 1078 1309 πολλῷ
1121 1236 1323 1308 μᾶλλον
1376 1237 1474 1291 καὶ
1517 1235 1591 1291 τά
1626 1236 1766 1292 ἄλλα
1812 1238 1883 1293 τά
1916 1243 2048 1313 παρ’

465 1328 648 1389 αὐτοῖς
679 1323 875 1394 σεμνά.
932 1321 1048 1390 Οῦχ
1085 1318 1261 1383 οὓτως
1289 1319 1554 1391 Ἕλληνες
1603 1319 2011 1390 γυναικίζονται
2031 1340 2044 1353 ·

465 1410 649 1465 πολλοὶ
698 1408 830 1479 παρ’
888 1405 1074 1467 αὐτοῖς
1120 1403 1545 1474 ἐφιλοσόφησαν.
1611 1406 1723 1460 Kal
1768 1406 2049 1463 ἀκούσασα

468 1496 666 1567 Ἕλλην
690 1492 831 1563 γυνή
862 1493 994 1563 περὶ
1016 1489 1207 1552 παιδὸς
1231 1489 1291 1542 ἐν
1311 1488 1536 1560 πολέμῳ
1556 1490 2053 1556 πεσόντος,εύθέως

465 1581 662 1650 ῆρετω
702 1576 785 1629 Τά
811 1574 869 1628 δέ
902 1573 1005 1644 τῆς
1030 1571 1240 1637 πόλεως
1268 1571 1388 1636 πῶς
1417 1571 1685 1627 διάκειται
1712 1576 2049 1645 πράγματας

467 1662 560 1715 καὶ
586 1660 745 1723 ἀλλος
773 1656 1065 1727 φιλόσοφος
1091 1655 1562 1725 ἐστεφανωμένος,
1597 1655 1784 1729 ἐπειδὴ
1819 1658 2051 1729 ήκουσεν

465 1751 549 1805 ὅτι
571 1748 714 1821 ὑπὲρ
739 1747 839 1818 τῆς
866 1742 1125 1816 πατρίδος
1147 1744 1176 1797 0
1197 1744 1330 1805 παῖς
1358 1741 1578 1804 ἔπεσεν,
1604 1743 1937 1815 ἀφελόμενος
1959 1742 2052 1796 τὸν

469 1834 757 1903 στέφανον,
802 1830 895 1883 καὶ
930 1828 1193 1900 ἐρόμενος
1227 1825 1486 1896 ὁπότερος
1517 1828 1631 1879 τοῖν
1667 1827 1832 1891 δυοῖν,
1863 1825 2051 1895 ἐπειδὴ

469 1916 642 1986 ἔμαθε
682 1914 777 1968 τὸν
829 1910 1082 1975 πεσόντα,
1123 1909 1217 1964 τὸν
1253 1909 1516 1980 στέφανον
1549 1907 1710 1971 εὐθὺς
1743 1908 1907 1962 πάλιν
1954 1910 2051 1962 ἐπ-

472 2002 657 2071 έθηκε.
700 1996 889 2052 Πολλοὶ
930 1995 987 2051 δέ
1027 1995 1123 2049 καὶ
1152 1994 1289 2058 υίεῖς
1323 1995 1418 2048 καὶ
1442 1993 1749 2066 θυγατέρας
1772 1993 2053 2049 ἐπέδωκαν

472 2087 552 2147 είς
601 2081 833 2152 σφαγὴν,
885 2078 1148 2149 δαίμονας
1189 2076 1481 2147 τιμῶντες.
1528 2077 1597 2130 Al
1634 2077 1692 2131 δέ
1735 2076 2052 2131 Λακωνικαὶ.

471 2168 728 2234 γυναῖκες
775 2162 868 2217 καὶ
900 2160 1229 2231 παραινοῦσι
1256 2161 1369 2223 τοῖς
1401 2159 1615 2222 παισὶν,
1655 2159 1689 2231 ἢ
1727 2158 1828 2228 τὴν
1848 2159 2053 2213 ἀσπίδα

466 2247 729 2303 διασῶσαι
755 2247 820 2299 ἐκ
840 2243 937 2298 τοῦ
970 2243 1231 2313 πολέμου,
1259 2241 1292 2314 ἢ
1342 2243 1428 2297 ἐπ’
1450 2244 1621 2314 αὐτῆς
1648 2242 1936 2314 ἐνεχθῆναι
1964 2259 2053 2296 νε-

464 2332 617 2404 κρόν.
667 2328 770 2384 Διά
819 2326 996 2381 ταῦτα
1044 2324 1372 2397 αἰσχύνομαι
1420 2325 1503 2379 ὅτι
1538 2324 1799 2396 ’Έλληνες
1822 2324 2051 2379 τοιαῦτα

464 2412 866 2486 φιλοσοφοῦσιν,
897 2412 1059 2483 ἡμεῖς
1090 2409 1148 2463 δέ
1179 2408 1625 2481 ἀσχημονοῦμεν.
1656 2411 1720 2463 Ol
1758 2408 1890 2482 περὶ
1916 2410 2053 2464 ἀνα-

466 2498 709 2561 στάσεως
736 2495 889 2550 οῦδέν
908 2493 1130 2558 εἰδότες,
1156 2494 1225 2546 τά
1244 2493 1352 2545 τῶν
1379 2492 1595 2546 είδότων
1610 2492 1945 2564 πράττουσιν
1965 2511 1980 2526 ·
2002 2494 2053 2547 οί

464 2583 521 2638 δὲ
546 2580 850 2647 είδότες,τά
871 2578 982 2633 τῶν
1003 2577 1363 2647 ἀγνοούντων.
1394 2576 1587 2632 Πολλοὶ
1616 2577 1712 2631 καὶ
1742 2576 1772 2631 δ
1802 2578 1891 2633 διά
1920 2578 2054 2634 Θεὸν

465 2667 527 2719 οὐ
559 2663 795 2730 ποιοῦσι,
826 2660 985 2717 τοῦτο
1010 2660 1078 2715 δι’
1103 2659 1408 2731 ἀνθρώπιον
1432 2660 1568 2714 αίδῶ
1596 2660 1896 2733 πράττουσι
1924 2662 2055 2718 πολ-

466 2749 643 2811 λάκις.
678 2750 745 2803 Δί
768 2746 879 2821 γάρ
911 2744 1287 2817 εὐπορώτεραι
1314 2743 1424 2799 τῶν
1453 2744 1731 2813 γυναικῶν
1761 2746 1958 2819 τρίχας
1990 2748 2052 2802 οῦ

468 2834 735 2891 τίλλουσιν
756 2832 882 2896 ὶ’,οὐ
907 2829 1197 2902 βραχίονας
1219 2828 1521 2900 γυμνοῦσιν
1540 2845 1553 2860 ο
1580 2829 1609 2882 0
1638 2830 1734 2885 καὶ
1756 2832 1890 2885 αὐτὸ
1918 2849 2055 2888 κατ-

471 2916 695 2990 ηγορίας
715 2914 868 2989 [574]
892 2914 1150 2985 ἐσχάτης,
1169 2912 1269 2967 οῦκ
1294 2912 1485 2982 ἐπειδὴ
1508 2913 1571 2967 οὐ
1595 2930 1664 2982 γυ
1671 2913 1915 2984 μνοῦσιν,
1937 2916 2055 2970 ἀλλ’

472 3001 658 3073 ἐπειδὴ
690 3001 751 3055 ού
772 2999 840 3053 δι’
856 2996 1143 3053 εὐλάϐειαν
1172 2996 1304 3051 αὐτὸ
1324 2996 1679 3068 πράττουσιν,
1711 2998 1851 3053 ἀλλά
1876 3000 1966 3055 διά
1993 3001 2055 3055 τὸ

475 3084 550 3157 μὴ
570 3083 719 3148 δόξαι
735 3081 1124 3152 καταισχύνειν
1141 3080 1358 3144 ἑαυτάς.
1380 3078 1516 3135 Εἶτα
1529 3081 1695 3145 αἰδὼς
1710 3082 1809 3153 μὲν
1823 3084 2055 3149 πένθους

471 3171 682 3241 κρατεῖ,
713 3168 742 3220 0
769 3167 825 3221 δὲ
846 3166 940 3220 τοῦ
972 3164 1107 3219 Θεοῦ
1148 3163 1311 3234 φόϐος
1341 3165 1401 3217 ού
1433 3168 1657 3237 κρατεῖ;
1689 3169 1784 3221 καὶ
1808 3167 1925 3232 πῶς
1954 3170 2055 3224 οῦκ

470 3254 704 3324 ἐσχάτης
732 3251 906 3305 ταῦτα
923 3248 1256 3322 κατηγορίας
1289 3247 1442 3315 diua;
1473 3249 1672 3325 Ἐχρῆν
1704 3246 1799 3305 οὖν
1819 3251 1848 3306 ὃ
1871 3252 2055 3306 ποιοῦ⁶

470 3353 555 3392 σιν
582 3338 636 3389 αἱ
672 3333 997 3389 πλουτοῦσαι
1018 3332 1106 3386 διά
1130 3332 1223 3386 τὸν
1252 3331 1502 3397 πλοῦτον,
1524 3334 1623 3398 τάς
1645 3336 1946 3407 πενομένας
1966 3336 2056 3392 διά

468 3418 559 3473 τὸν
579 3417 674 3472 τοῦ
704 3416 839 3471 Θεοῦ
869 3415 1032 3486 φόϐον
1060 3418 1250 3470 ποιεῖν.
1269 3414 1384 3468 Νῦν
1410 3414 1467 3468 δὲ
1499 3416 1678 3471 πάντα
1704 3418 2054 3487 ἀπεναντίας,

468 3505 718 3559 κάκεῖναι
747 3501 834 3558 διά
869 3501 1174 3567 κενοδοξίαν
1215 3499 1588 3570 φιλοσοφοῦσι,
1626 3503 1721 3557 καὶ
1761 3495 1923 3557 αὗται
1966 3504 2056 3558 διά

472 3586 841 3662 μικροψυχίαν
862 3583 1253 3657 ἀσχημονοῦσι.
1286 3584 1351 3638 Τί
1377 3583 1581 3656 ταύτης
1612 3585 1714 3655 τῆς
1736 3587 2056 3658 ἀνωμαλίας

470 3672 687 3741 χεῖρον;
715 3668 901 3722 Πάντα
921 3668 990 3722 δι’
1019 3665 1362 3739 ἀνθρώπους.
1388 3668 1569 3721 πάντα
1601 3668 1689 3723 διά
1725 3668 1794 3723 τά
1820 3669 2056 3724 ἐνταῦθα

469 3756 801 3827 πράττομεν.
860 3752 972 3808 Kal
1042 3754 1262 3826 ῥήματα
1319 3753 1749 3826 παραφροσύνης
1816 3755 2055 3824 γέμοντα

469 3838 798 3908 φθέγγονται
828 3836 924 3890 καὶ
965 3833 1161 3890 πολλοῦ
1200 3834 1457 3904 γέλωτος.
1492 3837 1603 3891 Kal
1643 3839 1671 3893 0
1711 3837 1811 3909 μὲν
1850 3838 2056 3911 Κύριός

468 3938 628 3995 φησιο
653 3918 943 3989 Μακάριοι
972 3922 1025 3974 οι
1047 3918 1430 3986 πενθοῦντες,
1455 3922 1580 3983 τοὺς
1594 3920 1661 3975 τά
1682 3922 2056 3995 ἁμαρτήματα

468 4001 796 4066 πενθοῦντας
820 4013 845 4041 ο
875 4001 1048 4069 λέγων
1068 4018 1082 4032 ·
1106 4001 1199 4057 καὶ
1220 4000 1393 4065 οὐδεὶς
1414 4003 1599 4057 ἐκεῖνοι
1620 4004 1807 4059 πενθεῖ
1835 4006 1897 4060 τὸ
1924 4007 2054 4061 πέν-

469 4087 584 4154 θος,
629 4086 752 4141 οὐδὲ
801 4085 1078 4157 φροντίζει
1120 4085 1219 4156 τῆς
1252 4085 1434 4157 ψυχῆς
1482 4086 1858 4153 ἀπολωλυίαςο
1893 4089 2055 4146 τοῦτο

468 4169 527 4222 δὲ
577 4169 678 4223 οῦκ
710 4169 1112 4240 ὲκελεύσθημεν
1144 4169 1437 4242 πράττειν,
1476 4172 1570 4225 καὶ
1610 4173 1945 4245 πράττομεν.
1989 4173 2054 4229 Τί

469 4249 599 4320 οῦν;
644 4253 812 4324 φησί’
854 4254 949 4308 καὶ
994 4253 1282 4326 ἄνθρωπον
1327 4253 1455 4307 ῦντα
1499 4254 1577 4309 ένι
1632 4257 1707 4328 μὴ
1759 4256 2052 4329 δακρύειν;

469 4337 606 4392 υύδὲ
650 4336 761 4407 ἐγὼ
789 4336 949 4392 τοῦτο
989 4336 1212 4402 κωλύω,
1248 4336 1386 4390 ἀλλά
1418 4337 1614 4392 κωλύω
1649 4339 1710 4393 τὸ
1733 4339 2053 4407 κόπτεσθαι,

468 4420 531 4476 τὸ
557 4420 810 4493 ἀμέτρως
843 4419 1002 4475 τοῦτο
1030 4422 1225 4475 ποιεῖν.
1254 4421 1367 4475 Οὐκ
1396 4419 1516 4492 εἰμὶ
1548 4420 1577 4462 ἀ
1611 4421 1906 4496 θηριώδης,
1933 4424 2055 4482 οὐδὲ

468 4505 688 4576 ἀπηνής
711 4521 723 4536 ·
769 4502 887 4559 οἴδα
919 4505 1002 4558 ὅτι
1032 4507 1067 4576 ή
1115 4503 1278 4574 φύσις
1323 4503 1627 4574 ἐλέγχεται,
1662 4506 1758 4561 καὶ
1806 4507 2056 4581 ἐπιζητεῖ

467 4588 568 4661 τὴν
588 4588 875 4660 συνήθειαν
902 4588 997 4643 καὶ
1028 4589 1127 4661 τὴν
1154 4587 1370 4658 ὁμιλίαν
1396 4587 1496 4661 τὴν
1517 4588 1914 4664 καθημερινήν.
1940 4594 2056 4648 Οὐκ

470 4672 645 4727 ἔνεστι
672 4672 749 4745 μὴ
783 4671 1098 4728 λυπεῖσθαι.
1121 4672 1295 4725 Τοῦτο
1335 4671 1430 4726 καὶ
1463 4673 1492 4728 0
1536 4673 1772 4744 Χριστὸς
1811 4675 2011 4744 ἔδειξεν
2036 4695 2052 4711 ο

470 4755 738 4827 ἐδάκρυσε
770 4755 879 4827 γάρ
907 4755 1002 4809 ἐπὶ
1030 4753 1123 4807 τοῦ
1163 4754 1437 4827 Λαζάρου.
1469 4754 1643 4810 Τοῦτο
1671 4758 1767 4811 καὶ
1797 4761 1863 4816 σὺ
1893 4762 2050 4835 ποίη-

470 4855 563 4891 σον
580 4856 594 4870 ·
617 4837 910 4911 δάκρυσον,
928 4836 1042 4892 ἀλλ’
1067 4837 1270 4908 ἠρέμα,
1288 4837 1423 4892 ἀλλά
1449 4839 1588 4909 μετὰ
1614 4842 2050 4916 εὐσχημοσύνης,

471 4920 606 4976 ἀλλά
638 4922 776 4992 μετὰ
802 4919 899 4977 τοῦ
924 4920 1094 4991 φόϐου
1121 4921 1217 4975 τοῦ
1247 4920 1404 4977 Θεοῦ.
1428 4923 1526 4976 "Av
1550 4925 1828 4999 δακρύσῃς
1856 4928 2049 4994 οὕτως,

473 5003 568 5074 ούχ
596 5004 673 5069 ὡς
704 5007 770 5077 τῇ
817 5004 1112 5059 ἀναστάσει
1151 5004 1452 5060 διαπιστῶν
1487 5007 1644 5063 τοῦτο
1692 5013 1898 5079 ποιεῖς,
1937 5012 2053 5067 ἀλλ’

470 5086 547 5151 ὡς
569 5086 632 5140 οῦ
663 5089 847 5159 φέρων
879 5087 970 5142 τὸν
998 5088 1296 5159 χωρισμόν.

542 5176 601 5222 ε’.
640 5170 795 5223 Ἐπεὶ
815 5170 909 5225 καί
934 5172 1060 5234 τοῦς
1080 5169 1493 5242 ἀποδημοῦντας
1518 5174 1613 5227 καὶ
1639 5175 2054 5247 ἀναχωροῦντας

468 5253 776 5324 δακρύομεν
794 5270 808 5284 °
838 5252 954 5308 ἀλλ’
984 5252 1061 5307 οῦ
1081 5253 1341 5325 πονοῦμεν
1369 5254 1526 5309 τοῦτο
1547 5255 1624 5320 ώς
1648 5257 2054 5325 ἀπογινώσκον.

468 5352 580 5400 τες.
626 5337 785 5390 Οῦτω
817 5337 913 5390 καὶ
950 5338 1016 5390 σὺ
1053 5336 1341 5409 δάκρυσον,
1378 5337 1456 5403 ὡς
1498 5340 1883 5413 ἀποδημοῦντα
1916 5360 2053 5416 προ-

469 5419 725 5490 πέμπων.
757 5419 943 5477 Ταῦτα
964 5423 1025 5474 οὐ
1046 5421 1349 5491 νομοθετῶν
1370 5423 1532 5494 λέγω,
1556 5425 1693 5480 ἀλλά
1723 5429 2050 5497 συγκατιών.

535 5536 563 5567 ⁸
585 5534 685 5605 ῌίἱ
722 5536 1128 5605 ἐνεπυρίσθησανι-
1166 5542 1199 5605 _b
1225 5540 1316 5605 Mli
1339 5540 1501 5605 τρίχας
1534 5542 1588 5590 οῦ
1610 5542 1817 5593 λύουσιν.
1884 5547 1909 5576 θ
1935 5544 2054 5605 Qui-

472 5595 582 5645 dam
609 5594 907 5660 θρηνοῦντας.
972 5596 999 5637 (1
1033 5597 1131 5648 Alii
1161 5594 1501 5660 έκελεύσθηὶἱεν
1532 5605 1712 5655 πενθεῖν
1748 5607 1828 5655 καὶ
1858 5594 2053 5656 πενθοῦ-

907 5751 1082 5782 μομυνςι
1094 5751 1130 5769 v.
1158 5751 1260 5770 υνΑ
1304 5751 1417 5782 «ειμι.

1526 284 1591 339 ΙΝ
1631 285 1947 342 ῙΟΑΝΝΕΜ
1980 281 2213 342 llOMIL.
2258 284 2422 345 LXII.
2463 289 2536 345 al.
2578 288 2710 345 LXI.

3625 306 3730 360 353

2151 401 2215 453 Εἰ
2255 401 2355 471 μὲν
2393 400 2502 472 γάρ
2536 403 2859 475 ἁμαρτωλὸς
2893 406 2921 459 0
2966 409 3277 481 τεθνηκὼς,
3319 414 3409 465 καὶ
3452 414 3620 469 πολλὰ
3656 420 3734 482 τῷ

2147 483 2268 566 Θεῷ
2303 489 2795 558 προσκεκρουκὼς.
2830 491 2913 545 δεῖ
2956 492 3245 565 δακρύειν
3291 497 3491 566 μᾶλλον
3524 498 3579 553 δέ
3614 503 3735 555 οὐδὲ

2148 564 2408 655 δακρύειν
2442 569 2619 655 μόνον,
2648 571 2840 655 (τοῦτο
2883 574 2994 646 γὰρ
3027 564 3179 632 οὐδὲν
3226 564 3419 649 ὄφελος
3469 583 3734 655 ἐκείνῳ).

2148 648 2287 703 ἀλλά
2339 654 2517 738 ποιεῖν
2568 654 2636 706 τὰ
2691 654 2967 727 δυνάμενα
3020 661 3143 714 τινά
3195 648 3546 735 παραμυθίαν
3586 648 3737 738 αῦτῳ

2149 736 2526 821 περιποιῆσαι,
2577 738 2949 812 ἐλεημοσύνας
2991 745 3085 798 καὶ
3126 749 3446 821 προσφοράς
3476 761 3521 804 ο.
3557 752 3651 805 Δεῖ
3678 736 3735 806 δέ

2149 817 2245 903 καὶ
2266 819 2382 903 “hil
2404 821 2583 890 τούτῳ
2628 824 2861 894 χαίρειν,
2895 826 2978 878 δτι
3014 829 3252 900 ἐνεκόπη
3288 817 3366 885 7τά
3404 834 3506 903 τῆς
3536 836 3735 899 γακίας

2148 901 2413 987 ᾳοτῷηιῖι
2435 905 2493 958 δὲ
2529 905 2760 976 δίκαιος,
2799 909 3128 978 ἀγάλλεσθαι
3162 913 3325 966 πλέον
3356 915 3438 969 ὅτι
3464 901 3526 971 ιν
3557 921 3728 987 ἀσφα-

2148 984 2267 1070 λείᾳ
2288 984 2360 1040 τά
2382 988 2593 1042 ἐκείνου
2620 993 2818 1055 κεῖται,
2854 994 2948 1047 καὶ
2976 995 3324 1065 ἀπήλλακται
3353 999 3453 1069 τῆς
3485 1017 3581 1053 τοι*
3609 984 3739 1070 μέλ-

2149 1067 2333 1156 λοντος
2364 1071 2592 1156 ἀδηλίας
2615 1089 2630 1104 ·
2679 1074 2745 1129 ἂν
2784 1075 2884 1146 μὲν
2918 1077 3057 1142 νέος,
3088 1079 3171 1132 ὅτι
3204 1067 3417 1151 ταχέως
3447 1067 3738 1156 ἀπτι.λάγη

2148 1150 2258 1235 τῶν
2285 1154 2345 1207 ἰν
2368 1154 2448 1225 τῷ
2477 1158 2631 1228 μέσῳ
2649 1158 2868 1212 κακῶνο
2894 1160 2964 1216 ἂν
2991 1160 3048 1215 δέ
3076 1150 3414 1235 πρεσϐύτης,
3439 1167 3522 1220 ὅτι
3546 1171 3575 1220 8
3593 1150 3743 1222 δοκεῖ

2151 1232 2401 1321 ποθεινὸν
2428 1235 2587 1303 εἶναι,
2625 1241 2786 1295 τοῦτο
2818 1242 2959 1314 μετά
2987 1244 3151 1316 κόρου
3181 1232 3365 1301 λαϐὼν
3403 1249 3638 1321 ἀπῆλθε.
3667 1252 3740 1306 Σῦ

2150 1316 2206 1371 δὲ
2234 1319 2406 1374 ταῦτα
2438 1323 2597 1393 ἀφεὶς
2637 1324 2979 1394 λογίζεσθαι,
3012 1329 3111 1392 τὰς
3140 1316 3531 1401 θεραπαινίδας
3570 1352 3743 1389 κατα-

2152 1401 2446 1485 κόπτεσθαι
2496 1410 2826 1480 παρορμᾷς,
2868 1408 2946 1474 ὡς
2979 1410 3141 1481 δῆθεν
3185 1413 3403 1485 τιμῶσα
3435 1417 3528 1470 τὸν
3576 1418 3743 1471 ἀπελ-

2152 1483 2336 1574 θόντα,
2379 1487 2517 1574 δπερ
2556 1491 2791 1563 ἐσχάτης
2824 1493 2973 1546 ἐστὶν
3014 1483 3292 1565 ἀτιμίαςτΐ
3357 1498 3424 1552 Ἦ
3451 1501 3564 1573 γὰρ
3605 1502 3745 1574 τιμὴ

2151 1566 2235 1656 τῶ
2258 1570 2687 1656 τετελευτηκότι,
2721 1576 2783 1628 οὐ
2813 1574 3003 1646 θρῆνοι
3039 1577 3132 1631 καὶ
3161 1581 3422 1651 οἰμωγαὶ,
3443 1566 3558 1637 ἀλλ’
3581 1566 3741 1656 ὕμνοί

2152 1651 2615 1743 καὶ-φαλμῳδίαι,
2657 1658 2752 1743 καὶ
2789 1658 2900 1743 βίος
2934 1660 3178 1732 ἀριστος.
3223 1665 3462 1729 Ἐκεῖνος
3497 1651 3742 1743 μὲνγὰρ

2152 1735 2405 1824 ἀπελθών
2429 1777 2445 1801 ,
2496 1740 2617 1824 μετ’
2660 1742 2912 1810 ἀγγέλων
2957 1745 3349 1811 ἀπελεύσεται,
3396 1735 3508 1804 κᾶν
3553 1735 3741 1824 μηδεὶς

2153 1820 2448 1907 πα-ρατύχῃ
2476 1822 2555 1892 τῷ
2587 1822 2827 1907 λειψάνῳ
2846 1841 2861 1857 ο
2896 1827 2926 1880 0
2957 1826 3015 1881 δέ
3054 1827 3470 1902 διεφθαρμένος,
3506 1820 3743 1907 κάντην

2153 1903 2311 1958 πόλιν
2331 1904 2429 1977 ἔχῃ
2461 1906 2920 1979 προπέμπουσαν,
2951 1910 3108 1965 οὐδὲν
3134 1913 3512 1985 καρπώσεται.

2225 1986 2419 2071 Βούλει
2447 1989 2676 2060 τιμῆσαι
2705 1991 2798 2045 τὸν
2827 1993 3165 2063 ἀπελθόντα;
3223 1996 3457 2069 Ἑτέριος
3485 1999 3737 2071 τίμησον,

2154 2070 2527 2155 ἐλεημοσύνας
2567 2071 2716 2145 [575]
2749 2075 2942 2136 ποιῶν.
2981 2078 3331 2150 εὐεργεσίας,
3376 2070 3738 2155 λειτουργίας.

2153 2153 2219 2207 Τί
2248 2153 2310 2208 τό
2338 2154 2530 2221 ὄφελος
2559 2156 2667 2211 ἀπὸ
2693 2157 2801 2212 τῶν
2837 2160 3049 2215 πολλῶν
3078 2164 3365 2235 όδυρμῶν;
3397 2165 3538 2237 Ἐγὼ
3561 2153 3621 2222 δὲ
3648 2174 3742 2224 καὶ

2152 2238 2343 2311 ἕτερον
2370 2240 2582 2312 ῆκουσα
2621 2241 2859 2313 χαλεπόν
2878 2260 2892 2274 ’
2925 2245 3007 2299 δτι
3038 2246 3104 2318 δή
3150 2247 3344 2305 πολλαὶ
3375 2251 3471 2304 καὶ
3506 2252 3745 2323 ἐραστὰς

2152 2323 2493 2377 ἐπισπῶνται
2527 2323 2616 2377 διά
2644 2324 2752 2379 τῶν
2800 2326 3038 2400 θρήνων,
3072 2331 3138 2401 τῇ
3179 2330 3476 2404 θερμότητι
3511 2335 3621 2390 τῶν
3651 2354 3740 2390 κο-

2154 2405 2334 2459 πετῶν
2381 2406 2701 2479 φιλανδρίας
2737 2408 2895 2476 δόξαν
2942 2412 3167 2477 ἑαυταῖς
3207 2415 3739 2482 κατασκευάζουσαι.

2156 2487 2223 2541 Ὢ
2260 2487 2573 2562 διαϐολικῆς
2598 2492 2841 2556 ἐπινοίας
2864 2495 2922 2548 8!
2949 2495 2995 2548 ὣ
3030 2498 3324 2568 σατανικῆς
3367 2499 3740 2571 ἐφευρέσεωςί

2157 2571 2481 2656 μέχρι-πότε
2520 2573 2594 2644 γῆ
2638 2576 2732 2630 καὶ
2761 2577 2956 2642 σποδὸς
2996 2579 3179 2649 ήμεῖς,
3218 2581 3381 2652 μέχρι
3427 2582 3558 2636 πότε
3603 2577 3740 2656 αἷμα

2154 2655 2248 2709 καὶ
2279 2654 2512 2726 σάρκες;
2547 2657 2967 2731 ’.ἀναϐλέψωμεν
2995 2663 3078 2726 είς
3097 2663 3229 2726 τοὺς
3254 2665 3539 2735 οὐρανοὺς,
3567 2654 3743 2720 λάϐω-

2158 2753 2258 2809 μεν
2284 2737 2495 2793 ἔννοιαν
2530 2739 2642 2793 τῶν
2669 2743 3065 2815 πνευματικῶν
3095 2745 3147 2801 ιι.
3184 2746 3311 2811 Πῶς
3326 2748 3588 2819 Ἕλλησιν
3620 2750 3740 2803 ἐπι-

2151 2820 2385 2893 τιμῆσαι
2410 2822 2786 2894 δυνησόμεθα;
2822 2826 2940 2892 πῶς
2974 2830 3478 2904 παραμυθήσασθαι
3516 2833 3743 2886 τοιαῦτα

2155 2905 2469 2971 ποιοῦντες;
2489 2905 2608 2970 πῶς
2634 2907 2818 2972 αὐτοῖς
2840 2911 2969 2982 περὶ
2992 2911 3341 2977 ἀναστάσεως
3356 2913 3741 2987 διαλεξόμεθας

2155 2987 2274 3050 πῶς
2290 3005 2357 3042 πε
2365 2988 2418 3061 ρὶ
2437 2989 2534 3060 τῆς
2554 2989 3094 3072 ἀλληςᾼφιλοσοφίαςς
3119 2996 3237 3060 πῶς
3253 2998 3409 3052 αὐτοὶ
3433 2998 3743 3072 βιωσόμεθα

2158 3074 2276 3143 μετ’
2310 3073 2536 3139 άδείαςς
2571 3076 2673 3128 οὐκ
2701 3070 2875 3143 οἶδας,
2900 3078 2981 3131 δτι
3025 3079 3133 3133 ἀπὸ
3161 3079 3338 3150 λύπης
3368 3070 3616 3138 ἐκϐαίνει-
3644 3084 3745 3140 θά-

2153 3173 2352 3220 νατος;
2385 3156 2719 3222 Σκοτίζουσα
2760 3159 2870 3232 γάρ
2901 3160 2965 3214 τδ
3002 3161 3311 3235 διορατικδν
3342 3167 3358 3207 ι
3394 3166 3499 3237 τῆς
3538 3167 3742 3240 ψυχῆς,

2154 3240 2216 3294 οῦ
2247 3241 2410 3311 μόνον
2446 3239 2600 3295 οὐδὲν
2631 3240 2859 3313 ἀφίησιν
2891 3242 3023 3299 ίδείν
3054 3247 3163 3301 τῶν
3184 3247 3435 3314 δεόντων,
3471 3239 3623 3304 ἀλλά
3649 3252 3746 3305 καὶ

2157 3322 2292 3407 πολὺ
2320 3323 2384 3377 τδ
2411 3321 2608 3407 βλάϐος
2634 3324 2950 3397 ἐργάζεται.
2991 3322 3252 3394 Ἐκείνως
3290 3332 3388 3403 μὲν
3417 3328 3511 3387 οῦν
3546 3334 3641 3387 καὶ
3665 3334 3744 3407 τῷ

2151 3404 2276 3476 Θεῷ
2302 3406 2739 3478 προσκρούομεν,
2771 3408 2868 3462 καὶ
2895 3408 3020 3464 οῦτε
3045 3412 3294 3477 ἑαυτοὺς,
3316 3413 3439 3467 οῦτε
3468 3416 3560 3468 τὸν
3578 3404 3746 3470 ἀπελὲ

2154 3486 2320 3542 θόντα
2356 3488 2715 3570 ὠφελοῦμενο
2746 3488 2893 3545 οὕτω
2920 3491 2979 3546 δὲ
3021 3495 3118 3548 καὶ
3148 3493 3229 3565 τῷ
3269 3495 3390 3566 Θεῷ
3418 3497 3746 3570 εύαρεοτοῦ-

2160 3586 2278 3641 μεν,
2306 3571 2404 3657 καὶ
2430 3572 2581 3643 παρὰ
2606 3569 2912 3645 ἀνθρώποις
2930 3574 3350 3649 εῦδοκιμοῦμεν.
3380 3578 3506 3632 Ἐἀν
3529 3569 3641 3652 7&9
3666 3581 3747 3657 μὴ

2156 3653 2560 3735 καταπέσωμεν
2588 3657 2683 3709 καὶ
2708 3656 2884 3722 αὐτοὶ,
2909 3658 3119 3727 ταχέως
3156 3659 3374 3733 ἀναιρεῖ
3407 3660 3467 3715 τδ
3491 3653 3741 3735 iam,an

2154 3735 2253 3806 τῆς
2285 3734 2561 3806 ἀθυμίας·
2606 3737 2703 3793 εάν
2732 3736 2791 3791 δέ
2828 3739 3266 3812 ἀγανακτῶμεν,
3320 3741 3547 3815 ἀφίησιν
3592 3746 3744 3818 ἡμᾶς

2156 3817 2405 3881 ἐκδότους
2430 3821 2497 3892 τῇ
2525 3819 2675 3895 λύπῃ
2706 3822 2982 3891 γενέσθαι.
3021 3822 3149 3880 Ἐὰν
3175 3817 3743 3899 εὐχαριστῶμεν,ίοῦκ

2155 3901 2534 3975 ἀθυμήσομεν.
2564 3905 2675 3960 Kal
2698 3904 2814 3970 πιῖις
2856 3904 3101 3973 δύναται,
3137 3910 3291 3979 φησὶ,
3331 3909 3406 3983 μὴ
3453 3908 3742 3967 λυπεῖσθαι

2154 3987 2184 4040 0
2214 3987 2332 4042 υίδν
2360 3986 2395 4059 ή
2441 3987 2717 4060 θυγατέρα
2750 3989 2784 4061 ἢ
2820 3993 3055 4058 γυναῖκα
3097 3990 3422 4058 ἀποϐαλὼν;
3453 3993 3526 4047 Οὐ
3573 3992 3742 4060 λέγω,

2160 4071 2236 4142 μὴ
2269 4070 2580 4134 λυπεῖσθαι,
2616 4070 2755 4124 ἀλλά
2795 4071 2872 4141 μὴ
2914 4072 3173 4143 ἀμέτροις
3202 4071 3364 4127 τοῦτο
3393 4076 3587 4128 ποιεῖν.
3614 4072 3743 4128 Ἐἀν

2155 4152 2267 4224 γὰρ
2310 4154 2654 4223 ἐννοήσωμεν
2703 4153 2787 4206 ὅτι
2824 4154 2854 4205 0
2896 4152 3030 4215 Θεὸς
3077 4153 3363 4221 ἀφείλετο,
3417 4156 3500 4209 ὅτι
3548 4156 3742 4227 θνητὸν

2156 4236 2390 4307 ἔσχομεν
2427 4234 2594 4306 ἀνδρα
2622 4236 2719 4291 καὶ
2755 4234 2891 4300 υίδν,
2927 4235 3140 4306 ταχέως
3168 4237 3451 4309 ληψόμεθα
3481 4255 3740 4313 παραμυς

2155 4319 2299 4373 θίαν.
2325 4316 2400 4371 T0
2433 4316 2543 4388 7&9
2568 4318 2921 4385 ἀγανακτεῖν,
2949 4316 3133 4389 μεῖζόν
3162 4336 3215 4373 τι
3241 4319 3339 4392 τῆς
3368 4319 3586 4391 φύσεως
3615 4322 3740 4377 ἐπι-

2156 4399 2466 4471 ζητούντων
2492 4400 2659 4454 έστίν.
2687 4399 3008 4473 Ἀνθρωπος
3041 4401 3361 4474 ἐγεννήθης,
3388 4404 3482 4457 καὶ
3513 4403 3705 4475 θνητός
3722 4421 3742 4441 α

2155 4483 2208 4536 τί
2236 4478 2330 4538 οὖν
2358 4482 2564 4552 ἀλγεῖς,
2596 4484 2678 4536 ὅτι
2703 4482 2763 4536 τὸ
2792 4482 2937 4536 κατὰ
2965 4483 3127 4555 φύσιν
3158 4484 3410 4553 ἐγένετο;
3440 4486 3532 4559 Μὴ
3555 4488 3743 4557 ἀλγεῖς

2155 4566 2237 4621 ὅτι
2275 4565 2472 4621 ἐσθίων
2509 4566 2720 4640 τρέφῃς
2766 4564 2844 4638 μὴ
2887 4564 3071 4637 ζητεῖς
3112 4567 3283 4639 χωρὶς
3317 4568 3509 4623 τούτου
3549 4571 3649 4642 ζῇν
3677 4568 3739 4642 i;

2156 4652 2312 4708 Οὕτω
2342 4651 2485 4706 ποίει
2508 4652 2602 4705 καὶ
2640 4652 2733 4705 ἐπὶ
2769 4650 2866 4706 τοῦ
2889 4653 3141 4716 θανάτου,
3170 4654 3265 4707 καὶ
3297 4653 3371 4726 μὴ
3405 4653 3557 4727 ζήτει
3600 4655 3742 4722 τέως

2156 4735 2456 4791 ἀθανασίαν
2499 4733 2689 4804 θνητὸς
2744 4734 3052 4805 γενόμενος.
3086 4735 3268 4803 ’Ἀπαξ
3311 4737 3468 4791 τοῦτο
3507 4738 3739 4810 ὡρίσθη.

2156 4818 2248 4889 Μὴ
2286 4818 2468 4871 τοίνυν
2499 4816 2673 4886 ἄλγει,
2713 4818 2849 4888 μηδὲ
2884 4819 3258 4885 κατακόπτου,
3287 4819 3426 4874 ἀλλά
3450 4821 3644 4894 στέργε
3671 4821 3740 4876 τὰ

2156 4902 2309 4971 κοινῇ
2337 4900 2471 4955 πᾶσι
2501 4899 2932 4970 νομοθετηθέντα
2952 4915 2967 4931 '
2989 4901 3224 4971 ἀλγειδέ
3255 4902 3396 4973 ὑπὲρ
3426 4904 3533 4955 τῶν
3554 4904 3739 4973 ἀμαρ-

2154 4987 2435 5056 τημάτων.
2479 4983 2650 5038 Τοῦτο
2684 4984 2795 5056 γὰρ
2820 4985 3016 5050 πένθος
3044 4986 3231 5051 καλὸν,
3264 4987 3424 5039 τοῦτο
3453 4985 3740 5055 φιλοσοφία

2159 5070 2391 5139 μεγίστη
2414 5068 2464 5125 ιι.
2489 5067 2701 5123 υῦκοῦν
2722 5067 2881 5123 τοῦτο
2909 5069 3194 5140 πενθῶμεν
3220 5069 3504 5138 διηνεκῶς,
3532 5068 3617 5121 ἵνα
3640 5069 3738 5139 τῆς

2156 5152 2272 5205 ἐκεῖ
2295 5152 2473 5223 χαρᾶς
2497 5151 2866 5223 ἐπιτύχωμεν,
2891 5154 3074 5225 χάριτι
3107 5155 3202 5207 καὶ
3232 5151 3612 5223 φιλανθρωπίᾳ
3642 5152 3740 5207 τοῦ

2159 5237 2361 5308 Κυρίου
2397 5235 2553 5307 ἡμῶν
2610 5235 2786 5305 Ἰησοῦ
2819 5235 3093 5307 Χριστοῦ,
3143 5229 3188 5303 ᾧ
3226 5237 3262 5307 ἡ
3312 5234 3441 5299 δόξα
3479 5237 3559 5298 εἰς
3614 5237 3741 5298 τοὺς
3824 5263 3830 5279 .

2158 5321 2358 5385 αἰῶνας
2385 5321 2494 5374 τῶν
2522 5319 2756 5376 αἰώνων.
2794 5321 2986 5392 ’Δμήν.

2224 5425 2726 5501 ςιᾼιὶἰμαῦτῶιδοῦνει,
2754 5424 3070 5501 ξλεημςςύναξ
3088 5425 3170 5473 καὶ
3189 5421 3522 5501 προσψξῐιξίή
3562 5423 3736 5501 μοςρι.

2156 5490 2442 5550 ἀγάλλεσθαι
2462 5486 2622 5538 πλέον.
2659 5486 3297 5550 δανίιηάγάλλεσθαιᾼπάλιν.
3325 5486 3334 5489 ⁷
3371 5489 3393 5530 τ
3425 5486 3520 5536 Alii
3559 5487 3739 5550 ἀνοίας,

2156 5547 2240 5601 alii
2265 5550 2446 5609 μανίας.
2513 5551 2539 5589 ε
2565 5549 2662 5597 Alii
2683 5548 2892 5602 διανοίας
2907 5547 2982 5609 νει
3016 5547 3211 5601 ἐννοίας’
3231 5550 3273 5597 ὁ
3311 5555 3568 5605 σατανικῆς
3612 5549 3739 5597 tvo-ac

2159 5606 2365 5671 μήσεως.
2436 5610 2464 5648 ll
2486 5609 2581 5659 Alii
2606 5610 2905 5671 ἐννοήσωμεν
2921 5606 2976 5671 τὸ
2998 5616 3329 5671 πνευματικὸν.
3401 5611 3534 5659 ιΔιὶἱ
3558 5610 3734 5664 ἀδειας.

2170 5672 2290 5720 Ἀπὸ
2311 5672 2403 5732 γὰρ
2432 5671 2581 5727 λύπης
2601 5670 2701 5733 ἐκξ.
2730 5670 2769 5733 θ.
2794 5669 2962 5733 σκοτοῑ
2995 5668 3051 5716 τὸ
3074 5668 3357 5732 διορατικὸν.
3427 5678 3448 5727 ι
3475 5671 3575 5721 ΑΙιί
3596 5671 3742 5733 χωρὶ,

2159 5727 2334 5798 τροφῆξ
2359 5727 2458 5794 ζῇν,
2529 5734 2553 5769 k
2588 5727 2687 5780 Alii
2708 5729 2984 5793 φιλοσοφίας
3008 5727 3246 5794 μεγίστης.
