4072 6152
361 349 459 404 351
1164 333 1220 389 S.
1259 328 1533 386 JOANNIS
1568 323 1947 383 CllRYSOSTt‘

2083 320 2394 376 ARClllEP.
2427 319 2953 377 CONSTAATINOP.
3526 331 3628 385 35']

370 475 439 520 est
460 504 476 529 .
519 476 628 519 non
658 469 740 517 est
770 458 877 513 hic.
919 455 1051 525 Ipsae
1080 464 1313 518 namque
1342 461 1530 503 manus
1550 486 1564 510 ,
1595 453 1644 497 et
1674 441 1812 512 quod
1841 456 1933 494 ve-

371 553 538 607 nisset
562 548 629 605 ad
667 545 1003 616 sepulcrum,
1038 537 1342 596 testimonio
1392 543 1548 590 erant
1577 531 1821 587 eumdem
1852 529 1932 598 ip-

367 654 485 695 sum
508 652 627 693 esse
639 634 820 707 (Joan.
839 632 890 687 9.
909 632 963 687 8.
987 628 1072 700 9).
1097 628 1276 696 Quare
1296 625 1340 680 si
1363 639 1468 679 non
1492 636 1558 678 eo
1578 620 1938 684 advenissent,

369 725 601 799 putaturi
628 732 783 780 erant
806 730 896 778 aut
921 720 1236 790 phantasma
1266 728 1389 771 esse
1409 754 1423 778 ,
1455 720 1547 766 aut
1571 712 1728 765 alium
1758 716 1938 763 etnon

369 821 517 877 illum
559 832 683 875 esse
705 831 865 888 quem
903 812 1171 868 videbant.
1199 808 1350 864 Nunc
1391 815 1570 861 autem
1611 818 1729 857 cum
1758 800 1821 856 ad
1852 814 1932 854 se-

364 911 611 979 pulcrum
654 904 932 970 venerint,
959 899 1188 970 lapidem
1217 895 1575 956 removerint,
1602 891 1843 961 jussique
1870 888 1936 941 li-

365 1010 546 1068 gatum
568 1011 607 1051 a
632 993 857 1050 vinculis
896 990 1187 1053 solverint,
1219 994 1273 1041 et
1297 984 1452 1039 amici
1479 983 1567 1052 qui
1597 996 1661 1036 ex
1692 979 1940 1048 sepulcro

373 1086 694 1149 retulerant,
719 1097 787 1139 ex
817 1080 1004 1151 pannis
1035 1078 1180 1132 illum
1211 1073 1539 1145 agnoverint,
1570 1069 1708 1140 quod
1732 1082 1943 1124 sorores

374 1191 480 1230 non
533 1171 924 1235 abscesserint,
972 1165 1113 1238 quod
1157 1165 1322 1219 altera
1352 1161 1577 1225 dixerit,
1607 1158 1727 1213 1am
1768 1161 1939 1227 falci,

371 1264 737 1336 quatriduanus
761 1260 892 1316 enim
921 1267 1029 1320 est;
1066 1257 1174 1321 jam
1206 1252 1320 1306 haec
1348 1251 1525 1305 omnia
1554 1247 1762 1303 abunde
1790 1255 1941 1315 pote-

374 1335 493 1407 rant
516 1348 785 1422 improhos
811 1347 910 1417 ipsi
934 1342 1171 1399 miraculi
1196 1349 1357 1396 testes
1376 1338 1645 1393 cohibere.
1673 1335 1792 1391 Ideo
1816 1350 1944 1405 pra:-

366 1442 499 1511 cipit
519 1440 623 1495 illis
655 1448 709 1492 ut
726 1434 957 1505 lapidem
982 1448 1013 1487 a
1038 1432 1285 1500 sepulcro
1311 1434 1635 1489 amoverent,
1659 1423 1945 1478 ostendens

310 1570 317 1581 ,
370 1546 432 1587 se
455 1533 622 1601 ipsum
642 1526 936 1583 suscitare:
970 1522 1089 1577 ideo
1106 1520 1265 1576 etiam
1289 1518 1613 1586 interrogat,
1647 1513 1744 1569 Ubi
1773 1514 1944 1583 posui-

378 1619 467 1672 stis
494 1633 607 1671 eum
627 1615 653 1669 ?
679 1623 735 1669 ut
761 1613 850 1685 qui
877 1611 1153 1674 dixerant,
1192 1606 1315 1662 Veni
1341 1614 1386 1660 et
1409 1605 1552 1669 vide,
1581 1613 1632 1659 et
1659 1603 1745 1672 qui
1775 1603 1943 1657 duxe-

370 1719 491 1764 rant
509 1706 677 1771 illum,
697 1704 877 1759 dicere
894 1716 1003 1757 non
1029 1699 1232 1769 possint
1248 1698 1405 1751 alium
1425 1694 1584 1750 fuisse
1599 1693 1906 1748 suscitatam
1930 1709 1943 1747 :

375 1806 432 1851 ut
459 1806 511 1851 et
538 1809 638 1850 vox
669 1803 724 1849 et
754 1803 941 1846 manus
972 1786 1381 1843 testiﬁcarentur
1410 1782 1546 1857 (vox
1574 1782 1822 1848 dicendo,
1851 1780 1948 1835 Ve-

372 1888 424 1940 ni
446 1895 490 1940 et
518 1886 665 1948 vide;
694 1896 881 1937 manus
904 1879 1131 1950 lapidem
1157 1876 1389 1931 tollendo
1408 1913 1426 1941 ,
1450 1885 1501 1929 et
1524 1874 1713 1928 fascias
1734 1873 1944 1928 solven-

372 1974 509 2049 do);
539 1976 682 2031 visus
709 1986 920 2044 quoque
948 1978 1002 2026 et
1041 1968 1251 2024 auditus
1289 1967 1411 2039 (hic
1435 1980 1620 2020 Vocem
1647 1963 1907 2018 audiendo
1928 2003 1944 2029 ,

374 2066 463 2119 ille
496 2071 778 2120 exeuntem
812 2058 1120 2130 videndo);
1152 2055 1380 2111 oll‘actus
1407 2069 1618 2126 quoque
1644 2054 1827 2117 testis,
1859 2054 1947 2123 qui

374 2154 597 2210 odorem
648 2151 911 2222 excepit;-
941 2148 1063 2203 Jam
1109 2150 1282 2221 fastu,
1331 2147 1533 2217 inquit;
1585 2145 1950 2216 quatriduanus

375 2246 508 2300 enim
544 2254 636 2299 est.
670 2243 800 2299 Jure
826 2255 954 2312 ergo
981 2239 1126 2303 dixi,
1157 2253 1261 2293 non
1309 2236 1637 2292 intellexisse
1668 2234 1944 2289 mulierem

374 2337 478 2391 hoc
518 2333 714 2391 Christi
761 2332 996 2397 dictum,
1046 2329 1212 2384 Etiam
1238 2330 1283 2383 si
1322 2317 1548 2381 mortuus
1577 2326 1761 2397 fuerit,
1802 2326 1946 2378 vivet.

378 2426 512 2482 Vide
531 2438 662 2495 ergo
684 2423 809 2495 quid
832 2434 972 2478 nunc
989 2420 1151 2486 dicat,
1174 2418 1321 2489 quasi
1344 2432 1429 2472 res
1451 2416 1520 2471 oh
1546 2416 1947 2471 diuturnitatem

377 2515 606 2586 amplius
656 2512 767 2567 ﬁeri
799 2525 905 2565 non
962 2509 1148 2579 possit.
1180 2508 1285 2562 Res
1309 2507 1450 2561 enim
1494 2504 1751 2573 stupenda
1795 2514 1947 2566 erat,

378 2607 785 2679 quatriduanum
813 2614 869 2659 et
913 2610 1223 2671 corruptum
1272 2599 1496 2654 cadaver
1541 2596 1952 2658 suscitare.,Di-

380 2696 603 2768 scipulis
645 2695 857 2765 quidem
886 2692 1052 2757 dixit,
1089 2689 1155 2746 Ut
1183 2689 1492 2761 glori/icetur
1534 2685 1698 2741 Filius
1735 2684 1851 2751 Dei,
1884 2684 1951 2741 de

384 2787 564 2855 seipse
616 2785 875 2854 loquens;
923 2781 1129 2837 mulieri
1167 2793 1295 2835 vero
1337 2779 1445 2832 ait:
1490 2774 1688 2831 Videbis
1736 2776 1950 2848 gloriam

390 2876 485 2929 Dei
504 2916 520 2944 ,
552 2873 619 2929 de
646 2873 803 2929 Patre
829 2873 985 2929 verba
1015 2870 1235 2926 faciens.
1268 2868 1450 2923 Viden‘
1470 2866 1769 2921 auditorum
1796 2864 1949 2921 dill'c-

382 2966 607 3023 rentiam
651 2966 845 3022 diversi
892 2964 1156 3021 sermonis
1185 2975 1305 3017 esse
1346 2959 1601 3015 causam?
1633 2959 1687 3013 ln
1717 2968 1951 3013 mentem

383 3065 598 3112 revocat
640 3070 701 3111 ea
750 3070 867 3126 qua:
915 3053 1124 3108 mulieri
1174 3051 1410 3115 dixerat,
1444 3063 1508 3103 ac
1550 3048 1594 3102 si
1635 3048 1948 3119 redarguat,

383 3148 522 3217 quod
550 3148 711 3201 oblita
740 3147 840 3209 sit;
873 3145 957 3200 vel
987 3156 1107 3198 cum
1137 3140 1302 3195 nollet
1324 3139 1595 3194 adstantes
1621 3138 1912 3209 percellerc
1934 3178 1949 3202 ,

383 3236 589 3311 placide
612 3236 740 3291 dicit
765 3254 777 3288 :
811 3234 901 3289 40.
934 3231 1121 3286 Nonne
1143 3230 1251 3284 dixi
1274 3228 1364 3283 tibi
1380 3270 1395 3296 ,
1426 3230 1472 3284 si
1502 3228 1803 3294 credideris,
1826 3228 1951 3282 vide-

377 3334 457 3387 bis
494 3330 708 3402 gloriam
739 3323 832 3377 Dei
853 3323 881 3376 .9

448 3425 503 3483 5.
519 3410 1486 3491 Fidesquantumsitbonum.Apostoli
1500 3426 1650 3481 quam
1697 3420 1949 3479 prwstan-

382 3516 533 3570 tiores
559 3513 889 3586 philosOphis.
918 3538 989 3553 -—
1009 3507 1253 3582 Magnum
1295 3520 1420 3580 ergo
1446 3504 1642 3563 bonum
1672 3511 1755 3559 est
1786 3503 1949 3569 ﬁdes,

383 3621 633 3678 magnum
686 3610 901 3674 utique,
955 3613 1008 3658 et
1060 3604 1346 3657 rmiltorum
1394 3614 1551 3655 causa
1606 3599 1864 3653 bonorum
1898 3594 1949 3655 ‘;

386 3697 457 3749 ita
487 3705 544 3750 ut
572 3694 818 3751 homines
866 3693 957 3747 Dei
1006 3706 1164 3762 opera
1220 3692 1273 3746 in
1320 3691 1533 3744 nomine
1579 3689 1742 3758 ipsius
1794 3688 1951 3743 edere

386 3782 611 3853 possint.
654 3780 812 3842 Nam,
868 3780 929 3836 Si
979 3780 1246 3833 habueritis
1295 3779 1480 3848 ﬁdem,
1529 3777 1727 3847 inquit,
1780 3777 1951 3830 dicetis

383 3872 543 3926 monti
567 3871 713 3938 huic,
742 3869 928 3925 Transi
958 3870 1095 3936 hinc,
1127 3881 1172 3925 et
1202 3869 1429 3923 transibit
1459 3866 1672 3937 (Matth.
1705 3868 1792 3922 17.
1827 3868 1947 3931 19);

383 3978 446 4019 ac
486 3976 720 4028 rursum,
764 3962 864 4028 Qui
908 3961 1066 4015 credit
1107 3962 1161 4014 in
1213 3975 1309 4025 me,
1358 3973 1541 4028 opera,
1590 3972 1705 4027 qua:
1743 3973 1836 4027 ego
1874 3959 1954 4027 [a-

382 4055 490 4119 cio,
514 4061 561 4106 et
579 4053 687 4123 ipse
707 4053 886 4127 faciet,
914 4060 961 4105 et
985 4052 1182 4118 majora
1203 4050 1281 4103 his
1325 4048 1473 4118 faciet
1496 4045 1687 4118 (Joan.
1717 4047 1801 4101 ll.
1830 4044 1950 4117 12).

380 4143 513 4209 Qua
550 4139 792 4211 majora?
818 4140 892 4195 Ea
918 4154 1038 4210 qua:
1079 4136 1321 4206 discipuli
1362 4144 1543 4205 postea
1594 4131 1787 4190 fecere.
1820 4132 1950 4189 Nam

380 4232 565 4287 umbra
582 4229 724 4286 Petri
743 4238 1010 4284 mortuum
1029 4226 1303 4282 suscitavit
1324 4224 1459 4297 (Act.
1478 4227 1530 4280 5.
1549 4223 1616 4281 l5
1632 4224 1675 4295 ).
1700 4223 1788 4279 Sic
1804 4224 1948 4279 enim

382 4322 549 4393 magis
581 4320 966 4391 przcdicabatur
1006 4317 1204 4373 Christi
1254 4326 1509 4388 potestas.
1543 4314 1815 4387 Siquidem
1845 4331 1952 4371 non

378 4422 486 4465 tam
514 4410 755 4466 mirabile
782 4418 897 4465 erat
954 4406 1127 4479 ipsum
1174 4408 1437 4462 viventem
1468 4407 1721 4462 miracula
1751 4407 1911 4463 cdere
1932 4448 1950 4474 ,

379 4517 539 4574 quam
567 4512 686 4572 post
711 4509 939 4556 mortem
969 4499 1086 4568 ejus
1113 4499 1247 4553 alios
1276 4499 1327 4551 in
1357 4497 1569 4552 nomine
1596 4498 1761 4567 ipsius
1788 4498 1954 4567 majo-

381 4608 438 4647 ra
480 4601 737 4662 praestare
764 4603 941 4659 posse.
969 4587 1100 4643 Nam
1154 4595 1525 4657 argumentum
1558 4586 1688 4641 illud
1719 4602 1822 4640 non
1849 4587 1949 4640 du-

381 4682 526 4735 bium
553 4687 669 4734 erat
711 4676 1118 4733 resurrectionis
1156 4675 1273 4744 ejus
1304 4691 1319 4729 :
1360 4689 1478 4744 quae
1521 4674 1565 4729 si
1596 4674 1665 4730 ab
1707 4675 1953 4731 omnibus

380 4767 493 4822 visa
524 4765 747 4831 fuisset,
772 4779 877 4821 non
907 4764 977 4819 ita
1008 4763 1195 4819 fuisset
1221 4763 1421 4819 credita
1446 4780 1461 4828 ;
1495 4763 1952 4833 potuissentenim

380 4858 560 4913 dicere
601 4856 913 4926 phantasma
954 4868 1110 4911 esse:
1152 4855 1275 4924 quia
1304 4861 1479 4909 autem
1511 4853 1726 4910 videbat
1750 4869 1812 4908 ex
1839 4855 1953 4909 solo

383 4947 597 5003 nomine
617 4945 733 5016 ejus
757 4944 915 5015 longe
939 4943 1139 5012 majora
1165 4944 1312 5014 signa
1333 4943 1485 5012 ﬁeri,
1519 4959 1675 5014 quam
1700 4958 1820 4998 cum
1841 4943 1955 5015 ipse

382 5038 520 5091 inter
545 5035 791 5091 homines
819 5041 1148 5097 versaretur,
1176 5031 1333 5087 ﬁdem
1361 5046 1556 5104 negare
1588 5047 1691 5088 non
1723 5040 1950 5102 poterat,

381 5125 483 5180 nisi
509 5124 792 5180 admodum
814 5122 1094 5193 desiperet.
1130 5121 1373 5191 Magnum
1404 5123 1579 5192 itaque
1605 5123 1799 5178 bonum
1824 5121 1953 5177 ﬁdes

379 5224 497 5282 est,
522 5229 643 5271 cum
669 5230 736 5270 ex
766 5213 988 5270 ferventi
1008 5213 1186 5267 animo
1205 5251 1221 5278 ,
1269 5226 1450 5267 amore
1472 5228 1662 5281 magno
1682 5254 1698 5279 ,
1744 5213 1951 5268 ardenti

380 5304 548 5360 corde
588 5303 847 5374 procedit.
879 5303 1004 5358 llaec
1031 5315 1129 5358 nos
1158 5300 1501 5373 philosophos
1527 5303 1759 5358 ostendit
1790 5319 1804 5357 :
1835 5302 1953 5357 luce

385 5394 670 5449 humanam
695 5394 895 5466 detegit
920 5393 1177 5450 vilitatem
1200 5432 1215 5460 ,
1243 5401 1298 5447 et
1321 5392 1500 5448 missis
1524 5392 1818 5448 ratiociniis
1836 5433 1851 5460 ,
1880 5391 1950 5446 de

376 5610 464 5723 eo;
1065 5610 1384 5725 ag“
1399 5646 1417 5674 ν
1440 5617 1486 5664 ει
1529 5623 1723 5677 magno:
1745 5610 1952 5677 reﬁciens

2051 434 2347 491 caelestibus
2366 434 2784 503 philosomiatur;
2807 435 2913 488 imo
2932 436 3102 503 potius
3118 450 3179 490 ea
3198 452 3311 508 quae
3332 455 3435 493 non
3460 452 3631 510 ρυιεει

2050 527 2276 581 humana
2307 526 2559 594 sapientia
2593 526 2853 593 reperire,
2890 528 2999 594 ipsa
3032 527 3173 595 capit
3199 536 3253 583 et
3278 529 3475 601 diligit.
3501 533 3633 589 lluic

2049 618 2224 689 itaque
2254 617 2548 673 hmreamus
2567 660 2581 683 ,
2611 632 2778 685 neque
2806 617 3098 673 ratiociniis
3122 629 3304 675 nostra
3330 625 3632 678 committa-

2051 725 2188 763 mus.
2223 708 2347 773 Cur,
2378 722 2589 777 qumso,
2634 708 2856 775 gentiles
2887 709 3012 760 nihil
3052 711 3285 778 reperire
3316 717 3633 780 potuerunt?

2048 814 2221 852 annon
2272 808 2434 852 totam
2477 798 2618 851 illam
2659 808 2930 851 externam
2983 800 3296 867 Sapientiam
3327 804 3630 858 noverant?

2048 907 2143 945 cur
2181 890 2472 959 piscatores
2498 899 2550 943 et
2594 889 2938 944 tentoriorum
2976 890 3194 958 opiﬁces
3229 908 3483 963 superare
3525 910 3630 947 non

2053 978 2377 1049 potuerunt?
2414 991 2588 1032 nonne
2612 978 2700 1047 qui
2739 978 2810 1031 illi
2842 979 3160 1043 ratiociniis,
3205 981 3257 1033 hi
3302 980 3427 1036 ﬁdei
3455 990 3624 1036 totum

2050 1067 2469 1122 commiserant?
2516 1066 2639 1121 Ideo
2698 1066 2970 1121 Platonem
3014 1067 3118 1131 illi,
3168 1068 3522 1140 Pythagoram
3574 1080 3629 1125 et

2051 1159 2185 1212 alios
2214 1172 2400 1213 omnes
2444 1170 2664 1212 errones
2702 1157 2858 1226 longe
2899 1168 3248 1227 superarunt;
3287 1163 3583 1231 astrologos
3607 1202 3623 1228 ,

2051 1247 2452 1301 mathematicos
2473 1287 2487 1311 ,
2531 1254 2831 1315 geometras
2851 1286 2866 1311 ,
2900 1246 3294 1314 arithmeticos,
3327 1251 3511 1318 quavis
3550 1251 3630 1304 di-

2049 1339 2269 1408 sciplina
2299 1337 2585 1392 instructos
2612 1337 2905 1403 vicerunt‘,
2946 1337 3117 1406 iisque
3137 1342 3438 1407 superiores
3455 1342 3626 1397 cﬁ‘ccti

2050 1436 2208 1492 sunt;
2257 1427 2326 1480 ita
2357 1436 2413 1480 ut
2440 1426 2492 1480 hi
2517 1442 2641 1481 vere
2665 1427 2945 1481 videantur
2975 1428 3309 1498 philosophi,
3341 1432 3413 1484 illi
3440 1442 3618 1488 autem

2051 1517 2195 1571 stulti
2224 1532 2286 1572 ac
2313 1516 2485 1571 deliri.
2520 1517 2897 1573 Animadverte
2937 1519 3110 1586 enim,
3161 1521 3257 1574 hos
3281 1522 3479 1578 dixisse
3505 1526 3625 1577 auio

2053 1621 2190 1661 mam
2236 1606 2622 1669 immortalem;
2670 1623 2769 1662 uec
2799 1607 3007 1663 dixisse
3032 1609 3188 1663 modo
3208 1653 3223 1675 ,
3254 1603 3346 1665 sed
3383 1612 3624 1667 etiamid

2052 1699 2301 1753 suasisse.
2341 1698 2420 1753 illi
2442 1713 2569 1753 vero
2594 1699 2766 1769 primo
2791 1700 2915 1768 quid
2944 1710 3082 1756 esset
3109 1701 3437 1769 nesciebant;
3473 1712 3621 1772 post-

2052 1803 2208 1854 quam
2232 1797 2407 1842 autem
2439 1788 2747 1841 invenerunt
2773 1828 2787 1853 ,
2833 1800 2883 1842 et
2911 1789 3265 1844 distinxerunt
3301 1806 3418 1844 eam
3443 1806 3472 1843 a
3498 1807 3620 1846 cor-

2052 1894 2182 1949 pore
2203 1920 2216 1944 ,
2263 1878 2415 1933 divisi
2443 1889 2566 1932 sunt
2599 1880 2734 1931 inter
2762 1894 2848 1941 se,
2894 1880 3012 1932 aliis
3043 1880 3411 1945 ineorpoream
3439 1880 3578 1935 il’am
3601 1924 3617 1946 ,

2053 1970 2170 2022 aliis
2191 1982 2384 2035 corpus
2417 1981 2536 2022 esse
2552 2008 2566 2032 ,
2593 1975 2786 2021 etcum
2810 1982 3033 2038 corpore
3057 1969 3271 2023 dissolvi
3307 1970 3622 2026 dicentibus.

2051 2058 2251 2114 Caelum
2295 2058 2420 2112 item
2465 2058 2539 2112 illi
2585 2060 2869 2113 animatum
2901 2068 2953 2113 et
2984 2060 3138 2114 deum
3170 2075 3290 2115 esse
3324 2061 3577 2117 dixerunt
3609 2081 3624 2117 :

2054 2149 2342 2217 piscatores
2368 2163 2494 2202 vero
2519 2148 2785 2217 opiﬁcium
2809 2164 2927 2203 esse
2948 2151 3038 2204 Dei
3063 2158 3117 2204 ct
3143 2150 3393 2207 dixerunt
3428 2162 3484 2207 et
3506 2168 3627 2207 sua-

2053 2248 2255 2293 serunt.
2307 2238 2411 2294 Sed
2456 2240 2595 2309 quod
2639 2241 2859 2310 gemites
2904 2242 3194 2296 ratiociniis
3223 2252 3457 2310 utantur,
3494 2242 3624 2297 nihil

2054 2332 2244 2383 mirum
2271 2346 2284 2383 :
2309 2330 2448 2399 quod
2478 2339 2654 2384 autem
2684 2330 2716 2383 ii
2744 2333 2832 2400 qui
2864 2329 3048 2384 ﬁdeles
3073 2345 3193 2387 esse
3221 2332 3482 2398 videntur,
3510 2334 3624 2387 ani-

2055 2420 2221 2475 males
2259 2421 2592 2475 inveniantur
2615 2462 2629 2487 ,
2663 2421 2765 2476 hoc
2808 2421 2949 2475 luctu
2981 2421 3193 2492 dignum
3226 2434 3309 2477 est
3339 2425 3381 2475 ².
3411 2423 3534 2491 Ideo
3573 2423 3626 2478 hi

2054 2524 2262 2578 quoque
2291 2520 2638 2577 erraverunt,
2660 2521 2713 2564 et
2734 2510 2821 2563 alii
2844 2511 3057 2580 quidem
3074 2512 3254 2567 dicunt
3280 2527 3338 2568 se
3366 2514 3437 2567 ita
3464 2527 3624 2568 nosse

2057 2598 2253 2664 Deum,
2300 2608 2356 2654 ut
2396 2600 2535 2654 Deus
2578 2600 2809 2668 scipsum
2852 2603 3024 2665 novit,
3079 2602 3220 2670 quod
3258 2617 3328 2657 ne
3353 2603 3627 2672 gentilium

2055 2689 2265 2759 quidem
2300 2690 2575 2761 quisquam
2617 2691 2795 2746 dicere
2822 2706 2984 2746 ausus
3016 2703 3141 2747 est:
3175 2693 3261 2747 alii
3304 2695 3488 2750 dicunt
3518 2710 3623 2752 non

2056 2794 2214 2849 posse
2237 2780 2403 2836 Deum
2434 2782 2550 2836 sine
2578 2780 2820 2850 passione
2850 2783 3066 2851 gignere
3085 2824 3100 2847 ,
3152 2798 3250 2838 nec
3275 2785 3391 2852 plus
3423 2786 3497 2839 illi
3530 2786 3626 2839 tri-

2057 2872 2223 2926 linunt
2251 2886 2406 2941 quam
2437 2872 2739 2926 hominibus
2768 2873 2889 2926 :alii
2916 2873 3095 2928 dicunt
3119 2874 3250 2928 nihil
3275 2875 3525 2943 prodesse
3555 2876 3630 2929 vl-

2058 2972 2161 3017 tam
2190 2964 2405 3034 probam
2428 3004 2443 3030 ,
2475 2963 2556 3016 vel
2586 2975 2787 3019 reetum
2815 2963 3132 3019 institutum.
3166 2963 3272 3020 Sed
3301 2964 3416 3020 hzcc
3443 2964 3629 3022 confu-

2059 3060 2171 3105 tare
2197 3066 2302 3106 non
2332 3051 2455 3106 licet
2483 3066 2577 3120 per
2600 3059 2825 3121 tempus.

2127 3142 2180 3195 4.
2248 3139 2403 3193 Fides
2465 3141 2592 3194 nihil
2662 3143 2860 3211 prodest
2920 3142 3162 3211 improbo.
3230 3140 3414 3196 Contra
3471 3142 3623 3195 adul-

2059 3243 2207 3285 (eros.
2268 3258 2338 3270 -—
2381 3231 2531 3298 Quod
2577 3242 2755 3287 autem
2794 3231 2924 3287 lides
2969 3243 3110 3288 recta
3149 3233 3276 3287 nihil
3318 3233 3519 3301 prosit,
3575 3233 3623 3287 si

2062 3331 2311 3390 corrupta
2347 3322 2452 3375 vita
2485 3321 2588 3389 sit,
2630 3330 2684 3375 et
2721 3321 2967 3377 Christus
2992 3331 3046 3376 et
3084 3321 3275 3377 Paulus
3314 3321 3624 3389 declarant,

2058 3410 2146 3479 qui
2189 3412 2288 3465 hoc
2315 3411 2542 3465 maxime
2564 3420 2750 3467 curant
2789 3428 2803 3464 :
2843 3411 3084 3466 Christus
3103 3453 3118 3478 ,
3146 3428 3264 3467 cum
3288 3413 3365 3467 sic
3392 3412 3583 3467 docet'
3612 3429 3626 3468 :

2061 3497 2178 3552 Non
2205 3501 2364 3553 omnis
2390 3503 2476 3569 qui
2515 3500 2632 3554 dicit
2675 3502 2830 3567 mihi,
2866 3501 3075 3555 Domine
3099 3543 3113 3568 ,
3147 3501 3360 3556 Domine
3382 3544 3398 3569 ,
3427 3502 3629 3557 intrabit

2058 3590 2108 3641 in
2132 3604 2335 3658 regnum
2363 3591 2599 3644 cwlorum
2626 3590 2822 3661 (Math.
2858 3592 2907 3644 7.
2940 3590 3002 3644 2i
3027 3592 3045 3661 )
3074 3608 3087 3657 ;
3123 3602 3175 3646 et
3206 3607 3444 3657 rursum,
3478 3591 3630 3645 Multi

2063 3681 2225 3739 dicent
2255 3681 2377 3737 mihi
2401 3682 2451 3735 in
2482 3681 2572 3734 illa
2598 3682 2679 3734 die
2709 3698 2728 3735 :
2751 3680 2999 3749 Domine,
3037 3699 3204 3737 nonne
3234 3683 3285 3735 in
3317 3684 3515 3736 nomine
3544 3694 3628 3736 tuo

2058 3774 2507 3848 prophetaeimtta.’
2550 3772 2615 3829 Et
2642 3761 2759 3827 tunc
2794 3773 3065 3838 conﬁtebor
3099 3774 3201 3825 illis
3224 3815 3238 3837 ,
3289 3772 3419 3838 Quia
3464 3773 3628 3826 nescio
3677 3836 3696 3850 .

2057 3870 2425 3923 vos:disceditc
2448 3886 2480 3921 a
2499 3886 2576 3921 nte
2606 3875 2691 3937 qui
2736 3865 3014 3937 operamini
3053 3865 3357 3937 iniquitatem
3390 3862 3545 3933 (Ibid.
3577 3879 3626 3915 v.

2056 3959 2145 4013 22.
2173 3960 2303 4029 25).
2332 3960 2428 4025 Qui
2454 3961 2591 4013 enim
2629 3959 2650 3990 ⁸
2680 3974 2783 4013 nou
2815 3960 2912 4013 sibi
2937 3959 3233 4020 attendunt.
3264 3955 3415 4011 litt‘ile
3436 3955 3501 4007 ad
3532 3970 3626 4008 ne-

2058 4049 2273 4119 quitiam
2323 4063 2466 4118 sa'pe
2494 4048 2792 4114 declinant,
2839 4048 3044 4102 etiamsi
3098 4048 3251 4101 iidem
3296 4059 3490 4101 rectam
3534 4041 3627 4095 Ita-

2059 4142 2239 4193 hcant.
2283 4139 2480 4194 Paulus
2509 4150 2682 4193 autem
2714 4139 2953 4193 llchraris
2981 4138 3238 4201 scribens,
3274 4138 3386 4190 ba-c
3422 4136 3546 4189 αἰτίη
3578 4148 3632 4190 ct

2058 4240 2237 4288 monet
2267 4250 2278 4284 :
2314 4229 2499 4285 Pacem
2529 4247 2642 4285 cum
2676 4230 2901 4284 omnibus
2928 4229 3295 4300 pcrscquimini,
3326 4237 3371 4280 et
3398 4227 3627 4293 sanctiﬁ-

2056 4326 2326 4390 cationcm,
2357 4324 2463 4376 sine
2488 4338 2587 4394 qua
2616 4338 2758 4376 nemo
2791 4321 2969 4375 videbit
3014 4319 3285 4373 Dominum
3308 4319 3327 4388 (
3349 4316 3508 4372 Iltbr.
3539 4316 3627 4371 12.

2059 4413 2185 4482 14).
2224 4413 2702 4469 Sanetilicationcm
2733 4410 2964 4480 appellat
2991 4410 3288 4463 castitatem
3312 4448 3327 4473 ,
3368 4418 3425 4461 ut
3454 4420 3622 4460 unus-

2057 4507 2278 4576 quisque
2306 4519 2398 4559 sua
2431 4518 2594 4558 uxore
2620 4511 2900 4559 contentus
2922 4499 3029 4565 sit,
3060 4515 3233 4569 neque
3262 4499 3419 4552 aliam
3452 4494 3624 4550 adeat.

2057 4595 2185 4650 Nam
2213 4595 2300 4665 qui
2327 4610 2419 4649 sua
2448 4602 2729 4649 contentus
2754 4607 2859 4647 non
2889 4599 3007 4654 est,
3055 4589 3234 4645 salvus
3262 4602 3382 4642 esse
3409 4586 3586 4655 nequit
3611 4600 3625 4646 ;

2057 4685 2150 4741 sed
2180 4694 2357 4753 pereat
2383 4691 2623 4754 oportet,
2652 4684 2749 4737 etsi
2779 4682 2923 4736 mille
2953 4681 3105 4735 benis
3161 4678 3414 4747 operibus
3442 4678 3511 4729 sit
3548 4676 3632 4729 in-

2060 4784 2311 4830 structus.
2346 4772 2718 4827 Fornicantem
2744 4771 2884 4827 enim
2914 4768 3235 4839 impossibile
3252 4776 3331 4822 est
3362 4767 3557 4819 intrare
3581 4765 3632 4817 in

2057 4879 2276 4935 regnum
2304 4862 2587 4927 etclorum;
2619 4861 2727 4915 imo
2755 4860 2803 4913 id
2824 4860 2932 4929 jam
2958 4874 3064 4912 non
3091 4856 3371 4912 fornicatio
3396 4861 3480 4909 est
3499 4896 3512 4919 ,
3539 4852 3633 4907 sed

2058 4953 2390 5010 adulterium.
2438 4952 2585 5007 Sicut
2615 4952 2757 5006 enim
2798 4949 3012 5019 alligata
3040 4948 3156 5002 viro
3176 4985 3192 5011 ,
3239 4946 3283 5000 si
3312 4960 3431 4999 cum
3462 4944 3632 4997 altero

2058 5056 2240 5111 coeat,
2271 5045 2595 5099 adulteretur
2628 5060 2641 5095 :
2670 5043 2749 5098 sic
2776 5041 3021 5111 alligatus
3051 5041 3238 5103 uxori,
3271 5038 3317 5092 si
3349 5037 3506 5090 aliam
3536 5035 3630 5087 ba-

2059 5137 2177 5193 heat
2196 5177 2212 5202 ,
2240 5134 2447 5189 adulter
2465 5143 2567 5190 est.
2594 5133 2690 5188 llic
2712 5148 2839 5188 vero
2865 5144 2971 5186 neu
3000 5130 3157 5185 heres
3182 5129 3283 5184 erit
3304 5126 3449 5197 regni
3470 5125 3631 5181 caelo-

2123 5309 2138 5340 '
2164 5305 2255 5357 Alii
2279 5305 2477 5362 habent,
2490 5302 2626 5366 quasi
2649 5301 2887 5363 pulverem
2912 5299 3231 5362 dissiparwtt,
3257 5295 3381 5353 loco,
3399 5292 3514 5343 tice:
3530 5299 3630 5341 unt.

2120 5371 2141 5401 ³
2172 5366 2372 5415 Quidam
2397 5365 2585 5415 legunt.
2610 5362 2695 5412 hoc
2720 5362 2980 5411 ridiculum
3000 5368 3085 5410 Pal.
3426 5414 3433 5415 ί
3583 5411 3611 5415 __

2120 5371 2141 5401 ³
2172 5368 2372 5476 ἳυίἀιιμιι
2397 5368 2585 5435 legunt,
2610 5368 2695 5412 hoc
2720 5368 2980 5433 ridiculum
3000 5368 3085 5410 Pal.
3424 5414 3436 5426 υ
3600 5411 3611 5422 ο

2094 5430 2145 5497 .-³
2202 5440 2231 5474 n
2257 5427 2364 5476 aliis
2398 5426 2598 5488 legitur,
2633 5422 2850 5473 Christus
2892 5421 3035 5485 plura
3076 5422 3138 5469 de
3181 5419 3270 5469 hoc
3308 5415 3517 5481 loquitur
3558 5412 3632 5464 dt-

2058 5493 2389 5611 “ﬁamus
2435 5546 2563 5594 hunc
2594 5544 2752 5594 locum
2798 5545 2868 5593 sic
2915 5542 3227 5611 efferunt.
3276 5534 3637 5611 igninum:ng

2056 5594 2548 5676 νοείιίςιηίιεωηιηε
2574 5624 2604 5674 ,ι
2638 5613 2966 5676 Γανιηιιέτὲνηθη
3008 5603 3058 5653 in
3103 5602 3193 5669 1"?"
3235 5594 3380 5676 "qlae
3422 5594 3637 5664 gaudere

2060 5668 2173 5732 quia
2195 5665 2391 5729 Spiritus
2414 5665 2727 5726 subjiciuntur
2752 5665 2897 5716 vobis.
2916 5681 2937 5710 ι
2969 5672 3054 5725 om
3075 5665 3220 5720 enim.
3249 5669 3345 5710 etc.
