  <div class='ocr_page' id='page_1' title='image "/cluster/home/n/w/nwhite01/storage/ocr_20150623/59/mdp.39015009383640/352.png"; bbox 0 0 4072 6152; ppageno 0'>
   <div class='ocr_carea' id='block_1_1' title="bbox 479 301 586 362">
    <p class='ocr_par' dir='ltr' id='par_1_1' title="bbox 479 301 586 362">
     <span class='ocr_line' id='line_1_1' title="bbox 479 301 586 362; baseline 0 -5"><span class='ocrx_word' id='word_1_1' title='bbox 479 301 586 362; x_wconf 75' lang='lat'><strong>353</strong></span> 
     </span>
    </p>
   </div>
   <div class='ocr_carea' id='block_1_2' title="bbox 481 406 2051 482">
    <p class='ocr_par' dir='ltr' id='par_1_2' title="bbox 481 406 2051 482">
     <span class='ocr_line' id='line_1_2' title="bbox 481 406 2051 482; baseline -0.008 -10"><span class='ocrx_word' id='word_1_2' title='bbox 481 431 603 472; x_wconf 87' lang='lat' dir='ltr'><strong>rum</strong></span> <span class='ocrx_word' id='word_1_3' title='bbox 624 455 641 482; x_wconf 95' lang='lat'><strong>,</strong></span> <span class='ocrx_word' id='word_1_4' title='bbox 669 412 764 468; x_wconf 90' lang='lat' dir='ltr'><strong>sed</strong></span> <span class='ocrx_word' id='word_1_5' title='bbox 795 412 847 467; x_wconf 87' lang='lat' dir='ltr'><strong>in</strong></span> <span class='ocrx_word' id='word_1_6' title='bbox 874 411 1168 482; x_wconf 75' lang='lat' dir='ltr'><strong>gehennam</strong></span> <span class='ocrx_word' id='word_1_7' title='bbox 1196 406 1409 463; x_wconf 90' lang='lat' dir='ltr'><strong>incidet.</strong></span> <span class='ocrx_word' id='word_1_8' title='bbox 1457 408 1590 463; x_wconf 78' lang='lat' dir='ltr'><strong>Audi</strong></span> <span class='ocrx_word' id='word_1_9' title='bbox 1617 423 1735 478; x_wconf 78' lang='lat' dir='ltr'><strong>qua:</strong></span> <span class='ocrx_word' id='word_1_10' title='bbox 1764 406 1832 463; x_wconf 91' lang='lat' dir='ltr'><strong>de</strong></span> <span class='ocrx_word' id='word_1_11' title='bbox 1860 407 1943 461; x_wconf 85' lang='lat' dir='ltr'><strong>his</strong></span> <span class='ocrx_word' id='word_1_12' title='bbox 1971 406 2051 461; x_wconf 82' lang='lat' dir='ltr'><strong>di-</strong></span> 
     </span>
    </p>
   </div>
   <div class='ocr_carea' id='block_1_3' title="bbox 481 500 2062 570">
    <p class='ocr_par' dir='ltr' id='par_1_3' title="bbox 481 500 2062 570">
     <span class='ocr_line' id='line_1_3' title="bbox 481 500 2062 570; baseline -0.009 -4"><span class='ocrx_word' id='word_1_13' title='bbox 481 511 554 566; x_wconf 89' lang='lat' dir='ltr'><strong>cit</strong></span> <span class='ocrx_word' id='word_1_14' title='bbox 580 507 827 563; x_wconf 87' lang='lat' dir='ltr'><strong>Christus</strong></span> <span class='ocrx_word' id='word_1_15' title='bbox 858 523 871 558; x_wconf 88' lang='lat'><strong>:</strong></span> <span class='ocrx_word' id='word_1_16' title='bbox 912 503 1104 557; x_wconf 85' lang='lat' dir='ltr'><strong>Vermis</strong></span> <span class='ocrx_word' id='word_1_17' title='bbox 1126 518 1297 556; x_wconf 84' lang='lat' dir='ltr'><strong>eorum</strong></span> <span class='ocrx_word' id='word_1_18' title='bbox 1319 517 1421 555; x_wconf 87' lang='lat' dir='ltr'><strong>non</strong></span> <span class='ocrx_word' id='word_1_19' title='bbox 1448 502 1707 566; x_wconf 88' lang='lat' dir='ltr'><strong>morietur,</strong></span> <span class='ocrx_word' id='word_1_20' title='bbox 1737 510 1783 554; x_wconf 93' lang='lat' dir='ltr'><strong>et</strong></span> <span class='ocrx_word' id='word_1_21' title='bbox 1803 500 1934 570; x_wconf 83' lang='lat' dir='ltr'><strong>ignis</strong></span> <span class='ocrx_word' id='word_1_22' title='bbox 1963 515 2062 552; x_wconf 86' lang='lat' dir='ltr'><strong>non</strong></span> 
     </span>
    </p>
   </div>
   <div class='ocr_carea' id='block_1_4' title="bbox 485 590 2061 669">
    <p class='ocr_par' dir='ltr' id='par_1_4' title="bbox 485 590 2061 669">
     <span class='ocr_line' id='line_1_4' title="bbox 485 590 2061 669; baseline -0.009 -14"><span class='ocrx_word' id='word_1_23' title='bbox 485 600 830 669; x_wconf 65' lang='lat' dir='ltr'><strong>exstinguetur</strong></span> <span class='ocrx_word' id='word_1_24' title='bbox 857 596 877 665; x_wconf 93' lang='lat'><strong>(</strong></span> <span class='ocrx_word' id='word_1_25' title='bbox 904 593 1065 648; x_wconf 73' lang='lat' dir='ltr'><strong>Marc.</strong></span> <span class='ocrx_word' id='word_1_26' title='bbox 1109 594 1164 650; x_wconf 88' lang='lat'><strong>9.</strong></span> <span class='ocrx_word' id='word_1_27' title='bbox 1187 594 1256 647; x_wconf 73' lang='grc'><strong>45</strong></span> <span class='ocrx_word' id='word_1_28' title='bbox 1279 593 1317 664; x_wconf 91' lang='grc'>).</span> <span class='ocrx_word' id='word_1_29' title='bbox 1352 591 1512 661; x_wconf 18' lang='lat' dir='ltr'><strong>“Nulla</strong></span> <span class='ocrx_word' id='word_1_30' title='bbox 1538 592 1681 646; x_wconf 91' lang='lat' dir='ltr'><strong>enim</strong></span> <span class='ocrx_word' id='word_1_31' title='bbox 1711 590 1864 646; x_wconf 84' lang='lat' dir='ltr'><strong>venia</strong></span> <span class='ocrx_word' id='word_1_32' title='bbox 1892 590 1941 644; x_wconf 90' lang='lat' dir='ltr'><strong>ei</strong></span> <span class='ocrx_word' id='word_1_33' title='bbox 1972 590 2061 658; x_wconf 88' lang='lat' dir='ltr'><strong>qui</strong></span> 
     </span>
    </p>
   </div>
   <div class='ocr_carea' id='block_1_5' title="bbox 486 680 2062 749">
    <p class='ocr_par' dir='ltr' id='par_1_5' title="bbox 486 680 2062 749">
     <span class='ocr_line' id='line_1_5' title="bbox 486 680 2062 749; baseline -0.008 -6"><span class='ocrx_word' id='word_1_34' title='bbox 486 690 663 743; x_wconf 80' lang='lat' dir='ltr'><strong>uxoris</strong></span> <span class='ocrx_word' id='word_1_35' title='bbox 684 686 1107 742; x_wconf 78' lang='lat' dir='ltr'><strong>consolationem</strong></span> <span class='ocrx_word' id='word_1_36' title='bbox 1130 683 1362 747; x_wconf 83' lang='lat' dir='ltr'><strong>habens,</strong></span> <span class='ocrx_word' id='word_1_37' title='bbox 1398 682 1542 736; x_wconf 80' lang='lat' dir='ltr'><strong>illam</strong></span> <span class='ocrx_word' id='word_1_38' title='bbox 1568 723 1582 749; x_wconf 90' lang='lat'><strong>,</strong></span> <span class='ocrx_word' id='word_1_39' title='bbox 1611 681 1779 735; x_wconf 86' lang='lat' dir='ltr'><strong>altera</strong></span> <span class='ocrx_word' id='word_1_40' title='bbox 1807 680 2062 745; x_wconf 87' lang='lat' dir='ltr'><strong>admissa,</strong></span> 
     </span>
    </p>
   </div>
   <div class='ocr_carea' id='block_1_6' title="bbox 486 770 2065 842">
    <p class='ocr_par' dir='ltr' id='par_1_6' title="bbox 486 770 2065 842">
     <span class='ocr_line' id='line_1_6' title="bbox 486 770 2065 842; baseline -0.008 -9"><span class='ocrx_word' id='word_1_41' title='bbox 486 777 808 833; x_wconf 77' lang='lat' dir='ltr'><strong>contumelia</strong></span> <span class='ocrx_word' id='word_1_42' title='bbox 852 773 1018 829; x_wconf 79' lang='lat' dir='ltr'><strong>allicit</strong></span> <span class='ocrx_word' id='word_1_43' title='bbox 1044 791 1061 829; x_wconf 89' lang='lat'>:</span> <span class='ocrx_word' id='word_1_44' title='bbox 1089 774 1203 828; x_wconf 65' lang='lat' dir='ltr'><strong>haec</strong></span> <span class='ocrx_word' id='word_1_45' title='bbox 1242 773 1437 842; x_wconf 79' lang='lat' dir='ltr'><strong>quippe</strong></span> <span class='ocrx_word' id='word_1_46' title='bbox 1486 770 1894 841; x_wconf 73' lang='lat' dir='ltr'><strong>intemperantia</strong></span> <span class='ocrx_word' id='word_1_47' title='bbox 1943 784 2065 822; x_wconf 89' lang='lat' dir='ltr'><strong>vere</strong></span> 
     </span>
    </p>
   </div>
   <div class='ocr_carea' id='block_1_7' title="bbox 487 859 2068 934">
    <p class='ocr_par' dir='ltr' id='par_1_7' title="bbox 487 859 2068 934">
     <span class='ocr_line' id='line_1_7' title="bbox 487 859 2068 934; baseline -0.008 -10"><span class='ocrx_word' id='word_1_48' title='bbox 487 879 590 924; x_wconf 89' lang='lat' dir='ltr'><strong>est.</strong></span> <span class='ocrx_word' id='word_1_49' title='bbox 629 866 781 934; x_wconf 81' lang='lat' dir='ltr'><strong>Quod</strong></span> <span class='ocrx_word' id='word_1_50' title='bbox 828 866 873 920; x_wconf 90' lang='lat' dir='ltr'><strong>si</strong></span> <span class='ocrx_word' id='word_1_51' title='bbox 932 864 1082 919; x_wconf 90' lang='lat' dir='ltr'><strong>multi</strong></span> <span class='ocrx_word' id='word_1_52' title='bbox 1112 862 1385 934; x_wconf 80' lang='lat' dir='ltr'><strong>jejunandi</strong></span> <span class='ocrx_word' id='word_1_53' title='bbox 1429 870 1483 917; x_wconf 88' lang='lat' dir='ltr'><strong>et</strong></span> <span class='ocrx_word' id='word_1_54' title='bbox 1518 860 1768 931; x_wconf 81' lang='lat' dir='ltr'><strong>precandi</strong></span> <span class='ocrx_word' id='word_1_55' title='bbox 1814 875 1971 915; x_wconf 88' lang='lat' dir='ltr'><strong>causa</strong></span> <span class='ocrx_word' id='word_1_56' title='bbox 2000 859 2068 912; x_wconf 89' lang='lat' dir='ltr'><strong>ab</strong></span> 
     </span>
    </p>
   </div>
   <div class='ocr_carea' id='block_1_8' title="bbox 489 950 2066 1024">
    <p class='ocr_par' dir='ltr' id='par_1_8' title="bbox 489 950 2066 1024">
     <span class='ocr_line' id='line_1_8' title="bbox 489 950 2066 1024; baseline -0.006 -11"><span class='ocrx_word' id='word_1_57' title='bbox 489 973 655 1013; x_wconf 78' lang='lat' dir='ltr'><strong>uxore</strong></span> <span class='ocrx_word' id='word_1_58' title='bbox 684 954 987 1020; x_wconf 75' lang='lat' dir='ltr'><strong>abstinent;</strong></span> <span class='ocrx_word' id='word_1_59' title='bbox 1035 954 1123 1024; x_wconf 85' lang='lat' dir='ltr'><strong>qui</strong></span> <span class='ocrx_word' id='word_1_60' title='bbox 1151 969 1247 1007; x_wconf 86' lang='lat' dir='ltr'><strong>sua</strong></span> <span class='ocrx_word' id='word_1_61' title='bbox 1280 967 1384 1007; x_wconf 91' lang='lat' dir='ltr'><strong>non</strong></span> <span class='ocrx_word' id='word_1_62' title='bbox 1413 961 1697 1007; x_wconf 88' lang='lat' dir='ltr'><strong>contentus</strong></span> <span class='ocrx_word' id='word_1_63' title='bbox 1719 950 1939 1004; x_wconf 80' lang='lat' dir='ltr'><strong>alteram</strong></span> <span class='ocrx_word' id='word_1_64' title='bbox 1968 950 2066 1004; x_wconf 84' lang='lat' dir='ltr'><strong>ad-</strong></span> 
     </span>
    </p>
   </div>
   <div class='ocr_carea' id='block_1_9' title="bbox 491 1039 2067 1118">
    <p class='ocr_par' dir='ltr' id='par_1_9' title="bbox 491 1039 2067 1118">
     <span class='ocr_line' id='line_1_9' title="bbox 491 1039 2067 1118; baseline -0.006 -16"><span class='ocrx_word' id='word_1_65' title='bbox 491 1049 683 1109; x_wconf 91' lang='lat' dir='ltr'><strong>mittit,</strong></span> <span class='ocrx_word' id='word_1_66' title='bbox 728 1055 981 1115; x_wconf 88' lang='lat' dir='ltr'><strong>quantum</strong></span> <span class='ocrx_word' id='word_1_67' title='bbox 998 1043 1113 1118; x_wconf 37' lang='lat' dir='ltr'><strong>-sibi</strong></span> <span class='ocrx_word' id='word_1_68' title='bbox 1144 1044 1320 1114; x_wconf 88' lang='lat' dir='ltr'><strong>ignem</strong></span> <span class='ocrx_word' id='word_1_69' title='bbox 1346 1040 1689 1096; x_wconf 78' lang='lat' dir='ltr'><strong>accumulat?</strong></span> <span class='ocrx_word' id='word_1_70' title='bbox 1727 1039 1784 1096; x_wconf 89' lang='lat' dir='ltr'><strong>Si</strong></span> <span class='ocrx_word' id='word_1_71' title='bbox 1810 1054 1914 1094; x_wconf 91' lang='lat' dir='ltr'><strong>non</strong></span> <span class='ocrx_word' id='word_1_72' title='bbox 1944 1039 2067 1093; x_wconf 91' lang='lat' dir='ltr'><strong>licet</strong></span> 
     </span>
    </p>
   </div>
   <div class='ocr_carea' id='block_1_10' title="bbox 491 1130 2067 1209">
    <p class='ocr_par' dir='ltr' id='par_1_10' title="bbox 491 1130 2067 1209">
     <span class='ocr_line' id='line_1_10' title="bbox 491 1130 2067 1209; baseline -0.006 -15"><span class='ocrx_word' id='word_1_73' title='bbox 491 1138 539 1195; x_wconf 87' lang='lat' dir='ltr'><strong>ei</strong></span> <span class='ocrx_word' id='word_1_74' title='bbox 568 1137 657 1209; x_wconf 90' lang='lat' dir='ltr'><strong>qui</strong></span> <span class='ocrx_word' id='word_1_75' title='bbox 686 1151 905 1191; x_wconf 77' lang='lat' dir='ltr'><strong>uxorem</strong></span> <span class='ocrx_word' id='word_1_76' title='bbox 929 1134 1224 1205; x_wconf 81' lang='lat' dir='ltr'><strong>repudiavit</strong></span> <span class='ocrx_word' id='word_1_77' title='bbox 1249 1142 1305 1189; x_wconf 91' lang='lat' dir='ltr'><strong>et</strong></span> <span class='ocrx_word' id='word_1_78' title='bbox 1324 1133 1510 1203; x_wconf 82' lang='lat' dir='ltr'><strong>ejecit,</strong></span> <span class='ocrx_word' id='word_1_79' title='bbox 1540 1148 1659 1187; x_wconf 91' lang='lat' dir='ltr'><strong>cum</strong></span> <span class='ocrx_word' id='word_1_80' title='bbox 1687 1132 1859 1187; x_wconf 89' lang='lat' dir='ltr'><strong>altera</strong></span> <span class='ocrx_word' id='word_1_81' title='bbox 1881 1130 2067 1196; x_wconf 91' lang='lat' dir='ltr'><strong>coire;</strong></span> 
     </span>
    </p>
   </div>
   <div class='ocr_carea' id='block_1_11' title="bbox 493 1221 2072 1297">
    <p class='ocr_par' dir='ltr' id='par_1_11' title="bbox 493 1221 2072 1297">
     <span class='ocr_line' id='line_1_11' title="bbox 493 1221 2072 1297; baseline -0.007 -14"><span class='ocrx_word' id='word_1_82' title='bbox 493 1230 592 1284; x_wconf 87' lang='lat' dir='ltr'><strong>hoc</strong></span> <span class='ocrx_word' id='word_1_83' title='bbox 616 1230 812 1297; x_wconf 86' lang='lat' dir='ltr'><strong>quippe</strong></span> <span class='ocrx_word' id='word_1_84' title='bbox 849 1234 931 1282; x_wconf 88' lang='lat' dir='ltr'><strong>est</strong></span> <span class='ocrx_word' id='word_1_85' title='bbox 958 1225 1313 1289; x_wconf 83' lang='lat' dir='ltr'><strong>adulterium;</strong></span> <span class='ocrx_word' id='word_1_86' title='bbox 1362 1224 1452 1294; x_wconf 90' lang='lat' dir='ltr'><strong>qui</strong></span> <span class='ocrx_word' id='word_1_87' title='bbox 1493 1237 1712 1278; x_wconf 80' lang='lat' dir='ltr'><strong>uxorem</strong></span> <span class='ocrx_word' id='word_1_88' title='bbox 1756 1236 1937 1277; x_wconf 86' lang='lat' dir='ltr'><strong>secum</strong></span> <span class='ocrx_word' id='word_1_89' title='bbox 1980 1221 2072 1274; x_wconf 82' lang='lat' dir='ltr'><strong>ha—</strong></span> 
     </span>
    </p>
   </div>
   <div class='ocr_carea' id='block_1_12' title="bbox 494 1312 2073 1386">
    <p class='ocr_par' dir='ltr' id='par_1_12' title="bbox 494 1312 2073 1386">
     <span class='ocr_line' id='line_1_12' title="bbox 494 1312 2073 1386; baseline -0.007 -11"><span class='ocrx_word' id='word_1_90' title='bbox 494 1321 664 1386; x_wconf 86' lang='lat' dir='ltr'><strong>bens,</strong></span> <span class='ocrx_word' id='word_1_91' title='bbox 714 1318 936 1372; x_wconf 81' lang='lat' dir='ltr'><strong>alteram</strong></span> <span class='ocrx_word' id='word_1_92' title='bbox 968 1315 1207 1380; x_wconf 89' lang='lat' dir='ltr'><strong>inducit,</strong></span> <span class='ocrx_word' id='word_1_93' title='bbox 1254 1323 1510 1384; x_wconf 90' lang='lat' dir='ltr'><strong>quantum</strong></span> <span class='ocrx_word' id='word_1_94' title='bbox 1558 1312 1734 1368; x_wconf 88' lang='lat' dir='ltr'><strong>scelus</strong></span> <span class='ocrx_word' id='word_1_95' title='bbox 1765 1312 2073 1382; x_wconf 85' lang='lat' dir='ltr'><strong>perpetrat?</strong></span> 
     </span>
    </p>
   </div>
   <div class='ocr_carea' id='block_1_13' title="bbox 495 1402 2070 1478">
    <p class='ocr_par' dir='ltr' id='par_1_13' title="bbox 495 1402 2070 1478">
     <span class='ocr_line' id='line_1_13' title="bbox 495 1402 2070 1478; baseline -0.006 -13"><span class='ocrx_word' id='word_1_96' title='bbox 495 1410 662 1465; x_wconf 82' lang='lat' dir='ltr'><strong>Nemo</strong></span> <span class='ocrx_word' id='word_1_97' title='bbox 688 1408 848 1478; x_wconf 82' lang='lat' dir='ltr'><strong>igitur</strong></span> <span class='ocrx_word' id='word_1_98' title='bbox 890 1405 1032 1460; x_wconf 87' lang='lat' dir='ltr'><strong>hunc</strong></span> <span class='ocrx_word' id='word_1_99' title='bbox 1062 1405 1307 1459; x_wconf 83' lang='lat' dir='ltr'><strong>morbum</strong></span> <span class='ocrx_word' id='word_1_100' title='bbox 1333 1405 1384 1458; x_wconf 91' lang='lat' dir='ltr'><strong>in</strong></span> <span class='ocrx_word' id='word_1_101' title='bbox 1414 1404 1587 1458; x_wconf 89' lang='lat' dir='ltr'><strong>anima</strong></span> <span class='ocrx_word' id='word_1_102' title='bbox 1622 1402 1855 1458; x_wconf 87' lang='lat' dir='ltr'><strong>insidere</strong></span> <span class='ocrx_word' id='word_1_103' title='bbox 1899 1402 2070 1467; x_wconf 89' lang='lat' dir='ltr'><strong>sinat,</strong></span> 
     </span>
    </p>
   </div>
   <div class='ocr_carea' id='block_1_14' title="bbox 498 1496 2073 1565">
    <p class='ocr_par' dir='ltr' id='par_1_14' title="bbox 498 1496 2073 1565">
     <span class='ocr_line' id='line_1_14' title="bbox 498 1496 2073 1565; baseline -0.006 -8"><span class='ocrx_word' id='word_1_104' title='bbox 498 1501 587 1557; x_wconf 89' lang='lat' dir='ltr'><strong>sed</strong></span> <span class='ocrx_word' id='word_1_105' title='bbox 613 1499 865 1554; x_wconf 85' lang='lat' dir='ltr'><strong>radicitus</strong></span> <span class='ocrx_word' id='word_1_106' title='bbox 885 1497 1096 1555; x_wconf 65' lang='lat' dir='ltr'><strong>evellet.</strong></span> <span class='ocrx_word' id='word_1_107' title='bbox 1126 1496 1307 1565; x_wconf 88' lang='lat' dir='ltr'><strong>Neque</strong></span> <span class='ocrx_word' id='word_1_108' title='bbox 1334 1497 1475 1550; x_wconf 91' lang='lat' dir='ltr'><strong>enim</strong></span> <span class='ocrx_word' id='word_1_109' title='bbox 1501 1504 1607 1549; x_wconf 87' lang='lat' dir='ltr'><strong>tam</strong></span> <span class='ocrx_word' id='word_1_110' title='bbox 1632 1510 1851 1550; x_wconf 81' lang='lat' dir='ltr'><strong>uxorem</strong></span> <span class='ocrx_word' id='word_1_111' title='bbox 1874 1534 1888 1560; x_wconf 89' lang='lat'><strong>,</strong></span> <span class='ocrx_word' id='word_1_112' title='bbox 1918 1509 2073 1563; x_wconf 87' lang='lat' dir='ltr'><strong>quam</strong></span> 
     </span>
    </p>
   </div>
   <div class='ocr_carea' id='block_1_15' title="bbox 500 1585 2078 1663">
    <p class='ocr_par' dir='ltr' id='par_1_15' title="bbox 500 1585 2078 1663">
     <span class='ocr_line' id='line_1_15' title="bbox 500 1585 2078 1663; baseline -0.008 -14"><span class='ocrx_word' id='word_1_113' title='bbox 500 1594 728 1663; x_wconf 86' lang='lat' dir='ltr'><strong>seipsum</strong></span> <span class='ocrx_word' id='word_1_114' title='bbox 758 1588 924 1645; x_wconf 72' lang='lat' dir='ltr'><strong>l.edit.</strong></span> <span class='ocrx_word' id='word_1_115' title='bbox 957 1588 1102 1643; x_wconf 87' lang='lat' dir='ltr'><strong>Adeo</strong></span> <span class='ocrx_word' id='word_1_116' title='bbox 1131 1601 1295 1658; x_wconf 85' lang='lat' dir='ltr'><strong>grave</strong></span> <span class='ocrx_word' id='word_1_117' title='bbox 1316 1627 1331 1654; x_wconf 96' lang='lat'><strong>,</strong></span> <span class='ocrx_word' id='word_1_118' title='bbox 1357 1586 1493 1642; x_wconf 88' lang='lat' dir='ltr'><strong>adeo</strong></span> <span class='ocrx_word' id='word_1_119' title='bbox 1517 1585 1670 1641; x_wconf 90' lang='lat' dir='ltr'><strong>venia</strong></span> <span class='ocrx_word' id='word_1_120' title='bbox 1694 1585 1968 1656; x_wconf 88' lang='lat' dir='ltr'><strong>indignum</strong></span> <span class='ocrx_word' id='word_1_121' title='bbox 1995 1594 2078 1638; x_wconf 48' lang='lat' dir='ltr'><strong>est</strong></span> 
     </span>
    </p>
   </div>
   <div class='ocr_carea' id='block_1_16' title="bbox 504 1674 2075 1752">
    <p class='ocr_par' dir='ltr' id='par_1_16' title="bbox 504 1674 2075 1752">
     <span class='ocr_line' id='line_1_16' title="bbox 504 1674 2075 1752; baseline -0.004 -16"><span class='ocrx_word' id='word_1_122' title='bbox 504 1682 601 1736; x_wconf 88' lang='lat' dir='ltr'><strong>hoc</strong></span> <span class='ocrx_word' id='word_1_123' title='bbox 628 1689 932 1752; x_wconf 88' lang='lat' dir='ltr'><strong>peccatum,</strong></span> <span class='ocrx_word' id='word_1_124' title='bbox 964 1687 1025 1733; x_wconf 91' lang='lat' dir='ltr'><strong>ut</strong></span> <span class='ocrx_word' id='word_1_125' title='bbox 1052 1678 1097 1733; x_wconf 91' lang='lat' dir='ltr'><strong>si</strong></span> <span class='ocrx_word' id='word_1_126' title='bbox 1118 1693 1284 1743; x_wconf 80' lang='lat' dir='ltr'><strong>uxor,</strong></span> <span class='ocrx_word' id='word_1_127' title='bbox 1321 1678 1486 1732; x_wconf 90' lang='lat' dir='ltr'><strong>invito</strong></span> <span class='ocrx_word' id='word_1_128' title='bbox 1514 1676 1740 1747; x_wconf 88' lang='lat' dir='ltr'><strong>conjuge</strong></span> <span class='ocrx_word' id='word_1_129' title='bbox 1770 1676 1928 1731; x_wconf 89' lang='lat' dir='ltr'><strong>etiam</strong></span> <span class='ocrx_word' id='word_1_130' title='bbox 1959 1674 2075 1729; x_wconf 82' lang='lat' dir='ltr'><strong>ido-</strong></span> 
     </span>
    </p>
   </div>
   <div class='ocr_carea' id='block_1_17' title="bbox 503 1764 2074 1838">
    <p class='ocr_par' dir='ltr' id='par_1_17' title="bbox 503 1764 2074 1838">
     <span class='ocr_line' id='line_1_17' title="bbox 503 1764 2074 1838; baseline -0.006 -11"><span class='ocrx_word' id='word_1_131' title='bbox 503 1773 687 1827; x_wconf 85' lang='lat' dir='ltr'><strong>lnlatra</strong></span> <span class='ocrx_word' id='word_1_132' title='bbox 709 1812 723 1836; x_wconf 90' lang='lat'><strong>,</strong></span> <span class='ocrx_word' id='word_1_133' title='bbox 745 1772 812 1825; x_wconf 85' lang='lat' dir='ltr'><strong>ab</strong></span> <span class='ocrx_word' id='word_1_134' title='bbox 837 1770 928 1824; x_wconf 93' lang='lat' dir='ltr'><strong>illo</strong></span> <span class='ocrx_word' id='word_1_135' title='bbox 942 1780 1240 1838; x_wconf 87' lang='lat' dir='ltr'><strong>separetur,</strong></span> <span class='ocrx_word' id='word_1_136' title='bbox 1273 1783 1302 1822; x_wconf 90' lang='lat' dir='ltr'><strong>a</strong></span> <span class='ocrx_word' id='word_1_137' title='bbox 1325 1769 1436 1823; x_wconf 89' lang='lat' dir='ltr'><strong>Deo</strong></span> <span class='ocrx_word' id='word_1_138' title='bbox 1462 1768 1728 1838; x_wconf 89' lang='lat' dir='ltr'><strong>puniatur;</strong></span> <span class='ocrx_word' id='word_1_139' title='bbox 1758 1767 1801 1820; x_wconf 91' lang='lat' dir='ltr'><strong>si</strong></span> <span class='ocrx_word' id='word_1_140' title='bbox 1834 1765 1901 1819; x_wconf 90' lang='lat' dir='ltr'><strong>ab</strong></span> <span class='ocrx_word' id='word_1_141' title='bbox 1927 1764 2074 1819; x_wconf 90' lang='lat' dir='ltr'><strong>adul-</strong></span> 
     </span>
    </p>
   </div>
   <div class='ocr_carea' id='block_1_18' title="bbox 507 1856 2076 1930">
    <p class='ocr_par' dir='ltr' id='par_1_18' title="bbox 507 1856 2076 1930">
     <span class='ocr_line' id='line_1_18' title="bbox 507 1856 2076 1930; baseline -0.005 -14"><span class='ocrx_word' id='word_1_142' title='bbox 507 1874 652 1925; x_wconf 81' lang='lat' dir='ltr'><strong>tero,</strong></span> <span class='ocrx_word' id='word_1_143' title='bbox 682 1862 920 1917; x_wconf 89' lang='lat' dir='ltr'><strong>minime.</strong></span> <span class='ocrx_word' id='word_1_144' title='bbox 947 1860 1133 1916; x_wconf 82' lang='lat' dir='ltr'><strong>Videu’</strong></span> <span class='ocrx_word' id='word_1_145' title='bbox 1157 1871 1410 1930; x_wconf 88' lang='lat' dir='ltr'><strong>quantum</strong></span> <span class='ocrx_word' id='word_1_146' title='bbox 1437 1860 1505 1914; x_wconf 92' lang='lat' dir='ltr'><strong>sit</strong></span> <span class='ocrx_word' id='word_1_147' title='bbox 1531 1858 1632 1912; x_wconf 88' lang='lat' dir='ltr'><strong>hoc</strong></span> <span class='ocrx_word' id='word_1_148' title='bbox 1656 1857 1899 1912; x_wconf 86' lang='lat' dir='ltr'><strong>malum?</strong></span> <span class='ocrx_word' id='word_1_149' title='bbox 1946 1856 2076 1910; x_wconf 90' lang='lat' dir='ltr'><strong>Nam</strong></span> 
     </span>
    </p>
   </div>
   <div class='ocr_carea' id='block_1_19' title="bbox 514 1948 2081 2023">
    <p class='ocr_par' dir='ltr' id='par_1_19' title="bbox 514 1948 2081 2023">
     <span class='ocr_line' id='line_1_19' title="bbox 514 1948 2081 2023; baseline -0.006 -14"><span class='ocrx_word' id='word_1_150' title='bbox 514 1954 573 2009; x_wconf 90' lang='lat' dir='ltr'><strong>Si</strong></span> <span class='ocrx_word' id='word_1_151' title='bbox 597 1970 696 2023; x_wconf 83' lang='lat' dir='ltr'><strong>qua</strong></span> <span class='ocrx_word' id='word_1_152' title='bbox 725 1953 916 2021; x_wconf 80' lang='lat' dir='ltr'><strong>ﬁdelis,</strong></span> <span class='ocrx_word' id='word_1_153' title='bbox 949 1952 1156 2022; x_wconf 90' lang='lat' dir='ltr'><strong>inquit,</strong></span> <span class='ocrx_word' id='word_1_154' title='bbox 1184 1952 1362 2005; x_wconf 76' lang='lat' dir='ltr'><strong>habeat</strong></span> <span class='ocrx_word' id='word_1_155' title='bbox 1386 1952 1546 2006; x_wconf 82' lang='lat' dir='ltr'><strong>virum</strong></span> <span class='ocrx_word' id='word_1_156' title='bbox 1575 1949 1861 2019; x_wconf 82' lang='lat' dir='ltr'><strong>inﬁdelem,</strong></span> <span class='ocrx_word' id='word_1_157' title='bbox 1893 1957 1938 2002; x_wconf 87' lang='lat' dir='ltr'><strong>et</strong></span> <span class='ocrx_word' id='word_1_158' title='bbox 1974 1948 2081 2018; x_wconf 79' lang='lat' dir='ltr'><strong>ipse</strong></span> 
     </span>
    </p>
   </div>
   <div class='ocr_carea' id='block_1_20' title="bbox 509 2039 2077 2111">
    <p class='ocr_par' dir='ltr' id='par_1_20' title="bbox 509 2039 2077 2111">
     <span class='ocr_line' id='line_1_20' title="bbox 509 2039 2077 2111; baseline -0.003 -14"><span class='ocrx_word' id='word_1_159' title='bbox 509 2044 745 2099; x_wconf 83' lang='lat' dir='ltr'><strong>consentit</strong></span> <span class='ocrx_word' id='word_1_160' title='bbox 763 2043 985 2097; x_wconf 88' lang='lat' dir='ltr'><strong>habitare</strong></span> <span class='ocrx_word' id='word_1_161' title='bbox 1002 2059 1114 2096; x_wconf 89' lang='lat' dir='ltr'><strong>cum</strong></span> <span class='ocrx_word' id='word_1_162' title='bbox 1136 2043 1246 2107; x_wconf 89' lang='lat' dir='ltr'><strong>illa,</strong></span> <span class='ocrx_word' id='word_1_163' title='bbox 1269 2060 1329 2097; x_wconf 88' lang='lat' dir='ltr'><strong>ne</strong></span> <span class='ocrx_word' id='word_1_164' title='bbox 1346 2043 1562 2095; x_wconf 80' lang='lat' dir='ltr'><strong>dimittat</strong></span> <span class='ocrx_word' id='word_1_165' title='bbox 1582 2043 1748 2111; x_wconf 89' lang='lat' dir='ltr'><strong>ipsum</strong></span> <span class='ocrx_word' id='word_1_166' title='bbox 1768 2042 1854 2110; x_wconf 93' lang='grc'><strong>(1.</strong></span> <span class='ocrx_word' id='word_1_167' title='bbox 1876 2039 1994 2095; x_wconf 90' lang='lat' dir='ltr'><strong>Cor.</strong></span> <span class='ocrx_word' id='word_1_168' title='bbox 2024 2041 2077 2092; x_wconf 85' lang='lat'><strong>7.</strong></span> 
     </span>
    </p>
   </div>
   <div class='ocr_carea' id='block_1_21' title="bbox 512 2129 2079 2204">
    <p class='ocr_par' dir='ltr' id='par_1_21' title="bbox 512 2129 2079 2204">
     <span class='ocr_line' id='line_1_21' title="bbox 512 2129 2079 2204; baseline -0.006 -15"><span class='ocrx_word' id='word_1_169' title='bbox 512 2135 577 2189; x_wconf 80' lang='grc'><strong>15</strong></span> <span class='ocrx_word' id='word_1_170' title='bbox 596 2137 638 2204; x_wconf 85' lang='grc'>).</span> <span class='ocrx_word' id='word_1_171' title='bbox 683 2134 752 2187; x_wconf 84' lang='lat' dir='ltr'><strong>De</strong></span> <span class='ocrx_word' id='word_1_172' title='bbox 779 2134 1020 2189; x_wconf 90' lang='lat' dir='ltr'><strong>adultera</strong></span> <span class='ocrx_word' id='word_1_173' title='bbox 1067 2148 1224 2189; x_wconf 87' lang='lat' dir='ltr'><strong>secus</strong></span> <span class='ocrx_word' id='word_1_174' title='bbox 1248 2151 1263 2198; x_wconf 90' lang='lat'><strong>;</strong></span> <span class='ocrx_word' id='word_1_175' title='bbox 1298 2133 1391 2188; x_wconf 89' lang='lat' dir='ltr'><strong>sed</strong></span> <span class='ocrx_word' id='word_1_176' title='bbox 1419 2132 1585 2201; x_wconf 81' lang='lat' dir='ltr'><strong>quid?</strong></span> <span class='ocrx_word' id='word_1_177' title='bbox 1612 2132 1672 2186; x_wconf 88' lang='lat' dir='ltr'><strong>Si</strong></span> <span class='ocrx_word' id='word_1_178' title='bbox 1700 2131 1810 2200; x_wconf 85' lang='lat' dir='ltr'><strong>quis</strong></span> <span class='ocrx_word' id='word_1_179' title='bbox 1836 2129 2079 2182; x_wconf 78' lang='lat' dir='ltr'><strong>dimiserit</strong></span> 
     </span>
    </p>
   </div>
   <div class='ocr_carea' id='block_1_22' title="bbox 509 2221 2082 2294">
    <p class='ocr_par' dir='ltr' id='par_1_22' title="bbox 509 2221 2082 2294">
     <span class='ocr_line' id='line_1_22' title="bbox 509 2221 2082 2294; baseline -0.005 -15"><span class='ocrx_word' id='word_1_180' title='bbox 509 2241 712 2279; x_wconf 70' lang='lat' dir='ltr'><strong>uxorem</strong></span> <span class='ocrx_word' id='word_1_181' title='bbox 753 2240 896 2278; x_wconf 86' lang='lat' dir='ltr'><strong>suam</strong></span> <span class='ocrx_word' id='word_1_182' title='bbox 927 2234 1107 2294; x_wconf 63' lang='lat' dir='ltr'><strong>praeter</strong></span> <span class='ocrx_word' id='word_1_183' title='bbox 1150 2239 1355 2277; x_wconf 88' lang='lat' dir='ltr'><strong>causam</strong></span> <span class='ocrx_word' id='word_1_184' title='bbox 1399 2221 1773 2292; x_wconf 72' lang='lat' dir='ltr'><strong>fornicationis,</strong></span> <span class='ocrx_word' id='word_1_185' title='bbox 1820 2221 1939 2291; x_wconf 79' lang='lat' dir='ltr'><strong>facit</strong></span> <span class='ocrx_word' id='word_1_186' title='bbox 1974 2236 2082 2273; x_wconf 87' lang='lat' dir='ltr'><strong>eam</strong></span> 
     </span>
    </p>
   </div>
   <div class='ocr_carea' id='block_1_23' title="bbox 508 2313 2086 2386">
    <p class='ocr_par' dir='ltr' id='par_1_23' title="bbox 508 2313 2086 2386">
     <span class='ocr_line' id='line_1_23' title="bbox 508 2313 2086 2386; baseline -0.002 -19"><span class='ocrx_word' id='word_1_187' title='bbox 508 2317 742 2370; x_wconf 65' lang='lat' dir='ltr'><strong>mter/tari</strong></span> <span class='ocrx_word' id='word_1_188' title='bbox 769 2314 983 2386; x_wconf 73' lang='lat' dir='ltr'><strong>(Matth.</strong></span> <span class='ocrx_word' id='word_1_189' title='bbox 1008 2315 1059 2370; x_wconf 85' lang='lat'><strong>5.</strong></span> <span class='ocrx_word' id='word_1_190' title='bbox 1084 2314 1197 2384; x_wconf 71' lang='lat'><strong>32).</strong></span> <span class='ocrx_word' id='word_1_191' title='bbox 1227 2314 1358 2369; x_wconf 83' lang='lat' dir='ltr'><strong>Nam</strong></span> <span class='ocrx_word' id='word_1_192' title='bbox 1381 2316 1424 2368; x_wconf 91' lang='lat' dir='ltr'><strong>si</strong></span> <span class='ocrx_word' id='word_1_193' title='bbox 1450 2313 1750 2383; x_wconf 69' lang='lat' dir='ltr'><strong>coniugium</strong></span> <span class='ocrx_word' id='word_1_194' title='bbox 1780 2328 1939 2367; x_wconf 89' lang='lat' dir='ltr'><strong>unum</strong></span> <span class='ocrx_word' id='word_1_195' title='bbox 1968 2329 2086 2365; x_wconf 78' lang='lat' dir='ltr'><strong>cur-</strong></span> 
     </span>
    </p>
   </div>
   <div class='ocr_carea' id='block_1_24' title="bbox 509 2405 2082 2476">
    <p class='ocr_par' dir='ltr' id='par_1_24' title="bbox 509 2405 2082 2476">
     <span class='ocr_line' id='line_1_24' title="bbox 509 2405 2082 2476; baseline -0.005 -15"><span class='ocrx_word' id='word_1_196' title='bbox 509 2423 605 2476; x_wconf 86' lang='lat' dir='ltr'><strong>pus</strong></span> <span class='ocrx_word' id='word_1_197' title='bbox 650 2405 806 2472; x_wconf 80' lang='lat' dir='ltr'><strong>facit;</strong></span> <span class='ocrx_word' id='word_1_198' title='bbox 854 2406 898 2460; x_wconf 87' lang='lat' dir='ltr'><strong>si</strong></span> <span class='ocrx_word' id='word_1_199' title='bbox 932 2405 1050 2475; x_wconf 86' lang='lat' dir='ltr'><strong>quis</strong></span> <span class='ocrx_word' id='word_1_200' title='bbox 1076 2421 1195 2459; x_wconf 90' lang='lat' dir='ltr'><strong>cum</strong></span> <span class='ocrx_word' id='word_1_201' title='bbox 1225 2406 1509 2460; x_wconf 86' lang='lat' dir='ltr'><strong>meretrice</strong></span> <span class='ocrx_word' id='word_1_202' title='bbox 1557 2413 1742 2470; x_wconf 86' lang='lat' dir='ltr'><strong>coeat,</strong></span> <span class='ocrx_word' id='word_1_203' title='bbox 1776 2419 1935 2457; x_wconf 91' lang='lat' dir='ltr'><strong>mmm</strong></span> <span class='ocrx_word' id='word_1_204' title='bbox 1965 2419 2082 2455; x_wconf 88' lang='lat' dir='ltr'><strong>cum</strong></span> 
     </span>
    </p>
   </div>
   <div class='ocr_carea' id='block_1_25' title="bbox 511 2494 2083 2566">
    <p class='ocr_par' dir='ltr' id='par_1_25' title="bbox 511 2494 2083 2566">
     <span class='ocr_line' id='line_1_25' title="bbox 511 2494 2083 2566; baseline -0.003 -15"><span class='ocrx_word' id='word_1_205' title='bbox 511 2499 593 2552; x_wconf 89' lang='lat' dir='ltr'><strong>illa</strong></span> <span class='ocrx_word' id='word_1_206' title='bbox 619 2511 812 2566; x_wconf 79' lang='lat' dir='ltr'><strong>corpus</strong></span> <span class='ocrx_word' id='word_1_207' title='bbox 841 2496 1089 2550; x_wconf 73' lang='lat' dir='ltr'><strong>efficitur.</strong></span> <span class='ocrx_word' id='word_1_208' title='bbox 1131 2496 1409 2564; x_wconf 83' lang='lat' dir='ltr'><strong>Quomodo</strong></span> <span class='ocrx_word' id='word_1_209' title='bbox 1445 2512 1570 2565; x_wconf 81' lang='lat' dir='ltr'><strong>ergo</strong></span> <span class='ocrx_word' id='word_1_210' title='bbox 1602 2496 1822 2550; x_wconf 86' lang='lat' dir='ltr'><strong>honesta</strong></span> <span class='ocrx_word' id='word_1_211' title='bbox 1855 2494 2045 2547; x_wconf 84' lang='lat' dir='ltr'><strong>muli.-.r</strong></span> <span class='ocrx_word' id='word_1_212' title='bbox 2066 2533 2083 2554; x_wconf 86' lang='lat'><strong>.</strong></span> 
     </span>
    </p>
   </div>
   <div class='ocr_carea' id='block_1_26' title="bbox 509 2584 2086 2658">
    <p class='ocr_par' dir='ltr' id='par_1_26' title="bbox 509 2584 2086 2658">
     <span class='ocr_line' id='line_1_26' title="bbox 509 2584 2086 2658; baseline -0.005 -15"><span class='ocrx_word' id='word_1_213' title='bbox 509 2604 625 2658; x_wconf 74' lang='lat' dir='ltr'><strong>qu.e</strong></span> <span class='ocrx_word' id='word_1_214' title='bbox 654 2597 737 2643; x_wconf 89' lang='lat' dir='ltr'><strong>est</strong></span> <span class='ocrx_word' id='word_1_215' title='bbox 765 2587 1060 2642; x_wconf 89' lang='lat' dir='ltr'><strong>membrum</strong></span> <span class='ocrx_word' id='word_1_216' title='bbox 1103 2586 1338 2652; x_wconf 76' lang='lat' dir='ltr'><strong>Christi,</strong></span> <span class='ocrx_word' id='word_1_217' title='bbox 1389 2586 1548 2641; x_wconf 84' lang='lat' dir='ltr'><strong>talem</strong></span> <span class='ocrx_word' id='word_1_218' title='bbox 1594 2586 1763 2639; x_wconf 80' lang='lat' dir='ltr'><strong>virum</strong></span> <span class='ocrx_word' id='word_1_219' title='bbox 1806 2584 2086 2637; x_wconf 85' lang='lat' dir='ltr'><strong>admittat?</strong></span> 
     </span>
    </p>
   </div>
   <div class='ocr_carea' id='block_1_27' title="bbox 510 2677 2086 2748">
    <p class='ocr_par' dir='ltr' id='par_1_27' title="bbox 510 2677 2086 2748">
     <span class='ocr_line' id='line_1_27' title="bbox 510 2677 2086 2748; baseline -0.003 -15"><span class='ocrx_word' id='word_1_220' title='bbox 510 2689 598 2733; x_wconf 86' lang='lat' dir='ltr'><strong>aut</strong></span> <span class='ocrx_word' id='word_1_221' title='bbox 645 2678 912 2748; x_wconf 83' lang='lat' dir='ltr'><strong>quomodo</strong></span> <span class='ocrx_word' id='word_1_222' title='bbox 954 2678 1052 2731; x_wconf 84' lang='lat' dir='ltr'><strong>sibi</strong></span> <span class='ocrx_word' id='word_1_223' title='bbox 1091 2678 1278 2748; x_wconf 90' lang='lat' dir='ltr'><strong>junget</strong></span> <span class='ocrx_word' id='word_1_224' title='bbox 1320 2678 1615 2732; x_wconf 90' lang='lat' dir='ltr'><strong>membrum</strong></span> <span class='ocrx_word' id='word_1_225' title='bbox 1656 2677 1991 2731; x_wconf 71' lang='lat' dir='ltr'><strong>meretrcis?</strong></span> <span class='ocrx_word' id='word_1_226' title='bbox 2025 2678 2086 2730; x_wconf 74' lang='lat' dir='ltr'><strong>Et</strong></span> 
     </span>
    </p>
   </div>
   <div class='ocr_carea' id='block_1_28' title="bbox 512 2766 2087 2839">
    <p class='ocr_par' dir='ltr' id='par_1_28' title="bbox 512 2766 2087 2839">
     <span class='ocr_line' id='line_1_28' title="bbox 512 2766 2087 2839; baseline -0.003 -17"><span class='ocrx_word' id='word_1_227' title='bbox 512 2769 629 2824; x_wconf 84' lang='lat' dir='ltr'><strong>vide</strong></span> <span class='ocrx_word' id='word_1_228' title='bbox 653 2784 812 2839; x_wconf 90' lang='lat' dir='ltr'><strong>quam</strong></span> <span class='ocrx_word' id='word_1_229' title='bbox 838 2770 970 2822; x_wconf 91' lang='lat' dir='ltr'><strong>mira</strong></span> <span class='ocrx_word' id='word_1_230' title='bbox 994 2781 1080 2823; x_wconf 88' lang='lat' dir='ltr'><strong>res</strong></span> <span class='ocrx_word' id='word_1_231' title='bbox 1100 2768 1188 2822; x_wconf 90' lang='lat' dir='ltr'><strong>sit.</strong></span> <span class='ocrx_word' id='word_1_232' title='bbox 1216 2767 1345 2834; x_wconf 80' lang='lat' dir='ltr'><strong>Qua:</strong></span> <span class='ocrx_word' id='word_1_233' title='bbox 1366 2782 1485 2821; x_wconf 91' lang='lat' dir='ltr'><strong>cum</strong></span> <span class='ocrx_word' id='word_1_234' title='bbox 1509 2767 1707 2821; x_wconf 81' lang='lat' dir='ltr'><strong>inﬁdeli</strong></span> <span class='ocrx_word' id='word_1_235' title='bbox 1736 2766 1956 2830; x_wconf 84' lang='lat' dir='ltr'><strong>habitat,</strong></span> <span class='ocrx_word' id='word_1_236' title='bbox 1983 2780 2087 2819; x_wconf 91' lang='lat' dir='ltr'><strong>non</strong></span> 
     </span>
    </p>
   </div>
   <div class='ocr_carea' id='block_1_29' title="bbox 513 2856 2091 2930">
    <p class='ocr_par' dir='ltr' id='par_1_29' title="bbox 513 2856 2091 2930">
     <span class='ocr_line' id='line_1_29' title="bbox 513 2856 2091 2930; baseline -0.004 -15"><span class='ocrx_word' id='word_1_237' title='bbox 513 2870 593 2915; x_wconf 82' lang='lat' dir='ltr'><strong>est</strong></span> <span class='ocrx_word' id='word_1_238' title='bbox 620 2862 825 2930; x_wconf 89' lang='lat' dir='ltr'><strong>impura</strong></span> <span class='ocrx_word' id='word_1_239' title='bbox 854 2859 872 2930; x_wconf 92' lang='lat'><strong>(</strong></span> <span class='ocrx_word' id='word_1_240' title='bbox 896 2875 1016 2913; x_wconf 89' lang='lat' dir='ltr'><strong>nam</strong></span> <span class='ocrx_word' id='word_1_241' title='bbox 1046 2858 1406 2926; x_wconf 80' lang='lat' dir='ltr'><strong>Sanctiﬁcatus</strong></span> <span class='ocrx_word' id='word_1_242' title='bbox 1430 2868 1501 2912; x_wconf 89' lang='lat' dir='ltr'><strong>est</strong></span> <span class='ocrx_word' id='word_1_243' title='bbox 1528 2898 1542 2922; x_wconf 94' lang='lat'><strong>,</strong></span> <span class='ocrx_word' id='word_1_244' title='bbox 1575 2858 1777 2927; x_wconf 87' lang='lat' dir='ltr'><strong>inquit,</strong></span> <span class='ocrx_word' id='word_1_245' title='bbox 1810 2859 1883 2909; x_wconf 78' lang='lat' dir='ltr'><strong>vir</strong></span> <span class='ocrx_word' id='word_1_246' title='bbox 1907 2856 2091 2925; x_wconf 79' lang='lat' dir='ltr'><strong>inﬁde-</strong></span> 
     </span>
    </p>
   </div>
   <div class='ocr_carea' id='block_1_30' title="bbox 515 2950 2086 3022">
    <p class='ocr_par' dir='ltr' id='par_1_30' title="bbox 515 2950 2086 3022">
     <span class='ocr_line' id='line_1_30' title="bbox 515 2950 2086 3022; baseline -0.003 -15"><span class='ocrx_word' id='word_1_247' title='bbox 515 2954 576 3007; x_wconf 89' lang='lat' dir='ltr'><strong>lis</strong></span> <span class='ocrx_word' id='word_1_248' title='bbox 601 2954 651 3007; x_wconf 89' lang='lat' dir='ltr'><strong>in</strong></span> <span class='ocrx_word' id='word_1_249' title='bbox 679 2953 883 3007; x_wconf 78' lang='lat' dir='ltr'><strong>muliere</strong></span> <span class='ocrx_word' id='word_1_250' title='bbox 915 2953 1003 3022; x_wconf 78' lang='lat' dir='ltr'><strong>(l.</strong></span> <span class='ocrx_word' id='word_1_251' title='bbox 1033 2951 1152 3007; x_wconf 89' lang='lat' dir='ltr'><strong>Cor.</strong></span> <span class='ocrx_word' id='word_1_252' title='bbox 1177 2953 1230 3006; x_wconf 87' lang='lat'><strong>7.</strong></span> <span class='ocrx_word' id='word_1_253' title='bbox 1262 2951 1363 3019; x_wconf 63' lang='grc'><strong>14)</strong></span> <span class='ocrx_word' id='word_1_254' title='bbox 1399 2968 1413 3005; x_wconf 89' lang='lat'><strong>:</strong></span> <span class='ocrx_word' id='word_1_255' title='bbox 1445 2951 1513 3005; x_wconf 89' lang='lat' dir='ltr'><strong>de</strong></span> <span class='ocrx_word' id='word_1_256' title='bbox 1544 2952 1825 3003; x_wconf 87' lang='lat' dir='ltr'><strong>meretrice</strong></span> <span class='ocrx_word' id='word_1_257' title='bbox 1857 2963 1959 3002; x_wconf 91' lang='lat' dir='ltr'><strong>non</strong></span> <span class='ocrx_word' id='word_1_258' title='bbox 1988 2950 2086 3013; x_wconf 90' lang='lat' dir='ltr'><strong>sic,</strong></span> 
     </span>
    </p>
   </div>
   <div class='ocr_carea' id='block_1_31' title="bbox 516 3038 2090 3114">
    <p class='ocr_par' dir='ltr' id='par_1_31' title="bbox 516 3038 2090 3114">
     <span class='ocr_line' id='line_1_31' title="bbox 516 3038 2090 3114; baseline -0.005 -15"><span class='ocrx_word' id='word_1_259' title='bbox 516 3048 607 3099; x_wconf 87' lang='lat' dir='ltr'><strong>sed</strong></span> <span class='ocrx_word' id='word_1_260' title='bbox 632 3042 943 3114; x_wconf 78' lang='lat' dir='ltr'><strong>quomodo?</strong></span> <span class='ocrx_word' id='word_1_261' title='bbox 990 3041 1195 3097; x_wconf 79' lang='lat' dir='ltr'><strong>Totiens</strong></span> <span class='ocrx_word' id='word_1_262' title='bbox 1226 3042 1383 3112; x_wconf 85' lang='lat' dir='ltr'><strong>igitur</strong></span> <span class='ocrx_word' id='word_1_263' title='bbox 1406 3041 1627 3096; x_wconf 90' lang='lat' dir='ltr'><strong>membra</strong></span> <span class='ocrx_word' id='word_1_264' title='bbox 1651 3040 1872 3105; x_wconf 84' lang='lat' dir='ltr'><strong>Christi,</strong></span> <span class='ocrx_word' id='word_1_265' title='bbox 1901 3038 2090 3108; x_wconf 77' lang='lat' dir='ltr'><strong>faciam</strong></span> 
     </span>
    </p>
   </div>
   <div class='ocr_carea' id='block_1_32' title="bbox 518 3132 2089 3209">
    <p class='ocr_par' dir='ltr' id='par_1_32' title="bbox 518 3132 2089 3209">
     <span class='ocr_line' id='line_1_32' title="bbox 518 3132 2089 3209; baseline -0.004 -19"><span class='ocrx_word' id='word_1_266' title='bbox 518 3140 735 3190; x_wconf 86' lang='lat' dir='ltr'><strong>membra</strong></span> <span class='ocrx_word' id='word_1_267' title='bbox 755 3137 1025 3191; x_wconf 77' lang='lat' dir='ltr'><strong>meretricis</strong></span> <span class='ocrx_word' id='word_1_268' title='bbox 1048 3134 1209 3209; x_wconf 87' lang='lat' dir='ltr'><strong>(Ibid.</strong></span> <span class='ocrx_word' id='word_1_269' title='bbox 1229 3136 1279 3191; x_wconf 86' lang='lat'><strong>6.</strong></span> <span class='ocrx_word' id='word_1_270' title='bbox 1306 3136 1373 3190; x_wconf 84' lang='grc'><strong>15</strong></span> <span class='ocrx_word' id='word_1_271' title='bbox 1394 3134 1450 3204; x_wconf 88' lang='lat'><strong>)?</strong></span> <span class='ocrx_word' id='word_1_272' title='bbox 1476 3134 1586 3189; x_wconf 92' lang='lat' dir='ltr'><strong>lllic</strong></span> <span class='ocrx_word' id='word_1_273' title='bbox 1615 3132 1869 3187; x_wconf 88' lang='lat' dir='ltr'><strong>sanctitas</strong></span> <span class='ocrx_word' id='word_1_274' title='bbox 1893 3140 2089 3197; x_wconf 90' lang='lat' dir='ltr'><strong>manet,</strong></span> 
     </span>
    </p>
   </div>
   <div class='ocr_carea' id='block_1_33' title="bbox 518 3223 2093 3291">
    <p class='ocr_par' dir='ltr' id='par_1_33' title="bbox 518 3223 2093 3291">
     <span class='ocr_line' id='line_1_33' title="bbox 518 3223 2093 3291; baseline -0.003 -11"><span class='ocrx_word' id='word_1_275' title='bbox 518 3227 717 3283; x_wconf 77' lang='lat' dir='ltr'><strong>inﬁdeli</strong></span> <span class='ocrx_word' id='word_1_276' title='bbox 741 3242 862 3282; x_wconf 90' lang='lat' dir='ltr'><strong>cum</strong></span> <span class='ocrx_word' id='word_1_277' title='bbox 886 3227 971 3281; x_wconf 89' lang='lat' dir='ltr'><strong>illa</strong></span> <span class='ocrx_word' id='word_1_278' title='bbox 995 3226 1304 3291; x_wconf 83' lang='lat' dir='ltr'><strong>habitante;</strong></span> <span class='ocrx_word' id='word_1_279' title='bbox 1336 3225 1459 3279; x_wconf 90' lang='lat' dir='ltr'><strong>hinc</strong></span> <span class='ocrx_word' id='word_1_280' title='bbox 1488 3224 1711 3280; x_wconf 89' lang='lat' dir='ltr'><strong>recedit.</strong></span> <span class='ocrx_word' id='word_1_281' title='bbox 1742 3223 1915 3278; x_wconf 85' lang='lat' dir='ltr'><strong>Grave</strong></span> <span class='ocrx_word' id='word_1_282' title='bbox 1943 3238 2093 3277; x_wconf 90' lang='lat' dir='ltr'><strong>nam-</strong></span> 
     </span>
    </p>
   </div>
   <div class='ocr_carea' id='block_1_34' title="bbox 518 3315 2092 3386">
    <p class='ocr_par' dir='ltr' id='par_1_34' title="bbox 518 3315 2092 3386">
     <span class='ocr_line' id='line_1_34' title="bbox 518 3315 2092 3386; baseline -0.003 -15"><span class='ocrx_word' id='word_1_283' title='bbox 518 3332 620 3386; x_wconf 87' lang='lat' dir='ltr'><strong>que</strong></span> <span class='ocrx_word' id='word_1_284' title='bbox 648 3317 845 3371; x_wconf 89' lang='lat' dir='ltr'><strong>malum</strong></span> <span class='ocrx_word' id='word_1_285' title='bbox 876 3327 959 3371; x_wconf 87' lang='lat' dir='ltr'><strong>est</strong></span> <span class='ocrx_word' id='word_1_286' title='bbox 999 3316 1278 3372; x_wconf 87' lang='lat' dir='ltr'><strong>lornicatio</strong></span> <span class='ocrx_word' id='word_1_287' title='bbox 1299 3357 1315 3381; x_wconf 95' lang='lat'><strong>,</strong></span> <span class='ocrx_word' id='word_1_288' title='bbox 1344 3331 1504 3386; x_wconf 87' lang='lat' dir='ltr'><strong>grave</strong></span> <span class='ocrx_word' id='word_1_289' title='bbox 1533 3316 1715 3384; x_wconf 91' lang='lat' dir='ltr'><strong>utique</strong></span> <span class='ocrx_word' id='word_1_290' title='bbox 1736 3354 1749 3380; x_wconf 93' lang='lat'><strong>,</strong></span> <span class='ocrx_word' id='word_1_291' title='bbox 1778 3323 1843 3367; x_wconf 78' lang='lat' dir='ltr'><strong>&#39;et</strong></span> <span class='ocrx_word' id='word_1_292' title='bbox 1873 3315 2092 3368; x_wconf 86' lang='lat' dir='ltr'><strong>immor-</strong></span> 
     </span>
    </p>
   </div>
   <div class='ocr_carea' id='block_1_35' title="bbox 1447 294 2125 354">
    <p class='ocr_par' dir='ltr' id='par_1_35' title="bbox 1447 294 2125 354">
     <span class='ocr_line' id='line_1_35' title="bbox 1447 294 2125 354; baseline -0.003 -3"><span class='ocrx_word' id='word_1_293' title='bbox 1447 297 1510 352; x_wconf 73' lang='lat' dir='ltr'><strong>lN</strong></span> <span class='ocrx_word' id='word_1_294' title='bbox 1549 296 1860 354; x_wconf 72' lang='lat' dir='ltr'><strong>.IOANNEM</strong></span> <span class='ocrx_word' id='word_1_295' title='bbox 1903 294 2125 351; x_wconf 83' lang='lat' dir='ltr'><strong>ll0.\lll..</strong></span> 
     </span>
    </p>
   </div>
   <div class='ocr_carea' id='block_1_36' title="bbox 2172 296 3749 365">
    <p class='ocr_par' dir='ltr' id='par_1_36' title="bbox 2172 296 3749 365">
     <span class='ocr_line' id='line_1_36' title="bbox 2172 296 3749 365; baseline 0.01 -15"><span class='ocrx_word' id='word_1_296' title='bbox 2172 296 2355 353; x_wconf 73' lang='lat' dir='ltr'><strong>LXIV.</strong></span> <span class='ocrx_word' id='word_1_297' title='bbox 2396 299 2465 354; x_wconf 87' lang='lat' dir='ltr'><strong>al.</strong></span> <span class='ocrx_word' id='word_1_298' title='bbox 2509 299 2695 356; x_wconf 71' lang='lat' dir='ltr'><strong>LXIII.</strong></span> <span class='ocrx_word' id='word_1_299' title='bbox 3650 309 3749 365; x_wconf 67' lang='grc'><strong>351</strong></span> 
     </span>
    </p>
   </div>
   <div class='ocr_carea' id='block_1_37' title="bbox 2165 407 3747 479">
    <p class='ocr_par' dir='ltr' id='par_1_37' title="bbox 2165 407 3747 479">
     <span class='ocr_line' id='line_1_37' title="bbox 2165 407 3747 479; baseline 0.009 -20"><span class='ocrx_word' id='word_1_300' title='bbox 2165 408 2267 461; x_wconf 86' lang='lat' dir='ltr'><strong>tale</strong></span> <span class='ocrx_word' id='word_1_301' title='bbox 2289 407 2513 462; x_wconf 83' lang='lat' dir='ltr'><strong>aﬂ&#39;erens</strong></span> <span class='ocrx_word' id='word_1_302' title='bbox 2544 410 2883 479; x_wconf 88' lang='lat' dir='ltr'><strong>supplicium.</strong></span> <span class='ocrx_word' id='word_1_303' title='bbox 2916 411 2983 466; x_wconf 78' lang='lat' dir='ltr'><strong>Et</strong></span> <span class='ocrx_word' id='word_1_304' title='bbox 3010 412 3066 466; x_wconf 91' lang='lat' dir='ltr'><strong>in</strong></span> <span class='ocrx_word' id='word_1_305' title='bbox 3097 411 3197 467; x_wconf 86' lang='lat' dir='ltr'><strong>hac</strong></span> <span class='ocrx_word' id='word_1_306' title='bbox 3222 416 3636 475; x_wconf 83' lang='lat' dir='ltr'><strong>vitainnumera</strong></span> <span class='ocrx_word' id='word_1_307' title='bbox 3664 431 3747 474; x_wconf 83' lang='lat' dir='ltr'><strong>at-</strong></span> 
     </span>
    </p>
   </div>
   <div class='ocr_carea' id='block_1_38' title="bbox 2168 492 3747 580">
    <p class='ocr_par' dir='ltr' id='par_1_38' title="bbox 2168 492 3747 580">
     <span class='ocr_line' id='line_1_38' title="bbox 2168 492 3747 580; baseline 0.009 -29"><span class='ocrx_word' id='word_1_308' title='bbox 2168 499 2330 553; x_wconf 85' lang='lat' dir='ltr'><strong>trahit</strong></span> <span class='ocrx_word' id='word_1_309' title='bbox 2366 501 2499 552; x_wconf 83' lang='lat' dir='ltr'><strong>mala</strong></span> <span class='ocrx_word' id='word_1_310' title='bbox 2524 541 2537 563; x_wconf 91' lang='lat'><strong>,</strong></span> <span class='ocrx_word' id='word_1_311' title='bbox 2573 492 2732 555; x_wconf 73' lang='lat' dir='ltr'><strong>vitam</strong></span> <span class='ocrx_word' id='word_1_312' title='bbox 2783 502 3056 570; x_wconf 88' lang='lat' dir='ltr'><strong>miseram,</strong></span> <span class='ocrx_word' id='word_1_313' title='bbox 3105 519 3203 560; x_wconf 87' lang='lat' dir='ltr'><strong>nec</strong></span> <span class='ocrx_word' id='word_1_314' title='bbox 3243 507 3517 564; x_wconf 89' lang='lat' dir='ltr'><strong>meliorem</strong></span> <span class='ocrx_word' id='word_1_315' title='bbox 3546 549 3561 574; x_wconf 95' lang='lat'><strong>,</strong></span> <span class='ocrx_word' id='word_1_316' title='bbox 3592 527 3747 580; x_wconf 86' lang='lat' dir='ltr'><strong>quam</strong></span> 
     </span>
    </p>
   </div>
   <div class='ocr_carea' id='block_1_39' title="bbox 2165 591 3743 660">
    <p class='ocr_par' dir='ltr' id='par_1_39' title="bbox 2165 591 3743 660">
     <span class='ocr_line' id='line_1_39' title="bbox 2165 591 3743 660; baseline 0.009 -19"><span class='ocrx_word' id='word_1_317' title='bbox 2165 603 2348 642; x_wconf 88' lang='lat' dir='ltr'><strong>eorum</strong></span> <span class='ocrx_word' id='word_1_318' title='bbox 2376 591 2465 659; x_wconf 92' lang='lat' dir='ltr'><strong>qui</strong></span> <span class='ocrx_word' id='word_1_319' title='bbox 2496 591 2758 659; x_wconf 86' lang='lat' dir='ltr'><strong>supplicio</strong></span> <span class='ocrx_word' id='word_1_320' title='bbox 2798 591 3122 660; x_wconf 79' lang='lat' dir='ltr'><strong>afﬁciuntur,</strong></span> <span class='ocrx_word' id='word_1_321' title='bbox 3152 595 3278 649; x_wconf 88' lang='lat' dir='ltr'><strong>dum</strong></span> <span class='ocrx_word' id='word_1_322' title='bbox 3305 598 3354 650; x_wconf 90' lang='lat' dir='ltr'><strong>in</strong></span> <span class='ocrx_word' id='word_1_323' title='bbox 3388 600 3614 655; x_wconf 82' lang='lat' dir='ltr'><strong>alienam</strong></span> <span class='ocrx_word' id='word_1_324' title='bbox 3644 600 3743 655; x_wconf 82' lang='lat' dir='ltr'><strong>du-</strong></span> 
     </span>
    </p>
   </div>
   <div class='ocr_carea' id='block_1_40' title="bbox 2168 679 3821 761">
    <p class='ocr_par' dir='ltr' id='par_1_40' title="bbox 2168 679 3821 761">
     <span class='ocr_line' id='line_1_40' title="bbox 2168 679 3821 761; baseline 0.007 -27"><span class='ocrx_word' id='word_1_325' title='bbox 2168 696 2310 734; x_wconf 88' lang='lat' dir='ltr'><strong>tnum</strong></span> <span class='ocrx_word' id='word_1_326' title='bbox 2344 679 2521 734; x_wconf 90' lang='lat' dir='ltr'><strong>furtim</strong></span> <span class='ocrx_word' id='word_1_327' title='bbox 2554 692 2605 735; x_wconf 91' lang='lat' dir='ltr'><strong>et</strong></span> <span class='ocrx_word' id='word_1_328' title='bbox 2635 697 2756 736; x_wconf 91' lang='lat' dir='ltr'><strong>cum</strong></span> <span class='ocrx_word' id='word_1_329' title='bbox 2790 691 3022 738; x_wconf 90' lang='lat' dir='ltr'><strong>tremore</strong></span> <span class='ocrx_word' id='word_1_330' title='bbox 3062 685 3357 755; x_wconf 81' lang='lat' dir='ltr'><strong>ingreditur</strong></span> <span class='ocrx_word' id='word_1_331' title='bbox 3383 730 3398 754; x_wconf 95' lang='lat'><strong>,</strong></span> <span class='ocrx_word' id='word_1_332' title='bbox 3449 703 3751 761; x_wconf 86' lang='lat' dir='ltr'><strong>omnesque</strong></span> <span class='ocrx_word' id='word_1_333' title='bbox 3816 682 3821 687; x_wconf 64' lang='grc'><em>’</em></span> 
     </span>
    </p>
   </div>
   <div class='ocr_carea' id='block_1_41' title="bbox 2169 771 3745 848">
    <p class='ocr_par' dir='ltr' id='par_1_41' title="bbox 2169 771 3745 848">
     <span class='ocr_line' id='line_1_41' title="bbox 2169 771 3745 848; baseline 0.008 -25"><span class='ocrx_word' id='word_1_334' title='bbox 2169 781 2445 839; x_wconf 80' lang='lat' dir='ltr'><strong>suSpectos</strong></span> <span class='ocrx_word' id='word_1_335' title='bbox 2474 771 2631 827; x_wconf 82' lang='lat' dir='ltr'><strong>habet</strong></span> <span class='ocrx_word' id='word_1_336' title='bbox 2657 813 2671 832; x_wconf 86' lang='lat'><em>.</em></span> <span class='ocrx_word' id='word_1_337' title='bbox 2704 782 2808 826; x_wconf 89' lang='lat' dir='ltr'><strong>tam</strong></span> <span class='ocrx_word' id='word_1_338' title='bbox 2838 789 3020 828; x_wconf 82' lang='lat' dir='ltr'><strong>servos</strong></span> <span class='ocrx_word' id='word_1_339' title='bbox 3050 790 3205 843; x_wconf 90' lang='lat' dir='ltr'><strong>quam</strong></span> <span class='ocrx_word' id='word_1_340' title='bbox 3237 777 3451 831; x_wconf 58' lang='lat' dir='ltr'><strong>liberos.</strong></span> <span class='ocrx_word' id='word_1_341' title='bbox 3476 778 3745 848; x_wconf 82' lang='lat' dir='ltr'><strong>Quamob-</strong></span> 
     </span>
    </p>
   </div>
   <div class='ocr_carea' id='block_1_42' title="bbox 2172 863 3774 933">
    <p class='ocr_par' dir='ltr' id='par_1_42' title="bbox 2172 863 3774 933">
     <span class='ocr_line' id='line_1_42' title="bbox 2172 863 3774 933; baseline 0.004 -19"><span class='ocrx_word' id='word_1_342' title='bbox 2172 878 2279 915; x_wconf 88' lang='lat' dir='ltr'><strong>rem</strong></span> <span class='ocrx_word' id='word_1_343' title='bbox 2323 863 2579 928; x_wconf 84' lang='lat' dir='ltr'><strong>ohsecro,</strong></span> <span class='ocrx_word' id='word_1_344' title='bbox 2632 863 2731 918; x_wconf 89' lang='lat' dir='ltr'><strong>hoc</strong></span> <span class='ocrx_word' id='word_1_345' title='bbox 2759 880 2852 917; x_wconf 85' lang='lat' dir='ltr'><strong>vos</strong></span> <span class='ocrx_word' id='word_1_346' title='bbox 2882 865 3134 933; x_wconf 80' lang='lat' dir='ltr'><strong>expedire</strong></span> <span class='ocrx_word' id='word_1_347' title='bbox 3159 867 3346 920; x_wconf 69' lang='lat' dir='ltr'><strong>morbo</strong></span> <span class='ocrx_word' id='word_1_348' title='bbox 3388 870 3604 924; x_wconf 89' lang='lat' dir='ltr'><strong>curetis.</strong></span> <span class='ocrx_word' id='word_1_349' title='bbox 3658 872 3774 927; x_wconf 85' lang='lat' dir='ltr'><strong>Sin.</strong></span> 
     </span>
    </p>
   </div>
   <div class='ocr_carea' id='block_1_43' title="bbox 2172 954 3747 1026">
    <p class='ocr_par' dir='ltr' id='par_1_43' title="bbox 2172 954 3747 1026">
     <span class='ocr_line' id='line_1_43' title="bbox 2172 954 3747 1026; baseline 0.004 -20"><span class='ocrx_word' id='word_1_350' title='bbox 2172 968 2274 1006; x_wconf 84' lang='lat' dir='ltr'><strong>non</strong></span> <span class='ocrx_word' id='word_1_351' title='bbox 2306 954 2708 1022; x_wconf 85' lang='lat' dir='ltr'><strong>obsequamini,</strong></span> <span class='ocrx_word' id='word_1_352' title='bbox 2742 969 2808 1008; x_wconf 92' lang='lat' dir='ltr'><strong>ne</strong></span> <span class='ocrx_word' id='word_1_353' title='bbox 2838 954 2888 1007; x_wconf 93' lang='lat' dir='ltr'><strong>in</strong></span> <span class='ocrx_word' id='word_1_354' title='bbox 2920 969 3069 1008; x_wconf 84' lang='lat' dir='ltr'><strong>sacra</strong></span> <span class='ocrx_word' id='word_1_355' title='bbox 3102 955 3281 1009; x_wconf 86' lang='lat' dir='ltr'><strong>limina</strong></span> <span class='ocrx_word' id='word_1_356' title='bbox 3312 957 3680 1026; x_wconf 84' lang='lat' dir='ltr'><strong>ingrediamini</strong></span> <span class='ocrx_word' id='word_1_357' title='bbox 3707 962 3747 1013; x_wconf 82' lang='grc'>¹.</span> 
     </span>
    </p>
   </div>
   <div class='ocr_carea' id='block_1_44' title="bbox 2171 1045 3751 1117">
    <p class='ocr_par' dir='ltr' id='par_1_44' title="bbox 2171 1045 3751 1117">
     <span class='ocr_line' id='line_1_44' title="bbox 2171 1045 3751 1117; baseline 0.004 -19"><span class='ocrx_word' id='word_1_358' title='bbox 2171 1045 2299 1098; x_wconf 84' lang='lat' dir='ltr'><strong>Nam</strong></span> <span class='ocrx_word' id='word_1_359' title='bbox 2329 1046 2598 1100; x_wconf 79' lang='lat' dir='ltr'><strong>scabiosus</strong></span> <span class='ocrx_word' id='word_1_360' title='bbox 2626 1056 2678 1099; x_wconf 86' lang='lat' dir='ltr'><strong>et</strong></span> <span class='ocrx_word' id='word_1_361' title='bbox 2708 1046 2979 1100; x_wconf 78' lang='lat' dir='ltr'><strong>morbidus</strong></span> <span class='ocrx_word' id='word_1_362' title='bbox 3006 1059 3133 1100; x_wconf 89' lang='lat' dir='ltr'><strong>nves</strong></span> <span class='ocrx_word' id='word_1_363' title='bbox 3161 1062 3263 1099; x_wconf 87' lang='lat' dir='ltr'><strong>non</strong></span> <span class='ocrx_word' id='word_1_364' title='bbox 3293 1057 3507 1117; x_wconf 90' lang='lat' dir='ltr'><strong>oportet</strong></span> <span class='ocrx_word' id='word_1_365' title='bbox 3532 1050 3582 1102; x_wconf 90' lang='lat' dir='ltr'><strong>in</strong></span> <span class='ocrx_word' id='word_1_366' title='bbox 3616 1050 3751 1105; x_wconf 90' lang='lat' dir='ltr'><strong>bene</strong></span> 
     </span>
    </p>
   </div>
   <div class='ocr_carea' id='block_1_45' title="bbox 2173 1135 3751 1207">
    <p class='ocr_par' dir='ltr' id='par_1_45' title="bbox 2173 1135 3751 1207">
     <span class='ocr_line' id='line_1_45' title="bbox 2173 1135 3751 1207; baseline 0.002 -20"><span class='ocrx_word' id='word_1_367' title='bbox 2173 1136 2457 1189; x_wconf 81' lang='lat' dir='ltr'><strong>valentium</strong></span> <span class='ocrx_word' id='word_1_368' title='bbox 2482 1150 2641 1205; x_wconf 79' lang='lat' dir='ltr'><strong>grege</strong></span> <span class='ocrx_word' id='word_1_369' title='bbox 2668 1137 2870 1190; x_wconf 69' lang='lat' dir='ltr'><strong>versari</strong></span> <span class='ocrx_word' id='word_1_370' title='bbox 2894 1179 2907 1199; x_wconf 90' lang='lat'><strong>,</strong></span> <span class='ocrx_word' id='word_1_371' title='bbox 2941 1136 3034 1189; x_wconf 81' lang='lat' dir='ltr'><strong>sed</strong></span> <span class='ocrx_word' id='word_1_372' title='bbox 3061 1135 3129 1188; x_wconf 90' lang='lat' dir='ltr'><strong>ab</strong></span> <span class='ocrx_word' id='word_1_373' title='bbox 3152 1137 3277 1190; x_wconf 88' lang='lat' dir='ltr'><strong>ovili</strong></span> <span class='ocrx_word' id='word_1_374' title='bbox 3305 1137 3578 1207; x_wconf 65' lang='lat' dir='ltr'><strong>exigendm</strong></span> <span class='ocrx_word' id='word_1_375' title='bbox 3608 1149 3751 1202; x_wconf 87' lang='lat' dir='ltr'><strong>sunt,</strong></span> 
     </span>
    </p>
   </div>
   <div class='ocr_carea' id='block_1_46' title="bbox 2172 1225 3755 1295">
    <p class='ocr_par' dir='ltr' id='par_1_46' title="bbox 2172 1225 3755 1295">
     <span class='ocr_line' id='line_1_46' title="bbox 2172 1225 3755 1295; baseline 0.002 -14"><span class='ocrx_word' id='word_1_376' title='bbox 2172 1227 2341 1281; x_wconf 79' lang='lat' dir='ltr'><strong>donec</strong></span> <span class='ocrx_word' id='word_1_377' title='bbox 2385 1227 2627 1281; x_wconf 86' lang='lat' dir='ltr'><strong>morbum</strong></span> <span class='ocrx_word' id='word_1_378' title='bbox 2654 1225 2944 1295; x_wconf 87' lang='lat' dir='ltr'><strong>deponant.</strong></span> <span class='ocrx_word' id='word_1_379' title='bbox 2987 1227 3117 1280; x_wconf 86' lang='lat' dir='ltr'><strong>Nam</strong></span> <span class='ocrx_word' id='word_1_380' title='bbox 3160 1227 3399 1282; x_wconf 88' lang='lat' dir='ltr'><strong>membra</strong></span> <span class='ocrx_word' id='word_1_381' title='bbox 3435 1228 3632 1284; x_wconf 84' lang='lat' dir='ltr'><strong>Christi</strong></span> <span class='ocrx_word' id='word_1_382' title='bbox 3659 1246 3755 1284; x_wconf 80' lang='lat' dir='ltr'><strong>su—</strong></span> 
     </span>
    </p>
   </div>
   <div class='ocr_carea' id='block_1_47' title="bbox 2174 1315 3747 1373">
    <p class='ocr_par' dir='ltr' id='par_1_47' title="bbox 2174 1315 3747 1373">
     <span class='ocr_line' id='line_1_47' title="bbox 2174 1315 3747 1373; baseline 0.001 -2"><span class='ocrx_word' id='word_1_383' title='bbox 2174 1333 2293 1372; x_wconf 88' lang='lat' dir='ltr'><strong>mus</strong></span> <span class='ocrx_word' id='word_1_384' title='bbox 2320 1334 2333 1371; x_wconf 93' lang='lat'>:</span> <span class='ocrx_word' id='word_1_385' title='bbox 2374 1332 2441 1372; x_wconf 92' lang='lat' dir='ltr'><strong>ne</strong></span> <span class='ocrx_word' id='word_1_386' title='bbox 2468 1315 2766 1371; x_wconf 84' lang='lat' dir='ltr'><strong>efiiciamur</strong></span> <span class='ocrx_word' id='word_1_387' title='bbox 2793 1318 3029 1371; x_wconf 86' lang='lat' dir='ltr'><strong>membra</strong></span> <span class='ocrx_word' id='word_1_388' title='bbox 3058 1318 3377 1372; x_wconf 89' lang='lat' dir='ltr'><strong>meretricis.</strong></span> <span class='ocrx_word' id='word_1_389' title='bbox 3408 1317 3521 1373; x_wconf 89' lang='lat' dir='ltr'><strong>Non</strong></span> <span class='ocrx_word' id='word_1_390' title='bbox 3552 1328 3631 1373; x_wconf 90' lang='lat' dir='ltr'><strong>est</strong></span> <span class='ocrx_word' id='word_1_391' title='bbox 3664 1320 3747 1373; x_wconf 92' lang='lat' dir='ltr'><strong>lu-</strong></span> 
     </span>
    </p>
   </div>
   <div class='ocr_carea' id='block_1_48' title="bbox 2177 1408 3752 1478">
    <p class='ocr_par' dir='ltr' id='par_1_48' title="bbox 2177 1408 3752 1478">
     <span class='ocr_line' id='line_1_48' title="bbox 2177 1408 3752 1478; baseline 0.004 -17"><span class='ocrx_word' id='word_1_392' title='bbox 2177 1425 2341 1478; x_wconf 86' lang='lat' dir='ltr'><strong>panar</strong></span> <span class='ocrx_word' id='word_1_393' title='bbox 2382 1408 2468 1464; x_wconf 88' lang='lat' dir='ltr'><strong>hic</strong></span> <span class='ocrx_word' id='word_1_394' title='bbox 2514 1409 2692 1474; x_wconf 90' lang='lat' dir='ltr'><strong>locus,</strong></span> <span class='ocrx_word' id='word_1_395' title='bbox 2736 1408 2830 1463; x_wconf 90' lang='lat' dir='ltr'><strong>sed</strong></span> <span class='ocrx_word' id='word_1_396' title='bbox 2878 1409 3124 1463; x_wconf 85' lang='lat' dir='ltr'><strong>ecclesia.</strong></span> <span class='ocrx_word' id='word_1_397' title='bbox 3167 1409 3222 1463; x_wconf 89' lang='lat' dir='ltr'><strong>Si</strong></span> <span class='ocrx_word' id='word_1_398' title='bbox 3252 1411 3546 1466; x_wconf 86' lang='lat' dir='ltr'><strong>membrum</strong></span> <span class='ocrx_word' id='word_1_399' title='bbox 3578 1427 3752 1467; x_wconf 87' lang='lat' dir='ltr'><strong>mere-</strong></span> 
     </span>
    </p>
   </div>
   <div class='ocr_carea' id='block_1_49' title="bbox 2179 1499 3759 1565">
    <p class='ocr_par' dir='ltr' id='par_1_49' title="bbox 2179 1499 3759 1565">
     <span class='ocr_line' id='line_1_49' title="bbox 2179 1499 3759 1565; baseline 0.001 -10"><span class='ocrx_word' id='word_1_400' title='bbox 2179 1503 2324 1555; x_wconf 86' lang='lat' dir='ltr'><strong>tricis</strong></span> <span class='ocrx_word' id='word_1_401' title='bbox 2370 1500 2565 1554; x_wconf 88' lang='lat' dir='ltr'><strong>habeas</strong></span> <span class='ocrx_word' id='word_1_402' title='bbox 2587 1539 2606 1563; x_wconf 84' lang='lat'><strong>,</strong></span> <span class='ocrx_word' id='word_1_403' title='bbox 2656 1514 2723 1553; x_wconf 89' lang='lat' dir='ltr'><strong>ne</strong></span> <span class='ocrx_word' id='word_1_404' title='bbox 2753 1507 2862 1553; x_wconf 89' lang='lat' dir='ltr'><strong>stes</strong></span> <span class='ocrx_word' id='word_1_405' title='bbox 2891 1500 2942 1552; x_wconf 91' lang='lat' dir='ltr'><strong>in</strong></span> <span class='ocrx_word' id='word_1_406' title='bbox 2970 1499 3194 1553; x_wconf 79' lang='lat' dir='ltr'><strong>ecclesia</strong></span> <span class='ocrx_word' id='word_1_407' title='bbox 3220 1541 3234 1565; x_wconf 89' lang='lat'><strong>,</strong></span> <span class='ocrx_word' id='word_1_408' title='bbox 3268 1515 3335 1555; x_wconf 91' lang='lat' dir='ltr'><strong>ne</strong></span> <span class='ocrx_word' id='word_1_409' title='bbox 3372 1501 3543 1555; x_wconf 90' lang='lat' dir='ltr'><strong>locum</strong></span> <span class='ocrx_word' id='word_1_410' title='bbox 3570 1513 3759 1557; x_wconf 85' lang='lat' dir='ltr'><strong>contu-</strong></span> 
     </span>
    </p>
   </div>
   <div class='ocr_carea' id='block_1_50' title="bbox 2179 1588 3754 1660">
    <p class='ocr_par' dir='ltr' id='par_1_50' title="bbox 2179 1588 3754 1660">
     <span class='ocr_line' id='line_1_50' title="bbox 2179 1588 3754 1660; baseline 0.002 -15"><span class='ocrx_word' id='word_1_411' title='bbox 2179 1592 2334 1645; x_wconf 84' lang='lat' dir='ltr'><strong>mella</strong></span> <span class='ocrx_word' id='word_1_412' title='bbox 2360 1588 2583 1644; x_wconf 81' lang='lat' dir='ltr'><strong>afficias.</strong></span> <span class='ocrx_word' id='word_1_413' title='bbox 2633 1590 2852 1643; x_wconf 87' lang='lat' dir='ltr'><strong>Etiamsi</strong></span> <span class='ocrx_word' id='word_1_414' title='bbox 2882 1591 3022 1643; x_wconf 91' lang='lat' dir='ltr'><strong>enim</strong></span> <span class='ocrx_word' id='word_1_415' title='bbox 3054 1590 3295 1660; x_wconf 84' lang='lat' dir='ltr'><strong>geltenna</strong></span> <span class='ocrx_word' id='word_1_416' title='bbox 3327 1592 3468 1647; x_wconf 86' lang='lat' dir='ltr'><strong>nulla</strong></span> <span class='ocrx_word' id='word_1_417' title='bbox 3493 1634 3510 1660; x_wconf 92' lang='lat'><strong>,</strong></span> <span class='ocrx_word' id='word_1_418' title='bbox 3550 1596 3754 1648; x_wconf 88' lang='lat' dir='ltr'><strong>nullum</strong></span> 
     </span>
    </p>
   </div>
   <div class='ocr_carea' id='block_1_51' title="bbox 2180 1682 3759 1755">
    <p class='ocr_par' dir='ltr' id='par_1_51' title="bbox 2180 1682 3759 1755">
     <span class='ocr_line' id='line_1_51' title="bbox 2180 1682 3759 1755; baseline 0.003 -20"><span class='ocrx_word' id='word_1_419' title='bbox 2180 1682 2494 1752; x_wconf 89' lang='lat' dir='ltr'><strong>supplicium</strong></span> <span class='ocrx_word' id='word_1_420' title='bbox 2540 1690 2717 1746; x_wconf 89' lang='lat' dir='ltr'><strong>esset,</strong></span> <span class='ocrx_word' id='word_1_421' title='bbox 2770 1689 2889 1749; x_wconf 92' lang='lat' dir='ltr'><strong>post</strong></span> <span class='ocrx_word' id='word_1_422' title='bbox 2921 1690 3069 1750; x_wconf 88' lang='lat' dir='ltr'><strong>pacta</strong></span> <span class='ocrx_word' id='word_1_423' title='bbox 3101 1682 3188 1735; x_wconf 83' lang='lat' dir='ltr'><strong>illa</strong></span> <span class='ocrx_word' id='word_1_424' title='bbox 3215 1692 3265 1736; x_wconf 90' lang='lat' dir='ltr'><strong>et</strong></span> <span class='ocrx_word' id='word_1_425' title='bbox 3298 1684 3561 1755; x_wconf 85' lang='lat' dir='ltr'><strong>nuptiales</strong></span> <span class='ocrx_word' id='word_1_426' title='bbox 3588 1686 3759 1740; x_wconf 82' lang='lat' dir='ltr'><strong>lucer—</strong></span> 
     </span>
    </p>
   </div>
   <div class='ocr_carea' id='block_1_52' title="bbox 2181 1771 3756 1843">
    <p class='ocr_par' dir='ltr' id='par_1_52' title="bbox 2181 1771 3756 1843">
     <span class='ocr_line' id='line_1_52' title="bbox 2181 1771 3756 1843; baseline 0.002 -17"><span class='ocrx_word' id='word_1_427' title='bbox 2181 1787 2303 1835; x_wconf 87' lang='lat' dir='ltr'><strong>nas,</strong></span> <span class='ocrx_word' id='word_1_428' title='bbox 2337 1771 2669 1843; x_wconf 88' lang='lat' dir='ltr'><strong>postjustum</strong></span> <span class='ocrx_word' id='word_1_429' title='bbox 2688 1772 2882 1826; x_wconf 89' lang='lat' dir='ltr'><strong>lectum</strong></span> <span class='ocrx_word' id='word_1_430' title='bbox 2907 1779 2962 1826; x_wconf 91' lang='lat' dir='ltr'><strong>et</strong></span> <span class='ocrx_word' id='word_1_431' title='bbox 2989 1772 3279 1827; x_wconf 89' lang='lat' dir='ltr'><strong>liberorum</strong></span> <span class='ocrx_word' id='word_1_432' title='bbox 3307 1776 3756 1843; x_wconf 86' lang='lat' dir='ltr'><strong>procreationem,</strong></span> 
     </span>
    </p>
   </div>
   <div class='ocr_carea' id='block_1_53' title="bbox 2184 1861 3765 1935">
    <p class='ocr_par' dir='ltr' id='par_1_53' title="bbox 2184 1861 3765 1935">
     <span class='ocr_line' id='line_1_53' title="bbox 2184 1861 3765 1935; baseline 0.003 -21"><span class='ocrx_word' id='word_1_433' title='bbox 2184 1871 2301 1932; x_wconf 85' lang='lat' dir='ltr'><strong>post</strong></span> <span class='ocrx_word' id='word_1_434' title='bbox 2330 1862 2438 1917; x_wconf 88' lang='lat' dir='ltr'><strong>tale</strong></span> <span class='ocrx_word' id='word_1_435' title='bbox 2462 1861 2816 1926; x_wconf 84' lang='lat' dir='ltr'><strong>consortium,</strong></span> <span class='ocrx_word' id='word_1_436' title='bbox 2841 1861 3110 1931; x_wconf 87' lang='lat' dir='ltr'><strong>quomodo</strong></span> <span class='ocrx_word' id='word_1_437' title='bbox 3126 1861 3289 1917; x_wconf 88' lang='lat' dir='ltr'><strong>audes</strong></span> <span class='ocrx_word' id='word_1_438' title='bbox 3315 1863 3467 1918; x_wconf 88' lang='lat' dir='ltr'><strong>alteri</strong></span> <span class='ocrx_word' id='word_1_439' title='bbox 3493 1865 3765 1935; x_wconf 81' lang='lat' dir='ltr'><strong>copulari?</strong></span> 
     </span>
    </p>
   </div>
   <div class='ocr_carea' id='block_1_54' title="bbox 2182 1951 3761 2024">
    <p class='ocr_par' dir='ltr' id='par_1_54' title="bbox 2182 1951 3761 2024">
     <span class='ocr_line' id='line_1_54' title="bbox 2182 1951 3761 2024; baseline 0 -16"><span class='ocrx_word' id='word_1_440' title='bbox 2182 1969 2277 2008; x_wconf 90' lang='lat' dir='ltr'><strong>cur</strong></span> <span class='ocrx_word' id='word_1_441' title='bbox 2306 1968 2410 2008; x_wconf 91' lang='lat' dir='ltr'><strong>non</strong></span> <span class='ocrx_word' id='word_1_442' title='bbox 2437 1952 2638 2007; x_wconf 91' lang='lat' dir='ltr'><strong>vereris</strong></span> <span class='ocrx_word' id='word_1_443' title='bbox 2659 1992 2674 2018; x_wconf 96' lang='lat'><strong>,</strong></span> <span class='ocrx_word' id='word_1_444' title='bbox 2708 1967 2806 2007; x_wconf 89' lang='lat' dir='ltr'><strong>nec</strong></span> <span class='ocrx_word' id='word_1_445' title='bbox 2835 1951 3152 2006; x_wconf 88' lang='lat' dir='ltr'><strong>erubescis?</strong></span> <span class='ocrx_word' id='word_1_446' title='bbox 3196 1954 3277 2007; x_wconf 85' lang='lat' dir='ltr'><strong>An</strong></span> <span class='ocrx_word' id='word_1_447' title='bbox 3308 1953 3523 2022; x_wconf 78' lang='lat' dir='ltr'><strong>ignoras</strong></span> <span class='ocrx_word' id='word_1_448' title='bbox 3549 1969 3644 2009; x_wconf 88' lang='lat' dir='ltr'><strong>ens</strong></span> <span class='ocrx_word' id='word_1_449' title='bbox 3670 1955 3761 2024; x_wconf 87' lang='lat' dir='ltr'><strong>qui</strong></span> 
     </span>
    </p>
   </div>
   <div class='ocr_carea' id='block_1_55' title="bbox 2186 2042 3763 2114">
    <p class='ocr_par' dir='ltr' id='par_1_55' title="bbox 2186 2042 3763 2114">
     <span class='ocr_line' id='line_1_55' title="bbox 2186 2042 3763 2114; baseline 0.001 -16"><span class='ocrx_word' id='word_1_450' title='bbox 2186 2060 2217 2113; x_wconf 92' lang='lat' dir='ltr'><strong>p</strong></span> <span class='ocrx_word' id='word_1_451' title='bbox 2254 2053 2302 2098; x_wconf 87' lang='lat' dir='ltr'><strong>st</strong></span> <span class='ocrx_word' id='word_1_452' title='bbox 2334 2044 2515 2100; x_wconf 86' lang='lat' dir='ltr'><strong>uxoris</strong></span> <span class='ocrx_word' id='word_1_453' title='bbox 2543 2051 2767 2097; x_wconf 89' lang='lat' dir='ltr'><strong>mortem</strong></span> <span class='ocrx_word' id='word_1_454' title='bbox 2794 2084 2809 2109; x_wconf 96' lang='lat'><strong>,</strong></span> <span class='ocrx_word' id='word_1_455' title='bbox 2842 2044 3001 2097; x_wconf 89' lang='lat' dir='ltr'><strong>aliam</strong></span> <span class='ocrx_word' id='word_1_456' title='bbox 3029 2042 3266 2109; x_wconf 92' lang='lat' dir='ltr'><strong>ducunt,</strong></span> <span class='ocrx_word' id='word_1_457' title='bbox 3293 2058 3322 2097; x_wconf 92' lang='lat' dir='ltr'><strong>a</strong></span> <span class='ocrx_word' id='word_1_458' title='bbox 3352 2044 3532 2098; x_wconf 89' lang='lat' dir='ltr'><strong>multis</strong></span> <span class='ocrx_word' id='word_1_459' title='bbox 3558 2045 3763 2114; x_wconf 89' lang='lat' dir='ltr'><strong>impro-</strong></span> 
     </span>
    </p>
   </div>
   <div class='ocr_carea' id='block_1_56' title="bbox 2186 2134 3762 2206">
    <p class='ocr_par' dir='ltr' id='par_1_56' title="bbox 2186 2134 3762 2206">
     <span class='ocr_line' id='line_1_56' title="bbox 2186 2134 3762 2206; baseline 0 -15"><span class='ocrx_word' id='word_1_460' title='bbox 2186 2138 2295 2191; x_wconf 82' lang='lat' dir='ltr'><strong>bari</strong></span> <span class='ocrx_word' id='word_1_461' title='bbox 2313 2180 2329 2203; x_wconf 94' lang='lat'><strong>,</strong></span> <span class='ocrx_word' id='word_1_462' title='bbox 2367 2136 2571 2191; x_wconf 87' lang='lat' dir='ltr'><strong>etiamsi</strong></span> <span class='ocrx_word' id='word_1_463' title='bbox 2598 2150 2783 2206; x_wconf 64' lang='lat' dir='ltr'><strong>poenas</strong></span> <span class='ocrx_word' id='word_1_464' title='bbox 2806 2146 2913 2189; x_wconf 85' lang='lat' dir='ltr'><strong>non</strong></span> <span class='ocrx_word' id='word_1_465' title='bbox 2938 2134 3111 2190; x_wconf 88' lang='lat' dir='ltr'><strong>daturi</strong></span> <span class='ocrx_word' id='word_1_466' title='bbox 3139 2136 3280 2189; x_wconf 79' lang='lat' dir='ltr'><strong>sint?</strong></span> <span class='ocrx_word' id='word_1_467' title='bbox 3302 2135 3384 2190; x_wconf 87' lang='lat' dir='ltr'><strong>Tu</strong></span> <span class='ocrx_word' id='word_1_468' title='bbox 3408 2151 3535 2191; x_wconf 88' lang='lat' dir='ltr'><strong>vero</strong></span> <span class='ocrx_word' id='word_1_469' title='bbox 3559 2178 3574 2202; x_wconf 95' lang='lat'><strong>,</strong></span> <span class='ocrx_word' id='word_1_470' title='bbox 3602 2152 3762 2191; x_wconf 81' lang='lat' dir='ltr'><strong>uxore</strong></span> 
     </span>
    </p>
   </div>
   <div class='ocr_carea' id='block_1_57' title="bbox 2184 2226 3766 2300">
    <p class='ocr_par' dir='ltr' id='par_1_57' title="bbox 2184 2226 3766 2300">
     <span class='ocr_line' id='line_1_57' title="bbox 2184 2226 3766 2300; baseline -0.002 -15"><span class='ocrx_word' id='word_1_471' title='bbox 2184 2229 2501 2300; x_wconf 81' lang='lat' dir='ltr'><strong>superstite,</strong></span> <span class='ocrx_word' id='word_1_472' title='bbox 2531 2229 2688 2282; x_wconf 88' lang='lat' dir='ltr'><strong>aliam</strong></span> <span class='ocrx_word' id='word_1_473' title='bbox 2716 2227 2943 2282; x_wconf 89' lang='lat' dir='ltr'><strong>inducis.</strong></span> <span class='ocrx_word' id='word_1_474' title='bbox 2988 2226 3169 2296; x_wconf 86' lang='lat' dir='ltr'><strong>Ecqua</strong></span> <span class='ocrx_word' id='word_1_475' title='bbox 3197 2235 3279 2282; x_wconf 92' lang='lat' dir='ltr'><strong>est</strong></span> <span class='ocrx_word' id='word_1_476' title='bbox 3304 2227 3390 2282; x_wconf 88' lang='lat' dir='ltr'><strong>illa</strong></span> <span class='ocrx_word' id='word_1_477' title='bbox 3435 2228 3766 2282; x_wconf 86' lang='lat' dir='ltr'><strong>incontinen-</strong></span> 
     </span>
    </p>
   </div>
   <div class='ocr_carea' id='block_1_58' title="bbox 2188 2318 3764 2391">
    <p class='ocr_par' dir='ltr' id='par_1_58' title="bbox 2188 2318 3764 2391">
     <span class='ocr_line' id='line_1_58' title="bbox 2188 2318 3764 2391; baseline -0.004 -13"><span class='ocrx_word' id='word_1_478' title='bbox 2188 2325 2298 2378; x_wconf 78' lang='lat' dir='ltr'><strong>tia&#39;.’</strong></span> <span class='ocrx_word' id='word_1_479' title='bbox 2331 2323 2483 2378; x_wconf 87' lang='lat' dir='ltr'><strong>Disce</strong></span> <span class='ocrx_word' id='word_1_480' title='bbox 2519 2336 2637 2391; x_wconf 76' lang='lat' dir='ltr'><strong>qua:</strong></span> <span class='ocrx_word' id='word_1_481' title='bbox 2675 2321 2773 2374; x_wconf 89' lang='lat' dir='ltr'><strong>hac</strong></span> <span class='ocrx_word' id='word_1_482' title='bbox 2796 2320 2864 2375; x_wconf 88' lang='lat' dir='ltr'><strong>de</strong></span> <span class='ocrx_word' id='word_1_483' title='bbox 2905 2335 2964 2375; x_wconf 86' lang='lat' dir='ltr'><strong>re</strong></span> <span class='ocrx_word' id='word_1_484' title='bbox 3002 2319 3142 2374; x_wconf 90' lang='lat' dir='ltr'><strong>dicta</strong></span> <span class='ocrx_word' id='word_1_485' title='bbox 3184 2321 3329 2373; x_wconf 87' lang='lat' dir='ltr'><strong>sint:</strong></span> <span class='ocrx_word' id='word_1_486' title='bbox 3369 2318 3564 2373; x_wconf 80' lang='lat' dir='ltr'><strong>Vcrmis</strong></span> <span class='ocrx_word' id='word_1_487' title='bbox 3591 2336 3764 2373; x_wconf 83' lang='lat' dir='ltr'><strong>eorum</strong></span> 
     </span>
    </p>
   </div>
   <div class='ocr_carea' id='block_1_59' title="bbox 2187 2409 3757 2482">
    <p class='ocr_par' dir='ltr' id='par_1_59' title="bbox 2187 2409 3757 2482">
     <span class='ocr_line' id='line_1_59' title="bbox 2187 2409 3757 2482; baseline -0.003 -15"><span class='ocrx_word' id='word_1_488' title='bbox 2187 2432 2284 2468; x_wconf 90' lang='lat' dir='ltr'><strong>non</strong></span> <span class='ocrx_word' id='word_1_489' title='bbox 2308 2414 2564 2479; x_wconf 80' lang='lat' dir='ltr'><strong>morietur,</strong></span> <span class='ocrx_word' id='word_1_490' title='bbox 2599 2421 2644 2467; x_wconf 89' lang='lat' dir='ltr'><strong>et</strong></span> <span class='ocrx_word' id='word_1_491' title='bbox 2666 2411 2796 2482; x_wconf 88' lang='lat' dir='ltr'><strong>ignis</strong></span> <span class='ocrx_word' id='word_1_492' title='bbox 2822 2428 2922 2465; x_wconf 86' lang='lat' dir='ltr'><strong>non</strong></span> <span class='ocrx_word' id='word_1_493' title='bbox 2949 2411 3294 2481; x_wconf 77' lang='lat' dir='ltr'><strong>exstinguetur</strong></span> <span class='ocrx_word' id='word_1_494' title='bbox 3321 2410 3340 2482; x_wconf 93' lang='lat'><strong>(</strong></span> <span class='ocrx_word' id='word_1_495' title='bbox 3367 2409 3527 2463; x_wconf 81' lang='lat' dir='ltr'><strong>Marc.</strong></span> <span class='ocrx_word' id='word_1_496' title='bbox 3562 2411 3614 2464; x_wconf 86' lang='lat'><strong>9.</strong></span> <span class='ocrx_word' id='word_1_497' title='bbox 3642 2411 3757 2481; x_wconf 72' lang='grc'><strong>45).</strong></span> 
     </span>
    </p>
   </div>
   <div class='ocr_carea' id='block_1_60' title="bbox 2189 2500 3769 2575">
    <p class='ocr_par' dir='ltr' id='par_1_60' title="bbox 2189 2500 3769 2575">
     <span class='ocr_line' id='line_1_60' title="bbox 2189 2500 3769 2575; baseline -0.004 -14"><span class='ocrx_word' id='word_1_498' title='bbox 2189 2508 2355 2561; x_wconf 78' lang='lat' dir='ltr'><strong>Minas</strong></span> <span class='ocrx_word' id='word_1_499' title='bbox 2400 2504 2751 2575; x_wconf 85' lang='lat' dir='ltr'><strong>perhorresce</strong></span> <span class='ocrx_word' id='word_1_500' title='bbox 2773 2544 2787 2569; x_wconf 93' lang='lat'><strong>,</strong></span> <span class='ocrx_word' id='word_1_501' title='bbox 2825 2503 2951 2556; x_wconf 91' lang='lat' dir='ltr'><strong>time</strong></span> <span class='ocrx_word' id='word_1_502' title='bbox 2986 2502 3325 2571; x_wconf 83' lang='lat' dir='ltr'><strong>supplicium.</strong></span> <span class='ocrx_word' id='word_1_503' title='bbox 3366 2500 3483 2555; x_wconf 83' lang='lat' dir='ltr'><strong>Non</strong></span> <span class='ocrx_word' id='word_1_504' title='bbox 3514 2511 3594 2555; x_wconf 88' lang='lat' dir='ltr'><strong>est</strong></span> <span class='ocrx_word' id='word_1_505' title='bbox 3624 2510 3769 2555; x_wconf 85' lang='lat' dir='ltr'><strong>tanta</strong></span> 
     </span>
    </p>
   </div>
   <div class='ocr_carea' id='block_1_61' title="bbox 2189 2590 3773 2664">
    <p class='ocr_par' dir='ltr' id='par_1_61' title="bbox 2189 2590 3773 2664">
     <span class='ocr_line' id='line_1_61' title="bbox 2189 2590 3773 2664; baseline -0.004 -15"><span class='ocrx_word' id='word_1_506' title='bbox 2189 2595 2275 2653; x_wconf 88' lang='lat' dir='ltr'><strong>hic</strong></span> <span class='ocrx_word' id='word_1_507' title='bbox 2301 2595 2546 2664; x_wconf 86' lang='lat' dir='ltr'><strong>voluptas</strong></span> <span class='ocrx_word' id='word_1_508' title='bbox 2566 2635 2579 2659; x_wconf 95' lang='lat'><strong>,</strong></span> <span class='ocrx_word' id='word_1_509' title='bbox 2607 2605 2863 2663; x_wconf 89' lang='lat' dir='ltr'><strong>quantum</strong></span> <span class='ocrx_word' id='word_1_510' title='bbox 2894 2591 3004 2646; x_wconf 82' lang='lat' dir='ltr'><strong>illic</strong></span> <span class='ocrx_word' id='word_1_511' title='bbox 3027 2591 3371 2660; x_wconf 87' lang='lat' dir='ltr'><strong>supplicium.</strong></span> <span class='ocrx_word' id='word_1_512' title='bbox 3406 2590 3602 2645; x_wconf 81' lang='lat' dir='ltr'><strong>Verum</strong></span> <span class='ocrx_word' id='word_1_513' title='bbox 3634 2591 3773 2645; x_wconf 88' lang='lat' dir='ltr'><strong>absit</strong></span> 
     </span>
    </p>
   </div>
   <div class='ocr_carea' id='block_1_62' title="bbox 2192 2679 3770 2757">
    <p class='ocr_par' dir='ltr' id='par_1_62' title="bbox 2192 2679 3770 2757">
     <span class='ocr_line' id='line_1_62' title="bbox 2192 2679 3770 2757; baseline -0.004 -16"><span class='ocrx_word' id='word_1_514' title='bbox 2192 2696 2247 2741; x_wconf 94' lang='lat' dir='ltr'><strong>ut</strong></span> <span class='ocrx_word' id='word_1_515' title='bbox 2272 2687 2392 2757; x_wconf 91' lang='lat' dir='ltr'><strong>quis</strong></span> <span class='ocrx_word' id='word_1_516' title='bbox 2418 2686 2506 2740; x_wconf 88' lang='lat' dir='ltr'><strong>tali</strong></span> <span class='ocrx_word' id='word_1_517' title='bbox 2537 2684 2605 2738; x_wconf 92' lang='lat' dir='ltr'><strong>sit</strong></span> <span class='ocrx_word' id='word_1_518' title='bbox 2629 2683 2891 2738; x_wconf 82' lang='lat' dir='ltr'><strong>obnoxius</strong></span> <span class='ocrx_word' id='word_1_519' title='bbox 2929 2680 3222 2751; x_wconf 90' lang='lat' dir='ltr'><strong>supplicio;</strong></span> <span class='ocrx_word' id='word_1_520' title='bbox 3271 2679 3365 2735; x_wconf 90' lang='lat' dir='ltr'><strong>sed</strong></span> <span class='ocrx_word' id='word_1_521' title='bbox 3415 2680 3613 2735; x_wconf 90' lang='lat' dir='ltr'><strong>utinam</strong></span> <span class='ocrx_word' id='word_1_522' title='bbox 3644 2697 3770 2735; x_wconf 75' lang='lat' dir='ltr'><strong>san—</strong></span> 
     </span>
    </p>
   </div>
   <div class='ocr_carea' id='block_1_63' title="bbox 2189 2769 3773 2840">
    <p class='ocr_par' dir='ltr' id='par_1_63' title="bbox 2189 2769 3773 2840">
     <span class='ocr_line' id='line_1_63' title="bbox 2189 2769 3773 2840; baseline -0.006 -7"><span class='ocrx_word' id='word_1_523' title='bbox 2189 2780 2428 2834; x_wconf 88' lang='lat' dir='ltr'><strong>ctitatem</strong></span> <span class='ocrx_word' id='word_1_524' title='bbox 2462 2783 2728 2831; x_wconf 90' lang='lat' dir='ltr'><strong>sectantes</strong></span> <span class='ocrx_word' id='word_1_525' title='bbox 2766 2772 3039 2827; x_wconf 83' lang='lat' dir='ltr'><strong>videamus</strong></span> <span class='ocrx_word' id='word_1_526' title='bbox 3068 2769 3360 2837; x_wconf 88' lang='lat' dir='ltr'><strong>Christum,</strong></span> <span class='ocrx_word' id='word_1_527' title='bbox 3398 2778 3453 2824; x_wconf 92' lang='lat' dir='ltr'><strong>et</strong></span> <span class='ocrx_word' id='word_1_528' title='bbox 3498 2770 3773 2840; x_wconf 84' lang='lat' dir='ltr'><strong>promissis</strong></span> 
     </span>
    </p>
   </div>
   <div class='ocr_carea' id='block_1_64' title="bbox 2192 2860 3771 2935">
    <p class='ocr_par' dir='ltr' id='par_1_64' title="bbox 2192 2860 3771 2935">
     <span class='ocr_line' id='line_1_64' title="bbox 2192 2860 3771 2935; baseline -0.008 -10"><span class='ocrx_word' id='word_1_529' title='bbox 2192 2870 2430 2925; x_wconf 89' lang='lat' dir='ltr'><strong>fruamur</strong></span> <span class='ocrx_word' id='word_1_530' title='bbox 2468 2867 2623 2921; x_wconf 64' lang='lat' dir='ltr'><strong>bonis</strong></span> <span class='ocrx_word' id='word_1_531' title='bbox 2653 2882 2664 2917; x_wconf 91' lang='lat'>:</span> <span class='ocrx_word' id='word_1_532' title='bbox 2692 2879 2811 2935; x_wconf 62' lang='lat' dir='ltr'><strong>quae</strong></span> <span class='ocrx_word' id='word_1_533' title='bbox 2866 2876 2962 2917; x_wconf 91' lang='lat' dir='ltr'><strong>nos</strong></span> <span class='ocrx_word' id='word_1_534' title='bbox 2995 2875 3180 2915; x_wconf 87' lang='lat' dir='ltr'><strong>omnes</strong></span> <span class='ocrx_word' id='word_1_535' title='bbox 3211 2860 3420 2929; x_wconf 87' lang='lat' dir='ltr'><strong>assequi</strong></span> <span class='ocrx_word' id='word_1_536' title='bbox 3465 2862 3771 2930; x_wconf 82' lang='lat' dir='ltr'><strong>contingat,</strong></span> 
     </span>
    </p>
   </div>
   <div class='ocr_carea' id='block_1_65' title="bbox 2191 2949 3775 3032">
    <p class='ocr_par' dir='ltr' id='par_1_65' title="bbox 2191 2949 3775 3032">
     <span class='ocr_line' id='line_1_65' title="bbox 2191 2949 3775 3032; baseline -0.007 -18"><span class='ocrx_word' id='word_1_537' title='bbox 2191 2959 2361 3032; x_wconf 89' lang='lat' dir='ltr'><strong>gratia</strong></span> <span class='ocrx_word' id='word_1_538' title='bbox 2386 2969 2437 3012; x_wconf 90' lang='lat' dir='ltr'><strong>et</strong></span> <span class='ocrx_word' id='word_1_539' title='bbox 2468 2956 2796 3025; x_wconf 88' lang='lat' dir='ltr'><strong>benignitate</strong></span> <span class='ocrx_word' id='word_1_540' title='bbox 2828 2952 3033 3006; x_wconf 89' lang='lat' dir='ltr'><strong>Domini</strong></span> <span class='ocrx_word' id='word_1_541' title='bbox 3076 2951 3243 3004; x_wconf 90' lang='lat' dir='ltr'><strong>nostri</strong></span> <span class='ocrx_word' id='word_1_542' title='bbox 3276 2950 3403 3005; x_wconf 83' lang='lat' dir='ltr'><strong>.lesu</strong></span> <span class='ocrx_word' id='word_1_543' title='bbox 3430 2949 3627 3005; x_wconf 85' lang='lat' dir='ltr'><strong>Christi</strong></span> <span class='ocrx_word' id='word_1_544' title='bbox 3658 2951 3775 3014; x_wconf 87' lang='lat' dir='ltr'><strong>qui-</strong></span> 
     </span>
    </p>
   </div>
   <div class='ocr_carea' id='block_1_66' title="bbox 2193 3040 3792 3117">
    <p class='ocr_par' dir='ltr' id='par_1_66' title="bbox 2193 3040 3792 3117">
     <span class='ocr_line' id='line_1_66' title="bbox 2193 3040 3792 3117; baseline -0.008 -10"><span class='ocrx_word' id='word_1_545' title='bbox 2193 3065 2314 3108; x_wconf 89' lang='lat' dir='ltr'><strong>cum</strong></span> <span class='ocrx_word' id='word_1_546' title='bbox 2356 3048 2496 3104; x_wconf 87' lang='lat' dir='ltr'><strong>Patri</strong></span> <span class='ocrx_word' id='word_1_547' title='bbox 2522 3047 2687 3117; x_wconf 84' lang='lat' dir='ltr'><strong>gloria</strong></span> <span class='ocrx_word' id='word_1_548' title='bbox 2722 3059 2931 3113; x_wconf 86' lang='lat' dir='ltr'><strong>unaque</strong></span> <span class='ocrx_word' id='word_1_549' title='bbox 2969 3041 3187 3111; x_wconf 82' lang='lat' dir='ltr'><strong>Spiritui</strong></span> <span class='ocrx_word' id='word_1_550' title='bbox 3233 3050 3455 3107; x_wconf 85' lang='lat' dir='ltr'><strong>sancto,</strong></span> <span class='ocrx_word' id='word_1_551' title='bbox 3485 3041 3538 3094; x_wconf 91' lang='lat' dir='ltr'><strong>in</strong></span> <span class='ocrx_word' id='word_1_552' title='bbox 3577 3040 3792 3096; x_wconf 62' lang='lat' dir='ltr'><strong>saecula.</strong></span> 
     </span>
    </p>
   </div>
   <div class='ocr_carea' id='block_1_67' title="bbox 2198 3140 2768 3198">
    <p class='ocr_par' dir='ltr' id='par_1_67' title="bbox 2198 3140 2768 3198">
     <span class='ocr_line' id='line_1_67' title="bbox 2198 3140 2768 3198; baseline -0.012 0"><span class='ocrx_word' id='word_1_553' title='bbox 2198 3142 2536 3198; x_wconf 63' lang='lat' dir='ltr'><strong>saeculorum.</strong></span> <span class='ocrx_word' id='word_1_554' title='bbox 2579 3140 2768 3191; x_wconf 84' lang='lat' dir='ltr'><strong>Amen.</strong></span> 
     </span>
    </p>
   </div>
   <div class='ocr_carea' id='block_1_68' title="bbox 2260 3302 3703 3369">
    <p class='ocr_par' dir='ltr' id='par_1_68' title="bbox 2260 3302 3703 3369">
     <span class='ocr_line' id='line_1_68' title="bbox 2260 3302 3703 3369; baseline -0.009 -5"><span class='ocrx_word' id='word_1_555' title='bbox 2260 3321 2278 3350; x_wconf 76' lang='grc' dir='ltr'>ι</span> <span class='ocrx_word' id='word_1_556' title='bbox 2314 3314 2407 3364; x_wconf 84' lang='lat' dir='ltr'><strong>Alii</strong></span> <span class='ocrx_word' id='word_1_557' title='bbox 2429 3312 2630 3369; x_wconf 86' lang='lat' dir='ltr'><strong>habent,</strong></span> <span class='ocrx_word' id='word_1_558' title='bbox 2654 3308 2700 3359; x_wconf 85' lang='lat' dir='ltr'><strong>si</strong></span> <span class='ocrx_word' id='word_1_559' title='bbox 2719 3321 2812 3357; x_wconf 88' lang='lat' dir='ltr'><strong>non</strong></span> <span class='ocrx_word' id='word_1_560' title='bbox 2834 3305 2993 3366; x_wconf 83' lang='lat' dir='ltr'><strong>vultis,</strong></span> <span class='ocrx_word' id='word_1_561' title='bbox 3016 3319 3074 3356; x_wconf 85' lang='lat' dir='ltr'><strong>ne</strong></span> <span class='ocrx_word' id='word_1_562' title='bbox 3090 3305 3140 3356; x_wconf 89' lang='lat' dir='ltr'><strong>in</strong></span> <span class='ocrx_word' id='word_1_563' title='bbox 3164 3306 3312 3368; x_wconf 84' lang='lat' dir='ltr'><strong>adyta</strong></span> <span class='ocrx_word' id='word_1_564' title='bbox 3335 3302 3703 3367; x_wconf 78' lang='lat' dir='ltr'><strong>ingredsamini.</strong></span> 
     </span>
    </p>
   </div>
   <div class='ocr_carea' id='block_1_69' title="bbox 1826 3465 2437 3536">
    <p class='ocr_par' dir='ltr' id='par_1_69' title="bbox 1826 3465 2437 3536">
     <span class='ocr_line' id='line_1_69' title="bbox 1826 3465 2437 3536; baseline -0.021 1"><span class='ocrx_word' id='word_1_565' title='bbox 1826 3473 2172 3536; x_wconf 78' lang='lat' dir='ltr'><strong>HOMILIA</strong></span> <span class='ocrx_word' id='word_1_566' title='bbox 2214 3465 2437 3529; x_wconf 84' lang='lat' dir='ltr'><strong>LXIV.</strong></span> 
     </span>
    </p>
   </div>
   <div class='ocr_carea' id='block_1_70' title="bbox 519 3616 2091 3686">
    <p class='ocr_par' dir='ltr' id='par_1_70' title="bbox 519 3616 2091 3686">
     <span class='ocr_line' id='line_1_70' title="bbox 519 3616 2091 3686; baseline -0.01 -4"><span class='ocrx_word' id='word_1_567' title='bbox 519 3626 650 3682; x_wconf 74' lang='lat' dir='ltr'><strong>CAP.</strong></span> <span class='ocrx_word' id='word_1_568' title='bbox 695 3626 780 3680; x_wconf 84' lang='lat' dir='ltr'><strong>ll.</strong></span> <span class='ocrx_word' id='word_1_569' title='bbox 823 3641 873 3677; x_wconf 91' lang='lat' dir='ltr'><strong>v.</strong></span> <span class='ocrx_word' id='word_1_570' title='bbox 915 3625 1003 3679; x_wconf 61' lang='lat' dir='ltr'><strong>ll.</strong></span> <span class='ocrx_word' id='word_1_571' title='bbox 1043 3621 1193 3677; x_wconf 73' lang='lat' dir='ltr'><strong>Iesus</strong></span> <span class='ocrx_word' id='word_1_572' title='bbox 1222 3631 1427 3686; x_wconf 89' lang='lat' dir='ltr'><strong>autem,</strong></span> <span class='ocrx_word' id='word_1_573' title='bbox 1455 3620 1658 3676; x_wconf 84' lang='lat' dir='ltr'><strong>elevatis</strong></span> <span class='ocrx_word' id='word_1_574' title='bbox 1688 3634 1887 3673; x_wconf 78' lang='lat' dir='ltr'><strong>sursum</strong></span> <span class='ocrx_word' id='word_1_575' title='bbox 1912 3616 2091 3677; x_wconf 86' lang='lat' dir='ltr'><strong>oculis,</strong></span> 
     </span>
    </p>
   </div>
   <div class='ocr_carea' id='block_1_71' title="bbox 594 3705 2094 3784">
    <p class='ocr_par' dir='ltr' id='par_1_71' title="bbox 594 3705 2094 3784">
     <span class='ocr_line' id='line_1_71' title="bbox 594 3705 2094 3784; baseline -0.009 -15"><span class='ocrx_word' id='word_1_576' title='bbox 594 3716 720 3770; x_wconf 70' lang='lat' dir='ltr'><strong>dixit</strong></span> <span class='ocrx_word' id='word_1_577' title='bbox 745 3732 756 3768; x_wconf 93' lang='lat'>:</span> <span class='ocrx_word' id='word_1_578' title='bbox 786 3713 943 3768; x_wconf 86' lang='lat' dir='ltr'><strong>Pater</strong></span> <span class='ocrx_word' id='word_1_579' title='bbox 965 3754 980 3779; x_wconf 93' lang='lat'><strong>,</strong></span> <span class='ocrx_word' id='word_1_580' title='bbox 1017 3713 1207 3784; x_wconf 86' lang='lat' dir='ltr'><strong>gratias</strong></span> <span class='ocrx_word' id='word_1_581' title='bbox 1231 3729 1326 3782; x_wconf 87' lang='lat' dir='ltr'><strong>ago</strong></span> <span class='ocrx_word' id='word_1_582' title='bbox 1352 3710 1477 3777; x_wconf 89' lang='lat' dir='ltr'><strong>tibi,</strong></span> <span class='ocrx_word' id='word_1_583' title='bbox 1508 3709 1747 3781; x_wconf 89' lang='lat' dir='ltr'><strong>quoniam</strong></span> <span class='ocrx_word' id='word_1_584' title='bbox 1781 3705 1968 3760; x_wconf 83' lang='lat' dir='ltr'><strong>audisti</strong></span> <span class='ocrx_word' id='word_1_585' title='bbox 1999 3721 2094 3757; x_wconf 87' lang='lat' dir='ltr'><strong>me.</strong></span> 
     </span>
    </p>
   </div>
   <div class='ocr_carea' id='block_1_72' title="bbox 595 3795 2100 3875">
    <p class='ocr_par' dir='ltr' id='par_1_72' title="bbox 595 3795 2100 3875">
     <span class='ocr_line' id='line_1_72' title="bbox 595 3795 2100 3875; baseline -0.009 -15"><span class='ocrx_word' id='word_1_586' title='bbox 595 3806 683 3860; x_wconf 61' lang='lat'><strong>42.</strong></span> <span class='ocrx_word' id='word_1_587' title='bbox 740 3804 847 3875; x_wconf 84' lang='lat' dir='ltr'><strong>Ego</strong></span> <span class='ocrx_word' id='word_1_588' title='bbox 890 3813 1056 3857; x_wconf 85' lang='lat' dir='ltr'><strong>autem</strong></span> <span class='ocrx_word' id='word_1_589' title='bbox 1083 3802 1297 3857; x_wconf 83' lang='lat' dir='ltr'><strong>sciebant</strong></span> <span class='ocrx_word' id='word_1_590' title='bbox 1320 3803 1438 3871; x_wconf 85' lang='lat' dir='ltr'><strong>quia</strong></span> <span class='ocrx_word' id='word_1_591' title='bbox 1463 3815 1659 3867; x_wconf 75' lang='lat' dir='ltr'><strong>seraper</strong></span> <span class='ocrx_word' id='word_1_592' title='bbox 1698 3815 1776 3852; x_wconf 84' lang='lat' dir='ltr'><strong>me</strong></span> <span class='ocrx_word' id='word_1_593' title='bbox 1803 3797 1985 3861; x_wconf 87' lang='lat' dir='ltr'><strong>audis;</strong></span> <span class='ocrx_word' id='word_1_594' title='bbox 2013 3795 2100 3849; x_wconf 86' lang='lat' dir='ltr'><strong>sed</strong></span> 
     </span>
    </p>
   </div>
   <div class='ocr_carea' id='block_1_73' title="bbox 597 3889 1753 3968">
    <p class='ocr_par' dir='ltr' id='par_1_73' title="bbox 597 3889 1753 3968">
     <span class='ocr_line' id='line_1_73' title="bbox 597 3889 1753 3968; baseline -0.006 -19"><span class='ocrx_word' id='word_1_595' title='bbox 597 3906 800 3968; x_wconf 79' lang='lat' dir='ltr'><strong>propter</strong></span> <span class='ocrx_word' id='word_1_596' title='bbox 825 3894 1022 3949; x_wconf 82' lang='lat' dir='ltr'><strong>turbam</strong></span> <span class='ocrx_word' id='word_1_597' title='bbox 1048 3893 1451 3947; x_wconf 86' lang='lat' dir='ltr'><strong>circumstantem</strong></span> <span class='ocrx_word' id='word_1_598' title='bbox 1480 3889 1588 3943; x_wconf 77' lang='lat' dir='ltr'><strong>dixi</strong></span> <span class='ocrx_word' id='word_1_599' title='bbox 1604 3932 1618 3956; x_wconf 97' lang='lat'><strong>,</strong></span> <span class='ocrx_word' id='word_1_600' title='bbox 1649 3898 1753 3944; x_wconf 91' lang='lat' dir='ltr'><strong>etc.</strong></span> 
     </span>
    </p>
   </div>
   <div class='ocr_carea' id='block_1_74' title="bbox 604 4038 2101 4114">
    <p class='ocr_par' dir='ltr' id='par_1_74' title="bbox 604 4038 2101 4114">
     <span class='ocr_line' id='line_1_74' title="bbox 604 4038 2101 4114; baseline -0.009 -9"><span class='ocrx_word' id='word_1_601' title='bbox 604 4053 657 4106; x_wconf 86' lang='grc'>1.</span> <span class='ocrx_word' id='word_1_602' title='bbox 693 4048 922 4104; x_wconf 80' lang='lat' dir='ltr'><strong>Christus</strong></span> <span class='ocrx_word' id='word_1_603' title='bbox 966 4044 1180 4100; x_wconf 83' lang='lat' dir='ltr'><strong>humilia</strong></span> <span class='ocrx_word' id='word_1_604' title='bbox 1205 4060 1338 4114; x_wconf 70' lang='lat' dir='ltr'><strong>saepe</strong></span> <span class='ocrx_word' id='word_1_605' title='bbox 1365 4042 1602 4114; x_wconf 87' lang='lat' dir='ltr'><strong>loquitur,</strong></span> <span class='ocrx_word' id='word_1_606' title='bbox 1647 4057 1820 4114; x_wconf 86' lang='lat' dir='ltr'><strong>quare.</strong></span> <span class='ocrx_word' id='word_1_607' title='bbox 1854 4070 1924 4081; x_wconf 91' lang='lat'><strong>-—</strong></span> <span class='ocrx_word' id='word_1_608' title='bbox 1949 4038 2101 4105; x_wconf 81' lang='lat' dir='ltr'><strong>Quod</strong></span> 
     </span>
    </p>
   </div>
   <div class='ocr_carea' id='block_1_75' title="bbox 531 4133 2101 4211">
    <p class='ocr_par' dir='ltr' id='par_1_75' title="bbox 531 4133 2101 4211">
     <span class='ocr_line' id='line_1_75' title="bbox 531 4133 2101 4211; baseline -0.009 -15"><span class='ocrx_word' id='word_1_609' title='bbox 531 4155 673 4211; x_wconf 70' lang='lat' dir='ltr'><strong>saepe</strong></span> <span class='ocrx_word' id='word_1_610' title='bbox 718 4139 857 4205; x_wconf 78' lang='lat' dir='ltr'><strong>dixi,</strong></span> <span class='ocrx_word' id='word_1_611' title='bbox 902 4139 1004 4193; x_wconf 88' lang='lat' dir='ltr'><strong>hoc</strong></span> <span class='ocrx_word' id='word_1_612' title='bbox 1042 4145 1096 4192; x_wconf 88' lang='lat' dir='ltr'><strong>et</strong></span> <span class='ocrx_word' id='word_1_613' title='bbox 1139 4151 1282 4191; x_wconf 90' lang='lat' dir='ltr'><strong>nunc</strong></span> <span class='ocrx_word' id='word_1_614' title='bbox 1309 4135 1517 4201; x_wconf 84' lang='lat' dir='ltr'><strong>dicam,</strong></span> <span class='ocrx_word' id='word_1_615' title='bbox 1570 4133 1813 4187; x_wconf 81' lang='lat' dir='ltr'><strong>Christus</strong></span> <span class='ocrx_word' id='word_1_616' title='bbox 1858 4146 1961 4185; x_wconf 94' lang='lat' dir='ltr'><strong>non</strong></span> <span class='ocrx_word' id='word_1_617' title='bbox 1996 4139 2101 4183; x_wconf 90' lang='lat' dir='ltr'><strong>tam</strong></span> 
     </span>
    </p>
   </div>
   <div class='ocr_carea' id='block_1_76' title="bbox 531 4220 2099 4301">
    <p class='ocr_par' dir='ltr' id='par_1_76' title="bbox 531 4220 2099 4301">
     <span class='ocr_line' id='line_1_76' title="bbox 531 4220 2099 4301; baseline -0.01 -15"><span class='ocrx_word' id='word_1_618' title='bbox 531 4246 679 4286; x_wconf 83' lang='lat' dir='ltr'><strong>suam</strong></span> <span class='ocrx_word' id='word_1_619' title='bbox 708 4230 1048 4301; x_wconf 90' lang='lat' dir='ltr'><strong>dignitatem,</strong></span> <span class='ocrx_word' id='word_1_620' title='bbox 1098 4242 1255 4298; x_wconf 86' lang='lat' dir='ltr'><strong>quam</strong></span> <span class='ocrx_word' id='word_1_621' title='bbox 1286 4226 1509 4279; x_wconf 89' lang='lat' dir='ltr'><strong>salutem</strong></span> <span class='ocrx_word' id='word_1_622' title='bbox 1550 4231 1786 4277; x_wconf 90' lang='lat' dir='ltr'><strong>nostram</strong></span> <span class='ocrx_word' id='word_1_623' title='bbox 1839 4220 2099 4290; x_wconf 90' lang='lat' dir='ltr'><strong>respicit,</strong></span> 
     </span>
    </p>
   </div>
   <div class='ocr_carea' id='block_1_77' title="bbox 535 4312 2105 4394">
    <p class='ocr_par' dir='ltr' id='par_1_77' title="bbox 535 4312 2105 4394">
     <span class='ocr_line' id='line_1_77' title="bbox 535 4312 2105 4394; baseline -0.007 -18"><span class='ocrx_word' id='word_1_624' title='bbox 535 4339 631 4377; x_wconf 86' lang='lat' dir='ltr'><strong>nec</strong></span> <span class='ocrx_word' id='word_1_625' title='bbox 657 4323 844 4394; x_wconf 78' lang='lat' dir='ltr'><strong>quterit</strong></span> <span class='ocrx_word' id='word_1_626' title='bbox 876 4335 1122 4390; x_wconf 90' lang='lat' dir='ltr'><strong>magnum</strong></span> <span class='ocrx_word' id='word_1_627' title='bbox 1155 4316 1427 4388; x_wconf 87' lang='lat' dir='ltr'><strong>quidpiam</strong></span> <span class='ocrx_word' id='word_1_628' title='bbox 1456 4315 1664 4377; x_wconf 87' lang='lat' dir='ltr'><strong>dicere,</strong></span> <span class='ocrx_word' id='word_1_629' title='bbox 1718 4314 1810 4368; x_wconf 86' lang='lat' dir='ltr'><strong>sed</strong></span> <span class='ocrx_word' id='word_1_630' title='bbox 1835 4312 1976 4383; x_wconf 87' lang='lat' dir='ltr'><strong>quod</strong></span> <span class='ocrx_word' id='word_1_631' title='bbox 2008 4325 2105 4365; x_wconf 84' lang='lat' dir='ltr'><strong>nos</strong></span> 
     </span>
    </p>
   </div>
   <div class='ocr_carea' id='block_1_78' title="bbox 535 4404 2102 4482">
    <p class='ocr_par' dir='ltr' id='par_1_78' title="bbox 535 4404 2102 4482">
     <span class='ocr_line' id='line_1_78' title="bbox 535 4404 2102 4482; baseline -0.008 -14"><span class='ocrx_word' id='word_1_632' title='bbox 535 4413 699 4482; x_wconf 82' lang='lat' dir='ltr'><strong>possit</strong></span> <span class='ocrx_word' id='word_1_633' title='bbox 725 4412 791 4467; x_wconf 92' lang='lat' dir='ltr'><strong>ad</strong></span> <span class='ocrx_word' id='word_1_634' title='bbox 821 4427 880 4467; x_wconf 92' lang='lat' dir='ltr'><strong>se</strong></span> <span class='ocrx_word' id='word_1_635' title='bbox 908 4411 1138 4465; x_wconf 89' lang='lat' dir='ltr'><strong>trahere.</strong></span> <span class='ocrx_word' id='word_1_636' title='bbox 1183 4409 1306 4463; x_wconf 89' lang='lat' dir='ltr'><strong>Ideo</strong></span> <span class='ocrx_word' id='word_1_637' title='bbox 1335 4421 1498 4477; x_wconf 90' lang='lat' dir='ltr'><strong>pauca</strong></span> <span class='ocrx_word' id='word_1_638' title='bbox 1531 4420 1716 4474; x_wconf 88' lang='lat' dir='ltr'><strong>magna</strong></span> <span class='ocrx_word' id='word_1_639' title='bbox 1748 4414 1801 4460; x_wconf 91' lang='lat' dir='ltr'><strong>et</strong></span> <span class='ocrx_word' id='word_1_640' title='bbox 1835 4404 2102 4468; x_wconf 88' lang='lat' dir='ltr'><strong>sublimia,</strong></span> 
     </span>
    </p>
   </div>
   <div class='ocr_carea' id='block_1_79' title="bbox 533 4496 2107 4574">
    <p class='ocr_par' dir='ltr' id='par_1_79' title="bbox 533 4496 2107 4574">
     <span class='ocr_line' id='line_1_79' title="bbox 533 4496 2107 4574; baseline -0.006 -16"><span class='ocrx_word' id='word_1_641' title='bbox 533 4514 690 4574; x_wconf 85' lang='lat' dir='ltr'><strong>atque</strong></span> <span class='ocrx_word' id='word_1_642' title='bbox 714 4504 873 4558; x_wconf 86' lang='lat' dir='ltr'><strong>etiam</strong></span> <span class='ocrx_word' id='word_1_643' title='bbox 901 4500 1229 4556; x_wconf 87' lang='lat' dir='ltr'><strong>subobscure</strong></span> <span class='ocrx_word' id='word_1_644' title='bbox 1251 4499 1406 4565; x_wconf 88' lang='lat' dir='ltr'><strong>dicit,</strong></span> <span class='ocrx_word' id='word_1_645' title='bbox 1439 4498 1654 4552; x_wconf 87' lang='lat' dir='ltr'><strong>lmmilia</strong></span> <span class='ocrx_word' id='word_1_646' title='bbox 1684 4513 1808 4551; x_wconf 91' lang='lat' dir='ltr'><strong>vero</strong></span> <span class='ocrx_word' id='word_1_647' title='bbox 1829 4505 1880 4550; x_wconf 88' lang='lat' dir='ltr'><strong>et</strong></span> <span class='ocrx_word' id='word_1_648' title='bbox 1904 4496 2107 4565; x_wconf 85' lang='lat' dir='ltr'><strong>abjecta</strong></span> 
     </span>
    </p>
   </div>
   <div class='ocr_carea' id='block_1_80' title="bbox 536 4587 2105 4665">
    <p class='ocr_par' dir='ltr' id='par_1_80' title="bbox 536 4587 2105 4665">
     <span class='ocr_line' id='line_1_80' title="bbox 536 4587 2105 4665; baseline -0.004 -18"><span class='ocrx_word' id='word_1_649' title='bbox 536 4595 836 4665; x_wconf 72' lang='lat' dir='ltr'><strong>frequcn&#39;er</strong></span> <span class='ocrx_word' id='word_1_650' title='bbox 865 4592 1198 4647; x_wconf 89' lang='lat' dir='ltr'><strong>sermonibus</strong></span> <span class='ocrx_word' id='word_1_651' title='bbox 1226 4590 1503 4644; x_wconf 91' lang='lat' dir='ltr'><strong>admiscet.</strong></span> <span class='ocrx_word' id='word_1_652' title='bbox 1534 4588 1667 4657; x_wconf 86' lang='lat' dir='ltr'><strong>Quia</strong></span> <span class='ocrx_word' id='word_1_653' title='bbox 1698 4589 1837 4643; x_wconf 90' lang='lat' dir='ltr'><strong>enim</strong></span> <span class='ocrx_word' id='word_1_654' title='bbox 1862 4587 1977 4642; x_wconf 60' lang='lat' dir='ltr'><strong>haec</strong></span> <span class='ocrx_word' id='word_1_655' title='bbox 2006 4601 2105 4641; x_wconf 90' lang='lat' dir='ltr'><strong>au-</strong></span> 
     </span>
    </p>
   </div>
   <div class='ocr_carea' id='block_1_81' title="bbox 535 4678 2105 4753">
    <p class='ocr_par' dir='ltr' id='par_1_81' title="bbox 535 4678 2105 4753">
     <span class='ocr_line' id='line_1_81' title="bbox 535 4678 2105 4753; baseline -0.005 -15"><span class='ocrx_word' id='word_1_656' title='bbox 535 4684 733 4739; x_wconf 91' lang='lat' dir='ltr'><strong>ditores</strong></span> <span class='ocrx_word' id='word_1_657' title='bbox 779 4683 950 4753; x_wconf 89' lang='lat' dir='ltr'><strong>magis</strong></span> <span class='ocrx_word' id='word_1_658' title='bbox 997 4682 1338 4746; x_wconf 89' lang='lat' dir='ltr'><strong>allieiebant,</strong></span> <span class='ocrx_word' id='word_1_659' title='bbox 1389 4680 1472 4735; x_wconf 87' lang='lat' dir='ltr'><strong>his</strong></span> <span class='ocrx_word' id='word_1_660' title='bbox 1538 4681 1704 4735; x_wconf 91' lang='lat' dir='ltr'><strong>utitur</strong></span> <span class='ocrx_word' id='word_1_661' title='bbox 1751 4678 2105 4749; x_wconf 88' lang='lat' dir='ltr'><strong>frequentius.</strong></span> 
     </span>
    </p>
   </div>
   <div class='ocr_carea' id='block_1_82' title="bbox 536 4770 2109 4844">
    <p class='ocr_par' dir='ltr' id='par_1_82' title="bbox 536 4770 2109 4844">
     <span class='ocr_line' id='line_1_82' title="bbox 536 4770 2109 4844; baseline -0.004 -14"><span class='ocrx_word' id='word_1_662' title='bbox 536 4776 713 4844; x_wconf 85' lang='lat' dir='ltr'><strong>Neque</strong></span> <span class='ocrx_word' id='word_1_663' title='bbox 742 4790 957 4843; x_wconf 87' lang='lat' dir='ltr'><strong>semper</strong></span> <span class='ocrx_word' id='word_1_664' title='bbox 984 4774 1062 4827; x_wconf 92' lang='lat' dir='ltr'><strong>sic</strong></span> <span class='ocrx_word' id='word_1_665' title='bbox 1094 4773 1343 4842; x_wconf 85' lang='lat' dir='ltr'><strong>loquitur,</strong></span> <span class='ocrx_word' id='word_1_666' title='bbox 1387 4788 1453 4827; x_wconf 92' lang='lat' dir='ltr'><strong>ne</strong></span> <span class='ocrx_word' id='word_1_667' title='bbox 1486 4780 1667 4842; x_wconf 89' lang='lat' dir='ltr'><strong>postea</strong></span> <span class='ocrx_word' id='word_1_668' title='bbox 1696 4770 1980 4826; x_wconf 89' lang='lat' dir='ltr'><strong>credituris</strong></span> <span class='ocrx_word' id='word_1_669' title='bbox 2009 4785 2109 4823; x_wconf 81' lang='lat' dir='ltr'><strong>no-</strong></span> 
     </span>
    </p>
   </div>
   <div class='ocr_carea' id='block_1_83' title="bbox 534 4860 2108 4933">
    <p class='ocr_par' dir='ltr' id='par_1_83' title="bbox 534 4860 2108 4933">
     <span class='ocr_line' id='line_1_83' title="bbox 534 4860 2108 4933; baseline -0.004 -13"><span class='ocrx_word' id='word_1_670' title='bbox 534 4876 680 4927; x_wconf 88' lang='lat' dir='ltr'><strong>ceat;</strong></span> <span class='ocrx_word' id='word_1_671' title='bbox 722 4881 895 4933; x_wconf 91' lang='lat' dir='ltr'><strong>neque</strong></span> <span class='ocrx_word' id='word_1_672' title='bbox 927 4864 1011 4917; x_wconf 88' lang='lat' dir='ltr'><strong>illa</strong></span> <span class='ocrx_word' id='word_1_673' title='bbox 1046 4872 1217 4930; x_wconf 89' lang='lat' dir='ltr'><strong>tacet,</strong></span> <span class='ocrx_word' id='word_1_674' title='bbox 1266 4878 1333 4917; x_wconf 91' lang='lat' dir='ltr'><strong>ne</strong></span> <span class='ocrx_word' id='word_1_675' title='bbox 1375 4873 1665 4932; x_wconf 68' lang='lat' dir='ltr'><strong>praesentes</strong></span> <span class='ocrx_word' id='word_1_676' title='bbox 1696 4861 1946 4917; x_wconf 79' lang='lat' dir='ltr'><strong>oll&#39;endat.</strong></span> <span class='ocrx_word' id='word_1_677' title='bbox 1978 4860 2108 4915; x_wconf 86' lang='lat' dir='ltr'><strong>Nam</strong></span> 
     </span>
    </p>
   </div>
   <div class='ocr_carea' id='block_1_84' title="bbox 535 4952 2113 5027">
    <p class='ocr_par' dir='ltr' id='par_1_84' title="bbox 535 4952 2113 5027">
     <span class='ocr_line' id='line_1_84' title="bbox 535 4952 2113 5027; baseline -0.003 -19"><span class='ocrx_word' id='word_1_678' title='bbox 535 4958 623 5027; x_wconf 90' lang='lat' dir='ltr'><strong>qui</strong></span> <span class='ocrx_word' id='word_1_679' title='bbox 652 4957 912 5025; x_wconf 85' lang='lat' dir='ltr'><strong>ahjectam</strong></span> <span class='ocrx_word' id='word_1_680' title='bbox 942 4955 1081 5008; x_wconf 90' lang='lat' dir='ltr'><strong>illam</strong></span> <span class='ocrx_word' id='word_1_681' title='bbox 1110 4963 1338 5008; x_wconf 89' lang='lat' dir='ltr'><strong>mentem</strong></span> <span class='ocrx_word' id='word_1_682' title='bbox 1370 4953 1761 5021; x_wconf 89' lang='lat' dir='ltr'><strong>deposuerunt,</strong></span> <span class='ocrx_word' id='word_1_683' title='bbox 1796 4952 1874 5007; x_wconf 90' lang='lat' dir='ltr'><strong>vel</strong></span> <span class='ocrx_word' id='word_1_684' title='bbox 1906 4967 1973 5006; x_wconf 84' lang='lat' dir='ltr'><strong>ex</strong></span> <span class='ocrx_word' id='word_1_685' title='bbox 2007 4965 2113 5004; x_wconf 92' lang='lat' dir='ltr'><strong>uno</strong></span> 
     </span>
    </p>
   </div>
   <div class='ocr_carea' id='block_1_85' title="bbox 536 5042 2112 5114">
    <p class='ocr_par' dir='ltr' id='par_1_85' title="bbox 536 5042 2112 5114">
     <span class='ocr_line' id='line_1_85' title="bbox 536 5042 2112 5114; baseline -0.005 -12"><span class='ocrx_word' id='word_1_686' title='bbox 536 5047 747 5102; x_wconf 86' lang='lat' dir='ltr'><strong>sublimi</strong></span> <span class='ocrx_word' id='word_1_687' title='bbox 785 5045 1036 5114; x_wconf 80' lang='lat' dir='ltr'><strong>dogmate</strong></span> <span class='ocrx_word' id='word_1_688' title='bbox 1079 5052 1245 5097; x_wconf 91' lang='lat' dir='ltr'><strong>totum</strong></span> <span class='ocrx_word' id='word_1_689' title='bbox 1288 5044 1587 5113; x_wconf 88' lang='lat' dir='ltr'><strong>intelligere</strong></span> <span class='ocrx_word' id='word_1_690' title='bbox 1628 5052 1915 5112; x_wconf 89' lang='lat' dir='ltr'><strong>potuerunt</strong></span> <span class='ocrx_word' id='word_1_691' title='bbox 1968 5060 1981 5096; x_wconf 89' lang='lat'><strong>:</strong></span> <span class='ocrx_word' id='word_1_692' title='bbox 2022 5042 2112 5110; x_wconf 88' lang='lat' dir='ltr'><strong>qui</strong></span> 
     </span>
    </p>
   </div>
   <div class='ocr_carea' id='block_1_86' title="bbox 538 5131 2115 5205">
    <p class='ocr_par' dir='ltr' id='par_1_86' title="bbox 538 5131 2115 5205">
     <span class='ocr_line' id='line_1_86' title="bbox 538 5131 2115 5205; baseline -0.004 -14"><span class='ocrx_word' id='word_1_693' title='bbox 538 5154 663 5192; x_wconf 70' lang='lat' dir='ltr'><strong>vero</strong></span> <span class='ocrx_word' id='word_1_694' title='bbox 691 5137 1006 5192; x_wconf 89' lang='lat' dir='ltr'><strong>demissiore</strong></span> <span class='ocrx_word' id='word_1_695' title='bbox 1046 5136 1225 5189; x_wconf 87' lang='lat' dir='ltr'><strong>animo</strong></span> <span class='ocrx_word' id='word_1_696' title='bbox 1267 5149 1481 5205; x_wconf 86' lang='lat' dir='ltr'><strong>semper</strong></span> <span class='ocrx_word' id='word_1_697' title='bbox 1507 5144 1658 5188; x_wconf 88' lang='lat' dir='ltr'><strong>erant</strong></span> <span class='ocrx_word' id='word_1_698' title='bbox 1680 5176 1695 5200; x_wconf 93' lang='lat'><strong>,</strong></span> <span class='ocrx_word' id='word_1_699' title='bbox 1732 5134 1835 5188; x_wconf 87' lang='lat' dir='ltr'><strong>nisi</strong></span> <span class='ocrx_word' id='word_1_700' title='bbox 1867 5134 1980 5186; x_wconf 68' lang='lat' dir='ltr'><strong>haec</strong></span> <span class='ocrx_word' id='word_1_701' title='bbox 2008 5131 2115 5185; x_wconf 87' lang='lat' dir='ltr'><strong>fre-</strong></span> 
     </span>
    </p>
   </div>
   <div class='ocr_carea' id='block_1_87' title="bbox 536 5221 2116 5297">
    <p class='ocr_par' dir='ltr' id='par_1_87' title="bbox 536 5221 2116 5297">
     <span class='ocr_line' id='line_1_87' title="bbox 536 5221 2116 5297; baseline -0.004 -16"><span class='ocrx_word' id='word_1_702' title='bbox 536 5236 760 5297; x_wconf 89' lang='lat' dir='ltr'><strong>quenter</strong></span> <span class='ocrx_word' id='word_1_703' title='bbox 805 5226 1110 5290; x_wconf 83' lang='lat' dir='ltr'><strong>audissent,</strong></span> <span class='ocrx_word' id='word_1_704' title='bbox 1158 5240 1261 5279; x_wconf 94' lang='lat' dir='ltr'><strong>non</strong></span> <span class='ocrx_word' id='word_1_705' title='bbox 1303 5226 1485 5293; x_wconf 86' lang='lat' dir='ltr'><strong>utique</strong></span> <span class='ocrx_word' id='word_1_706' title='bbox 1522 5224 1891 5277; x_wconf 89' lang='lat' dir='ltr'><strong>accessissent.</strong></span> <span class='ocrx_word' id='word_1_707' title='bbox 1935 5221 2116 5290; x_wconf 88' lang='lat' dir='ltr'><strong>Neque</strong></span> 
     </span>
    </p>
   </div>
   <div class='ocr_carea' id='block_1_88' title="bbox 540 5313 2119 5387">
    <p class='ocr_par' dir='ltr' id='par_1_88' title="bbox 540 5313 2119 5387">
     <span class='ocr_line' id='line_1_88' title="bbox 540 5313 2119 5387; baseline -0.003 -16"><span class='ocrx_word' id='word_1_708' title='bbox 540 5326 713 5371; x_wconf 85' lang='lat' dir='ltr'><strong>tamen</strong></span> <span class='ocrx_word' id='word_1_709' title='bbox 745 5327 995 5382; x_wconf 90' lang='lat' dir='ltr'><strong>manent,</strong></span> <span class='ocrx_word' id='word_1_710' title='bbox 1026 5325 1303 5387; x_wconf 85' lang='lat' dir='ltr'><strong>postquam</strong></span> <span class='ocrx_word' id='word_1_711' title='bbox 1332 5326 1407 5368; x_wconf 92' lang='lat' dir='ltr'><strong>tot</strong></span> <span class='ocrx_word' id='word_1_712' title='bbox 1430 5324 1485 5370; x_wconf 90' lang='lat' dir='ltr'><strong>et</strong></span> <span class='ocrx_word' id='word_1_713' title='bbox 1516 5322 1658 5369; x_wconf 88' lang='lat' dir='ltr'><strong>tanta</strong></span> <span class='ocrx_word' id='word_1_714' title='bbox 1687 5314 1992 5379; x_wconf 90' lang='lat' dir='ltr'><strong>audierunt,</strong></span> <span class='ocrx_word' id='word_1_715' title='bbox 2022 5313 2119 5367; x_wconf 83' lang='lat' dir='ltr'><strong>sed</strong></span> 
     </span>
    </p>
   </div>
   <div class='ocr_carea' id='block_1_89' title="bbox 542 5404 2113 5476">
    <p class='ocr_par' dir='ltr' id='par_1_89' title="bbox 542 5404 2113 5476">
     <span class='ocr_line' id='line_1_89' title="bbox 542 5404 2113 5476; baseline -0.002 -16"><span class='ocrx_word' id='word_1_716' title='bbox 542 5406 803 5476; x_wconf 85' lang='lat' dir='ltr'><strong>lapidibus</strong></span> <span class='ocrx_word' id='word_1_717' title='bbox 826 5408 1114 5476; x_wconf 86' lang='lat' dir='ltr'><strong>impetunt,</strong></span> <span class='ocrx_word' id='word_1_718' title='bbox 1143 5413 1531 5475; x_wconf 86' lang='lat' dir='ltr'><strong>persequuntur</strong></span> <span class='ocrx_word' id='word_1_719' title='bbox 1545 5415 1596 5458; x_wconf 87' lang='lat' dir='ltr'><strong>et</strong></span> <span class='ocrx_word' id='word_1_720' title='bbox 1619 5404 1865 5460; x_wconf 89' lang='lat' dir='ltr'><strong>occidere</strong></span> <span class='ocrx_word' id='word_1_721' title='bbox 1891 5413 2113 5468; x_wconf 89' lang='lat' dir='ltr'><strong>tentant,</strong></span> 
     </span>
    </p>
   </div>
   <div class='ocr_carea' id='block_1_90' title="bbox 544 5496 2117 5569">
    <p class='ocr_par' dir='ltr' id='par_1_90' title="bbox 544 5496 2117 5569">
     <span class='ocr_line' id='line_1_90' title="bbox 544 5496 2117 5569; baseline -0.003 -15"><span class='ocrx_word' id='word_1_722' title='bbox 544 5499 1017 5569; x_wconf 87' lang='lat' dir='ltr'><strong>blasphemmnque</strong></span> <span class='ocrx_word' id='word_1_723' title='bbox 1061 5507 1249 5552; x_wconf 82' lang='lat' dir='ltr'><strong>vocant</strong></span> <span class='ocrx_word' id='word_1_724' title='bbox 1281 5513 1294 5550; x_wconf 90' lang='lat'><strong>:</strong></span> <span class='ocrx_word' id='word_1_725' title='bbox 1326 5514 1388 5551; x_wconf 90' lang='lat' dir='ltr'><strong>ac</strong></span> <span class='ocrx_word' id='word_1_726' title='bbox 1438 5513 1557 5551; x_wconf 91' lang='lat' dir='ltr'><strong>cum</strong></span> <span class='ocrx_word' id='word_1_727' title='bbox 1602 5511 1667 5551; x_wconf 88' lang='lat' dir='ltr'><strong>se</strong></span> <span class='ocrx_word' id='word_1_728' title='bbox 1711 5496 1817 5550; x_wconf 85' lang='lat' dir='ltr'><strong>Deo</strong></span> <span class='ocrx_word' id='word_1_729' title='bbox 1859 5498 2117 5567; x_wconf 62' lang='lat' dir='ltr'><strong>aequalem</strong></span> 
     </span>
    </p>
   </div>
   <div class='ocr_carea' id='block_1_91' title="bbox 545 5586 2118 5660">
    <p class='ocr_par' dir='ltr' id='par_1_91' title="bbox 545 5586 2118 5660">
     <span class='ocr_line' id='line_1_91' title="bbox 545 5586 2118 5660; baseline -0.001 -17"><span class='ocrx_word' id='word_1_730' title='bbox 545 5590 699 5655; x_wconf 82' lang='lat' dir='ltr'><strong>facit,</strong></span> <span class='ocrx_word' id='word_1_731' title='bbox 739 5588 923 5645; x_wconf 77' lang='lat' dir='ltr'><strong>dicunt</strong></span> <span class='ocrx_word' id='word_1_732' title='bbox 951 5631 973 5656; x_wconf 52' lang='grc' dir='ltr'><strong>ι</strong></span> <span class='ocrx_word' id='word_1_733' title='bbox 1014 5589 1113 5644; x_wconf 79' lang='lat' dir='ltr'><strong>Hic</strong></span> <span class='ocrx_word' id='word_1_734' title='bbox 1154 5589 1467 5657; x_wconf 78' lang='lat' dir='ltr'><strong>blasphemat</strong></span> <span class='ocrx_word' id='word_1_735' title='bbox 1502 5586 1704 5660; x_wconf 80' lang='lat' dir='ltr'><strong>(Marc.</strong></span> <span class='ocrx_word' id='word_1_736' title='bbox 1749 5588 1804 5645; x_wconf 74' lang='grc'>2.</span> <span class='ocrx_word' id='word_1_737' title='bbox 1834 5591 1943 5657; x_wconf 88' lang='grc'><strong>7);</strong></span> <span class='ocrx_word' id='word_1_738' title='bbox 1998 5605 2118 5643; x_wconf 87' lang='lat' dir='ltr'><strong>cum</strong></span> 
     </span>
    </p>
   </div>
   <div class='ocr_carea' id='block_1_92' title="bbox 549 5679 2112 5749">
    <p class='ocr_par' dir='ltr' id='par_1_92' title="bbox 549 5679 2112 5749">
     <span class='ocr_line' id='line_1_92' title="bbox 549 5679 2112 5749; baseline -0.003 -13"><span class='ocrx_word' id='word_1_739' title='bbox 549 5692 722 5739; x_wconf 83' lang='lat' dir='ltr'><strong>autem</strong></span> <span class='ocrx_word' id='word_1_740' title='bbox 741 5682 887 5749; x_wconf 78' lang='lat' dir='ltr'><strong>dicit,</strong></span> <span class='ocrx_word' id='word_1_741' title='bbox 914 5685 1246 5739; x_wconf 72' lang='lat' dir='ltr'><strong>Ilvmittuntur</strong></span> <span class='ocrx_word' id='word_1_742' title='bbox 1273 5681 1359 5734; x_wconf 82' lang='lat' dir='ltr'><strong>tibi</strong></span> <span class='ocrx_word' id='word_1_743' title='bbox 1405 5692 1604 5749; x_wconf 70' lang='lat' dir='ltr'><strong>peccata</strong></span> <span class='ocrx_word' id='word_1_744' title='bbox 1633 5693 1716 5736; x_wconf 82' lang='lat' dir='ltr'><strong>tua</strong></span> <span class='ocrx_word' id='word_1_745' title='bbox 1745 5679 1953 5749; x_wconf 79' lang='lat' dir='ltr'><strong>(.llutth.</strong></span> <span class='ocrx_word' id='word_1_746' title='bbox 1977 5682 2028 5736; x_wconf 87' lang='lat'><strong>9.</strong></span> <span class='ocrx_word' id='word_1_747' title='bbox 2061 5682 2112 5734; x_wconf 69' lang='lat'><strong>9..</strong></span> 
     </span>
    </p>
   </div>
   <div class='ocr_carea' id='block_1_93' title="bbox 2203 3595 3782 3673">
    <p class='ocr_par' dir='ltr' id='par_1_93' title="bbox 2203 3595 3782 3673">
     <span class='ocr_line' id='line_1_93' title="bbox 2203 3595 3782 3673; baseline -0.008 -11"><span class='ocrx_word' id='word_1_748' title='bbox 2203 3608 2330 3663; x_wconf 88' lang='lat' dir='ltr'><strong>Luc.</strong></span> <span class='ocrx_word' id='word_1_749' title='bbox 2359 3603 2543 3673; x_wconf 76' lang='lat'><strong>5.20),</strong></span> <span class='ocrx_word' id='word_1_750' title='bbox 2576 3600 2960 3656; x_wconf 67' lang='lat' dir='ltr'><strong>daemoniacum</strong></span> <span class='ocrx_word' id='word_1_751' title='bbox 2981 3598 3195 3662; x_wconf 81' lang='lat' dir='ltr'><strong>vocant;</strong></span> <span class='ocrx_word' id='word_1_752' title='bbox 3214 3604 3271 3650; x_wconf 95' lang='lat' dir='ltr'><strong>ut</strong></span> <span class='ocrx_word' id='word_1_753' title='bbox 3295 3596 3452 3651; x_wconf 90' lang='lat' dir='ltr'><strong>etiam</strong></span> <span class='ocrx_word' id='word_1_754' title='bbox 3479 3610 3598 3650; x_wconf 89' lang='lat' dir='ltr'><strong>cum</strong></span> <span class='ocrx_word' id='word_1_755' title='bbox 3628 3595 3782 3660; x_wconf 79' lang='lat' dir='ltr'><strong>dixit,</strong></span> 
     </span>
    </p>
   </div>
   <div class='ocr_carea' id='block_1_94' title="bbox 2204 3687 3782 3768">
    <p class='ocr_par' dir='ltr' id='par_1_94' title="bbox 2204 3687 3782 3768">
     <span class='ocr_line' id='line_1_94' title="bbox 2204 3687 3782 3768; baseline -0.008 -17"><span class='ocrx_word' id='word_1_756' title='bbox 2204 3699 2292 3768; x_wconf 88' lang='lat' dir='ltr'><strong>qui</strong></span> <span class='ocrx_word' id='word_1_757' title='bbox 2362 3695 2521 3749; x_wconf 86' lang='lat' dir='ltr'><strong>verba</strong></span> <span class='ocrx_word' id='word_1_758' title='bbox 2563 3707 2655 3745; x_wconf 88' lang='lat' dir='ltr'><strong>sua</strong></span> <span class='ocrx_word' id='word_1_759' title='bbox 2701 3689 2940 3755; x_wconf 90' lang='lat' dir='ltr'><strong>audiret,</strong></span> <span class='ocrx_word' id='word_1_760' title='bbox 3008 3697 3180 3742; x_wconf 90' lang='lat' dir='ltr'><strong>morte</strong></span> <span class='ocrx_word' id='word_1_761' title='bbox 3234 3687 3562 3756; x_wconf 88' lang='lat' dir='ltr'><strong>superiorem</strong></span> <span class='ocrx_word' id='word_1_762' title='bbox 3616 3702 3782 3741; x_wconf 88' lang='lat' dir='ltr'><strong>esse:</strong></span> 
     </span>
    </p>
   </div>
   <div class='ocr_carea' id='block_1_95' title="bbox 2206 3776 3787 3851">
    <p class='ocr_par' dir='ltr' id='par_1_95' title="bbox 2206 3776 3787 3851">
     <span class='ocr_line' id='line_1_95' title="bbox 2206 3776 3787 3851; baseline -0.006 -9"><span class='ocrx_word' id='word_1_763' title='bbox 2206 3803 2325 3842; x_wconf 91' lang='lat' dir='ltr'><strong>cum</strong></span> <span class='ocrx_word' id='word_1_764' title='bbox 2353 3795 2534 3839; x_wconf 89' lang='lat' dir='ltr'><strong>autem</strong></span> <span class='ocrx_word' id='word_1_765' title='bbox 2559 3782 2637 3838; x_wconf 85' lang='lat' dir='ltr'><strong>sic</strong></span> <span class='ocrx_word' id='word_1_766' title='bbox 2677 3779 2949 3851; x_wconf 89' lang='lat' dir='ltr'><strong>loquitur,</strong></span> <span class='ocrx_word' id='word_1_767' title='bbox 3001 3776 3114 3851; x_wconf 89' lang='lat' dir='ltr'><strong>Ego</strong></span> <span class='ocrx_word' id='word_1_768' title='bbox 3142 3778 3196 3833; x_wconf 87' lang='lat' dir='ltr'><strong>in</strong></span> <span class='ocrx_word' id='word_1_769' title='bbox 3226 3776 3383 3833; x_wconf 85' lang='lat' dir='ltr'><strong>Patre</strong></span> <span class='ocrx_word' id='word_1_770' title='bbox 3405 3820 3421 3845; x_wconf 93' lang='lat'><strong>,</strong></span> <span class='ocrx_word' id='word_1_771' title='bbox 3466 3788 3512 3833; x_wconf 87' lang='lat' dir='ltr'><strong>et</strong></span> <span class='ocrx_word' id='word_1_772' title='bbox 3553 3777 3709 3833; x_wconf 82' lang='lat' dir='ltr'><strong>Pater</strong></span> <span class='ocrx_word' id='word_1_773' title='bbox 3736 3780 3787 3832; x_wconf 83' lang='lat' dir='ltr'><strong>in</strong></span> 
     </span>
    </p>
   </div>
   <div class='ocr_carea' id='block_1_96' title="bbox 2208 3868 3786 3948">
    <p class='ocr_par' dir='ltr' id='par_1_96' title="bbox 2208 3868 3786 3948">
     <span class='ocr_line' id='line_1_96' title="bbox 2208 3868 3786 3948; baseline -0.004 -18"><span class='ocrx_word' id='word_1_774' title='bbox 2208 3893 2285 3931; x_wconf 82' lang='lat' dir='ltr'><strong>me</strong></span> <span class='ocrx_word' id='word_1_775' title='bbox 2327 3874 2523 3948; x_wconf 80' lang='lat' dir='ltr'><strong>(Joan.</strong></span> <span class='ocrx_word' id='word_1_776' title='bbox 2553 3872 2642 3927; x_wconf 68' lang='grc'><strong>14.</strong></span> <span class='ocrx_word' id='word_1_777' title='bbox 2690 3870 2832 3942; x_wconf 85' lang='grc'><strong>10),</strong></span> <span class='ocrx_word' id='word_1_778' title='bbox 2879 3870 3052 3941; x_wconf 89' lang='lat' dir='ltr'><strong>ipsum</strong></span> <span class='ocrx_word' id='word_1_779' title='bbox 3101 3868 3447 3939; x_wconf 90' lang='lat' dir='ltr'><strong>relinquunt;</strong></span> <span class='ocrx_word' id='word_1_780' title='bbox 3495 3884 3786 3938; x_wconf 88' lang='lat' dir='ltr'><strong>rursusque</strong></span> 
     </span>
    </p>
   </div>
   <div class='ocr_carea' id='block_1_97' title="bbox 2206 3958 3790 4029">
    <p class='ocr_par' dir='ltr' id='par_1_97' title="bbox 2206 3958 3790 4029">
     <span class='ocr_line' id='line_1_97' title="bbox 2206 3958 3790 4029; baseline -0.006 -7"><span class='ocrx_word' id='word_1_781' title='bbox 2206 3966 2549 4022; x_wconf 72' lang='lat' dir='ltr'><strong>offenduntur</strong></span> <span class='ocrx_word' id='word_1_782' title='bbox 2574 3977 2694 4018; x_wconf 90' lang='lat' dir='ltr'><strong>cum</strong></span> <span class='ocrx_word' id='word_1_783' title='bbox 2726 3962 2831 4027; x_wconf 88' lang='lat' dir='ltr'><strong>ait,</strong></span> <span class='ocrx_word' id='word_1_784' title='bbox 2862 3976 2920 4017; x_wconf 88' lang='lat' dir='ltr'><strong>se</strong></span> <span class='ocrx_word' id='word_1_785' title='bbox 2940 3960 3007 4016; x_wconf 91' lang='lat' dir='ltr'><strong>de</strong></span> <span class='ocrx_word' id='word_1_786' title='bbox 3031 3961 3164 4015; x_wconf 82' lang='lat' dir='ltr'><strong>caelo</strong></span> <span class='ocrx_word' id='word_1_787' title='bbox 3191 3958 3551 4014; x_wconf 89' lang='lat' dir='ltr'><strong>descendisse.</strong></span> <span class='ocrx_word' id='word_1_788' title='bbox 3579 3958 3638 4013; x_wconf 89' lang='lat' dir='ltr'><strong>Si</strong></span> <span class='ocrx_word' id='word_1_789' title='bbox 3662 3973 3790 4029; x_wconf 78' lang='lat' dir='ltr'><strong>ergo</strong></span> 
     </span>
    </p>
   </div>
   <div class='ocr_carea' id='block_1_98' title="bbox 2211 4047 3791 4121">
    <p class='ocr_par' dir='ltr' id='par_1_98' title="bbox 2211 4047 3791 4121">
     <span class='ocr_line' id='line_1_98' title="bbox 2211 4047 3791 4121; baseline -0.005 -10"><span class='ocrx_word' id='word_1_790' title='bbox 2211 4056 2322 4111; x_wconf 64' lang='lat' dir='ltr'><strong>haec</strong></span> <span class='ocrx_word' id='word_1_791' title='bbox 2338 4096 2353 4121; x_wconf 94' lang='lat'><strong>,</strong></span> <span class='ocrx_word' id='word_1_792' title='bbox 2383 4054 2481 4110; x_wconf 89' lang='lat' dir='ltr'><strong>etsi</strong></span> <span class='ocrx_word' id='word_1_793' title='bbox 2504 4053 2676 4108; x_wconf 89' lang='lat' dir='ltr'><strong>rarius</strong></span> <span class='ocrx_word' id='word_1_794' title='bbox 2696 4052 2834 4106; x_wconf 91' lang='lat' dir='ltr'><strong>dicta</strong></span> <span class='ocrx_word' id='word_1_795' title='bbox 2854 4090 2874 4117; x_wconf 89' lang='lat'><strong>,</strong></span> <span class='ocrx_word' id='word_1_796' title='bbox 2903 4065 3008 4105; x_wconf 93' lang='lat' dir='ltr'><strong>non</strong></span> <span class='ocrx_word' id='word_1_797' title='bbox 3030 4047 3270 4104; x_wconf 87' lang='lat' dir='ltr'><strong>ferebant</strong></span> <span class='ocrx_word' id='word_1_798' title='bbox 3291 4058 3465 4103; x_wconf 90' lang='lat' dir='ltr'><strong>tamen</strong></span> <span class='ocrx_word' id='word_1_799' title='bbox 3489 4090 3505 4116; x_wconf 91' lang='lat'><strong>,</strong></span> <span class='ocrx_word' id='word_1_800' title='bbox 3536 4049 3623 4102; x_wconf 79' lang='lat' dir='ltr'><strong>vix</strong></span> <span class='ocrx_word' id='word_1_801' title='bbox 3643 4057 3791 4104; x_wconf 84' lang='lat' dir='ltr'><strong>certe</strong></span> 
     </span>
    </p>
   </div>
   <div class='ocr_carea' id='block_1_99' title="bbox 2208 4138 3792 4209">
    <p class='ocr_par' dir='ltr' id='par_1_99' title="bbox 2208 4138 3792 4209">
     <span class='ocr_line' id='line_1_99' title="bbox 2208 4138 3792 4209; baseline -0.003 -9"><span class='ocrx_word' id='word_1_802' title='bbox 2208 4144 2592 4209; x_wconf 83' lang='lat' dir='ltr'><strong>attendissent,</strong></span> <span class='ocrx_word' id='word_1_803' title='bbox 2635 4141 2680 4196; x_wconf 91' lang='lat' dir='ltr'><strong>si</strong></span> <span class='ocrx_word' id='word_1_804' title='bbox 2725 4140 2970 4195; x_wconf 90' lang='lat' dir='ltr'><strong>sublimia</strong></span> <span class='ocrx_word' id='word_1_805' title='bbox 3022 4153 3234 4208; x_wconf 86' lang='lat' dir='ltr'><strong>semper</strong></span> <span class='ocrx_word' id='word_1_806' title='bbox 3271 4138 3520 4207; x_wconf 88' lang='lat' dir='ltr'><strong>loquutus</strong></span> <span class='ocrx_word' id='word_1_807' title='bbox 3575 4138 3792 4195; x_wconf 80' lang='lat' dir='ltr'><strong>luisset-</strong></span> 
     </span>
    </p>
   </div>
   <div class='ocr_carea' id='block_1_100' title="bbox 2211 4226 3789 4302">
    <p class='ocr_par' dir='ltr' id='par_1_100' title="bbox 2211 4226 3789 4302">
     <span class='ocr_line' id='line_1_100' title="bbox 2211 4226 3789 4302; baseline -0.002 -16"><span class='ocrx_word' id='word_1_808' title='bbox 2211 4233 2433 4302; x_wconf 85' lang='lat' dir='ltr'><strong>Quando</strong></span> <span class='ocrx_word' id='word_1_809' title='bbox 2479 4232 2637 4301; x_wconf 87' lang='lat' dir='ltr'><strong>igitur</strong></span> <span class='ocrx_word' id='word_1_810' title='bbox 2664 4230 2794 4284; x_wconf 89' lang='lat' dir='ltr'><strong>dicit</strong></span> <span class='ocrx_word' id='word_1_811' title='bbox 2827 4247 2841 4282; x_wconf 89' lang='lat'><strong>:</strong></span> <span class='ocrx_word' id='word_1_812' title='bbox 2873 4229 3019 4283; x_wconf 87' lang='lat' dir='ltr'><strong>Sicut</strong></span> <span class='ocrx_word' id='word_1_813' title='bbox 3049 4228 3305 4281; x_wconf 84' lang='lat' dir='ltr'><strong>mandavit</strong></span> <span class='ocrx_word' id='word_1_814' title='bbox 3332 4227 3456 4281; x_wconf 90' lang='lat' dir='ltr'><strong>mihi</strong></span> <span class='ocrx_word' id='word_1_815' title='bbox 3483 4226 3638 4282; x_wconf 86' lang='lat' dir='ltr'><strong>Pater</strong></span> <span class='ocrx_word' id='word_1_816' title='bbox 3658 4269 3672 4291; x_wconf 93' lang='lat'><strong>,</strong></span> <span class='ocrx_word' id='word_1_817' title='bbox 3718 4230 3789 4283; x_wconf 85' lang='lat' dir='ltr'><strong>sic</strong></span> 
     </span>
    </p>
   </div>
   <div class='ocr_carea' id='block_1_101' title="bbox 2212 4317 3798 4394">
    <p class='ocr_par' dir='ltr' id='par_1_101' title="bbox 2212 4317 3798 4394">
     <span class='ocr_line' id='line_1_101' title="bbox 2212 4317 3798 4394; baseline -0.004 -16"><span class='ocrx_word' id='word_1_818' title='bbox 2212 4326 2388 4392; x_wconf 89' lang='lat' dir='ltr'><strong>loquor</strong></span> <span class='ocrx_word' id='word_1_819' title='bbox 2431 4321 2606 4394; x_wconf 85' lang='lat' dir='ltr'><strong>(Ibid.</strong></span> <span class='ocrx_word' id='word_1_820' title='bbox 2636 4339 2684 4376; x_wconf 85' lang='grc' dir='ltr'>υ.</span> <span class='ocrx_word' id='word_1_821' title='bbox 2712 4321 2775 4377; x_wconf 82' lang='grc'><strong>51</strong></span> <span class='ocrx_word' id='word_1_822' title='bbox 2802 4320 2862 4391; x_wconf 84' lang='grc'><strong>);</strong></span> <span class='ocrx_word' id='word_1_823' title='bbox 2921 4328 3012 4387; x_wconf 88' lang='lat' dir='ltr'><strong>et,</strong></span> <span class='ocrx_word' id='word_1_824' title='bbox 3060 4318 3103 4371; x_wconf 83' lang='grc' dir='ltr'><strong><em>Α</em></strong></span> <span class='ocrx_word' id='word_1_825' title='bbox 3128 4318 3316 4388; x_wconf 87' lang='lat' dir='ltr'><strong>meipso</strong></span> <span class='ocrx_word' id='word_1_826' title='bbox 3358 4334 3456 4372; x_wconf 86' lang='lat' dir='ltr'><strong>non</strong></span> <span class='ocrx_word' id='word_1_827' title='bbox 3513 4320 3621 4373; x_wconf 80' lang='lat' dir='ltr'><strong>veni</strong></span> <span class='ocrx_word' id='word_1_828' title='bbox 3663 4318 3681 4387; x_wconf 93' lang='lat'><strong>(</strong></span> <span class='ocrx_word' id='word_1_829' title='bbox 3705 4317 3798 4372; x_wconf 56' lang='lat' dir='ltr'><strong>Id;</strong></span> 
     </span>
    </p>
   </div>
   <div class='ocr_carea' id='block_1_102' title="bbox 2214 4408 3799 4485">
    <p class='ocr_par' dir='ltr' id='par_1_102' title="bbox 2214 4408 3799 4485">
     <span class='ocr_line' id='line_1_102' title="bbox 2214 4408 3799 4485; baseline -0.005 -14"><span class='ocrx_word' id='word_1_830' title='bbox 2214 4419 2266 4471; x_wconf 86' lang='lat'><strong>7.</strong></span> <span class='ocrx_word' id='word_1_831' title='bbox 2298 4416 2367 4470; x_wconf 70' lang='grc'><strong>28</strong></span> <span class='ocrx_word' id='word_1_832' title='bbox 2390 4417 2406 4485; x_wconf 89' lang='grc'>)</span> <span class='ocrx_word' id='word_1_833' title='bbox 2428 4456 2442 4477; x_wconf 83' lang='grc'><strong><em>,</em></strong></span> <span class='ocrx_word' id='word_1_834' title='bbox 2492 4423 2616 4468; x_wconf 87' lang='lat' dir='ltr'><strong>tunc</strong></span> <span class='ocrx_word' id='word_1_835' title='bbox 2643 4412 2906 4475; x_wconf 89' lang='lat' dir='ltr'><strong>credunt,</strong></span> <span class='ocrx_word' id='word_1_836' title='bbox 2957 4419 3014 4465; x_wconf 91' lang='lat' dir='ltr'><strong>ut</strong></span> <span class='ocrx_word' id='word_1_837' title='bbox 3066 4408 3240 4479; x_wconf 88' lang='lat' dir='ltr'><strong>palam</strong></span> <span class='ocrx_word' id='word_1_838' title='bbox 3270 4408 3529 4477; x_wconf 82' lang='lat' dir='ltr'><strong>signiﬁcat</strong></span> <span class='ocrx_word' id='word_1_839' title='bbox 3560 4424 3799 4480; x_wconf 73' lang='lat' dir='ltr'><strong>evange-</strong></span> 
     </span>
    </p>
   </div>
   <div class='ocr_carea' id='block_1_103' title="bbox 2217 4498 3797 4568">
    <p class='ocr_par' dir='ltr' id='par_1_103' title="bbox 2217 4498 3797 4568">
     <span class='ocr_line' id='line_1_103' title="bbox 2217 4498 3797 4568; baseline -0.006 -8"><span class='ocrx_word' id='word_1_840' title='bbox 2217 4508 2333 4561; x_wconf 88' lang='lat' dir='ltr'><strong>lista</strong></span> <span class='ocrx_word' id='word_1_841' title='bbox 2360 4522 2481 4561; x_wconf 89' lang='lat' dir='ltr'><strong>cum</strong></span> <span class='ocrx_word' id='word_1_842' title='bbox 2512 4504 2676 4566; x_wconf 89' lang='lat' dir='ltr'><strong>dicit,</strong></span> <span class='ocrx_word' id='word_1_843' title='bbox 2726 4501 2851 4557; x_wconf 79' lang='lat' dir='ltr'><strong>Iltec</strong></span> <span class='ocrx_word' id='word_1_844' title='bbox 2884 4501 2973 4555; x_wconf 85' lang='lat' dir='ltr'><strong>illo</strong></span> <span class='ocrx_word' id='word_1_845' title='bbox 3000 4501 3256 4568; x_wconf 86' lang='lat' dir='ltr'><strong>loquente,</strong></span> <span class='ocrx_word' id='word_1_846' title='bbox 3306 4498 3449 4551; x_wconf 87' lang='lat' dir='ltr'><strong>multi</strong></span> <span class='ocrx_word' id='word_1_847' title='bbox 3474 4498 3797 4553; x_wconf 79' lang='lat' dir='ltr'><strong>crediderunt</strong></span> 
     </span>
    </p>
   </div>
   <div class='ocr_carea' id='block_1_104' title="bbox 2215 4586 3792 4665">
    <p class='ocr_par' dir='ltr' id='par_1_104' title="bbox 2215 4586 3792 4665">
     <span class='ocr_line' id='line_1_104' title="bbox 2215 4586 3792 4665; baseline -0.006 -16"><span class='ocrx_word' id='word_1_848' title='bbox 2215 4596 2269 4649; x_wconf 82' lang='lat' dir='ltr'><strong>in</strong></span> <span class='ocrx_word' id='word_1_849' title='bbox 2294 4612 2405 4650; x_wconf 88' lang='lat' dir='ltr'><strong>eum</strong></span> <span class='ocrx_word' id='word_1_850' title='bbox 2432 4596 2452 4665; x_wconf 91' lang='lat'><strong>(</strong></span> <span class='ocrx_word' id='word_1_851' title='bbox 2482 4592 2566 4648; x_wconf 87' lang='lat' dir='ltr'><strong>Id.</strong></span> <span class='ocrx_word' id='word_1_852' title='bbox 2598 4611 2645 4647; x_wconf 86' lang='grc' dir='ltr'>υ.</span> <span class='ocrx_word' id='word_1_853' title='bbox 2673 4594 2735 4649; x_wconf 75' lang='lat'><strong>3|</strong></span> <span class='ocrx_word' id='word_1_854' title='bbox 2759 4591 2797 4663; x_wconf 92' lang='lat'><strong>).</strong></span> <span class='ocrx_word' id='word_1_855' title='bbox 2833 4591 2886 4645; x_wconf 90' lang='lat' dir='ltr'><strong>Si</strong></span> <span class='ocrx_word' id='word_1_856' title='bbox 2920 4605 3048 4659; x_wconf 84' lang='lat' dir='ltr'><strong>ergo</strong></span> <span class='ocrx_word' id='word_1_857' title='bbox 3084 4587 3300 4643; x_wconf 87' lang='lat' dir='ltr'><strong>humilia</strong></span> <span class='ocrx_word' id='word_1_858' title='bbox 3353 4586 3515 4642; x_wconf 89' lang='lat' dir='ltr'><strong>verba</strong></span> <span class='ocrx_word' id='word_1_859' title='bbox 3541 4586 3607 4641; x_wconf 87' lang='lat' dir='ltr'><strong>ad</strong></span> <span class='ocrx_word' id='word_1_860' title='bbox 3636 4587 3792 4642; x_wconf 82' lang='lat' dir='ltr'><strong>fidem</strong></span> 
     </span>
    </p>
   </div>
   <div class='ocr_carea' id='block_1_105' title="bbox 2218 4681 3797 4752">
    <p class='ocr_par' dir='ltr' id='par_1_105' title="bbox 2218 4681 3797 4752">
     <span class='ocr_line' id='line_1_105' title="bbox 2218 4681 3797 4752; baseline -0.009 -10"><span class='ocrx_word' id='word_1_861' title='bbox 2218 4688 2524 4752; x_wconf 88' lang='lat' dir='ltr'><strong>trahebant,</strong></span> <span class='ocrx_word' id='word_1_862' title='bbox 2557 4684 2801 4741; x_wconf 86' lang='lat' dir='ltr'><strong>sublimia</strong></span> <span class='ocrx_word' id='word_1_863' title='bbox 2822 4698 2947 4737; x_wconf 87' lang='lat' dir='ltr'><strong>vero</strong></span> <span class='ocrx_word' id='word_1_864' title='bbox 2962 4681 3273 4735; x_wconf 89' lang='lat' dir='ltr'><strong>avertebant</strong></span> <span class='ocrx_word' id='word_1_865' title='bbox 3291 4720 3306 4742; x_wconf 89' lang='lat'><strong>,</strong></span> <span class='ocrx_word' id='word_1_866' title='bbox 3338 4693 3513 4733; x_wconf 89' lang='lat' dir='ltr'><strong>annon</strong></span> <span class='ocrx_word' id='word_1_867' title='bbox 3540 4687 3797 4733; x_wconf 76' lang='lat' dir='ltr'><strong>extrema:</strong></span> 
     </span>
    </p>
   </div>
   <div class='ocr_carea' id='block_1_106' title="bbox 2217 4766 3794 4843">
    <p class='ocr_par' dir='ltr' id='par_1_106' title="bbox 2217 4766 3794 4843">
     <span class='ocr_line' id='line_1_106' title="bbox 2217 4766 3794 4843; baseline -0.011 -9"><span class='ocrx_word' id='word_1_868' title='bbox 2217 4779 2500 4834; x_wconf 69' lang='lat' dir='ltr'><strong>dementire</strong></span> <span class='ocrx_word' id='word_1_869' title='bbox 2528 4777 2687 4831; x_wconf 88' lang='lat' dir='ltr'><strong>fuerit</strong></span> <span class='ocrx_word' id='word_1_870' title='bbox 2713 4791 2817 4829; x_wconf 88' lang='lat' dir='ltr'><strong>non</strong></span> <span class='ocrx_word' id='word_1_871' title='bbox 2846 4773 3085 4843; x_wconf 83' lang='lat' dir='ltr'><strong>cogitare</strong></span> <span class='ocrx_word' id='word_1_872' title='bbox 3113 4771 3330 4825; x_wconf 89' lang='lat' dir='ltr'><strong>humilia</strong></span> <span class='ocrx_word' id='word_1_873' title='bbox 3359 4770 3522 4824; x_wconf 91' lang='lat' dir='ltr'><strong>verba</strong></span> <span class='ocrx_word' id='word_1_874' title='bbox 3544 4768 3611 4823; x_wconf 90' lang='lat' dir='ltr'><strong>ad</strong></span> <span class='ocrx_word' id='word_1_875' title='bbox 3651 4766 3794 4820; x_wconf 89' lang='lat' dir='ltr'><strong>audi-</strong></span> 
     </span>
    </p>
   </div>
   <div class='ocr_carea' id='block_1_107' title="bbox 2221 4858 3790 4938">
    <p class='ocr_par' dir='ltr' id='par_1_107' title="bbox 2221 4858 3790 4938">
     <span class='ocr_line' id='line_1_107' title="bbox 2221 4858 3790 4938; baseline -0.011 -14"><span class='ocrx_word' id='word_1_876' title='bbox 2221 4879 2391 4924; x_wconf 88' lang='lat' dir='ltr'><strong>torum</strong></span> <span class='ocrx_word' id='word_1_877' title='bbox 2435 4877 2649 4938; x_wconf 88' lang='lat' dir='ltr'><strong>captum</strong></span> <span class='ocrx_word' id='word_1_878' title='bbox 2694 4872 3044 4935; x_wconf 87' lang='lat' dir='ltr'><strong>attemperata</strong></span> <span class='ocrx_word' id='word_1_879' title='bbox 3093 4862 3251 4916; x_wconf 90' lang='lat' dir='ltr'><strong>esse?</strong></span> <span class='ocrx_word' id='word_1_880' title='bbox 3295 4860 3570 4930; x_wconf 89' lang='lat' dir='ltr'><strong>Siquidem</strong></span> <span class='ocrx_word' id='word_1_881' title='bbox 3602 4865 3660 4910; x_wconf 82' lang='lat' dir='ltr'><strong>et</strong></span> <span class='ocrx_word' id='word_1_882' title='bbox 3686 4858 3790 4911; x_wconf 81' lang='lat' dir='ltr'><strong>alio</strong></span> 
     </span>
    </p>
   </div>
   <div class='ocr_carea' id='block_1_108' title="bbox 2223 4944 3788 5025">
    <p class='ocr_par' dir='ltr' id='par_1_108' title="bbox 2223 4944 3788 5025">
     <span class='ocr_line' id='line_1_108' title="bbox 2223 4944 3788 5025; baseline -0.01 -12"><span class='ocrx_word' id='word_1_883' title='bbox 2223 4958 2369 5023; x_wconf 92' lang='lat' dir='ltr'><strong>loco,</strong></span> <span class='ocrx_word' id='word_1_884' title='bbox 2398 4973 2519 5011; x_wconf 89' lang='lat' dir='ltr'><strong>cum</strong></span> <span class='ocrx_word' id='word_1_885' title='bbox 2548 4972 2793 5025; x_wconf 87' lang='lat' dir='ltr'><strong>magnum</strong></span> <span class='ocrx_word' id='word_1_886' title='bbox 2819 4953 3086 5023; x_wconf 87' lang='lat' dir='ltr'><strong>quidpiam</strong></span> <span class='ocrx_word' id='word_1_887' title='bbox 3120 4951 3261 5020; x_wconf 90' lang='lat' dir='ltr'><strong>loqui</strong></span> <span class='ocrx_word' id='word_1_888' title='bbox 3290 4950 3483 5013; x_wconf 88' lang='lat' dir='ltr'><strong>vellet,</strong></span> <span class='ocrx_word' id='word_1_889' title='bbox 3515 4944 3702 5004; x_wconf 87' lang='lat' dir='ltr'><strong>tacuit,</strong></span> <span class='ocrx_word' id='word_1_890' title='bbox 3731 4954 3788 4997; x_wconf 86' lang='lat' dir='ltr'><strong>et</strong></span> 
     </span>
    </p>
   </div>
   <div class='ocr_carea' id='block_1_109' title="bbox 2221 5035 3794 5104">
    <p class='ocr_par' dir='ltr' id='par_1_109' title="bbox 2221 5035 3794 5104">
     <span class='ocr_line' id='line_1_109' title="bbox 2221 5035 3794 5104; baseline -0.01 -2"><span class='ocrx_word' id='word_1_891' title='bbox 2221 5063 2432 5103; x_wconf 88' lang='lat' dir='ltr'><strong>causam</strong></span> <span class='ocrx_word' id='word_1_892' title='bbox 2462 5047 2655 5101; x_wconf 90' lang='lat' dir='ltr'><strong>silentii</strong></span> <span class='ocrx_word' id='word_1_893' title='bbox 2682 5045 2917 5099; x_wconf 89' lang='lat' dir='ltr'><strong>addidit:</strong></span> <span class='ocrx_word' id='word_1_894' title='bbox 2940 5043 3019 5096; x_wconf 86' lang='lat' dir='ltr'><strong>Ne</strong></span> <span class='ocrx_word' id='word_1_895' title='bbox 3045 5040 3445 5095; x_wconf 79' lang='lat' dir='ltr'><strong>scandalizemus</strong></span> <span class='ocrx_word' id='word_1_896' title='bbox 3476 5052 3579 5101; x_wconf 84' lang='lat' dir='ltr'><strong>eos,</strong></span> <span class='ocrx_word' id='word_1_897' title='bbox 3598 5035 3794 5104; x_wconf 72' lang='lat' dir='ltr'><strong>profice</strong></span> 
     </span>
    </p>
   </div>
   <div class='ocr_carea' id='block_1_110' title="bbox 2223 5125 3799 5207">
    <p class='ocr_par' dir='ltr' id='par_1_110' title="bbox 2223 5125 3799 5207">
     <span class='ocr_line' id='line_1_110' title="bbox 2223 5125 3799 5207; baseline -0.004 -18"><span class='ocrx_word' id='word_1_898' title='bbox 2223 5140 2425 5190; x_wconf 84' lang='lat' dir='ltr'><strong>humum</strong></span> <span class='ocrx_word' id='word_1_899' title='bbox 2444 5138 2496 5190; x_wconf 89' lang='lat' dir='ltr'><strong>in</strong></span> <span class='ocrx_word' id='word_1_900' title='bbox 2518 5154 2655 5190; x_wconf 85' lang='lat' dir='ltr'><strong>mare</strong></span> <span class='ocrx_word' id='word_1_901' title='bbox 2681 5135 2701 5207; x_wconf 91' lang='lat'><strong>(</strong></span> <span class='ocrx_word' id='word_1_902' title='bbox 2726 5136 2907 5188; x_wconf 77' lang='lat' dir='ltr'><strong>Matth.</strong></span> <span class='ocrx_word' id='word_1_903' title='bbox 2934 5134 3017 5187; x_wconf 90' lang='grc'><strong>17.</strong></span> <span class='ocrx_word' id='word_1_904' title='bbox 3045 5132 3171 5200; x_wconf 68' lang='lat'><strong>26).</strong></span> <span class='ocrx_word' id='word_1_905' title='bbox 3197 5128 3346 5196; x_wconf 82' lang='lat' dir='ltr'><strong>Quod</strong></span> <span class='ocrx_word' id='word_1_906' title='bbox 3372 5128 3530 5181; x_wconf 87' lang='lat' dir='ltr'><strong>ctiam</strong></span> <span class='ocrx_word' id='word_1_907' title='bbox 3553 5125 3640 5182; x_wconf 86' lang='lat' dir='ltr'><strong>hic</strong></span> <span class='ocrx_word' id='word_1_908' title='bbox 3657 5127 3799 5183; x_wconf 85' lang='lat' dir='ltr'><strong>facit.</strong></span> 
     </span>
    </p>
   </div>
   <div class='ocr_carea' id='block_1_111' title="bbox 2222 5220 3798 5298">
    <p class='ocr_par' dir='ltr' id='par_1_111' title="bbox 2222 5220 3798 5298">
     <span class='ocr_line' id='line_1_111' title="bbox 2222 5220 3798 5298; baseline -0.006 -16"><span class='ocrx_word' id='word_1_909' title='bbox 2222 5230 2350 5282; x_wconf 75' lang='lat' dir='ltr'><strong>Nam</strong></span> <span class='ocrx_word' id='word_1_910' title='bbox 2380 5237 2655 5298; x_wconf 86' lang='lat' dir='ltr'><strong>postquam</strong></span> <span class='ocrx_word' id='word_1_911' title='bbox 2682 5226 2922 5290; x_wconf 86' lang='lat' dir='ltr'><strong>dixerat,</strong></span> <span class='ocrx_word' id='word_1_912' title='bbox 2954 5222 3063 5292; x_wconf 86' lang='lat' dir='ltr'><strong>Ego</strong></span> <span class='ocrx_word' id='word_1_913' title='bbox 3104 5222 3319 5273; x_wconf 81' lang='lat' dir='ltr'><strong>sciebam</strong></span> <span class='ocrx_word' id='word_1_914' title='bbox 3348 5220 3466 5287; x_wconf 85' lang='lat' dir='ltr'><strong>quia</strong></span> <span class='ocrx_word' id='word_1_915' title='bbox 3502 5233 3695 5287; x_wconf 89' lang='lat' dir='ltr'><strong>semper</strong></span> <span class='ocrx_word' id='word_1_916' title='bbox 3720 5236 3798 5272; x_wconf 81' lang='lat' dir='ltr'><strong>me</strong></span> 
     </span>
    </p>
   </div>
   <div class='ocr_carea' id='block_1_112' title="bbox 2224 5309 3794 5384">
    <p class='ocr_par' dir='ltr' id='par_1_112' title="bbox 2224 5309 3794 5384">
     <span class='ocr_line' id='line_1_112' title="bbox 2224 5309 3794 5384; baseline -0.006 -13"><span class='ocrx_word' id='word_1_917' title='bbox 2224 5321 2368 5371; x_wconf 80' lang='lat' dir='ltr'><strong>audis</strong></span> <span class='ocrx_word' id='word_1_918' title='bbox 2391 5336 2410 5384; x_wconf 89' lang='lat'><strong>;</strong></span> <span class='ocrx_word' id='word_1_919' title='bbox 2440 5317 2661 5380; x_wconf 88' lang='lat' dir='ltr'><strong>addidit,</strong></span> <span class='ocrx_word' id='word_1_920' title='bbox 2682 5315 2787 5370; x_wconf 86' lang='lat' dir='ltr'><strong>Sed</strong></span> <span class='ocrx_word' id='word_1_921' title='bbox 2808 5322 3009 5383; x_wconf 85' lang='lat' dir='ltr'><strong>propter</strong></span> <span class='ocrx_word' id='word_1_922' title='bbox 3034 5311 3229 5363; x_wconf 87' lang='lat' dir='ltr'><strong>turbam</strong></span> <span class='ocrx_word' id='word_1_923' title='bbox 3248 5309 3650 5361; x_wconf 81' lang='lat' dir='ltr'><strong>circumstantcm</strong></span> <span class='ocrx_word' id='word_1_924' title='bbox 3671 5309 3794 5369; x_wconf 72' lang='lat' dir='ltr'><strong>dixi,</strong></span> 
     </span>
    </p>
   </div>
   <div class='ocr_carea' id='block_1_113' title="bbox 2226 5397 3793 5462">
    <p class='ocr_par' dir='ltr' id='par_1_113' title="bbox 2226 5397 3793 5462">
     <span class='ocr_line' id='line_1_113' title="bbox 2226 5397 3793 5462; baseline -0.008 0"><span class='ocrx_word' id='word_1_925' title='bbox 2226 5421 2279 5462; x_wconf 89' lang='lat' dir='ltr'><strong>ut</strong></span> <span class='ocrx_word' id='word_1_926' title='bbox 2312 5409 2535 5462; x_wconf 83' lang='lat' dir='ltr'><strong>credant.</strong></span> <span class='ocrx_word' id='word_1_927' title='bbox 2597 5412 2677 5459; x_wconf 77' lang='lat' dir='ltr'><strong>An</strong></span> <span class='ocrx_word' id='word_1_928' title='bbox 2707 5414 2888 5458; x_wconf 87' lang='lat' dir='ltr'><strong>nostra</strong></span> <span class='ocrx_word' id='word_1_929' title='bbox 2930 5402 3042 5453; x_wconf 75' lang='lat' dir='ltr'><strong>lucc</strong></span> <span class='ocrx_word' id='word_1_930' title='bbox 3078 5397 3237 5451; x_wconf 88' lang='lat' dir='ltr'><strong>sunt?</strong></span> <span class='ocrx_word' id='word_1_931' title='bbox 3283 5412 3349 5450; x_wconf 89' lang='lat' dir='ltr'><strong>an</strong></span> <span class='ocrx_word' id='word_1_932' title='bbox 3380 5397 3608 5450; x_wconf 80' lang='lat' dir='ltr'><strong>humana</strong></span> <span class='ocrx_word' id='word_1_933' title='bbox 3663 5412 3793 5452; x_wconf 86' lang='lat' dir='ltr'><strong>con-</strong></span> 
     </span>
    </p>
   </div>
   <div class='ocr_carea' id='block_1_114' title="bbox 2222 5485 3802 5568">
    <p class='ocr_par' dir='ltr' id='par_1_114' title="bbox 2222 5485 3802 5568">
     <span class='ocr_line' id='line_1_114' title="bbox 2222 5485 3802 5568; baseline -0.011 -14"><span class='ocrx_word' id='word_1_934' title='bbox 2222 5501 2427 5568; x_wconf 78' lang='lat' dir='ltr'><strong>jectma</strong></span> <span class='ocrx_word' id='word_1_935' title='bbox 2449 5501 2473 5551; x_wconf 78' lang='lat'><strong>?</strong></span> <span class='ocrx_word' id='word_1_936' title='bbox 2499 5498 2629 5550; x_wconf 78' lang='lat' dir='ltr'><strong>Cum</strong></span> <span class='ocrx_word' id='word_1_937' title='bbox 2661 5509 2788 5564; x_wconf 87' lang='lat' dir='ltr'><strong>ergo</strong></span> <span class='ocrx_word' id='word_1_938' title='bbox 2810 5491 2927 5560; x_wconf 90' lang='lat' dir='ltr'><strong>quis</strong></span> <span class='ocrx_word' id='word_1_939' title='bbox 2955 5504 3018 5542; x_wconf 86' lang='lat' dir='ltr'><strong>ex</strong></span> <span class='ocrx_word' id='word_1_940' title='bbox 3043 5487 3253 5556; x_wconf 88' lang='lat' dir='ltr'><strong>scriptis</strong></span> <span class='ocrx_word' id='word_1_941' title='bbox 3274 5502 3333 5541; x_wconf 90' lang='lat' dir='ltr'><strong>se</strong></span> <span class='ocrx_word' id='word_1_942' title='bbox 3352 5485 3661 5556; x_wconf 87' lang='lat' dir='ltr'><strong>persuaderi</strong></span> <span class='ocrx_word' id='word_1_943' title='bbox 3700 5502 3802 5538; x_wconf 75' lang='lat' dir='ltr'><strong>nun</strong></span> 
     </span>
    </p>
   </div>
   <div class='ocr_carea' id='block_1_115' title="bbox 2229 5576 3802 5659">
    <p class='ocr_par' dir='ltr' id='par_1_115' title="bbox 2229 5576 3802 5659">
     <span class='ocr_line' id='line_1_115' title="bbox 2229 5576 3802 5659; baseline -0.012 -15"><span class='ocrx_word' id='word_1_944' title='bbox 2229 5591 2423 5659; x_wconf 88' lang='lat' dir='ltr'><strong>patitur</strong></span> <span class='ocrx_word' id='word_1_945' title='bbox 2443 5628 2456 5651; x_wconf 96' lang='lat'><strong>,</strong></span> <span class='ocrx_word' id='word_1_946' title='bbox 2489 5585 2627 5652; x_wconf 85' lang='lat' dir='ltr'><strong>quod</strong></span> <span class='ocrx_word' id='word_1_947' title='bbox 2656 5583 2754 5652; x_wconf 90' lang='lat' dir='ltr'><strong>ipsi</strong></span> <span class='ocrx_word' id='word_1_948' title='bbox 2785 5583 2850 5636; x_wconf 91' lang='lat' dir='ltr'><strong>de</strong></span> <span class='ocrx_word' id='word_1_949' title='bbox 2878 5578 3275 5635; x_wconf 88' lang='lat' dir='ltr'><strong>sublimioribus</strong></span> <span class='ocrx_word' id='word_1_950' title='bbox 3304 5576 3698 5632; x_wconf 78' lang='lat' dir='ltr'><strong>oﬂ&#39;enderentur</strong></span> <span class='ocrx_word' id='word_1_951' title='bbox 3719 5615 3732 5639; x_wconf 92' lang='lat'><strong>,</strong></span> <span class='ocrx_word' id='word_1_952' title='bbox 3765 5577 3802 5625; x_wconf 86' lang='lat' dir='ltr'><strong>is</strong></span> 
     </span>
    </p>
   </div>
   <div class='ocr_carea' id='block_1_116' title="bbox 2228 5666 3812 5735">
    <p class='ocr_par' dir='ltr' id='par_1_116' title="bbox 2228 5666 3812 5735">
     <span class='ocr_line' id='line_1_116' title="bbox 2228 5666 3812 5735; baseline -0.013 0"><span class='ocrx_word' id='word_1_953' title='bbox 2228 5680 2449 5735; x_wconf 85' lang='lat' dir='ltr'><strong>audiens</strong></span> <span class='ocrx_word' id='word_1_954' title='bbox 2488 5677 2757 5734; x_wconf 70' lang='lat' dir='ltr'><strong>Christum</strong></span> <span class='ocrx_word' id='word_1_955' title='bbox 2790 5673 3054 5729; x_wconf 88' lang='lat' dir='ltr'><strong>dicentem</strong></span> <span class='ocrx_word' id='word_1_956' title='bbox 3082 5685 3140 5726; x_wconf 90' lang='lat' dir='ltr'><strong>se</strong></span> <span class='ocrx_word' id='word_1_957' title='bbox 3172 5670 3292 5725; x_wconf 89' lang='lat' dir='ltr'><strong>ideo</strong></span> <span class='ocrx_word' id='word_1_958' title='bbox 3325 5668 3542 5724; x_wconf 87' lang='lat' dir='ltr'><strong>humilia</strong></span> <span class='ocrx_word' id='word_1_959' title='bbox 3570 5666 3712 5734; x_wconf 81' lang='lat' dir='ltr'><strong>loqui</strong></span> <span class='ocrx_word' id='word_1_960' title='bbox 3747 5680 3812 5715; x_wconf 77' lang='lat' dir='ltr'><strong>nc</strong></span> 
     </span>
    </p>
   </div>
  </div>
