4072 6152
366 436 822 501 scandalizentur,
865 430 1130 503 quomodo
1155 426 1413 497 suSpicat-i
1437 423 1660 494 poterit‘
1690 421 1842 475 illum
1872 433 1941 472 ex

368 535 558 581 natura
599 525 675 579 rei
723 521 903 592 loqui,
947 528 1003 574 et
1042 533 1146 573 non
1188 532 1285 589 per
1330 512 1709 583 indulgentiam
1753 522 1939 579 quam-

365 615 528 672 dam?
570 615 656 669 Sic
698 622 754 669 et
793 611 922 668 alibi
959 625 1092 665 voce
1134 622 1366 678 superne
1406 606 1578 660 delata
1618 602 1747 656 dicit
1777 620 1790 655 :
1821 598 1943 653 Non

368 714 571 776 propter
600 721 679 758 me
717 704 824 757 haec
847 718 944 757 vos:
969 702 1105 771 facta
1132 710 1226 766 est,
1270 698 1360 752 sed
1399 706 1604 767 prapter
1631 709 1716 746 vos
1748 690 1938 762 (Joan.

366 796 453 856 12.
495 796 624 865 30).
669 794 832 865 Atqui
862 807 1055 862 magno
1100 791 1225 846 licet
1266 790 1430 843 multa
1473 787 1540 841 de
1581 801 1641 841 se
1672 783 1944 837 humiliter

367 887 688 959 prazdicaro;
735 886 824 939 vili
854 894 1036 938 autem
1075 892 1128 936 et
1159 881 1368 950 abjccto
1411 892 1515 933 non
1547 876 1668 931 licet
1696 888 1943 943 magnum

365 977 637 1050 quidpiam
676 986 733 1030 et
760 974 986 1030 sublime
1014 971 1080 1027 de
1107 986 1165 1026 se
1189 970 1387 1024 dicere.
1430 966 1561 1021 lllud
1591 981 1659 1020 ex
1684 973 1951 1029 attempe-

366 1067 572 1122 ratioue
596 1063 824 1136 quadam
851 1061 911 1118 lit
930 1103 944 1127 ,
976 1071 1033 1117 ut
1060 1061 1126 1115 ad
1156 1054 1484 1114 audientium
1520 1055 1944 1110 imbecillitatem

369 1155 798 1215 accommodetur
819 1195 833 1218 ,
863 1153 970 1208 imo
997 1150 1194 1221 magis,
1228 1158 1285 1203 ut
1310 1148 1658 1201 humilitatem
1691 1144 1763 1198 illi
1794 1158 1947 1197 exer-

369 1257 561 1315 ceant,
610 1256 667 1302 et
695 1261 819 1299 vere
850 1242 1090 1297 indutum
1120 1254 1283 1294 carne
1307 1252 1427 1292 esse
1465 1240 1676 1298 sciant;
1711 1236 1945 1300 itemque

370 1349 427 1395 ttt
447 1340 637 1396 doceat
660 1336 930 1392 auditores
950 1373 967 1400 ,
1001 1346 1285 1400 numquam
1308 1342 1554 1398 magnum
1578 1325 1849 1396 quidpiam
1877 1325 1945 1378 de

370 1449 429 1487 se
458 1429 778 1500 loquendum
805 1438 961 1488 esse;
996 1432 1103 1477 tum
1130 1436 1196 1475 eo
1221 1420 1360 1489 quud
1395 1419 1507 1486 ipse
1537 1426 1809 1485 putaretur
1838 1414 1944 1467 Dcu

314 1522 319 1527 ’
369 1518 707 1574 adversarius
736 1528 890 1580 esse,
936 1522 993 1567 et
1018 1510 1160 1582 quod
1190 1523 1295 1563 non
1324 1507 1632 1562 crederetur
1657 1521 1687 1558 a
1717 1505 1826 1559 Deo
1857 1518 1946 1557 vc-

372 1614 521 1675 nire,
571 1607 819 1678 quodque
849 1603 1247 1672 suspicarentur
1282 1599 1455 1667 ipsutn
1483 1597 1694 1651 solvere
1734 1595 1904 1664 legem
1927 1635 1942 1656 ,

368 1701 511 1772 quod
540 1698 812 1754 auditores
837 1695 936 1763 ipsi
966 1690 1298 1755 inviderent,
1329 1689 1606 1758 ipsumque
1629 1687 1751 1739 odio
1776 1685 1945 1738 habe-

372 1802 532 1876 rent“,
559 1791 682 1861 quia
709 1804 769 1844 se
792 1786 1002 1841 dicebat
1026 1783 1284 1852 aequalem
1319 1782 1424 1833 Deo
1440 1781 1482 1830 ³.
1514 1778 1665 1846 Quod
1693 1787 1870 1831 autem
1903 1776 1945 1829 is

372 1885 461 1953 qui
487 1869 631 1938 vvilis
672 1879 1017 1950 abjectusque
1050 1883 1170 1940 est,
1214 1871 1462 1926 sublimia
1491 1869 1560 1925 de
1589 1883 1650 1923 se
1676 1869 1941 1937 loquatur,

372 1975 518 2029 nulla
562 1980 736 2042 potest
774 1983 893 2024 esse
936 1972 1290 2021 consentanea
1321 1975 1477 2016 causa
1501 2002 1516 2027 ,
1563 1959 1656 2014 sed
1688 1957 1740 2012 id
1770 1957 1940 2011 solum

372 2063 688 2133 arrogantia:
724 2069 779 2115 et
814 2057 1156 2127 itttpudentite
1201 2053 1562 2117 adscribatur,
1609 2049 1947 2116 audacia-que

373 2156 516 2212 nulla
536 2153 682 2208 venia
702 2151 893 2220 dignae.
907 2149 1014 2204 Cur
1033 2163 1160 2217 ergo
1181 2146 1399 2200 humilia
1425 2144 1678 2214 loquitur,
1702 2143 1787 2211 qui
1817 2141 1948 2196 inci-

374 2244 547 2298 l'abilis
581 2242 718 2296 illius
745 2250 799 2296 et
829 2255 1031 2308 magna:
1057 2237 1366 2292 substantia:
1391 2244 1472 2289 est
1498 2235 1520 2286 ‘3
1551 2234 1685 2288 Tum
1717 2234 1780 2286 iis
1816 2247 1946 2302 quas

371 2334 602 2387 diximus
627 2329 694 2383 de
722 2329 898 2383 causis
920 2369 938 2394 ,
967 2337 1074 2382 tum
1106 2342 1170 2380 ne
1212 2336 1485 2396 putaretur
1512 2321 1778 2393 ingenitus
1806 2336 1944 2375 esse.

372 2420 503 2478 Nam
544 2429 599 2474 et
635 2418 831 2473 Paulus
859 2418 961 2471 tale
989 2417 1257 2485 quidpiam
1298 2414 1537 2468 timuisse
1564 2412 1792 2466 videtur.
1823 2410 1947 2465 Ideo

372 2513 477 2566 ait:
505 2509 696 2564 Pratter
716 2523 829 2561 eum
844 2506 931 2576 qui
947 2506 1024 2559 illi
1047 2513 1224 2558 cuncta
1245 2503 1451 2571 subjecit
1475 2503 1553 2572 (1.
1577 2501 1695 2555 Cor.
1718 2501 1806 2555 15.
1830 2499 1944 2571 27).

374 2604 486 2658 Hoc
513 2602 655 2656 enim
681 2597 767 2655 vel
802 2597 1036 2667 cogitare
1074 2597 1293 2665 impiunt
1339 2603 1504 2650 esset.

444 2690 668 2746 Chrisfus
695 2687 917 2759 ejusdem
942 2684 1232 2741 substantia:
1250 2695 1322 2740 est
1350 2700 1409 2737 ac
1429 2683 1604 2738 Pater.
1628 2713 1696 2723 --
1714 2683 1771 2739 Si
1801 2683 1945 2739 enim

378 2782 553 2837 minor
580 2780 737 2834 Patre
762 2786 814 2832 et
849 2790 914 2831 ex
940 2776 1041 2830 alia
1065 2774 1359 2830 substantia
1391 2772 1595 2839 fuisset,
1623 2789 1801 2829 annon
1830 2789 1948 2828 om-

379 2877 463 2928 nia
491 2871 723 2934 fecisset,
757 2884 823 2926 ne
849 2869 969 2924 talis
1000 2877 1271 2938 putaretur
1294 2867 1454 2921 esse?
1481 2866 1631 2920 Nunc
1659 2881 1785 2920 vero
1821 2880 1948 2919 con-

380 2964 596 3018 trarium
627 2959 790 3016 efﬁcit
819 2958 1002 3014 dicens
1034 2978 1048 3013 :
1099 2957 1161 3012 Si
1198 2973 1319 3010 ηοηι
1340 2957 1474 3025 facio
1519 2971 1671 3022 opera
1720 2956 1829 3025 ejus
1863 2954 1950 3024 qui

377 3054 512 3108 misit
540 3069 649 3119 me,
692 3050 846 3105 nolite
874 3048 996 3102 mihi
1028 3046 1231 3101 credere
1259 3044 1437 3115 (Joan.
1464 3045 1552 3098 10.
1588 3046 1701 3116 57).
1732 3047 1797 3100 Et
1824 3061 1945 3098 cum

380 3145 531 3208 dicit,
578 3141 687 3211 Ego
730 3141 783 3194 in
809 3137 987 3203 Patre,
1014 3146 1060 3191 et
1085 3136 1243 3190 Pater
1269 3137 1322 3189 in
1360 3152 1439 3189 me
1470 3146 1566 3202 est,
1595 3137 1948 3205 aequalitatem

381 3233 535 3288 nobis
569 3229 886 3286 subindicat.
927 3225 1262 3296 Oportuisset
1290 3226 1433 3280 enim
1467 3240 1588 3279 cum
1616 3225 1948 3281 vehementia

380 3322 522 3376 illam
561 3318 863 3389 opinionem
888 3325 1129 3371 avertere
1151 3354 1171 3383 ,
1200 3317 1246 3370 si
1285 3315 1459 3370 minor
1487 3313 1702 3380 fuisset,
1735 3322 1789 3370 et
1823 3329 1949 3370 nus-

377 3426 536 3481 quam
581 3410 808 3465 dicere:
838 3406 949 3478 Ego
996 3408 1049 3461 in
1094 3405 1288 3474 Patre,
1334 3416 1382 3461 et
1417 3406 1570 3461 Pater
1597 3408 1648 3460 in
1692 3424 1810 3470 me;
1860 3418 1945 3473 et,

383 3500 550 3557 Unum
574 3514 783 3560 sumus;
806 3507 917 3565 aut,
951 3498 1052 3565 Qui
1066 3498 1196 3552 videt
1224 3514 1322 3562 me,
1354 3498 1482 3551 videt
1506 3507 1555 3551 et
1574 3496 1798 3551 Patrem.
1819 3497 1948 3551 Nam

377 3607 500 3646 cunt
540 3590 609 3646 de
648 3590 841 3643 virtute
885 3603 1062 3643 sermo
1105 3599 1248 3654 erat,
1299 3587 1527 3653 diccbat,
1574 3587 1683 3657 Ego
1713 3598 1758 3641 et
1797 3587 1952 3642 Pater

378 3699 533 3735 unum
569 3697 741 3735 sumus
777 3680 935 3754 (Ibid.
973 3679 1057 3734 10.
1084 3679 1174 3736 38.
1198 3679 1411 3751 et30);
1439 3689 1637 3736 etcum
1689 3682 1754 3735 de
1799 3693 1950 3751 pete-

378 3784 536 3835 state,
561 3772 707 3826 Sicut
730 3773 864 3825 enim
888 3770 1039 3825 Pater
1054 3772 1259 3825 suscitat
1273 3780 1493 3825 mortuos
1513 3781 1559 3825 et
1576 3770 1800 3840 viviﬁcat
1814 3787 1832 3823 :
1845 3772 1977 3823 sit‘ct

380 3860 546 3915 Filius
570 3876 694 3932 quos
710 3860 814 3914 vult
835 3860 1049 3928 viviﬁcat
1077 3858 1234 3927 (Ibid.
1258 3860 1346 3917 12.
1376 3860 1464 3915 45.
1493 3871 1541 3915 et
1562 3862 1615 3917 5.
1643 3861 1759 3930 21).
1799 3862 1948 3930 Quod

381 3968 487 4007 non
540 3960 750 4023 poterat
790 3951 964 4007 facere
988 3992 1003 4017 ,
1047 3951 1090 4004 si
1142 3944 1361 4005 alterius
1401 3950 1582 4005 luisset
1623 3952 1949 4006 sub-tantia‘.

377 4042 526 4112 Qund
566 4043 613 4096 si
661 4043 819 4096 etiam
852 4040 1144 4110 potuisset,
1175 4056 1278 4094 non
1311 4039 1362 4094 id
1402 4038 1684 4094 dicendum
1724 4050 1856 4106 erat,
1888 4056 1953 4095 ne

378 4134 774 4203 suSpicarentur
820 4122 975 4185 unam
1022 4130 1369 4199 eamdemque
1418 4144 1537 4185 esse
1582 4129 1947 4183 substantiun.

377 4224 432 4278 Si
452 4223 614 4287 enim,
641 4236 709 4276 ne
728 4220 1062 4289 suspicentur
1090 4221 1259 4290 ipsum
1289 4234 1408 4275 esse
1431 4219 1539 4274 Deo
1567 4218 1946 4282 adversarium,

379 4315 539 4368 etiam
571 4327 689 4381 qua:
712 4311 811 4366 sibi
844 4327 947 4365 non
977 4312 1300 4365 conveniunt
1340 4325 1481 4379 sa'pe
1502 4309 1754 4379 loquitur,
1788 4312 1953 4363 multo

381 4404 551 4474 magis
582 4413 709 4458 tunc
732 4402 986 4474 oportuit.
1011 4401 1162 4456 Nunc
1189 4417 1316 4455 vero
1340 4416 1459 4455 eum
1488 4401 1617 4456 dicit
1646 4417 1659 4453 :
1703 4400 1769 4455 Ut
1796 4401 1955 4453 Itono-

380 4492 573 4559 ri/‘icent
605 4489 814 4554 Filium,
836 4491 962 4544 sicut
983 4490 1317 4557 honoriﬁcam
1335 4488 1538 4543 Patrem
1560 4488 1716 4559 (Ibid.
1741 4491 1792 4543 5.
1816 4490 1908 4555 25)
1933 4507 1947 4555 ;

381 4589 458 4645 et,
503 4578 671 4648 Opera
713 4593 825 4647 qua:
850 4580 959 4645 ipse
983 4579 1126 4647 fecit,
1156 4586 1201 4629 et
1228 4593 1318 4647 ego
1347 4579 1570 4632 similiter
1594 4579 1727 4645 [acie
1770 4578 1947 4651 (Ibid.

382 4684 429 4720 v.
454 4666 525 4722 36
546 4672 565 4735 )
592 4684 607 4728 ;
631 4673 688 4720 et
712 4680 771 4721 sc
802 4679 923 4722 esse
961 4667 1401 4723 resurrectionem
1433 4679 1485 4721 et
1512 4669 1668 4722 vitam
1689 4709 1703 4734 ,
1751 4674 1951 4725 lucem-

382 4770 488 4827 que
518 4754 720 4820 ntuudi,
751 4768 871 4810 sese
894 4755 1037 4810 Patri
1067 4758 1398 4826 exaiquantis
1417 4758 1573 4813 verba
1599 4769 1741 4819 sunt,
1770 4774 1833 4813 ac
1856 4774 1951 4813 su-

384 4845 676 4916 spicionem
720 4860 878 4913 quam
922 4845 1000 4900 illi
1042 4845 1305 4901 habebant
1336 4848 1719 4901 conlirmantis.
1772 4847 1952 4902 Viden‘

382 4932 654 5007 quomodo
680 4947 801 4990 sese
824 4944 1015 5005 purgat
1050 4946 1329 4990 accusatus
1359 4936 1497 5005 quod
1527 4937 1696 5006 legent
1735 4938 1902 4993 solvat
1932 4956 1947 5004 ;

380 5025 701 5099 aequalitstis
718 5040 847 5081 vero
869 5040 989 5081 cum
1016 5026 1172 5080 Patre
1199 5026 1503 5094 opinionem
1533 5044 1638 5081 nou
1663 5028 1820 5082 modo
1845 5045 1949 5083 non

381 5116 552 5186 tollit,
583 5116 677 5173 sed
718 5115 915 5172 ﬁrmat.
945 5114 1034 5170 Sic
1059 5114 1359 5169 dicentibus
1384 5115 1487 5169 illis
1509 5158 1523 5183 ,
1550 5119 1669 5184 quia
1710 5117 1945 5187 blasphe-

442 5294 462 5323 ι
484 5290 610 5354 auiti
763 5288 1053 5354 sichabent.
1072 5297 1193 5354 cum
1222 5286 1350 5338 enim
1372 5300 1436 5339 ea:
1468 5288 1586 5352 ipsis
1623 5290 1762 5354 rebus
1792 5298 1949 5354 pateat

386 5348 569 5413 iltosde
966 5349 1162 5413 on'endi,
1182 5361 1383 5411 cumque
1413 5348 1649 5413 praeterea
1690 5348 1803 5413 ipse
1818 5352 1950 5402 dicat

380 5409 616 5479 Christus,
638 5422 727 5480 ego
746 5409 946 5480 lapide
985 5409 1170 5473 loquor,
1195 5422 1255 5461 ne
1286 5409 1691 5472 sctutdulizentur,
1710 5409 1816 5474 quis
1837 5413 1948 5474 jam

380 5475 617 5530 ωερὶεαη
638 5475 825 5538 poterit.
844 5478 941 5521 etc.

499 5526 556 5577 Ῐ¹³
576 5528 860 5595 (ῐυιζκὲείιξφ
884 5538 988 5579 1188.
1018 5533 1089 5582 sic
1120 5530 1675 5595 cltertur‘hic‘locus...”
1717 5534 1844 5593 quod
1864 5547 1948 5582 ttu-

385 5587 562 5655 ditores
587 5585 984 5655 ipsiAinviderent,
1003 5597 1050 5640 et
1066 5589 1194 5651 quod
1215 5592 1391 5655 stupius
1412 5590 1463 5642 in
1481 5592 1635 5643 Veteri
1664 5585 1953 5645 Tcsttnuenlo

384 5646 643 5709 tegeretur,
668 5646 892 5698 Dominus
912 5646 1033 5697 Deus
1053 5646 1176 5707 titus.
1207 5646 1430 5702 Doinimts
1456 5667 1572 5701 unus
1594 5664 1680 5705 est.
1695 5670 1715 5698 ι

1130 317 1185 372 S.
1225 312 1500 371 JOA‘NSIS
1526 304 1995 367 CHRYSOSTOMI
2037 305 2356 364 AliCﬂlEP.
2394 309 2920 367 CONSTANTINOP.

3587 131 3610 157 4

3527 306 3632 372 356'

2052 430 2219 474 maset
2233 419 2970 493 [acisteipsumDeum(Joan.
2992 421 3078 477 10.
3124 421 3251 494 56),
3285 423 3412 479 illud
3454 425 3632 495 ipsum

2050 509 2117 564 ab
2141 523 2361 578 cperam
2392 512 2692 580 mqualitate
2721 512 2922 566 statuit.
3172 512 3175 515 ’

2117 601 2173 657 2.
2216 600 2269 654 Ν
2274 618 2338 655 οη
2365 602 2527 655 solum
2557 601 2723 656 Filius
2750 603 2839 655 sed
2865 603 2974 671 ipse
2991 603 3141 655 etiam
3166 601 3323 656 Pater
3341 619 3397 657 se
3420 604 3631 673 indigna

2050 693 2243 744 locutus
2270 701 2359 743 est.
2384 691 2614 745 Christus
2635 709 2726 744 cur
2745 693 2931 746 oravit.
2956 691 3078 746 Non
3106 694 3360 764 indigebat
3378 696 3606 764 precibus

2058 780 2229 832 Verbis
2259 781 2621 848 humilitatem,
2665 782 2893 852 operibus
2930 784 3199 852 potentiam
3236 786 3628 839 ostendebat.—

2051 870 2252 938 Ecquid
2277 870 2394 923 dico
2422 868 2612 924 Filium
2645 872 2695 924 id
2723 872 2941 935 iecisse,
2973 873 3184 942 quando
3220 875 3377 929 Pater
3403 875 3491 945 qui
3522 890 3626 928 non

2049 975 2265 1014 carnem
2297 963 2620 1030 assumpsit.
2656 963 2881 1032 idipsutu
2910 964 3036 1017 facit
3056 965 3085 1024 ,?
3107 964 3238 1019 Nam
3269 975 3321 1019 et
3356 966 3468 1034 ipse
3505 981 3625 1035 pas-

2048 1066 2140 1105 sus
2160 1061 2242 1105 est
2271 1053 2430 1105 multa
2458 1053 2523 1106 de
2547 1068 2607 1107 se
2636 1053 2850 1108 lmmilia
2877 1054 2981 1109 dici
3010 1055 3076 1108 ad
3104 1056 3430 1109 audientium
3479 1058 3624 1111 salua

2054 1152 2177 1196 tem.
2212 1142 2342 1197 Illud
2386 1144 2549 1209 enim,
2580 1144 2760 1210 Adam,
2803 1146 2887 1198 ubi
2916 1163 2967 1199 es
2987 1144 3141 1216 (Gen.
3171 1148 3225 1202 5.
3255 1148 3313 1217 9)
3341 1147 3364 1201 ?
3393 1158 3446 1202 et
3473 1148 3622 1214 illud,

2055 1232 2121 1285 Ut
2149 1249 2442 1302 cognoscam
2470 1236 2514 1288 si
2555 1235 2684 1302 forte
2707 1237 2979 1291 secundum
3019 1234 3290 1290 clamorem
3316 1253 3489 1291 eorum
3506 1254 3625 1307 per-

2050 1323 2222 1391 ﬁciant
2259 1323 2430 1393 (Ibid.
2467 1325 2551 1379 18.
2579 1325 2641 1379 21
2669 1326 2688 1397 )
2734 1343 2748 1391 ;
2782 1338 2853 1387 ct,
2899 1326 3055 1380 Nunc
3081 1330 3291 1399 cognovi
3317 1324 3451 1398 quod
3477 1340 3529 1383 tu
3558 1333 3594 1382 ti
3606 1361 3621 1370 -

2050 1430 2185 1467 meas
2213 1414 2371 1468 Deum
2397 1414 2559 1485 (Ibid.
2585 1416 2675 1469 22.
2708 1418 2817 1485 12);
2841 1427 2911 1481 et,
2934 1418 2995 1472 Si
3021 1422 3153 1488 forte
3174 1420 3381 1473 audiant
3412 1420 3620 1491 (Ezech.

2051 1506 2103 1559 ὗ.
2157 1504 2242 1575 11)
2276 1521 2289 1569 ;
2336 1517 2408 1568 et,
2459 1504 2519 1560 Si
2559 1507 2885 1577 intelligunt;
2923 1518 3011 1572 et,
3044 1508 3169 1574 (Itis
3198 1510 3279 1562 det
3317 1527 3404 1562 cor
3450 1512 3624 1579 pepuli

2049 1596 2201 1665 hujus
2246 1597 2317 1649 sic
2358 1613 2464 1649 esse
2514 1597 2690 1665 (Deut.
2734 1599 2788 1652 5.
2846 1597 2991 1668 ‘29)?
3038 1607 3112 1663 ct,
3158 1597 3277 1652 Nan
3333 1609 3404 1652 est
3442 1602 3620 1654 similis

2051 1687 2123 1739 tui
2169 1688 2220 1740 in
2248 1686 2377 1753 diis,
2428 1686 2681 1752 Domine;
2721 1698 2775 1741 et
2812 1689 2978 1742 multa
3023 1690 3123 1741 alia
3176 1689 3229 1743 in
3284 1691 3448 1745 veteri
3502 1691 3618 1759 lege

2049 1776 2095 1828 si
2144 1775 2262 1845 quis
2310 1776 2545 1846 colligat,
2599 1777 2812 1847 indigna
2869 1778 2964 1833 Dei
3005 1778 3280 1848 majestate
3325 1795 3444 1835 esse
3467 1796 3617 1835 cum-

2052 1867 2239 1935 pet-iet.
2274 1866 2343 1920 Et
2376 1867 2445 1922 de
2486 1867 2670 1922 Achab
2709 1868 2907 1923 dictum
2951 1877 3066 1933 est,
3101 1869 3224 1937 Quis
3260 1870 3470 1937 decipiet
3500 1872 3621 1923 mihi

2049 1956 2220 2011 Achab
2243 1959 2319 2028 (2.
2346 1957 2524 2013 Paral.
2545 1959 2629 2013 18.
2654 1959 2785 2029 i9)?
2816 1961 2882 2014 Et
2906 1961 3045 2032 quod
3073 1960 3206 2015 facta
3231 1958 3351 2015 cum
3379 1962 3481 2016 diis
3505 1979 3621 2031 grn-

2054 2051 2220 2104 tiliutu
2262 2053 2656 2120 comparatione
2686 2068 2744 2108 se
2783 2068 2993 2123 semper
3035 2054 3133 2107 illis
3166 2065 3431 2123 pra-ponat
3462 2096 3475 2118 ,
3513 2056 3623 2111 haec

2050 2146 2224 2194 omnia
2259 2142 2469 2211 indigna
2494 2152 2617 2196 sunt
2658 2144 2800 2207 Deo;
2831 2145 2923 2198 sed
2954 2144 3054 2197 alia
3083 2146 3287 2198 ratione
3315 2146 3469 2215 digna
3500 2156 3623 2200 sunt

2052 2230 2163 2283 illu.
2211 2230 2343 2284 Nant
2386 2233 2457 2285 ita
2496 2232 2754 2302 benignus
2783 2242 2896 2296 est,
2931 2243 2987 2286 ut
3019 2244 3234 2303 propter
3270 2236 3493 2288 salutem
3524 2251 3619 2287 no-

2051 2332 2213 2375 stram
2257 2324 2413 2377 verba
2459 2324 2702 2394 dignitati
2733 2340 2843 2379 sua:
2883 2326 3247 2380 convenientia
3293 2337 3615 2381 contemnat.

2053 2413 2162 2467 luto
2208 2423 2261 2466 et
2289 2414 2428 2484 quod
2475 2415 2635 2467 homo
2677 2415 2845 2468 iactus
2870 2415 2974 2482 sit,
3005 2415 3334 2483 formamque
3362 2417 3497 2469 servi
3528 2433 3618 2470 ac-

2051 2505 2285 2572 ceperit,
2333 2505 2471 2572 quud
2503 2504 2719 2559 humilia
2772 2504 2927 2558 verba
2974 2505 3238 2574 loquatur,
3281 2505 3418 2574 quud
3452 2506 3622 2561 tilitcr

2051 2596 2122 2649 sit
2171 2595 2416 2661 amictus,
2448 2595 2717 2665 indignum
2759 2596 2851 2649 illo
2889 2604 3007 2660 est,
3050 2595 3093 2649 si
3124 2597 3243 2666 quis
3292 2598 3618 2665 majestatctn

2049 2684 2167 2755 ejus
2196 2686 2480 2754 respiciat;
2509 2685 2724 2755 dignum
2758 2699 2904 2750 vero,
2930 2686 2979 2738 si
3007 2685 3127 2755 quis
3157 2685 3620 2756 benignitatisejus

2051 2776 2345 2832 ineffabiles
2373 2776 2582 2832 divitias
2607 2792 2789 2831 secum
2825 2786 3050 2846 reputet.
3082 2778 3180 2832 Est
3204 2786 3259 2832 et
3281 2778 3383 2831 alia
3411 2777 3622 2831 humili-

2052 2867 2175 2920 tatis
2203 2866 2490 2920 verborum
2531 2881 2711 2921 causa.
2757 2866 3009 2933 Quaenam
3054 2866 3216 2921 haec?
3252 2866 3382 2932 Quia
3410 2867 3619 2921 Patrem

2051 2957 2265 3027 quidem
2301 2966 2356 3010 et
2381 2969 2642 3011 noverant
2669 2965 2723 3012 et
2742 2956 3153 3024 conﬁtebantur,
3175 2957 3345 3026 ipsum
3368 2972 3491 3012 vero
3516 2974 3618 3010 non

2053 3056 2327 3100 noverant.
2354 3044 2476 3100 Ideo
2494 3044 2797 3115 frequenter
2816 3044 2882 3100 ad
2899 3045 3112 3101 Patrem
3135 3045 3344 3115 refugit,
3365 3045 3503 3114 quod
3528 3045 3619 3099 ille

2053 3135 2107 3189 in
2135 3134 2381 3191 confesso
2409 3146 2571 3201 esset,
2604 3137 2753 3206 quasi
2778 3137 2891 3205 ipse
2927 3137 3160 3192 nondum
3188 3136 3291 3190 tide
3314 3136 3504 3207 dignus
3529 3150 3618 3190 es-

2052 3237 2169 3291 set;
2201 3244 2305 3282 nun
2338 3244 2402 3283 ex
2434 3243 2525 3293 se,
2552 3228 2646 3283 sed
2671 3244 2735 3284 ex
2762 3228 3062 3284 auditorum
3093 3228 3312 3283 stultitia
3352 3236 3406 3282 et
3444 3228 3612 3282 imbe-

2053 3321 2291 3373 cillitate.
2324 3319 2446 3374 Ideo
2488 3330 2732 3389 precatur
2771 3329 2826 3375 et
2866 3320 3035 3375 dicit:
3075 3317 3256 3384 Pater,
3295 3320 3483 3390 gratias
3523 3335 3617 3389 ago

2054 3410 2163 3475 tibi,
2193 3411 2429 3480 quoniam
2476 3412 2666 3465 audisti
2701 3428 2795 3465 me.
2835 3411 2968 3467 Nam
2994 3412 3040 3469 si
3071 3429 3199 3483 quos
3237 3413 3346 3467 vult
3370 3413 3616 3476 vit-ineat,

2053 3513 2101 3555 et
2134 3504 2204 3555 ita
2234 3502 2466 3555 viviﬁcat
2493 3512 2548 3556 ut
2578 3502 2755 3568 Pater,
2783 3517 2880 3557 cur
2909 3513 3155 3571 precatur
3180 3506 3204 3557 tt
3228 3502 3331 3558 Sed
3353 3501 3459 3572 jam
3492 3512 3619 3555 tem-

2056 3607 2153 3661 pus
2204 3602 2284 3645 est
2333 3593 2397 3645 ad
2449 3595 2618 3646 locum
2665 3594 2865 3648 venire.
2897 3593 3155 3648 Tulernnt
3198 3609 3323 3663 ergo
3372 3592 3618 3663 lapidem,

2057 3684 2142 3740 ubi
2168 3693 2285 3739 erat
2304 3695 2542 3739 mortuus
2567 3685 2770 3754 jacens.
2802 3684 2953 3738 Iesus
2977 3695 3166 3746 autem,
3199 3685 3398 3738 elevatis
3423 3700 3620 3736 sursum

2054 3774 2234 3838 oculis,
2264 3775 2391 3828 dixit
2417 3791 2436 3828 :
2471 3774 2649 3840 Pater,
2682 3776 2870 3846 gratias
2896 3791 2991 3845 ago
3029 3776 3135 3839 tibi,
3174 3775 3408 3843 quoniam
3437 3773 3623 3826 audisti

2055 3882 2152 3918 me.
2198 3864 2307 3934 Ego
2349 3874 2512 3917 autem
2550 3865 2763 3918 sciebant
2801 3866 2934 3934 quod
2960 3881 3153 3933 semper
3190 3882 3266 3917 me
3307 3865 3493 3927 audis;
3536 3865 3622 3917 sed

2056 3965 2255 4025 propter
2277 3955 2472 4007 turbam
2500 3955 2900 4009 circumstantem
2928 3954 3056 4017 dixi,
3100 3966 3153 4007 ut
3178 3958 3380 4009 credunt
3418 3955 3533 4022 quia
3569 3965 3622 4007 tu

2056 4059 2134 4097 me
2176 4043 2375 4097 misisti.
2421 4043 2815 4113 lnterrogemus
2843 4058 2969 4112 ergo
3008 4044 3311 4098 hmreticum
3345 4044 3456 4115 (tt):
3497 4060 3620 4097 tttttn

2057 4149 2151 4199 per
2174 4148 2359 4203 preces
2382 4135 2603 4203 gratiam
2631 4144 2989 4203 consequutus
3011 4144 3276 4189 mortuum
3305 4134 3621 4189 suscitavit?

2056 4223 2319 4289 quomodo
2361 4238 2488 4293 ergo
2527 4223 2627 4276 alia
2679 4224 2795 4278 sine
2847 4224 3091 4292 precibus
3131 4232 3379 4292 operatus
3417 4235 3519 4285 εει,
3568 4232 3623 4275 ut

2056 4328 2175 4366 cum
2204 4313 2297 4378 ait,
2324 4312 2437 4366 Tibi
2470 4314 2583 4367 dico
2603 4313 2925 4379 dtemoniunt,
2956 4312 3208 4384 Egredere
3235 4314 3296 4366 ab
3325 4330 3383 4366 eo
3413 4315 3431 4381 (
3456 4313 3621 4367 Marc.

2057 4404 2108 4457 9.
2134 4403 2205 4457 24
2232 4407 2251 4474 )
2280 4419 2295 4469 ;
2327 4411 2399 4470 et,
2441 4402 2586 4467 Volo,
2630 4405 2873 4457 mundare
2901 4403 3075 4472 (Ibid.
3122 4404 3172 4457 1.
3198 4404 3259 4458 41
3287 4411 3305 4472 )
3331 4417 3346 4468 ;
3377 4414 3449 4465 et.
3484 4402 3624 4457 Tolle

2056 4494 2347 4564 grabbatum
2389 4504 2527 4547 tuum
2551 4494 2738 4566 (Joan.
2782 4495 2835 4550 5.
2864 4494 2972 4565 9);
3016 4503 3099 4562 et,
3148 4493 3491 4547 Iiemittuntur
3537 4494 3623 4546 tibi

2058 4595 2258 4653 peccata
2282 4595 2369 4639 tua
2403 4585 2424 4654 (
2450 4586 2628 4639 Matth.
2662 4585 2715 4640 9.
2737 4586 2804 4656 2)
2831 4603 2846 4650 ;
2882 4594 2937 4641 et
2975 4586 3137 4650 mari,
3170 4583 3319 4648 Tace,
3344 4586 3625 4645 obmutesce

2058 4676 2258 4743 (Marc.
2296 4677 2350 4730 4.
2375 4677 2481 4746 59)
2513 4678 2537 4729 ?
2583 4678 2708 4747 quid
2750 4679 2871 4748 plus
2901 4677 3059 4732 habet
3094 4693 3249 4746 quam
3281 4678 3536 4745 apostoli,
3579 4676 3625 4729 si

2057 4775 2110 4820 et
2141 4767 2252 4833 ipse
2292 4768 2535 4833 precibus
2579 4768 2872 4835 operatur?
2913 4768 3024 4822 imo
3052 4784 3120 4822 ne
3154 4770 3251 4836 ipsi
3283 4769 3493 4837 quidem
3533 4784 3624 4836 per

2059 4870 2242 4924 preces
2276 4859 2448 4910 omnia
2488 4858 2749 4912 faciebant
2769 4899 2786 4923 ,
2816 4858 2909 4913 sed
2941 4874 3082 4928 saepe
3110 4860 3225 4913 sine
3255 4859 3499 4928 precibus
3531 4874 3625 4912 no-

2057 4945 2201 4999 mine
2234 4945 2358 4999 Jcsu
2398 4947 2696 5001 utebantur.
2760 4946 2813 5001 Si
2864 4963 2988 5000 vero
3028 4961 3221 5000 nomen
3264 4946 3378 5013 ejus
3427 4957 3623 4999 tantam

2061 5035 2307 5089 virtutem
2334 5036 2533 5101 habuit,
2563 5037 2827 5106 quomodo
2853 5037 2966 5106 ipse
3000 5037 3242 5105 precibus
3268 5051 3402 5104 opus
3427 5036 3624 5090 habue-

2069 5128 2136 5180 rit
2165 5128 2187 5178 ?
2213 5126 2265 5181 Si
2299 5127 2540 5194 precibus
2565 5127 2815 5197 eguisset,
2849 5127 3001 5196 plane
3025 5141 3216 5180 nomen
3237 5125 3353 5193 ejus
3377 5141 3493 5181 eam
3521 5127 3624 5180 vim

2059 5235 2164 5273 non
2219 5219 2509 5273 habuisset.
2541 5218 2672 5271 Cum
2711 5227 2885 5272 autem
2918 5215 3187 5270 hominem
3230 5214 3391 5281 fecit,
3436 5216 3627 5284 quibus

2054 5319 2137 5364 est
2178 5310 2421 5378 precibus
2461 5323 2585 5362 usus
2614 5309 2637 5361 ?
2664 5324 2839 5363 nonne
2871 5315 3036 5362 multa
3068 5307 3137 5362 ibi
3173 5306 3492 5377 aqualitas?
3525 5307 3625 5359 Fu-

2063 5401 2273 5465 ciamus,
2313 5399 2500 5468 inquit,
2547 5399 2796 5452 hominem
2827 5398 2846 5467 (
2872 5395 2998 5451 Gen.
3032 5398 3082 5450 1.
3111 5396 3238 5466 26).
3268 5398 3404 5463 Quid
3447 5409 3626 5451 autem

2060 5657 2069 5666 .
2121 5592 2436 5703 (aliitcrctici
2472 5596 2655 5656 quidam
2697 5590 2925 5646 dicebant
2969 5592 3208 5646 Christum
3256 5597 3480 5657 precibus
3507 5609 3629 5658 Opus

2061 5669 2119 5703 ita
2143 5672 2260 5703 ιρι-ρ.

2061 5669 2236 5705 itttlittt'c
2248 5692 2260 5706 .
