4072 6152
432 296 535 369 suo

432 429 543 465 nms
562 427 672 464 cum
695 409 789 474 sic,
813 408 1001 461 venient
1030 404 1268 469 Romani,
1295 414 1340 459 et
1367 404 1542 460 tollent
1564 414 1757 476 gentem
1785 411 2008 458 nostram

435 509 480 555 rt
521 498 788 554 ciuitatem.
817 495 954 562 Quid
977 498 1148 550 facere
1176 495 1469 550 deliberant
1499 495 1563 550 ιῖ
1591 494 1847 565 Populum
1871 508 2003 549 con-

352 636 357 641 .
428 592 595 645 citare
621 588 835 654 volunt,
866 597 922 642 ut
950 586 1367 657 periclitaturam
1399 588 1467 641 ob
1499 586 1794 657 tyrannidis
1832 585 2004 655 suspi-

426 683 656 735 cionem.
685 678 741 734 Si
780 678 989 737 discant
1034 678 1255 732 Romani
1287 678 1459 747 ipsum
1499 680 1860 748 circmnagere
1890 686 2002 731 tur-

427 772 567 838 bam,
597 785 696 826 nos
718 779 991 839 suSpectos
1019 769 1310 836 habebunt,
1360 781 1411 825 et
1458 771 1670 826 venient
1710 771 2001 840 tenentque

426 875 660 920 nostram
707 862 994 917 civitatem.
1043 860 1151 916 Cur
1192 861 1418 931 qumso‘t
1469 877 1595 916 num
1644 860 1996 917 defectionem

422 951 646 1008 docebat
675 952 699 1005 ?
725 963 904 1005 nonne
924 949 1143 1019 jubebat
1174 950 1426 1004 tributum
1455 950 1581 1004 dare
1618 948 1860 1004 Caesari?
1899 964 1996 1003 an-

425 1060 529 1096 non
553 1057 673 1097 eum
697 1042 844 1095 illum
867 1054 1047 1110 regem
1071 1039 1243 1095 facere
1259 1039 1537 1106 volebatis,
1559 1038 1800 1110 aufugit?
1819 1055 1993 1094 annon

427 1134 585 1187 vilem
615 1141 670 1186 et
687 1132 801 1186 sine
825 1130 966 1185 fastu
998 1131 1157 1185 vitam
1184 1129 1431 1197 ducebat,
1460 1131 1577 1186 sine
1600 1130 1759 1185 domo
1797 1137 1852 1185 et
1876 1130 1993 1184 aliis

424 1214 724 1296 huiusmodi
749 1224 774 1278 ?
799 1224 925 1278 Haec
948 1222 1213 1288 dicebant,
1248 1237 1352 1277 non
1385 1230 1702 1286 metuentes,
1724 1221 1817 1276 sed
1848 1221 1991 1276 invi-

420 1316 630 1370 dentes.
677 1314 869 1369 Verum
903 1313 952 1367 id
996 1313 1250 1381 contigit,
1297 1312 1437 1380 quod
1470 1312 1686 1366 minimc
1716 1321 1992 1379 exspecta-

421 1406 579 1468 bant.
606 1416 661 1462 et
689 1415 897 1475 gentem
936 1413 989 1459 et
1024 1404 1207 1458 urbem
1239 1412 1489 1470 ceperunt
1515 1442 1529 1463 ,
1561 1403 1679 1470 quia
1718 1401 1987 1455 Christum

420 1499 518 1567 ipsi
549 1478 873 1554 occiderant.
905 1495 1072 1550 Erant
1111 1502 1258 1563 gesta
1308 1493 1451 1548 illius
1500 1493 1679 1562 procul
1708 1493 1852 1546 omni
1899 1506 1986 1546 su-

415 1590 673 1660 spicione.
702 1587 832 1643 Nam
862 1586 951 1657 qui
978 1601 1150 1655 aegros
1178 1584 1397 1639 sanabat
1423 1625 1438 1649 ,
1471 1586 1559 1654 qui
1586 1584 1842 1653 optimum
1866 1583 1986 1637 vitze

413 1682 707 1739 institutum
750 1680 992 1747 docebat,
1029 1687 1083 1734 et
1100 1676 1432 1748 .principibus
1458 1675 1907 1746 parerejubebat,
1941 1675 2019 1730 is-

413 1790 517 1828 non
560 1771 861 1836 aﬂ’ectabat,
891 1769 981 1826 sed
1012 1769 1349 1840 propulsabat
1380 1767 1728 1840 tyrannidem.
1775 1769 1875 1832 At,
1906 1768 1985 1820 in-

412 1866 634 1937 quiunt,
667 1864 719 1919 id
758 1878 821 1918 ex
853 1860 1218 1936 superioribus
1242 1858 1623 1929 conjectamus.
1656 1857 1854 1912 Verum
1884 1857 1980 1926 ipsi

412 1953 768 2010 defectionem
796 1951 1077 2014 docebant,
1124 1965 1279 2003 secus
1323 1948 1433 2002 ille.
1482 1946 1671 2002 Viden’
1710 1947 1797 2001 illa
1842 1946 1980 2000 dicta
2038 2013 2042 2017 ,

412 2043 804 2099 simulationem
834 2041 1045 2096 fuisse?
1086 2039 1220 2107 Quid
1250 2040 1392 2095 enim
1433 2038 1605 2093 simile
1652 2037 1981 2093 exhibebat?

409 2150 533 2190 num
558 2132 873 2190 satellitibus
911 2130 1250 2200 stipahatur?
1294 2145 1418 2183 num
1454 2144 1644 2184 currus
1690 2127 1980 2184 trahebat?

404 2241 581 2282 annon
609 2224 920 2281 solitudines
949 2223 1130 2277 obibat
1157 2222 1181 2276 ?
1207 2220 1313 2278 Sed
1344 2237 1412 2276 ne
1441 2222 1746 2277 viderentur
1773 2221 1884 2275 hanc
1911 2236 1974 2275 ex

403 2315 564 2371 animi
606 2315 687 2371 sui
729 2314 917 2369 morbo
948 2313 1145 2375 dicere,
1193 2313 1460 2367 civitatem
1492 2320 1653 2365 totam
1688 2311 1970 2380 periclitari

401 2409 601 2472 dicunt,
630 2416 685 2462 et
710 2404 1014 2474 reipublicae
1043 2402 1263 2459 insidias
1294 2402 1486 2472 parari,
1516 2415 1677 2471 seque
1706 2401 1773 2455 de
1796 2411 1974 2457 extre-

400 2500 502 2555 mis
527 2508 785 2553 metuere.
827 2495 942 2550 Non
983 2494 1097 2549 haec
1134 2494 1285 2549 vobis
1326 2492 1644 2563 captivitatis
1671 2508 1827 2548 causa
1859 2491 1967 2548 fue-

398 2598 559 2657 runt;
588 2587 684 2645 sed
725 2586 808 2642 bis
848 2587 1134 2649 contraria,
1166 2593 1220 2639 et
1248 2585 1384 2639 hanc
1411 2594 1464 2639 et
1493 2584 1890 2657 Babylonicam,
1919 2594 1974 2640 et

398 2682 543 2736 illam
585 2695 703 2751 quas
744 2680 842 2735 sub
884 2676 1146 2733 Antiocho
1174 2677 1392 2747 contigit
1437 2687 1759 2747 pepererunt

396 2772 539 2842 quod
567 2770 707 2842 apud
733 2785 828 2824 vos
859 2770 951 2824 Dei
978 2768 1212 2824 cultores
1251 2775 1452 2829 essent,
1483 2766 1577 2821 sed
1603 2766 1743 2836 quod
1789 2765 1971 2835 injusti

395 2873 452 2921 et
481 2864 646 2920 Deum
676 2863 946 2918 irritantes
974 2878 989 2929 ;
1017 2860 1119 2916 boc
1147 2857 1521 2928 vosprodidit.
1547 2857 1744 2912 Verum
1776 2857 1967 2926 hujus-

392 2954 533 3010 modi
560 2969 645 3010 res
670 2963 749 3009 est
779 2952 973 3007 invidia
1004 2968 1020 3008 :
1043 2950 1175 3005 nihil
1199 2951 1451 3005 decorum
1478 2948 1607 3003 sinit
1653 2948 1851 3013 videre,
1872 2964 1967 3003 ex-

394 3053 590 3100 caecato
618 3040 787 3100 semel
829 3042 1027 3096 animo.
1059 3039 1244 3095 Nonne
1274 3040 1430 3093 mites
1464 3053 1582 3093 esse
1610 3036 1853 3093 Christus
1881 3037 1970 3091 do-
2000 3100 2003 3101 ν

391 3137 537 3193 cuit?
558 3149 735 3191 nonne
759 3133 927 3204 alapis
950 3146 1119 3187 caesos
1140 3131 1191 3185 in
1213 3130 1452 3197 dextera,
1474 3130 1696 3184 alteram
1718 3128 1967 3185 vertere?

393 3241 569 3281 nonne
611 3222 805 3293 injuria
831 3221 1053 3277 affectos
1083 3206 1313 3276 tolerare
1341 3220 1364 3274 ?
1408 3235 1585 3275 nonne
1612 3220 1869 3289 majorem
1899 3219 1964 3275 ad

393 3318 529 3372 mala
568 3315 834 3385 patienda,
866 3327 1026 3385 quam
1067 3312 1155 3368 alii
1185 3313 1252 3368 ad
1282 3312 1423 3368 mala
1453 3312 1691 3368 facienda
1725 3313 1961 3367 animum

389 3411 643 3464 exhibere
669 3409 693 3462 2
739 3406 984 3462 Haeecine
1032 3405 1359 3478 tyrannidem
1390 3402 1690 3461 alfectantis
1716 3403 1739 3458 ?
1785 3419 1961 3460 annon
1992 3472 1995 3473 ν

389 3500 564 3570 potius
585 3496 946 3569 propulsantis
978 3495 1003 3550 2
1546 3578 1549 3583 1

457 3594 513 3647 ι.
554 3590 750 3645 Verum
776 3629 790 3654 ,
822 3597 880 3644 ut
905 3587 1050 3653 dixi,
1081 3587 1257 3658 gravis
1285 3594 1369 3643 est
1397 3586 1591 3642 invidia
1613 3627 1627 3651 ,
1656 3595 1712 3643 et
1739 3586 1961 3641 simula-

384 3683 531 3738 tione
557 3681 731 3750 plena.
763 3678 889 3735 Haec
912 3678 1094 3734 orbem
1146 3678 1441 3733 innumeris
1492 3678 1731 3748 implevit
1758 3676 1911 3733 malis
1941 3695 1957 3735 :

387 3772 548 3842 hujus
583 3769 757 3825 morbi
794 3783 985 3833 causa,
1015 3769 1124 3822 reis
1153 3776 1207 3823 et
1232 3769 1404 3824 noxiis
1429 3768 1711 3824 tribunalia
1741 3768 1956 3838 replen-

386 3872 472 3916 tnr
504 3877 521 3917 :
560 3859 686 3916 hinc
718 3858 890 3914 oritur
933 3856 1113 3929 gloria:
1143 3868 1198 3913 et
1239 3859 1580 3929 pecuniarum
1621 3874 1795 3925 amor,
1838 3859 1961 3916 hinc

382 3967 536 4008 amor
563 3951 890 4022 principatus
908 3992 924 4017 ,
958 3934 1081 4005 hinc
1108 3950 1353 4018 superbia
1388 3968 1402 4004 :
1436 3950 1559 4006 hinc
1588 3952 1688 4005 via:
1715 3951 1959 4007 scelestis

380 4041 704 4107 latronibus,
746 4055 897 4097 mare
938 4041 1122 4111 piratis
1151 4040 1428 4097 infestatur
1460 4059 1474 4095 :
1508 4042 1631 4097 hinc
1658 4042 1835 4097 caedes
1863 4058 1958 4113 per

378 4134 587 4200 orbem,
629 4131 756 4188 hinc
796 4145 963 4204 genus
1002 4140 1242 4189 nostrum
1280 4133 1620 4202 discerpitur.
1647 4132 1953 4202 Quodcum-

377 4240 483 4296 que
508 4225 704 4279 malum
734 4224 915 4291 vides,
961 4224 1084 4279 inde
1114 4224 1468 4295 proficiscitur
1501 4242 1514 4279 :
1546 4224 1649 4280 hoc
1683 4225 1736 4279 in
1771 4226 1956 4282 Eccle-

379 4317 486 4370 sias
527 4313 742 4386 irrepsit
781 4332 794 4369 :
832 4312 935 4371 hoc
963 4315 1165 4383 jamdiu
1212 4317 1487 4370 innumera
1525 4317 1733 4386 peperit
1766 4319 1904 4371 mala
1936 4334 1951 4370 :

375 4419 613 4460 amorem
639 4405 879 4475 pecuniae
904 4404 1099 4474 ubique
1123 4404 1325 4459 induxit
1358 4423 1372 4460 :
1406 4404 1493 4460 hic
1523 4406 1739 4461 morbus
1763 4417 1953 4462 cuncta

374 4494 653 4560 subvertit,
680 4494 937 4564 justitiam
968 4494 1204 4563 corrupit
1236 4493 1421 4564 (Dona
1444 4495 1620 4558 enim,
1646 4496 1836 4565 inquit,
1868 4514 1952 4549 sa-

374 4585 620 4653 pientium
656 4585 828 4638 oculos
866 4594 1154 4651 exerceant,
1195 4596 1243 4639 et
1297 4596 1551 4655 tamquam
1603 4591 1798 4657 frenum
1837 4589 1948 4655 ori,

372 4681 602 4727 avertant
628 4675 966 4743 correptiones
995 4671 1287 4746 [Eccli.20.
1308 4672 1438 4748 51])
1465 4694 1478 4729 :
1511 4676 1612 4731 hoc
1640 4692 1825 4732 servos
1854 4694 1951 4748 pro

373 4761 559 4817 liberis
591 4760 718 4817 facit
759 4779 774 4816 :
813 4761 881 4817 de
918 4761 1021 4817 hoc
1063 4764 1302 4832 quotidie
1348 4765 1682 4829 disserimus,
1727 4778 1780 4821 et
1819 4769 1949 4823 nihil

373 4852 699 4924 proficimus.
736 4851 885 4909 Feris
916 4853 1125 4923 pejores
1154 4852 1434 4913 efficimur.
1464 4856 1783 4924 pupillorum
1810 4859 1946 4914 bona

369 4945 637 5015 rapimus,
686 4941 875 4998 viduas
920 4942 1181 4997 nudamus
1203 4985 1217 5009 ,
1246 4957 1512 5015 pauperes
1542 4943 1784 5000 ltcdimus
1807 4986 1822 5012 ,
1868 4963 1947 5002 va:

431 5073 1619 5139 'Alilhabentzouidestquodeolwudicere?

1168 291 1225 348 S.
1260 292 1532 349 JOANNIS
1559 287 2027 347 CI‘IRYSOSTOMI
2065 291 2378 349 ARCIIIEP.
2422 296 2949 360 CONSTANTINOP.

1808 2692 2005 2745 :non.

3591 315 3691 372 5'36

2113 415 2276 473 super
2300 421 2378 460 va:
2403 408 2701 477 adjicimus.
2744 413 2831 467 Vte
2851 415 2973 469 mihi
2989 456 3004 485 ,
3028 417 3146 486 quia
3166 419 3320 488 periit
3343 421 3456 490 pius
3478 423 3540 477 de
3559 435 3693 480 terra

2112 492 2300 561 (Nicia.
2348 496 2399 549 7.
2449 497 2525 565 2).
2570 499 2817 558 Nostrum
2861 505 2971 574 jam
3011 515 3095 561 est
3137 506 3354 578 lugere;
3405 512 3513 567 imo
3562 515 3689 569 illud

2109 584 2344 654 quotidie
2382 586 2687 644 dicendum.
2719 592 2862 646 Nihil
2891 596 3156 663 precando
3187 586 3528 669 proficimus,
3563 607 3688 661 nihil

2107 691 2175 730 ex
2206 679 2444 733 consiliis
2474 690 2525 734 et
2553 684 2767 737 monitis
2799 685 3068 742 lucramur
3096 706 3110 741 :
3146 700 3307 744 restat
3340 702 3395 747 ut
3427 694 3686 767 lacrymas

2104 766 2405 824 fundamus.
2456 772 2584 825 lllud
2612 782 2665 828 et
2694 773 2935 831 Christus
2967 778 3087 833 fecit
3119 798 3133 833 :
3161 764 3295 836 cum,
3321 786 3484 840 multa
3528 764 3683 842 iero-

2105 856 2326 927 solymis
2351 862 2547 916 monita
2577 862 2832 928 dedisset,
2862 880 2981 921 cum
3010 868 3059 922 id
3089 869 3190 924 illis
3218 872 3347 926 nihil
3380 877 3678 943 prodesset,

2101 962 2287 1002 eorum
2322 950 2537 1006 deﬂevit
2571 956 2886 1010 caecitatem.
2922 957 3034 1013 Hoc
3055 967 3108 1013 et
3132 958 3407 1032 prephetze
3434 965 3632 1021 faciunt
3665 985 3676 1019 :

2100 1037 2203 1093 hoc
2245 1048 2300 1095 et
2342 1058 2440 1097 nos
2475 1060 2617 1099 nunc
2664 1045 2935 1103 faciamus.
2965 1049 3377 1122 Lacrymarum,
3425 1056 3675 1121 ﬂetuum,

2098 1132 2329 1201 ejulatus
2367 1150 2507 1190 nunc
2548 1145 2754 1207 tempus
2783 1149 2885 1195 est.
2915 1141 3225 1211 Opportune
3250 1145 3492 1202 dicamus
3521 1167 3533 1201 :
3575 1148 3674 1203 l’o-

2099 1231 2209 1277 cate
2234 1222 2455 1295 lugentes
2482 1227 2744 1293 mulieres,
2785 1239 2828 1281 et
2867 1231 2935 1282 ad
2971 1232 3223 1299 sapientes
3263 1235 3476 1303 mittite,
3516 1247 3560 1291 et
3596 1239 3673 1292 lo-

2096 1322 2313 1378 quantur
2354 1312 2499 1381 (Jer.
2547 1313 2599 1369 9.
2643 1316 2771 1386 17).
2803 1317 2891 1373 Sic
2920 1320 3055 1375 forte
3085 1324 3378 1390 poterimus
3432 1327 3670 1381 morbum

2096 1401 2307 1469 abigere
2334 1416 2516 1456 eorum
2555 1388 2642 1473 qui
2684 1406 2826 1461 mdes
2863 1388 3170 1477 splendidas
3200 1423 3512 1468 construunt
3539 1457 3552 1482 ,
3580 1418 3670 1486 qui

2094 1505 2157 1544 ex
2186 1492 2365 1559 rapina
2389 1507 2546 1562 agros
2572 1496 2670 1549 sibi
2702 1510 3033 1568 comparant.

2166 1584 2381 1650 Quinam
2402 1586 2501 1639 sint
2525 1603 2636 1641 vere
2663 1588 3198 1664 lngendi.—Lugendi
3217 1605 3420 1666 tempus
3437 1605 3517 1652 est
3538 1601 3663 1654 :sed

2092 1688 2297 1728 mecum
2341 1691 2435 1732 vos
2474 1677 2650 1748 lugete
2678 1682 2765 1750 qui
2799 1682 2999 1749 nudati,
3027 1686 3116 1754 qui
3146 1687 3252 1740 laesi
3279 1689 3407 1743 estis
3437 1707 3449 1742 :
3483 1701 3663 1745 vestro

2091 1764 2251 1819 luctui
2283 1766 2544 1839 lacrymas
2572 1785 2717 1826 meas
2751 1773 2977 1844 jungite.
3025 1776 3216 1831 Verum
3254 1795 3356 1833 non
3398 1793 3524 1846 nos,
3566 1782 3657 1835 sed

2088 1853 2205 1909 illos
2231 1856 2500 1926 lugeamus
2525 1876 2540 1912 :
2566 1875 2668 1915 non
2702 1877 2795 1917 vos
2820 1863 3093 1930 lmserunt,
3122 1867 3218 1922 sed
3245 1867 3343 1922 sibi
3371 1870 3656 1939 perniciem

2087 1943 2394 1999 intulerunt.
2434 1947 2535 2002 Vos
2560 1950 2702 2004 enim
2734 1967 2828 2020 pro
2856 1954 3045 2022 injuria
3078 1955 3218 2009 illata
3253 1972 3470 2026 regnum
3499 1960 3660 2015 exulo-

2088 2047 2201 2085 rum
2244 2033 2476 2095 habetis:
2508 2038 2578 2091 illi
2623 2054 2720 2107 pro
2762 2041 2910 2096 luero
2949 2044 3265 2112 gehennam.
3310 2046 3436 2102 Ideo
3474 2050 3660 2104 melius

2084 2132 2165 2178 est
2196 2122 2313 2178 laedi
2334 2165 2349 2190 ,
2380 2141 2537 2195 quam
2565 2128 2781 2184 laedere.
2812 2131 3107 2206 Lugeamus
3136 2150 3259 2203 eos,
3293 2152 3399 2191 non
3431 2138 3660 2193 humano

2083 2211 2247 2279 luctu,
2279 2215 2372 2268 sed
2408 2231 2473 2270 ex
2503 2217 2696 2273 divinis
2722 2218 3010 2290 Scripturis
3047 2222 3350 2294 desumpto,
3390 2241 3497 2297 quo
3538 2242 3658 2298 pro-

2082 2305 2253 2374 phetae
2276 2305 2540 2361 luxerunt.
2571 2310 2777 2388 Acerbe
2802 2326 2921 2366 cum
2944 2313 3074 2367 lsaia
3104 2315 3403 2385 lugeamus,
3434 2328 3488 2374 et
3516 2318 3658 2375 dica-

2081 2410 2199 2449 mus
2244 2412 2258 2446 :
2324 2395 2408 2450 γω
2448 2400 2863 2469 conjungentibus
2898 2402 3100 2456 dommn
3152 2404 3354 2473 domui,
3391 2416 3438 2461 et
3479 2425 3657 2480 agrum

2078 2502 2201 2557 agro
2228 2488 2612 2558 adjicientibus,
2642 2500 2696 2543 ut
2721 2508 2753 2544 a
2789 2493 2949 2546 vicino
2978 2494 3172 2565 aliquid
3207 2500 3440 2565 auferant
3463 2539 3477 2565 ,
3508 2515 3654 2553 num-
3684 2500 3685 2505 “

2077 2580 2198 2649 quid
2218 2580 2500 2645 habitabilis
2520 2583 2615 2635 solt
2636 2582 2688 2636 in
2710 2590 2842 2636 terra
2859 2585 2885 2638 ?
2908 2584 3100 2639 Domus
3124 2604 3322 2657 magna:
3340 2599 3384 2642 et
3405 2590 3650 2658 pulchra,

2077 2681 2123 2725 et
2150 2689 2249 2725 non
2275 2682 2417 2726 erunt
2443 2676 2528 2744 qui
2555 2675 2609 2728 in
2639 2675 2710 2730 eis
2738 2675 2957 2730 habitent
3002 2675 3154 2747 (Isai.
3188 2680 3242 2735 5.
3274 2679 3325 2735 8.
3354 2689 3400 2734 et
3428 2682 3503 2746 9).
3546 2683 3652 2738 Lu-

2074 2776 2292 2830 geamus
2314 2779 2433 2817 cum
2462 2763 2733 2832 Nahumo,
2767 2775 2821 2822 et
2860 2783 2980 2822 cum
3012 2769 3100 2822 illo
3141 2770 3379 2825 dicamus
3400 2813 3414 2837 ,
3455 2772 3542 2828 Vw
3566 2777 3653 2839 qni

2073 2853 2292 2919 wdiﬁcat
2332 2854 2383 2906 in
2423 2853 2584 2908 altum
2626 2856 2833 2911 domum
2873 2875 3018 2912 suam
3058 2858 3191 2925 (Jer.
3241 2861 3329 2914 22.
3366 2862 3453 2935 l5)
3488 2881 3502 2916 :
3544 2865 3650 2918 imo

2075 2943 2346 3014 lugeamus
2374 2945 2507 3011 illos,
2535 2955 2591 3000 ut
2621 2955 2745 3004 tunc
2764 2946 3006 3003 Christus
3027 2949 3258 3014 Judaeos,
3289 2961 3340 3007 et
3368 2953 3606 3009 dicamus
3630 2975 3644 3009 :

2082 3036 2170 3092 γω
2195 3037 2330 3092 vobis
2365 3038 2626 3104 divitibus,
2668 3041 2787 3108 quia
2824 3042 3015 3095 habetis
3043 3043 3312 3097 mercedem
3354 3056 3563 3098 vestram
3600 3058 3646 3098 rt

2070 3131 2457 3185 consolationem
2506 3132 2525 3202 (
2542 3130 2668 3186 Luc.
2700 3132 2749 3187 6.
2780 3132 2909 3205 24).
2939 3133 3028 3189 Sic
3049 3175 3064 3200 ,
3097 3151 3275 3204 qumso
3295 3176 3309 3200 ,
3340 3150 3437 3190 nos
3464 3136 3643 3207 Ingere

2070 3236 2175 3276 non
2215 3222 2531 3277 desistamns
2568 3242 2582 3277 :
2616 3232 2668 3277 et
2697 3224 2795 3277 nisi
2827 3233 2977 3295 turpe
3008 3226 3107 3287 sit,
3141 3225 3447 3303 plangamus
3481 3242 3643 3296 super

2068 3312 2291 3368 fratrum
2324 3314 2619 3383 segnitiem.
2654 3314 2730 3369 Ne
2760 3315 3046 3386 lugeamus
3083 3317 3193 3387 jam
3231 3302 3517 3382 mortuum,
3550 3318 3642 3371 sed

2067 3415 2358 3473 raptorem,
2391 3420 2639 3471 avarum,
2674 3407 3014 3474 pecuniarum
3048 3417 3312 3462 amantem
3333 3450 3347 3473 ,
3374 3408 3643 3464 insatiabi-

2066 3494 2192 3550 lem.
2220 3491 2327 3548 Cur
2354 3505 2592 3550 mortuos
2619 3497 2874 3565 lugemus,
2912 3497 3058 3551 nullo
3083 3497 3290 3554 fructu?
3316 3500 3421 3555 llos
3460 3500 3644 3569 lugea-

2065 3600 2206 3652 mus,
2250 3585 2339 3656 qui
2380 3587 2569 3640 mutari
2605 3598 2847 3656 possunt.
2872 3587 3065 3643 Verum
3119 3590 3271 3645 nobis
3316 3590 3640 3660 lugentibus,

2065 3676 2164 3744 ipsi
2203 3674 2428 3731 fortasse
2467 3676 2662 3732 rident.
2706 3680 2775 3732 At
2821 3677 2922 3734 hoc
2959 3694 3171 3749 quoque
3213 3680 3355 3735 luctu
3393 3681 3639 3753 dignmu,

2064 3767 2184 3836 quia
2208 3767 2383 3822 rident
2407 3769 2475 3822 de
2499 3767 2691 3837 quibus
2712 3768 2893 3839 lugere
2916 3779 3207 3837 Oportcrct.
3233 3772 3285 3827 St
3313 3774 3435 3826 tlctn
3460 3782 3643 3827 llOall’O

2064 3866 2429 3917 moverentur,
2459 3856 2774 3912 cessandum
2815 3874 2842 3909 a
2882 3859 3025 3912 luctu
3066 3869 3244 3923 esset,
3277 3876 3396 3915 cum
3429 3862 3503 3914 illi
3529 3863 3639 3929 jam

2062 3946 2128 4000 ad
2168 3946 2593 4000 emendationem
2636 3956 2917 4016 pergerent
2967 3967 2979 4003 :
3020 3963 3206 4004 verum
3248 3950 3368 4019 quia
3409 3951 3482 4004 illi
3526 3951 3641 4006 sine

2061 4051 2221 4091 sensu
2252 4036 2426 4104 supini
2453 4035 2650 4105 jacent,
2683 4052 2781 4090 nos
2808 4036 2984 4092 flendo
3014 4038 3359 4106 persistamus
3378 4080 3392 4105 ,
3424 4053 3527 4093 non
3559 4039 3640 4093 di-

2061 4128 2196 4181 vites
2236 4135 2435 4180 tantum
2460 4167 2474 4191 ,
2514 4127 2606 4181 sed
2642 4128 2800 4182 etiam
2841 4129 3079 4197 pecunia:
3119 4138 3395 4193 amantes,
3428 4144 3636 4184 avaros.

2059 4220 2173 4274 Non
2225 4217 2378 4271 malm
2419 4228 2544 4272 sunt
2581 4218 2799 4282 divitiae,
2825 4220 3019 4289 quippe
3043 4219 3236 4289 quibus
3263 4229 3319 4273 ut
3341 4235 3436 4290 par
3456 4230 3537 4276 est
3562 4222 3638 4275 uti

2061 4324 2343 4379 possumus
2386 4309 2439 4363 in
2486 4324 2775 4379 egenorum
2819 4325 3007 4375 usum;
3051 4310 3145 4365 sed
3186 4312 3411 4366 avaritia
3441 4314 3635 4366 malmn

2058 4409 2175 4463 est,
2228 4413 2348 4467 qua:
2395 4406 2591 4453 aeterna
2646 4400 2782 4467 parit
2828 4399 3107 4469 supplicia.
3153 4401 3449 4469 Lugeamus
3483 4416 3630 4470 ergo.

2058 4490 2220 4545 Forte
2242 4491 2484 4559 qua!de
2515 4501 2767 4559 sequetur
2789 4490 3112 4546 emendatio.
3142 4484 3319 4561 Siqui
3346 4492 3401 4546 in
3432 4496 3530 4547 hoc
3559 4495 3637 4545 in.

2056 4581 2236 4637 cidere
2277 4580 2470 4633 malum
2506 4596 2611 4634 non
2650 4591 2920 4645 eruantur,
2954 4582 3042 4635 alii
3075 4581 3211 4635 forte
3237 4581 3335 4636 sibi
3366 4584 3637 4637 cavisbunt

2057 4688 2124 4727 ne
2153 4673 2205 4726 in
2236 4672 2462 4740 idipsum
2494 4672 2745 4727 incidant.
2780 4674 2932 4727 Faxit
2964 4673 3102 4729 Deus
3130 4686 3182 4727 ut
3210 4685 3261 4728 et
3292 4674 3420 4729 illia
3449 4677 3638 4730 morbo

2056 4762 2370 4827 liberentur,
2405 4770 2461 4815 et
2502 4776 2660 4816 nemo
2686 4773 2925 4817 nostrum
2964 4763 3016 4817 in
3058 4764 3203 4818 illum
3240 4764 3457 4833 incidat,
3497 4771 3555 4821 ut
3581 4764 3636 4820 in

2054 4854 2322 4907 communi
2350 4867 2536 4907 omnes
2564 4854 2821 4923 promissa
2848 4869 3239 4924 consequamur
3268 4856 3429 4921 bona,
3466 4858 3634 4926 gratia

2053 4957 2106 4998 et
2143 4943 2468 5014 benignitate
2497 4945 2702 4999 Domini
2736 4948 2898 5001 nostri
2927 4945 3052 5001 Jesu
3082 4945 3302 5012 Christi,
3354 4948 3436 5001 cui
3466 4949 3647 5018 gloria

2052 5035 2105 5089 in
2138 5034 2332 5089 saecula
2363 5036 2700 5090 saeculorum.
2729 5038 2922 5091 Amen.

3258 5198 3627 5214 ——-———.

1700 5255 2043 5320 HOMILIA
2085 5258 2279 5320 LXV.

375 5357 496 5413 CAP.
539 5356 628 5411 ll.
654 5370 709 5411 ν.
741 5355 829 5413 49.
885 5353 1031 5412 Unus
1064 5366 1235 5409 autem
1272 5370 1337 5409 ea:
1374 5353 1479 5410 illis
1523 5354 1745 5425 Caiphas
1767 5399 1781 5425 ,
1826 5376 1941 5412 cum

434 5454 562 5501 esset
608 5446 838 5516 ponti!»
881 5446 1005 5501 anni
1051 5445 1210 5509 illius,
1255 5445 1383 5500 dixit
1423 5445 1495 5501 eis
1540 5462 1561 5501 :
1612 5445 1710 5500 Vos
1744 5448 1942 5503 nescitis

432 5534 709 5605 quidquam
730 5573 745 5600 ,
769 5533 858 5591 50.
899 5552 989 5591 nec
1033 5536 1265 5607 cogitatis
1299 5537 1419 5607 quia
1462 5538 1663 5607 expedit
1703 5539 1858 5604 vobis,
1888 5547 1943 5591 ut

436 5642 569 5681 unus
596 5626 842 5679 moriatur
865 5626 1015 5681 homo
1041 5645 1131 5696 pro
1157 5630 1344 5698 papula
1364 5668 1378 5693 ,
1407 5638 1513 5683 etc.

436 5721 489 5781 ι.
530 5718 718 5787 lnﬁxa:
741 5728 856 5772 sunt
878 5727 1047 5786 gentes
1072 5720 1122 5772 in
1149 5721 1382 5792 interitu,
1415 5739 1559 5793 quem
1585 5726 1808 5794 fecerunt
1839 5739 1856 5777 :
1888 5724 1940 5778 in

2056 5359 2232 5429 laqueo
2258 5362 2381 5428 ista,
2422 5378 2569 5431 quem
2593 5362 2983 5431 absconderant,
3025 5365 3414 5435 comprehensus
3447 5376 3517 5419 est
3549 5383 3639 5433 pes

2045 5468 2217 5507 eorum
2249 5452 2418 5525 (Psal.
2450 5453 2504 5510 9.
2538 5455 2648 5525 16).
2689 5455 2801 5511 lloe
2841 5455 3042 5517 Iudicis
3070 5457 3310 5529 contigit.
3344 5457 3445 5526 Ipsi
3480 5474 3632 5511 natu-

2045 5557 2149 5612 que
2184 5542 2466 5608 dicebant,
2495 5544 2845 5599 occidendum
2871 5560 2994 5603 esse
3019 5547 3236 5614 Jesum,
3280 5564 3347 5603 ne
3391 5548 3628 5603 Venirettt

2048 5633 2290 5696 Rninani,
2321 5644 2374 5689 et
2411 5635 2659 5692 tollerent
2698 5638 2934 5706 ipsorum
2983 5647 3197 5709 gentem
3234 5648 3287 5694 et
3332 5628 3626 5693 civitatem.

2045 5724 2328 5794 Postquam
2372 5735 2549 5783 autem
2595 5727 2906 5785 occiderunt
2948 5744 3106 5799 eum,
3150 5729 3265 5787 haec
3290 5730 3431 5801 passi
3455 5736 3628 5786 sunt:
