4072 6152
346 5976 372 6005 1

404 295 505 354 ὅθι

403 409 722 482 φευξόμενοι
759 411 1018 484 ἔπραξαν,
1061 411 1234 465 ταῦτα
1279 413 1464 484 ἐπειδὴ
1499 414 1759 485 ἔπραξαν,
1794 416 1855 467 οὔ
1894 415 1972 467 δι-

402 491 620 559 έφυγον.
656 493 794 545 Ἀλλ’
814 495 843 546 6
871 494 970 564 μὲν
1002 494 1327 565 ἀναιρεθεὶς,
1362 495 1508 548 ἔστιν
1538 499 1595 549 ἐν
1614 499 1889 567 οὐρανοῖς·
1925 498 1973 549 οί

400 571 455 625 δέ
507 573 805 640 ἀνελόντες,
836 577 934 647 τὴν
963 576 1185 643 γέενναν
1234 578 1656 648 κληρονομοῦσι·
1690 580 1865 633 καίτοι
1911 579 1970 631 οὐ

399 653 498 706 ταῦ
512 670 571 708 τα
589 655 910 726 ἐσκέψαντοο
931 658 1067 711 ἀλλά
1085 659 1137 711 τί
1157 677 1172 725 ;
1206 660 1536 721 Ἐϐούλοντο,
1561 663 1742 731 φησὶν,
1767 663 1992 714 ἀνελεῖν

400 736 563 790 αὐτὸν
589 737 697 791 ἀπὸ
721 740 821 809 τῆς
844 742 1057 811 ἡμέρας
1079 742 1310 812 ἐκείνης.
1339 739 1503 796 Εἶπον
1530 745 1658 815 γὰρ,
1679 745 1759 798 ὅτι
1790 746 1978 798 Ἐλεὺο

400 833 613 874 σονται
675 825 729 876 οί
764 823 1044 892 Ῥωμαῖοι,
1076 825 1169 877 καὶ
1199 826 1455 892 ἀροῦσιν
1488 826 1655 896 ἡμῶν
1689 829 1752 880 τὸ
1779 827 1971 892 ἔθνος.

401 898 507 968 Εἷς
547 902 613 957 δέ
646 921 735 968 τις
765 904 835 970 ἐξ
868 906 1066 959 αὐτῶν
1098 908 1385 975 Καϊάέας,
1421 909 1728 978 ἀρχιερεὺς
1756 910 1840 962 ὢν
1871 908 1977 962 τοῦ

400 982 680 1038 ἐνιαυτοῦ
725 985 982 1049 ἐκείνου,
1011 984 1200 1051 εἶπεν,
1243 991 1722 1060 ἀναισχυντότερος
1747 990 1822 1043 ὢν
1867 990 1975 1042 τῶν

404 1064 639 1119 λοιπῶν·
679 1067 877 1136 Ὑμεῖς
909 1071 1022 1122 οὐκ
1071 1069 1269 1124 οῖδατε
1310 1071 1510 1125 οὐδέν,
1556 1073 1732 1142 "Am-:9
1779 1074 1975 1125 ἐκεῖνοι

402 1148 767 1218 ἀμφέϐαλλον,
804 1151 898 1204 καὶ
929 1155 985 1204 ἐν
1015 1151 1162 1216 τάξει
1204 1153 1397 1224 βουλῆς
1430 1154 1805 1224 προετίθεσαν,
1840 1153 1978 1218 (ἐλε-

405 1248 499 1300 γον
540 1232 676 1303 γάρ·
714 1233 774 1286 Τί
809 1233 1159 1303 ποιοῦμεν;)
1204 1235 1359 1288 τοῦτο
1407 1229 1560 1298 οὗτος
1606 1235 1977 1305 ἀναισχύντως

408 1312 502 1366 καὶ
523 1316 700 1384 γυμνῇ
722 1317 787 1384 τῇ
811 1316 1040 1387 κεφαλῇ,
1067 1317 1161 1369 καὶ
1189 1317 1326 1386 μετά
1357 1317 1675 1387 ἰταμότητος
1694 1316 1972 1387 ἀνεϐόησε.

407 1394 472 1446 Τί
500 1397 606 1465 γάρ
632 1411 795 1464 φησιν
814 1386 843 1461 ;’
863 1397 1059 1465 Ὑμεῖς
1083 1400 1193 1452 οὐκ
1219 1398 1418 1453 οἴδατε
1449 1386 1650 1462 οὐδὲν,
1678 1398 1821 1452 οὐδέ
1851 1386 1975 1453 διαο

402 1476 706 1545 λογίζεσθε
739 1478 829 1531 ὅτι
864 1480 1173 1549 συμφέρει,
1217 1482 1318 1535 ἵνα
1346 1478 1434 1548 εἷς
1481 1481 1789 1551 ἄνθρωπος
1826 1483 1974 1538 ἁπο-

401 1559 571 1631 θάνῃ,
600 1561 697 1614 καὶ
733 1560 819 1630 μὴ
853 1560 1002 1615 ὅλον
1032 1564 1097 1617 τὸ
1131 1563 1307 1631 ἔθνος
1333 1566 1653 1634 ἀπόληται.
1702 1566 1879 1620 Τοῦτο
1907 1566 1976 1619 δὲ

398 1644 509 1696 οὐκ
529 1640 718 1778 ἐίῖεν
757 1645 855 1714 ἀρ’
885 1646 1122 1713 ἑαυτοῦ,
1148 1648 1310 1702 ἀλλὰ
1355 1647 1811 1718 προεφήτευσεν
1840 1649 1976 1718 ἀρχ-

399 1741 591 1778 ιεοευσ
668 1743 726 1778 ν.

399 1741 591 1793 ιερευς
621 1741 726 1781 ων.

480 1889 642 1961 Ὁρᾷς
675 1890 812 1960 πόση
836 1889 934 1962 τῆς
962 1890 1358 1961 ἀρχιερατικῆς
1382 1889 1628 1955 ἐξουσίας
1651 1893 1684 1962 ἡ
1715 1889 1974 1962 δύναμις;

412 1971 631 2043 Ἐπειδὴ
663 1972 771 2042 γὰρ
803 1973 939 2034 ὅλως
969 1972 1167 2041 ήξίωτο
1204 1973 1303 2043 τῆς
1336 1973 1768 2044 ἀρχιερωσύνης,
1798 1974 1975 2027 καίτοι

398 2053 614 2119 ἀνάξιος
639 2054 714 2109 ὢν
741 2055 835 2109 τοῦ
862 2056 1209 2127 πράγματος,
1243 2059 1668 2128 προεφήτευσεν,
1695 2058 1795 2111 οὐκ
1822 2057 1976 2123 εἰδὼς

400 2132 544 2203 άπερ
571 2133 752 2203 ελεγε’
784 2135 878 2188 κα)⁵
898 2135 977 2205 τῷ
1007 2134 1232 2206 στόματι
1269 2136 1430 2206 μόνον
1449 2135 1766 2207 ἐκέχρητοή
1792 2136 1973 2207 χάρις,

396 2217 498 2288 τῆς
524 2217 581 2272 δέ
613 2220 814 2289 μιαρᾶς
853 2217 1080 2288 καρδίας
1111 2220 1209 2290 οὐχ
1252 2218 1444 2289 ἥψατο.
1476 2219 1669 2273 Πολλοὶ
1711 2218 1844 2289 γοῦν
1878 2219 1976 2274 καὶ

397 2299 547 2355 ἄλλοι
571 2300 639 2355 τὰ
671 2300 928 2370 μέλλοντα
956 2296 1129 2367 εἷπον,
1158 2300 1366 2367 ἀνάξιοι
1393 2301 1565 2366 ὄντες,
1591 2302 1619 2355 6
1646 2301 1977 2373 Ναϐουχοδο-

396 2382 578 2455 νόσορ,
617 2386 646 2437 6
680 2381 899 2454 Q0906),
946 2384 975 2436 6
1018 2383 1283 2455 Βαλαάμ·
1334 2384 1431 2438 καὶ
1482 2385 1700 2439 πάντων
1749 2386 1778 2455 ή
1826 2384 1976 2438 αἰτία

396 2465 551 2537 δήλη.
583 2468 647 2520 Ὃ
674 2466 730 2520 δὲ
764 2465 947 2534 λέγει,
993 2465 1232 2520 τοιοῦτόν
1266 2467 1414 2521 ἐστιν
1434 2483 1448 2497 ·
1493 2466 1680 2538 Ὑμεῖς
1712 2466 1974 2538 κάθησθε,

397 2546 477 2601 ἔτι
514 2548 868 2619 ὀκνηρότερον
914 2547 992 2619 τῷ
1045 2550 1333 2621 πράγματι
1379 2551 1705 2621 προσέχετε,
1746 2550 1841 2604 καὶ
1876 2550 1976 2604 οὐκ

399 2633 512 2686 ι’στε
557 2633 673 2696 ἐνὸς
716 2632 907 2703 ἀνδρὸς
940 2633 1214 2705 σωτηρίας
1248 2632 1389 2704 ὑπὲρ
1420 2632 1516 2687 τοῦ
1563 2633 1744 2687 κοινοῦ
1797 2652 1971 2689 κατα-

398 2715 680 2785 φρονῆσαι.
728 2715 870 2787 Ὅρα
919 2715 1059 2787 πόση
1107 2715 1204 2770 τοῦ
1257 2716 1577 2787 Πνεύματος
1624 2718 1657 2788 ἡ
1705 2716 1930 2788 δύναμις
1956 2734 1969 2746 ο

397 2796 505 2851 ἀπὸ
522 2797 755 2863 διανοίας
781 2801 1018 2871 πονηρᾶς
1038 2801 1221 2870 ἴσχυσε
1242 2802 1458 2873 ῥήματα
1473 2818 1669 2873 προενε
1680 2804 1826 2870 γκεῖν
1843 2819 1976 2873 προσ

398 2882 626 2951 φητείας
656 2883 896 2953 γέμοντα
929 2884 1266 2956 θαυμαστῆς.
1294 2885 1471 2938 Τέκνα
1497 2885 1554 2938 δέ
1583 2885 1717 2939 Θεοῦ
1749 2887 1816 2939 τὰ
1846 2886 1972 2956 ἔθνη

397 2962 552 3016 καλεῖ
586 2966 613 3017 6
645 2965 1065 3036 εὐαγγελιστής,
1108 2967 1217 3020 ἀπὸ
1248 2966 1341 3019 τοῦ
1391 2966 1675 3035 μέλλοντος
1718 2967 1937 3020 ἔσεσθαι
1957 2984 1971 2998 ο

396 3045 585 3117 ὥσπερ
611 3044 702 3101 οῦν
732 3048 825 3101 καὶ
855 3048 1013 3110 αὑτός
1036 3065 1197 3118 φησιο
1223 3048 1333 3102 Καὶ
1362 3047 1524 3102 ἄλλα
1551 3050 1813 3116 πρόϐατα
1833 3051 1970 3117 ἔχω,

398 3130 494 3183 καὶ
544 3130 708 3192 αὐτὸς
757 3131 863 3183 ἀπὸ
914 3130 1010 3183 τοῦ
1048 3130 1332 3201 μέλλοντος
1380 3132 1520 3184 αὐτὰ
1567 3131 1768 3186 καλῶν.
1816 3132 1880 3183 Τί
1917 3132 1974 3184 δέ

399 3215 568 3275 ἐστιν,
609 3212 934 3280 Ἀρχιερεὺς
968 3212 1054 3266 ὢν
1081 3213 1187 3266 τοῦ
1213 3214 1492 3267 ἐνιαυτοῦ
1522 3213 1790 3276 ἐκείνου;
1819 3213 1973 3266 Μετά

397 3294 506 3346 τῶν
531 3293 708 3347 ἄλλων
738 3295 831 3348 καὶ
859 3292 1019 3348 τοῦτο
1041 3293 1351 3367 διέφθαρτο.
1381 3296 1578 3348 Ούκέτι
1604 3295 1710 3366 γάρ
1737 3296 1827 3349 τὸν
1855 3296 1976 3365 χρό-

396 3394 486 3429 νον
514 3376 728 3429 ἀπαντα
755 3376 857 3444 τῆς
887 3375 1030 3447 ζωῆς
1059 3377 1357 3448 ίεράτευον,
1385 3378 1498 3431 ἀλλ’
1526 3380 1790 3438 ἐνιαυτὸν,
1828 3379 1887 3444 ἐξ
1913 3372 1973 3433 οὗ

396 3458 679 3526 γεγόνασιν
720 3456 926 3528 ὠνηταὶ
958 3460 1016 3512 αί
1060 3459 1247 3531 ἀρχαί.
1297 3460 1442 3530 Πλὴν
1494 3460 1629 3513 άλλά
1678 3459 1774 3513 καὶ
1830 3459 1974 3513 οὔτω

396 3545 579 3613 παρῆν
610 3542 687 3594 έτι
731 3541 792 3595 τὸ
824 3541 1067 3613 Πνεῦμα.
1107 3544 1325 3615 Ἐπειδὴ
1357 3544 1415 3598 δέ
1465 3544 1564 3607 τὰς
1609 3547 1797 3614 χεῖρας
1830 3539 1972 3615 ῆραν

397 3626 537 3677 κατά
584 3624 677 3677 τοῦ
724 3622 991 3695 Χριστοῦ,
1046 3625 1108 3678 τὸ
1160 3624 1458 3697 τηνικαῦτα
1522 3626 1719 3689 αὐτοὺς
1778 3627 1974 3694 ἐγκατ-

398 3706 571 3770 έλιπε,
594 3708 688 3759 καὶ
723 3707 985 3777 μετῆλθεν
1023 3708 1117 3760 ἐπὶ
1142 3709 1269 3771 τοὺς
1300 3708 1646 3770 ἀποστόλους.
1675 3710 1784 3763 Καὶ
1814 3709 1973 3762 τοῦτο

396 3787 457 3839 τὸ
495 3789 891 3860 καταπέτασμα
927 3789 1115 3860 ἐδήλου
1148 3791 1488 3861 σχιζόμενον,
1531 3793 1625 3846 καὶ
1656 3797 1688 3862 ἡ
1718 3791 1812 3845 τοῦ
1840 3794 1974 3862 Χρι-

397 3869 525 3923 στοῦ
564 3870 714 3942 φωνὴ
743 3873 776 3939 ή
811 3871 1043 3940 λέγουσα
1064 3891 1077 3905 ο
1114 3873 1260 3927 Ἰδοὺ
1288 3875 1522 3944 ἀφίεται
1551 3878 1583 3929 ὁ
1614 3872 1779 3941 οἶκος
1805 3876 1974 3944 ὑμῶν

398 3952 546 4025 [590]
583 3953 822 4023 ἕρημος.
864 3955 973 4008 Καὶ
1006 3953 1264 4027 Ἰώσηπος
1283 3957 1339 4010 δὲ
1362 3958 1499 4028 μετά
1520 3956 1725 4028 βραχὺν
1747 3958 1973 4027 γενόμε-

393 4052 480 4099 νος
498 4036 711 4105 χρόνον,
725 4037 828 4109 ἔφη
846 4038 997 4103 τινὰς
1015 4039 1277 4107 ἀγγέλους
1292 4042 1418 4104 τοὺς
1435 4041 1515 4094 ἔτι
1535 4042 1969 4113 παραμένοντας,

394 4120 441 4171 εἰ
483 4119 557 4189 μὴ
607 4118 916 4192 βουληθεῖεν
969 4123 1167 4175 ἐκεῖνοι
1228 4123 1599 4194 μεταστῆναι,
1649 4124 1972 4179 καταλιπεῖν

393 4199 609 4265 αὐτούς.
640 4203 786 4267 Ἕως
831 4205 929 4273 μὲν
960 4204 1069 4275 γάρ
1100 4205 1129 4257 6
1172 4204 1433 4275 ἀμπελὼν
1471 4207 1746 4279 εἱστήκει,
1793 4206 1970 4262 πάντα

393 4284 631 4350 ἐγίνετο·
679 4286 862 4356 ἐπειδὴ
891 4286 948 4339 δέ
976 4288 1065 4341 τὸν
1111 4287 1445 4359 κληρονόμον
1493 4290 1838 4354 ἀπέκτειναν,
1870 4292 1970 4345 οὐκ

393 4366 494 4429 ἔτι,
536 4367 648 4420 ἀλλ’
690 4367 997 4422 ἀπώλοντο·
1029 4369 1125 4422 καὶ
1158 4370 1408 4440 καθάπερ
1455 4371 1670 4440 ἱμάτιον
1714 4372 1968 4442 λαμπρὸν

393 4447 501 4500 ἀπὸ
527 4449 716 4513 παιδὸς
742 4451 1037 4521 ἀχρήστου,
1079 4450 1188 4503 τῶν
1221 4452 1511 4514 Ἰουδαίων,
1550 4451 1732 4506 λαϐὼν
1756 4454 1785 4506 6
1814 4454 1966 4521 Θεὸς,

392 4533 504 4593 τοῖς
527 4531 833 4600 εὐγνώμοσι
858 4532 1064 4595 δούλοις
1092 4532 1259 4585 έδωκε
1288 4535 1401 4597 τοῖς
1430 4532 1489 4599 ἐξ
1511 4532 1700 4598 ἐθνῶν,
1727 4535 1970 4600 ἐκείνους

393 4612 635 4680 ἐρήμους
664 4613 816 4680 ἀφεὶς
848 4615 943 4666 καὶ
965 4614 1223 4683 γυμνούς.
1242 4615 1318 4669 Οὔ
1339 4615 1534 4688 μικρὸν
1562 4617 1618 4669 δέ
1634 4617 1790 4671 τοῦτο
1805 4613 1894 4690 ῆν,
1911 4620 1971 4673 τὸ

395 4694 489 4746 καὶ
517 4694 606 4747 τὸν
639 4694 833 4764 ἐχθρὸν
863 4696 1238 4766 προφητεῦσαι
1274 4697 1470 4752 ταῦτα.
1501 4698 1674 4751 Τοῦτο
1706 4701 1801 4753 καὶ
1843 4703 1971 4765 τοὺς

393 4777 584 4841 ἄλλους
622 4778 1028 4834 ἐπισπάσασθαι
1067 4779 1317 4848 ἠδύνατο.
1357 4781 1518 4836 Κατά
1574 4782 1672 4852 μὲν
1715 4784 1824 4855 γάρ
1871 4784 1969 4855 τὴν

392 4860 558 4916 αὐτοῦ
611 4860 951 4937 προαίρεσιν,
1002 4860 1260 4926 ἐναντίως
1307 4863 1488 4935 ἐξέϐη.
1534 4863 1753 4937 Ἐπειδὴ
1806 4865 1967 4936 γάρι

389 4943 650 5009 ἀπέθανε,
680 4943 769 5000 διά
792 4934 963 4998 ’τοῦτο
989 4945 1089 5015 τῆς
1127 4945 1426 5017 μελλούσης
1458 4934 1751 5011 κολάσεως
1789 4934 1968 5019 ἀπηλ-

389 5026 634 5099 λάγησαν
662 5030 713 5082 οἰ
753 5028 953 5082 πιστοί.
1001 5028 1065 5081 Τί
1108 5030 1278 5096 ἐστιν,
1303 5030 1429 5085 Ἵνα
1467 5030 1781 5102 συναγάγῃ
1826 5032 1968 5100 τοὺς

387 5112 589 5182 ἐγγὺς,
617 5113 714 5166 καὶ
743 5111 884 5178 τοὺς
905 5111 1179 5181 μακρὰν;
1206 5113 1302 5167 Ἕν
1330 5112 1489 5184 σῶμα
1518 5114 1793 5184 ἐποίησεν.
1827 5114 1885 5169 '0
1909 5117 1968 5169 ἐν

399 5194 589 5271 Ῥώμῃ
612 5196 640 5237 δ
674 5196 985 5269 καθήμενος
1021 5195 1149 5260 τοὺς
1185 5196 1379 5261 Ἰνδοὺς
1407 5196 1566 5268 μέλος
1588 5193 1728 5254 εἶναι
1758 5199 1968 5269 νομίζει

452 5341 598 5414 {Alii
618 5344 778 5414 ἐπειδὴ
897 5341 966 5414 ηδ
989 5341 1331 5414 N9u_Savilii:
1360 5341 1552 5414 Βοὶείιιε
1593 5357 1658 5414 ατ
1709 5341 1968 5414 Τίιεορίιῃ-

385 5401 512 5469 (acto
542 5409 598 5469 _el
645 5401 1002 5469 οιιιιειςιὶοιιίιιιιεΔ
1026 5403 1079 5454 in
1101 5406 1359 5469 Joqnnem,
1377 5404 1547 5469 quibus
1577 5403 1724 5469 etiam
1747 5401 1968 5469 ααιὶίρῐιτ

389 5465 517 5526 (auu-
537 5461 799 5526 ίῃιενρνεδ,
831 5465 957 5515 hunc
984 5464 1143 5515 (0mm
1184 5463 1250 5517 ita
1275 5461 1452 5526 expiet,
1494 5465 1687 5516 omnino
1730 5461 1887 5525 recte;
1920 5466 1966 5513 τί

389 5524 535 5590 ἐστιν,
556 5522 670 5590 Ἵνα
684 5527 1108 5590 συναγάγῃλείςᾲὶνμς
1130 5528 1245 5577 ’Ότι
1266 5522 1374 5585 τοῦς
1393 5522 1527 5590 ἐγγὺς
1546 5529 1627 5590 καὶ
1648 5527 1757 5583 τοὺς
1783 5522 1965 5590 μαιὲράν

388 5585 438 5632 ἓν
460 5585 604 5651 σῷμα
623 5584 837 5652 ᾀποίησε,
858 5584 938 5652 εει
960 5589 986 5634 6
1002 5588 1051 5635 ἐν
1079 5584 1262 5652 Ῥώμῃ.
1289 5584 1367 5639 Ιιε
1387 5584 1548 5651 ρῐεοει
1566 5589 1673 5652 haec
1695 5584 1963 5652 resiilul'io,

388 5651 445 5711 ιιι
476 5642 516 5711 εἰ
542 5642 641 5691 τοι
684 5658 809 5711 μους
826 5642 831 5644 ⁷
851 5648 1004 5711 codex
1028 5708 1041 5711 _
1060 5642 1467 5711 adstipblarethr,
1490 5664 1605 5711 eam
1625 5650 1840 5698 libenter
1888 5642 1963 5696 in;

384 5707 636 5768 giuxissem
686 5706 733 5768 in
778 5709 979 5753 seriem.
1027 5706 1275 5768 lmerpi-es
1318 5706 1553 5760 Arelinus
1596 5710 1717 5758 hanc
1763 5716 1962 5757 secutus

387 5765 650 5833 Icclioqery
680 5767 750 5833 εἰς
787 5768 935 5832 venit
959 5786 970 5812 ς
993 5767 1091 5814 Sed
1116 5765 1229 5828 qdid
1254 5771 1531 5833 signal_._Ut
1568 5775 1886 5831 congregaret
1911 5772 1960 5818 in

390 5824 744 5895 υιιυιηῖηοιιοιί
777 5827 859 5895 q_m'
880 5838 1029 5885 prope
1048 5824 1215 5895 Aet-(ml,
1252 5824 1417 5893 εἴριά
1438 5829 1593 5895 Ionqe,
1615 5824 1961 5893 ιιιῖιιηῖσονριιε

387 5884 620 5943 reddidit,
661 5885 744 5951 qui
790 5884 1074 5947 Romwal,
1134 5884 1230 5937 ett.

1099 296 1157 352 S.
1197 296 1480 352 JOANNIS
1517 294 1998 351 CIIRYSOS'I‘OMI
2038 295 2355 352 ARCHIEP.
2394 294 2938 352 CONSTANTINOP.

3551 296 3657 352 36‘2

2082 416 2296 470 ἑαυτοῦ.
2328 414 2393 468 Τί
2425 415 2627 486 ταύτης
2663 416 2761 485 τῆς
2805 414 3127 483 συναγωγῆς
3167 416 3316 480 ίσον;
3360 416 3470 468 Καὶ
3518 414 3654 467 πάν-

2079 515 2188 550 των
2225 497 2434 568 κεφαλὴ
2477 500 2505 550 ὁ
2543 498 2806 567 Χριστός·
2846 499 2961 549 Ἀπ’
2996 498 3235 561 ἐκείνης
3276 495 3385 561 τῆς
3434 496 3657 565 ἡμέρας

2078 575 2517 628 ἐϐουλεύσαντο
2553 578 2605 628 οί
2643 574 2926 638 Ἰουδαῖοι,
2957 576 3056 627 ἵνα
3089 575 3523 627 ἀποκτείνωσιν
3560 578 3658 628 ιιύο

2074 658 2198 711 τόν.
2242 657 2350 710 Καὶ
2392 657 2497 727 μὴν
2544 656 2808 727 πρότερον
2874 658 3119 726 ἐζήτουν.
3167 657 3329 724 Λέγει
3379 657 3515 727 γάρ·
3555 657 3657 710 Διὰ

2073 738 2245 791 τοῦτο
2273 737 2519 803 ἐζήτουν
2542 742 2601 791 οί
2628 739 2891 792 Ἰουδαῖοι
2917 739 3105 791 αὑτὸν
3130 739 3478 792 ἀποκτεῖναι
3496 757 3509 770 ο
3539 740 3652 806 καὶ,

2080 820 2141 873 Τί
2164 837 2240 888 με
2268 819 2487 889 ζητεῖτε
2511 821 2895 886 damn/sirm;
2935 821 3095 875 Ἀλλά
3124 821 3243 874 τότε
3277 822 3375 893 μὲν
3406 822 3652 893 ἐζήτουν,

2078 902 2168 955 νῦν
2200 904 2255 956 δὲ
2299 905 2392 957 καὶ
2427 904 2709 973 ἐκύρωσαν
2739 904 2837 974 τὴν
2873 903 3121 973 γνώμην,
3158 904 3250 958 καὶ
3291 905 3366 969 ὠς
3392 905 3538 976 ἔργῳ
3578 906 3655 975 τῷ

2075 985 2360 1056 πράγματι
2386 985 2701 1057 κέχρηνται.
2737 987 2967 1053 Ἰησοῦς
3009 985 3076 1039 δὲ
3099 989 3210 1041 οὐκ
3230 989 3317 1043 ἔτι
3347 991 3657 1057 παρρησίᾳ

2073 1068 2408 1135 περιεπάτει
2437 1068 2507 1120 ἐν
2543 1066 2615 1136 τῇ
2651 1068 2920 1135 Ἰουδαίᾳ.
2955 1068 3122 1122 Πάλιν
3152 1070 3505 1141 ἀνθρωπίνως
3533 1073 3655 1124 ἐαυ-

2074 1149 2163 1202 τὸν
2190 1148 2374 1216 σώζει,
2406 1150 2502 1204 καὶ
2534 1150 2771 1221 συνεχῶς
2798 1149 2956 1205 τοῦτο
2982 1161 3006 1190 ο
3043 1154 3205 1206 ποιεῖ.

2147 1301 2211 1369 β’.
2235 1303 2344 1373 Τὴν
2369 1302 2425 1355 δὲ
2448 1303 2627 1357 αἰτίαν
2660 1299 2832 1367 εἷπον,
2849 1304 2916 1357 δι’
2942 1304 3009 1374 ἢν
3041 1302 3298 1367 πολλάκις
3330 1302 3537 1373 ἀπῆλθε
3562 1303 3653 1357 καὶ

2074 1385 2406 1457 ἀνεχώρησε.
2441 1388 2550 1441 Καὶ
2578 1386 2671 1441 νῦν
2720 1387 2885 1456 ἐγγὺς
2915 1387 3012 1457 τῆς
3042 1387 3248 1457 ἐρήμου
3291 1386 3557 1457 διατρίϐει
3595 1388 3654 1439 ἐν

2087 1467 2345 1537 Ἐφρατά,
2391 1469 2483 1521 καὶ
2521 1469 2637 1521 ἐκεῖ
2665 1468 2823 1539 ἔμενε
2865 1469 3002 1539 μετά
3033 1468 3142 1520 τῶν
3174 1466 3431 1539 μαθητῶν
3461 1468 3648 1524 αὑτοῦ.

2074 1549 2198 1613 Πῶς
2227 1551 2327 1604 οἴει
2357 1550 2702 1622 θορυϐεῖσθαι
2736 1553 2861 1615 τοὺς
2898 1551 3164 1622 μαθητὰς,
3209 1550 3447 1622 ὁρῶντας
3489 1551 3651 1604 αὐτὸν

2072 1632 2426 1702 ἀνθρωπίνως
2469 1635 2805 1705 σωζόμενονς
2838 1636 3024 1699 Οὐδεὶς
3067 1634 3249 1689 λοιπὸν
3293 1634 3646 1705 ἠκολούθησε.

2072 1713 2185 1783 Τῆς
2219 1714 2327 1786 γὰρ
2369 1717 2562 1787 ἑορτῆς
2592 1716 2758 1786 οὔσης
2793 1719 2978 1786 ἐγγὺς,
3029 1717 3227 1780 πάντες
3260 1718 3350 1770 ἐπὶ
3386 1717 3455 1770 τά
3489 1719 3651 1788 Ἰερο-

2074 1796 2281 1867 σόλυμα
2324 1797 2574 1869 ἔτρεχον·
2620 1800 2773 1852 αὐτοὶ
2811 1799 2889 1865 δέ,
2921 1801 3009 1853 ὅτε
3058 1799 3256 1863 πάντες
3295 1799 3509 1871 ἔχαιρον
3555 1801 3650 1854 καὶ

2071 1877 2489 1949 ἐπανηγύριξον,
2531 1882 2652 1935 τότε
2703 1881 3069 1954 κρύπτονται,
3113 1883 3234 1935 τότε
3282 1883 3339 1934 ἐν
3389 1882 3651 1946 κινδύνοις

2072 1960 2238 2015 sio-iw
2278 1962 2393 2015 ἀλλ’
2437 1965 2587 2035 ὅμως
2634 1967 2960 2036 παρέμενον.
3004 1967 3113 2018 Καὶ
3164 1966 3272 2037 γὰρ
3306 1968 3363 2019 ἐν
3394 1968 3461 2036 τῇ
3491 1966 3650 2019 Γαλι-

2071 2041 2216 2114 λαίᾳ,
2248 2044 2341 2098 τοῦ
2374 2046 2565 2117 Πάσχα
2596 2046 2747 2111 ὄντος
2781 2049 2875 2102 καὶ
2911 2049 3010 2119 τῆς
3040 2048 3452 2119 Σκηνοπηγίας,
3488 2049 3652 2120 ἐκρύ-

2072 2140 2299 2178 πτοντο⁶
2330 2129 2424 2181 καὶ
2454 2128 2615 2182 πάλιν
2651 2130 2788 2201 μετά
2817 2130 3021 2193 ταῦτα,
3069 2131 3168 2200 τῆς
3211 2131 3407 2201 ἑορτῆς
3449 2129 3647 2200 οὔσης,

2069 2207 2147 2279 τῷ
2176 2209 2396 2278 φεύγειν
2423 2212 2516 2266 καὶ
2540 2212 2618 2284 τῷ
2643 2212 2976 2285 κρύπτεσθαι
3005 2214 3154 2284 μόνοι
3180 2212 3289 2267 τῶν
3309 2213 3480 2268 ἄλλων
3513 2213 3649 2281 μετά

2068 2291 2163 2345 τοῦ
2197 2293 2547 2359 Διδασκάλου,
2591 2296 2690 2367 τὴν
2728 2295 2936 2349 εὔνοιαν
2979 2295 3412 2366 ἐπιδεικνύμενοι
3437 2294 3486 2349 ἀ.
3528 2297 3645 2350 Ἐν-

2069 2374 2256 2430 τεῦθέν
2288 2393 2454 2448 φησιν
2481 2379 2509 2431 6
2539 2380 2752 2442 Λουκᾶς
2785 2379 2945 2430 αὑτὸν
2980 2379 3283 2449 εἰρηκέναι,
3324 2378 3463 2449 Ἐγὼ
3501 2394 3648 2449 παρ-

2067 2457 2271 2527 έμεινα
2296 2461 2439 2530 ὑμῖν
2464 2462 2534 2515 ἐν
2575 2462 2701 2527 τοῖς
2750 2461 3119 2531 πειρασμοῖς.
3154 2461 3340 2516 Ταῦτα
3384 2463 3440 2516 δὲ
3472 2462 3647 2533 ἔλεγε,

2067 2540 2282 2605 δεικνὺς
2322 2544 2403 2596 ὅτι
2437 2545 2587 2617 παρά
2629 2545 2728 2614 τῆς
2764 2544 2928 2597 αὐτοῦ
2978 2544 3152 2614 ῥοπῆς
3196 2544 3637 2614 ἐνδυναμοῦνται.

2067 2624 2294 2679 Πολλοὶ
2322 2625 2389 2679 δὲ
2437 2627 2504 2679 ἐκ
2533 2625 2640 2696 τῆς
2678 2625 2871 2696 χώρας
2896 2626 3201 2693 ἀνέϐησαν
3235 2626 3475 2695 ἁγνίσαι
3513 2627 3646 2681 ἐαυ-

2068 2707 2229 2771 τούς.
2269 2708 2379 2762 Καὶ
2422 2708 2652 2762 ἔδωκαν
2687 2711 3091 2779 παραγγελίας
3129 2713 3181 2763 οί
3224 2710 3516 2780 ἀρχιερεῖς
3551 2711 3647 2765 καί

2067 2792 2122 2842 οἱ
2173 2790 2510 2857 Φαρισαῖοι,
2557 2793 2658 2845 ἵνα
2714 2792 3017 2847 πιάσωσιν
3067 2793 3273 2847 αὐτόν.
3327 2794 3649 2864 Θαυμαστὸς

2069 2874 2352 2943 ἀγνισμὸς,
2389 2876 2525 2945 μετά
2557 2876 2842 2944 μιαιφόνου
2873 2876 3264 2947 προαιρέσεως,
3300 2876 3438 2947 μετά
3462 2878 3649 2950 ἀνδρο-

2068 2958 2228 3025 φόνου
2262 2957 2523 3023 διανοίας,
2560 2957 2698 3028 μετά
2742 2959 3078 3030 ᾐμαγμένων
3121 2959 3336 3031 χειρῶν.
3370 2961 3478 3014 Καὶ
3517 2962 3650 3016 ἕλε-

2066 3055 2201 3105 γον·
2247 3038 2479 3091 Δοκεῖτε
2522 3038 2713 3094 ὅτιού
2749 3039 2835 3110 μὴ
2878 3040 3025 3110 ἔλθῃ
3063 3041 3132 3094 ἐν
3169 3040 3242 3109 τῇ
3298 3042 3512 3110 ἐορτῇ;
3547 3044 3649 3096 Διά

2065 3120 2159 3173 τοῦ
2204 3122 2396 3192 Πάσχα
2428 3121 2803 3186 ἐπεϐούλευον,
2839 3125 2932 3177 καὶ
2973 3125 3063 3178 τὸν
3103 3124 3290 3195 καιρὸν
3328 3126 3426 3196 τῆς
3452 3126 3645 3197 ἑορτῆς

2068 3206 2346 3258 ἐποιοῦντο
2390 3207 2579 3279 καιρὸν
2619 3209 2865 3279 σφαγῆς
2910 3209 3203 3275 τουτέστιν,
3252 3210 3512 3264 Ἐνταῦθα
3543 3213 3643 3265 αὐ-

2068 3286 2159 3339 τὸν
2187 3289 2446 3357 ἐμπεσεῖν
2475 3289 2574 3355 δεῖ,
2599 3290 2692 3343 τοῦ
2724 3292 2917 3363 καιροῦ
2947 3292 3232 3357 καλοῦντος
3253 3293 3433 3347 αὐτόν.
3458 3295 3520 3346 Ὢ
3547 3297 3646 3365 τῆς

2068 3370 2349 3434 ἀσεϐείαςε
2382 3372 2470 3425 ὅτε
2512 3373 2755 3438 πλείονος
2780 3375 2886 3427 ἔδει
2915 3377 3013 3445 τῆς
3044 3375 3352 3439 εὐλαϐείας.
3383 3377 3478 3430 καὶ
3521 3378 3650 3441 τοὺς

2069 3450 2218 3523 [391]
2248 3455 2339 3506 ἐπὶ
2364 3458 2473 3519 τοῖς
2500 3457 2748 3526 ἐσχάτοις
2772 3458 3134 3529 εἰλημμένους
3157 3457 3393 3526 ἀφιέναι,
3415 3458 3535 3512 τότε
3558 3460 3648 3513 τὸν

2066 3534 2218 3588 οὐδὲν
2237 3536 2536 3606 ἠδικηκότα
2556 3538 2818 3609 θηρεῦσαι
2839 3541 3198 3612 ἐπιχειροῦσι.
3216 3541 3409 3595 Καίτοι
3435 3543 3529 3596 καὶ
3547 3545 3647 3615 ήδη

2065 3616 2225 3670 τοῦτο
2255 3621 2601 3689 ποιήσαντες,
2632 3623 2694 3675 οὐ
2733 3622 2893 3692 μόνον
2923 3623 3074 3676 οὐδὲν
3109 3623 3346 3693 ὤνησαν,
3382 3625 3519 3678 άλλά
3548 3628 3643 3679 καὶ

2067 3700 2460 3768 καταγέλαστοι
2486 3704 2762 3771 γεγόνασι.
2784 3703 2883 3758 Διά
2909 3703 3068 3757 τοῦτο
3096 3704 3332 3776 συνεχῶς
3361 3707 3646 3777 ἐμπίπτων

2065 3781 2365 3851 διαφεύγει,
2390 3784 2484 3838 καὶ
2511 3784 2928 3856 βουλευομένους
2954 3797 2976 3824 ε
3002 3786 3164 3840 αὑτὸν
3193 3788 3399 3841 ἀνελεῖν
3428 3790 3649 3859 κατέχει

2067 3866 2164 3919 καὶ
2197 3867 2424 3938 ἀπορεῖν
2469 3871 2630 3935 ποιεῖ,
2659 3871 2725 3940 τῇ
2750 3870 2849 3940 τῆς
2876 3871 3158 3940 δυνάμεως
3184 3872 3454 3937 ἀποδείξει
3481 3891 3643 3927 καταο

2065 3949 2221 4016 νύξαι
2255 3950 2604 4021 βουλόμενοςο
2639 3953 2735 4006 καὶ
2765 3954 2851 4007 ἵνα
2891 3954 3019 4007 ὅταν
3050 3954 3290 4010 λάϐωσιν
3318 3957 3499 4017 αὑτὸν,
3540 3957 3644 4027 μά-

2068 4031 2235 4086 θωσιν
2260 4034 2342 4086 ὅτι
2369 4034 2430 4086 οὐ
2476 4036 2575 4105 τῆς
2603 4036 2808 4099 οἰκείας
2838 4036 3018 4106 ἰσχύος
3042 4032 3130 4107 ῆν,
3154 4037 3287 4092 ἀλλά
3313 4039 3412 4109 τῆς
3438 4040 3647 4093 ἐκείνου

2068 4118 2467 4187 συγχωρήσεως
2508 4117 2569 4170 τὸ
2598 4119 2900 4189 γινόμενον.
2936 4119 3070 4173 Οὐδὲ
3102 4120 3210 4190 γάρ
3246 4120 3368 4174 τότε
3420 4122 3647 4192 ἴσχυσαν

2065 4196 2227 4251 αὐτὸν
2256 4198 2563 4267 συλλαϐεῖν,
2585 4201 2678 4254 καὶ
2701 4200 2874 4255 ταῦτα
2903 4201 3129 4271 πλησίον
3153 4201 3319 4273 οὔσης
3342 4202 3441 4273 τῆς
3477 4204 3647 4274 Βηθα-

2066 4278 2184 4344 νίας
2203 4298 2214 4311 ο
2246 4282 2339 4334 καὶ
2366 4281 2455 4335 ὅτε
2488 4281 2543 4335 δὲ
2575 4282 2887 4343 συνέλαϐον.
2919 4283 3139 4356 ἔρριψεν
3170 4285 3365 4346 αὐτοὺς
3396 4286 3642 4349 ὑπτίους.

2066 4363 2184 4431 Πρὸ
2209 4362 2277 4428 ἐξ
2299 4362 2368 4417 δὲ
2392 4362 2627 4433 ἡμερῶν
2649 4366 2753 4420 τοῦ
2773 4367 2989 4434 Πάσχα
3016 4367 3200 4435 ἦλθεν
3217 4370 3304 4433 εἰς
3320 4370 3642 4435 Βηθανίαν,

2064 4443 2218 4499 ὅπου
2246 4442 2326 4515 ἦν
2364 4443 2625 4514 Λάζαρος
2648 4465 2662 4479 ·
2695 4449 2796 4502 καί
2810 4449 3068 4503 εἱστιᾶτο
3094 4452 3232 4517 παρ’
3265 4449 3467 4515 αὐτοῖς
3493 4489 3509 4510 ,
3545 4450 3643 4504 καὶ

2064 4525 2272 4595 Μάρθα
2297 4528 2578 4595 διακονεῖ,
2615 4529 2713 4583 καί
2743 4530 3005 4601 Λάζαρος
3026 4532 3233 4587 ἐσθίει.
3275 4532 3445 4586 Τοῦτο
3466 4534 3521 4587 δέ
3546 4534 3642 4603 τῆς

2065 4608 2388 4680 εἰλικρινοῦς
2416 4611 2763 4676 ἀναστάσεως
2793 4618 3017 4685 σημεῖον
3054 4610 3143 4685 ἦν,
3174 4616 3234 4668 τὸ
3268 4619 3405 4686 μετά
3432 4616 3643 4687 ἡμέρας

2063 4690 2263 4755 πολλάς
2293 4693 2389 4745 κα)⁸
2417 4690 2515 4763 ζῇν
2550 4695 2642 4747 καὶ
2671 4694 2887 4748 ἐσθίειν.
2926 4695 2944 4734 τ
2984 4697 3144 4751 Ὅθεν
3170 4697 3348 4768 δῆλον,
3378 4699 3460 4752 ὅτι
3483 4702 3541 4751 ἐν
3573 4702 3639 4768 τῇ

2064 4774 2211 4845 οἰκίᾳ
2249 4774 2419 4845 αὐτῆς
2443 4776 2504 4828 τὸ
2539 4777 2758 4848 ἄριστον
2778 4773 2846 4848 ῆν
2869 4794 2882 4807 ·
2919 4778 3010 4833 ἀτε
3040 4780 3148 4850 γάρ
3179 4781 3321 4849 φίλοι
3345 4782 3436 4835 καὶ
3459 4780 3641 4850 φιλού-

2068 4872 2238 4927 μενοι,
2273 4857 2516 4928 δέχονται
2565 4861 2656 4915 τὸν
2725 4861 2952 4932 Ἰησοῦν.
2985 4863 3140 4928 Τινὲς
3178 4864 3235 4917 δέ
3264 4882 3425 4934 φασιν
3470 4866 3549 4917 ὅτι
3582 4866 3638 4916 ἐν

2064 4938 2319 5010 ἀλλοτρίᾳ
2347 4940 2491 5011 οἰκίᾳ
2519 4942 2674 4996 τοῦτο
2706 4943 2940 5012 ἐγένετο.
2985 4946 3046 4997 'H
3069 4946 3124 4999 δὲ
3155 4946 3344 5015 Μαρία
3371 4945 3432 4999 ού
3461 4946 3635 5015 διηκό-

2064 5039 2145 5077 νει
2165 5039 2180 5053 ο
2214 5022 2488 5094 μαθήτρια
2515 5025 2622 5096 γὰρ
2650 5021 2734 5096 ἦν.
2769 5026 2937 5081 Πάλιν
2956 5026 3188 5082 ἐνταῦθα
3217 5027 3356 5099 αὕτη
3393 5047 3636 5100 πνευμα-

2061 5104 2376 5178 τικώτερον.
2406 5108 2481 5161 Ού
2515 5108 2752 5180 διηκόνει
2771 5109 2880 5181 γὰρ
2900 5110 2975 5175 ὡς
3016 5110 3348 5183 κεκλημένη,
3388 5112 3510 5166 ούδέ
3532 5131 3644 5167 κοι-

2062 5189 2159 5260 νὴν
2202 5192 2436 5244 ποιεῖται
2474 5191 2571 5263 τὴν
2605 5192 2906 5265 ὑπηρεσίαν
2932 5211 2945 5224 ·
2988 5193 3102 5246 ἀλλ’
3142 5196 3224 5257 εἰς
3271 5192 3435 5248 αὑτὸν
3482 5196 3643 5265 μόνον

2061 5273 2373 5345 περιίστησι
2401 5273 2499 5343 τὴν
2532 5275 2697 5343 τιμήν
2722 5291 2735 5306 ’
2766 5275 2860 5327 καὶ
2892 5276 2988 5346 οὐχ
3019 5276 3093 5340 ὡς
3125 5276 3396 5348 ἀνθρώπῳ
3423 5277 3643 5346 πρόσει-

2062 5371 2165 5417 σιν,
2190 5355 2304 5408 ἀλλ*
2326 5356 2400 5419 ὼς
2424 5354 2560 5424 Θεῷ.
2592 5355 2665 5408 Τὸ
2689 5357 2796 5427 γὰρ
2825 5357 2995 5428 μύρον
3021 5358 3109 5412 διά
3136 5358 3293 5411 τοῦτο
3320 5359 3523 5428 ἐξέχεε,
3552 5361 3644 5411 καὶ

2059 5440 2178 5499 ταῖς
2208 5436 2351 5506 θριξὶ
2381 5437 2478 5507 τῆς
2503 5437 2743 5506 κεφαλῆς
2772 5440 3072 5509 άπέμαξεν,
3102 5439 3259 5494 ἀτινα
3287 5442 3384 5494 οὐκ
3414 5438 3482 5512 ἦν
3511 5442 3639 5493 ὑπό-

2060 5517 2220 5587 ληψιν
2249 5519 2480 5589 ἐχούσης
2510 5520 2637 5589 περὶ
2671 5520 2836 5574 αὐτοῦ
2883 5522 3159 5589 τοιαύτην,
3199 5524 3315 5577 οἵαν
3347 5526 3395 5576 οἱ
3436 5522 3636 5575 πολλοί.

2123 5708 2143 5734 ο
2192 5704 2288 5766 Alii
2330 5703 2495 5753 ταῦτα.
2563 5704 2588 5742 ἀ
2617 5706 2765 5753 Savil.
2809 5714 2861 5755 el
2906 5705 3091 5753 Bois-ius
3127 5706 3389 5766 lngrudum
3432 5709 3637 5766 comem

2059 5765 2409 5825 ἐπεδείκνυντο,
2449 5774 2502 5814 et
2552 5774 2687 5815 recte
2733 5766 2963 5825 quidem;
3013 5767 3100 5814 sed
3147 5765 3318 5814 omnes
3364 5779 3479 5825 mss.
3533 5765 3637 5811 ἐπι-

2059 5778 2409 5825 επεοεικνυντο,
2449 5778 2502 5814 ει
2552 5778 2687 5815 recte
2769 5778 2963 5824 nauem;
3013 5778 3100 5814 seu
3147 5780 3318 5814 omnes
3364 5779 3479 5813 mss.
3533 5780 3633 5811 επι-

2057 5825 2347 5888 δεικνύμενοι
2383 5826 2578 5875 habent.
2680 5830 2703 5857 °
2733 5778 2949 5886 (buidam
2995 5829 3319 5887 βουλομένους.
3372 5824 3430 5888 γῐ
3487 5825 3633 5888 Addit

2061 5883 2228 5937 Savil.‘
2259 5888 2338 5935 καὶ
2375 5889 2405 5946 ἡ
2440 5888 2608 5950 Μάρθα
2636 5883 2867 5948 διηκᾶιει,
2890 5883 3004 5949 qum"
3031 5883 3209 5935 scns'us
3242 5887 3465 5936 rcauiril.
3501 5883 3632 5934 Eon.
