4072 6152
389 305 485 359 3M

388 426 441 472 et
469 415 611 485 quod
644 423 699 467 ut
725 413 1019 481 etTngerent
1049 411 1281 466 iecerant
1304 451 1318 473 ,
1351 409 1451 463 hoc
1476 410 1598 478 quia
1622 408 1826 470 iecere.
1859 423 1964 461 non

387 506 706 574 elfugcrunt.
731 501 834 556 Sed
865 501 953 572 qui
981 500 1188 555 occisus
1209 499 1326 564 fuit,
1350 509 1431 553 est
1457 499 1507 553 in
1529 498 1710 563 calis;
1751 497 1839 566 qui
1867 512 1933 551 au
1952 527 1967 535 —

390 610 491 651 tem
533 594 870 659 occiderunt,
910 593 1206 662 gehennam
1247 590 1418 645 sortiti
1448 599 1573 644 sunt
1606 607 1619 644 :
1646 590 1744 644 etsi
1776 588 1827 643 id
1860 603 1964 642 non

388 692 438 742 in
472 695 595 741 voto
619 684 915 748 baberent;
952 683 1044 738 sed
1074 682 1519 753 quid?Volebant
1540 724 1552 745 ,
1584 682 1789 751 inquit,
1818 696 1847 734 a
1878 681 1964 735 die

389 782 479 835 illo
517 778 763 834 occidere
797 775 991 847 ipsum.
1026 776 1278 830 Dicebant
1304 776 1469 840 enim,
1489 773 1697 837 Yeuient
1726 774 1963 836 Romani,

389 884 434 927 et
458 872 633 926 tollent
662 879 856 941 gentem
886 879 1127 922 nostram.
1160 865 1303 922 Unus
1325 876 1488 920 autent
1509 882 1571 919 ea:
1596 866 1698 919 illis
1720 864 1963 933 Cuipltas,

392 980 503 1015 cum
535 971 658 1015 esset
686 961 911 1032 pontifex
934 959 1054 1011 anni
1076 958 1213 1011 illius
1235 998 1249 1023 ,
1275 957 1425 1020 dixit,
1455 956 1664 1011 cmteris
1692 955 1968 1023 impuden-

391 1057 538 1108 tior:
576 1054 677 1107 Vos
717 1052 915 1105 nescitis
954 1051 1244 1121 quidquam.
1290 1049 1361 1103 Illi
1411 1064 1600 1118 nempe
1634 1048 1966 1112 dubitabant,

393 1155 446 1200 et
474 1144 813 1200 deliberando
843 1147 1229 1212 prOposuerant
1277 1140 1565 1209 (dicebant
1609 1139 1749 1193 enim
1775 1179 1790 1203 ,
1834 1138 1969 1201 Quid

394 1234 608 1305 facimus
627 1231 691 1302 ?)
728 1233 813 1286 hic
845 1230 1194 1301 impudenter,
1225 1238 1406 1298 aperta
1431 1229 1625 1293 fronte,
1648 1237 1701 1283 et
1730 1228 1969 1295 petulan-

395 1332 474 1379 ter
493 1322 761 1378 clamavit.
791 1321 927 1387 Quid
966 1336 1091 1375 vero
1131 1319 1295 1373 dicit?
1332 1317 1429 1373 Vos
1450 1319 1649 1372 nescitis
1673 1318 1966 1388 quidquam,

395 1431 553 1487 neque
595 1414 827 1484 cogitatis
865 1412 983 1482 quia
1022 1410 1221 1479 expedit
1269 1410 1425 1474 vobis,
1467 1421 1522 1463 ut
1560 1426 1691 1462 unus
1723 1408 1971 1461 moriatur

397 1506 545 1559 homo
563 1545 577 1567 ,
605 1513 649 1558 et
679 1520 741 1556 ne
768 1512 872 1556 tota
896 1519 1016 1574 gens
1044 1510 1235 1570 pereat.
1272 1502 1361 1556 5|.
1404 1498 1516 1553 Hoc
1539 1510 1705 1553 autem
1735 1516 1765 1551 a
1789 1508 1970 1553 semet-

396 1595 505 1665 ipso
530 1611 629 1648 non
657 1595 785 1648 dixit
806 1634 821 1660 ,
852 1593 940 1647 sed
968 1608 1080 1646 cum
1102 1601 1225 1646 esset
1251 1591 1481 1663 pontifex
1507 1591 1629 1645 anni
1658 1591 1817 1657 illius,
1846 1605 1968 1659 pro-

398 1685 636 1754 phetavit.

469 1773 622 1826 Multi
661 1773 855 1843 indigni
893 1776 1066 1843 futura
1109 1773 1466 1841 praedixerunt.
1491 1800 1561 1812 ——
1585 1769 1748 1825 Vides
1775 1779 1970 1841 quanta

397 1865 462 1918 sit
496 1866 809 1933 pontiﬁcalis
839 1864 1102 1933 potestas?
1138 1864 1269 1931 Quia
1299 1865 1439 1918 enim
1467 1861 1825 1933 pontiﬁcatum
1853 1875 1972 1915 sor-

401 1956 527 2009 titus
553 1965 687 2022 erat,
733 1956 859 2010 licet
901 1955 1165 2025 indignus,
1215 1955 1567 2024 prephetavit,
1605 1951 1728 2021 quid
1771 1952 1974 2006 diceret

400 2046 649 2116 ignorans
679 2066 692 2102 :
723 2048 887 2117 gratia
922 2047 1038 2115 ejus
1075 2054 1274 2100 tantum
1302 2060 1395 2099 ore
1438 2059 1530 2099 usa
1572 2052 1673 2109 est,
1707 2044 1971 2113 impurum

400 2153 530 2192 vero
566 2152 659 2191 cor
695 2153 798 2191 non
841 2137 1027 2205 tetigit.
1060 2136 1203 2190 Multi
1232 2150 1442 2205 quoque
1466 2134 1553 2188 alii
1585 2134 1755 2187 futura
1781 2133 1973 2203 praedi-

404 2237 618 2293 xerunt,
660 2228 857 2298 indigni
888 2229 1029 2293 licet,
1057 2227 1565 2284 Nabuchodonosor.
1606 2225 1837 2290 Pharao,
1871 2225 1961 2279 Ba

401 2319 536 2373 laam
562 2360 576 2381 ,
623 2320 965 2388 omniumque
990 2334 1147 2373 causa
1191 2318 1463 2371 manifesta
1501 2325 1602 2371 est.
1657 2316 1767 2371 Hoc
1797 2324 1973 2369 autem

401 2409 511 2462 vult
541 2408 630 2461 ille
660 2408 956 2475 signiﬁcare
987 2427 998 2462 :
1034 2408 1140 2463 Vos
1167 2409 1382 2469 sedetis,
1429 2407 1602 2462 adhuc
1628 2408 1840 2476 segnius
1873 2407 1974 2462 hoc

401 2501 671 2567 negotium
698 2500 988 2563 attenditis,
1020 2514 1118 2553 nec
1149 2499 1294 2554 scitis
1326 2499 1480 2552 unius
1505 2498 1733 2552 hominis
1752 2498 1973 2552 salutem

402 2603 501 2657 pro
528 2590 794 2643 communi
840 2589 1280 2643 contemnendam
1324 2604 1465 2643 esse.
1511 2587 1641 2642 Vide
1671 2598 1863 2657 quanta
1910 2590 1977 2641 sit

399 2681 574 2732 virtus
598 2679 821 2746 Spiritus
845 2698 857 2733 :
900 2696 962 2733 ex
992 2680 1228 2746 improha
1262 2689 1437 2733 mente
1466 2679 1719 2733 mirabilis
1745 2679 1976 2748 pmpbe-

399 2770 491 2821 tin-
523 2771 675 2822 verba
709 2772 877 2838 potuit
907 2771 1119 2826 elicere.
1144 2770 1307 2824 Filios
1337 2778 1511 2823 autem
1543 2770 1632 2825 Dei
1662 2782 1848 2839 gentes
1880 2787 1975 2839 ap-

402 2859 569 2927 pellat
611 2861 957 2927 evangelista,
1001 2876 1063 2913 ex
1095 2875 1159 2911 eo
1197 2860 1337 2927 quod
1389 2859 1618 2912 futurum
1664 2870 1800 2924 erat,
1844 2860 1979 2913 sicut

399 2959 455 3002 et
487 2949 598 3017 ipse.
636 2950 728 3014 ait,
763 2948 827 3002 Et
857 2951 984 3003 alias
1018 2967 1129 3003 ores
1173 2950 1328 3003 habeo
1356 2949 1531 3017 (Joan.
1558 2950 1646 3004 10.
1678 2950 1763 3017 i6)
1784 2968 1799 3013 ;
1822 2952 1888 3004 ab
1913 2967 1978 3005 eo

398 3041 543 3109 queat
589 3038 818 3094 futurum
859 3050 973 3095 erat
1009 3043 1084 3094 sic
1131 3057 1342 3094 vocans.
1376 3040 1509 3107 Quid
1540 3041 1637 3094 sibi
1670 3042 1775 3095 vult
1826 3043 1974 3109 illud,

399 3129 531 3183 Cum
571 3141 693 3184 esset
721 3133 949 3201 pontifex
973 3134 1094 3185 anni
1130 3134 1268 3186 illius
1287 3133 1313 3185 7
1339 3132 1470 3187 Cum
1512 3133 1631 3188 aliis
1660 3132 1743 3187 hic
1772 3148 1979 3204 quoque

398 3236 525 3276 mos
553 3233 833 3290 corruptus
861 3232 992 3277 erat.
1022 3222 1134 3276 Non
1162 3224 1301 3277 enim
1330 3222 1463 3276 ultra
1497 3231 1607 3277 toto
1636 3222 1756 3277 vita:
1779 3233 1981 3292 tempoo

397 3329 488 3373 re,
516 3312 608 3366 sed
635 3327 775 3365 anno
797 3328 901 3367 uno
928 3314 1276 3367 sacerdotium
1302 3314 1575 3382 gerebant,
1606 3329 1671 3369 ex
1690 3329 1795 3384 quo
1822 3330 1980 3369 vena-

396 3404 485 3457 les
529 3402 648 3457 facti
697 3412 849 3457 erant
897 3405 1237 3473 principatus.
1278 3407 1525 3459 Attamen
1573 3406 1654 3458 vel
1697 3405 1775 3459 sic
1809 3406 1982 3461 adhuc

394 3495 590 3549 aderat
624 3495 871 3564 Spiritus.
902 3495 1185 3567 Postquam
1212 3507 1387 3551 autem
1419 3498 1470 3550 in
1498 3497 1766 3552 Christum
1794 3513 1981 3551 manus

393 3587 753 3650 sustulerunt,
774 3595 896 3642 tunc
916 3589 1033 3642 illos
1063 3588 1293 3657 reliquit,
1326 3598 1380 3641 et
1406 3588 1469 3642 ad
1497 3588 1765 3656 apostolos
1799 3601 1978 3643 trans-

393 3677 546 3731 latus
598 3686 699 3730 est.
748 3677 811 3730 Et
849 3678 950 3731 hoc
993 3679 1163 3731 velum
1210 3680 1428 3732 sessum
1464 3679 1715 3743 ostendit,
1752 3693 1980 3733 necnon

392 3766 604 3822 Christi
652 3784 749 3820 vox
802 3768 1026 3824 dicentis
1061 3786 1072 3820 :
1125 3768 1252 3821 Ecce
1294 3769 1568 3820 dimittetur
1606 3770 1782 3821 domus
1821 3779 1982 3822 vestra

394 3857 605 3910 deserta
631 3856 843 3920 (Mattl..
880 3857 972 3911 ‘25.
999 3857 1107 3922 58).
1156 3858 1221 3909 Et
1263 3856 1525 3925 .losephus
1551 3858 1635 3925 qui
1671 3858 1824 3925 paulo
1866 3867 1983 3924 post

394 3949 523 4010 fuit,
548 3947 677 4000 dixit
702 3949 955 4016 quasdam
980 3950 1215 4015 angelos,
1249 3948 1337 4016 qui
1367 3948 1501 4016 apud
1534 3948 1648 4002 illos
1676 3949 1978 4015 manebant,

394 4053 460 4093 se
514 4037 637 4090 inde
678 4038 995 4108 migraturos
1024 4055 1143 4094 esse
1181 4039 1555 4109 signiticavisse
1586 4037 1682 4113 (a),
1718 4041 1813 4093 nisi
1847 4044 1980 4095 resi-

396 4129 695 4196 piscerent.
724 4130 981 4194 Quamdiu
1029 4132 1169 4184 enim
1212 4132 1361 4185 vinea
1409 4132 1654 4199 perstitit,
1702 4146 1795 4198 pro
1836 4147 1981 4184 more

393 4223 585 4274 omnia
625 4221 755 4276 facta
804 4235 952 4286 sunt;
1011 4223 1096 4275 ubi
1142 4232 1314 4276 autem
1364 4221 1613 4275 heredem
1654 4222 1976 4286 occiderunt,

394 4327 512 4364 non
543 4312 691 4376 item,
732 4312 823 4366 sed
879 4314 1150 4380 perierunt
1182 4330 1194 4364 :
1225 4321 1278 4365 et
1312 4312 1461 4380 quasi
1509 4311 1836 4378 splendidam
1893 4327 1981 4364 ve-

393 4412 544 4456 stem
589 4402 657 4455 ab
699 4403 903 4470 ingrato
952 4402 1096 4467 tilio,
1144 4416 1172 4454 a
1224 4400 1412 4454 ludaeis
1457 4401 1691 4466 scilicet,
1734 4402 1980 4454 auferens

395 4494 567 4555 Deus,
600 4494 778 4560 probis
808 4493 948 4547 illam
981 4493 1149 4545 servis
1197 4492 1361 4556 dedit,
1413 4507 1475 4544 ex
1523 4490 1810 4561 gentilibus
1847 4506 1976 4544 emt-

390 4587 598 4649 versis,
644 4595 697 4640 et
725 4586 966 4639 desertos
1012 4585 1129 4638 illos
1162 4584 1436 4653 nudosque
1482 4583 1713 4652 reliquit.
1745 4583 1853 4636 Nec
1883 4598 1978 4651 pa-

389 4691 519 4728 rum
554 4674 646 4728 fuit
696 4674 838 4744 quod
886 4676 1127 4728 inimicus
1166 4675 1277 4728 hate
1308 4673 1666 4742 prepbetaret.
1701 4674 1810 4726 lloc
1837 4676 1976 4727 enim

388 4763 540 4817 alios
567 4772 778 4832 quoque
805 4763 1019 4816 allicere
1051 4771 1272 4830 poterat.
1321 4763 1449 4816 Nam
1483 4773 1667 4816 contra
1700 4778 1854 4830 quam
1890 4763 1978 4817 ille

386 4853 620 4907 Volebat
648 4854 845 4907 evenit.
877 4854 1009 4919 Quia
1038 4856 1179 4909 enim
1224 4863 1462 4907 mortuus
1500 4863 1601 4911 est.
1650 4854 1770 4906 ideo
1814 4869 1843 4907 a
1894 4854 1976 4907 t‘n-

389 4954 523 4997 luro
571 4945 829 5012 supplicio
857 4944 1061 4997 liberati
1096 4944 1278 4998 fideles
1305 4952 1444 4998 sunt.
1471 4944 1605 5012 Quid
1644 4945 1740 4998 sibi
1772 4945 1881 4997 vult
1912 4945 1975 4997 il-

385 5036 505 5095 iud.
541 5035 630 5089 52.
667 5034 734 5090 Ut
763 5045 1082 5104 congregaret
1110 5052 1193 5089 eos
1220 5037 1304 5104 qui
1333 5052 1506 5103 prope,
1548 5045 1591 5086 et
1622 5051 1704 5088 eos
1741 5037 1823 5104 qui
1855 5052 1975 5097 pro-

380 5126 475 5178 cul
503 5127 662 5179 sunt?
685 5126 855 5180 Unum
877 5140 1069 5194 corpus
1097 5126 1340 5180 reddidit.
1368 5127 1463 5189 Qui
1494 5125 1673 5178 Roma!
1695 5136 1795 5191 est,
1825 5125 1977 5179 ludos

382 5223 553 5281 putat
586 5215 877 5268 membrtun
906 5230 1059 5269 suum
1093 5230 1230 5269 esse.
1256 5215 1388 5281 Quid
1423 5215 1541 5266 huic
1580 5217 1974 5283 congregationi

382 5303 531 5372 par?
550 5301 908 5371 Omniumque
935 5314 1088 5371 caput
1105 5317 1183 5357 est
1208 5304 1468 5358 Christus.
1492 5305 1576 5357 335.
1602 5306 1672 5356 Ab
1687 5306 1773 5357 illo
1798 5306 1877 5356 die
1895 5323 1975 5358 co.

377 5396 687 5462 gitavt’rnnt
703 5393 872 5446 Judwi
899 5402 951 5446 ut
968 5394 1296 5454 interficerent
1314 5411 1446 5446 t’ltm.
1469 5396 1629 5444 Antea
1649 5394 1971 5461 qumrebant;

446 5502 538 5565 (a)_
571 5503 811 5565 Josepbus
834 5502 867 5548 l.
905 5504 951 5551 6.
978 5502 1054 5549 Si.
1085 5502 1147 5565 de
1171 5502 1299 5565 Bello
1320 5502 1510 5550 Judaieo
1534 5541 1546 5559 ,
1575 5501 1703 5565 inter
1725 5502 1816 5550 alia
1838 5506 1974 5565 signa

374 5562 541 5625 futuri
571 5562 974 5625 Jero'solymormn
997 5563 1168 5625 excidii
1190 5564 1277 5625 hoc
1303 5567 1453 5610 refert
1479 5577 1491 5610 :
1518 5563 1694 5625 Deinde
1720 5577 1875 5613 vorem
1896 5564 1974 5613 rc-

398 5624 649 5687 remittam
673 5622 881 5672 auditam
906 5624 1049 5686 fuisse
1073 5624 1248 5687 dicenti
1281 5637 1345 5679 m,
1376 5624 1491 5670 Hinc
1511 5622 1763 5686 migremtts
1789 5638 1804 5673 :
1827 5640 1971 5687 quem

398 5638 649 5671 temtnum
673 5638 881 5672 auditam
909 5638 1049 5671 tuisse
1073 5638 1246 5671 (ιιι-(για
1281 5638 1345 5679 m,
1376 5638 1491 5670 HINC

373 5638 558 5731 iucttm
590 5681 667 5730 hic.
692 5692 802 5744 puto
824 5677 918 5744 res;
941 5687 1070 5732 icere
1090 5684 1491 5745 (".brysostontum.

1437 298 1500 352 IN
1536 294 1851 353 JOANNEM
1894 293 2118 349 llOMll...
2165 294 2324 349 LXV.
2364 295 2433 349 al.
2476 294 2658 349 LXIV.

3540 294 3648 349 36‘!

2072 407 2195 459 dicit
2223 408 2388 468 enim,
2420 406 2543 461 Ideo
2568 407 2849 477 qutertbant
2872 424 2981 459 eum
3021 406 3194 461 Juda’i
3220 410 3496 476 interﬁt-ere
3522 425 3540 471 ,-
3572 423 3643 473 et,

2075 496 2210 559 Quid
2251 512 2329 550 me
2370 497 2592 564 qua’rilis
2642 499 2923 567 interﬁcere
2960 498 3136 562 (Joan.
3168 500 3220 555 5.
3258 501 3322 555 18
3366 501 3478 553 et7.
3509 500 3649 567 ‘20)?

2069 586 2171 639 Sed
2205 595 2329 640 tunc
2358 589 2686 655 quaerebant,
2712 605 2851 642 nunc
2874 601 3049 644 autem
3079 590 3128 644 id
3150 599 3468 652 statuerunt,
3493 600 3546 644 et
3573 590 3647 645 rei

2072 691 2283 730 manum
2310 676 2682 732 admoverunt.
2713 680 2798 734 54.
2844 679 2995 733 .lesus
3025 692 3190 735 autem
3211 684 3325 751 jam
3356 699 3455 735 non
3478 682 3649 751 palaut

2069 765 2355 819 auibulabot
2387 767 2437 820 iu
2462 767 2666 821 Judwa.
2694 768 2897 822 Rursus
2928 770 3157 824 humano
3185 785 3332 826 more
3357 772 3510 826 saluti
3538 786 3651 826 sum

2067 866 2241 919 cavet,
2267 871 2326 909 ac
2357 856 2656 926 frequenter
2684 858 2782 911 hoc
2812 857 2952 911 facit.

2138 947 2191 1001 2.
2223 948 2451 1002 Christus
2478 949 2697 1002 humano
2724 966 2860 1002 more
2879 950 3026 1018 fugit.
3048 981 3119 990 —
3138 950 3253 1006 1am
3280 967 3492 1007 causam
3517 956 3647 1020 dixi,

2070 1054 2164 1091 cur
2196 1037 2502 1106 frequenter
2529 1037 2738 1101 abierit,
2769 1049 2820 1093 et
2850 1042 3150 1095 secesserit.
3184 1040 3333 1096 Nunc
3358 1058 3523 1112 [ιι-ονε
3552 1045 3650 1099 de-

2072 1140 2270 1183 sertum
2303 1131 2502 1183 habitat
2530 1130 2580 1184 in
2614 1130 2864 1198 Ephrata,
2895 1140 2948 1186 et
2975 1132 3042 1186 ibi
3069 1134 3316 1187 manebat
3346 1150 3466 1190 cum
3494 1135 3651 1191 disci-

2074 1222 2209 1289 polis
2236 1222 2365 1275 suis.
2394 1221 2657 1289 Quantum
2687 1234 2840 1291 potas
2882 1224 3120 1280 turbatos
3160 1227 3321 1281 fuisse
3362 1227 3654 1296 discipulos

2073 1311 2311 1365 videntes
2340 1312 2513 1381 ipsum
2557 1313 2789 1368 humano
2834 1331 2980 1368 more
3006 1318 3161 1370 saluti
3192 1333 3302 1373 sua:
3331 1321 3652 1387 providere?

2074 1399 2241 1454 Nemo
2270 1401 2377 1470 jam
2409 1412 2663 1473 sequutus
2693 1413 2792 1459 est.
2837 1404 2965 1459 Nam
3000 1421 3121 1459 cum
3169 1422 3336 1478 prope
3374 1420 3515 1463 esset
3538 1411 3651 1464 dies

2076 1488 2260 1554 festus,
2289 1506 2476 1546 omnes
2520 1492 2907 1564 Jcrosolymam
2949 1496 3328 1563 accurrebant;
3374 1498 3470 1568 ipsi
3502 1516 3648 1565 vero,

2074 1581 2510 1652 cumgauderent
2556 1600 2742 1640 omnes
2777 1596 2829 1640 et
2858 1586 3047 1642 fesmm
3088 1599 3327 1659 agerent,
3359 1600 3486 1648 tunc
3521 1594 3652 1647 late—

2075 1668 2218 1732 bant,
2254 1679 2377 1726 tunc
2420 1672 2470 1725 in
2520 1675 2768 1741 periculis
2811 1685 2996 1741 erant;
3042 1686 3272 1734 attamen
3323 1684 3649 1751 perstabant.

2075 1760 2230 1817 Certe
2276 1779 2397 1819 cum
2428 1765 2630 1820 Pascha
2672 1777 2724 1821 et
2766 1768 3091 1839 Scenepegia
3121 1772 3542 1838 celebrarentur,
3576 1775 3648 1828 illi

2076 1852 2127 1906 in
2153 1850 2367 1908 Galilaea
2398 1855 2647 1910 latebant.
2680 1857 2908 1912 Rursum
2937 1870 3118 1930 postea
3150 1863 3201 1916 in
3223 1862 3311 1917 die
3345 1864 3503 1927 festo.
3524 1865 3649 1919 dum

2075 1944 2172 1997 soli
2200 1960 2320 1999 cum
2346 1945 2598 2016 Magistro
2634 1948 2877 2019 fugerent
2905 1959 2959 2005 et
2990 1951 3234 2019 laterent,
3263 1969 3413 2009 suam
3440 1972 3561 2027 erga
3586 1959 3648 2010 il-

2078 2034 2183 2087 lum
2225 2034 2647 2091 benevolentiam
2691 2039 3062 2095 ostendebant.
3108 2043 3245 2099 llinc
3287 2044 3456 2101 Lucas
3498 2048 3645 2101 illum

2076 2123 2275 2178 dixisse
2302 2125 2376 2179 ait
2404 2144 2417 2179 :
2450 2126 2557 2197 Ego
2595 2130 2899 2195 perseveravi
2927 2133 3175 2185 vobiscum
3204 2134 3256 2188 in
3301 2138 3654 2194 tentatiouibus

2082 2213 2229 2284 (an.
2256 2214 2344 2268 ‘22.
2372 2214 2490 2285 28).
2524 2218 2644 2270 llme
2676 2235 2831 2288 porro
2857 2221 3064 2277 dicebat
3091 2234 3148 2277 ut
3175 2227 3500 2293 ostenderet,
3536 2230 3653 2284 illos

2076 2309 2244 2375 gratia
2272 2323 2364 2363 sua
2394 2309 2651 2364 roborari.
2701 2313 2788 2367 55.
2822 2312 2975 2368 Multi
3000 2317 3132 2370 enim
3158 2318 3221 2370 de
3255 2321 3461 2389 regione
3481 2338 3654 2376 ascen-

2078 2399 2276 2462 derunt,
2304 2409 2357 2452 ut
2385 2402 2754 2468 sancti/icerant
2783 2404 2991 2474 seipsos.
3036 2406 3125 2460 57.
3157 2408 3224 2460 Et
3252 2410 3493 2464 dederant
3530 2429 3655 2480 pou-

2080 2488 2236 2555 ti/ices
2282 2499 2326 2542 et
2373 2489 2626 2545 Pltariswi
2663 2493 2924 2561 mandata,
2969 2504 3023 2548 nt
3048 2498 3476 2567 apprehenderent
3517 2517 3652 2555 euut.

2081 2577 2208 2632 Mira
2246 2578 2590 2634 sanctiﬁcatio
2632 2596 2751 2635 cum
2798 2586 3132 2654 sanguinaria
3181 2589 3485 2653 voluntate,
3532 2608 3652 2647 cum

2079 2672 2370 2726 cruentatis
2416 2673 2678 2728 manibus.
2723 2675 2813 2729 56.
2861 2674 2927 2728 Et
2971 2677 3200 2732 dicebant
3241 2696 3262 2736 :
3297 2680 3494 2735 Putatis
3537 2687 3656 2751 quia

2081 2778 2179 2815 non
2202 2762 2357 2815 veniet
2377 2764 2443 2816 ad
2468 2764 2602 2817 diem
2632 2765 2855 2833 festum?
2884 2768 2939 2821 lu
2984 2769 3241 2826 Paschate
3272 2772 3657 2829 insidiabantur

2081 2852 2193 2917 illi,
2240 2861 2553 2924 tempusque
2592 2855 2944 2912 solemnitatis
3001 2867 3207 2929 tempus
3255 2863 3417 2917 credis
3470 2865 3658 2919 redde-

2083 2942 2238 3006 bant;
2268 2941 2319 2996 id
2349 2953 2431 2996 est
2465 2961 2479 3000 :
2511 2944 2625 2999 Huc
2658 2946 2803 2999 illum
2836 2947 3076 3004 incidere
3105 2963 3334 3020 oportet,
3364 2953 3658 3011 advocante

2084 3032 2238 3087 festo.
2266 3033 2310 3087 Ο
2350 3034 2674 3103 impietatem
2699 3035 2712 3089 !
2742 3034 2872 3090 Cum
2904 3039 3106 3107 majore
3130 3056 3264 3109 opus
3286 3051 3401 3097 erat
3441 3043 3654 3112 pietate,

2081 3135 2135 3179 et
2160 3140 2280 3180 cum
2308 3127 2561 3179 extremis
2586 3125 2802 3182 obnoxii
2832 3129 3144 3198 sceleribus,
3169 3132 3319 3187 liberi
3345 3136 3661 3191 emitteban-

2083 3228 2187 3289 tur,
2223 3230 2345 3278 tunc
2387 3224 2657 3279 innoxium
2689 3226 3145 3295 comprehendere
3190 3238 3467 3285 conantur.
3502 3231 3660 3302 Atqui

2081 3327 2199 3367 cum
2217 3314 2327 3385 jam
2353 3316 2479 3370 illud
2509 3326 2822 3384 tentassent,
2845 3334 2948 3374 non
2977 3320 3135 3375 modo
3154 3321 3281 3376 nihil
3303 3321 3655 3392 perfecerant.

2082 3404 2174 3457 sed
2204 3407 2360 3459 etiam
2392 3407 2596 3462 ridiculi
2630 3418 3007 3477 apparuerant.
3039 3410 3161 3466 ideo
3190 3412 3500 3483 frequenter
3527 3417 3659 3476 inci-

2083 3493 2235 3549 ditet
2276 3496 2471 3557 evadit,
2519 3507 2573 3552 et
2609 3500 2885 3566 capientes
2926 3516 2984 3556 se
3028 3502 3327 3558 interﬁcere
3364 3505 3578 3569 retinet.
3605 3516 3660 3562 et

2083 3582 2271 3638 dubios
2307 3585 2577 3655 relinquit,
2609 3596 2664 3641 ut
2695 3589 2939 3642 virtutem
2976 3605 3122 3644 suam
3151 3591 3569 3650 demonstrando
3593 3595 3660 3650 il-

2085 3672 2166 3725 los
2191 3673 2255 3725 ad
2285 3677 2746 3743 componetionem
2790 3677 3048 3745 deducat;
3076 3690 3128 3734 et
3169 3692 3224 3735 ut
3267 3692 3541 3754 postquam
3571 3700 3660 3740 ca-

2086 3773 2204 3831 ptus
2228 3764 2401 3830 fuerit,
2432 3766 2619 3830 sciant,
2652 3782 2755 3820 non
2785 3768 2829 3821 vi
2862 3783 2979 3836 sua,
3007 3769 3097 3824 sed
3123 3771 3288 3841 ipsius
3315 3775 3661 3832 concessione

2086 3853 2134 3905 id
2167 3855 2443 3909 accidisse.
2478 3855 2658 3925 Neque
2685 3858 2826 3912 enim
2858 3866 2982 3914 tunc
3010 3869 3292 3929 potuerunt
3333 3863 3478 3919 illum
3508 3880 3661 3920 eom-

2088 3945 2437 4013 preltendere,
2489 3951 2585 4001 etsi
2631 3951 2922 4019 propinqua
2964 3951 3213 4007 Bethania
3241 3964 3383 4009 esset
3416 3966 3510 4011 :et
3536 3973 3658 4013 cum

2084 4037 2628 4102 comprehendissent,
2657 4041 2873 4107 supinus
2896 4042 3010 4096 illos
3043 4045 3342 4110 prostravit.
3390 4047 3537 4116 (Cap.
3572 4049 3657 4114 12)

2087 4127 2136 4178 1.
2172 4129 2299 4179 Ante
2325 4144 2413 4180 sea:
2442 4128 2547 4182 dies
2578 4128 2789 4184 Pascha:
2819 4134 2945 4185 venit
2972 4133 3123 4187 Iesus
3149 4136 3201 4187 in
3228 4134 3547 4206 Bel/mnium,
3577 4142 3659 4194 ubi

2084 4219 2248 4285 fuerat
2278 4216 2504 4271 Lazarus
2530 4230 2752 4273 mortuus
2776 4238 2793 4274 :
2815 4221 2868 4274 2.
2895 4231 2940 4275 et
2963 4226 3298 4281 manducabat
3326 4229 3464 4299 apud
3483 4247 3588 4296 eos;
3609 4243 3663 4287 et.

2085 4306 2290 4361 Mart/ta
2312 4310 2645 4374 ministrabat,
2677 4311 3003 4385 Lazarusque
3028 4316 3381 4374 manducabat.
3426 4322 3535 4376 Hoc
3562 4340 3656 4378 ve-

2084 4414 2156 4452 rre
2188 4403 2591 4457 resurrectionis
2613 4405 2817 4474 signum
2850 4415 2981 4471 erat,
3014 4409 3153 4477 quod
3182 4420 3300 4479 post
3327 4414 3519 4469 multos
3542 4415 3658 4472 dies

2084 4498 2138 4544 ct
2167 4492 2364 4546 viveret
2394 4502 2447 4545 et
2486 4494 2847 4549 manducaret.
2877 4495 3027 4552 Unde
3057 4498 3229 4568 palam
3268 4511 3350 4556 est
3378 4506 3655 4572 prandium

2085 4582 2135 4633 in
2167 4581 2279 4649 ejus
2305 4582 2463 4636 domo
2491 4584 2649 4638 fuisse
2690 4602 2702 4613 ·
2735 4601 2854 4639 nam
2882 4596 2938 4641 ut
2974 4588 3128 4643 amici
3161 4597 3215 4645 et
3248 4591 3427 4647 dilecti
3472 4594 3652 4653 Jcsum

2083 4673 2371 4740 excipiunt.
2397 4673 2619 4740 Quidam
2648 4686 2819 4729 tamen
2850 4679 3031 4732 dicunt
3078 4680 3128 4734 id
3168 4681 3219 4735 in
3261 4685 3359 4739 alia
3381 4686 3539 4742 domo
3565 4707 3656 4759 go-

2083 4774 2223 4818 stum
2254 4764 2434 4819 fuisse.
2464 4766 2624 4820 Maria
2653 4778 2826 4820 autem
2861 4785 2964 4825 non
2995 4771 3365 4830 ministrabat:
3396 4778 3654 4849 discipula

2083 4857 2221 4909 enim
2252 4868 2381 4909 erat.
2429 4857 2631 4910 ltursus
2660 4858 2748 4912 hic
2792 4861 2961 4928 major
2988 4862 3139 4917 adest
3178 4865 3251 4918 illi
3282 4865 3507 4935 Spiritus
3535 4886 3657 4936 gra-

2086 4949 2176 5000 tia.
2215 4946 2327 5000 Non
2381 4949 2713 5001 ministrabat
2753 4949 2894 5003 enim
2944 4961 3207 5022 tamquam
3248 4968 3451 5022 vocata,
3483 4974 3654 5028 neque

2081 5039 2349 5092 communi
2398 5039 2734 5095 incumbebat
2773 5043 3096 5109 ministerio;
3155 5047 3247 5099 sed
3306 5047 3517 5102 Clu-isto
3557 5051 3653 5105 soli

2084 5130 2334 5185 honorem
2359 5130 2528 5185 defert
2556 5150 2568 5185 :
2597 5148 2769 5201 neque
2799 5141 2855 5187 ut
2880 5134 3098 5197 homini,
3136 5136 3225 5189 sed
3251 5145 3308 5190 ut
3336 5139 3441 5191 Deo
3462 5139 3654 5197 adstat.

2082 5222 2416 5290 Unguentum
2445 5224 2584 5276 enim
2619 5223 2743 5277 ideo
2765 5224 2968 5288 eﬂ'udit,
3003 5236 3054 5278 et
3085 5226 3288 5293 capillis
3326 5229 3511 5296 capitis
3535 5231 3653 5286 abs-

2083 5314 2252 5376 tersit,
2283 5312 2420 5381 quod
2461 5312 2668 5381 signum
2714 5322 2828 5366 erat
2866 5314 3006 5367 illam
3035 5315 3100 5368 de
3130 5314 3341 5371 Clu-isto
3372 5336 3473 5374 non
3505 5338 3619 5377 eam

2080 5403 2197 5453 dem
2250 5418 2405 5470 quam
2456 5402 2545 5455 alii
2594 5402 2896 5469 Opinionem
2951 5403 3160 5459 habere.
3213 5406 3314 5462 Sed
3362 5410 3648 5481 ittt‘t‘t-pavit

2079 5491 2240 5545 Judas
2293 5492 2538 5558 pietatem
2588 5491 2861 5543 simulans.
2913 5492 3049 5556 Quid
3088 5511 3216 5564 ergo
3265 5497 3551 5557 Christus?
3596 5507 3638 5558 7.

2081 5584 2273 5637 Bonum
2301 5601 2425 5653 opus
2451 5592 2655 5652 operata
2689 5593 2760 5636 est
2800 5583 2851 5635 in
2881 5584 3190 5652 sepulturam
3216 5606 3396 5644 meam.
3432 5594 3535 5647 Cur
3561 5596 3645 5648 di-

2044 5733 2053 5741 ,
2081 5677 2339 5742 scipnlum
2361 5676 2497 5729 circa
2521 5675 2790 5728 mulierem
2815 5690 2917 5728 non
2943 5676 3295 5746 reprehendit,
3321 5696 3491 5750 neque
3517 5681 3646 5738 dixit
