4072 6152
381 302 489 358 563
1203 298 1259 355 S.
1296 295 1575 354 JOANNIS
1599 294 2073 352 CIIRYSOSTUMI
2114 298 2427 355 AllClllEP.
2472 296 3004 357 (ZONSTANTINOP.
3552 308 3657 370 35‘

387 430 436 476 nt
460 418 800 489 evangelista,
833 416 1003 485 ipsum
1044 412 1168 468 furti
1214 412 1445 468 faciendi
1483 427 1642 467 causa
1674 412 1955 466 mulierem

381 508 724 581 increpasse?
752 507 1007 562 Patientia
1035 520 1129 560 sua
1156 505 1324 559 voluit
1351 520 1470 558 eum
1504 504 1557 557 in
1591 503 1844 571 pudorem
1872 503 1960 557 de-

378 603 594 657 ducere.
645 599 797 669 Quod
844 608 1021 654 autem
1067 607 1249 653 nosset
1294 597 1440 651 illum
1481 611 1600 652 esse
1631 596 1957 665 proditorem

378 704 541 765 patet,
568 695 710 765 quod
752 694 861 765 jam
906 695 1054 749 illum
1083 708 1227 764 saepe
1254 693 1606 763 redarguerit,
1642 701 1698 746 ut
1725 708 1844 746 cum
1875 691 1960 745 di-

378 786 473 849 xit,
495 784 609 839 Non
632 800 820 839 omnes
846 785 1067 839 credunt
1088 782 1264 855 (Joan.
1287 782 1339 837 6.
1357 782 1480 851 65);
1504 781 1729 844 et.Unus
1746 798 1808 836 ea:
1824 782 1960 835 vobis

376 874 607 930 diabolus
634 885 707 929 est
728 874 958 949 (Ibid._v.
979 876 1037 928 Ἠ
1054 877 1092 943 ).
1117 874 1371 928 lndicavit
1393 888 1521 942 ergo
1544 887 1602 925 se
1625 887 1782 927 nosse
1812 872 1957 925 illum

377 982 499 1023 esse
531 967 877 1037 proditorem,
926 982 1031 1020 non
1073 981 1201 1020 vero
1231 975 1412 1034 aperte
1437 965 1726 1035 redarguit,
1756 964 1847 1019 sed
1879 964 1961 1017 in-

376 1059 559 1120 dulsit,
603 1056 743 1128 quod
785 1056 946 1113 vellet
986 1066 1108 1113 eum
1148 1074 1176 1110 a
1222 1056 1492 1125 proposito
1541 1070 1810 1110 revocare.
1852 1054 1959 1109 Cur

377 1165 506 1220 ergo
532 1149 665 1204 alius
705 1148 862 1216 dixit,
905 1162 1093 1203 omnes
1126 1147 1415 1214 discipulos
1444 1147 1520 1201 sic
1564 1146 1809 1216 loqnntos
1839 1160 1958 1200 esse

379 1241 589 1311 (Matth.
621 1240 710 1295 26.
743 1240 840 1311 8)?
883 1240 949 1293 Et
988 1252 1198 1304 omnes,
1238 1248 1292 1292 et
1322 1238 1460 1311 ille;
1492 1236 1585 1292 sed
1629 1237 1819 1306 reliqui
1850 1252 1954 1290 non

376 1334 565 1389 eodem
591 1334 789 1386 animo.

449 1423 551 1478 Cur
576 1423 802 1477 Christus
826 1422 930 1497 furi
949 1421 1140 1475 loculos
1165 1420 1487 1474 commiserit.
1509 1419 1748 1486 ——Quod
1772 1420 1813 1473 si
1837 1420 1956 1489 quis

374 1524 598 1587 quaerat,
644 1510 739 1569 cur
786 1509 886 1567 furi
928 1514 1130 1569 loculos
1180 1526 1468 1581 pauperum
1508 1510 1854 1574 commiserit,
1903 1521 1958 1564 et

372 1621 590 1660 avarum
619 1606 1043 1674 dispensatorem
1086 1604 1303 1668 fecerit,
1344 1600 1807 1669 respondebimus,
1841 1615 1954 1654 rem

372 1712 621 1753 arcanam
652 1711 817 1751 unum
866 1710 1026 1750 nosse
1071 1695 1266 1758 Deum;
1303 1692 1443 1762 quod
1482 1692 1528 1746 si
1572 1692 1842 1761 quidpiam
1887 1691 1956 1746 sit

373 1787 726 1857 coniectando
763 1786 1050 1841 dicendum
1079 1801 1093 1838 :
1132 1792 1193 1839 ut
1220 1799 1432 1838 onmem
1468 1785 1703 1839 auferret
1729 1798 1955 1838 excusa-

373 1881 534 1934 tionis
561 1894 794 1934 causam.
828 1877 942 1933 Non
975 1879 1117 1934 enim
1147 1876 1329 1933 dicere
1369 1883 1579 1946 poterat
1611 1891 1670 1930 se
1698 1892 1760 1930 ex
1789 1891 1954 1945 pecn-

376 1974 581 2027 niarnm
613 1985 796 2027 amore
839 1971 892 2025 id
941 1969 1152 2036 fecisse,
1189 1984 1309 2022 cum
1339 1977 1521 2038 posset
1547 1967 1816 2037 cupiditati
1847 1983 1956 2022 sum

372 2079 436 2119 ex
469 2064 658 2138 loculis
686 2062 859 2118 facere
889 2046 1036 2126 satis,
1062 2061 1155 2115 sed
1185 2076 1250 2115 ex
1277 2060 1477 2131 ingenti
1511 2060 1765 2128 nequitia,
1795 2074 1952 2128 quam

373 2155 587 2210 volebat
632 2154 877 2209 Christus
922 2152 1175 2207 cohibere
1204 2194 1219 2215 ,
1265 2150 1589 2222 indulgentia
1631 2165 1755 2220 erga
1809 2151 1953 2205 illum

374 2246 536 2300 multa
564 2259 710 2299 usus.
742 2243 1097 2311 Quamobrem
1121 2244 1138 2275 ¹
1167 2244 1312 2297 illum
1353 2241 1612 2296 furantem
1637 2256 1743 2295 non
1772 2255 1958 2309 argue—

374 2338 484 2403 hat,
513 2338 610 2392 etsi
642 2352 745 2389 non
777 2337 1007 2398 nescius,
1045 2335 1161 2403 ejus
1191 2335 1383 2387 malam
1424 2333 1709 2388 obstruens
1752 2332 1955 2403 cupidi-

375 2437 555 2489 tatem,
586 2435 640 2481 et
671 2442 881 2481 omnem
914 2424 1163 2480 auferens
1210 2425 1630 2479 excusationem.
1683 2424 1848 2477 Sinite
1889 2423 1954 2476 il-

374 2521 494 2578 lam.
524 2518 722 2587 inquit;
752 2519 802 2571 in
840 2518 970 2571 diem
999 2515 1273 2585 sepultura:
1310 2531 1432 2568 meo:
1461 2515 1554 2567 hoc
1592 2515 1723 2583 fecit
1752 2513 1955 2567 Rursus

375 2611 697 2681 proditorem
744 2609 1015 2669 admonet,
1062 2622 1181 2660 cum
1231 2605 1520 2673 sepultura:
1552 2604 1811 2658 meminit.
1848 2602 1955 2657 Sed

376 2719 480 2755 non
509 2703 726 2756 incessit
753 2700 899 2753 illum
932 2699 1175 2762 monitio,
1207 2712 1376 2766 neque
1408 2695 1509 2750 hoc
1530 2695 1751 2750 verbum
1784 2695 1951 2749 emol-

377 2792 486 2846 livit
513 2809 527 2846 :
557 2791 653 2845 etsi
694 2792 953 2858 potuisset
998 2789 1143 2842 illum
1184 2788 1237 2841 in
1269 2787 1783 2861 commiserationt-m
1831 2785 1955 2850 inji-

375 2901 530 2950 cere;
563 2900 626 2940 ac
652 2886 694 2938 si
728 2884 928 2939 diceret
960 2900 973 2936 :
1001 2862 1253 2935 Midestns
1280 2894 1395 2933 sum
1446 2887 1500 2933 et
1533 2893 1830 2935 onerosus;
1861 2877 1956 2931 sed

374 2986 622 3046 exspecta
653 2975 933 3045 paulisper,
984 2982 1038 3028 et
1066 2973 1328 3042 migrabo.
1383 2971 1494 3024 llue
1536 2969 1677 3023 enim
1723 2969 1957 3037 respexit

375 3082 495 3121 cum
521 3068 761 3121 diceret:
791 3065 843 3120 8.
880 3062 966 3117 Me
999 3075 1167 3116 autem
1201 3078 1302 3115 non
1327 3078 1524 3132 semper
1562 3059 1823 3113 habebitis.
1849 3057 1953 3113 Sed

378 3157 508 3211 nihil
563 3156 752 3210 horum
823 3154 989 3209 ferum
1036 3162 1087 3208 et
1143 3153 1396 3207 furiosum
1448 3151 1715 3206 hominem
1766 3150 1954 3217 ﬂexit,

377 3250 588 3305 etiamsi
615 3249 778 3302 multa
807 3249 909 3303 alia
940 3247 1134 3301 dixerit
1167 3256 1220 3302 et
1250 3246 1452 3310 fecerit,
1484 3245 1644 3314 pedes
1665 3244 1779 3314 ejus
1807 3245 1954 3299 lave-

378 3342 448 3396 rit
473 3341 559 3395 illa
592 3347 766 3405 nocte,
795 3354 856 3395 ac
883 3353 1082 3393 mensa:
1124 3347 1432 3392 consortem
1464 3335 1667 3397 fecerit,
1705 3336 1845 3404 quod
1876 3335 1957 3391 vel

381 3433 641 3489 latronum
688 3432 896 3486 animos
939 3431 1177 3485 mulcere
1222 3435 1430 3497 potest;
1463 3435 1515 3481 et
1561 3426 1663 3479 alia
1689 3427 1846 3481 verba
1875 3425 1957 3478 lo-

377 3535 574 3598 quutus
624 3526 722 3591 sit,
773 3538 890 3595 qua:
947 3529 1166 3592 possent
1210 3520 1369 3574 etiam
1421 3517 1648 3587 lapidem
1694 3518 1955 3573 emollire.

380 3619 446 3673 Et
473 3619 588 3673 haec
625 3632 730 3671 non
771 3616 936 3671 multo
964 3623 1119 3679 ante,
1151 3612 1247 3668 sed
1288 3611 1340 3665 in
1387 3611 1503 3680 ipso
1541 3610 1665 3673 die,
1714 3624 1781 3664 ne
1821 3619 1959 3665 tem-

381 3724 480 3778 pus
510 3709 562 3762 in
610 3707 929 3761 oblivionem
980 3704 1277 3760 induceret.
1323 3701 1429 3758 Sed
1476 3700 1733 3757 adversus
1782 3703 1959 3757 omnia

381 3799 630 3871 pemtitit.
740 3860 743 3863 _
797 3866 801 3874 Δ
989 3863 995 3871 ⁸

434 3891 506 3945 5.
544 3888 767 3942 Avaritia
796 3895 1037 3958 quantum
1075 3887 1137 3940 sit
1175 3886 1385 3938 malum.
1416 3884 1571 3939 Amor
1600 3886 1825 3954 pecunia:
1851 3885 1959 3938 (ως

380 4000 525 4038 mone
550 3981 784 4035 deterior.
807 4010 878 4021 --
905 3975 1096 4035 Gravis
1118 3991 1347 4046 namque
1380 3984 1463 4032 est
1493 3975 1714 4030 avaritia
1747 3994 1758 4026 :
1786 3975 1961 4045 gravis

380 4083 546 4138 certe,
579 4088 695 4142 quze
724 4071 908 4126 oculos
936 4078 990 4125 et
1018 4084 1176 4124 aures
1219 4068 1453 4133 obturet,
1485 4077 1540 4122 et
1569 4066 1681 4122 fera
1708 4067 1961 4122 saeviores

382 4166 556 4222 reddit
584 4182 597 4219 :
630 4178 732 4218 non
761 4160 1161 4224 coiiscientiam,
1192 4174 1297 4214 non
1324 4158 1629 4223 amicitiam,
1661 4172 1766 4213 non
1789 4159 1963 4212 socie-

383 4267 565 4321 tatem,
596 4271 699 4311 non
730 4241 998 4324 propriam
1040 4252 1266 4307 salutem
1314 4251 1552 4319 cogitare
1580 4249 1738 4314 sinit;
1773 4248 1866 4303 sed
1893 4248 1961 4302 ab

381 4349 628 4403 omnibus
656 4348 807 4402 simul
831 4354 1099 4408 avertens,
1129 4356 1264 4413 quos
1285 4342 1425 4409 capit
1454 4343 1504 4396 in
1531 4341 1841 4396 servitutem
1870 4355 1958 4393 re-

380 4440 531 4511 digit,
575 4445 631 4491 ut
674 4435 983 4506 gravissima
1026 4433 1261 4488 domina.
1290 4432 1546 4501 Quodque
1591 4432 1643 4484 in
1689 4431 1786 4484 hac
1829 4430 1959 4484 dura

381 4530 639 4586 servitute
682 4525 917 4581 deterius
960 4533 1083 4591 est,
1133 4522 1329 4592 gratias
1374 4522 1472 4575 sibi
1522 4521 1791 4577 habendas
1841 4536 1961 4575 esse

383 4621 515 4690 ipsis
542 4617 760 4680 suadet;
783 4624 838 4671 et
859 4624 1059 4683 quanto
1089 4613 1256 4682 magis
1284 4612 1357 4665 illi
1396 4612 1645 4676 servitur,
1676 4620 1822 4666 tanto
1848 4627 1963 4664 ma-

382 4713 465 4781 gis
513 4715 738 4777 augetur
779 4704 1023 4772 voluptas
1065 4721 1077 4755 :
1125 4702 1352 4769 hincque
1392 4701 1701 4757 incnrabilis
1748 4702 1964 4755 morlms

384 4801 636 4872 gignitur.
682 4795 816 4850 llinc
858 4801 1048 4851 venatu
1092 4792 1324 4847 difﬁcilis
1374 4793 1490 4847 hmc
1536 4792 1642 4846 fera
1693 4802 1804 4858 est;
1850 4793 1964 4847 haec

384 4891 531 4948 Giesi
560 4903 627 4945 ex
650 4885 911 4956 discipulo
952 4892 1009 4940 et
1050 4883 1311 4954 propheta
1349 4883 1618 4955 leprosum
1662 4881 1817 4947 fecit;
1850 4883 1966 4937 bn-c

386 4981 648 5041 Ananiam
695 4975 960 5048 perdidit;
1006 4974 1123 5030 haec
1171 4972 1361 5030 Judam
1416 4972 1748 5044 proditorem
1803 4971 1963 5037 fecit;

387 5074 504 5130 haec
530 5071 798 5143 principes
820 5066 1127 5125 Iudaeorum
1152 5065 1410 5134 corrupit,
1441 5064 1531 5135 qui
1571 5065 1710 5119 dona
1738 5064 1968 5132 accipie—

390 5167 518 5221 bant
540 5172 593 5218 ct
619 5161 793 5218 furum
820 5159 952 5215 socii
980 5156 1383 5223 efficiebantur;
1411 5155 1528 5212 haec
1552 5156 1779 5226 plurima
1808 5147 1966 5210 indu-

391 5258 469 5311 xit
505 5254 665 5315 bella.
695 5250 953 5323 sanguine
975 5248 1109 5313 vias,
1142 5245 1391 5302 lamentis
1419 5254 1476 5302 et
1500 5246 1785 5317 gemitibus
1808 5246 1970 5302 urbes

394 5346 654 5416 replevit;
678 5344 794 5399 haec
826 5355 1011 5399 cmnas
1051 5340 1305 5411 impurae,
1332 5353 1650 5409 mensasque
1686 5352 1970 5394 exsecran-

443 5478 460 5508 ί
484 5474 541 5525 In
562 5472 845 5537 Florilegio,
864 5480 924 5537 ut
940 5471 1279 5537 animadvertit
1306 5470 1522 5537 Savilius,
1543 5471 1623 5522 hic
1645 5470 1781 5537 locus
1798 5472 1976 5537 melius

398 5537 586 5585 habere
612 5532 925 5595 videtur,'sed
947 5546 1012 5595 ea:
1044 5532 1485 5595 ingentirnequitia,
1507 5532 1655 5595 ouant
1675 5532 1721 5584 si
1749 5535 1972 5587 cohibere

397 5595 619 5647 uoluisset
633 5629 648 5651 ,
672 5606 767 5644 non
788 5592 1069 5643 tradidisset
1094 5592 1457 5650 benefactorem.
1481 5592 1698 5645 Christus
1719 5608 1829 5647 vero
1848 5596 1972 5647 mul-

399 5663 583 5772 ,ιεὲἕὲα
617 5650 754 5708 illum
790 5650 1087 5717 indulgentia
1125 5653 1370 5716 multaque
1404 5653 1632 5718 patientia
1673 5669 1814 5717 usus,
1836 5660 1976 5724 sum:-

2071 415 2189 483 das,
2219 417 2367 472 cibos
2406 420 2613 490 iniquos
2645 423 2891 478 reddidit.
2932 424 3134 481 Idcirco
3181 427 3445 486 idolorum
3484 437 3654 492 serti-

2069 513 2232 597 tutem
2261 509 2401 562 illam
2447 513 2655 567 vocavit
2683 513 2879 568 Paulus
2901 514 3116 587 (Coloss.
3145 518 3197 573 3.
3237 520 3315 588 5).
3347 520 3452 577 Sed
3484 496 3657 597 neque

2068 596 2136 650 ita
2170 597 2451 657 deterruit.
2495 601 2600 656 Cur
2627 613 2804 659 autem
2850 606 3205 664 idololatriam
3241 611 3407 667 dicit?
3450 596 3652 674 [labent

2067 689 2217 742 multi
2246 690 2477 757 divitias,
2510 693 2719 763 illisque
2743 696 2817 749 nti
2847 712 2951 750 non
2983 699 3202 765 audent,
3245 702 3340 757 sed
3371 704 3492 761 illas
3517 722 3651 762 cnn-

2066 792 2297 842 secrant.
2341 795 2393 837 et
2430 786 2710 854 nepotibus
2758 788 2979 843 intactas
3021 796 3407 863 transmittunt,
3435 813 3653 854 eorum-

2066 888 2169 942 que
2201 877 2619 940 successoribus,
2660 881 2810 948 quasi
2844 882 2952 936 Deo
2976 884 3147 938 dicata
3190 893 3648 946 muneracontin-

2064 980 2190 1034 gere
2233 981 2338 1019 nun
2380 969 2593 1024 audent.
2645 970 2698 1026 Si
2739 973 2953 1042 quando
2984 991 3112 1030 vero
3152 979 3216 1032 iis
3262 981 3335 1035 uti
3367 991 3646 1052 cogantur.

2066 1057 2137 1112 ita
2164 1057 2333 1112 affecti
2367 1072 2486 1114 sunt
2515 1076 2577 1116 ac
2605 1063 2648 1117 si
2673 1079 2783 1119 rem
2829 1065 3065 1120 illicitam
3108 1068 3368 1127 facerent.
3403 1074 3646 1144 Alioquin

2064 1157 2242 1204 autem
2270 1166 2333 1205 ac
2354 1153 2399 1205 si
2426 1153 2545 1221 quis
2575 1156 2787 1223 gentilis
2824 1156 3163 1214 simulacrum
3195 1163 3211 1193 ί
3243 1163 3467 1230 coleret,
3495 1166 3570 1221 sic
3594 1175 3647 1222 tu

2063 1252 2249 1305 aurum
2283 1242 2449 1309 portis
2492 1252 2546 1297 et
2574 1246 2813 1300 vectibus
2853 1250 3047 1314 munis,
3082 1265 3143 1305 ac
3190 1267 3287 1322 pro
3316 1256 3515 1325 templo
3553 1259 3645 1312 tibi

2063 1343 2240 1383 arcam
2268 1331 2475 1396 statuis,
2501 1344 2552 1387 et
2578 1334 2629 1387 in
2652 1340 2829 1391 aureis
2852 1340 2992 1392 vasis
3012 1340 3254 1410 deponis.
3274 1343 3380 1399 Sed
3403 1361 3509 1401 non
3526 1346 3645 1402 ado-

2062 1435 2150 1473 ras
2177 1421 2515 1476 simnlaerum
2542 1435 2596 1478 ut
2629 1427 2716 1481 ille
2736 1426 2761 1478 ἲ
2796 1430 2864 1483 At
2893 1445 3104 1486 omnem
3138 1434 3237 1504 ipsi
3263 1437 3466 1493 cultum
3489 1439 3641 1494 exhi.

2065 1511 2179 1565 bes.
2212 1512 2523 1582 Hnjusmodi
2552 1515 2712 1569 homo
2739 1520 2885 1587 prius
2909 1523 3093 1577 oculos
3120 1533 3172 1576 et
3193 1526 3423 1581 animam
3449 1530 3641 1595 tradat,

2061 1616 2220 1671 quam
2244 1604 2443 1658 idolum
2468 1605 2614 1660 illud.
2639 1607 2749 1663 Hoc
2770 1609 2969 1665 faciunt
2998 1613 3111 1666 auri
3139 1624 3426 1673 amatores.
3458 1619 3525 1673 At
3548 1634 3639 1674 au-

2061 1711 2178 1749 rum
2203 1711 2308 1751 non
2326 1698 2509 1762 adoro,
2536 1700 2764 1770 inquies.
2789 1701 2973 1773 Neque
2995 1705 3084 1762 ille
3106 1706 3301 1762 idolum
3316 1710 3529 1780 adorat,
3544 1714 3637 1770 sed

2062 1784 2444 1842 inhabitantem
2466 1789 2785 1846 daemonem.
2812 1792 2882 1846 Ita
2900 1804 2952 1848 et
2979 1805 3053 1859 tu,
3074 1798 3171 1852 etsi
3191 1812 3377 1853 aurum
3401 1817 3505 1855 non
3521 1802 3646 1858 ado-

2061 1891 2169 1941 res,
2193 1879 2287 1932 sed
2312 1880 2459 1933 illum
2486 1880 2677 1936 adores
2701 1882 2999 1940 daemonem
3021 1888 3108 1956 qui
3136 1904 3203 1944 ex
3236 1890 3351 1944 auri
3373 1892 3563 1948 intuitu
3590 1905 3645 1950 et

2061 1969 2490 2037 concupiscentia
2513 1972 2564 2025 in
2585 1982 2723 2026 tuam
2746 1975 2946 2030 involat
2961 1978 3210 2031 animam.
3231 1980 3484 2037 Damone
3498 1999 3644 2038 nam-

2060 2074 2164 2129 que
2185 2060 2418 2115 deterior
2437 2071 2519 2116 est
2533 2064 2875 2132 pecuniarum
2892 2067 3174 2135 cupiditas,
3198 2071 3285 2124 cui
3307 2072 3454 2126 multi
3477 2077 3644 2145 magis

2060 2153 2449 2223 obsequuntur,
2483 2172 2639 2223 quam
2685 2157 2842 2212 idolis
2879 2159 2989 2213 alii.
3028 2160 3091 2214 Hi
3124 2177 3351 2232 namque
3380 2163 3433 2218 in
3463 2166 3643 2221 multis

2061 2259 2165 2298 non
2191 2254 2406 2313 parent;
2441 2246 2512 2298 illi
2545 2262 2671 2302 vero
2701 2249 2754 2301 in
2780 2250 3029 2305 omnibus
3056 2250 3273 2315 cedunt,
3311 2265 3365 2305 et
3388 2254 3640 2324 quidquid

2062 2334 2362 2390 faciendum
2382 2346 2648 2407 suggerat,
2669 2338 3055 2409 obsequuntur.
3077 2342 3212 2409 Quid
3241 2343 3371 2398 dicit
3389 2346 3643 2399 avaritia?

2064 2428 2190 2481 Esto
2214 2429 2465 2483 munibus
2485 2430 2649 2484 hostis
2670 2442 2722 2485 et
2746 2431 3014 2503 inimicus,
3041 2444 3282 2489 naturam
3302 2435 3638 2497 obliviscere.

2064 2518 2226 2572 Deum
2257 2528 2558 2585 contemne,
2588 2522 2823 2576 sacriﬁca
2852 2524 2985 2576 mihi
3017 2525 3243 2594 teipsum
3267 2544 3280 2578 :
3304 2537 3357 2585 et
3380 2528 3432 2581 in
3467 2530 3635 2582 omni~

2063 2608 2159 2662 bus
2184 2609 2256 2661 illi
2283 2610 2675 2679 obtemperant.
2698 2611 2857 2665 ldolis
2884 2613 3097 2681 quidem
3128 2613 3291 2669 boves
3318 2626 3371 2671 et
3394 2632 3523 2673 oves
3541 2619 3637 2671 im-

2060 2698 2358 2753 molantur:
2392 2700 2611 2753 avaritia
2636 2710 2810 2755 autem
2839 2702 2985 2764 dicit,
3011 2704 3231 2760 lmmola
3258 2707 3385 2761 mihi
3411 2712 3657 2763 animam.

2061 2798 2203 2843 tnam
2229 2808 2241 2843 :
2264 2800 2315 2844 et
2341 2805 2532 2844 avarus
2554 2781 2766 2846 antorem
2798 2796 2952 2862 gerit.
2985 2794 3170 2848 Viden‘
3197 2799 3381 2866 quales
3407 2813 3528 2853 aras
3552 2800 3639 2853 ha-

2061 2880 2219 2935 beat?
2248 2882 2423 2951 qualia
2464 2884 2694 2951 excipiat
2732 2885 3030 2939 sacrificia?
3074 2886 3315 2957 Regnum
3367 2889 3457 2943 Dei
3497 2889 3639 2943 avari

2062 2987 2167 3027 non
2198 2972 2548 3041 possidebunt
2577 2974 2651 3041 (l.
2684 2973 2804 3029 Cor.
2838 2976 2890 3030 6.
2922 2975 3043 3046 10):
3072 2991 3135 3031 ac
3162 2977 3288 3031 nihil
3319 2988 3492 3033 tamen
3523 2979 3637 3035 for-

2062 3063 2283 3117 midant.
2307 3064 2464 3133 Atqui
2487 3065 2598 3119 bmc
2614 3063 2875 3134 cupiditas
2896 3067 3132 3120 omnium
3161 3066 3518 3122 inﬁrmissima
3534 3079 3635 3123 est.

2061 3156 2243 3226 Neque
2268 3157 2408 3213 enim
2430 3158 2628 3222 innata,
2653 3173 2826 3230 neque
2845 3159 3097 3216 naturalis
3113 3168 3195 3215 est
3214 3179 3227 3216 :
3244 3159 3479 3232 alioquin
3494 3161 3636 3216 enim

2063 3247 2219 3302 nobis
2245 3262 2275 3301 a
2307 3249 2567 3318 principio
2587 3249 2879 3306 adfuisset:
2910 3263 2963 3305 at
2995 3252 3145 3306 initio
3165 3267 3348 3306 aurum
3373 3267 3477 3306 non
3500 3260 3636 3316 erat,

2063 3354 2163 3394 nec
2192 3354 2378 3393 aurum
2406 3343 2667 3412 quispiam
2690 3346 2917 3397 amabat.
2951 3346 3019 3397 At
3045 3345 3088 3397 si
3110 3344 3289 3410 vultis,
3317 3342 3489 3398 dicam
3503 3342 3643 3398 unde

2064 3432 2258 3487 malum
2284 3431 2579 3501 irrepserit.
2608 3434 2810 3503 Singuli
2839 3449 2933 3488 eos
2960 3435 3047 3504 qui
3077 3445 3464 3504 praecesserant
3482 3449 3645 3489 aemu-

2066 3525 2178 3589 lati,
2210 3526 2454 3580 morbum
2496 3538 2780 3594 auxerunt,
2827 3537 2882 3581 et
2906 3528 2989 3581 vel
3017 3527 3238 3582 invitum
3273 3528 3457 3584 incitat
3485 3528 3530 3581 is
3555 3527 3641 3596 qui

2064 3621 2354 3691 praecessit.
2390 3620 2521 3677 Cum
2547 3622 2726 3677 vident
2760 3623 2901 3677 enim
2935 3624 3243 3694 splendidas
3286 3624 3451 3691 mdes,
3483 3638 3639 3694 agro-

2065 3729 2182 3769 rum
2209 3715 2439 3784 copiam,
2465 3728 2738 3769 servorum
2759 3730 2967 3785 greges,
2991 3724 3240 3786 argentea
3259 3731 3409 3782 vasa,
3438 3726 3490 3770 et
3511 3715 3646 3769 mul-

2066 3816 2172 3862 tam
2203 3809 2430 3862 vestium
2455 3808 2780 3877 congeriem,
2823 3808 2952 3861 nihil
2983 3823 3088 3862 non
3130 3816 3295 3878 agunt
3320 3817 3377 3861 ut
3404 3807 3524 3863 illos
3552 3822 3645 3861 sn-

2065 3908 2290 3971 perent:
2318 3909 2375 3954 ut
2400 3900 2554 3970 primi
2597 3900 2865 3967 secundis,
2898 3900 2951 3954 bi
2993 3900 3339 3970 sequentibus
3364 3914 3520 3955 causa
3548 3914 3645 3955 cn-

2067 3991 2246 4061 piendi
2272 3992 2551 4045 exsistant.
2585 3990 2736 4059 Quod
2765 3991 2807 4044 si
2836 3991 3129 4045 voluissent
3154 3990 3426 4047 moderate
3464 4003 3643 4057 agere,

2068 4100 2171 4139 non
2205 4085 2323 4138 aliis
2363 4084 2610 4139 doctores
2641 4083 2894 4146 fuissent;
2940 4083 3047 4137 imo
3088 4097 3261 4152 neque
3305 4081 3387 4136 his
3434 4082 3538 4135 ulla
3567 4091 3649 4135 est

2066 4178 2359 4233 excusatio.
2389 4176 2526 4232 Sunt
2553 4176 2696 4231 enim
2734 4176 2818 4229 alii
2848 4176 2935 4245 qui
2968 4175 3222 4244 pecunias
3264 4183 3540 4243 spernant.
3581 4172 3650 4227 Et

2068 4270 2187 4340 quis
2215 4270 2437 4338 spernit,
2471 4269 2713 4338 inquies?
2756 4267 2905 4336 Quod
2936 4268 3078 4321 enim
3122 4267 3337 4337 gravius
3373 4275 3475 4329 est,
3506 4274 3645 4319 tanta

2068 4363 2226 4434 hujus
2255 4362 2368 4416 vitii
2398 4363 2478 4415 vis
2513 4370 2617 4425 est,
2661 4369 2718 4414 ut
2758 4360 3002 4415 videatur
3030 4373 3134 4413 non
3183 4373 3339 4427 posse
3381 4356 3643 4428 superari,

2069 4469 2168 4508 nec
2187 4452 2437 4508 credatur
2455 4452 2754 4521 quempiam
2781 4464 2900 4505 esse
2931 4450 3019 4520 qni
3046 4450 3366 4504 contrariam
3400 4449 3669 4502 virtutem,

2069 4553 2323 4599 sectetur.
2358 4544 2549 4598 Multos
2578 4551 2753 4597 tamen
2785 4541 3091 4610 bnjusmodi
3123 4555 3404 4595 numerare
3433 4551 3646 4608 possum

2069 4645 2122 4691 et
2149 4636 2199 4690 in
2222 4633 2441 4689 urbibus
2470 4643 2523 4688 et
2548 4633 2600 4687 in
2629 4633 2916 4687 montibus.
2949 4632 3017 4686 Et
3051 4631 3177 4699 quid
3208 4630 3329 4685 inde
3355 4628 3522 4685 lucri?
3552 4642 3649 4680 ne-

2069 4741 2173 4796 que
2201 4725 2342 4780 enim
2376 4725 2500 4778 hinc
2526 4723 2776 4779 meliores
2797 4721 3052 4777 evadetis.
3082 4720 3328 4790 Alioquin
3348 4727 3528 4774 autem
3544 4731 3648 4772 non

2071 4818 2140 4873 de
2168 4817 2253 4871 bis
2280 4816 2433 4872 nobis
2462 4830 2641 4871 sermo
2666 4829 2808 4869 nunc
2833 4823 2937 4880 est,
2968 4828 3067 4868 nec
3091 4813 3317 4887 dicimus
3339 4810 3550 4864 divitias
3569 4807 3652 4863 ef-

2074 4909 2219 4964 fundi
2249 4916 2529 4976 oportere:
2574 4905 2770 4961 vellem
2816 4906 3031 4974 utique;
3058 4903 3151 4958 sed
3182 4902 3303 4973 quia
3334 4900 3507 4970 majus
3535 4913 3656 4953 esse

2074 5014 2210 5056 onus
2229 4999 2458 5064 videtur,
2488 5013 2596 5053 non
2624 5010 2833 5066 cogam,
2856 4995 2948 5051 sed
2978 4994 3164 5049 hortor
3187 5006 3253 5046 ne
3274 4992 3445 5045 aliena
3468 5002 3658 5044 cencn.

2074 5090 2313 5162 piscatis,
2344 5097 2505 5159 atque
2533 5103 2599 5142 ex
2629 5085 2965 5147 facultatibus
2995 5082 3317 5154 largiamini.
3346 5080 3538 5135 Multos
3558 5094 3657 5132 au-

2076 5190 2182 5236 tem
2211 5180 2544 5235 inveniemus
2573 5177 2733 5233 rebus
2760 5176 2874 5231 suis
2917 5183 3218 5237 contentos,
3250 5187 3344 5227 sua
3384 5177 3658 5233 curantes,

2076 5282 2131 5329 et
2156 5288 2226 5328 ex
2252 5270 2410 5341 justis
2455 5269 2725 5324 laboribus
2749 5269 2952 5322 victum
2980 5275 3248 5335 parantes.
3286 5262 3398 5318 Cur
3423 5275 3531 5315 non
3562 5258 3663 5313 hos

2078 5363 2348 5419 imitamur
2374 5368 2431 5416 et
2452 5358 2800 5414 atmulamur?
2826 5356 3133 5427 Cogitemus
3171 5368 3266 5409 eos
3291 5353 3381 5423 qui
3409 5359 3534 5405 ante
3564 5363 3665 5402 nos

2080 5454 2337 5509 fuerunt:
2368 5464 2544 5506 annon
2587 5449 2801 5505 illorum
2833 5447 3031 5518 praedia
3058 5453 3221 5511 stant,
3262 5443 3391 5499 dum
3420 5443 3655 5511 ipsorum

2080 5544 2192 5601 sola
2221 5541 2436 5598 nomina
2472 5538 2955 5596 circumferuntur?
2982 5538 3060 5593 En
3103 5535 3260 5606 hujus
3286 5533 3557 5597 balneum,
3589 5526 3656 5581 ιι-

2046 5715 2056 5724 ’
2150 5722 2166 5751 ι
2203 5717 2297 5767 Alii
2315 5716 2522 5778 addunt,
2547 5729 2764 5768 meant.

4046 5132 4072 5973 J
