4072 6152
428 272 540 330 363

441 387 582 443 Ἀλλ’
607 387 939 459 ἐπετίμησεν
972 391 1000 441 6
1038 390 1257 454 Ἰούδας,
1294 392 1644 463 προσχήματι
1672 392 1829 460 δῆθεν
1859 390 2019 443 εὐλα-

426 470 603 535 6είας.
638 471 703 523 Τί
729 467 822 523 οῦν
854 474 883 524 6
921 473 1193 541 Χριστὸς;
1243 476 1464 542 Ἔργον
1501 474 1692 528 καλὸν
1731 475 2021 539 ἐποίησεν

426 557 513 617 εἰς
537 552 645 604 τόν
668 555 1081 623 ἐνταφιασμόν
1102 575 1240 626 μου.
1294 558 1359 609 ΤΞ
1384 557 1580 621 δήποτε
1606 558 1665 612 δέ
1686 558 1786 609 οὐκ
1819 555 2011 627 ἤλεγξε

426 638 515 689 16v
548 635 796 706 μαθητὴν
823 637 916 688 ἐπὶ
941 639 1039 707 τῆς
1059 640 1338 707 γυναικὸς,
1370 643 1490 695 οὐδὲ
1537 640 1659 695 εἷπε
1693 641 1849 694 τοῦτο
1877 642 2015 710 ὅπερ

429 721 457 771 6
481 718 874 791 εὑαγγελιστὴς
895 717 1069 785 εἶπεν,
1098 724 1180 777 ὅτι
1222 724 1310 777 διὰ⁵
1332 725 1431 794 τὴν
1459 724 1666 779 οἰκείαν
1690 723 1895 795 κλοπὴν
1919 725 2017 776 ἐπ-

429 801 593 870 ἐτίμα
642 805 708 872 τῇ
761 804 978 870 γυναικί
992 821 1007 865 ;
1040 806 1117 876 Τῇ
1173 807 1336 879 πολλῇ
1374 807 1726 879 μακροθυμίᾳ
1758 805 2015 878 ἐντρέψαι

427 882 589 936 αὑτὸν
621 883 889 938 ἐϐούλετο.
916 886 1039 940 Ὅτι
1074 889 1181 959 γὰρ
1205 890 1323 960 ᾔδει
1353 892 1436 945 ὅτι
1467 892 1734 963 προδότης
1764 887 1853 962 ἦν,
1877 890 2015 943 ἀνω-

429 967 520 1019 θεν
552 968 714 1021 αὑτὸν
765 968 960 1039 ἤλεγξε
991 971 1273 1038 πολλάκις,
1317 974 1488 1029 εἰπών
1509 993 1523 1007 ·
1579 977 1654 1029 Οὐ
1692 975 1892 1038 πάντες
1924 991 2015 1027 πι-

430 1051 677 1105 στεύουσι
701 1069 715 1083 ·
756 1052 870 1115 καὶ,
900 1048 1006 1119 Εἷς
1035 1055 1104 1120 ἐξ
1135 1057 1303 1126 ὑμῶν
1324 1059 1602 1127 διάϐολός
1626 1059 1816 1114 ἐστιν.
1861 1058 2015 1129 Ἐδήφ

428 1134 567 1188 λωσε
602 1135 701 1205 μὲν
726 1130 841 1198 οὖν,
868 1136 950 1190 ότι
987 1134 1128 1193 οἶδεν
1175 1141 1338 1194 αὐτὸν
1367 1142 1652 1215 προδότην.
1691 1143 1793 1196 οὐκ
1821 1139 2012 1213 ἥλεγξε

425 1218 481 1271 δὲ
513 1219 781 1288 φανερῶς,
805 1218 942 1278 ἀλλά
965 1223 1362 1294 συνεχώρησεν,
1391 1225 1827 1279 ἀνακαλέσασθαι
1851 1224 2012 1278 αὐτὸν

428 1300 616 1354 θέλων.
648 1301 773 1364 Πῶς
815 1296 909 1356 οῦν
935 1302 1093 1368 ἀλλος
1128 1306 1311 1376 φησὶν,
1343 1308 1426 1360 ὅτι
1457 1307 1657 1370 πάντες
1685 1309 1734 1360 οἰ
1771 1306 2011 1378 μαθηταὶ

424 1382 582 1437 τοῦτο
625 1384 989 1453 ἐφθέγξαντος
1031 1389 1139 1441 Καὶ
1187 1391 1407 1456 πάντες,
1473 1393 1721 1456 κάκεῖνος
1746 1408 1760 1422 ·
1816 1391 1929 1445 ἀλλ’
1960 1393 2009 1444 οἰ

426 1465 601 1519 λοιποὶ
629 1468 691 1521 06
719 1471 786 1540 τῇ
815 1469 949 1539 αὐτῇ
980 1471 1322 1543 προαιρέσει.

496 1624 556 1677 Εἰ
578 1624 633 1678 δέ
665 1644 748 1693 τις
773 1628 1036 1692 ἐξετάζοι,
1070 1630 1123 1683 τί
1149 1630 1347 1702 δήποτε
1374 1632 1578 1704 κλέπτῃ
1609 1633 1723 1685 ὄντι
1754 1633 1811 1684 16
1834 1633 2000 1701 γλωσ-

429 1706 655 1778 σόκομον
679 1711 975 1781 ἐνεχείρισε
993 1714 1100 1766 τῶν
1119 1715 1371 1786 πτωχῶν,
1393 1718 1486 1769 καὶ
1507 1718 1809 1785 οἰκονομεῖν
1828 1718 2010 1786 ἐποίη-

428 1804 487 1841 σε
521 1790 850 1862 φιλᾷργυρον
877 1795 1004 1848 ὄντα
1030 1812 1045 1860 ;
1070 1797 1245 1849 ἐκεῖνο
1279 1798 1344 1850 ἂν
1372 1800 1638 1869 εἴποιμεν,
1666 1800 1748 1853 ὅτι
1776 1799 1868 1852 τὸν
1908 1801 2007 1870 μὲν

426 1870 734 1942 ἀπόρρητον
763 1875 918 1943 λόγον
946 1878 974 1929 ό
999 1877 1131 1941 Θεὸς
1161 1874 1302 1933 οἶδεν
1326 1894 1340 1909 ·
1358 1882 1408 1933 εἰ
1433 1881 1489 1933 δέ
1513 1899 1567 1933 τι
1587 1882 1690 1953 χρὴ
1714 1882 1862 1951 ἡμᾶς
1887 1900 2005 1937 στο-

426 1953 755 2037 χαζομένους
780 1960 972 2026 εἰπεῖν,
999 1960 1084 2013 ἵνα
1116 1962 1295 2016 πᾶσαν
1342 1964 1550 2037 ἐκκόψῃ
1581 1966 1870 2035 πρόφασιν.
1927 1966 2002 2018 O6

427 2036 537 2106 γάρ
584 2034 725 2107 εἶχεν
758 2042 961 2100 εἰπεῖν.
1014 2044 1093 2096 ὅτι
1133 2045 1220 2097 διὰ
1270 2034 1567 2117 χρημάτων
1614 2034 1791 2118 ἔρωτα
1845 2050 2005 2104 τοῦτο

427 2119 645 2203 ἐποίησε
682 2122 940 2193 (καὶγὰρ
972 2126 1162 2196 ἱκανὴν
1200 2124 1344 2198 εῖχεν
1378 2131 1443 2182 ἐκ
1481 2128 1576 2182 τοῦ
1618 2132 2002 2203 γλωσσοκόμου

555 2202 846 2287 ἐπιθυμίας
872 2207 969 2276 τὴν
997 2210 1386 2281 παραμυθίαν)
1412 2229 1425 2243 ·
1458 2213 1594 2267 ἀλλά
1616 2214 1704 2269 διὰ
1739 2200 2004 2287 πονηρίαν

422 2283 641 2370 πολλὴν,
673 2288 737 2357 ἢν
760 2287 1010 2342 ἐϐούλετο
1038 2292 1290 2362 κατέχειν
1316 2295 1343 2347 6
1375 2296 1629 2366 Χριστὸς,
1666 2298 1834 2370 πολλῇ
1862 2283 2002 2366 ⁷συγ-

420 2369 717 2422 καταϐάσει
748 2371 885 2441 πρὸς
911 2373 1074 2427 αὑτὸν
1114 2376 1474 2446 κεχρημένος.
1525 2381 1616 2433 Διὸ
1652 2382 1774 2434 οὺδέ
1814 2369 2003 2436 ἐνεκά-

419 2450 495 2536 λει
523 2450 548 2479 ⁸
581 2452 730 2523 αὐτῷ
771 2455 1077 2521 κλέπτοντι,
1114 2459 1291 2513 καίτοι
1322 2479 1385 2529 γε
1435 2462 1611 2528 εἰδὼς,
1674 2465 2002 2536 ἐμφράττων

418 2534 515 2602 τὴν
555 2536 797 2606 πονηρὰν
847 2538 1181 2609 ἐπιθυμίαν,
1224 2541 1373 2614 [392]
1406 2544 1500 2597 καὶ⁵
1548 2534 1729 2599 πᾶσαν
1766 2534 2002 2616 ἐξαίρων

418 2616 730 2683 ἀπολογίαν.
766 2621 972 2688 Ἅφετε
1008 2624 1222 2691 αὐτὴν,
1246 2626 1410 2696 φησίν
1436 2644 1448 2657 ·
1478 2629 1691 2700 εἰς-γὰρ
1712 2630 1826 2697 τὴν
1852 2632 2002 2699 ἠμέ-

410 2716 530 2765 par
561 2701 667 2754 τοῦ
714 2702 1125 2773 ἐνταφιασμοῦ
1149 2725 1268 2774 μου
1319 2708 1496 2764 τοῦτο
1523 2712 1795 2778 ἐποίησε.
1829 2714 2001 2767 Πάλιν

416 2781 505 2833 τὸν
547 2783 809 2850 προδότην
845 2787 1173 2855 ἀνέμνησεν,
1221 2791 1588 2862 ἐνταφιασμόν
1626 2794 1816 2848 εἰπών.
1860 2796 1998 2849 Ἀλλ’

417 2863 479 2947 06
506 2864 844 2921 καθικνεῖται
872 2870 1037 2922 αὑτοῦ
1068 2873 1095 2924 ὀ
1142 2871 1383 2944 ἐλεγχος,
1439 2876 1559 2930 οὐδὲ
1597 2877 1864 2947 μαλάσσει
1884 2878 1909 2919 δ
1939 2880 2000 2933 16

419 2944 582 3013 ῥῆμα.
605 2947 780 2999 καίτοι
802 2950 981 3001 ἱκανὸν
1007 2952 1167 3005 αὐτὸν
1189 2956 1267 3017 εἰς
1299 2951 1477 3009 οἶκτον
1497 2944 1756 3024 ἐμϐαλεῖν
1772 2977 1784 2988 ·
1816 2960 1997 3014 ὡσαν-

416 3026 464 3079 εἰ
490 3028 675 3097 ἔλεγεν
697 3048 710 3061 ·
763 3033 1043 3103 Ἐπαχθής
1101 3039 1215 3105 εἰμι
1250 3039 1343 3091 καὶ
1372 3041 1627 3111 φορτικός
1655 3058 1668 3072 ·
1695 3041 1833 3095 ἀλλά
1864 3044 1997 3097 ἀνάε-

419 3126 596 3177 μεινον
619 3114 834 3184 μικρὸν,
865 3115 957 3168 καὶ
981 3117 1371 3189 ἀπελεύσομαι.
1402 3123 1511 3175 Kal
1533 3124 1639 3194 γὰρ
1677 3125 1835 3179 τοῦτο
1868 3144 1997 3179 κατ-

414 3193 707 3279 εσκεύαζεν
730 3198 786 3248 ἐν
815 3197 891 3268 τῷ
916 3197 1093 3267 λέγειν
1112 3219 1125 3232 ·
1144 3200 1283 3270 Ἐμὲ
1321 3203 1388 3256 δὲ
1412 3208 1483 3259 οὐ
1510 3193 1769 3261 πάντοτε
1805 3209 1992 3279 ἔχετε.

424 3275 563 3361 Ἂλλ’
612 3277 764 3361 οὐδὲν
824 3281 1025 3334 τούτων
1078 3283 1169 3336 16v
1223 3285 1462 3357 θηριώδη
1517 3289 1610 3341 καὶ
1670 3275 1995 3361 μαινόμενον

412 3358 718 3439 ἐπέκαμψε.
744 3362 923 3415 καίτοι
954 3379 1017 3430 γε
1057 3364 1151 3417 καὶ
1179 3366 1389 3419 τούτων
1421 3368 1600 3439 πολλῷ
1632 3358 1853 3425 πλείονα
1899 3375 1995 3427 καὶ

410 3436 531 3492 εἷπε
561 3443 654 3495 καί⁵
684 3444 907 3513 ἐποίησε
928 3482 943 3507 ,
986 3447 1081 3499 καὶ
1128 3449 1254 3510 τοὺς
1290 3450 1454 3514 πόδας
1480 3436 1643 3505 αὑτοῦ
1692 3453 1841 3523 ἔνιψε
1871 3455 1992 3509 κατ’

411 3523 576 3594 αὐτὴν
602 3527 700 3593 τὴν
733 3528 924 3593 νύκτα,
964 3529 1056 3581 καὶ
1083 3531 1365 3601 τραπέζης
1412 3534 1562 3604 αὐτῷ
1597 3538 1866 3605 μετέδωκε
1900 3541 1994 3592 καὶ

411 3607 570 3692 ἀλῶν·
598 3608 625 3661 δ
650 3610 743 3692 καὶ
768 3611 865 3673 τὰς
890 3612 1190 3683 λῃστρικάς
1218 3610 1326 3668 οἶδε
1356 3618 1605 3688 κατέχειν
1647 3621 1826 3691 ψυχὰς
1857 3621 1876 3692 (
1897 3626 1992 3677 καὶ

412 3689 632 3775 ῥήγματα
659 3691 820 3761 ἔτερα
852 3694 1168 3763 ἐφθέγξατο,
1204 3699 1362 3753 ίκανά
1393 3703 1485 3754 καὶ
1518 3702 1662 3757 λίθον
1688 3689 1954 3775 μαλάξαι)
1976 3725 1991 3738 ·

410 3774 691 3861 καί-ταῦτα
724 3776 785 3828 06
815 3777 922 3861 πρὸ
949 3779 1145 3833 πολλοῦ
1172 3781 1266 3834 τοῦ
1291 3784 1505 3853 χρόνου,
1534 3786 1650 3839 ἀλλ’
1676 3790 1734 3840 ἐν
1764 3789 1901 3860 αὐτῇ
1923 3774 1990 3861 τῇ

407 3856 609 3944 ἡμέρῆ
658 3858 747 3911 ἵνα
780 3860 913 3944 μηδὲ
959 3863 986 3915 6
1014 3865 1206 3933 χρόνος
1236 3867 1315 3929 εἰς
1353 3867 1523 3938 λήθην
1547 3869 1781 3944 ἐμϐάλῃ.
1831 3856 1993 3929 ’Ᾰλλά

409 3938 543 4009 πρὸς
574 3939 790 3993 ἅπαντα
823 3941 973 4013 ἔστη.

472 4100 743 4185 γ’.“Δεινδν
761 4100 869 4171 γὰρ
897 4103 930 4172 ή
958 4103 1310 4176 φιλαργυρία,
1336 4106 1508 4161 δεινόν
1528 4129 1538 4140 ·
1562 4112 1656 4165 καὶ
1678 4113 1990 4185 ὀφθαλμοὺς

405 4184 498 4234 καὶ
530 4176 641 4237 ῶτα
674 4185 860 4253 πηροῖ,
906 4186 998 4237 καὶ
1041 4185 1231 4256 θηρίου
1270 4190 1685 4263 χαλεπωτέρους
1721 4176 1894 4262 ποιεῖ,
1927 4176 1988 4253 06

404 4265 663 4331 συνειδὸς,
696 4268 756 4319 06
783 4266 985 4335 φιλίαν,
1019 4269 1079 4320 06
1116 4272 1421 4338 κοινωνίαν,
1451 4274 1512 4327 06
1540 4276 1637 4347 τὴν
1663 4279 1762 4349 τῆς
1783 4281 1990 4348 οἰκείας

401 4348 580 4418 ψυχῆς
605 4349 878 4421 σωτηρίαν
910 4351 1158 4420 ἐννοῆσαι
1181 4354 1555 4424 συγχωροῦσα,
1575 4348 1990 4433 ἀλλάνκαθάπαξ
2040 4420 2043 4423 λ

403 4433 621 4484 πάντων
650 4434 1026 4503 ἀποστήσασα,
1062 4434 1281 4498 δούλους
1315 4437 1485 4507 αὐτῆς
1508 4444 1654 4495 ποιεῖ
1674 4448 1800 4508 τοὺς
1836 4449 1990 4505 ἀλόν-

401 4533 521 4603 τας,
550 4515 913 4603 καθάπερλτις
940 4520 1192 4603 τυραννὶς
1214 4519 1444 4590 χαλεπή.
1472 4523 1582 4576 Καὶ
1602 4525 1663 4579 16
1693 4527 1864 4584 δεινὸν
1889 4534 1988 4603 τῆς

401 4597 545 4650 οὕτω
581 4600 775 4669 πικρᾶς
805 4598 1071 4663 δουλείας,
1102 4602 1183 4654 ὅτι
1230 4604 1322 4655 καὶ
1352 4605 1514 4674 χάριν
1562 4607 1746 4675 αὐτοῖς
1786 4623 1809 4651 c
1843 4597 1986 4685 ἔχείν

399 4680 680 4734 ἀναπείθει
703 4697 714 4709 ’
762 4682 857 4735 καὶ
889 4683 1106 4752 ὅσῳπερ
1142 4683 1207 4737 ἂν
1239 4685 1376 4757 αὐτῇ
1413 4687 1614 4756 μᾶλλον
1637 4680 1980 4761 δουλεύσωσι,

401 4765 728 4848 τοσούτῳτά
754 4769 856 4837 τῆς
885 4767 1076 4837 ἡδονῆς
1105 4767 1346 4832 αὔξεται.
1392 4772 1501 4824 Kal
1537 4774 1709 4848 ταύτῃ
1753 4781 1986 4848 μάλιστα

404 4847 620 4935 ἀνίστω)
642 4846 700 4935 τὸ
731 4848 943 4935 νόσημα
987 4848 1212 4935 γίνεται,
1251 4852 1420 4923 ταύτῃ
1457 4846 1765 4914 δυσάλωτον
1799 4863 1858 4915 16
1890 4865 1986 4935 θη-

407 4931 538 5018 ρίον.
570 4932 862 5018 Τοῦτοῗτὺν
887 4934 1048 5018 Γιεςῆ
1077 4934 1278 5005 λεπρὸν
1314 4937 1437 4989 ἀντὶ
1465 4940 1709 5011 μαθητοῦ
1740 4947 1832 4998 καὶ
1854 4931 1987 5018 προ·-

402 5015 571 5080 φήτον
596 5017 861 5086 πεποίηκε
882 5034 895 5046 ·
918 5016 1079 5069 τοῦτο
1108 5018 1235 5081 τοὺς
1269 5020 1397 5089 περὶ
1434 5021 1683 5079 Ἀνανίαν
1711 5015 1982 5084 ἀπώλεσε·

402 5095 560 5147 τοῦτο
598 5097 687 5150 16v
740 5097 940 5151 Ἰούδαν
968 5092 1238 5169 προδότην
1283 5103 1578 5171 εἰργάσατο
1602 5123 1615 5137 ·
1669 5110 1828 5164 τοῦτο
1860 5115 1985 5177 τοὺς

396 5179 669 5232 ,Ἰουδαίων
698 5182 967 5251 ἄρχοντας
996 5181 1288 5253 διέφθειρε,
1317 5184 1693 5255 λαμϐάνοντας
1713 5192 1860 5264 δῶρα
1891 5199 1985 5251 καὶ

397 5266 684 5326 κοινωνοὺς
719 5265 968 5318 κλεπτῶν
988 5267 1327 5335 γενομένους.
1362 5269 1531 5323 Τοῦτο
1571 5275 1798 5343 μυρίους
1827 5279 1984 5332 πολέ-

400 5364 535 5415 μους
565 5349 856 5417 εἰσήγαγεν
882 5364 894 5377 ·
932 5349 1181 5420 αἱμάτων
1215 5350 1312 5421 μὲν
1353 5353 1450 5415 τὰς
1476 5355 1646 5422 ὁδοὺς,
1683 5357 1898 5428 θρήνων
1926 5363 1982 5417 δέ

458 5578 479 5601 ⁸
512 5574 564 5622 In
592 5575 860 5650 f‘lotilegjo
884 5580 1119 5650 hic-10005
1144 5581 1216 5629 sic
1235 5580 1385 5650 habet
1414 5590 1522 5650 ζγῆν
1546 5592 1584 5637 εἰ
1611 5592 1832 5644 ἐϐούλετο
1862 5616 1978 5650 κατ-

392 5634 537 5694 έχειν,
560 5634 907 5726 τὸέέεῦεργέτζῑν
933 5642 1100 5720 οῦκὶᾶν
1126 5634 1421 5717 παρέδωκεν.
1438 5634 1496 5698 τό
1520 5634 1583 5698 δέ’

394 5700 911 5783 συεξατὲδάῖείλπρὲε.
937 5700 1399 5783 αΡτδνὲῗχρηξιένθς.
1441 5700 1978 5783 ἠνείχεέοτ

392 5758 771 5833 κροθυμῶν.-Διὸ
812 5758 921 5833 ὸοδε
960 5765 1024 5833 a1.
1085 5765 1118 5833 _b
1138 5758 1341 5820 σίηδεηι
1370 5758 1974 5833 ’δῡέὲχῖό.ἆέτεῖ”ἱἘ‹¹ῖῖἶί

391 5825 1175 5904 ἔῗθέἕ,αί³ἶ⁷ὶῖιη.¹ἔ¹³ἶ9;ἑ¹ἥκίπ¹θ
1218 5839 1330 5887 pars
1351 5836 1809 5904 ,ιηεηιμερνίριοτυιη
1837 5825 1974 5904 ξένε

377 5894 564 5932 cuiam.
627 5887 814 5942 optime
853 5887 891 5934 si
917 5895 1168 5938 conslruas
1200 5907 1306 5942 cum
1344 5897 1591 5949 ἀναπείθει,
1618 5887 1743 5961 ἴρείε

1437 273 1502 329 ΙΝ
1537 273 1855 329 JOANNEM
1896 268 2130 328 HOMIL.
2170 270 2330 326 LXV.
2376 271 2446 326 al.
2503 268 2685 327 LXIV.

3624 273 3692 327 3‘5
3704 277 3725 328 ί

2134 388 2227 440 καὶ
2254 389 2509 458 οἰμωγῶν
2537 388 2636 452 τὰς
2659 388 2843 451 πόλεις
2869 385 3186 458 πληρῶσαν.
3216 383 3385 439 Τοῦτο
3408 386 3502 438 καὶ
3534 386 3724 443 δεῖπνα

2124 470 2349 539 ἐποίησε
2396 470 2649 539 γενέσθαι
2689 472 2978 541 ἀκάθαρτα
3012 470 3107 522 καί.
3160 470 3444 540 τραπέζας
3477 471 3714 539 ἐιαγεῖς,

2129 552 2224 604 καὶ
2252 552 2524 623 ἐδέσματα
2558 554 2904 624 παρανομίας
2932 552 3219 622 ἐνέπλησε.
3263 551 3363 605 Διὰ
3403 551 3563 606 τοῦτο
3590 553 3723 607 αὐτὸ

2133 635 2574 707 εἰδωλολατρείαν
2602 637 2859 689 ἐκάλεσεν
2892 639 2920 689 6
2951 636 3182 694 Παῦλος.
3223 634 3364 688 Ἀλλ’
3394 635 3515 689 οὐδὲ
3548 634 3719 700 οὕτως

2124 717 2381 788 ἐφόϐησε.
2438 718 2590 772 Διατί
2631 719 2687 772 δὲ
2747 720 3192 792 εἰδωλολατρείαν
3238 718 3440 788 φησίν;
3491 720 3718 790 Ἔχουσι

2124 799 2309 853 πολλοὶ
2334 804 2613 871 χρήματα,
2653 804 2748 855 καὶ
2771 801 3084 874 χρήσασθαι
3115 802 3300 864 αὐτοῖς
3332 801 3395 853 06
3423 801 3715 871 τολμῶσιν,

2122 888 2257 942 ἀλλά
2284 889 2622 961 ἀφιεροῦσιν,
2659 891 2739 953 είς
2768 889 3025 957 ἐγγόνους
3056 890 3151 943 καὶ
3183 888 3244 954 ἐξ
3273 887 3513 955 ἐγγόνων
3541 903 3718 956 παρα-

2127 972 2439 1043 πέμποντες
2469 973 2748 1042 ἀνέπαφα,
2784 972 3039 1043 καθάπερ
3064 971 3228 1025 τινῶν
3258 969 3622 1040 ἀναθημάτων
3653 969 3716 1021 o6

2119 1054 2431 1125 τολμῶντες
2466 1054 2728 1123 ἅψασθαι.
2756 1054 2883 1109 Ἐὰν
2912 1054 2971 1108 δέ
2996 1070 3129 1107 ποτε
3156 1053 3251 1108 καὶ
3272 1049 3714 1120 ἀναγκασθῶσιν.

2119 1136 2309 1210 ὥσπερ
2335 1137 2595 1207 ἀθέμιτόν
2625 1157 2677 1192 τι
2707 1138 3036 1207 πράξαντες,
3078 1135 3223 1190 οὕτω
3247 1135 3569 1190 διάκεινται.
3605 1135 3717 1188 Καὶ

2118 1222 2294 1286 ἄλλως
2322 1222 2400 1282 δὲ,
2432 1222 2621 1293 ῶσπερ
2651 1222 2711 1276 16
2738 1220 2924 1286 ξόανον
2955 1220 3211 1290 περιέπει
3235 1220 3265 1273 6
3285 1218 3519 1289 Ἕλλην·
3571 1214 3716 1269 οὕτω

2120 1305 2185 1356 σὺ
2217 1304 2279 1355 16
2305 1305 2525 1374 χρυσίον
2550 1302 2576 1343 δ
2604 1304 2797 1375 θύραις
2837 1302 3119 1366 πιστεύεις
3170 1302 3266 1355 καὶ
3305 1299 3546 1372 μοχλοῖς,
3594 1299 3716 1352 ἀντὶ

2117 1384 2245 1438 ναοῦ
2268 1385 2328 1437 τὸ
2357 1384 2609 1438 κιϐώτιον
2643 1385 3072 1448 κατασκευάζων
3121 1384 3218 1438 καὶ
3265 1380 3715 1452 ἐναποτιθέμενος

2119 1467 2370 1520 σκεύεσιν
2418 1468 2698 1538 ἀργυροῖς.
2755 1468 2895 1520 Ἀλλ’
2950 1470 3012 1521 06
3064 1468 3417 1538 προσκυνεῖς,
3462 1463 3714 1533 καθάπερ

2116 1551 2323 1612 ἐκεῖνος
2351 1550 2412 1601 τὸ
2464 1548 2681 1616 ξόανον;
2750 1550 2909 1603 Ἀλλά
2966 1551 3148 1602 πᾶσαν
3177 1548 3552 1601 ἐπιδείκνυσαι
3583 1544 3713 1618 περί⁵

2116 1632 2248 1685 αὐτὸ
2277 1632 2596 1703 θεραπείαν.
2629 1633 2796 1686 Πάλιν
2830 1634 3038 1693 ἐκεῖνος
3070 1631 3242 1702 ἡδέως
3264 1630 3329 1683 ἂν
3356 1631 3480 1692 τοὺς
3513 1628 3713 1697 ὀφθαλ-

2117 1715 2253 1784 μοὺς
2281 1717 2373 1767 καὶ
2405 1714 2503 1785 τὴν
2528 1715 2707 1784 ψυχὴν
2732 1715 2972 1785 πρόοιτο,
3007 1714 3039 1784 ἤ
3066 1713 3125 1767 τὸ
3159 1714 3365 1780 ξόανον.
3401 1711 3573 1766 τοῦτο
3619 1712 3712 1765 καὶ

2114 1793 2164 1845 οἱ
2196 1793 2258 1845 16
2289 1794 2511 1863 χρυσίον
2537 1793 2834 1862 φιλοῦντες.
2877 1792 3018 1846 Ἀλλ’
3048 1792 3109 1844 06
3144 1791 3437 1863 προσκυνῶ
3474 1792 3533 1845 16
3582 1808 3710 1860 χρυ-

2116 1874 2250 1938 σίον,
2285 1876 2469 1944 φησίν.
2502 1875 2636 1928 Οὐδὲ
2668 1877 2878 1938 ἐκεῖνος
2902 1874 2962 1928 16
2990 1873 3232 1937 εἴδωλον,
3279 1874 3435 1945 φησὶ,
3467 1889 3710 1943 προσκυο

2113 1960 2212 2022 νεῖ,
2249 1958 2385 2012 ἀλλά
2415 1960 2505 2012 τὸν
2536 1958 2850 2012 ἐνοικοῦντα
2883 1959 3134 2028 δαίμονα.
3172 1956 3327 2011 Οὔτω
3350 1957 3442 2010 καὶ
3482 1957 3568 2013 σὺ.
3605 1954 3709 2008 κᾶν

2115 2041 2190 2112 μὴ
2239 2041 2296 2093 16
2336 2043 2557 2112 χρυσίον
2604 2044 2937 2113 προσκυνῇς,
2967 2040 3103 2094 ἀλλά
3142 2040 3232 2092 τὸν
3262 2039 3371 2093 ἀπὸ
3405 2038 3504 2107 τῆς
3533 2038 3709 2107 ἀψεως

2110 2124 2204 2177 τοῦ
2243 2125 2470 2194 χρυσίου
2510 2126 2725 2195 καὶτῆς
2767 2123 3063 2196 ἐπιθυμίας
3114 2121 3473 2193 ἐπιπηδῶντά
3509 2137 3601 2174 σου
3640 2122 3704 2191 τῇ

2112 2206 2261 2278 [595]
2287 2207 2432 2277 ψυχῇ
2467 2208 2717 2278 δαίμονα.
2756 2207 3023 2277 Δαίμονος
3056 2204 3165 2277 γὰρ
3190 2202 3572 2274 χαλεπώτερον
3606 2202 3704 2270 τῆς

2109 2289 2474 2362 φιλαργυρίας
2526 2290 2878 2361 ἡέπιθυμία,
2931 2291 3026 2343 καὶ
3072 2289 3247 2361 ταύτῃ
3281 2287 3466 2341 πολλοί
3504 2286 3706 2356 μᾶλλον

2109 2372 2422 2438 πείθονται,
2458 2372 2490 2441 ἢ
2539 2373 2716 2443 ἕτεροι
2750 2375 2862 2437 τοῖς
2887 2370 3149 2435 εἰδώλοις.
3213 2372 3442 2424 Ἐκεῖνοι
3471 2369 3570 2440 μὲν
3596 2368 3705 2439 γὰρ

2106 2455 2278 2508 πολλά
2321 2456 2745 2527 παρακούουσιν,
2774 2456 3007 2509 ἐνταῦθα
3037 2454 3094 2508 δὲ
3131 2455 3310 2508 πάντα
3343 2453 3556 2506 εἴκουσι
3609 2452 3704 2505 καὶ

2105 2536 2243 2608 ὅπερ
2273 2536 2339 2591 ἂν
2368 2538 2497 2610 εἴπῃ
2520 2539 2767 2607 ποιῆσαι,
2802 2539 3098 2592 πείθονται.
3127 2538 3192 2591 Τί
3222 2537 3406 2605 λέγεις
3437 2534 3703 2605 Πολέμιος

2106 2619 2217 2684 ἔσο,
2250 2621 2434 2691 φησὶν,
2469 2622 2663 2692 ἐχθρὸς
2702 2623 2957 2675 ἁπάντων
2977 2640 2989 2651 ·
3020 2621 3205 2689 ἀγνόει
3236 2621 3335 2692 τὴν
3368 2619 3555 2688 φύσιν,
3600 2634 3700 2671 κα-

2102 2703 2362 2774 ταφρόνει
2401 2704 2560 2766 Θεοῦ,
2609 2706 2915 2758 κατάθυσόν
2968 2722 3059 2770 μοι
3108 2704 3304 2757 σαυτόν
3329 2721 3342 2734 ·
3378 2704 3474 2756 καί
3523 2701 3703 2756 πάντα

2105 2787 2403 2841 πείθονται.
2456 2787 2567 2841 Kal
2614 2789 2725 2851 τοῖς
2779 2789 2877 2857 μὲν
2908 2786 3116 2851 ξοάνοις
3157 2786 3284 2857 βοῦς
3315 2787 3408 2840 καὶ
3450 2783 3702 2856 πρόϐατα

2104 2867 2324 2921 θύουσιν
2344 2886 2357 2899 ·
2387 2872 2420 2939 ἡ
2452 2870 2507 2922 δὲ
2546 2870 2880 2942 φιλαργυρία
2907 2871 3080 2939 λέγει·
3106 2869 3280 2924 Θῦσόν
3310 2885 3400 2939 μοι
3432 2869 3532 2937 τὴν
3566 2883 3700 2920 σαυ-

2101 2950 2195 3003 τοῦ
2215 2950 2413 3022 ψυχὴν,
2447 2952 2538 3004 καὶ
2572 2953 2767 3005 πείθει.
2812 2953 2975 3023 Ὁρᾷς
3006 2951 3150 3015 οἴους
3179 2951 3293 3023 ἔχει
3327 2949 3581 3020 βωμούς;
3612 2943 3702 3003 οἷα

2101 3032 2314 3102 δέχεται
2339 3033 2554 3103 Θύματα
2578 3051 2592 3099 ;
2627 3032 2916 3087 Βασιλείαν
2944 3033 3080 3087 Θεοῦ
3107 3036 3167 3087 06
3191 3034 3700 3105 κληρονομήσουσιν

2100 3117 2149 3168 οἱ
2204 3116 2563 3169 πλεονέκται·
2603 3118 2698 3170 καὶ
2729 3116 2850 3169 ούδέ
2888 3115 3032 3169 οὕτω
3064 3116 3358 3169 δεδοίκασι.
3411 3115 3604 3168 Καίτοι
3633 3129 3697 3181 γε

2105 3200 2318 3252 πάντων
2347 3201 2379 3268 ὴ
2413 3198 2679 3268 ἐπιθυμία
2700 3198 2839 3269 αὕτη
2859 3198 3248 3268 ἀσθενεστέρα.
3276 3199 3351 3252 06
3380 3196 3490 3266 γὰρ
3518 3196 3696 3267 ἐμφυ-

2098 3299 2208 3345 τος,
2237 3282 2357 3335 οὐδὲ
2381 3284 2585 3353 φυσική
2614 3300 2624 3312 ·
2655 3278 2690 3352 ἦ
2718 3281 2830 3352 γὰρ
2856 3281 2924 3335 ἂν
2952 3281 3102 3354 παρὰ
3128 3280 3229 3352 τὴν
3254 3280 3428 3351 ἀρχὴν
3452 3278 3695 3348 ἐνετέθη·

2099 3364 2194 3417 νῦν
2221 3365 2277 3417 δὲ
2310 3364 2532 3435 χρυσίον
2559 3365 2660 3418 οὐκ
2684 3360 2752 3435 ἦν
2779 3365 3006 3430 ἀνωθεν,
3030 3364 3152 3418 οὐδὲ
3193 3364 3302 3436 ἦρα
3335 3380 3420 3425 τις
3447 3360 3694 3434 χρυσίου.

2112 3446 2248 3499 Ἀλλ’
2271 3450 2320 3500 εἰ
2341 3448 2616 3517 βούλεσθε,
2648 3448 2792 3516 λέγω
2811 3448 2975 3502 πόθεν
2992 3447 3209 3517 εἰσῆλθε
3233 3448 3293 3501 16
3310 3446 3499 3500 κακόν.
3527 3446 3697 3500 Ἐκα-

2101 3547 2224 3592 στος
2258 3530 2347 3583 τὸν
2378 3532 2484 3601 πρὸ
2514 3531 2678 3584 αὐτοῦ
2730 3531 3019 3601 ζηλοῦντες
3070 3531 3346 3583 ἐπέτεινον
3370 3530 3432 3582 16
3456 3528 3693 3599 νόσημα,

2100 3614 2313 3667 καὶτὸν
2357 3616 2417 3666 06
2466 3614 2788 3684 βουλόμενον
2824 3617 2851 3668 6
2898 3613 3186 3682 προλαϐὼν
3235 3611 3492 3683 ἐρεθίζει.
3525 3612 3696 3665 Ὅταν

2098 3694 2207 3765 γὰρ
2233 3695 2415 3748 ῖδωσιν
2441 3696 2619 3758 οἰκίας
2652 3695 2934 3766 λαμπρὰς,
2972 3696 3066 3749 καὶ
3103 3694 3308 3764 πλῆθος
3337 3693 3547 3763 ἀγρῶν,
3600 3693 3694 3746 καὶ

2097 3777 2451 3849 ἀνδραπόδων
2505 3778 2710 3846 ἀγέλας
2738 3819 2751 3843 ,
2789 3778 2883 3832 καὶ
2912 3779 3131 3850 ἀργυρᾶ
3162 3776 3354 3847 σκεύη,
3386 3777 3481 3829 καὶ
3525 3776 3692 3830 πολὺν

2098 3862 2329 3931 ἰματίων
2361 3864 2613 3933 φορυτὸν,
2663 3862 2841 3916 πάντα
2885 3863 3239 3933 πράττουσιν,
3270 3860 3412 3915 ὥστε
3446 3860 3691 3932 ὑπερϐα-

2095 3943 2281 3996 λέσθαι
2301 3960 2314 3973 ·
2342 3943 2547 3997 ὥστεοί
2576 3946 2784 4015 πρῶτοι
2811 3944 2920 3997 τῶν
2949 3944 3221 4014 δευτέρων
3242 3945 3405 3998 αἴτιοι
3430 3944 3688 4011 γίνονται,

2096 4028 2338 4081 κάκεῖνοι
2366 4028 2473 4081 τῶν
2506 4028 2859 4098 μετάύτούς.
2883 4029 2944 4080 Εἰ
2970 4028 3027 4080 δέ
3060 4027 3343 4079 ἐϐούλοντο
3372 4028 3689 4095 σωφρονεῖν,

2095 4111 2195 4162 οὐκ
2219 4109 2284 4163 ἂν
2307 4112 2418 4172 τοῖς
2444 4110 2622 4172 ἀλλοις
2648 4111 2887 4176 ἐγίνοντο
2902 4109 3234 4169 διδάσκαλοι,
3259 4108 3457 4178 μᾶλλον
3486 4107 3543 4159 δὲ
3569 4107 3689 4159 ούδέ

2094 4193 2303 4254 τούτοις
2336 4193 2481 4245 ἐστιν
2506 4192 2788 4259 ἀπολογία.
2825 4192 2945 4244 Εἰσὶ
2971 4193 3081 4261 γὰρ
3117 4190 3212 4243 καὶ
3254 4191 3430 4261 ἕτεροι
3469 4189 3688 4260 χρημάο

2094 4292 2201 4329 των
2234 4274 2722 4346 καταφρονοῦντες.
2758 4275 2867 4327 Kal
2894 4274 2996 4337 τίς,
3036 4273 3190 4342 φησὶ,
3226 4275 3593 4343 καταφρονεῖ;
3616 4271 3690 4325 T6

2094 4358 2203 4427 γὰρ
2229 4357 2419 4424 δεινὸν,
2446 4359 2528 4410 ὅτι
2549 4357 2654 4410 ὑπὸ
2694 4356 2895 4427 πολλῆς
2920 4356 3121 4419 κακίας
3143 4360 3223 4419 εἰς
3254 4355 3514 4409 ἀδύνατον
3542 4355 3689 4409 δοκεῖ

2096 4441 2468 4511 περιεστάναι,
2487 4441 2581 4493 καί
2602 4439 2723 4493 οὐδέ
2751 4438 3066 4492 πιστεύεταί
3097 4456 3180 4502 τις
3206 4438 3507 4509 κατορθῶν.
3536 4439 3687 4493 ἰιζῖπω

2094 4524 2274 4577 τοίνυν
2305 4523 2531 4586 πολλοὺς
2564 4523 2689 4585 τοὺς
2716 4523 2774 4574 ἐν
2804 4523 2923 4585 ταῖς
2952 4521 3158 4587 πόλεσι,
3190 4521 3286 4575 καί
3329 4525 3457 4584 τοὺς
3484 4523 3540 4576 ἐν
3571 4522 3683 4586 τοῖς

2092 4607 2265 4679 ὄρεσι.
2302 4607 2412 4660 Kal
2438 4606 2489 4658 τί
2508 4606 2570 4659 16
2600 4606 2823 4676 κέρδος;
2849 4604 2969 4658 οὐδὲ
3004 4604 3111 4676 γάρ
3139 4605 3247 4659 ἀπὸ
3268 4605 3472 4659 τούτων
3497 4603 3683 4658 ἔσεσθε

2095 4689 2356 4761 βελτίους.
2405 4688 2615 4752 ’Λλλως
2656 4689 2712 4741 δὲ
2742 4730 2757 4751 ,
2789 4688 2851 4740 06
2881 4688 3009 4758 περὶ
3040 4688 3247 4742 τούτων
3292 4689 3423 4759 ἡμῖν
3453 4689 3481 4741 6
3526 4687 3684 4756 λόγος

2092 4773 2208 4837 νῦν,
2236 4771 2374 4824 ὥστε
2403 4772 2640 4825 κενῶσαι
2671 4769 2737 4823 τὰ
2758 4770 2889 4823 ὄντα
2908 4786 2923 4798 ·
2955 4767 3257 4840 ἐϐουλόμην
3280 4770 3337 4823 δέ
3358 4786 3370 4800 ·
3406 4770 3546 4840 πλὴν
3566 4770 3680 4823 ἀλλ’

2092 4857 2279 4926 ἐπειδὴ
2307 4854 2488 4927 μεῖζον
2524 4854 2676 4925 ὑμῶν
2725 4854 2785 4906 16
2815 4853 3035 4924 φορτίον
3063 4893 3076 4914 ,
3131 4854 3230 4906 οὐκ
3278 4853 3578 4921 ἀναγκάζω
3618 4864 3641 4892 ο
3663 4870 3677 4884 ·

2091 4939 2207 4992 ἀλλ’
2235 4939 2374 4992 ὥστε
2412 4939 2487 5009 μὴ
2512 4938 2621 4991 τῶν
2644 4938 2943 5009 ἀλλοτρίων
2969 4935 3218 5005 ἐφίεσθαι
3248 4936 3519 5004 παραινῶ,
3537 4934 3677 4987 ὥστε

2091 5025 2156 5077 ἐκ
2183 5024 2292 5075 τῶν
2312 5022 2481 5075 όντων
2510 5021 2866 5092 μεταδιδόναι.
2888 5021 3122 5082 Πολλοὺς
3142 5019 3198 5072 δὲ
3220 5018 3494 5080 τοιούτους
3516 5017 3676 5086 εὑρήο

2093 5121 2257 5175 σομεν
2290 5108 2402 5167 τοῖς
2425 5104 2646 5167 οἰκείοις
2679 5103 3069 5173 ἀρκουμένους,
3103 5099 3211 5153 τῶν
3242 5099 3446 5151 ἑαυτῶν
3486 5100 3677 5166 ἐπιμε-

2090 5187 2402 5258 λουμένους,
2437 5188 2530 5239 καὶ
2564 5187 2671 5239 ἀπὸ
2702 5187 2927 5239 δικαίων
2956 5185 3162 5246 ζῶντας
3189 5181 3382 5233 πόνων.
3421 5180 3571 5232 Διατί
3599 5180 3670 5250 μὴ

2088 5268 2310 5332 τούτους
2342 5268 2608 5338 ζηλοῦμεν
2636 5270 2729 5321 καὶ
2762 5265 3111 5337 μιμούμεθα;
3147 5263 3517 5331 Ἐννοήσωμεν
3546 5262 3671 5324 τοὺς

2088 5354 2194 5426 πρὸ
2216 5353 2372 5423 ἡμῶν
2390 5369 2401 5379 ·
2434 5353 2553 5421 οὐχὶ
2584 5351 2651 5403 τὰ
2682 5354 2936 5419 κτήματα
2962 5346 3140 5400 αὐτῶν
3169 5345 3391 5412 ἕστηκε,
3426 5345 3585 5426 μόνον
3605 5345 3672 5398 τὸ.

2087 5435 2327 5507 ὀνόματα
2379 5434 2557 5487 αὐτῶν
2604 5430 2937 5494 διασῴζοντα
2981 5428 3000 5467 ί
3026 5446 3040 5495 ;
3071 5426 3165 5479 τοῦ
3213 5425 3382 5488 δεῖνος
3412 5425 3473 5478 16
3505 5425 3670 5496 βαλαο

2148 5660 2175 5700 ἆ
2217 5661 2312 5710 Alii
2343 5662 2505 5722 ὥσπερ
2536 5677 2607 5715 τις
2631 5660 2791 5722 ξόανον
2813 5657 2870 5722 16
2890 5657 3085 5722 λίθινον,
3104 5657 3231 5705 οὕτω
3261 5656 3419 5722 καὶτὸ
3452 5655 3664 5719 χρυσίον.

2087 5723 2276 5790 Ibidem
2331 5723 2451 5790 edit}
2485 5720 2711 5790 πιστεύῃ.
2756 5721 2907 5769 Savil.
2938 5720 3234 5790 “suspicalur
3274 5720 3547 5790 legendum,
3588 5731 3670 5790 πιτ

2084 5767 2282 5841 ἐςῖτέῦέις,
2332 5767 2384 5830 έι
2408 5784 2546 5828 sicin
2575 5767 2901 5830 duvBusrrinsq.
2938 5767 3142 5841 legiiur.
3182 5790 3237 5841 νβ
3274 5767 3372 5841 ᾼ-ἴίὶ
3394 5790 3507 5841 ηριι-
3525 5787 3664 5841 pauc:

2087 5844 2142 5890 οὐ
2180 5834 2536 5902 καταναγκάζω.
2651 5842 2669 5878 ί
2709 5843 2789 5891 Sic
2817 5842 2969 5893 Savil.
2991 5834 3062 5890 ἐἰ
3101 5840 3241 5890 codd.
3274 5838 3386 5900 705,
3422 5834 3537 5888 ῑοθξ
3567 5834 3662 5883 Le-

2084 5903 2298 5967 gebantur
2337 5905 2631 5959 διασώζεται.
2659 5905 2773 5954 Enn
