4072 6152
409 314 514 368 567

411 432 566 479 erant
593 432 644 478 et
671 423 874 492 cupidi,
905 423 1151 490 ipsosque
1173 421 1414 477 hostibus
1444 420 1741 483 tradebant,
1772 419 1980 491 plebem

413 514 793 570 subvertebant
832 521 884 566 et
915 511 1157 566 hostibus
1202 511 1442 566 subditos
1482 511 1772 566 reddebant
1804 529 1817 564 :
1846 509 1988 566 Con-

413 601 540 669 ﬁde,
567 601 755 670 inquit,
781 602 865 654 hic
887 615 990 654 non
1016 601 1131 654 talis
1153 610 1256 665 est,
1285 601 1377 654 sed
1408 609 1712 655 mansuetus
1738 609 1790 654 et
1813 601 1982 663 milis;

409 693 550 762 quod
592 708 656 747 ex
687 693 834 746 asina
862 693 1182 747 ostenditur.
1230 691 1412 761 Neque
1461 693 1600 745 enim
1629 692 1864 745 exercitu
1894 691 1989 744 sti-

409 794 564 853 patus
598 784 870 853 ingressus
897 794 978 837 est
1001 823 1017 844 ,
1047 782 1142 836 sed
1171 799 1292 836 cum
1319 783 1466 835 asina
1497 790 1719 835 tantum.
1757 781 1841 835 16.
1875 780 1986 834 Hoc

407 885 576 928 autem
605 875 910 940 nesciebant,
940 874 1125 941 inquit,
1154 873 1396 943 discipuli
1423 873 1552 942 ejus,
1584 870 1720 942 quod
1748 871 1986 938 scriptum

409 967 472 1020 de
495 965 586 1020 illo
615 975 763 1021 esset.
796 963 982 1020 Viden‘
1014 966 1134 1020 illos
1161 965 1388 1034 plurima
1415 965 1707 1034 ignorasse,
1729 965 1850 1032 quia
1874 963 1986 1029 ipse

409 1057 646 1111 nondum
691 1059 772 1111 eis
812 1057 1182 1111 revelaverat?
1231 1056 1361 1109 Nam
1409 1071 1529 1110 cum
1573 1057 1747 1118 dixit,
1795 1053 1988 1108 Solvite

413 1149 659 1218 templum
685 1149 779 1202 hoc
804 1189 820 1215 ,
849 1158 896 1202 et
923 1149 976 1200 in
1009 1147 1163 1202 tribus
1197 1148 1370 1200 diebus
1398 1145 1622 1200 excitabo
1651 1147 1781 1199 illud
1806 1144 1982 1222 (Joan.

366 1239 380 1322 ξ
415 1239 469 1293 2.
507 1239 608 1308 19)
647 1257 660 1294 :
693 1254 868 1308 neque
911 1248 1035 1292 tunc
1079 1239 1456 1292 intellexerunt
1483 1235 1727 1306 discipuli
1755 1235 1890 1304 ejus.
1921 1235 1988 1287 Et

350 1329 352 1331 ’
408 1332 548 1386 alius
575 1331 896 1400 evangelista
922 1329 1109 1396 (Marc.
1131 1329 1182 1384 9.
1208 1326 1262 1399 9)
1281 1328 1432 1394 dicit,
1460 1327 1830 1382 absconditum
1857 1325 1987 1380 fuis-

413 1438 474 1478 se
525 1436 824 1477 sermonem
855 1421 923 1475 ab
965 1421 1063 1486 eis,
1092 1433 1190 1472 nec
1216 1420 1434 1473 scivisse
1467 1426 1889 1473 resurrecturum
1920 1417 1984 1469 il-

409 1515 518 1568 lum
559 1528 678 1568 esse
702 1528 732 1565 a
759 1513 1006 1566 mortuis.
1034 1512 1138 1567 Sed
1173 1513 1274 1566 hoc
1311 1513 1433 1580 jure
1480 1510 1848 1565 absconditum
1880 1509 1986 1564 illis

408 1614 543 1660 erat.
559 1605 892 1674 Quapropter
915 1604 1050 1658 alius
1065 1604 1387 1673 evangelista
1406 1603 1616 1672 (Matth.
1643 1603 1729 1656 17.
1749 1601 1839 1670 22)
1862 1616 1982 1655 uar-

408 1706 488 1751 rat
534 1695 679 1765 ipsos
711 1695 915 1765 singula
960 1695 1237 1749 audientes
1261 1694 1496 1748 doluisse
1521 1705 1573 1749 et
1611 1704 1830 1748 maestos
1858 1691 1986 1746 fuis-

409 1802 489 1842 se.
535 1787 590 1842 Id
631 1797 808 1841 autem
849 1787 1189 1857 contingebat
1219 1785 1360 1855 quod
1393 1787 1833 1840 resurrectionem
1880 1799 1985 1838 non

408 1889 648 1934 nossent.
679 1878 749 1933 Et
784 1878 904 1949 jure
931 1878 984 1932 id
1028 1878 1389 1933 occultabatur
1436 1877 1584 1947 ipsis,
1616 1875 1737 1945 quia
1763 1875 1985 1931 illorum

409 1981 622 2039 captum
652 1969 941 2038 superabat
973 1985 987 2020 :
1015 1969 1180 2022 asina:
1221 1983 1349 2023 vero
1376 1968 1594 2022 historia
1621 1982 1717 2020 cur
1762 1966 1864 2020 illis
1898 1980 1990 2020 oc-

409 2063 552 2118 culta
579 2063 676 2118 fuit
693 2063 717 2116 t
735 2061 874 2130 Quia
901 2061 1016 2116 haec
1042 2076 1254 2130 quoque
1276 2076 1361 2114 res
1390 2067 1734 2129 magna-erat.

478 2153 532 2210 2.
557 2153 890 2210 Vide-autem
913 2152 1254 2223 evangelista:
1277 2151 1688 2220 philosOphiam,
1717 2147 1988 2220 quomodo

409 2261 516 2302 non
543 2247 822 2302 erubescat
835 2245 1110 2316 pristinam
1125 2245 1332 2300 illorum
1355 2243 1703 2314 ignorantiam
1722 2240 1983 2311 proﬁteri.

409 2337 559 2407 Quod
587 2338 840 2408 scriptum
867 2346 1011 2391 esset
1029 2336 1268 2392 sciebant
1287 2352 1302 2400 ;
1321 2335 1463 2406 quod
1489 2350 1620 2390 vero
1643 2333 1711 2389 de
1739 2333 1828 2387 illo
1855 2333 1990 2387 scri-

407 2439 555 2498 ptum
581 2439 741 2495 esset,
772 2427 822 2482 id
843 2427 1174 2498 ignorabant.
1192 2425 1323 2482 Nam
1344 2436 1490 2482 certe
1506 2426 1610 2481 hoc
1633 2426 1739 2481 illis
1765 2424 1988 2480 oﬂ’endi-

407 2521 529 2575 culo
557 2519 786 2575 futurum
807 2527 951 2586 erat,
971 2518 1013 2573 si
1038 2533 1132 2574 rex
1157 2533 1278 2573 cum
1305 2526 1466 2584 esset,
1487 2518 1601 2572 haec
1628 2525 1774 2573 esset
1799 2531 1987 2586 passu-

407 2626 522 2675 rus,
548 2621 706 2682 atque
735 2611 802 2664 ita
828 2610 1133 2665 tradendus.
1159 2610 1404 2680 Alioquin
1433 2619 1612 2664 autem
1644 2624 1748 2664 non
1779 2618 1887 2662 tam
1911 2608 1987 2662 fa-

407 2703 514 2756 cile
537 2703 676 2772 quod
700 2716 918 2772 regnum
949 2701 1241 2757 illudesset
1265 2701 1668 2756 intellexissent.
1701 2699 1831 2754 Nam
1851 2701 1986 2754 alius

408 2793 730 2863 evangelista
752 2794 898 2858 dicit,
921 2794 989 2848 de
1012 2792 1166 2862 lmjus
1196 2793 1376 2848 mundi
1403 2807 1566 2862 regno
1592 2791 1986 2861 dici-putavisse

412 2887 432 2956 (
465 2883 604 2939 Ibid.
625 2883 716 2940 20.
737 2884 854 2954 25).
886 2885 972 2939 17.
1024 2882 1408 2952 Testiﬁcabatur
1448 2893 1616 2936 autem
1646 2883 1825 2945 turba,
1850 2883 1986 2951 quod

409 2974 662 3031 Lazarum
690 2976 1056 3031 resuscitasset.
1089 2975 1206 3028 Non
1247 2975 1390 3028 enim
1436 2983 1514 3028 tot
1539 2985 1759 3043 repente
1801 2975 1984 3028 mutati

410 3068 656 3131 fuissent,
689 3066 878 3136 inquit,
912 3066 1013 3119 nisi
1043 3065 1195 3134 signo
1220 3063 1595 3123 credidissent.
1629 3063 1714 3118 19.
1742 3063 1988 3118 Phariswi

409 3168 577 3213 autem
605 3159 840 3212 dixerunt
865 3158 990 3221 illis,
1025 3155 1216 3210 Videtis
1242 3157 1360 3226 quia
1385 3156 1514 3209 nihil
1528 3156 1822 3226 .proﬁcitis?
1863 3155 1989 3208 Ecce

409 3251 632 3305 mundus
651 3261 786 3305 totus
807 3263 920 3320 post
943 3250 1084 3304 illum
1107 3249 1230 3305 abit.
1266 3251 1375 3304 lloc
1393 3249 1589 3305 dictum
1621 3248 1752 3302 mihi
1781 3249 1989 3303 videtur

410 3344 480 3397 ab
510 3344 575 3398 iis
596 3343 686 3412 qui
711 3357 855 3396 sana:
885 3342 1080 3397 mentis
1103 3349 1274 3406 erant,
1305 3355 1402 3395 nec
1421 3341 1684 3396 audebant
1712 3339 1882 3408 palam
1904 3340 1988 3393 lo-

411 3434 535 3504 qui;
565 3444 621 3489 et
649 3449 713 3488 ex
741 3440 937 3488 eventu
986 3430 1330 3486 confutabant
1359 3430 1499 3495 illos,
1556 3439 1614 3484 ut
1646 3430 1737 3500 qui
1785 3431 1988 3484 inutilia

411 3534 698 3581 tentarent.
731 3523 982 3578 Mundam
1031 3534 1208 3577 autem
1238 3523 1324 3577 hic
1358 3522 1562 3576 turbam
1589 3530 1799 3577 vocant.
1838 3520 1990 3578 Solet

409 3618 556 3671 enim
576 3615 848 3685 Scriptura
880 3615 1134 3669 mundum
1165 3614 1344 3669 dicere
1375 3625 1430 3668 et
1472 3622 1744 3669 creaturas
1770 3654 1785 3678 ,
1815 3622 1872 3668 et
1895 3628 1990 3669 eos

412 3708 503 3778 qui
534 3708 586 3760 in
615 3707 852 3776 nequitia
881 3708 1100 3763 vivunt:
1134 3705 1258 3760 illud
1308 3706 1522 3774 quidem
1568 3721 1688 3759 cum
1719 3707 1811 3765 ait.
1844 3705 1989 3772 Eﬂ'e-

411 3813 527 3851 rens
553 3797 825 3850 secundum
845 3813 1105 3850 numerum
1125 3797 1368 3852 mundum
1395 3813 1540 3850 suum
1565 3795 1715 3866 (Isai.
1741 3796 1830 3852 40.
1853 3796 1946 3866 26)
1971 3815 1984 3852 :

412 3885 517 3942 hoc
540 3901 668 3942 vero
693 3901 812 3941 cum
847 3885 996 3952 dicit,
1028 3885 1251 3939 Mundus
1291 3902 1377 3940 vos
1425 3901 1526 3938 non
1563 3887 1692 3949 odit,
1720 3902 1798 3939 me
1820 3897 1988 3940 autem

411 3980 516 4034 adit
533 3979 724 4052 .(Joan.
757 3980 810 4032 7.
833 3978 909 4050 7).
940 3977 1064 4032 Haec
1095 3986 1339 4032 accurate
1358 3977 1497 4032 scire
1525 3992 1619 4046 par
1637 3985 1737 4041 est,
1762 3993 1830 4032 ne
1857 3992 1989 4047 prae-

411 4085 495 4131 ter
537 4076 811 4128 nominum
858 4072 1296 4142 significationem
1342 4069 1573 4124 haeretici
1629 4084 1813 4124 ansam
1859 4070 1990 4124 arri-

412 4167 579 4236 piant.
607 4165 695 4220 20.
722 4163 883 4218 Erant
909 4173 1076 4218 autem
1115 4162 1319 4231 quidam
1366 4163 1594 4233 gentiles,
1626 4163 1711 4232 qui
1753 4162 1991 4216 ascende-

409 4270 527 4314 rant
553 4260 768 4314 adorare
791 4260 842 4313 in
871 4257 1205 4312 solemnitate.
1252 4255 1383 4310 Cum
1428 4256 1536 4325 jam
1565 4270 1730 4325 prope
1764 4263 1909 4310 esset
1933 4264 1991 4309 ut

414 4353 667 4426 proselyti
700 4352 906 4416 tierent,
943 4358 1199 4406 venerant
1223 4349 1289 4404 ad
1311 4349 1725 4411 solemnitatem,
1766 4357 1821 4403 et
1851 4346 1988 4402 fama

411 4445 665 4501 commoti
711 4443 893 4498 dicunt
923 4460 936 4494 :
966 4443 1058 4496 21.
1102 4439 1348 4494 Volumus
1372 4439 1550 4493 Jesum
1573 4439 1756 4493 videre.
1791 4438 1990 4506 Philip—

411 4552 513 4607 pus
528 4546 713 4591 autem
744 4535 1010 4590 Andream
1041 4534 1173 4600 adit,
1206 4541 1388 4601 utpote
1406 4530 1496 4602 qui
1524 4532 1694 4600 ipsum
1724 4529 1992 4599 praecede-

412 4637 520 4692 ret,
548 4636 601 4680 et
623 4641 742 4679 rem
767 4627 815 4679 ei
829 4625 1214 4679 communicat.
1249 4624 1443 4677 Verum
1471 4636 1578 4676 non
1603 4623 1719 4676 sine
1744 4621 1992 4676 cautione

415 4732 516 4774 nec
538 4715 710 4784 palam
735 4715 786 4768 id
814 4714 942 4768 facit
970 4732 984 4768 :
1014 4714 1256 4768 audierat
1296 4714 1461 4778 enim,
1494 4711 1558 4766 In
1593 4715 1724 4766 viam
1760 4714 1990 4783 gentium

417 4823 478 4860 ne
503 4805 732 4858 abieritis
761 4803 780 4874 (
811 4802 1000 4856 Matth.
1030 4804 1118 4859 10.
1152 4805 1186 4858 5
1211 4800 1252 4874 ).
1286 4801 1410 4858 Ideo
1437 4817 1549 4857 rem
1579 4817 1701 4857 cum
1731 4802 1992 4872 discipulo

416 4896 859 4952 communicatam
903 4895 1154 4965 Magistro
1181 4894 1340 4948 refert
1371 4909 1386 4948 τ
1414 4896 1575 4950 ambo
1611 4896 1752 4949 enim
1801 4894 1853 4949 id
1903 4910 1990 4949 re-

415 4991 652 5046 tulerunt
677 4989 749 5044 el.
805 4989 897 5044 Ille
925 5004 1053 5043 vero
1095 4987 1422 5058 quididicit?
1466 4988 1558 5042 25.
1597 4986 1740 5045 Venit
1785 4989 1910 5041 hora
1939 4999 1993 5040 ut

414 5083 722 5151 rlariﬁcetur
747 5079 916 5136 Filius
961 5080 1197 5136 hominis.
1229 5079 1320 5134 24.
1354 5078 1473 5133 Nisi
1514 5096 1728 5150 granum
1755 5081 1994 5151 fmmenti

413 5173 676 5227 eademin
705 5182 891 5226 terram
927 5182 1184 5226 mortuum
1212 5171 1388 5241 fauit,
1415 5171 1584 5240 ipsum
1608 5170 1772 5224 solum
1803 5180 1989 5224 manet.

415 5265 553 5331 Quid
584 5265 844 5336 signiﬁcat
888 5264 1053 5326 illud,
1099 5262 1241 5317 Venit
1284 5263 1454 5317 hora?
1495 5262 1739 5326 Dixerat,
1771 5259 1837 5315 In
1864 5262 1993 5316 viam

417 5356 637 5425 gentium
666 5372 727 5409 ne
745 5355 987 5420 abieritis,
1015 5369 1227 5408 omnem
1256 5352 1454 5409 Judaris
1485 5351 1843 5422 praescindens
1867 5368 1994 5421 per5

418 5446 633 5498 vicacize
654 5460 873 5511 ansam;
903 5447 1020 5501 illos
1044 5444 1304 5501 cohibuit.
1335 5443 1469 5499 Cum
1497 5452 1672 5499 autem
1705 5443 1778 5497 illi
1799 5443 1994 5498 inuno-

420 5533 582 5606 rigeri
627 5545 924 5602 manerent,
980 5537 1208 5607 gentiles
1247 5547 1425 5592 autem
1466 5535 1725 5592 accedere
1776 5537 1994 5598 vellent,

420 5627 657 5698 Tempus
681 5626 917 5690 demum,
945 5628 1130 5697 inquit.
1155 5639 1239 5683 est
1266 5629 1330 5684 ad
1356 5630 1654 5699 passionem
1688 5627 1996 5693 accedendi,

419 5730 542 5777 cum
587 5717 762 5774 omnia
812 5716 1023 5784 impleta
1064 5719 1185 5772 sint.
1229 5719 1359 5775 Nam
1399 5722 1441 5776 si
1466 5720 1866 5776 contumacibus
1898 5719 1999 5773 illis

1174 309 1228 365 S.
1262 306 1536 364 JOANNlS
1573 306 2046 363 CIIRYSOSTOMI
2089 307 2403 365 ARCIIIEP.
2443 311 2972 367 CONSTANTINOP.

3560 311 3673 369 368

2094 435 2305 491 semper
2335 422 2688 490 haereremus,
2721 424 2944 494 illosque
2977 424 3234 479 accedere
3275 426 3514 484 volentes
3558 446 3664 487 non

2091 513 2511 580 admitteremus,
2537 516 2805 584 indignum
2828 516 2927 571 hoc
2952 527 3094 571 esset
3116 518 3444 586 providentia
3467 534 3666 577 nostra.

2091 603 2222 670 Quia
2267 607 2422 676 igitur
2458 607 2750 677 discipulos
2797 623 2923 662 suos
2961 617 3082 678 post
3122 625 3332 665 crucem
3377 612 3443 666 ad
3485 622 3671 682 gentes

2091 697 2350 750 missurus
2389 705 2507 751 erat
2530 737 2546 763 ,
2575 713 2694 752 cum
2734 698 2878 752 videt
2918 698 3036 752 illas
3071 698 3180 767 jam
3212 701 3466 756 accedere
3491 741 3507 768 ,
3553 703 3628 757 ait
3651 745 3665 764 ,

2090 785 2324 854 Tempus
2351 796 2436 840 est
2475 797 2532 841 ut
2573 787 2641 842 ad
2668 803 2882 843 crucem
2913 790 3141 844 veniam.
3190 790 3305 846 Non
3351 803 3504 847 antea
3544 795 3671 848 sivit

2090 878 2345 933 accedere
2365 921 2378 944 ,
2415 889 2472 934 ut
2497 880 2546 934 id
2576 891 2718 935 esset
2745 881 2796 934 in
2828 883 3186 938 testimonium
3215 885 3336 940 illis.
3369 887 3667 959 Antequam

2092 971 2233 1025 enim
2260 971 2404 1025 illum
2434 973 2775 1042 repellerent,
2801 985 3080 1044 antequam
3103 976 3154 1030 in
3182 992 3395 1033 crucem
3426 991 3666 1049 agerent,

2092 1076 2196 1113 non
2227 1061 2393 1126 dixit,
2424 1061 2614 1117 Euntes
2634 1066 2804 1117 docete
2830 1081 3002 1119 omnes
3025 1077 3230 1136 gentes;
3254 1070 3346 1124 scd
3369 1111 3386 1133 ,
3430 1070 3494 1123 In
3537 1074 3670 1125 viam

2090 1154 2314 1222 gentium
2353 1170 2417 1206 ne
2444 1153 2664 1208 abieritis
2684 1154 2893 1209 (Matth.
2913 1155 3004 1212 28.
3028 1158 3112 1213 l9.
3134 1170 3180 1211 et
3207 1161 3289 1213 10.
3312 1162 3392 1230 5);
3423 1170 3478 1216 et
3499 1203 3513 1225 ,
3550 1162 3669 1217 Non

2091 1245 2274 1298 missus
2298 1262 2412 1298 sum
2440 1246 2536 1299 nisi
2563 1246 2631 1300 ad
2659 1263 2773 1301 oves
2811 1264 2926 1316 qua:
2965 1250 3222 1317 perierunt
3261 1252 3439 1306 domus
3467 1253 3632 1308 Israel
3648 1270 3669 1318 ,'

2091 1343 2146 1390 et
2168 1375 2182 1396 ,
2214 1334 2334 1388 Non
2359 1347 2430 1390 est
2467 1338 2649 1390 bonum
2681 1340 2922 1406 accipere
2946 1357 3125 1409 panem
3162 1342 3380 1406 filiorum
3405 1385 3419 1406 ,
3461 1355 3507 1397 et
3548 1347 3672 1400 dare

2090 1425 2296 1478 canibus
2318 1424 2490 1497 (Ibid.
2511 1429 2609 1482 15.
2641 1427 2730 1482 2i.
2757 1429 2826 1483 26
2851 1431 2891 1499 ).
2921 1430 3053 1486 Cum
3075 1441 3249 1486 autem
3273 1435 3395 1488 odio
3418 1436 3670 1491 haberent

2090 1529 2234 1580 eum,
2263 1523 2317 1568 et
2347 1515 2416 1569 ita
2445 1516 2566 1571 odio
2589 1517 2870 1584 haberent,
2896 1529 2953 1574 ut
2972 1522 3298 1588 occiderent,
3332 1526 3657 1594 superﬂuum

2090 1615 2206 1658 erat
2249 1607 2574 1674 persistere,
2622 1609 2977 1664 renitentibus
3019 1610 3142 1665 illis.
3191 1612 3318 1666 Nam
3359 1627 3670 1670 recusarunt

2093 1694 2240 1748 illum
2295 1695 2571 1763 dicentes,
2622 1697 2740 1753 Non
2780 1699 3018 1757 habemus
3060 1720 3227 1773 regem
3279 1706 3375 1760 nisi
3421 1705 3668 1761 Caesarem

2094 1785 2271 1854 (Joan.
2299 1787 2385 1841 19.
2419 1788 2545 1858 15).
2591 1789 2740 1845 Tunc
2764 1790 2978 1846 demum
3009 1792 3125 1847 illos
3152 1793 3387 1858 dimisit,
3415 1797 3535 1866 quia
3567 1797 3665 1867 ipsi

2092 1879 2298 1948 priores
2323 1880 2652 1936 dimiserant.
2685 1883 2807 1937 Ideo
2833 1883 2990 1948 dicit,
3037 1885 3240 1950 Quoties
3284 1889 3418 1942 volui
3447 1904 3657 1958 congre-

2093 1985 2216 2038 gare
2238 1970 2372 2040 ﬁlios
2400 1985 2593 2026 vestros
2614 2013 2630 2039 ,
2659 1983 2707 2026 et
2730 1975 2963 2028 noluistis
2989 1975 3008 2046 (
3033 1975 3219 2030 Matth.
3246 1979 3338 2031 ‘23.
3362 1979 3427 2033 57
3445 1977 3507 2050 )?
3535 1980 3670 2048 Quid

2093 2060 2192 2114 sibi
2219 2063 2348 2125 vult,
2383 2061 2608 2116 Granum
2636 2066 2896 2134 frumenti,
2925 2067 3025 2120 nisi
3048 2069 3232 2122 cadens
3252 2069 3304 2122 in
3329 2079 3514 2130 terram
3538 2088 3676 2126 mor-

2092 2159 2231 2203 tuum
2263 2152 2455 2221 fuerit?
2483 2154 2558 2208 De
2579 2170 2737 2210 cruce
2766 2156 3018 2225 loquitur.
3043 2157 3122 2214 Ne
3144 2159 3284 2213 enim
3311 2161 3668 2226 turbarentur,

2098 2242 2394 2311 cogitantes
2422 2253 2546 2298 tunc
2570 2244 2720 2298 illum
2743 2249 2976 2302 occisum
3002 2247 3192 2315 fuisse,
3221 2266 3339 2304 cum
3369 2263 3553 2321 gentes
3579 2269 3671 2309 ac-

2093 2345 2404 2403 cesserunt,
2436 2336 2604 2392 dicit:
2632 2339 2743 2394 Hoc
2769 2340 2915 2409 ipsos
2955 2341 3184 2396 maxime
3211 2343 3276 2397 ad
3313 2345 3670 2400 accedendum

2095 2427 2333 2493 inducit,
2366 2427 2467 2482 hoc
2507 2429 2937 2508 prtedicationem
2987 2449 3159 2488 meam
3205 2436 3436 2504 augebit.
3473 2437 3672 2494 Deinde

2089 2519 2214 2588 quia
2241 2520 2575 2575 sermonibus
2597 2536 2703 2575 non
2733 2524 2804 2576 ita
2846 2524 3219 2592 persuadebat,
3247 2541 3276 2580 a
3306 2543 3482 2582 rerum
3504 2544 3668 2600 cxpe-

2093 2613 2284 2667 rientia
2317 2614 2460 2683 ipsos
2489 2615 2653 2670 allicit
2679 2615 2863 2670 dicens
2896 2634 2909 2670 :
2944 2618 2997 2670 In
3031 2617 3298 2674 frumento
3328 2621 3430 2678 hoc
3455 2624 3666 2688 accidit,

2095 2713 2153 2756 ut
2183 2713 2421 2758 mortuus
2440 2705 2693 2774 majorem
2732 2706 2957 2760 fructum
2991 2708 3197 2764 all'erat.
3226 2710 3280 2765 Si
3307 2711 3480 2767 hocin
3505 2714 3664 2768 semi-

2094 2795 2268 2858 nibus,
2301 2797 2467 2849 multo
2496 2798 2664 2866 magis
2689 2796 2741 2850 iu
2769 2813 2875 2851 me.
2909 2798 3100 2853 Verum
3130 2800 3372 2870 discipuli
3402 2802 3538 2858 dicta
3563 2821 3668 2859 nou

2095 2886 2488 2942 intellexerunt.
2519 2889 2693 2956 Quare
2722 2888 3029 2960 frequenter
3077 2891 3178 2949 hoc
3220 2896 3410 2964 repetit
3438 2912 3667 2968 evange-

2094 2977 2212 3032 lista
2233 3019 2247 3038 ,
2281 2987 2340 3032 ut
2359 2991 2572 3034 excuset
2599 2997 2692 3036 eos
2714 2983 2851 3050 quod
2877 2993 3057 3052 postea
3079 2983 3324 3054 fugerint.
3368 2987 3667 3045 Istiusmodi

2094 3083 2397 3123 sermonem
2425 3069 2494 3123 de
2537 3073 2930 3128 resurrectione
2957 3073 3230 3142 disputans
3271 3075 3463 3130 Paulus
3491 3079 3667 3132 attulit

2099 3159 2180 3229 (1.
2210 3159 2327 3212 Cor.
2360 3161 2445 3214 15.
2476 3160 2565 3215 56.
2591 3177 2697 3231 sqq.

2167 3252 2220 3307 5.
2248 3251 2415 3319 Quam
2436 3267 2571 3322 ergo
2596 3255 2989 3310 excusationem
3016 3255 3285 3312 habebunt
3314 3258 3347 3312 ii
3373 3260 3460 3328 qni
3489 3274 3667 3316 resur-

2097 3343 2386 3398 rectionem
2415 3361 2520 3398 non
2549 3345 2793 3412 credunt,
2822 3363 2942 3401 cum
2971 3348 3113 3403 illam
3141 3349 3192 3403 in
3220 3349 3509 3406 seminibus
3537 3368 3670 3421 quo-

2097 3432 2224 3488 tidie
2253 3435 2601 3503 contemplari
2630 3439 2927 3506 possimus,
2959 3437 3009 3491 in
3042 3439 3232 3506 plantis
3257 3455 3500 3510 quoque,
3533 3453 3584 3496 et
3615 3443 3669 3496 in

2095 3524 2435 3593 generatione
2478 3525 2703 3579 nostra?
2751 3527 2928 3581 Primo
2977 3529 3119 3582 enim
3169 3531 3438 3600 corrumpi
3487 3548 3669 3588 semen

2092 3626 2338 3686 Oportet,
2370 3627 2425 3671 et
2465 3617 2590 3671 inde
2632 3617 2741 3670 lieri
2773 3620 3189 3686 generationem.
3219 3619 3518 3677 Universim
3545 3639 3672 3679 vero

2091 3722 2216 3763 cum
2258 3709 2395 3762 Deus
2428 3707 2624 3776 aliquid
2671 3709 2826 3771 facit,
2860 3709 3019 3762 nullis
3060 3726 3194 3778 opus
3235 3720 3318 3766 est
3358 3705 3669 3772 ratio'ciniis.

2095 3798 2372 3866 Quomodo
2406 3799 2549 3853 enim
2588 3812 2686 3852 nos
2728 3813 2794 3853 ex
2841 3812 2944 3851 non
2983 3801 3310 3854 exstantibus
3354 3801 3519 3856 fecit?
3550 3802 3674 3856 llae

2095 3891 2412 3946 Christianis
2437 3891 2557 3944 dico
2579 3933 2592 3954 ,
2626 3891 2716 3960 qui
2759 3907 2817 3945 se
2855 3891 3038 3945 dicunt
3079 3891 3366 3962 Scripturis
3403 3895 3623 3949 credere
3655 3914 3666 3948 :

2097 3983 2288 4038 addam
2333 3983 2473 4037 aliud
2512 3999 2574 4037 ex
2623 3982 2868 4038 humanis
2911 3984 3221 4039 ratiociniis.
3256 3985 3332 4040 Ex
3371 3985 3672 4040 hominibus

2096 4077 2184 4131 alii
2218 4077 2476 4146 improbi,
2509 4077 2599 4130 alii
2646 4077 2791 4144 probi
2837 4087 2962 4130 sunt
2993 4095 3005 4129 :
3033 4094 3097 4131 ex
3143 4077 3398 4144 improbis
3435 4079 3584 4132 multi
3615 4095 3673 4133 re

2099 4182 2348 4238 prospera
2392 4167 2458 4222 ad
2504 4175 2796 4222 extremam
2841 4178 3166 4223 senectutem
3208 4169 3575 4230 devenerunt;
3606 4186 3672 4225 ex

2099 4260 2278 4328 probis
2301 4275 2454 4314 secus
2483 4274 2570 4314 res
2593 4260 2776 4314 cessit.
2800 4259 3147 4326 Quandonam
3171 4274 3300 4330 ergo
3328 4270 3382 4315 et
3410 4277 3514 4330 quo
3539 4270 3674 4316 tem-

2097 4365 2226 4421 pore
2267 4351 2456 4420 singuli
2501 4366 2595 4418 pro
2637 4351 2826 4404 merito
2854 4350 3153 4421 accipient?
3180 4350 3319 4405 Sane
3340 4391 3355 4416 ,
3389 4353 3671 4421 inquiunt,

2099 4443 2190 4498 sed
2221 4458 2504 4512 corporum
2537 4442 2858 4497 resurrectio
2887 4457 2991 4496 non
3018 4451 3118 4496 est.
3147 4440 3263 4496 Non
3291 4441 3513 4496 audiunt
3543 4443 3676 4498 Pau-

2099 4535 2208 4589 lum
2239 4535 2527 4599 dicentem,
2562 4533 2768 4604 Oportet
2801 4533 3123 4602 corruptibile
3151 4532 3244 4586 hoc
3271 4533 3478 4587 induere
3505 4535 3675 4586 ineor-

2097 4631 2380 4700 ruptionem
2407 4629 2483 4698 (1.
2514 4626 2629 4682 Cor.
2662 4629 2749 4682 15.
2782 4625 2914 4697 55)?
2939 4626 3054 4682 Non
3081 4625 3148 4680 de
3172 4626 3346 4680 anima
3376 4628 3507 4696 (non
3534 4627 3674 4680 enim

2099 4724 2274 4776 anima
2299 4719 2677 4792 corrumpitur)
2705 4738 2719 4775 :
2747 4729 2800 4775 et
2823 4719 3145 4775 resurrectio
3167 4719 3364 4773 dicitur
3386 4719 3454 4772 dc
3480 4717 3568 4772 illo
3589 4719 3680 4788 qui

2101 4814 2293 4870 cecidit
2321 4832 2336 4868 :
2361 4811 2554 4867 cecidit
2580 4825 2707 4866 vero
2733 4826 2944 4879 corpus.
2973 4809 3084 4865 Cur
3109 4819 3287 4864 autem
3319 4827 3424 4864 non
3454 4809 3532 4863 vis
3561 4825 3683 4864 esse

2101 4906 2338 4975 corporis
2361 4905 2802 4960 resurrectionem
2822 4902 2895 4973 (a)
2915 4904 2937 4957 ?
2957 4919 3132 4956 annon
3153 4901 3417 4970 possibilis
3441 4901 3548 4955 Deo
3570 4901 3685 4955 est?

2101 4998 2207 5053 Sed
2237 4997 2338 5052 hoc
2382 5010 2577 5066 negare
2615 5005 2869 5050 extrema:
2911 4993 3228 5064 insipientize
3267 5001 3428 5048 esset.
3469 4995 3539 5046 At
3579 5007 3682 5046 non

2101 5089 2293 5145 decet?
2317 5089 2424 5143 Cur
2453 5102 2558 5142 non
2589 5087 2741 5142 decet
2768 5086 2869 5142 hoc
2897 5085 3261 5154 corruptibile,
3290 5083 3429 5153 quod
3456 5091 3509 5137 et
3540 5081 3687 5134 labo-

2103 5196 2215 5235 rem
2235 5189 2292 5234 et
2317 5189 2542 5234 mortem
2565 5193 2671 5232 una
2693 5177 2874 5243 subiit,
2899 5190 3126 5230 coronas
3145 5176 3304 5228 etiam
3333 5170 3684 5242 participare?

2103 5271 2234 5326 Nam
2263 5271 2309 5326 si
2339 5285 2444 5325 non
2471 5270 2727 5334 deceret,
2756 5285 2862 5323 non
2893 5283 2922 5320 a
2956 5266 3215 5336 principio
3241 5261 3439 5318 factum
3467 5262 3650 5316 luisset
3669 5299 3684 5323 ,

2105 5379 2277 5433 neque
2300 5363 2542 5418 Christus
2567 5378 2783 5417 carnem
2809 5361 3143 5429 sumpsisset.
3163 5355 3311 5421 Quod
3340 5363 3518 5408 autem
3543 5369 3688 5407 sum-

2108 5456 2291 5524 pserit,
2323 5455 2573 5525 illamque
2598 5451 3015 5515 resuscitavcrit,
3043 5449 3166 5504 audi
3191 5446 3318 5518 quid
3341 5447 3484 5501 dicat
3509 5462 3520 5498 :
3549 5443 3690 5513 Infer

2108 5548 2288 5618 digitos
2315 5557 2443 5610 tuos,
2475 5556 2521 5600 et
2545 5547 2656 5599 vide
2679 5545 2798 5613 quia
2823 5542 3028 5613 spiritus
3057 5555 3170 5594 ossa
3195 5547 3242 5593 et
3270 5553 3448 5592 nervos
3475 5552 3575 5590 non
3602 5535 3692 5586 ha-

2171 5660 2242 5721 (η)
2267 5659 2496 5710 Haeretici
2538 5666 2678 5710 erant
2722 5657 2807 5719 qui
2854 5655 3078 5704 dicerent
3103 5664 3301 5703 carnem
3342 5662 3438 5699 non
3471 5657 3689 5696 restare-

2112 5729 2295 5772 cturam
2321 5733 2450 5771 esse.
