4072 6152
459 348 570 405 ἰῦἳ

468 467 645 536 θηται
664 463 870 527 αὐτοῦ,
900 464 990 517 ότι
1013 458 1093 532 ἦν
1114 462 1205 516 ἐπ’
1225 459 1384 527 αὐτῴ
1408 462 1830 532 γεγραμμένον.
1872 460 2035 531 Ὁρᾷς

468 550 550 603 ὅτι
585 548 655 601 τά
694 547 914 599 πλείονα
940 545 1189 615 ἠγνόουν,
1223 543 1408 615 ἐπειδὴ
1436 545 1598 608 αὐτὸς
1629 544 1729 597 οὐκ
1754 542 2035 598 ἀπεκάλυ-

471 647 603 685 πτεν
627 630 839 694 αὐτοῖς;
868 629 978 681 Kal
1008 629 1116 698 γάρ
1142 629 1231 680 ὅτε
1260 623 1440 680 εἶπεν
1481 628 1719 682 Λύσατε
1750 627 1859 679 τὸν
1881 625 2034 680 ναὸν

470 712 705 775 τοῦτον,
734 711 831 765 καί
859 711 931 764 ἐν
961 711 1156 779 τρισίν
1182 710 1427 779 ἡμέραις
1457 707 1639 777 ἐτερῶ
1676 708 1885 772 αὑτὸν,
1914 706 2036 760 οὐδέ

470 799 589 853 τότε
622 796 817 868 ᾔδεσαν
837 808 862 836 ι
882 796 932 849 οί
961 795 1215 866 μαθηταί.
1245 795 1353 847 Kal
1383 794 1540 857 ἀλλος
1565 794 1624 847 δέ
1650 790 2039 862 εὐαγγελιστὴς

471 881 635 949 λέγει,
661 880 745 932 δτι
782 874 850 948 ἦν
893 877 1272 950 κεκρυμμένος
1303 877 1333 929 6
1369 876 1526 943 λόγος
1569 875 1664 929 ἀπ’
1712 875 1913 937 αὐτῶν,
1943 877 2040 928 καὶ

470 964 570 1017 οὐκ
593 961 792 1032 ᾔδεσαν
828 960 910 1014 61:
933 961 1013 1013 δεῖ
1041 960 1204 1013 αὐτὸν
1237 959 1536 1028 ἀναστῆναι
1575 960 1639 1011 ἐκ
1666 957 1776 1011 τῶν
1803 957 2037 1028 νεκρῶν.

483 1044 642 1098 Ἀλλά
690 1041 850 1096 τοῦτο
883 1042 983 1113 μὲν
1015 1042 1239 1106 είκότως
1279 1042 1600 1112 ἐκρύπτετο.
1637 1041 1728 1094 Διὸ
1758 1040 1853 1094 καὶ
1879 1039 2040 1103 ἄλλος

469 1129 620 1196 λέγει
645 1125 1052 1195 εὐαγγελιστὴς,
1081 1126 1165 1179 ὅτι
1196 1124 1318 1179 καθ’
1360 1125 1590 1178 ἕκαστον
1623 1123 1910 1187 ἀκούοντες
1942 1124 2039 1193 ἦλα

1453 344 1518 400 IN
1554 314 1868 403 JOANNEM
1908 340 2138 401 HOMIL.
2181 344 2366 403 LXVI.
2403 347 2472 403 al.
2503 345 2662 403 va.

3602 349 3707 404 568

2140 457 2245 524 tu);
2280 459 2440 514 αὐτὸν
2469 461 2839 533 ἐσταύρωσαν,
2880 461 2979 515 οὐκ
3001 458 3142 521 εἷπε,
3188 460 3583 528 Πορευθέντες
3602 479 3716 531 μα-

2142 543 2470 607 θητεύσατε
2501 543 2698 597 πάντα
2729 543 2802 598 τὰ
2831 545 2979 614 ἔθνη
2998 587 3015 610 ,
3048 544 3184 607 ἀλλ’,
3212 545 3315 609 Είς
3348 543 3493 598 ὁδὸν
3524 544 3718 599 ἐθνῶν

2136 621 2225 692 μὴ
2250 623 2550 692 ἀπέλθητε
2571 641 2586 655 ⁸
2621 628 2735 692 καὶ,
2776 629 2897 680 Οὐκ
2925 625 3298 693 ἀπεστάλην,
3329 628 3382 680 εὶ
3404 625 3492 696 μὴ
3523 629 3612 693 είς
3643 630 3718 683 τὰ

2139 706 2403 774 πρόϐατα
2434 709 2506 762 τὰ
2534 709 2891 764 ἀπολωλότα
2918 709 3091 764 οἴκου
3128 708 3375 777 Ἰσραήλ
3393 725 3408 740 ⁸
3445 709 3558 773 καὶ,
3592 712 3715 763 Οὐκ

2137 787 2272 842 ἔστι
2323 789 2517 843 καλὸν
2557 793 2766 845 λαϐεῖν
2808 791 2917 845 τὸν
2957 791 3141 859 ἄρτον
3185 790 3304 843 τῶν
3332 791 3578 854 τέκνων,
3614 792 3715 845 καὶ

2138 870 2349 926 δοῦναι
2377 872 2500 939 τοῖς
2529 875 2855 940 κυναρίοις.
2900 874 3117 945 Ἐπειδὴ
3145 874 3205 927 δέ
3239 874 3508 944 ἐμίσησαν
3529 874 3714 937 αὐτὸν,

2139 956 2233 1007 καὶ
2257 954 2429 1018 οὔτως
2473 956 2740 1026 ἐμίσησαν
2783 957 2859 1021 ὡς
2901 958 3133 1019 ἀνελεῖν,
3162 958 3418 1028 περιττὸν
3446 953 3515 1029 ἦν
3546 975 3716 1031 προσ-

2138 1036 2379 1107 εδρεύειν
2426 1038 2861 1109 διακρουομένων
2889 1039 3131 1094 ἐκείνων.
3176 1040 3285 1092 Kal
3317 1039 3427 1109 γὰρ
3464 1042 3707 1113 παρῃτη-

2141 1136 2302 1173 σαντο
2348 1121 2509 1176 αὐτὸν
2556 1122 2804 1189 λέγοντες
2823 1138 2839 1154 ο
2899 1124 3021 1177 Οὐκ
3072 1122 3293 1191 ἔχομεν
3325 1124 3611 1189 βασιλέα,
3661 1126 3715 1179 εί

470 1229 620 1279 γουν,
649 1210 744 1265 καὶ⁵
774 1207 916 1281 ἦσαν
944 1210 1003 1262 ἐν
1051 1209 1356 1280 κατηφείᾳ·
1405 1206 1567 1261 τοῦτο
1597 1207 1675 1270 δὲ,
1726 1206 1928 1260 ἐκιτοῦ
1961 1207 2036 1275 μὴ
2131 1205 2220 1274 μὴ
2257 1207 2543 1274 Καίσαρα.
2581 1209 2713 1261 Τότε
2740 1207 2804 1278 δὴ
2831 1207 3016 1261 λοιπὸν
3042 1208 3239 1273 αὐτοὺς
3267 1210 3504 1280 ἀφῆκεν,
3526 1212 3717 1284 ἐπειδὴ

470 1293 660 1347 εἰδέναι
692 1292 783 1345 16v
817 1291 939 1362 περὶ
965 1293 1062 1362 τῆς
1090 1290 1436 1351 ἀναστάσεως
1464 1289 1643 1357 λόγον.
1691 1288 1850 1341 Ἀλλά
1882 1288 2039 1340 τοῦτο

474 1377 571 1447 μὲν
602 1375 827 1435 εἰκότως
861 1373 1183 1443 ἐκρύπτετο,
1220 1373 1315 1427 ἅτε
1350 1369 1535 1441 μεῖζον
1570 1371 1603 1441 ἢ
1640 1371 1759 1424 κατ’
1802 1370 2033 1452 αὐτούς’

470 1458 532 1510 16
559 1459 738 1528 μέντοι
774 1456 874 1526 τῆς
918 1455 1039 1509 δνου
1086 1453 1228 1508 διατί
1277 1455 1461 1517 αὐτοῖς
1505 1453 1604 1507 οὐκ
1642 1452 2034 1522 ἀπεκαλύφθη;

472 1541 593 1595 '01:
626 1541 720 1594 καὶ
748 1537 907 1592 τοῦτο
937 1537 1079 1608 μίγα
1109 1532 1199 1608 ἦν.

539 1720 753 1791 β”.”ορα
770 1718 829 1772 δέ
851 1716 1168 1785 φιλοσοφίαν
1187 1714 1591 1785 εὐαγγελιστοῦ,
1615 1715 1730 1779 πῶς
1758 1715 1859 1769 οὐκ
1876 1716 2035 1770 ἐπαι-

467 1805 723 1877 σχύνεται
742 1803 841 1873 τὴν
864 1800 1133 1871 προτέραν
1153 1799 1330 1853 αὐτῶν
1347 1800 1567 1866 ἄγνοιαν
1590 1799 1960 1869 ἐκπομπεύειν
1985 1800 2029 1854 ι’.

471 1888 598 1942 '01:
632 1886 729 1957 μὶν
758 1881 851 1939 οὖν
873 1884 1202 1955 γέγραπται,
1223 1883 1418 1953 ᾔδεσαν
1437 1900 1451 1914 ·
1478 1884 1561 1937 61:
1586 1882 1643 1935 δὲ
1670 1882 1757 1936 ἐπ’
1779 1882 1927 1954 αὐτῷ
1946 1883 2039 1952 γέ-

480 1984 737 2042 γραπται,
774 1968 872 2022 οὐκ
888 1968 1105 2039 ᾔδεσαν.
1160 1967 1271 2021 Kal
1297 1964 1404 2036 γὰρ
1425 1965 1491 2020 ἂν
1518 1965 1898 2020 ἐπανδάλισεν
1941 1967 2036 2020 αὐ-

474 2054 620 2115 τοὺς,
651 2051 704 2104 εῖ
726 2067 787 2118 γε
819 2049 1068 2121 βασιλεὺς
1086 2047 1162 2102 ὣν
1191 2048 1414 2102 τοιαῦτα
1456 2047 1639 2119 μέλλοι
1670 2049 1918 2118 πάσχειν,
1942 2050 2036 2103 καὶ

473 2133 642 2196 οὕτως
667 2130 985 2185 ἐκδίδοσθαι.
1013 2131 1123 2185 Kal
1150 2129 1324 2194 ἄλλως
1344 2130 1421 2197 δέ,
1445 2131 1547 2184 οὐκ
1575 2128 1640 2184 ἂν
1676 2130 1876 2193 εὐθέως
1899 2130 2036 2201 ἐχώ-

473 2229 642 2286 ρησαν
674 2213 772 2283 τὴν
805 2213 1005 2283 γνῶσιν
1033 2215 1132 2281 τῆς
1166 2212 1461 2283 βασιλείας,
1491 2214 1556 2282 ἣν
1581 2212 1749 2281 ἔλεγε.
1792 2214 1902 2267 Kal
1927 2212 2035 2286 γάρ

467 2295 625 2361 ἄλλος
652 2296 1040 2366 εὐαγγελιστής
1057 2312 1240 2366 φησιν,
1268 2296 1347 2350 δτι
1366 2298 1493 2366 περὶ
1522 2296 1792 2368 βασιλείας
1818 2296 2035 2351 ἐδόκουν

465 2379 670 2448 ταύτης
692 2377 963 2446 λέγεσθαι.
992 2377 1338 2447 Ἐμαρτύρει
1366 2377 1433 2431 δὲ
1470 2382 1504 2433 ό
1553 2378 1755 2448 ὄχλος,
1802 2378 1890 2431 ὅτι
1932 2379 2035 2433 ἁν-

466 2459 693 2529 ἐστησε
718 2461 827 2513 τὸν
849 2459 1133 2528 Λάζαρον.
1161 2460 1236 2513 οὐ
1260 2461 1369 2531 γὰρ
1388 2460 1454 2514 ἀν
1485 2461 1726 2514 τοσοῦτοι
1752 2461 2036 2530 μετέθεντο

466 2543 745 2615 ἐξαίφνης,
769 2542 957 2612 φησὶν,
989 2544 1038 2595 εί
1065 2540 1139 2613 μὴ
1172 2542 1494 2596 ἐπίστευσαν
1517 2542 1594 2612 τῷ
1626 2544 1854 2613 σημείῳ.
1877 2547 1943 2598 οι
1969 2544 2037 2597 δὲ

465 2628 776 2696 Φαρισαῖοι
806 2625 981 2681 εἶπον
1013 2626 1162 2695 πρὸς
1185 2626 1439 2693 αὐτούς·
1472 2625 1765 2694 Θεωρεῖτε,
1797 2626 1887 2680 ὅτι
1922 2629 2034 2681 οὐκ

465 2712 745 2782 ὠφελεῖτε
770 2710 950 2765 οὐδέν
960 2727 979 2776 ;
1012 2709 1124 2765 Ἴδε
1152 2712 1185 2764 ό
1225 2711 1452 2779 κόσμος
1494 2711 1686 2764 ὀπίσω
1716 2710 1901 2765 αὐτοῦ
1924 2713 2036 2765 ὑπ-

466 2796 614 2864 άγει.
642 2797 798 2848 Δοκεῖ
821 2794 879 2848 δέ
920 2810 1009 2863 μοι
1037 2791 1194 2846 τοῦτο
1222 2788 1361 2845 εἶναι
1391 2792 1500 2846 τῶν
1536 2791 1885 2859 ὑγιαινόντων
1914 2796 2032 2862 μὲν,

466 2877 529 2930 οὐ
548 2876 863 2948 τολμώντων
880 2876 937 2929 δὲ
960 2874 1458 2945 παρρησιάσασθαι,
1490 2870 1607 2926 εἶτα
1626 2874 1732 2926 ἀπὸ
1751 2875 1848 2944 τῆς
1872 2875 2035 2928 ἐκϐά-

470 2974 605 3022 σεως
629 2958 962 3029 κατεχόντων
998 2958 1193 3021 αὐτοὺς
1225 2957 1300 3019 ὡς
1330 2957 1565 3027 ἀνήνυτα
1602 2958 2030 3027 ἐπιχειροῦντας.

467 3042 684 3113 Κόσμον
712 3042 769 3095 δὲ
807 3040 1039 3096 ἐνταῦθα
1069 3040 1230 3094 πάλιν
1261 3040 1349 3092 τὸν
1383 3039 1537 3109 ὔχλον
1570 3039 1751 3108 φασίν.
1782 3036 1902 3092 Οἵδε
1926 3040 2034 3114 γὰρ

464 3128 499 3197 η
526 3125 717 3197 Γραφὴ
750 3125 952 3195 κόσμον
984 3124 1076 3177 καὶ
1116 3124 1214 3194 τὴν
1265 3123 1439 3177 κτίσιν
1472 3121 1670 3190 λέγειν,
1702 3123 1796 3175 καὶ
1822 3124 1948 3187 τοὺς
1977 3125 2034 3175 ἐν

464 3207 697 3280 πονηρίᾳ
737 3206 960 3270 ζῶντας.
1010 3206 1117 3259 Kal
1158 3206 1219 3258 16
1259 3205 1356 3275 μέν
1389 3221 1574 3275 φησιν,
1606 3205 1733 3257 ὅταν
1775 3205 1929 3277 λέγῃ,
1971 3206 2033 3258 ὀ

462 3290 731 3359 ἐκφέρων
757 3290 907 3344 κατὰ
936 3289 1185 3358 ἀριθμὸν
1206 3288 1313 3341 τὸν
1347 3289 1577 3357 κόσμον
1599 3288 1785 3342 αὑτοῦ
1805 3303 1818 3316 ’
1849 3289 1909 3341 16
1953 3288 2031 3351 δέ,

459 3375 589 3428 Δι’ὶταν
615 3373 771 3445 λέγῃ,
808 3374 870 3425 '0
894 3373 1118 3441 κόσμος
1149 3368 1302 3440 ὑμᾶς
1327 3373 1399 3423 οὐ
1417 3369 1602 3438 μισεῖ,
1626 3370 1731 3439 ἐμὲ
1759 3370 1827 3423 δὲ
1850 3372 2030 3440 μισεῖ.

464 3456 576 3509 Kal
604 3454 709 3525 χρὴ
740 3454 912 3509 ταῦτα
953 3453 1197 3525 ἀκριϐῶς
1230 3452 1453 3515 είδέναι,
1499 3453 1586 3505 ίνα
1631 3453 1705 3522 μὴ
1759 3452 1909 3521 παρά
1934 3454 2034 3521 τὴν

456 3537 737 3609 σημασίαν
764 3536 875 3590 τῶν
909 3536 1186 3603 ὀνομάτων
1214 3535 1383 3606 λαϐὴν
1433 3535 1761 3605 παρέχωμεν
1797 3537 1908 3597 τοῖς
1949 3538 2033 3588 αἱ·

464 3622 716 3690 ρετικοῖς.
754 3615 946 3673 Ἦσαν
985 3617 1053 3672 δέ
1081 3635 1240 3683 τινες
1280 3617 1399 3669 τῶν
1442 3616 1748 3681 Ἐλλήνων
1778 3616 2035 3670 ἀναϐάν-

463 3718 559 3768 τες
597 3700 1023 3770 προσκυνῆσαι
1059 3703 1149 3765 είς
1191 3701 1308 3767 τὴν
1349 3699 1584 3768 ἑορτήν.
1644 3699 1840 3766 Ἐγγὺς
1882 3698 2033 3761 ὄντες

463 3783 648 3837 λοιπὸν
678 3784 772 3839 τοῦ
804 3786 1132 3857 προσήλυτοι
1165 3783 1426 3852 γίνεσθαι,
1460 3778 1599 3853 ἦσαν
1628 3792 1650 3820 ο
1684 3783 1759 3842 είς
1790 3781 1888 3850 τὴν
1914 3782 2032 3851 ἐορ-

461 3868 582 3941 τήν.
614 3868 723 3937 Τῆς
761 3870 949 3939 φήμης
976 3864 1067 3922 οῦν
1098 3866 1453 3937 διαδοθείσης,
1480 3864 1695 3933 λέγουσι
1716 3880 1730 3893 ·
1772 3864 2034 3933 Θέλομεν

461 3950 569 4002 τὸν
616 3950 855 4018 Ἰησοῦν
898 3950 1063 4005 ἰδεῖν.
1109 3951 1165 4003 Ὀ
1210 3949 1267 4002 δέ
1304 3949 1565 4010 Φίλιππος
1606 3947 2032 4019 παραχωρείτῷ

475 4032 715 4104 Ἀνδρέᾳ,
748 4032 844 4086 ἀτε
880 4035 986 4105 πρὸ
1022 4032 1187 4088 αὐτοῦ
1217 4032 1350 4098 ὄντι,
1396 4032 1492 4084 καὶ
1532 4031 1593 4084 16
1620 4032 1850 4102 πρᾶγμα
1886 4030 2033 4100 αὐτῷ

464 4117 753 4171 κοινοῦται.
805 4118 943 4170 Ἀλλ’
975 4119 1093 4171 οὐδέ
1127 4112 1277 4180 οὗτος
1314 4115 1498 4178 ἁπλῶς
1530 4116 1808 4169 αὐθεντεῖ·
1830 4117 2032 4184 ἤκουσε

461 4198 587 4269 γάρ,
631 4200 713 4251 δτι
744 4202 848 4264 Είς
875 4200 1019 4254 ὀδόν
1043 4200 1233 4253 ἐθνῶν
1257 4200 1343 4268 μὴ
1391 4199 1705 4266 ἀπέλθητε.
1749 4197 1849 4250 Διά
1876 4198 2034 4251 τοῦτο

464 4281 602 4351 μετά
619 4281 710 4335 τοῦ
746 4283 988 4353 μαθητοῦ
1018 4284 1434 4351 κοινωσάμενος,
1466 4281 1544 4349 τῷ
1569 4281 1875 4350 διδασκάλῳ
1904 4283 2034 4333 ἀνα-

464 4362 642 4435 φέρει”
678 4365 976 4436 ἀμφότεροι
1007 4365 1115 4435 γάρ
1162 4361 1314 4416 εἷπον
1356 4363 1523 4433 αὐτῷ.
1571 4363 1628 4416 Ὀ
1658 4363 1716 4416 δέ
1748 4363 1801 4415 τί
1832 4379 2030 4434 φησιν;

460 4440 739 4515 Ἦλθενή
764 4447 902 4515 ὥρα,
919 4449 1020 4501 ἵνα
1048 4445 1319 4514 δοξασθῇ
1343 4450 1374 4501 ό
1410 4445 1541 4511 Υἱὸς
1565 4447 1671 4500 τοῦ
1696 4446 2028 4514 ἀνθρώπου.

473 4532 613 4586 Ἐὰν
635 4532 722 4601 μὴ
754 4538 788 4588 ό
812 4536 1031 4598 κόκκος
1063 4533 1168 4587 τοῦ
1209 4538 1381 4586 σίτου
1412 4530 1617 4585 πεσὼν
1644 4533 1727 4598 εὶς
1761 4531 1876 4599 τὴν
1916 4532 2035 4600 γῆν

461 4614 753 4684 ἀποθάνῃ,
795 4617 979 4684 αὐτὸς
1002 4618 1188 4688 μόνος
1218 4615 1406 4685 μένει.
1437 4614 1502 4668 Τί
1535 4616 1701 4677 ἐστιν,
1739 4609 1964 4670 τΗλθεν
1994 4616 2030 4683 ἡ

458 4696 577 4764 ὥρα
597 4716 616 4762 ;
640 4701 881 4768 Ἔλεγεν,
900 4702 1005 4765 Είς
1036 4700 1180 4755 όδὸν
1200 4699 1390 4755 ἐθνῶν
1411 4698 1498 4768 μὴ
1517 4699 1836 4765 ἀπέλθητε,
1852 4700 2031 4752 πᾶσαν

461 4780 895 4854 [597]ἐγκόπτων
916 4782 1305 4852 ἀγνωμοσύνης
1325 4782 1592 4853 πρόφασιν
1611 4780 1720 4834 ἀπὸ
1742 4780 2028 4846 Ἰουδαίων,

459 4868 553 4921 καὶ
583 4868 830 4934 κατεῖχεν
860 4864 1073 4927 αὐτούς.
1115 4865 1267 4917 Ἐπεὶ
1295 4859 1384 4917 οῦν
1418 4864 1679 4934 ἐπέμενον
1706 4856 1851 4917 οῦτοι
1873 4865 2030 4916 ἀπει-

459 4951 697 5013 θοῦντες,
723 4951 919 5002 ἐκεῖνοι
943 4948 999 5001 δέ
1019 4947 1296 5002 ἐϐούλοντο
1320 4948 1656 5018 προσελθεῖν,
1688 4946 1894 5018 Καιρδς
1925 4948 2034 5000 λοι-

458 5034 581 5098 πὸν,
603 5034 787 5102 φησὶν,
817 5032 910 5084 ἐπὶ
933 5030 993 5083 16
1017 5031 1186 5093 πάθος
1214 5030 1408 5088 ἐλθεῖν,
1430 5031 1646 5084 πάντων
1670 5030 2032 5100 πεπληρωμέ-

457 5133 583 5169 νων.
637 5117 699 5169 El
731 5116 841 5187 γὰρ
895 5114 1177 5184 μέλλοιμεν
1220 5113 1430 5177 τούτοις
1470 5114 1568 5183 μὲν
1613 5113 1708 5165 καὶ
1747 5112 2031 5166 ἀπειθοῦσι

458 5198 862 5271 προσεδρεύειν,
891 5197 1128 5258 ἐκείνους
1152 5196 1208 5248 δὲ
1243 5196 1335 5249 καὶ
1366 5194 1715 5263 βουλομένους
1749 5194 1822 5264 μὴ
1860 5211 2030 5265 προσ-

461 5282 655 5345 ίεσθαι,
703 5283 895 5349 ἀνάξια
934 5283 1033 5351 τῆς
1070 5281 1345 5351 ἡμετέρας
1389 5279 1541 5331 ἔσται
1583 5277 1754 5331 ταῦτα
1800 5279 2032 5349 κηδεμοο

458 5367 594 5430 νίας.
630 5367 783 5421 Ἐπεὶ
808 5363 903 5421 οὖν
926 5365 1149 5437 ἔμελλεν
1176 5365 1406 5434 ἀφήσειν
1428 5363 1552 5425 τοὺς
1581 5361 1937 5431 μαθητάςέπὶ
1964 5364 2032 5416 τὰ

459 5448 586 5520 ιθνη
636 5449 821 5504 λοιπον
855 5450 991 5503 ἱέναι
1024 5447 1162 5517 μετά
1188 5450 1279 5500 τὸν
1324 5445 1574 5516 σταυρὸν,
1608 5447 1710 5516 ὁρᾷ
1750 5445 1807 5498 δέ
1836 5446 2029 5509 αὐτοὺς

460 5534 872 5604 προπηδῶντας,
904 5533 1071 5603 φησί’
1101 5530 1303 5602 Καιρδς
1335 5531 1427 5582 ἐπὶ
1458 5530 1546 5583 τὸν
1575 5530 1804 5601 σταυρὸν
1832 5530 2025 5583 ἐλθεῖν.

458 5614 533 5669 Οὐ
568 5617 831 5688 πρότερον
859 5617 969 5687 γάρ
992 5617 1188 5678 αὐτοὺς
1216 5617 1417 5676 εἴασεν,
1451 5614 1535 5666 ἴνα
1621 5614 1698 5676 είς
1731 5613 2030 5685 μαρτύριον

445 5698 659 5761 αὐτοῖς.
688 5699 832 5763 Ἕως
854 5699 961 5770 γὰρ
983 5697 1070 5752 διὰ
1096 5698 1203 5751 τῶν
1235 5697 1411 5767 ἔργων
1437 5696 1596 5750 αὐτὸν
1623 5696 2024 5768 διεκρούσαντο,

522 5887 548 5915 ⁸
590 5885 685 5949 Alii
733 5889 840 5936 οὐδὲ
892 5885 1033 5934 τοῦτο
1081 5888 1271 5949 ᾔδεσαν.
1336 5888 1365 5928 ιι
1402 5888 1629 5937 Nonnulli
1689 5887 2017 5949 ἐκπομπεύων,

463 5950 486 5978 ⁸
528 5947 676 5998 Savil.
700 5951 848 6011 ᾔεσαν
887 5947 1153 6010 legendam
1185 5950 1450 6010 supicalur,
1496 5958 1651 6000 recte.

2139 1289 2291 1342 αὐτοὶ
2327 1291 2563 1361 ἀφῆκαν.
2597 1290 2694 1345 Διά
2736 1291 2895 1344 τοῦτο
2920 1290 3100 1359 λέγει’
3146 1292 3411 1361 Ποσὰκις
3444 1294 3717 1363 ἠθέλησα

2137 1371 2604 1443 ἐπισυναγαγεῖν
2652 1374 2723 1427 τὰ
2760 1372 2941 1428 τέκνα
2982 1374 3166 1444 ὑμῶν,
3213 1375 3311 1429 καί
3344 1378 3456 1431 οὐκ
3493 1378 3709 1445 ἠθελή-

2137 1463 2323 1516 σατε]
2376 1463 2441 1516 Τί
2487 1464 2665 1519 ἐστιν·
2714 1464 2776 1517 '0
2826 1466 3046 1530 κόκκος
3090 1465 3200 1520 τοῦ
3247 1466 3442 1528 σίτου,
3485 1466 3595 1520 ἐὰν
3627 1470 3714 1536 μὴ

2138 1545 2344 1598 πεσὼν
2393 1545 2696 1615 ἀποθάνῃς
2747 1547 2881 1616 Περὶ
2933 1546 3027 1600 τοῦ
3084 1548 3320 1619 σταυροῦ
3374 1551 3539 1618 λέγει.
3597 1551 3715 1603 Ἵνα

2138 1627 2246 1695 γάρ
2276 1627 2349 1698 μὴ
2374 1628 2709 1699 θορυϐῶνται
2744 1628 3048 1693 ἐννοοῦντες
3073 1630 3175 1692 ὅτι,
3204 1632 3293 1684 ὅτε
3333 1634 3427 1685 καὶ
3458 1631 3716 1699 Έλληνες

2139 1711 2462 1781 προσῆλθον.
2495 1712 2616 1764 τότε
2650 1711 2911 1782 ἀνῃρέθη,
2941 1712 3112 1780 λέγει’
3142 1714 3282 1766 Αὐτὸ
3313 1713 3410 1784 μὲν
3433 1710 3526 1767 οῦν
3559 1714 3717 1768 τοῦτο

2139 1791 2378 1862 μάλιστα
2424 1793 2624 1856 αὐτοὺς
2659 1796 2803 1847 ποιεῖ
2846 1794 3192 1863 προσελθεῖν,
3250 1797 3341 1848 καὶ
3376 1796 3604 1866 αὐξήσει
3654 1797 3716 1850 16

2137 1875 2402 1945 κήρυγμα
2434 1875 2495 1928 16
2515 1876 2667 1946 ἐμόν.
2699 1872 2853 1937 Εἶτα,
2875 1876 3062 1947 ἐπειδὴ
3096 1878 3204 1930 ἀπὸ
3226 1876 3398 1942 λόγων
3424 1878 3525 1949 οὐχ
3545 1878 3716 1941 οὕτως

2135 1956 2370 2015 ἔπειθεν,
2401 1957 2510 2011 ἀπὸ
2540 1959 2638 2029 τῆς
2663 1958 2772 2012 τῶν
2811 1961 3150 2031 πραγμάτιον
3190 1960 3387 2031 πείρας
3416 1962 3548 2016 αὐτὸ
3580 1961 3716 2033 μεθ-

2135 2039 2308 2094 οδεύει
2353 2040 2529 2109 λέγων
2550 2058 2564 2073 ο
2624 2043 2778 2096 Ἐπεὶ
2809 2044 2904 2097 καὶ
2934 2045 2992 2096 ἐν
3021 2044 3099 2114 τῷ
3125 2044 3257 2112 σίτῳ
3285 2045 3445 2099 τοῦτο
3471 2046 3678 2114 γίνεται
3696 2063 3711 2076 ⁸

2139 2122 2337 2194 μᾶλλον
2378 2124 2532 2195 φέρει
2572 2124 2802 2196 καρπὸν,
2834 2126 2963 2179 ὅταν
3007 2126 3274 2200 ἀποθάνῃ.
3328 2128 3394 2181 El
3426 2128 3484 2182 δὲ
3512 2129 3571 2183 ἐν
3601 2131 3716 2191 τοῖς

2137 2207 2414 2278 σπέρμασι
2444 2207 2625 2274 τοῦτο,
2673 2207 2853 2280 πολλῷ
2886 2209 3085 2279 μᾶλλον
3133 2212 3190 2264 ἐν
3234 2211 3378 2280 ἐμοί.
3422 2212 3571 2277 ,Ἀλλ’
3613 2213 3715 2267 οὐκ

2133 2289 2331 2359 ᾔδεσαν
2364 2291 2414 2343 οί
2451 2290 2692 2361 μαθηταὶ
2738 2292 2808 2346 τά
2853 2292 3140 2363 λεγόμενα.
3177 2292 3267 2346 Διδ
3299 2294 3537 2365 συνεχῶς
3580 2295 3713 2349 αὐτὸ

2134 2371 2345 2443 τίθησιν
2397 2374 2427 2427 6
2477 2375 2890 2444 εὐαγγελιστὴς,
2943 2375 3375 2448 ἀπολογούμενος
3426 2379 3566 2447 ὑπὲρ
3614 2380 3713 2449 τῆς

2139 2455 2278 2522 μετά
2308 2456 2479 2510 ταῦτα
2507 2458 2706 2527 φυγῆς.
2732 2458 2932 2512 Τοῦτον
2956 2460 3050 2513 καὶ
3077 2461 3204 2531 περὶ
3237 2462 3335 2531 τῆς
3364 2461 3714 2526 ἀναστάσεως

2134 2537 2511 2607 διαλεγόμενος
2538 2543 2567 2594 6
2592 2540 2803 2604 Παῦλος
2830 2542 2921 2595 τὸν
2947 2542 3102 2611 λόγον
3135 2543 3376 2614 ἐκίνησε.

2205 2626 2274 2688 γ’.
2313 2622 2476 2675 Ποίαν
2515 2619 2608 2677 οὖν
2657 2624 2867 2690 ἕξουσιν
2906 2625 3200 2694 ἀπολογίαν
3235 2629 3284 2680 οἱ
3315 2630 3381 2698 τῇ
3419 2629 3713 2683 ἀναστάσει

2134 2703 2559 2770 διαπιστοῦντες,
2587 2709 2644 2760 ἐν
2668 2711 2780 2772 τοῖς
2804 2708 3081 2781 σπέρμασι
3110 2710 3203 2763 τοῦ
3228 2711 3554 2783 πράγματος
3591 2713 3710 2767 καθ’

2135 2787 2372 2857 ἑκάστην
2401 2789 2779 2860 μελετωμένου
2801 2791 2901 2862 τὴν
2924 2794 3159 2861 ἡμέραν,
3189 2794 3282 2847 καὶ
3301 2795 3359 2847 ὲν
3387 2798 3591 2864 φυτοῖς,
3618 2799 3713 2849 καὶ

2135 2870 2228 2921 ἐπὶ
2258 2871 2357 2940 τῆς
2400 2872 2667 2939 γενέσεως
2696 2874 2797 2942 τῆς
2840 2874 3148 2944 ήμετέρας;
3186 2875 3456 2947 Πρότερον
3486 2877 3596 2949 γὰρ
3633 2878 3715 2932 δεῖ

2136 2955 2407 3028 φθαρῆναι
2462 2957 2524 3010 16
2572 2960 2811 3029 σπέρμα,
2846 2961 2941 3012 καὶ
2991 2960 3112 3013 τότε
3167 2959 3421 3028 γενέσθαι
3476 2962 3709 3031 γένεσιν.

2138 3037 2312 3103 Ὅλως
2355 3039 2413 3091 δέ
2442 3040 2571 3093 ὅταν
2619 3042 2649 3092 6
2697 3041 2830 3103 Θεός
2863 3058 2916 3094 τι
2960 3044 3110 3113 ποιῇ,
3152 3042 3427 3113 λογισμῶν
3467 3045 3566 3097 οὐκ
3598 3044 3713 3097 ἔστι

2136 3121 2310 3192 χρεία.
2350 3121 2472 3186 [Ιῶς
2504 3122 2612 3193 γὰρ
2641 3123 2701 3186 ἐξ
2732 3124 2833 3177 οὐκ
2864 3123 3031 3178 ὄντων
3056 3126 3205 3196 ἡμᾶς
3237 3126 3492 3196 ἐποῐησε;
3531 3127 3714 3180 Ταῦτα

2136 3205 2271 3275 πρὸς
2302 3206 2662 3275 Χριστιανοὺς
2683 3205 2846 3274 λέγω,
2865 3208 2990 3272 τοὺς
3011 3207 3267 3277 λέγοντας
3288 3208 3566 3264 πείθεσθαι
3582 3211 3714 3283 Γρα-

2135 3291 2279 3357 φαῖς.
2322 3288 2466 3357 Ἐγὼ
2487 3289 2543 3344 δὲ
2570 3291 2664 3342 καὶ
2687 3290 2872 3361 ἕτερον
2906 3290 3014 3362 ἐρῶ
3049 3292 3157 3345 ἀπὸ
3185 3291 3462 3363 λογισμῶν
3494 3293 3705 3366 ἀνθρω-

2134 3372 2323 3425 πίνων.
2377 3373 2499 3425 Τῶν
2549 3371 2851 3444 ἀνθρώπων
2896 3374 2946 3426 οί
2979 3374 3076 3445 μὲν
3109 3376 3166 3426 ἐν
3199 3376 3366 3445 κακίᾳ
3410 3376 3710 3443 διάγουσιν,

2133 3457 2183 3509 οί
2231 3456 2287 3509 δὲ
2318 3459 2375 3509 ἐν
2417 3456 2605 3527 ἀρετῇ.
2654 3457 2814 3510 ’Λλλά
2861 3457 2970 3510 τῶν
3011 3458 3069 3511 ἐν
3118 3460 3285 3529 κακίᾳ
3330 3458 3713 3529 διατριϐόντων

2135 3538 2319 3592 πολλοὶ
2364 3540 2444 3599 είς
2477 3538 2698 3607 ἔσχατον
2731 3541 2906 3609 γῆρας
2944 3535 3106 3609 ἦλθον
3156 3540 3551 3605 εὐπαθοῦντες·
3601 3544 3712 3597 τῶν

2133 3620 2189 3673 δὲ
2229 3622 2287 3674 ἐν
2325 3621 2514 3691 ἀρετῇ,
2545 3623 2612 3673 τά
2654 3622 2870 3674 ἐναντία
2900 3622 3312 3691 ὑπομείναντες.
3351 3624 3488 3677 Πότε
3519 3620 3613 3679 οῦν
3642 3627 3712 3680 τά

2136 3704 2255 3757 κατ’
2298 3703 2458 3767 ἀξίαν
2512 3704 2849 3775 ἀπολήψεται
2890 3705 3154 3770 ἓκαστος;
3207 3709 3265 3760 ἐν
3313 3706 3452 3778 ποίῳ
3499 3709 3710 3782 καιρῷ;

2135 3787 2262 3847 Nal.
2316 3786 2511 3857 φησίν·
2565 3788 2699 3840 ἀλλά
2744 3788 3012 3859 σωμάτων
3054 3793 3155 3845 οὐκ
3201 3790 3347 3843 ἔστιν
3392 3792 3708 3857 ἀνάστασις.

2135 3871 2248 3923 Οὐκ
2276 3869 2532 3923 ἀκούουσι
2562 3870 2655 3923 τοῦ
2682 3870 2894 3925 Παύλου
2924 3870 3201 3939 λέγοντος·
3232 3873 3334 3926 Δεῖ
3360 3874 3424 3927 τὸ
3449 3877 3713 3942 φθαρτὸν

2134 3954 2310 4008 τοῦτο
2374 3952 2745 4008 ἐνδύσασθαι
2793 3954 3172 4022 ἀφθαρσίαν;
3227 3957 3300 4009 Οὐ
3354 3958 3484 4026 περὶ
3532 3958 3711 4028 ψυχῆς

2135 4035 2278 4101 (οὐδὲ
2310 4034 2419 4105 γάρ
2450 4035 2729 4104 φθείρεται
2773 4037 2805 4104 ἡ
2846 4036 3048 4106 ψυχή)·
3086 4037 3180 4089 καὶ
3220 4038 3514 4102 ἀνάστασις
3556 4038 3708 4113 [598]

2133 4118 2189 4169 δέ
2211 4116 2305 4170 τοῦ
2340 4119 2688 4179 πεπτωκότος
2719 4117 2934 4185 λέγεται
2953 4135 2966 4148 ·
2998 4118 3159 4171 ἔπεσε
3176 4119 3233 4171 δὲ
3258 4120 3319 4172 16
3352 4121 3531 4191 σῶμα.
3557 4123 3710 4176 Διατί

2133 4202 2190 4253 δέ
2214 4201 2276 4253 οὐ
2308 4200 2484 4270 βούλει
2505 4200 2798 4253 ἀνάστασιν
2829 4197 2966 4254 εἶναι
2990 4201 3518 4273 σώματος;Πότερον
3546 4206 3606 4259 οὐ
3626 4206 3711 4259 δυ·

2134 4284 2288 4338 νατὸν
2308 4282 2385 4352 τῷ
2405 4281 2551 4351 Θεῷς
2585 4282 2743 4335 Ἀλλά
2764 4284 2922 4337 τοῦτο
2943 4285 3042 4354 μὲν
3061 4285 3297 4354 ἐσχάτης
3313 4288 3495 4352 ἀνοίας
3511 4289 3703 4357 λέγειν.

2148 4367 2285 4420 Ἀλλ’
2299 4367 2359 4419 οὐ
2377 4368 2577 4436 πρέπει
2597 4384 2611 4431 ;
2633 4366 2785 4419 Διατί
2799 4366 2861 4420 οὐ
2883 4368 3085 4439 πρέπει
3103 4369 3164 4421 τὸ
3183 4369 3417 4440 φθαρτὸν
3437 4373 3531 4425 καὶ
3548 4373 3708 4428 πόνου

2135 4452 2226 4502 καὶ
2255 4448 2486 4502 θανάτου
2521 4448 2875 4518 κοινωνῆσαν,
2901 4451 3225 4521 κοινωνῆσαι
3254 4453 3351 4505 καὶ
3371 4451 3480 4505 τῶν
3503 4457 3706 4524 στεφά-

2133 4549 2274 4596 νων;
2321 4533 2382 4585 Εἰ
2427 4533 2535 4601 γάρ
2569 4533 2642 4601 μὴ
2674 4531 2929 4603 ἔπρεπεν,
2958 4533 3065 4587 οὐδ’
3102 4534 3168 4586 ἂν
3205 4535 3357 4606 παρά
3392 4535 3489 4606 τὴν
3536 4538 3711 4608 ἀρχὴν

2134 4614 2367 4681 ἐγένετο,
2404 4615 2504 4667 οὐκ
2553 4616 2618 4667 ἂν
2649 4614 2828 4687 σάρκα
2863 4616 3025 4680 αὐτὸς
3067 4617 3345 4672 ἀνέλαϐεν.
3380 4619 3500 4673 Ὅτι
3530 4620 3590 4675 δὲ
3619 4622 3712 4674 καὶ

2134 4695 2381 4758 ἀνέλαϐε,
2439 4697 2531 4752 καὶ
2580 4698 2748 4768 αὐτὴν
2795 4698 3113 4770 ἀνέστησεν,
3167 4701 3398 4756 ἄκουσον
3443 4703 3497 4756 τί
3542 4721 3709 4771 φησιο

2133 4780 2292 4833 Βάλε
2326 4780 2467 4846 τοὺς
2501 4779 2858 4847 δακτύλους,
2893 4783 2991 4835 καί
3031 4783 3141 4846 ἴδε,
3175 4784 3264 4838 ὅτι
3301 4787 3536 4855 πνεῦμα
3560 4784 3713 4843 ὀστᾶ.

2135 4864 2232 4917 καί
2254 4863 2436 4931 νεῦρα
2457 4867 2567 4920 οὐκ
2588 4864 2732 4931 ἔχει.
2761 4865 2913 4919 Διατί
2934 4867 2991 4921 δὲ
3008 4868 3098 4921 τὸν
3122 4869 3374 4940 Λάζαρον
3391 4871 3709 4940 ἀνέστησεν,

2132 4948 2181 4998 εί
2213 4945 2418 5016 βέλτιον
2450 4943 2517 5016 ἦν
2544 4948 2711 5016 χωρὶς
2739 4947 2988 5019 σώματος
3022 4952 3320 5020 ἀναστῆναι
3345 4969 3358 5015 ;
3382 4951 3434 5002 τί
3463 4955 3521 5004 ἐν
3560 4951 3712 5017 τάξει

2137 5029 2364 5099 σημείου
2386 5029 2480 5084 καὶ
2507 5029 2826 5099 εὐεργεσίας
2854 5032 2987 5084 αὐτὸ
3019 5036 3188 5096 ποιεῖ;
3228 5035 3280 5085 τί
3307 5034 3363 5086 δὲ
3386 5034 3521 5096 ὅλως
3540 5027 3712 5088 ἔδωκε

2132 5112 2367 5181 τροφάς;
2404 5111 2489 5181 Μὴ
2533 5112 2710 5164 τοίνυν
2755 5115 3036 5168 ἀπατᾶσθε
3077 5116 3226 5186 παρά
3261 5116 3369 5168 τῶν
3397 5118 3707 5189 αἱρετικῶν,

2133 5194 2425 5263 ἀγαπητοί.
2466 5196 2575 5247 Καὶ
2603 5194 2712 5266 γὰρ
2743 5196 3035 5261 ἀνάστασίς
3069 5200 3205 5265 ἐστι,
3232 5200 3324 5251 καὶ
3365 5200 3544 5268 κρίσις
3569 5200 3704 5255 ἐστί.

2134 5277 2320 5331 Ταῦτα
2347 5279 2404 5331 δὲ
2432 5278 2763 5350 ἀναιροῦσιν,
2798 5268 2911 5333 ὅσοι
2940 5281 3013 5351 μὴ
3045 5279 3325 5349 βούλονται
3356 5283 3538 5337 δοῦναι
3554 5284 3708 5353 λόγον

2134 5359 2239 5411 τῶν
2278 5361 2702 5429 πεπραγμένων.
2742 5362 2850 5413 Kal
2884 5362 2994 5431 γάρ
3030 5362 3112 5415 δεῖ
3142 5363 3238 5433 τὴν
3270 5366 3566 5420 ἀνάστασιν
3598 5385 3709 5422 τοι-

2133 5441 2302 5512 αύτην
2327 5438 2485 5505 εἶναι,
2511 5441 2598 5494 οῖα
2622 5443 2843 5509 γέγονεν
2865 5445 2896 5511 ἡ
2927 5443 3019 5496 τοῦ
3043 5446 3298 5516 Χριστοῦ.
3327 5449 3573 5522 Ἀπαρχὴ
3598 5451 3708 5523 γὰρ

2132 5527 2358 5588 ἐκεῖνος,
2391 5525 2486 5581 καὶ
2515 5525 2854 5594 πρωτότοκος
2876 5526 2983 5579 ἀπὸ
3011 5528 3119 5582 τῶν
3144 5532 3372 5603 νεκρῶν.
3410 5534 3470 5587 El
3498 5535 3556 5586 δὲ
3579 5536 3708 5589 άνάο

2133 5623 2324 5670 στασις
2350 5606 2509 5659 τοῦτό
2549 5608 2686 5669 ἐστι,
2728 5607 2905 5677 ψυχῆς
2941 5611 3238 5683 καθαρμὸς,
3290 5617 3386 5669 καὶ
3421 5618 3708 5686 ἁμαρτιῶν

2130 5688 2439 5760 ἀπαλλαγὴ,
2487 5691 2515 5742 6
2550 5689 2606 5742 δὲ
2651 5691 2885 5761 Χριστὸς
2921 5693 3019 5764 οὐχ
3055 5696 3290 5767 ἥμαρτε,
3330 5700 3445 5762 πῶς
3471 5702 3703 5770 ἁνέστη;

2132 5772 2247 5835 πῶς
2274 5774 2433 5843 ἡμεῖς
2457 5773 2552 5842 τῆς
2584 5776 2825 5845 κατάρας
2851 5776 3136 5849 ἀπηλλάγη
3146 5783 3335 5850 μεν,εἱ’
3347 5799 3407 5849 γε
3435 5776 3529 5835 καί
3544 5783 3702 5844 αὐτὸς

2129 5856 2376 5929 ἥμαρτε;
2407 5858 2523 5921 πῶς
2564 5858 2620 5912 δὲ
2655 5859 2828 5926 λέγει’
2860 5863 3135 5932 Ἔρχεται
3163 5868 3195 5919 ό
3233 5862 3431 5939 ἄρχων
3470 5863 3574 5915 τοῦ
3602 5866 3700 5915 κό⁹

2042 6004 2059 6021 υ
2131 5957 2288 6009 σμου
2325 5944 2557 6002 τούτου.
2594 5946 2690 5999 καὶ
2718 5946 2787 5999 ἐν
2817 5946 2944 6015 ἐμοὶ
2974 5951 3083 6002 οὐκ
3113 5948 3237 6015 ἔχει
3277 5948 3487 6011 οὺὸέν;
3517 5945 3700 5998 Ταῦτα
