4072 6152
373 297 470 355 371

367 594 502 660 illis,
529 594 596 649 de
625 602 797 647 morte
825 593 1028 647 scilicet
1057 608 1171 656 sua,
1194 593 1556 662 praevidetqne
1587 592 1704 646 illos
1732 592 1784 645 in
1816 606 1948 645 ιιιω-

363 686 561 740 stitiam
582 683 900 754 delapsuros
922 699 1065 749 esse,
1091 700 1202 740 rem
1225 684 1521 740 sublimiori
1543 685 1703 738 modo
1726 691 1944 738 tractat:

363 776 497 844 Quid
524 776 665 841 dico,
695 776 740 830 si
767 783 993 832 mortem
1021 791 1194 832 meam
1223 792 1328 830 nou
1359 776 1567 831 fortiter
1594 775 1813 831 feratis?
1837 775 1945 829 Nisi

361 883 458 922 vos
501 867 603 938 ipsi
650 868 988 934 moriamini,
1025 868 1156 922 nihil
1199 868 1352 923 vobis
1392 868 1521 922 lucri
1565 868 1846 935 supererit.
1881 867 1946 920 Et

362 957 483 1014 vide
506 959 776 1028 quomodo
803 960 1224 1014 consolationem
1253 960 1488 1014 sermoni
1516 959 1790 1014 admiscet.
1820 957 1946 1011 Val-

357 1048 428 1104 de
450 1047 642 1103 durum
671 1059 724 1104 et
755 1049 1038 1105 molestum
1065 1059 1182 1105 erat
1209 1049 1412 1113 audire,
1454 1049 1722 1103 hominem
1752 1048 1943 1104 animat

358 1155 470 1194 sua:
498 1141 922 1196 amantissimum
954 1143 1090 1195 mori
1121 1155 1389 1208 Oportere.
1421 1140 1623 1210 Ecquid
1651 1148 1826 1194 vetera
1857 1155 1944 1193 re-

357 1248 606 1288 censeam
626 1275 642 1300 ,
673 1234 886 1304 quando
918 1249 1060 1288 nunc
1085 1234 1245 1288 etiam
1273 1234 1466 1287 multos
1495 1232 1825 1287 inveniemus
1849 1232 1939 1300 qui

359 1325 585 1382 libenter
612 1328 792 1381 omnia
821 1327 1070 1392 tolerent,
1098 1336 1155 1379 ut
1186 1326 1282 1378 hac
1308 1325 1412 1378 vita
1443 1324 1701 1389 fruantur,
1731 1323 1940 1378 etiamsi

355 1417 525 1473 futura
569 1418 824 1475 credant?
875 1419 968 1488 qui
1006 1433 1132 1472 cum
1168 1417 1348 1471 vident
1393 1416 1651 1482 aedificia,
1691 1416 1936 1485 opificis,

356 1509 654 1575 machinas,
687 1510 1040 1581 lacrymantes
1068 1509 1190 1563 talia
1232 1509 1415 1562 dicunt
1445 1527 1458 1561 :
1487 1510 1693 1574 Quanta
1727 1507 1936 1562 machi-

353 1613 511 1658 natur
537 1602 720 1668 homo,
744 1611 796 1658 et
817 1603 994 1672 pulvis
1009 1601 1269 1657 efficitur?
1295 1599 1366 1655 lla
1395 1616 1581 1670 magna
1608 1611 1690 1656 est
1715 1600 1936 1669 hujusce

351 1693 474 1748 vitae
493 1695 946 1762 concupiscentia.
973 1693 1095 1747 llaec
1117 1692 1292 1762 itaque
1313 1693 1521 1746 vincula
1549 1692 1759 1747 solvens
1777 1693 1934 1746 Chri-

348 1798 464 1841 stus
486 1787 560 1840 ait
588 1804 601 1840 :
634 1785 736 1851 Qui
767 1787 874 1840 odit
910 1786 1133 1839 animant
1157 1801 1299 1839 suam
1326 1785 1380 1838 in
1407 1785 1502 1838 hoc
1532 1785 1740 1846 mundo,
1772 1785 1827 1838 in
1854 1785 1933 1838 vi-

349 1887 454 1931 tam
478 1887 720 1932 (sternam
749 1877 993 1932 custodiet
1028 1892 1159 1929 eam.
1188 1875 1338 1943 Quod
1378 1886 1554 1930 autem
1587 1884 1641 1928 ut
1667 1875 1786 1930 illos
1811 1891 1931 1929 mo-

351 1978 502 2024 neret
521 2010 536 2034 ,
565 1976 620 2022 et
647 1975 845 2022 metum
880 1982 1066 2022 eorum
1103 1969 1369 2032 solveret,
1402 1966 1516 2036 lucc
1545 1966 1737 2020 dixerit
1759 2006 1775 2030 ,
1806 1966 1929 2020 audi

347 2077 413 2116 ex
444 2061 829 2131 sequentibus:
859 2059 953 2115 36.
981 2059 1081 2126 Qui
1109 2059 1234 2112 mihi
1263 2059 1529 2123 ministrat,
1559 2075 1636 2111 me
1658 2068 1928 2126 sequatur;

345 2153 413 2207 de
439 2161 612 2208 morte
650 2151 868 2221 loquens
889 2191 902 2215 ,
934 2159 992 2205 et
1021 2158 1081 2204 ut
1104 2165 1202 2221 per
1239 2164 1400 2218 opera
1430 2149 1604 2218 ipsum
1637 2157 1930 2218 sequantur

344 2245 581 2312 exigens.
611 2243 851 2298 Minister
875 2242 1019 2298 enim
1045 2257 1170 2298 eum
1206 2243 1292 2298 cui
1335 2241 1601 2295 ministrat
1629 2241 1778 2310 sequi
1806 2255 1924 2293 om-

344 2333 472 2389 nino
500 2332 677 2388 debet.
711 2333 776 2388 Et
805 2332 1084 2388 considera
1113 2331 1451 2402 quandonam
1491 2331 1604 2385 haec
1631 2331 1878 2400 loquatur
1909 2346 1922 2382 :

343 2441 448 2480 non
493 2440 613 2480 cum
661 2424 1130 2495 persequutionem
1174 2424 1535 2492 patiebantur,
1576 2421 1672 2477 sed
1709 2437 1830 2477 cum
1869 2422 1922 2476 in

343 2517 531 2572 liducia
561 2515 860 2587 degebant,
891 2525 943 2571 et
973 2516 1028 2570 in
1065 2524 1182 2570 tuto
1203 2529 1323 2570 esse
1357 2515 1653 2585 putabant,
1683 2529 1713 2567 a
1740 2513 1924 2568 multis

292 2650 293 2653 η
341 2609 584 2664 honorati
611 2619 665 2663 et
689 2609 846 2671 culti;
875 2622 999 2662 eum
1027 2622 1146 2662 sese
1171 2607 1379 2676 erigere
1420 2616 1664 2675 poterant
1689 2614 1742 2659 et
1765 2605 1921 2659 audi-

339 2718 398 2758 re
429 2720 443 2757 :
474 2702 540 2756 Et
569 2701 712 2755 tollat
739 2718 938 2756 crucem
967 2717 1132 2768 suam,
1155 2711 1205 2754 et
1224 2709 1460 2771 sequatur
1482 2715 1562 2753 nte
1589 2697 1798 2768 (Matth.
1831 2697 1918 2755 16.

335 2792 430 2864 24)
455 2811 470 2847 :
500 2793 550 2846 id
575 2802 680 2858 est,
705 2792 928 2846 Paratus
949 2806 1164 2861 semper
1183 2799 1301 2846 esto
1318 2791 1384 2846 ad
1409 2789 1664 2859 pericula,
1688 2788 1756 2842 ad
1780 2803 1924 2842 mor-

337 2895 476 2950 tem,
504 2884 569 2938 ad
604 2883 938 2953 migrandum
968 2899 1032 2938 ex
1063 2886 1162 2937 hac
1196 2884 1324 2936 vita.
1363 2881 1566 2936 Deinde
1591 2896 1710 2935 cum
1740 2879 1919 2948 gravia

335 2986 388 3029 et
415 2976 638 3031 molesta
669 2975 910 3038 dixisset,
946 2974 1223 3042 praemium
1248 2971 1414 3027 addit.
1443 2971 1727 3038 Quodnam
1757 2969 1920 3024 illud?

333 3066 485 3131 Quod
531 3067 702 3135 ipsum
749 3073 1026 3134 sequatur,
1057 3061 1199 3131 quod
1238 3062 1306 3115 sit
1341 3075 1449 3115 una
1479 3075 1660 3133 secum
1691 3076 1706 3117 :
1734 3068 1918 3114 osten-

331 3159 466 3212 dens
505 3158 617 3210 fore
655 3164 711 3208 ut
749 3155 1074 3209 resurrectio
1101 3163 1327 3206 mortem
1355 3161 1629 3220 sequatur.
1657 3151 1787 3204 Nam
1820 3149 1919 3204 Ubi

310 3239 444 3300 sum
469 3262 558 3316 ego
579 3287 594 3312 ,
625 3245 824 3314 inquit,
850 3243 956 3297 illic
983 3251 1032 3297 et
1060 3242 1287 3295 minister
1313 3257 1471 3294 ηιειιε.
1498 3241 1596 3296 Ubi
1638 3250 1720 3295 est
1757 3241 1915 3295 Chri-

331 3339 486 3393 stus?
513 3339 568 3394 ιιι
594 3337 760 3393 cretis.
792 3337 935 3408 Ergo
957 3336 1115 3391 etiam
1149 3344 1275 3390 ante
1311 3334 1753 3388 resurrectionem
1791 3334 1918 3388 illuc

331 3439 385 3485 et
403 3431 582 3486 auium
598 3439 652 3485 et
677 3439 855 3484 mente
881 3425 1284 3482 transferantur.
1308 3425 1368 3481 Si
1386 3426 1496 3494 quis
1515 3425 1640 3478 mihi
1663 3425 1917 3478 ministru-

329 3522 491 3586 verit,
527 3519 702 3591 diliget
743 3537 860 3574 eum
906 3517 1084 3575 Pater.
1111 3516 1220 3574 Cur
1255 3533 1361 3570 non
1396 3515 1558 3580 dixit,
1602 3515 1754 3584 Ego?
1781 3514 1914 3582 Quia

328 3612 564 3667 nondum
595 3621 1011 3668 consentaneam
1042 3610 1110 3666 de
1149 3612 1264 3680 ipso
1289 3610 1594 3679 opinionem
1623 3608 1910 3674 habebant,

327 3704 422 3758 sed
465 3703 723 3773 majorem
766 3703 835 3758 de
877 3703 1054 3757 Patre.
1087 3702 1184 3770 Qui
1215 3701 1356 3755 enim
1393 3701 1628 3756 nondum
1671 3701 1914 3756 sciebant

327 3794 502 3864 ipsum
535 3809 655 3849 esse
682 3803 1130 3857 resurrecturum,
1163 3792 1432 3863 quomodo
1457 3808 1702 3862 magnam
1727 3793 1793 3846 dc
1819 3792 1912 3846 illo

324 3889 632 3956 opinionem
673 3884 1080 3954 concepissent?
1116 3884 1472 3952 Quamobrem
1509 3883 1632 3937 filiis
1669 3882 1913 3937 Zebedaei

325 3979 401 4033 ait
425 3995 439 4031 :
467 3977 590 4031 Non
609 3985 682 4031 est
704 3991 867 4029 meum
887 3975 1039 4038 dare,
1066 3975 1154 4028 sed
1178 3972 1355 4044 quibus
1383 3983 1615 4042 paratum
1641 3981 1712 4026 est
1740 3989 1772 4025 a
1799 3972 1911 4026 Pa-

325 4081 402 4124 tre
424 4085 534 4123 meo
560 4068 753 4141 (Marc.
780 4067 867 4123 10.
893 4065 1006 4140 40).
1030 4067 1187 4136 Atqui
1217 4067 1329 4136 ipse
1355 4075 1432 4121 est
1459 4065 1547 4135 qui
1568 4065 1789 4135 judicat.
1815 4065 1912 4121 Hic

322 4178 453 4217 vero
480 4176 540 4218 se
567 4162 854 4231 genuinum
886 4161 1080 4215 Filium
1105 4159 1366 4214 declarat.
1405 4159 1526 4212 Illos
1557 4159 1700 4212 enim
1733 4167 1789 4212 ut
1814 4173 1908 4227 ge-

321 4253 471 4307 nuini
497 4260 555 4309 et
580 4252 688 4307 veri
717 4251 832 4306 Filii
861 4251 1134 4304 ministros
1161 4249 1411 4318 excipiet.
1438 4248 1528 4302 27.
1561 4247 1715 4301 Nune
1738 4247 1911 4300 anima

321 4361 434 4400 mea
453 4344 663 4399 turbata
692 4353 786 4398 est.
815 4341 883 4396 Et
912 4341 1033 4412 quid
1055 4341 1261 4394 dicam?
1290 4339 1461 4403 Pater,
1487 4337 1715 4406 salvi/ica
1742 4355 1820 4392 nte
1849 4354 1911 4392 ea:

324 4441 418 4489 hac
445 4437 589 4489 hora.
619 4434 779 4504 Atqui
811 4434 923 4487 lucc
952 4448 1056 4486 non
1095 4440 1217 4484 sunt
1249 4441 1476 4484 mortem
1503 4429 1650 4483 adire
1675 4429 1906 4482 suaden-

323 4529 410 4591 tis,
440 4527 550 4582 imo
575 4523 838 4580 hortantis
863 4522 1063 4592 utique.
1095 4521 1171 4575 Ne
1206 4519 1449 4575 dicerent
1473 4519 1614 4573 enim
1639 4533 1784 4581 eum,
1812 4516 1910 4571 hu-

323 4617 496 4670 manis
523 4623 794 4669 carentem
826 4611 1126 4674 doloribus,
1160 4609 1313 4664 facile
1349 4606 1418 4664 de
1458 4617 1632 4662 morte
1670 4607 1907 4676 philoso-

323 4707 511 4778 phari,
541 4714 595 4760 et
622 4705 740 4759 sine
765 4717 864 4756 suo
892 4701 1134 4772 periculo
1158 4715 1257 4755 nos
1286 4697 1485 4754 hortari
1510 4715 1527 4764 ;
1557 4697 1792 4752 ostendit
1815 4712 1906 4762 se,

323 4802 448 4858 licet
474 4815 592 4857 eam
622 4795 966 4861 formidaret,
995 4797 1165 4866 ipsam
1194 4801 1380 4862 utpote
1407 4791 1590 4846 utilem
1621 4804 1726 4843 non
1753 4803 1908 4843 recn-

319 4911 462 4951 sare.
512 4892 637 4948 llaec
686 4905 850 4962 porro
895 4888 962 4942 ad
1009 4895 1336 4954 assumptam
1378 4898 1630 4944 carnem.
1683 4897 1790 4936 non
1839 4881 1906 4935 ad

319 4989 652 5045 divinitatem
694 4982 983 5056 pertinent.
1030 4978 1236 5034 Idcirco
1260 4976 1372 5031 ait:
1405 4974 1559 5030 Nunc
1597 4974 1768 5028 anima
1797 4989 1907 5025 mea

320 5081 519 5136 turbata
547 5089 621 5136 est
642 5095 661 5132 :
684 5076 808 5146 ("isi
835 5075 978 5130 enim
1009 5073 1111 5128 hoc
1134 5079 1310 5134 esset,
1337 5083 1440 5138 qua
1469 5069 1610 5122 serie
1637 5067 1751 5121 lnec
1775 5080 1907 5120 con-

319 5174 467 5244 sequi
498 5179 738 5244 possent,
767 5167 946 5230 Pater,
965 5163 1191 5233 salvi/ica
1215 5179 1294 5217 me
1313 5175 1378 5215 ea:
1405 5160 1500 5214 hac
1525 5160 1649 5213 hora
1669 5158 1717 5228 .9)
1743 5167 1798 5214 et
1833 5158 1903 5211 ita

320 5265 660 5332 perturbatus
689 5267 857 5316 estut
884 5255 1099 5314 liberari
1131 5268 1192 5309 se
1231 5251 1558 5324 postularet,
1590 5251 1636 5304 si
1671 5249 1908 5321 effugere

321 5362 521 5424 posset.

389 5442 444 5497 2.
476 5442 601 5498 [hec
643 5442 890 5497 humana:
928 5448 1132 5496 natura:
1175 5436 1457 5495 infirmitas
1499 5443 1600 5490 est.
1631 5431 1736 5489 Sed
1775 5431 1897 5501 quid

319 5532 493 5589 dicam
525 5547 633 5586 non
661 5532 831 5587 habeo
851 5571 867 5596 ,
897 5547 1019 5586 cum
1058 5541 1285 5586 mortem
1314 5529 1593 5598 deprecer.
1624 5525 1904 5594 Propterea

321 5623 429 5678 εειιὲ
451 5623 505 5676 in
525 5623 703 5676 harant
729 5623 858 5675 lianc
882 5637 979 5676 :ac
1002 5621 1047 5676 si
1073 5621 1276 5676 diceret
1299 5637 1314 5674 :
1347 5618 1570 5675 Etiamsi
1607 5618 1904 5682 turbemur,

320 5725 376 5772 et
397 5723 826 5779 consternemur,
858 5719 1083 5766 mortem
1115 5726 1180 5766 nc
1207 5709 1486 5780 fugiamus.
1513 5706 1646 5762 Nam
1673 5707 1742 5760 ita
1774 5721 1899 5776 per-

1011 300 1066 354 S.
1107 298 1386 355 JOANNIS
1423 295 1900 354 CHRYSOSTOMI
1939 297 2255 356 ARCIIIEP.
2298 303 2830 370 CONSTANTINOP.

369 431 490 470 cum
513 414 778 469 contraria
804 413 895 467 Del
919 411 1173 468 voluntati
1194 412 1429 482 praecipit
1445 411 1790 467 vehementer
1808 425 1954 464 aver-

367 505 472 559 sari
505 513 734 572 oportet.
761 503 892 568 Quia
918 503 1057 556 enim
1079 502 1187 572 jam
1213 503 1280 557 de
1321 513 1494 556 morte
1529 503 1843 572 loquuturus
1870 509 1952 556 est

3538 325 3642 383 373

2065 412 2305 510 turbatus
2330 432 2448 487 ego,
2467 436 2586 510 non
2615 423 2917 494 fugiendum
2945 425 3064 482 dico
3095 443 3110 482 :
3140 428 3416 488 ferendum
3443 438 3640 510 quippe

2059 500 2188 556 illud
2229 514 2312 558 est
2339 509 2480 576 quod
2509 512 2724 568 accidit.
2763 514 2880 569 Non
2911 517 3066 582 dico,
3103 517 3290 575 Libera
3321 539 3408 580 me
3440 500 3505 582 ex
3539 500 3640 586 hac

2056 590 2184 646 hora
2211 609 2225 658 ;
2255 596 2346 650 sed
2371 637 2390 662 ,
2414 599 2503 654 98.
2539 601 2712 669 Pater,
2745 607 2972 676 clari/ica
3011 625 3190 664 nomen
3225 623 3383 668 tuum.
3419 618 3636 677 Etiamsi

2054 685 2382 749 perturbatio
2425 690 2490 744 ad
2522 691 2638 748 haec
2681 695 2903 751 dicenda
2949 701 3272 771 compellat,
3309 711 3635 766 contrarium

2052 773 2207 838 dico,
2239 776 2474 848 Cleri/ica
2513 800 2690 838 nomen
2720 796 2894 853 tuum;
2924 789 2975 843 id
3006 801 3120 861 est,
3157 793 3269 849 Duc
3301 795 3350 850 in
3373 812 3585 855 crucem
3619 821 3630 855 :

2051 865 2190 957 quod
2231 866 2516 925 humanum
2556 873 2802 930 aﬂ'ectum
2847 879 3077 947 indicat,
3113 895 3461 957 naturamque
3499 894 3631 948 mori

2050 956 2338 1023 nolentem,
2353 962 2447 1016 sed
2465 964 2621 1018 vitam
2648 982 2862 1024 servare
2875 974 3196 1041 cupientem;
3220 956 3558 1050 ostenditque
3575 1001 3634 1038 se

2047 1061 2156 1140 non
2170 1061 2318 1104 extra
2342 1053 2600 1110 humanos
2612 1057 2830 1114 affectus
2845 1075 2982 1117 esse.
2999 1062 3147 1120 Sicut
3160 1068 3300 1122 enim
3321 1084 3492 1140 neque
3504 1089 3628 1128 esu.

2048 1136 2155 1192 rire
2177 1155 2350 1210 neque
2365 1143 2604 1201 dormire
2627 1149 2836 1204 crimini
2863 1152 3040 1218 datur,
3070 1159 3148 1210 sic
3186 1174 3362 1228 neque
3399 1136 3630 1230 praesen-

2048 1235 2153 1324 tem
2180 1231 2338 1324 vitam
2366 1247 2570 1306 optare.
2593 1239 2836 1297 Christus
2863 1260 2988 1298 vero
3011 1261 3207 1317 corpus
3235 1250 3418 1306 habuit
3447 1272 3474 1306 a
3507 1272 3629 1324 pec-

2044 1320 2179 1374 catis
2225 1322 2486 1392 liberum,
2543 1345 2649 1385 non
2689 1347 2718 1385 a
2769 1337 3102 1392 naturalibus
3159 1320 3563 1400 necessitatibus
3608 1367 3623 1402 :

2042 1413 2272 1483 alioquin
2307 1433 2500 1489 corpus
2542 1437 2646 1476 non
2678 1424 2884 1482 fuisset.
2920 1428 3012 1482 llis
3048 1432 3208 1484 etiam
3239 1433 3380 1488 aliud
3421 1437 3624 1494 docuit.

2041 1504 2317 1572 Quodnam
2350 1510 2514 1565 illud?
2540 1513 2606 1568 Ut
2649 1516 2692 1569 si
2735 1533 2982 1587 umquam
3017 1521 3066 1574 iu
3097 1526 3347 1580 mmstitia
3387 1538 3441 1581 et
3479 1541 3621 1585 metu

2039 1601 2229 1664 simus,
2265 1617 2332 1656 ne
2359 1604 2477 1659 ideo
2501 1622 2530 1659 τι
2563 1612 2834 1676 proposito
2857 1614 3172 1675 resiliamus.
3207 1617 3376 1681 Pater,
3395 1621 3620 1690 clari/ica

2038 1703 2218 1743 nomen
2244 1701 2406 1748 luunt.
2429 1695 2670 1752 Ostendit
2697 1715 2754 1754 se
2783 1716 2879 1770 pro
2903 1704 3125 1760 veritate
3152 1708 3306 1773 mori,
3337 1725 3447 1763 rem
3474 1710 3617 1766 illam

2035 1778 2261 1847 gloriam
2295 1783 2383 1838 Dei
2407 1801 2622 1843 vocans.
2657 1790 2720 1843 Et
2749 1790 2850 1847 hoc
2870 1803 2990 1861 post
3009 1809 3222 1850 crucem
3245 1800 3483 1868 contigit.
3515 1801 3619 1855 Fu-

2038 1881 2211 1927 turum
2235 1885 2351 1930 erat
2377 1885 2437 1932 ut
2459 1880 2606 1935 orbis
2633 1893 3034 1941 converteretur
3053 1929 3068 1953 ,
3091 1904 3154 1942 ac
3176 1904 3368 1945 nomen
3403 1893 3491 1946 Dei
3521 1908 3615 1947 Co-

2033 1975 2339 2030 guosceret,
2369 1967 2572 2038 ipsique
2595 1975 2842 2039 serviret;
2871 1991 2974 2030 noo
3007 1978 3179 2032 Patris
3206 1996 3398 2050 nempe
3421 1999 3614 2038 nomen

2033 2053 2328 2121 dumtaxat,
2359 2058 2452 2112 sed
2483 2062 2642 2115 etiam
2670 2063 2788 2117 Filii
2818 2081 2830 2118 :
2859 2076 3092 2122 attamen
3118 2070 3243 2123 illud
3276 2082 3435 2127 tacet.
3471 2073 3616 2128 Venit

2032 2159 2151 2214 ergo
2172 2161 2269 2200 eoa:
2296 2149 2360 2201 de
2383 2151 2524 2206 catis
2550 2168 2571 2206 :
2595 2152 2663 2207 Et
2687 2155 2964 2225 clariﬁcavi
2983 2200 2998 2225 ,
3027 2170 3074 2212 et
3098 2160 3280 2214 iterum
3303 2164 3612 2231 clariﬁcabo.

2034 2232 2132 2288 Ubi
2171 2237 2520 2295 clarificavit?
2547 2241 2602 2296 ln
2636 2247 3073 2312 praecedentibus.
3104 2249 3172 2304 Et
3197 2253 3386 2308 iterum
3416 2256 3613 2310 clariﬁ-

2029 2325 2163 2380 cabo
2186 2338 2552 2395 posterucem.
2572 2336 2708 2402 Quid
2735 2353 2863 2407 ergo
2888 2338 3173 2396 Christus?
3221 2345 3310 2399 30.
3336 2345 3456 2400 Non
3495 2365 3614 2417 pro-

2029 2425 2140 2484 pter
2179 2435 2258 2472 me
2283 2436 2380 2476 eoa:
2405 2424 2512 2477 haec
2554 2429 2691 2496 facta
2719 2438 2813 2493 est,
2843 2433 2932 2483 sed
2958 2442 3165 2501 propter
3182 2451 3287 2490 vos.
3328 2436 3404 2490 Illi
3432 2448 3611 2494 autem

2031 2509 2318 2566 tonitruum
2348 2529 2468 2570 esse
2495 2525 2780 2586 putarunt,
2811 2521 2898 2575 vel
2925 2523 3173 2591 angelum
3202 2525 3302 2592 ipsi
3332 2527 3610 2597 loquutnm

2027 2598 2210 2656 fuisse.
2259 2602 2326 2658 Et
2364 2605 2504 2661 unde
2546 2607 2647 2663 hoc
2677 2612 2962 2678 putarunt?
3000 2628 3177 2669 annon
3204 2618 3345 2672 clara
3381 2630 3435 2674 et
3477 2637 3609 2675 cou-

2025 2690 2206 2758 spicua
2235 2707 2334 2746 vox
2369 2694 2500 2749 fuit?
2533 2697 2728 2752 Verum
2755 2701 2863 2754 cito
2887 2702 3119 2758 avolavit
3153 2705 3222 2760 ab
3257 2707 3358 2762 illis
3379 2751 3397 2776 ,
3426 2719 3610 2777 utpote

2025 2783 2393 2852 crassioribns,
2412 2788 2731 2854 carnalibus,
2763 2792 3038 2861 segnibus.
3060 2796 3160 2849 Alii
3184 2811 3371 2852 sonum
3402 2809 3606 2856 tantum

2023 2873 2390 2939 retinuerunt,
2419 2877 2506 2931 alii
2532 2880 2866 2936 articulatam
2895 2883 3061 2940 fuisse
3101 2902 3284 2941 vocem
3314 2903 3601 2954 noverant;

2022 2964 2148 3032 quid
2175 2981 2300 3020 vero
2326 2968 2666 3037 signiﬁcaret,
2696 2989 2800 3027 non
2830 2973 2977 3030 item.
3005 2977 3142 3044 Quid
3169 2995 3296 3047 ergo
3322 2981 3606 3036 Christus?

2023 3053 2145 3108 Non
2171 3068 2379 3125 propter
2406 3076 2485 3113 me
2499 3060 2606 3114 liceo
2624 3078 2720 3115 vox
2743 3065 2893 3130 venit,
2911 3066 3001 3119 sed
3020 3077 3224 3137 propter
3241 3084 3343 3122 vos.
3371 3069 3478 3122 Cur
3498 3070 3602 3124 hoc

2020 3147 2191 3203 dixit?
2212 3149 2291 3203 Ad
2316 3150 2440 3205 illud
2463 3153 2754 3222 respiciens
2779 3156 2918 3224 quod
2941 3172 3150 3226 semper
3165 3157 3431 3226 dicebant,
3452 3160 3597 3213 illum

2020 3254 2084 3293 ex
2130 3241 2240 3295 Deo
2270 3258 2374 3296 non
2401 3258 2544 3298 esse.
2581 3245 2678 3312 Qui
2707 3247 2849 3301 enim
2877 3263 2905 3301 a
2936 3249 3044 3303 Deo
3066 3250 3414 3315 clarificatnr,
3459 3267 3597 3321 quo-

2019 3332 2178 3389 modo
2207 3349 2311 3392 non
2339 3346 2422 3389 est
2457 3351 2522 3391 ex
2567 3337 2676 3392 Deo
2703 3381 2718 3402 ,
2747 3339 2898 3408 cujus
2929 3355 3122 3394 nomen
3167 3351 3382 3411 propter
3425 3343 3598 3411 ipsum

2018 3423 2362 3480 clarificatnr?
2383 3425 2506 3480 Ideo
2525 3443 2624 3482 vox
2641 3428 2812 3483 delata
2839 3441 2941 3484 est.
2959 3431 3246 3500 PrOpterea
3272 3432 3443 3502 inquit
3465 3435 3598 3502 ipse,

2019 3514 2141 3570 Non
2171 3528 2376 3587 propter
2396 3535 2474 3572 me
2493 3521 2601 3574 hate
2619 3537 2717 3574 eoa:
2733 3521 2883 3585 venit,
2909 3522 2999 3577 sed
3017 3533 3225 3592 prepter
3244 3539 3330 3579 vos
3355 3539 3374 3577 :
3403 3523 3515 3577 Non
3545 3534 3602 3579 nt

2017 3608 2214 3678 aliquid
2238 3623 2268 3662 a
2297 3624 2382 3664 me
2405 3611 2702 3682 ignoratum
2728 3612 2796 3666 ab
2826 3613 2910 3666 illa
2941 3614 3153 3668 audiam
3197 3614 3417 3688 (omnia
3456 3616 3599 3672 enim

2016 3716 2134 3768 quae
2164 3701 2336 3756 Patris
2359 3711 2484 3757 sunt
2506 3705 2629 3758 novi
2651 3703 2707 3776 ),
2749 3704 2846 3760 sed
2888 3715 3107 3774 propter
3131 3721 3250 3760 vos.
3283 3708 3415 3773 Quia
3453 3708 3596 3762 enim

2017 3792 2268 3848 dicebant
2294 3797 2537 3864 angelum
2565 3796 2837 3865 loquulum
2861 3797 2935 3851 illi
2967 3812 3110 3864 esse,
3137 3798 3221 3852 vel
3248 3797 3444 3854 factum
3475 3814 3598 3855 esse

2018 3883 2307 3938 tonitruum
2333 3925 2348 3950 ,
2375 3895 2430 3940 et
2458 3902 2562 3939 non
2591 3885 2940 3941 advertebant
2968 3927 2984 3950 ,
3022 3888 3190 3955 inquit
3215 3927 3229 3951 ,
3262 3901 3480 3959 propter
3504 3905 3599 3944 vos

2017 3972 2245 4028 delatam
2279 3989 2399 4030 esse
2427 3990 2610 4030 vocem
2635 4016 2652 4042 ,
2681 3985 2737 4030 ut
2765 3977 2890 4030 hinc
2915 3977 3315 4032 concitaremiui
3338 3979 3404 4031 ad
3429 3979 3595 4032 inter-

2016 4066 2308 4136 rogandum
2353 4067 2479 4137 quid
2522 4067 2721 4122 dictum
2768 4069 2973 4124 fuisset.
3010 4069 3087 4122 llli
3120 4085 3246 4123 vero
3275 4069 3595 4139 stupefacti,

2015 4171 2192 4227 neque
2217 4157 2294 4211 sic
2331 4157 2723 4228 interrogarunt
2743 4199 2758 4222 ,
2789 4173 2909 4212 cum
2936 4158 3185 4214 audirent
3213 4158 3265 4212 id
3291 4158 3356 4210 ad
3393 4172 3452 4213 se
3478 4173 3600 4227 per-

2017 4247 2207 4303 tinere.
2235 4247 2500 4304 Nescienti
2549 4251 2689 4303 enim
2733 4251 2887 4318 cuius
2923 4249 3093 4319 gratia
3143 4249 3446 4313 diceretur,
3478 4248 3598 4314 jure

2014 4354 2122 4393 non
2149 4339 2371 4410 insignis
2395 4355 2496 4394 vox
2525 4340 2800 4394 videbatur
2819 4355 2960 4395 esse.
2992 4338 3214 4408 Propter
3234 4356 3322 4392 vos
3346 4355 3442 4394 eoa:
3455 4339 3599 4392 deta-

2015 4441 2068 4484 ta
2087 4441 2180 4484 est.
2202 4431 2386 4486 Viden'
2411 4432 2678 4501 quomodo
2693 4446 2781 4487 res
2807 4431 3035 4486 humiles
3049 4447 3234 4486 eorum
3252 4432 3420 4501 gratia
3446 4432 3596 4497 fiant,

2014 4539 2121 4577 non
2151 4525 2304 4594 quasi
2331 4522 2498 4578 Filius
2521 4525 2720 4579 auxilio
2750 4525 2927 4595 egeat?
2948 4526 3034 4580 3|.
3069 4523 3224 4578 Nune
3242 4525 3496 4594 judicium
3524 4535 3598 4579 est

2014 4614 2212 4679 mundi,
2235 4631 2368 4668 nunc
2398 4616 2629 4684 princeps
2655 4616 2808 4685 hujus
2837 4615 3011 4668 mundi
3040 4617 3177 4686 infra
3202 4615 3449 4686 ejicietur.
3485 4615 3598 4668 lloc

2012 4704 2282 4772 quomodo
2308 4713 2519 4773 aptatur
2539 4705 2636 4772 illi,
2666 4705 2977 4774 Ctariﬁcaui,
3009 4715 3056 4758 et
3085 4706 3418 4774 cfariﬁcabo?
3443 4705 3597 4773 Opti-

2013 4809 2100 4848 me
2125 4804 2180 4847 et
2209 4794 2496 4849 admodum
2523 4806 2906 4852 consentanee.
2937 4797 3069 4864 Quia
3100 4797 3243 4851 enim
3274 4795 3445 4859 dixit,
3481 4794 3600 4848 Cla-

2012 4884 2243 4953 riﬁcubo,
2265 4885 2479 4940 modum
2499 4887 2685 4957 gloria:
2704 4887 2958 4941 ostendit.
2979 4888 3110 4954 Quis
3127 4888 3216 4941 ille
3231 4886 3457 4940 modus?
3483 4886 3594 4946 Ille.

2015 4976 2204 5046 inquit,
2238 4974 2487 5046 Ejicietur
2511 4955 2675 5049 infra.
2702 4978 2837 5044 Quid
2864 4978 2964 5033 sibi
2991 4979 3106 5032 vult
3138 4977 3264 5032 illud
3293 4997 3308 5032 :
3337 4955 3619 5030 Iudicium.

2012 5075 2086 5120 est
2108 5065 2281 5119 mundi
2304 5067 2498 5138 hujus?
2519 5072 2593 5122 Ac
2617 5069 2662 5121 si
2683 5069 2904 5131 diceret,
2935 5068 3200 5123 Judicium
3232 5069 3335 5122 erit
3361 5076 3416 5121 et
3445 5067 3631 5120 ultio.\

2011 5158 2322 5225 Quomodo?
2351 5156 2557 5214 Occidit
2583 5160 2810 5229 primum
2842 5161 3108 5214 hominem
3135 5199 3150 5225 ,
3179 5175 3336 5228 quem
3379 5165 3600 5228 peccato

2010 5248 2297 5303 obnoxium
2349 5249 2548 5305 invenit
2580 5250 2719 5320 (Per
2758 5261 3016 5320 peccatum
3054 5252 3185 5304 enim
3220 5265 3355 5303 mors
3397 5248 3600 5302 intrat-it

2010 5338 2186 5410 [fiom.
2222 5341 2273 5394 5.
2309 5339 2419 5412 l2])
2451 5358 2462 5393 :
2493 5342 2544 5395 in
2574 5357 2661 5395 me
2678 5341 2778 5396 hoc
2803 5357 2908 5395 non
2941 5343 3159 5395 invenit.
3186 5340 3294 5395 Cur
3313 5355 3440 5409 ergo
3466 5339 3600 5392 insi-

2009 5430 2111 5493 liit,
2143 5437 2197 5484 et
2225 5433 2380 5485 morti
2407 5433 2659 5486 tradidit?
2685 5447 2782 5486 cur
2813 5433 2864 5486 in
2892 5432 3042 5486 Judze
3069 5432 3300 5486 anitnam
3329 5431 3601 5498 ingressus

2010 5531 2113 5585 est,
2143 5529 2200 5575 ut
2226 5537 2312 5576 me
2341 5523 2647 5578 occideret?
2674 5523 2750 5578 Ne
2779 5523 2908 5577 mihi
2934 5523 3074 5578 enim
3111 5523 3222 5593 jam
3249 5521 3452 5577 dixeris
3476 5559 3493 5586 ,
3527 5521 3597 5574 ita

2012 5615 2176 5670 Demn
2208 5614 2602 5684 dispensavisse
2635 5635 2648 5670 :
2679 5616 2781 5672 hoc
2807 5619 2950 5671 enim
2982 5632 3087 5671 non
3123 5616 3322 5674 diaboli
3350 5625 3433 5671 est
3456 5656 3471 5681 ,
3503 5614 3597 5670 sed

2015 5706 2178 5776 ipsius
2206 5705 2500 5777 sapientiae.
2527 5707 2846 5777 Exploretur
2874 5708 3085 5764 interim
3111 5723 3263 5764 mens
3290 5705 3506 5777 maligni
3537 5705 3598 5759 il-
