4072 6152
436 309 534 372 371

324 474 327 477 .
433 440 568 480 γιον
591 418 850 493 φυλάξει
895 419 1108 489 αὐτήν.
1148 419 1269 470 Ὅτι
1315 416 1424 489 7&9
1458 416 1687 480 ἐκείνοις
1730 415 2011 487 παραινῶν
2056 484 2059 485 ν

435 507 611 575 ῑλεγε,
641 505 735 558 καὶ
766 503 858 557 τὸν
884 502 1049 571 φόϐον
1084 500 1264 555 αὐτῶν
1302 499 1610 565 ύπεκλύων,
1639 499 1872 554 ἄκουσον
1901 496 2011 550 τῶν

435 586 564 658 ἑξῆς
583 604 598 618 °
638 587 703 640 '0
730 585 860 655 ἐμοὶ
893 582 1208 646 διακονῶν,
1251 582 1381 648 ἐμοὶ
1408 582 1809 638 ἀκολουθείτω
1832 596 1847 610 °
1880 579 2014 651 περὶ

434 671 530 726 τοῦ
555 670 789 725 θανάτου
820 668 1017 738 λέγων,
1061 668 1156 722 καὶ
1185 667 1285 738 τὴν
1316 667 1406 722 διά
1442 666 1551 721 τῶν
1588 665 1764 738 ἔργων
1799 662 2019 719 ἀκολού-

355 796 358 798 η
438 754 594 824 θησιν
626 752 893 806 ἀπαιτῶν.
924 752 1017 804 Δεῖ
1038 751 1149 823 7&9
1185 752 1404 814 πάντως
1450 750 1542 803 τὸν
1570 749 1917 803 διακονοῦντα
1942 746 2022 817 τῷ

436 834 684 890 διακονου
692 834 836 905 μένῳ
862 833 1111 888 ἕπεσθαι.
1140 833 1248 887 Καὶ
1276 834 1468 887 σκόπει
1488 833 1618 887 πότε
1646 833 1828 894 αὐτοῖς
1851 825 2022 884 ταῦτα

438 918 746 986 διαλέγεται
766 932 781 948 ’
807 917 907 987 οὐχ
937 918 1025 970 ὅτε
1057 915 1339 969 ἐδιώκοντο
1361 955 1377 979 ,
1416 915 1533 970 ἀλλ’
1559 916 1648 969 ὅτε
1685 913 2019 986 ἐθάρρησαν,

440 1004 531 1057 ὅτε
560 1001 819 1071 ἐνόμισαν
845 1002 904 1053 ἐν
931 998 1202 1070 ἀσφαλείᾳ
1232 995 1391 1056 εῖναι.
1426 998 1517 1052 διά
1553 999 1651 1068 τὴν
1669 997 1778 1050 τῶν
1811 994 2021 1050 πολλῶν

440 1083 606 1155 τιμὴν
632 1083 730 1137 καὶ
762 1082 1063 1154 θεραπείαν
1082 1098 1097 1113 ·
1123 1082 1214 1135 ὅτε
1240 1081 1336 1135 καὶ⁵
1375 1080 1723 1151 διαναστῆναι
1764 1078 2024 1148 ἠδύναντο

442 1166 539 1221 καὶ
575 1163 807 1219 ἀκοῦσαι
828 1180 842 1196 ο
874 1164 986 1219 Καὶ
1030 1163 1225 1234 ἀράτω
1262 1163 1368 1219 τὸν
1402 1161 1670 1230 σταυρὸν
1709 1160 1896 1216 αὐτοῦ
1922 1159 2024 1215 καὶ

442 1248 841 1305 ἀκολουθείτω
876 1264 979 1317 μοι
997 1264 1012 1280 ·
1048 1247 1328 1301 τουτέστιν
1348 1287 1364 1309 ,
1405 1246 1518 1299 Ἀεὶ
1540 1244 2023 1316 παρατεταγμένος

443 1333 556 1397 ισο,
587 1333 773 1403 φησὶν,
808 1330 944 1400 πρὸς
965 1329 1263 1395 κινδύνους,
1292 1329 1429 1400 πρὸς
1455 1328 1705 1392 θάνατον,
1726 1327 1863 1398 πρὸς
1889 1328 2026 1380 ἀποο

443 1416 645 1487 δημίαν
679 1414 776 1487 τὴν
804 1414 1073 1469 ἐντεῦθεν.
1123 1408 1258 1468 Εἶτα
1290 1412 1477 1483 ἐπειδὴ
1497 1411 1567 1465 τὰ
1609 1411 1841 1482 φορτικά
1878 1405 2021 1472 εἷπε,

446 1498 622 1553 καὶτὸ
665 1496 899 1551 ἔπαθλον
928 1495 1132 1566 τίθησι.
1161 1496 1318 1548 Ποῖον
1362 1495 1419 1547 δέ
1456 1493 1614 1547 τοῦτο
1644 1489 1745 1565 ἧν;
1776 1493 1849 1547 T6
1875 1492 2024 1564 αὐτῷ

444 1580 777 1641 ἀκολουθεῖν,
805 1579 898 1633 καὶ
925 1574 1062 1631 εῖναι
1096 1577 1224 1631 ἔνθα
1255 1577 1404 1631 ἐστί·
1436 1577 1652 1640 δεικνὺς
1681 1578 1764 1630 ὅτι
1788 1577 2022 1631 ἀνάστα-

448 1680 532 1727 σις
568 1663 658 1717 τὸν
685 1663 914 1716 θάνατον
942 1660 1262 1727 διαδέξεται.
1294 1659 1481 1714 Ὅπου
1505 1660 1615 1731 γάρ
1649 1662 1797 1728 ειμι,
1833 1658 2019 1729 φησὶν,

444 1746 581 1815 ἐγὼ,
605 1745 732 1800 ἐκεῖ
764 1745 862 1799 καὶ
885 1747 919 1798 ό
941 1743 1223 1809 διάκονος
1246 1746 1279 1796 ό
1298 1743 1459 1810 ἐμός.
1480 1742 1591 1796 Ποῦ
1618 1743 1675 1796 δὲ
1698 1745 1727 1795 6
1751 1741 2019 1813 Χριστόςς

460 1829 549 1882 Ἐν
575 1829 843 1898 οὐρανοῖς.
882 1825 992 1879 Καὶ
1032 1825 1139 1895 πρὸ
1180 1827 1279 1895 τῆς
1312 1823 1657 1887 ἀναστάσεως
1686 1823 1865 1876 τοίνυν
1906 1824 2023 1877 ἐκεῖ

452 1909 806 1981 μεταστῶμεν
830 1911 896 1978 τῇ
924 1907 1068 1978 ψυχῇ
1099 1907 1192 1960 καὶ
1212 1907 1289 1976 τῷ
1319 1906 1415 1976 νῷ.
1458 1906 1594 1959 Ἐάν
1620 1923 1711 1972 τις
1736 1905 1867 1975 ἐμοὶ
1892 1904 2022 1959 δια-

457 1991 632 2061 κονῇ,
662 1991 959 2061 ἀγαπήσει
991 1988 1180 2043 αὑτὸν
1212 1991 1245 2041 ό
1268 1989 1492 2056 Πατήρ.
1521 1989 1673 2041 Διατί
1698 1989 1799 2042 οὐκ
1829 1983 1981 2041 εἷπεν
2007 2026 2024 2051 ,

468 2076 638 2144 Ἐγώς
681 2072 897 2144 Ἐπειδὴ
925 2073 1139 2126 οὐδέπω
1161 2072 1263 2143 τὴν
1292 2073 1674 2142 προσήκουσαν
1698 2072 1828 2144 περὶ
1858 2069 2023 2125 αὐτοῦ

449 2162 607 2229 δόξαν
635 2156 810 2232 εἰχον,
834 2160 969 2214 ἀλλὰ
1006 2158 1228 2231 μείζονα
1252 2160 1381 2228 περὶ
1410 2157 1507 2212 τοῦ
1538 2159 1774 2230 Πατρός.
1824 2161 1887 2213 Οί
1916 2158 2025 2229 γὰρ

452 2244 588 2316 μηδὲ
605 2244 686 2298 ότι
715 2243 1014 2312 ἀναστῆναι
1039 2241 1202 2295 αὐτὸν
1226 2242 1393 2312 ἐχρῆν
1424 2241 1645 2306 εἰδότες,
1674 2240 1792 2305 πῶς
1817 2241 2028 2312 μεγάλα

449 2331 579 2400 περὶ
624 2329 790 2385 αὐτοῦ
817 2328 1228 2398 ἐφαντάσθησαν
1267 2326 1379 2400 [ἀν]
1402 2340 1461 2393 ις
1500 2328 1592 2382 Διὸ
1627 2328 1723 2381 καὶ
1751 2330 1864 2390 τοῖς
1893 2329 2027 2391 υίοῖς

449 2412 739 2468 Ζεϐεδαίου
766 2411 931 2482 φησίν
949 2427 964 2443 ο
996 2412 1117 2465 Οὐκ
1143 2411 1319 2465 ἔστιν⁸
1336 2411 1484 2480 ἐμὸν
1512 2411 1742 2475 δοῦναι,
1775 2412 1912 2466 ἀλλ’
1937 2406 2028 2478 οἷς

449 2496 805 2564 ἡτοίμασται
824 2496 983 2562 παρὰ
1011 2494 1116 2548 τοῦ
1154 2495 1384 2563 Πατρός
1408 2512 1547 2564 μου·
1574 2496 1749 2548 καίτοι
1778 2511 1841 2563 γε
1865 2495 2032 2559 αὐτός

451 2580 600 2631 ἐστιν
628 2578 658 2630 6
685 2578 904 2647 κρίνων.
950 2576 1214 2630 Ἐνταῦθα
1236 2577 1291 2630 δὲ
1319 2576 1490 2629 καὶτὸ
1516 2577 1736 2647 γνήσιον
1761 2577 2028 2647 παρίστη-

454 2677 558 2714 σιν.
595 2660 684 2723 '0;
702 2661 812 2729 7&9
839 2659 1062 2729 γνησίου
1102 2659 1289 2722 παιδὸς
1316 2658 1621 2723 διακόνους,
1653 2656 1824 2721 οὕτως
1859 2660 1888 2710 6
1911 2659 2027 2712 Πα-

451 2743 555 2814 τὴρ
585 2742 928 2808 ἀποδέξεται.
968 2742 1093 2796 Νῦν
1125 2743 1163 2808 ἠ
1188 2742 1358 2810 ψυχή
1383 2759 1502 2809 μου
1530 2740 1896 2808 τετάρακται.
1915 2742 2027 2795 Καὶ

454 2828 514 2879 τι
552 2826 732 2889 εῖπω;
767 2824 976 2892 Πάτερ.
1006 2822 1215 2877 σῶσόν
1241 2840 1318 2891 με
1348 2824 1418 2876 ὲιι
1456 2821 1567 2890 τῆς
1605 2823 1761 2890 ὠρας
1784 2824 2024 2891 ταύτης.

456 2908 567 2960 Καὶ
602 2906 708 2978 μὴν
730 2904 889 2958 τοῦτο
909 2907 1009 2958 οὐκ
1034 2905 1115 2957 ἔτι
1137 2907 1163 2945 δ
1195 2906 1635 2976 προτρεπομένου
1680 2907 1772 2958 ἐπὶ
1808 2906 1902 2959 τὸν
1934 2904 2029 2958 θά-

457 3005 612 3063 νατον
645 2988 836 3042 ἐλθεῖν.
873 2988 1122 3041 Μάλιστα
1158 2988 1254 3057 μὲν
1284 2983 1376 3039 οῦν
1415 2986 1875 3058 προτρεπομένου.
1910 2989 2028 3041 Ἵνα

457 3073 566 3142 7&9
595 3073 670 3143 μὴ
699 3072 951 3140 λέγωσιν,
981 3072 1063 3123 ὅτι
1097 3070 1268 3131 Αὐτὸς
1297 3069 1401 3134 ἔξω
1424 3070 1530 3122 τῶν
1564 3068 1769 3123 ὠδίνων
1806 3068 1883 3123 ῶν
1918 3069 2028 3126 τῶν

455 3154 809 3226 ἀνθρωπίνων
830 3192 844 3216 ,
884 3152 1120 3217 εὐκόλως
1149 3153 1277 3222 περὶ
1319 3150 1547 3204 θανάτου
1582 3150 1897 3219 φιλοσοφεῖ,
1933 3153 2031 3208 καὶ⁵

456 3240 590 3309 ήμῖν
616 3236 675 3302 ἐξ
701 3235 982 3290 ἀκινδύνου
1000 3237 1274 3303 παραινεῖ,
1301 3233 1571 3287 δείκνυσιν
1592 3234 1674 3286 ὅτι
1697 3233 1873 3287 καίτοι
1888 3235 2028 3304 ἀγω-

454 3321 584 3376 νιῶν
612 3320 808 3383 αὐτὸν,
840 3320 989 3390 ὅμως
1034 3317 1121 3371 διά
1148 3316 1208 3370 τὸ
1252 3318 1522 3387 χρήσιμον
1551 3316 1614 3370 οὐ
1659 3320 2025 3388 παραιτεῖται.

456 3404 638 3458 Ταῦτα
668 3404 726 3456 δέ
751 3403 850 3473 τῆς
879 3399 1183 3468 οἰκονομίας
1214 3400 1380 3461 ἐστὶν,
1404 3399 1465 3451 οὐ
1494 3398 1597 3469 τῆς
1629 3398 1900 3470 θεότητος.
1925 3401 2025 3454 Διὰ
2046 3398 2088 3412 ρ.

455 3485 611 3539 τοῦτό
636 3500 805 3554 φησι·
838 3483 968 3536 Νῦν
987 3481 1026 3547 ἡ
1063 3478 1230 3548 ψυχή
1253 3497 1372 3547 μου
1402 3478 1769 3549 τετάρακται-
1796 3481 1939 3551 (ἐπεὶ
1977 3483 2026 3536 εί

460 3568 536 3640 μὴ
560 3568 718 3621 τοῦτό
744 3569 882 3629 ἐστι,
915 3565 1072 3619 ποίαν
1098 3562 1417 3616 ἀκολουθίαν
1446 3562 1559 3631 ἔχει
1585 3562 1647 3615 τὸ
1677 3563 1865 3633 λεχθὲν
1886 3603 1901 3627 ,
1933 3566 2028 3619 καὶ

455 3652 517 3704 τὸ
540 3652 712 3704 εἰπεῖν
728 3668 742 3682 ·
769 3648 980 3715 Πάτερ,
1005 3645 1211 3701 σῶσόν
1228 3661 1305 3711 με
1332 3644 1402 3697 ἐκ
1430 3642 1540 3711 τῆς
1560 3642 1713 3713 ὥρας
1741 3647 1960 3714 ταύτης
1983 3648 2026 3716 ἱ.)

457 3735 552 3788 καὶ⁵
580 3731 722 3787 οῦτω
761 3732 1117 3802 τετάρακται,
1148 3728 1223 3790 ὡς
1253 3728 1347 3781 καὶ
1389 3725 1708 3798 ἀπαλλαγὴν
1741 3727 1943 3798 ζητεῖν,
1975 3729 2032 3782 εἰ

457 3834 523 3886 γε
547 3817 672 3886 ἐνῆν
702 3816 1003 3883 διαφυγεῖν.

529 3898 593 3968 β’.
610 3897 793 3950 Ταῦτα
816 3897 913 3966 τῆς
938 3893 1281 3964 ἀνθρωπίνης
1311 3891 1523 3961 φύσεως
1551 3891 1620 3945 τὰ
1653 3891 2022 3963 ἀσθενήματα.

430 3998 434 4001 ’
469 3979 608 4033 Ἀλλ’
646 3980 744 4032 οὐκ
784 3977 892 4047 ἔχω
921 3977 971 4029 τί
1000 3978 1155 4039 εῖπω,
1189 3976 1385 4045 φησὶν,
1414 3973 1732 4047 ἀπαλλαγὴν
1772 3975 2029 4046 αἰτούμε-

457 4080 567 4124 νος.
596 4063 697 4117 Διά
721 4060 829 4130 γὰρ
857 4060 1031 4113 τοῦτο
1078 4055 1268 4129 ἦλθον
1310 4061 1397 4124 εις
1439 4057 1556 4126 τὴν
1584 4058 1743 4126 ὥραν
1765 4059 1989 4127 ταύτην
2008 4075 2022 4091 ·

458 4146 657 4199 ὡσανεὶ
698 4144 851 4211 ἔλεγε
871 4159 885 4173 ·
916 4141 1032 4194 Κάν
1064 4139 1442 4212 θορυϐώμεθα,
1476 4139 1581 4193 κάν
1606 4139 2022 4211 ταραττώμεθα,

462 4227 538 4298 μὴ
565 4227 850 4295 φεύγωμεν
875 4223 1100 4277 θάνατον
1125 4240 1137 4253 ·
1160 4222 1282 4276 ἐπεὶ
1310 4221 1466 4291 κάγὼ
1487 4221 1581 4274 νῦν
1606 4223 2028 4292 ταραττόμενος,

456 4310 519 4362 οὐ
547 4310 688 4377 λέγω
732 4306 872 4360 ὥστε
902 4308 1124 4374 φυγεῖν·
1156 4304 1235 4357 δεῖ
1275 4304 1385 4374 7&9
1415 4304 1600 4374 φέρειν
1636 4303 1698 4357 τὸ
1730 4304 1902 4359 ἐπιόν.
1951 4305 2025 4357 Οὐ

457 4391 618 4456 λέγω,
660 4386 989 4451 Ἀπάλλαξόν
1020 4403 1088 4457 με
1112 4387 1176 4437 ἐκ
1205 4385 1301 4455 τῆς
1329 4385 1477 4456 ὥρας
1517 4385 1750 4455 ταύτης·
1779 4386 1916 4440 ἀλλά
1943 4388 2024 4452 τίς

456 4475 670 4544 Πάτερ,
690 4474 959 4538 δόξασόν
978 4489 1094 4525 σου
1120 4470 1188 4523 τὸ
1213 4470 1419 4538 ὄνομα.
1449 4470 1640 4523 Καίτοι
1664 4471 1763 4540 τῆς
1780 4470 2027 4541 ταραχῆς

458 4560 611 4612 τοῦτο
636 4556 1046 4625 ἀναγκαζούσης
1071 4555 1271 4621 λέγειν,
1298 4554 1359 4606 τὸ
1390 4552 1629 4606 ἐναντίον
1656 4554 1821 4621 λέγω,
1852 4554 2029 4618 Δόξα-

456 4643 574 4695 σόν
601 4658 718 4694 σου
740 4641 806 4693 τὸ
856 4639 1042 4706 ὄνομα
1064 4653 1078 4667 ’
1114 4637 1408 4701 τουτέστιν,
1448 4638 1655 4704 Ι’Ἅγαγε
1705 4636 1890 4692 λοιπὸν
1934 4639 2028 4693 ἐπὶ

455 4722 544 4776 τὸν
597 4721 856 4791 σταυρόν⁸
903 4720 931 4772 6
965 4719 1097 4772 πολὺ
1125 4719 1186 4771 τὸ
1234 4718 1573 4789 ἀνθρώπινον
1624 4718 2027 4786 ἐπιδείκνυται,

457 4808 550 4860 καὶ
576 4810 674 4877 τὴν
700 4804 849 4878 [402]
874 4804 1035 4874 φύσιν
1066 4805 1139 4874 μὴ
1179 4804 1505 4874 βουλομένην
1538 4804 1829 4860 ἀποθανεῖν
1846 4846 1863 4870 ,
1889 4807 2031 4862 ἀλλά

454 4891 553 4959 τῆς
579 4887 858 4957 παρούσης
886 4887 1252 4957 ἀντεχομένην
1295 4886 1439 4956 ζωῆς
1461 4901 1476 4917 ⁸
1522 4887 1758 4951 δεικνὺς,
1796 4889 1879 4942 ὅτι
1927 4889 2027 4942 οὐκ

458 4972 561 5036 ἐξω
591 4972 698 5025 τῶν
748 4970 1103 5042 ἀνθρωπίνων
1158 4969 1345 5023 παθῶν
1396 4966 1485 5040 ἦν.
1544 4971 1752 5041 Ὥσπερ
1801 4973 1909 5043 7&9
1966 4973 2028 5026 τὸ

457 5057 646 5126 πεινῆν
678 5055 778 5108 οὐκ
798 5052 1072 5123 ἔγκλημα,
1106 5052 1226 5105 οὐδὲ
1252 5051 1313 5103 τὸ
1359 5051 1667 5106 καθεύδειν·
1700 5052 1873 5118 οῦτως
1904 5055 2025 5108 οὐδὲ

456 5136 517 5190 τὺ
540 5139 638 5208 τῆς
660 5136 939 5208 παρούσης
967 5136 1110 5205 ζωῆς
1137 5133 1399 5202 ἐφίεσθαι.
1445 5134 1502 5187 '0
1522 5135 1579 5187 δὲ
1605 5137 1836 5206 Χριστὸς
1867 5138 2028 5207 σῶμα

459 5221 697 5291 καθαρὸν
752 5219 1163 5290 ἁμαρτημάτων
1211 5211 1374 5286 εἶχεν,
1401 5218 1520 5286 ούχὶ
1553 5220 1797 5285 φυσικῶν
1845 5221 2028 5288 ἀναγ-

458 5301 569 5355 κῶν
612 5301 1058 5372 ἀπηλλαγμένον*
1097 5298 1222 5352 ὲπεὶ
1254 5298 1358 5351 οὐδ’
1388 5299 1452 5351 ἂν
1488 5300 1643 5369 σῶμα
1678 5296 1764 5370 ἦν.
1820 5302 1919 5353 Διά
1961 5302 2027 5373 δὴ

457 5385 661 5438 τούτων
697 5384 794 5438 καὶ
848 5384 1033 5453 ἕτερόν
1084 5400 1137 5436 τι
1182 5380 1486 5434 ἐπαίδευσε.
1543 5384 1700 5435 Ποῖον
1733 5383 1797 5451 δὴ
1833 5384 2024 5449 τοῦτο;

460 5466 598 5529 Ἷνα,
653 5467 706 5520 εί
754 5483 883 5520 ποτε
935 5468 992 5518 ὲν
1047 5464 1218 5531 ἀγῶνι
1251 5464 1653 5533 κατασταίημεν
1697 5464 1790 5518 καὶ
1834 5465 2025 5537 δειλίᾳ,

462 5548 596 5618 μηδὲ
667 5546 840 5608 οῦτως
907 5545 1348 5616 ἀποπηδήσωμεν
1435 5545 1542 5598 τῶν
1627 5549 2023 5617 προκειμένων.

462 5631 679 5700 Πάτερ,
753 5630 1020 5695 δόξασόν
1096 5645 1212 5682 σου
1286 5627 1354 5681 τὸ
1431 5627 1635 5697 ὄνομα.
1709 5631 2026 5697 Δείκνυσιν,

525 5855 550 5883 ⁸
573 5852 1017 5915 διίῘ-ίφαντάζοντο.
1086 5851 1112 5890 ι’
1136 5850 1281 5900 Sam.
1316 5850 1412 5921 οὐκ
1435 5852 1549 5923 ἐστι,
1598 5850 1767 5902 Morel.
1795 5853 1881 5900 οὐκ
1900 5856 1984 5904 ἐτι.

1386 298 1394 305 ’
1451 303 1518 361 ΙΝ
1552 303 1868 362 JOANNEM
1903 302 2134 360 ιιοιιη..
2174 306 2379 362 LXVII.
2421 311 2490 366 al.
2520 309 2703 366 LXVI.

3585 304 3693 362 371

2118 417 2201 470 ὅτι
2267 421 2407 492 ὑπὲρ
2479 421 2738 493 ἀληθείας
2803 418 3167 490 ἀποθνήσκει,
3246 415 3405 485 δόξαν
3466 416 3546 483 είς
3596 415 3692 472 τδν

2117 500 2250 555 Θεὸν
2287 502 2348 556 τὸ
2388 505 2622 575 πρᾶγμα
2668 500 2871 557 καλῶν.
2908 503 3020 556 Καὶ
3067 499 3227 554 τοῦτο
3272 499 3554 554 συνέϐαινε
3592 518 3691 570 με-

2116 583 2186 637 τά
2214 584 2307 638 τὸν
2334 586 2588 657 σταυρόν.
2620 586 2886 657 ’Ἐμελλεν
2911 584 3261 655 ἐπιστρέφειν
3303 584 3338 655 ή
3372 584 3687 655 οἰκουμένη,

2116 666 2212 721 καὶ
2240 667 2527 739 γνωρίζειν
2547 667 2610 722 τδ
2638 669 2809 739 δνομα
2831 667 2925 721 τοῦ
2960 666 3097 720 Θεοῦ
3119 667 3216 721 καὶ
3242 665 3567 737 θεραπεύειν
3592 666 3692 719 αύ-

2113 750 2206 803 τόν
2224 766 2238 779 ο
2272 750 2451 805 καίτοι
2477 753 2538 805 οὐ
2565 751 2624 805 τὸ
2655 752 2751 805 τοῦ
2782 750 2993 821 Πατρδς
3024 750 3203 820 μόνον,
3232 749 3367 802 ἀλλὰ
3390 748 3485 801 καὶ
3512 748 3576 803 τδ
3598 748 3691 803 τοῦ

2120 832 2253 887 Υίοῦ
2273 850 2288 865 ·
2318 833 2435 887 ἀλλ’
2467 834 2617 906 ὅμως
2650 833 2810 887 τοῦτο
2852 834 2999 903 σιγᾷ.
3027 828 3249 887 Ἦλθεν
3273 826 3388 886 οὖν
3416 830 3584 900 φωνὴ
3621 833 3691 886 ἐκ

2117 917 2236 971 τῶν
2270 916 2545 985 οὐρανῶν
2565 933 2581 949 ·
2612 917 2722 972 Καὶ
2761 915 3046 979 ἐδόξασα,
3076 915 3176 969 καί
3204 913 3391 968 πάλιν
3422 914 3687 980 δοξάσω.

2116 999 2226 1056 Ποῦ
2254 1000 2538 1067 ἐδόξασενς
2575 1000 2664 1055 Ἐν
2697 1001 2811 1064 τοῖς
2841 998 2950 1070 πρὸ
2980 998 3188 1050 τούτων
3222 997 3551 1067 γενομένοις.
3582 999 3694 1051 Καὶ

2118 1084 2282 1138 πάλιν
2309 1083 2518 1149 δοξάσω
2551 1083 2692 1154 μετά
2719 1082 2814 1136 τὸν
2843 1081 3099 1151 σταυρόν.
3143 1080 3208 1133 Τί
3242 1077 3335 1134 οὖν
3365 1083 3393 1133 6
3422 1080 3692 1150 Χριστός;

2123 1170 2208 1221 Οὐ
2245 1167 2321 1222 δι’
2356 1167 2462 1236 ἐμὲ
2487 1169 2526 1235 ἡ
2555 1166 2724 1236 φωνὴ
2746 1167 2897 1235 αὕτη
2924 1165 3192 1236 γέγονεν,
3221 1165 3384 1219 ἀλλὰ
3411 1166 3488 1217 δι’
3515 1162 3691 1233 ὑμᾶς.

2130 1251 2358 1304 Ἐκεῖνοι
2385 1250 2443 1303 δέ
2482 1250 2712 1321 βροντὴν
2736 1249 2997 1320 ἐνόμισαν
3022 1244 3184 1311 εἶναι,
3219 1248 3252 1318 ἢ
3279 1247 3510 1317 ἄγγελον
3544 1247 3695 1319 αὐτῷ

2118 1332 2491 1404 λελαληκέναι.
2517 1332 2628 1387 Καὶ
2651 1331 2815 1386 πόθεν
2837 1331 2996 1386 τοῦτο
3024 1332 3315 1403 ἐνόμισαν;
3344 1333 3418 1403 μὴ
3445 1333 3554 1403 γὰρ
3574 1333 3696 1403 οὐχὶ

2117 1414 2289 1486 τρανὴ
2310 1416 2408 1470 καὶ
2437 1413 2674 1485 εὔσημος
2701 1410 2769 1487 ἦν
2799 1417 2834 1486 ή
2871 1416 3021 1487 φωνή
3045 1431 3059 1481 ;
3095 1414 3253 1468 Ἀλλὰ
3278 1416 3486 1485 ταχέως
3515 1416 3697 1468 αὐτῶν

2118 1498 2374 1568 ἀπέπτη,
2426 1498 2523 1553 ἀτε
2563 1496 2884 1570 παχυτέρων
2922 1497 3093 1552 ὅντων
3138 1498 3230 1550 καὶ⁵
3277 1498 3553 1568 σαρκικῶν
3599 1499 3695 1551 καὶ

2121 1579 2403 1652 ῥᾳθύμων.
2455 1580 2565 1633 Καὶ
2590 1582 2638 1633 οί
2666 1581 2764 1650 μέν
2793 1582 2885 1634 τὸν
2913 1576 3045 1651 ἦχον
3091 1583 3338 1649 κατεῖχον
3359 1597 3373 1611 ·
3406 1581 3455 1633 οί
3488 1579 3543 1634 δὲ
3562 1621 3576 1638 .
3610 1581 3695 1634 δτι

2125 1663 2224 1734 μὲν
2249 1662 2509 1735 ἔναρθρος
2536 1659 2604 1733 ἧν
2633 1664 2667 1733 ή
2695 1662 2847 1732 φωνὴ
2865 1702 2878 1725 ,
2909 1663 3135 1734 ᾔδεσαν·
3182 1663 3233 1716 τί
3277 1663 3331 1715 δὲ
3374 1665 3693 1734 ἐσήμαινεν,

2121 1747 2222 1799 οὐκ
2254 1745 2354 1799 ἐτι.
2387 1745 2452 1799 Τί
2478 1741 2572 1798 οῦν
2604 1747 2634 1798 ό
2661 1745 2932 1817 Χριστόςς
2963 1747 3045 1798 Οὐ
3066 1744 3141 1798 δι’
3159 1746 3264 1814 ἐμὲ
3292 1749 3329 1814 ἡ
3351 1748 3518 1814 φωνὴ
3543 1747 3694 1816 αὕτη

2120 1829 2387 1900 γέγονεν,
2426 1829 2586 1883 ἀλλὰ
2623 1828 2700 1882 δι’
2728 1827 2902 1897 ὑμᾶς.
2926 1828 3027 1882 Διά
3053 1829 3107 1883 τί
3146 1828 3305 1882 τοῦτο
3336 1826 3524 1894 εἷπεν;
3552 1830 3696 1900 Πρὸς

2121 1913 2299 1966 ἐκεῖνο
2330 1912 2718 1982 ἐνιστάμενοςο
2752 1913 2781 1964 6
2810 1911 2996 1981 ελεγον
3044 1913 3131 1966 ἀεὶ
3155 1952 3170 1976 ,
3204 1912 3285 1966 δτι
3315 1914 3414 1966 οὐκ
3443 1913 3587 1967 ἐστιν
3630 1915 3697 1968 ἐκ

2120 1995 2213 2049 τοῦ
2259 1994 2417 2049 Θεοῦ.
2457 1996 2516 2049 '0
2546 1995 2658 2067 7&9
2700 1995 2807 2049 ὐπὸ
2848 1995 2941 2048 τοῦ
2978 1995 3115 2049 Θεοῦ
3144 1994 3524 2067 δοξαζόμενος,
3579 1996 3697 2061 πῶς

2120 2079 2221 2132 οὐκ
2248 2077 2395 2131 ἐστιν
2424 2080 2489 2131 ἐκ
2521 2077 2614 2131 τοῦ
2642 2077 2803 2141 Θεοῦ,
2848 2071 2910 2130 οὐ
2937 2077 2998 2132 τὸ
3039 2078 3210 2147 ὄνομα
3256 2078 3326 2131 δι’
3352 2079 3514 2134 αὐτὸν
3541 2079 3698 2143 δοξάσ-

2122 2158 2306 2226 ζεται;
2352 2160 2450 2214 Διά
2480 2161 2588 2231 7&9
2614 2160 2773 2214 τοῦτο
2808 2163 2904 2215 καὶ
2941 2164 2974 2232 ή
3024 2163 3175 2231 φωνὴ
3222 2162 3447 2233 ἠνέχθη.
3477 2162 3567 2216 Διὸ
3598 2164 3693 2217 καὶ

2121 2243 2282 2307 αὐτός
2321 2260 2507 2313 φησιν,
2544 2246 2627 2298 Οὺ
2659 2243 2734 2296 δι’
2779 2242 2885 2311 ἐμὲ
2926 2244 2965 2311 ἠ
3008 2242 3177 2313 φωνὴ
3228 2245 3381 2313 αὕτη
3419 2247 3689 2316 γέγονεν,

2121 2325 2282 2381 ἀλλὰ
2318 2326 2392 2380 δι’
2426 2323 2583 2394 ὑμᾶς
2606 2345 2619 2359 ·
2658 2327 2756 2397 οὐχ
2786 2326 2872 2379 ῐνα
2903 2326 3014 2395 ἐγὼ
3049 2326 3209 2397 μάθω
3232 2345 3285 2381 τι
3319 2329 3526 2397 ἀγνοῶν
3563 2328 3694 2401 παρ’

2123 2409 2292 2478 αὐτῆς
2339 2409 2558 2479 (πάντα
2592 2407 2703 2480 7&9
2745 2404 2864 2463 οἴδα
2894 2409 2962 2462 τά
2998 2408 3095 2461 τοῦ
3128 2409 3340 2482 Πατρδς
3365 2415 3382 2478 )
3407 2450 3422 2475 ,
3450 2410 3586 2464 ἀλλὰ
3627 2411 3695 2464 δι’

2124 2493 2288 2562 ὑμᾶς.
2343 2492 2560 2564 Ἐπειδὴ
2612 2492 2721 2564 7&9
2768 2492 2988 2561 ελεγον,
3031 2494 3113 2547 ὅτι
3155 2493 3386 2563 ἄγγελος
3432 2495 3695 2565 ἐλάλησεν

2124 2576 2291 2646 αὐτῷ,
2324 2577 2358 2646 ἢ
2396 2574 2593 2646 βροντή
2639 2575 2854 2646 γέγονε,
2908 2577 3003 2629 καὶ
3045 2577 3106 2629 οὐ
3152 2581 3460 2649 προσεῖχον.
3495 2581 3689 2648 φησὶν,

2122 2661 2206 2713 ὃτι
2226 2660 2305 2711 Δι’
2321 2659 2467 2729 ὐμᾶς
2490 2660 2726 2727 ἐγένετο,
2755 2660 2842 2712 ῖνα
2863 2658 2965 2713 κᾶν
2990 2658 3160 2719 οὕτως
3182 2662 3448 2732 ἐνάγησθε
3481 2662 3617 2734 πρὸς
3634 2664 3697 2716 τὸ

2124 2742 2394 2813 ἐρωτῆσαι
2417 2742 2469 2796 τί
2492 2743 2554 2795 τὸ
2584 2742 2792 2813 λεχθέν.
2822 2744 2885 2795 Οί
2918 2742 2974 2796 δὲ
3004 2745 3348 2814 ἐπτοημένοι,
3374 2746 3495 2799 οὐδέ
3523 2744 3697 2810 οὕτως

2123 2824 2405 2888 ἐπύθοντο,
2449 2824 2777 2888 ἀκούσαντες
2816 2826 2897 2877 ὅτι
2925 2827 3107 2889 αὐτοῖς
3137 2828 3329 2896 ἀνήκει
3354 2827 3415 2881 τὸ
3438 2830 3693 2899 πρᾶγμα.

2124 2908 2214 2979 Τῷ
2232 2908 2342 2979 γὰρ
2363 2907 2464 2961 οὐκ
2488 2907 2649 2961 είδότι
2671 2908 2808 2978 πρὸς
2828 2908 2856 2960 6
2881 2908 3116 2975 ἐλέγετο,
3144 2909 3369 2973 εἰκότως
3395 2910 3497 2963 οὐκ
3523 2909 3697 2964 ἐδόκει

2124 2990 2364 3060 εὐσημος
2395 2985 2533 3042 εἶναι
2562 2991 2596 3059 ή
2639 2991 2815 3059 φωνή.
2849 2991 2928 3043 Δι’
2958 2984 3113 3058 ὑμᾶς
3143 2991 3183 3059 ἡ
3217 2991 3385 3060 φωνὴ
3424 2993 3694 3063 γέγονεν.

2136 3072 2301 3143 Ὁρᾷς
2333 3072 2417 3124 δτι
2444 3069 2768 3123 τάταπεινά
2797 3071 2865 3124 δι’
2895 3072 3090 3136 αὐτοὺς
3121 3074 3352 3140 γίνεται,
3383 3075 3482 3145 οὐχ
3503 3074 3577 3138 ὼς
3600 3074 3696 3128 τοῦ

2124 3154 2256 3208 Υίοῦ
2308 3153 2563 3224 δεομένου
2624 3152 2910 3224 βοηθείας;
2952 3155 3087 3209 Νῦν
3141 3157 3342 3223 κρίσις
3395 3156 3530 3211 ἐστὶ
3586 3158 3696 3212 τοῦ

2124 3241 2358 3309 κόσμον
2409 3238 2644 3292 τούτου.
2697 3236 2832 3291 Νῦν
2872 3237 2941 3291 δὲ
2998 3241 3032 3292 ό
3069 3238 3271 3308 ἅρχων
3310 3239 3417 3294 τοῦ
3465 3241 3699 3310 κόσμου

2122 3324 2339 3377 τούτου
2370 3321 2527 3376 κάτω
2554 3322 2954 3389 βληθήσεται.
2991 3320 3161 3376 Τοῦτο
3189 3323 3349 3377 ποίαν
3374 3322 3699 3377 ἀκολουθίαν

2123 3408 2237 3477 ἔχει
2263 3406 2398 3478 πρὸς
2436 3405 2519 3469 τὸ,
2556 3405 2866 3472 Ἐδόξασα,
2913 3407 3014 3460 καὶ
3053 3406 3329 3471 δοξάσω;
3363 3406 3572 3477 Πολλὴν
3604 3409 3700 3462 καὶ

2125 3489 2333 3560 σφόδρα
2375 3488 2720 3560 συνᾴδουσαν.
2784 3486 3000 3558 Ἐπειδὴ
3040 3487 3147 3557 γὰρ
3193 3483 3353 3555 εἷπε,
3411 3488 3696 3554 Δοξάσω,

2123 3571 2362 3625 δείκνυσι
2396 3573 2490 3623 καὶ
2523 3570 2614 3623 τὸν
2640 3569 2839 3638 τρόπον
2876 3569 2978 3640 τῆς
3014 3569 3192 3641 δόξης.
3221 3571 3316 3634 Τίς
3349 3570 3407 3623 δὲ
3433 3573 3462 3624 6
3498 3571 3699 3643 τρόπος

2124 3655 2312 3718 ἐστίνς
2348 3653 2586 3715 Ἐκεῖνος
2607 3650 2984 3719 Βληθήσεται
3010 3650 3189 3716 κάτω,
3218 3652 3372 3722 φησί.
3398 3653 3465 3706 Τί
3484 3652 3542 3706 δέ
3558 3656 3696 3718 ἐστι,

2123 3735 2336 3804 Κρίσις
2378 3734 2510 3788 ἐστι
2553 3734 2661 3789 τοῦ
2705 3735 2937 3802 κόσμου
2974 3736 3232 3801 τούτου;
3264 3735 3479 3790 Ὠσανεὶ
3512 3736 3695 3806 ἔλεγε,

2124 3818 2485 3888 Δικαστήριον
2514 3815 2665 3870 ἕσται
2700 3815 2793 3869 καὶ
2822 3815 3120 3888 ἐκδίκησις.
3149 3817 3276 3880 Πῶς
3303 3819 3398 3871 καὶ
3434 3820 3540 3873 τίνι
3572 3820 3699 3891 τρό-

2125 3918 2248 3970 πῳ;
2275 3899 2475 3953 ’Δνεῖλε
2498 3899 2592 3953 τὸν
2612 3898 2827 3969 πρῶτον
2852 3898 3160 3970 ἄνθρωπον,
3187 3900 3488 3953 ὑπεύθυνον
3517 3901 3698 3954 λαϐὼν

2122 3986 2190 4054 τῇ
2227 3981 2468 4054 ἁμαρτίᾳ
2526 3981 2668 4050 (Διά
2710 3981 2821 4051 γὰρ
2854 3980 2966 4049 τῆς
3010 3982 3296 4049 ἁμαρτίας
3335 3982 3621 4049 εἰσῆλθεν
3664 3987 3697 4043 ό

2125 4066 2411 4131 θάνατος)
2432 4080 2446 4094 ο
2477 4065 2535 4116 ἰν
2565 4064 2687 4133 ἐμοὶ
2715 4063 2871 4115 τοῦτο
2899 4064 2996 4132 οὐχ
3037 4057 3183 4133 εῦρε.
3211 4061 3368 4126 Τίνος
3399 4061 3490 4116 οῦν
3511 4063 3696 4116 ἕνεκεν

2124 4146 2444 4215 ἐνεπήδησε,
2477 4145 2571 4198 καὶ
2610 4144 2823 4213 θανάτῳ
2852 4144 3169 4213 παρέδωκε;
3217 4144 3362 4206 τίνος
3404 4145 3586 4198 ἕνεκεν
3616 4147 3697 4207 εἱς

2125 4227 2222 4295 τὴν
2260 4224 2431 4277 Ἰούδα
2460 4221 2638 4293 ψυχὴν
2680 4222 2933 4276 ἐνέϐαλεν
2965 4222 3106 4275 ὥστε
3147 4239 3214 4292 με
3247 4222 3492 4289 ἀνελεῑν;
3542 4222 3694 4296 [405]

2125 4305 2218 4374 Μή
2244 4303 2353 4374 γάρ
2389 4320 2479 4374 μοι
2508 4306 2667 4373 εἴπῃς
2691 4302 2803 4361 νῦν.
2839 4302 2920 4355 ὅτι
2945 4303 2974 4355 ό
3003 4301 3133 4366 Θεὸς
3159 4302 3476 4372 ᾠκονόμησε
3496 4320 3510 4334 ·
3536 4303 3697 4356 τοῦτο

2125 4388 2236 4458 7&9
2266 4387 2327 4438 οὐ
2359 4384 2457 4439 τοῦ
2488 4385 2758 4450 διαϐόλου,
2802 4382 2938 4437 ἀλλὰ
2965 4384 3060 4453 τῆς
3090 4383 3255 4437 αὐτοῦ
3293 4386 3485 4453 σοφίας
3505 4403 3520 4417 ·
3559 4380 3698 4449 τέως

2125 4468 2341 4521 ἐκείνου
2373 4468 2406 4538 ή
2447 4465 2642 4538 γνώμη
2672 4464 3010 4532 ἐξεταζέσθω
3035 4466 3130 4519 τοῦ
3155 4466 3425 4538 Πονηροῦ.
3453 4467 3577 4531 Πῶς
3601 4464 3697 4522 οὖν

2126 4551 2373 4622 κρίνεται
2395 4552 2425 4603 ό
2449 4551 2652 4620 κόσμος
2682 4550 2740 4601 ἐν
2763 4548 2917 4617 ἐμοί;
2958 4548 3174 4603 Ὠσανεὶ
3192 4549 3539 4622 δικαστηρίου
3559 4550 3695 4605 καθ-

2125 4635 2416 4704 εζομένου,
2460 4632 2781 4704 λεχθήσεται
2825 4632 2962 4702 πρὸς
3001 4634 3165 4687 αὐτὸν
3186 4674 3201 4699 ,
3243 4635 3424 4688 Ἔστω
3444 4675 3458 4699 ,
3488 4636 3698 4699 πάντας

2125 4718 2352 4780 ἀνεῖλες,
2397 4715 2486 4769 διὰ
2514 4716 2575 4770 :6
2602 4714 2923 4785 ἀμαρτίαςά
2973 4715 3307 4780 ὑπευθύνους
3348 4717 3558 4788 εὑρεῖν·
3603 4718 3696 4771 τὸν

2124 4801 2359 4871 Χριστὸν
2373 4798 2784 4866 διατί-ἀνεῖλες;
2814 4799 2916 4853 οὐκ
2944 4797 3164 4872 εὔδηλον
3187 4802 3269 4855 ὅτι
3297 4803 3497 4866 ἀδίκως
3517 4819 3532 4868 ;
3556 4803 3698 4855 Οὐκ-

2125 4885 2219 4939 οῦν
2248 4885 2318 4938 δι⁹
2349 4884 2516 4940 αὐτοῦ
2546 4882 2962 4954 ἐκδικηθήσεται
2992 4887 3019 4938 6
3044 4885 3247 4954 κόσμος
3290 4885 3454 4948 ἅπας.
3488 4888 3604 4937 ἰνα
3636 4885 3696 4938 δὲ

2126 4972 2220 5025 καὶ
2279 4968 2610 5040 σαφέστερον
2660 4962 2724 5040 ᾖ,
2776 4969 2870 5022 καὶ
2921 4970 3014 5022 ἐπὶ
3070 4969 3508 5040 παραδείγματος
3564 4970 3705 5021 αὐτδ.

2126 5053 2340 5124 ποιήσω
2369 5050 2623 5123 φανερόν·
2648 5052 2830 5104 Ἔστω
2855 5068 2936 5115 τις
2965 5052 3138 5122 βίαιος
3163 5050 3424 5119 τύραννος
3443 5091 3458 5113 ,
3489 5052 3699 5115 πάντας

2125 5136 2253 5198 τοὺς
2281 5134 2652 5205 ἐμπίπτοντας
2681 5135 2895 5206 μυρίοις
2924 5133 3263 5205 περιϐάλλων
3289 5135 3499 5194 κακοῖς.
3529 5128 3698 5195 Οὗτος

2126 5218 2222 5270 ἐὰν
2255 5216 2544 5287 συμϐαλὼν
2578 5215 2805 5287 βασιλεῖ,
2843 5216 2877 5287 ἢ
2904 5215 3005 5285 υἱῷ
3028 5214 3312 5285 βασιλέως,
3346 5214 3510 5289 ἀνέλῃ
3535 5214 3697 5268 αὐτὸν

2127 5300 2393 5362 ἀδίκως,ὁ
2422 5299 2632 5352 ἐκείνου
2660 5299 2889 5360 θάνατος
2915 5298 3011 5350 καὶ⁸
3038 5298 3166 5360 τοὺς
3195 5297 3389 5361 ἄλλους
3410 5298 3697 5368 ἐκδικῆσαι

2127 5383 2438 5453 δυνήσεται.
2477 5382 2661 5435 Ἔστω
2706 5399 2787 5443 τις
2827 5381 3109 5449 ὀφειλέτας
3154 5382 3423 5447 ἀπαιτῶν,
3465 5385 3560 5437 καὶ
3604 5402 3698 5438 τυ-

2130 5465 2332 5528 πτέτω,
2360 5465 2453 5516 καὶ
2486 5465 2567 5524 είς
2596 5462 2969 5533 δεσμωτήριον
2994 5463 3331 5533 ἐμϐαλλέτω’
3362 5461 3481 5519 εἶτα
3511 5468 3576 5519 ἐκ
3597 5468 3696 5537 τῆς

2129 5549 2300 5616 αὐτῆς
2334 5546 2592 5607 ἀπονοίας
2619 5546 2713 5596 καὶ
2745 5544 2835 5597 τὸν
2861 5545 3011 5599 οὐδὲν
3037 5546 3319 5615 ὀφείλοντα
3345 5548 3450 5602 ὐπὸ
3470 5549 3569 5620 τὴν
3599 5550 3697 5602 a6-

2128 5632 2227 5700 τὴν
2262 5628 2485 5699 εἱρκτὴν
2530 5627 2731 5695 ἀγέτω.
2777 5621 2944 5691 Οὗτος
2991 5631 3085 5684 καὶ
3108 5624 3183 5685 ὧν
3225 5633 3306 5696 είς
3341 5633 3466 5696 τοὺς
3504 5631 3697 5695 ἀ)λου;

2195 5793 2216 5820 ε
2270 5792 2363 5856 Alii
2415 5789 2567 5856 ςκεῖνο
2604 5790 2868 5856 ιητάμενος.
2934 5790 3386 5856 ἀνυιειεει-ιιίυε
3428 5779 3724 5856 regendum

2132 5852 2396 5914 ἁμαρτίαις.
2423 5853 2599 5911 ιὶρειε,
2632 5853 2729 5901 sed
2753 5855 3018 5907 reclamant
3056 5854 3272 5907 codices.
