4072 6152
454 244 558 298 5ῖὸ

449 369 571 423 lius.
611 366 892 432 Quomodo
916 381 1050 438 ergo
1067 365 1298 424 mundus
1335 368 1388 424 iu
1418 384 1510 424 me
1529 370 1829 438 iudicatur?
1856 374 2019 440 Quasi

425 460 734 517 'constituto
758 460 992 528 judicio,
1023 459 1229 515 dicetur
1256 459 1332 514 illi
1362 479 1375 513 :
1405 461 1565 526 Esto,
1593 477 1778 518 «nues
1805 466 2018 520 occide-

442 557 553 618 ris,
580 551 674 610 sed
710 554 832 621 quia
873 561 1090 620 peccato
1125 552 1386 606 obnoxios
1421 554 1701 621 reperisti:
1745 553 2014 610 Christum

442 662 570 702 vero
593 662 690 702 cur
711 645 989 702 occidisti?
1015 657 1189 699 nonne
1211 645 1364 712 plane
1391 646 1605 714 injuste?
1629 647 1729 700 Per
1746 646 2016 702 Christum

441 756 568 812 ergo
595 747 738 794 totus
757 738 986 792 mundus
1012 736 1386 790 vindicabitur.
1416 736 1569 802 Quod
1595 747 1652 790 ut
1674 737 1868 792 clarius
1893 753 2013 792 eva-

442 829 567 894 dat,
593 828 840 898 exemplo
875 837 1008 881 utar.
1034 825 1114 881 Sit
1139 827 1403 880 violentus
1431 835 1688 896 tyrannus
1713 828 1973 895 quispiam
1993 869 2007 893 ,

439 923 528 988 qui
567 922 617 974 in
646 935 836 974 manus
861 934 984 972 suas
1021 917 1313 970 incidentes
1348 931 1536 971 omnes
1573 917 1865 971 innumeris
1891 917 2010 971 sili-

438 1014 542 1066 ciat
571 1011 745 1066 malis.
777 1009 874 1062 llic
899 1011 940 1062 si
981 1023 1100 1062 cum
1130 1021 1254 1076 rege
1288 1007 1374 1061 vel
1403 1022 1524 1062 cum
1553 1006 1664 1060 lilio
1707 1009 1844 1076 regis
1879 1023 2006 1061 con-

435 1113 648 1173 gressus
667 1143 682 1165 ,
715 1100 923 1156 occidat
950 1100 1095 1152 illum
1128 1099 1319 1167 injuste
1337 1139 1354 1164 ,
1380 1099 1495 1166 ejus
1516 1114 1661 1152 mors
1689 1101 1848 1152 etiam
1878 1099 2008 1152 alios

437 1193 621 1247 ulcisci
661 1191 875 1261 poterit.
922 1188 1004 1244 Sit
1031 1190 1222 1258 aliquis
1255 1190 1342 1257 qui
1371 1205 1402 1242 a
1426 1189 1753 1242 debitoribus
1795 1191 2006 1259 exigat,

435 1285 712 1344 verberet,
743 1283 795 1335 in
822 1295 1092 1335 carcerem
1113 1279 1392 1346 conjiciat;
1415 1279 1608 1332 deinde
1646 1279 1830 1332 eadem
1851 1296 2004 1334 arro-

432 1376 606 1444 gantia
637 1375 768 1428 nihil
794 1373 1074 1427 debentem
1117 1371 1335 1440 perinde
1362 1384 1536 1441 cogat.
1570 1372 1764 1426 Eorum
1805 1389 1924 1442 quas
1951 1374 2002 1426 iu

431 1468 563 1520 alios
587 1466 853 1520 commisit
877 1475 999 1518 tunc
1025 1477 1213 1533 partas
1236 1463 1384 1518 dabit
1415 1484 1430 1519 :
1462 1465 1552 1519 ille
1573 1479 1800 1536 namque
1831 1468 2004 1536 ipsum

431 1561 656 1619 occidet.
1621 1608 1634 1616 ,

499 1649 555 1710 3.
583 1652 671 1707 Sic
700 1660 754 1706 et
797 1651 850 1704 in
899 1649 1034 1704 Filio
1077 1649 1270 1704 factum
1313 1659 1416 1704 est.
1464 1649 1660 1705 Eorum
1708 1651 1848 1705 enim
1884 1666 2002 1720 quas

427 1749 611 1796 contra
639 1753 732 1794 vos
757 1740 941 1794 fecerit
967 1741 1230 1804 diabolus,
1260 1754 1354 1808 per
1399 1755 1462 1794 ea
1492 1757 1609 1808 (tuae
1636 1752 1819 1795 contra
1849 1741 2000 1796 Citri-

429 1843 570 1886 stum
595 1846 753 1885 ausus
792 1830 907 1894 fuit,
938 1830 1084 1883 dabit
1110 1845 1313 1898 prunas.
1345 1830 1494 1895 Quod
1522 1841 1698 1884 autem
1730 1831 1782 1884 id
1811 1833 1998 1886 subin-

429 1921 652 1984 dicetur,
683 1920 802 1974 audi
831 1937 844 1973 :
877 1919 928 1972 Ν
933 1935 1028 1972 unc
1054 1921 1283 1988 princeps
1304 1920 1456 1988 hujus
1481 1921 1655 1972 mundi
1674 1923 1897 1989 ejiciatur
1916 1923 1999 1974 in-

429 2013 530 2078 fra,
563 2027 656 2081 per
676 2020 895 2065 mortem
923 2026 1116 2065 meam.
1147 2011 1236 2066 52.
1265 2009 1330 2064 Et
1352 2027 1443 2081 ego
1469 2011 1512 2065 si
1539 2013 1789 2067 uallatus
1811 2017 1955 2083 fuero
1975 2055 1991 2080 ,

427 2117 596 2155 omnes
623 2102 820 2154 traham
861 2102 931 2154 ad
965 2102 1240 2169 meipsum;
1270 2102 1370 2154 hoe
1393 2112 1510 2167 est,
1550 2103 1708 2156 etiam
1745 2104 1991 2172 gentiles.

424 2193 493 2247 Et
507 2208 576 2246 ne
594 2193 714 2260 quis
733 2192 956 2253 diceret.
975 2191 1253 2258 Quomodo
1271 2191 1513 2260 ejicietur
1539 2193 1694 2256 infra,
1710 2194 1754 2247 si
1781 2202 1833 2248 te
1853 2195 1995 2248 vice-

422 2283 528 2336 rit?
565 2282 680 2335 Non
708 2282 886 2335 vincet
909 2323 922 2345 ,
953 2281 1140 2351 inquit.
1181 2281 1458 2342 Quomodo
1493 2281 1634 2336 enim
1671 2281 1848 2336 vincet
1871 2297 1990 2336 eum

419 2374 508 2441 qui
536 2372 672 2426 alios
701 2373 908 2426 trahit?
931 2373 1036 2426 Nec
1063 2374 1296 2441 loquitur
1327 2372 1396 2426 de
1440 2374 1864 2437 resurrectione;
1897 2376 1988 2429 sed

421 2463 566 2532 quod
603 2464 989 2518 resurrectione
1030 2463 1200 2530 majus
1227 2473 1337 2526 est,
1367 2463 1550 2516 Omnes
1576 2464 1774 2515 traham
1795 2464 1863 2520 ad
1890 2481 1991 2518 mc-

418 2553 602 2621 ipsum.
617 2552 745 2606 Nam
764 2555 805 2608 si
822 2553 1063 2619 dixisset,
1080 2554 1390 2622 Resurgam,
1406 2555 1638 2609 nondum
1663 2557 1832 2626 palam
1849 2567 1990 2611 esset

420 2642 562 2711 ipsos
604 2657 724 2696 esse
766 2643 1062 2697 credituros
1092 2660 1105 2695 :
1138 2658 1257 2697 cum
1299 2656 1475 2698 autem
1522 2645 1686 2710 dicit,
1718 2646 1985 2710 Credent,

418 2743 699 2804 utrumque
721 2734 976 2798 declarat,
999 2743 1053 2788 et
1079 2745 1502 2789 resurrecturum
1522 2751 1580 2790 sc
1605 2738 1898 2790 conﬁrmat.
1929 2738 1985 2792 Si

417 2824 556 2877 enim
586 2833 824 2877 mortuus
850 2825 1150 2888 mansisset,
1180 2834 1232 2878 ct
1263 2825 1421 2878 homo
1451 2841 1612 2894 purus
1639 2837 1799 2892 esset,
1830 2843 1988 2882 nemo

419 2913 746 2968 credidisset.
776 2913 961 2967 Omnes
985 2915 1182 2967 traham
1207 2915 1274 2966 ad
1291 2917 1553 2982 mcipsum.
1581 2916 1688 2969 Cur
1710 2932 1836 2983 ergo
1861 2918 1987 2971 dicit

418 3001 624 3056 Patrem
657 3003 907 3056 trahere?
935 3003 1064 3068 Quia
1098 3004 1338 3058 trahente
1360 3004 1511 3069 Filio,
1545 3007 1706 3059 trahit
1735 3018 1786 3060 et
1809 3008 1982 3061 Pater.

418 3094 642 3148 'l'raham
662 3134 677 3158 ,
703 3095 911 3163 inquit,
943 3103 1126 3164 utpote
1147 3111 1176 3148 a
1209 3107 1432 3165 tyranno
1457 3096 1701 3151 detentus
1720 3138 1734 3163 ,
1763 3099 1849 3168 qui
1878 3115 1984 3152 non

415 3187 618 3255 possint
644 3200 738 3254 per
761 3201 822 3239 se
837 3188 1109 3250 accedere,
1133 3196 1186 3240 et
1199 3187 1313 3256 ejus
1323 3187 1627 3244 obsistentis
1647 3205 1828 3245 manus
1849 3190 1984 3245 etfu-

1403 254 1466 310 ΙΝ
1501 255 1816 317 ,ΙΟᾹΝΝΕΜ
1852 259 2080 322 Βοιαὶ.
2111 267 2337 328 LXVIII.
2371 277 2440 332 al.
2476 274 2680 335 LXVII.

3595 295 3698 354 3η

2121 399 2263 480 gere.
2275 387 2411 442 Alibi
2422 403 2598 446 autent
2621 394 2745 449 illud
2761 399 2996 466 rapinam
3012 398 3355 459 t'ocat.Nemo
3370 418 3528 476 potest
3536 415 3700 480 spolia

2124 479 2267 536 fortis
2287 495 2482 548 rapere,
2508 484 2609 536 nisi
2626 486 2765 552 prius
2789 491 2970 556 fortem
3007 491 3211 561 alliget,
3238 506 3282 548 et
3308 507 3426 550 tunc
3452 479 3572 552 uasa
3590 503 3698 569 eius

2119 570 2288 637 rapiat
2313 571 2521 640 (Matth.
2557 575 2643 628 li.
2675 576 2786 649 29).
2822 579 2914 634 llis
2935 583 3050 648 ejus
3079 585 3379 640 violentiam
3415 588 3694 658 signiﬁcat.

2117 657 2269 726 Quod
2304 676 2432 731 ergo
2475 664 2579 718 ill-ie
2616 669 2887 735 rapinam,
2918 670 3004 725 hic
3047 675 3360 730 tractionem
3391 657 3693 747 appellavit.

2118 749 2242 806 Hac
2269 766 2388 805 cum
2417 755 2677 820 sciamus,
2718 759 3040 825 excitemur,
3087 765 3444 832 glorificemus
3493 771 3652 825 Deum
3677 814 3691 836 ,

2118 858 2226 895 non
2256 860 2348 910 per
2373 846 2529 900 tidem
2559 856 2784 911 tantum,
2809 851 2901 904 sed
2926 853 3084 905 etiam
3115 871 3210 922 per
3239 858 3428 922 vitam;
3457 862 3690 931 alioquin

2117 950 2222 988 non
2252 938 2417 1005 gloria
2443 979 2457 1000 .
2490 941 2582 994 sed
2622 942 2946 1009 blasphemia
2986 946 3036 998 itt
3081 945 3242 1000 Deum
3275 962 3435 1004 esset.
3468 951 3581 1005 Non
3623 955 3689 1009 ita

2113 1023 2512 1092 blasphematur
2537 1030 2672 1084 Deus
2700 1032 2766 1085 ab
2795 1036 3123 1088 esseerando
3149 1040 3360 1102 gentili,
3397 1051 3450 1093 ut
3479 1059 3507 1094 a
3539 1042 3692 1097 Chri-

2111 1118 2289 1171 stiano
2313 1133 2582 1188 corrupto.
2615 1123 2815 1178 Idcirco
2837 1128 3033 1192 oumia,
3059 1129 3302 1195 obsecro,
3329 1131 3602 1200 faciamus,
3636 1145 3691 1189 ut

2112 1208 2252 1262 Deus
2296 1211 2460 1278 gloria
2504 1211 2785 1268 afficiatur.
2818 1215 2948 1269 Nam
2979 1218 3071 1282 ait,
3119 1217 3208 1273 Vm
3246 1235 3400 1274 servo
3444 1224 3558 1288 illi,
3592 1241 3690 1293 per

2108 1315 2265 1368 quem
2301 1319 2494 1358 nomen
2545 1306 2635 1358 Dei
2675 1306 3070 1374 blasphematur
3103 1311 3345 1380 (quando
3381 1326 3557 1370 autem
3593 1316 3685 1371 νω

2107 1391 2323 1457 dicitur,
2347 1396 2520 1447 omnis
2549 1397 2813 1450 cruciatus
2834 1400 3073 1466 sequitur
3099 1413 3256 1470 atque
3286 1406 3624 1477 supplicium)
3660 1425 3674 1461 :

2106 1483 2292 1537 beatus
2318 1495 2494 1538 autem
2514 1487 2602 1540 ille
2631 1494 2732 1549 est,
2771 1502 2862 1553 per
2886 1505 3045 1556 quem
3075 1506 3267 1545 nomen
3311 1494 3428 1562 ejus
3456 1496 3685 1550 honora-

2108 1582 2212 1626 tur.
2241 1573 2317 1628 Ne
2338 1574 2514 1644 itaque
2533 1577 2697 1630 simus
2718 1576 2865 1645 quasi
2889 1579 2939 1631 iu
2962 1580 3214 1645 tenebris,
3241 1582 3332 1635 sed
3358 1585 3532 1638 omnia
3563 1602 3681 1655 pec-

2104 1673 2220 1717 cata
2244 1664 2502 1732 fugiamus
2525 1707 2540 1730 ,
2573 1667 2801 1720 maxime
2827 1676 3000 1721 antem
3033 1669 3118 1721 illa
3159 1686 3278 1739 qua
3323 1673 3374 1725 in
3415 1675 3678 1742 publicant

2105 1753 2390 1820 perniciem
2443 1763 2753 1809 transeunt:
2786 1757 2838 1808 in
2879 1757 2961 1810 his
3008 1757 3148 1810 enim
3199 1764 3491 1828 praesertim
3538 1766 3678 1821 Deus

2104 1843 2518 1912 blasphematur.
2552 1845 2721 1911 Quam
2751 1847 2893 1899 enim
2920 1848 3126 1902 veniam
3180 1865 3600 1920 consequemur,
3632 1857 3676 1910 si

2099 1936 2217 1989 aliis
2237 1936 2365 1989 dare
2389 1937 2544 2004 jussi,
2575 1937 2748 1990 aliena
2775 1939 3083 2006 rapiamus?
3111 1958 3229 2007 qua:
3257 1943 3408 1998 nobis
3434 1945 3535 1998 erit
3555 1961 3678 2017 spes

2099 2026 2285 2080 salutis
2312 2027 2335 2077 'l
2360 2025 2414 2081 Si
2441 2028 2764 2081 esurientem
2791 2044 2896 2082 non
2924 2030 3057 2096 alas,
3082 2033 3338 2099 punieris;
3361 2035 3404 2087 si
3435 2035 3674 2090 indutum

2099 2132 2262 2171 exuas
2286 2157 2302 2182 ,
2349 2132 2506 2187 quam
2537 2120 2881 2188 consequeris
2921 2122 3167 2174 veniam?
3211 2123 3332 2178 lla-0
3375 2125 3677 2194 frequenter

2097 2209 2273 2263 dicere
2295 2224 2398 2262 non
2423 2210 2768 2264 cessabimus.
2802 2208 2963 2265 Forte
2989 2213 3077 2282 qui
3110 2213 3266 2268 hodie
3295 2231 3398 2270 non
3428 2219 3670 2286 audiunt,

2095 2315 2214 2353 cras
2260 2299 2521 2354 audient:
2575 2301 2662 2368 qui
2714 2315 2832 2356 cras
2883 2317 2985 2355 non
3040 2305 3315 2360 attendent
3345 2347 3361 2372 ,
3421 2310 3673 2376 postridie

2095 2391 2331 2445 audient.
2383 2391 2534 2457 Quod
2560 2392 2606 2444 si
2635 2392 2724 2460 qui
2780 2393 3101 2462 immorigeri
3146 2396 3292 2461 sint,
3336 2411 3432 2451 nos
3480 2401 3667 2453 saltent

2098 2482 2295 2535 innoxii
2317 2481 2572 2549 judicium
2595 2497 2698 2534 non
2722 2481 3036 2543 subibimus,
3075 2485 3296 2554 quiquae
3314 2496 3490 2542 nostra
3520 2500 3673 2544 erant

2096 2573 2506 2641 impleverimus.
2528 2572 2738 2630 Utinam
2767 2588 2863 2627 nec
2890 2591 2984 2628 nos
3009 2575 3076 2628 de
3090 2576 3244 2630 dictis
3273 2579 3666 2648 erubescamus,

2094 2681 2192 2719 nec
2235 2679 2330 2717 vos
2375 2666 2577 2732 pudore
2622 2663 2926 2718 afﬁciamini
2947 2704 2961 2727 ,
2994 2667 3087 2720 sed
3118 2682 3304 2722 omnes
3328 2685 3446 2724 cum
3479 2671 3667 2726 fiducia

2094 2765 2238 2811 stare
2263 2757 2523 2824 possimus
2551 2765 2673 2808 ante
2703 2755 2930 2809 tribunal
2960 2757 3176 2823 Christi,
3211 2770 3268 2813 nt
3290 2769 3343 2814 et
3368 2777 3466 2816 nos
3496 2764 3666 2829 possi-

2093 2864 2211 2903 mus
2264 2851 2314 2904 in
2360 2849 2509 2903 vobis
2558 2848 2792 2918 gloriari,
2826 2849 2997 2918 deque
3021 2850 3172 2904 malis
3212 2853 3407 2906 nostris
3435 2853 3664 2922 aliquam

2092 2942 2506 2996 consolationem
2529 2942 2790 3013 act-ipere;
2807 2952 3036 2997 vestram
3059 2956 3249 3009 nempe
3278 2942 3662 3010 probationem,

2092 3031 2144 3084 in
2184 3031 2393 3085 Christo
2408 3032 2531 3086 Jesn
2561 3033 2784 3086 Domino
2813 3043 3016 3098 nostro,
3046 3032 3258 3099 quicum
3280 3032 3420 3086 Patri
3439 3033 3606 3102 gloria
3640 3073 3657 3099 ,

2091 3120 2351 3187 simulque
2377 3120 2592 3191 Spiritui
2620 3133 2802 3176 sancto
2831 3123 2884 3176 in
2914 3121 3128 3176 szecula.
3159 3122 3350 3176 Amen.

461 3330 3621 3359 -—_.__._________..____.._____________________________

1688 3420 2033 3488 HOMILIA
2073 3428 2351 3491 LXVIII.

412 3552 536 3606 Car.
571 3553 656 3607 l2.
686 3569 739 3606 v.
774 3555 862 3609 54.
905 3554 1178 3625 Respondit
1204 3559 1248 3610 ei
1268 3558 1413 3611 turba
1435 3575 1454 3612 :
1481 3557 1592 3613 Nos
1617 3562 1897 3618 audivimus
1923 3580 1987 3618 ex

482 3645 607 3714 lege,
627 3647 759 3710 quod
783 3647 1008 3700 Christus
1036 3657 1202 3701 manet
1223 3649 1274 3701 in
1293 3657 1528 3701 wternum
1549 3666 1568 3703 :
1589 3661 1636 3702 et
1662 3653 1912 3718 quomodo
1932 3663 1990 3707 tu-

480 3737 624 3802 dicis,
658 3737 866 3804 Oportet
888 3740 1098 3792 exaltari
1124 3739 1316 3793 Filium
1344 3741 1602 3796 hominis?
1632 3742 1756 3808 Quis
1779 3754 1850 3798 est
1893 3747 1986 3800 iste

481 3825 646 3880 Filius
674 3829 887 3881 hominis
903 3829 929 3881 .’

479 3917 533 3972 I.
574 3917 715 3973 Mors
759 3917 948 3974 Christi
995 3937 1094 3974 non
1142 3921 1304 3993 obfuit
1346 3924 1611 3992 quominus
1665 3938 1886 3982 maneret
1927 3930 1979 3983 in

407 4018 665 4061 tt'ternum.
693 4040 764 4050 —
786 4010 950 4064 Error
973 4011 1302 4080 deprehenso
1335 4015 1500 4068 facilis
1526 4025 1580 4070 et
1605 4017 1844 4073 inﬂrmns
1873 4029 1975 4087 est,

407 4098 614 4151 etiamsi
635 4101 874 4154 exterius
895 4102 1038 4155 mille
1059 4103 1372 4172 depingalur
1396 4107 1679 4162 coloribus.
1705 4109 1773 4162 Et
1796 4127 1979 4178 quem-

405 4185 685 4241 admodum
713 4190 786 4251 ii,
817 4190 904 4258 qui
949 4193 1114 4244 ruinae
1145 4196 1410 4260 proximos
1442 4198 1666 4262 parietes
1693 4199 1974 4270 oblinunt,

406 4292 510 4331 non
546 4278 665 4332 illos
693 4288 868 4333 tamen
901 4281 1059 4335 illitos
1104 4283 1315 4336 ﬁrmant
1345 4302 1359 4337 :
1391 4287 1468 4339 sic
1496 4287 1583 4354 qui
1613 4291 1974 4358 mentiuntur,

407 4364 560 4420 facile
589 4368 969 4423 confutantur:
1015 4370 1067 4423 id
1115 4372 1252 4440 quod
1301 4373 1386 4427 hic
1432 4376 1568 4441 passi
1619 4386 1745 4430 sunt
1781 4377 1970 4435 Judaei.

405 4453 533 4507 Nam
580 4456 795 4511 Christo
824 4461 950 4528 ipsis
989 4461 1228 4526 dicente,
1271 4463 1397 4517 Cum
1441 4463 1688 4520 cxaltatus
1733 4472 1875 4537 [itero
1899 4511 1912 4533 ,
1943 4487 1976 4524 a

403 4553 534 4597 terra
562 4562 731 4601 omnes
773 4549 968 4602 traham
995 4551 1062 4603 ad
1102 4554 1374 4622 meipsum;
1417 4555 1526 4609 Nos
1559 4559 1859 4623 audivimus,
1888 4562 1971 4616 in-

401 4640 619 4704 quiunt,
650 4656 681 4692 a
708 4639 814 4710 lege
836 4684 850 4705 ,
879 4644 997 4712 quia
1027 4643 1253 4699 Christus
1278 4657 1439 4700 manet
1460 4648 1513 4700 in
1539 4659 1801 4706 retentum.
1835 4653 1973 4718 Quo-

405 4728 552 4780 modo
579 4739 631 4782 tu
656 4731 780 4784 dicis
800 4772 814 4794 ,
849 4731 1055 4801 Oportet
1087 4737 1302 4790 exaltari
1345 4736 1540 4791 Filium
1571 4741 1824 4797 hominis?
1846 4744 1971 4811 Quis

402 4827 473 4867 est
501 4817 592 4872 istc
623 4817 792 4873 Filius
821 4822 1037 4876 hominis
1061 4825 1085 4876 Ρ
1131 4825 1335 4880 Norant
1364 4829 1520 4896 igitur
1551 4830 1819 4886 Christum
1850 4850 1969 4890 esse

403 4902 796 4974 immortalem,
837 4924 890 4964 et
929 4915 1087 4966 vitam
1136 4914 1330 4970 habere
1375 4919 1488 4972 sine
1536 4923 1779 4978 termino.
1829 4924 1969 4995 Ergo

400 4994 523 5061 quid
565 4997 770 5053 diceret
800 5001 1180 5072 intelligebant.
1214 5007 1424 5061 Etenim
1457 5009 1507 5062 in
1533 5009 1820 5080 Scripturis
1851 4994 1970 5083 pas-

402 5083 500 5135 sim
523 5094 576 5138 et
619 5090 797 5155 passio
837 5099 892 5145 et
941 5096 1261 5149 resurrectio
1287 5097 1611 5154 ’occurrunt.
1643 5102 1772 5155 Nam
1806 5102 1967 5158 Isaias

402 5170 515 5226 haec
539 5175 695 5229 simul
723 5181 907 5245 ponit:
935 5181 1209 5245 Tamquam
1237 5185 1341 5236 ovis
1370 5186 1437 5238 ad
1465 5190 1758 5242 occisionem
1787 5194 1966 5246 ductus

400 5271 470 5312 est
497 5261 648 5329 (Isai.
674 5267 766 5322 55.
798 5267 890 5335 7),
919 5282 970 5323 et
997 5288 1113 5337 quae
1142 5283 1436 5342 sequuntur
1463 5279 1658 5332 omnia.
1692 5279 1758 5332 Et
1804 5282 1965 5337 David

401 5350 452 5438 in
485 5356 718 5409 secundo
749 5358 977 5424 Psalmo,
1006 5371 1058 5414 et
1083 5363 1207 5415 alibi
1231 5379 1373 5430 saepe
1403 5364 1516 5420 lucc
1543 5369 1699 5421 ambo
1727 5373 1960 5438 copulat.

403 5437 701 5497 Patriarcba
724 5463 933 5517 quoque
953 5467 1070 5504 cum
1094 5452 1242 5510 dicit.
1269 5452 1509 5509 Occidens
1528 5457 1758 5511 dormivit
1784 5471 1839 5512 ut
1860 5461 1960 5527 leo,

401 5529 737 5615 addiditque,
773 5536 835 5590 Et
879 5548 934 5591 ut
973 5540 1169 5594 catulus
1211 5541 1388 5610 leonis,
1418 5547 1530 5615 quis
1567 5548 1822 5602 suscitabit
1849 5566 1962 5604 eum

401 5613 552 5682 (lien.
591 5622 678 5677 49.
710 5624 799 5694 9)?
825 5627 1084 5701 simulque
1114 5631 1411 5700 passionem
1432 5613 1489 5689 et
1523 5641 1958 5694 resurrectionem

2079 3566 2358 3635 significat.
2392 3569 2588 3623 Verum
2618 3570 2669 3623 hi
2698 3579 2973 3638 sperantes
3020 3585 3080 3625 se
3109 3571 3183 3624 illi
3215 3572 3485 3625 silentium
3534 3573 3636 3626 lm-

2092 3658 2357 3726 posituros
2386 3675 2448 3713 ac
2494 3661 2956 3714 demonstraturos
3007 3661 3178 3730 ipsum
3227 3678 3330 3716 non
3361 3676 3480 3716 esse
3503 3661 3655 3714 Chria

2087 3757 2247 3811 stum,
2276 3746 2398 3803 hinc
2416 3749 2682 3803 Christum
2710 3750 2760 3802 in
2788 3760 3044 3804 aeternum
3076 3766 3289 3805 manere
3314 3752 3654 3806 multantur.

2089 3837 2153 3889 Et
2179 3837 2298 3892 vide
2324 3854 2481 3908 quant
2511 3839 2756 3908 maligne.
2788 3839 2902 3893 Non
2931 3840 3178 3894 dixerunt
3206 3842 3346 3896 enim
3367 3882 3383 3906 ,
3411 3841 3517 3895 Nos
3556 3858 3654 3894 au-

2084 3927 2310 3980 divimus
2335 3929 2473 3997 quod
2500 3930 2743 3984 Christus
2764 3947 2868 3986 non
2893 3946 3165 3999 passurus,
3196 3948 3300 3984 non
3337 3930 3653 3999 crucifigen-

2083 4016 2182 4071 dus
2207 4019 2304 4081 sit,
2354 4020 2480 4081 sed,
2517 4020 2664 4082 Quod
2707 4031 2869 4074 manet
2913 4021 2965 4073 in
2989 4031 3249 4074 ceterarum.
3299 4023 3452 4090 Atqui
3482 4035 3653 4086 neque

2083 4107 2185 4162 hoc
2211 4109 2404 4163 dictum
2431 4112 2752 4164 contrarium
2783 4121 2916 4164 erat.
2958 4111 3140 4166 Passio
3171 4127 3398 4179 namque
3429 4113 3655 4166 immur.

2085 4199 2300 4252 talitatis
2349 4214 2453 4252 nou
2500 4199 2600 4252 fuit
2646 4201 3097 4268 impedimentum.
3147 4200 3278 4254 lliue
3321 4201 3500 4254 videre
3528 4201 3652 4254 licet

2082 4290 2245 4343 multa
2275 4305 2368 4343 eos
2393 4291 2610 4345 scivisse
2638 4308 2754 4359 quae
2798 4294 2848 4344 in
2888 4292 3106 4346 dubium
3138 4291 3314 4344 vocari
3369 4301 3646 4359 poterant,

2080 4389 2238 4449 atque
2265 4393 2456 4450 sponte
2483 4396 2576 4435 sua
2607 4384 2920 4451 malignatos
2945 4398 3082 4437 esse.
3107 4383 3238 4449 Quia
3261 4383 3402 4436 enim
3435 4393 3557 4435 ante
3581 4382 3648 4436 de

2079 4483 2250 4526 morte
2277 4473 2598 4526 disseruerat
2621 4514 2635 4536 ,
2667 4488 2786 4527 eum
2833 4473 2920 4527 hic
2961 4474 3203 4527 audirent
3231 4472 3381 4525 illum
3405 4474 3645 4525 exaltan-

2077 4561 2200 4615 dnm
2227 4576 2378 4624 esse,
2425 4565 2524 4616 hoc
2562 4564 2997 4630 suspicathunt.
3049 4563 3246 4616 Deinde
3272 4563 3486 4627 dicunt,
3522 4563 3648 4626 Quis

2076 4663 2147 4706 est
2176 4654 2268 4706 iste
2294 4652 2460 4706 Filius
2505 4654 2766 4707 hominis?
2801 4652 2879 4708 Et
2925 4655 3024 4709 hoc
3073 4655 3318 4723 maligne.
3351 4654 3427 4708 Ne
3459 4665 3607 4721 putes
3627 4696 3642 4718 ,

2077 4741 2358 4811 inquiunt,
2392 4759 2488 4796 nos
2513 4744 2580 4796 de
2611 4754 2660 4798 te
2692 4746 2790 4798 hoc
2829 4744 3004 4798 dicere
3027 4785 3042 4806 ,
3075 4761 3176 4798 neu
3206 4745 3372 4806 dicas,
3420 4760 3516 4798 nos
3547 4745 3643 4798 ini-

2075 4834 2290 4887 micitia:
2337 4849 2496 4890 causa
2529 4836 2619 4888 tibi
2665 4835 3050 4889 contradicere.
3104 4837 3239 4889 Ecce
3284 4837 3551 4888 nescimus
3577 4835 3644 4889 de

2073 4941 2179 4995 quo
2207 4927 2440 4995 loquaris
2461 4968 2476 4992 ,
2521 4938 2575 4981 et
2603 4936 2777 4981 tamen
2822 4927 2935 4980 haec
2985 4926 3317 4995 proferimus.
3349 4927 3485 4992 Quid
3517 4941 3643 4992 ergo

2074 5014 2358 5068 Christus?
2399 5015 2544 5084 Ipsos
2569 5016 2805 5070 confulat
2826 5057 2840 5078 ,
2874 5014 3210 5082 ostenditque
3237 5015 3532 5081 passionem
3565 5015 3643 5066 ni-

2073 5103 2147 5158 hil
2169 5105 2356 5159 obesse
2377 5107 2658 5173 quominus
2676 5107 2786 5173 ipse
2810 5114 3020 5158 maneat
3041 5105 3091 5156 in
3120 5117 3398 5155 aeternum.
3538 5103 3641 5153 Ad-

2073 5195 2191 5260 huc,
2214 5195 2402 5264 inquit,
2424 5196 2672 5248 modicum
2688 5205 2880 5263 tempus
2903 5194 3068 5245 luvium
3085 5195 3136 5242 in
3162 5191 3296 5242 vobis
3317 5201 3386 5242 est
3405 5209 3422 5252 ;
3444 5193 3641 5260 signiti-

2069 5299 2198 5337 caus
2240 5293 2463 5338 mortem
2527 5299 2674 5338 suam
2721 5299 2839 5337 esse
2887 5282 3307 5336 translationem.
3360 5280 3489 5333 Nam
3549 5281 3638 5334 lux

2071 5374 2198 5426 solis
2228 5360 2746 5440 non‘exstinguitur,
2773 5373 2865 5425 sed
2894 5386 3058 5440 parvo
3084 5380 3321 5438 tempore
3359 5371 3637 5432 secedens.

2069 5479 2277 5517 rursum
2308 5471 2547 5531 apparet.
2595 5461 2860 5513 Ambulale
2901 5461 3020 5512 dum
3049 5461 3210 5511 lucem
3242 5459 3450 5513 habetis.
3480 5457 3630 5524 Quod

2071 5552 2154 5606 hic
2183 5562 2389 5620 tempus
2434 5550 2668 5604 indicat?
2707 5565 2772 5602 an
2818 5561 2980 5604 totam
3014 5553 3147 5603 hanc
3174 5551 3330 5605 vitam
3349 5551 3374 5603 ’ἒ
3400 5566 3465 5603 an
3495 5561 3630 5604 temo

2067 5658 2162 5712 pus
2189 5654 2310 5697 ante
2336 5642 2587 5698 crucem?
2611 5641 2900 5713 Utrumque
2923 5643 3166 5698 arbitror.
3190 5642 3273 5698 0h
3308 5641 3625 5698 inctfabilem
