4072 6152
405 285 509 342 375

405 402 548 455 cnim
593 399 709 468 ejus
755 397 1170 468 benignitatem,
1226 395 1374 450 multi
1401 395 1563 450 etiam
1609 405 1727 463 post
1767 409 1980 449 erucem

405 493 774 548 crediderunt.
803 489 928 544 Hice
958 503 1118 558 porro
1147 487 1274 541 dicit
1316 496 1371 541 ut
1407 487 1527 541 illos
1549 485 1618 540 ad
1656 484 1980 541 credendum

404 583 659 644 concitet,
685 588 740 634 ut
761 581 921 634 etiam
937 579 1181 647 superius
1207 577 1332 637 fecit
1357 578 1428 632 ita
1448 578 1652 638 dicens.
1675 577 1853 630 Adhuc
1872 592 1982 630 mo-

406 673 578 725 dicum
609 681 805 738 tempus
823 669 1078 723 vobiscum
1111 686 1244 722 sum.
1279 668 1380 734 Qui
1407 668 1631 722 ambulat
1655 668 1708 720 in
1741 667 1980 730 tenebris,

405 765 559 816 nescit
577 778 674 832 quo
697 764 847 816 vadat
870 760 1047 831 (Joan.
1065 762 1118 816 7.
1143 761 1253 829 33).
1275 761 1478 828 Quanta
1503 777 1642 814 nunc
1657 759 1824 814 .Iuda-i
1845 762 1984 827 igno-

407 863 588 908 rantes
621 852 817 906 bciunt
836 895 852 916 ,
879 868 942 907 ac
969 853 1012 906 si
1044 853 1095 906 in
1127 853 1359 908 tenebris
1383 852 1753 906 ambularent!
1783 851 1981 905 Viden-

409 951 493 995 tur
518 941 619 995 sibi
647 950 788 995 recta
811 941 1056 995 incedere
1077 943 1159 994 via
1177 983 1191 1004 ,
1214 941 1338 995 dum
1367 941 1630 995 contraria
1666 940 1980 1008 procedunt,

408 1033 684 1085 sabbatum
712 1042 1009 1096 servantes,
1028 1043 1079 1085 et
1099 1034 1264 1101 legem
1281 1033 1625 1102 ciborumque
1645 1033 1978 1086 observatio—

412 1135 527 1181 nes;
545 1132 595 1173 et
617 1121 856 1174 nesciunt
876 1123 959 1174 ubi
978 1123 1267 1176 ambulent.
1290 1121 1408 1174 ideo
1430 1123 1668 1175 dicebat:
1694 1123 1780 1177 36.
1799 1120 1978 1174 Ambw

410 1210 511 1262 late
525 1211 576 1263 in
607 1212 749 1275 luce,
769 1219 822 1263 ut
861 1211 954 1276 ﬁlii
984 1211 1110 1265 lucis
1142 1213 1282 1275 sitis;
1317 1213 1366 1265 id
1395 1222 1496 1276 est,
1533 1211 1624 1265 ﬁlii
1657 1213 1780 1265 mei.
1826 1212 1980 1276 Atqui

411 1302 462 1354 in
492 1303 747 1369 principio
787 1303 955 1370 inquit
997 1303 1318 1369 evangelista
1350 1319 1364 1352 :
1399 1301 1517 1355 Non
1545 1319 1609 1355 ea:
1631 1303 1978 1370 sanguinibus,

409 1407 566 1460 neque
589 1408 652 1444 ea:
673 1393 923 1444 uoluntate
945 1393 1130 1452 carnis.
1147 1392 1233 1444 sed
1261 1408 1324 1445 ea:
1339 1391 1445 1444 Deo
1475 1393 1577 1444 nati
1597 1401 1712 1445 sunt
1733 1390 1910 1460 (Joan.
1930 1393 1979 1445 l.

411 1484 536 1548 l3);
563 1483 612 1535 id
648 1494 748 1545 est,
769 1499 832 1536 ex
851 1482 1008 1536 Patre
1027 1498 1041 1534 :
1061 1483 1147 1536 hic
1163 1498 1288 1537 vero
1307 1486 1421 1549 lpse
1441 1484 1556 1536 illos
1596 1483 1813 1552 gignere
1845 1483 1978 1536 dici-

409 1582 512 1637 tur,
532 1582 584 1625 ut
603 1575 738 1626 scias
756 1589 910 1626 unam
928 1587 1047 1627 esse
1066 1575 1426 1639 operationem
1443 1573 1616 1628 Patris
1631 1584 1683 1628 et
1703 1573 1836 1628 Filii.
1857 1574 1982 1628 Haec

407 1663 642 1729 loquutus
665 1661 836 1724 Iesus,
858 1664 1002 1725 abiit,
1023 1672 1070 1716 et
1089 1664 1348 1716 abscondit
1370 1680 1424 1716 se
1447 1664 1508 1717 ab
1531 1665 1619 1717 eis.
1639 1664 1746 1718 Cur
1765 1666 1982 1718 abscon-

405 1752 484 1804 dit
509 1769 566 1805 se
593 1753 769 1805 nttuc?
791 1751 969 1820 Neque
985 1753 1126 1805 enim
1155 1752 1356 1821 lapides
1373 1761 1557 1805 contra
1579 1769 1697 1806 cum
1723 1755 1976 1819 tulerunt,

415 1859 591 1912 tneque
627 1843 1082 1913 hlasphemaruut,
1113 1852 1168 1897 ut
1191 1853 1311 1898 ante
1342 1843 1594 1898 fecerant.
1627 1845 1734 1899 Cur
1763 1859 1889 1914 ergo
1921 1859 1980 1897 se

407 1934 726 1987 abscondit?
753 1933 887 1988 Cum
922 1934 973 1986 in
1003 1934 1162 1987 corda
1197 1943 1531 2001 penetraret,
1561 1933 1760 1987 sciebat
1790 1949 1976 1987 eorum

405 2025 616 2078 animos
639 2025 978 2092 exasperari,
1009 2024 1218 2078 etiamsi
1261 2023 1394 2078 nihil
1421 2024 1767 2094 loquerentur
1796 2043 1810 2080 :
1840 2026 1979 2080 seic-

405 2117 497 2170 bat
525 2117 728 2171 fervere
773 2117 893 2170 illos
921 2126 974 2172 et
997 2118 1199 2172 czedem
1225 2118 1460 2186 spirare;
1493 2132 1666 2186 neque
1695 2125 1974 2186 exspecta-

403 2207 478 2260 vit
509 2206 678 2261 donec
706 2207 756 2260 in
783 2221 920 2276 opus
948 2207 1292 2276 procederent
1319 2246 1334 2272 ,
1367 2205 1459 2260 sed
1491 2206 1769 2260 abscondit
1799 2222 1885 2268 se,
1917 2216 1976 2260 ιιι

404 2298 610 2351 illorum
651 2297 900 2351 invidiam
935 2298 1162 2352 sedaret.
1193 2295 1328 2351 Vide
1355 2297 1622 2365 quomodo
1654 2296 1702 2350 id
1737 2296 1974 2351 subindi-

401 2399 487 2442 cet
528 2389 885 2458 evangelista,
926 2389 1013 2456 qui
1057 2389 1232 2442 statim
1275 2388 1420 2442 addit
1457 2405 1470 2441 :
1501 2389 1590 2443 57.
1639 2389 1763 2442 Cum
1809 2400 1973 2444 autem

403 2491 540 2534 tanta
569 2482 712 2549 signa
742 2481 934 2550 fecisset
957 2521 970 2544 ,
1003 2497 1102 2534 non
1130 2481 1448 2534 crediderunt
1484 2483 1535 2534 in
1561 2498 1692 2535 eum.
1726 2482 1854 2549 Qua:
1885 2482 1972 2536 illa

407 2583 549 2627 tanta
594 2573 781 2643 signa?
825 2573 897 2627 Ea
924 2588 1042 2643 qua:
1083 2574 1420 2642 praztermisit
1450 2575 1790 2642 evangelista,
1821 2581 1878 2627 ut
1905 2589 1971 2628 ex

401 2665 742 2733 mquentibns
766 2665 934 2733 palam
960 2673 1057 2718 est.
1089 2664 1220 2718 Nam
1249 2680 1369 2718 cum
1398 2666 1724 2728 secessisset,
1746 2673 1797 2719 et
1827 2675 1974 2732 post-

411 2769 472 2806 ea
505 2768 751 2808 reversus
777 2763 950 2816 esset,
973 2769 1158 2808 rursus
1186 2755 1390 2823 placide
1432 2756 1551 2810 illos
1575 2755 1862 2824 alloquitur
1888 2756 1970 2811 his

403 2843 580 2897 verbis
604 2861 617 2896 :
644 2843 744 2907 Qui
771 2845 927 2898 credit
947 2845 998 2898 in
1025 2862 1120 2909 me,
1155 2863 1254 2899 non
1285 2846 1440 2898 credit
1463 2846 1516 2898 in
1547 2863 1644 2910 me,
1667 2847 1756 2900 sed
1775 2847 1826 2900 in
1857 2863 1970 2900 eum

399 2936 486 3002 qui
513 2936 644 2988 misit
669 2951 747 2988 me
792 2934 967 3005 (Ibid.
1014 2937 1098 2990 12.
1128 2936 1238 3003 44).
1273 2935 1403 2989 Vide
1427 2935 1550 3002 quid
1580 2935 1704 2989 facit
1735 2952 1749 2988 :
1781 2936 1848 2989 ab
1875 2935 1975 2988 hu-

401 3025 612 3078 milibus
656 3025 877 3094 incipit,
921 3034 974 3080 et
1014 3024 1245 3093 confugit
1290 3025 1356 3077 ad
1387 3024 1635 3088 Patrem,
1676 3024 1970 3090 iterumque

399 3115 603 3168 extollit
628 3130 950 3168 sermonem.
998 3115 1065 3168 Et
1107 3130 1227 3168 cum
1271 3129 1361 3166 eos
1402 3113 1648 3166 efferatos
1692 3114 1967 3183 intelligit,

399 3205 618 3258 discedit
641 3246 655 3269 ,
681 3214 736 3259 et
760 3220 946 3259 rursus
972 3213 1242 3272 comparet
1261 3246 1274 3265 ,
1297 3205 1437 3257 etab
1463 3204 1750 3258 humilibus
1779 3205 1969 3259 iterum

401 3297 604 3365 incipit.
655 3297 720 3350 Et
761 3297 974 3350 ubinam
1025 3296 1123 3350 hoc
1163 3295 1324 3350 fecit?
1371 3295 1480 3349 lmo
1515 3295 1602 3348 ubi
1655 3311 1758 3348 non
1810 3295 1970 3349 fecit?

399 3387 534 3441 Vide
559 3387 682 3456 quid
716 3387 865 3440 initio
911 3387 1092 3440 dicat:
1125 3385 1270 3441 Sicut
1312 3387 1499 3452 audio,
1534 3385 1968 3456 judico;deinde

397 3479 674 3532 sublimius
697 3518 710 3539 .
745 3477 890 3532 Sicut
920 3479 1048 3531 enini
1077 3477 1233 3530 Pater
1255 3479 1460 3532 suscitat
1485 3488 1708 3532 mortuos
1735 3489 1780 3530 'et
1802 3478 1968 3545 viviﬁ-

397 3579 496 3633 cat,
523 3570 594 3624 sic
615 3579 662 3623 et
687 3567 854 3622 Filius
878 3585 1000 3637 quos
1025 3567 1129 3621 vult
1173 3569 1391 3634 vitii/ient
1429 3569 1448 3637 (
1477 3567 1614 3622 Ibid.
1639 3569 1672 3624 5
1723 3569 1810 3623 50.
1837 3569 1963 3636 2i);

399 3661 696 3727 iterutnque
719 3701 735 3724 ,
781 3659 889 3727 Ego
915 3677 1013 3712 non
1047 3660 1228 3728 judico
1253 3676 1339 3713 vos
1359 3699 1371 3721 ,
1408 3661 1542 3713 alius
1567 3669 1639 3713 est
1665 3661 1749 3728 qui
1764 3660 1966 3730 judicat

398 3751 416 3814 (
447 3748 582 3802 Ibid.
609 3751 663 3803 8.
689 3748 802 3819 50).
836 3751 1167 3819 Rursumque
1201 3750 1433 3806 secedit:
1467 3760 1754 3820 posteaque
1781 3752 1830 3803 in
1862 3749 1968 3806 Ga-

399 3839 537 3892 lilzea
583 3853 928 3907 comparens,
962 3839 1254 3908 Operamini
1275 3880 1288 3903 ,
1322 3841 1520 3909 inquit,
1559 3858 1656 3894 non
1693 3839 1854 3893 cibum
1879 3840 1968 3909 qui

399 3930 526 4000 perit
553 3927 711 3998 (Ibid.
735 3932 787 3984 6.
808 3929 923 3997 27).
950 3929 1013 3983 Et
1036 3945 1156 3984 cum
1181 3945 1367 3998 magna
1391 3930 1460 3985 de
1485 3945 1544 3984 se
1563 3931 1801 3995 dixisset,
1823 3929 1966 4000 quod

397 4036 463 4075 ex
490 4020 622 4074 caelo
649 4019 984 4074 descenderit
1007 4059 1022 4080 ,
1053 4020 1192 4088 quod
1227 4021 1386 4073 vitam
1416 4031 1667 4075 :eternam
1693 4020 1816 4084 det,
1845 4035 1965 4074 rur-

395 4126 513 4166 sum
549 4111 803 4166 abscedit.
837 4113 899 4165 Et
930 4112 980 4164 in
1008 4109 1333 4183 Scenopegia
1366 4129 1572 4168 rursum
1602 4113 1854 4180 adstans,
1886 4112 1954 4167 id~

395 4200 564 4269 ipsum
595 4203 733 4255 l'acit.
781 4245 795 4256 .

464 4293 520 4346 2.
565 4293 641 4346 Ac
666 4301 920 4362 perpetuo
946 4292 1126 4348 videas
1155 4294 1303 4348 illum
1349 4293 1643 4349 doctrinam
1690 4309 1838 4349 suam
1869 4309 1964 4348 va-

395 4381 618 4436 riantcm
638 4422 652 4445 ,
680 4385 958 4450 praesentia
981 4425 996 4448 ,
1026 4385 1288 4450 absentia,
1313 4385 1620 4452 humilibus,
1650 4385 1964 4440 sublimibus

395 4474 591 4528 verbis.
619 4474 768 4539 Quod
799 4475 958 4529 etiam
1007 4476 1092 4528 hic
1135 4477 1274 4530 fecit.
1306 4476 1430 4529 Cum
1469 4488 1634 4530 autem
1657 4486 1795 4529 tanta
1820 4478 1966 4545 signa

393 4563 608 4630 fecisset,
638 4579 739 4615 non
767 4564 1086 4616 crediderunt
1112 4565 1164 4615 in
1193 4580 1324 4635 emt,
1357 4566 1556 4634 inquit,
1585 4566 1673 4618 38.
1702 4575 1756 4618 ut
1780 4566 1964 4635 imple-

393 4666 526 4706 retur
551 4668 713 4704 sermo
738 4651 893 4705 Isaite
914 4694 928 4714 ,
955 4669 1099 4720 quem
1125 4621 1297 4706 dixi”
1329 4653 1541 4709 Domine
1567 4695 1579 4714 .
1609 4655 1720 4725 quis
1749 4656 1962 4709 credidit

392 4741 590 4793 auditui
619 4742 830 4794 nostra?
857 4752 903 4794 et
929 4741 1186 4795 brachium
1213 4741 1418 4795 Domini
1443 4745 1523 4796 cui
1549 4745 1819 4798 revelatum
1848 4745 1964 4797 est?

395 4835 460 4888 Et
500 4848 728 4898 rursum,
758 4833 877 4888 Non
907 4845 1191 4905 potuerunt,
1223 4837 1411 4906 inquit,
1443 4839 1660 4904 credere,
1687 4840 1806 4909 quia
1835 4841 1963 4892 dixit

395 4926 560 4980 Isaias
591 4940 610 4979 :
632 4925 821 4978 Auditu
859 4925 1104 4988 audietis.
1133 4937 1181 4980 et
1223 4943 1321 4979 non
1369 4929 1674 4997 intelligetis.
1706 4930 1795 4983 41.
1838 4928 1963 4983 lItec

389 5029 558 5072 autem
584 5016 714 5070 dixit
739 5017 940 5085 quando
968 5017 1090 5069 vidit
1122 5017 1337 5088 gloriam
1375 5019 1486 5088 ejus
1504 5059 1521 5086 ,
1548 5029 1593 5071 et
1619 5019 1857 5088 loquutus
1882 5029 1955 5073 est

389 5111 451 5162 de
471 5125 548 5162 eo.
577 5107 715 5163 Ecce
744 5108 933 5162 iterum
960 5105 1081 5172 hoc,
1117 5108 1267 5173 Quia,
1299 5117 1372 5172 et,
1406 5107 1566 5172 Dixit,
1593 5125 1696 5162 non
1723 5112 1963 5165 causales

369 5208 512 5276 Isunt
539 5214 731 5262 voces,
760 5197 854 5252 sed
895 5205 1140 5253 eventum
1185 5199 1561 5268 siguilieantes.
1594 5200 1777 5270 Neque
1817 5203 1958 5256 enim

390 5292 508 5358 quia
555 5291 604 5344 id
632 5290 765 5344 dixit
807 5289 996 5354 Isaias,
1028 5289 1150 5345 ideo
1175 5307 1281 5345 non
1307 5292 1680 5357 crediderunt;
1711 5293 1804 5348 sed
1835 5296 1958 5364 quia

388 5381 641 5435 credituri
685 5397 788 5436 non
818 5391 1004 5445 erant,
1032 5381 1154 5436 ideo
1181 5381 1296 5438 hzec
1333 5382 1466 5437 dixit
1490 5381 1670 5438 Isaias.
1702 5383 1811 5438 Cur
1831 5400 1959 5455 ergo

390 5488 494 5525 non
542 5470 610 5523 ita
657 5471 888 5540 loquitur
929 5473 1286 5539 evangelista,
1336 5473 1432 5530 sed
1477 5473 1896 5530 incredulitatem
1926 5489 1956 5529 a

391 5557 666 5629 prophetia
688 5598 703 5620 ,
745 5575 850 5612 non
890 5561 1218 5629 prophetiam
1248 5562 1316 5618 ab
1349 5563 1716 5620 incredulitate
1737 5576 1857 5618 esse
1876 5564 1958 5617 di-

395 5652 465 5708 cit
493 5667 507 5704 :
541 5650 647 5705 imo
675 5652 726 5706 in
755 5651 1098 5719 sequentibus
1128 5650 1255 5706 illud
1284 5653 1667 5724 signiﬁcantius
1694 5653 1840 5725 ponit
1879 5653 1956 5710 sic

1150 280 1206 336 S.
1237 278 1514 336 JOANNlS
1551 277 2022 336 CHRVSOSTOMI
2061 277 2374 335 ARCHIEP.
2414 281 2944 340 CONSTANTINOP.

3559 291 3666 349 376

2092 393 2316 463 loquens
2339 434 2354 459 ,
2389 393 2664 466 Propterea
2710 414 2810 452 non
2851 409 3080 469 poterant
3119 401 3322 458 credere
3338 446 3354 472 ,
3375 406 3491 476 quia
3533 410 3665 464 dixit

2087 485 2299 541 Isaias?
2326 487 2422 542 Hic
2461 488 2702 558 pluribus
2726 492 2837 545 vult
2864 491 3164 561 signiﬁcare
3188 495 3475 565 Scriptura:
3501 513 3659 554 vera-

2086 578 2332 644 citatem,
2363 587 2418 633 et
2445 581 2586 648 quod
2611 596 2729 650 qua:
2758 581 2844 635 illa
2884 583 3166 650 praedixit,
3213 601 3318 640 non
3364 588 3473 641 alio
3499 604 3660 659 quam

2086 683 2192 738 quo
2216 669 2355 723 dixit
2380 669 2539 723 modo
2567 673 2864 726 evenerint.
2891 673 2970 727 Ne
2997 675 3116 742 quis
3144 675 3286 729 enim
3307 676 3530 743 diceret,
3554 680 3666 735 Cur

2086 757 2232 811 venit
2251 758 2526 812 Christus?
2552 775 2656 814 non
2685 761 2888 816 sciebat
2913 778 3017 816 non
3038 765 3332 820 credituros
3354 767 3512 822 illos?
3535 785 3662 838 pro-

2086 849 2276 917 phetas
2302 849 2536 916 inducit,
2563 852 2652 920 qui
2695 851 2795 906 hoc
2833 854 3230 922 prresciverunt.
3255 855 3413 911 Venit
3441 869 3618 912 autem
3643 899 3659 924 ,

2087 953 2154 993 ne
2179 939 2405 1008 aliquam
2447 941 2648 1010 peccati
2688 943 2767 995 sui
2798 944 3194 999 excusationem
3225 947 3504 1001 haberent.
3531 950 3662 1014 Qum

2086 1028 2226 1080 enim
2257 1028 2497 1096 praedixit
2529 1029 2783 1099 propheta
2804 1072 2820 1096 ,
2853 1042 2911 1084 ut
2932 1047 3150 1099 prorsus
3176 1033 3345 1088 futura
3377 1037 3615 1104 pmdixit
3643 1053 3659 1091 :

2087 1119 2186 1172 nisi
2223 1119 2364 1172 enim
2410 1120 2628 1174 omnino
2675 1119 2845 1174 futura
2893 1131 3108 1188 essent,
3157 1139 3262 1178 non
3306 1127 3657 1194 pra-dixisset».

2086 1209 2253 1264 Erant
2277 1218 2451 1264 autem
2484 1225 2701 1280 prorsus
2724 1209 2896 1265 futura
2917 1251 2934 1276 ,
2967 1227 3088 1266 cum
3129 1213 3201 1267 illi
3227 1215 3548 1272 incurabiles
3574 1231 3660 1272 cs-

2085 1309 2224 1354 sent.

2155 1388 2447 1455 Prophetite
2492 1390 2684 1444 nullam
2730 1391 2990 1461 imponunt
3029 1394 3389 1448 necessitatem.
3425 1425 3497 1436 ——
3522 1395 3662 1452 Illud

2084 1490 2281 1544 autem,
2316 1479 2433 1532 Non
2454 1489 2740 1548 potuerunt,
2769 1481 2818 1534 id
2839 1493 2940 1543 est,
2959 1481 3268 1538 Noluernnt.
3291 1484 3399 1538 Nec
3423 1486 3654 1540 mireris.

2082 1571 2213 1625 Nam
2261 1572 2384 1625 alibi
2434 1587 2642 1641 quoque
2687 1573 2760 1626 ait
2808 1591 2822 1626 :
2871 1571 2970 1637 Qui
3012 1583 3170 1644 potest
3214 1592 3428 1644 capere,
3480 1579 3658 1646 capiat

2086 1661 2296 1731 (Matth.
2340 1661 2424 1717 19.
2473 1662 2594 1730 12).
2637 1663 2725 1718 Sic
2749 1678 2893 1733 saepe
2935 1665 3071 1719 solet
3099 1675 3410 1733 potestatem
3439 1684 3534 1736 pro
3554 1685 3654 1724 vo-

2084 1757 2284 1809 lnntate
2311 1771 2526 1824 ponere.
2560 1756 2859 1825 lterumque
2882 1797 2898 1821 ,
2933 1757 3051 1810 Non
3094 1768 3253 1828 potest
3303 1761 3520 1815 mundus
3567 1778 3664 1816 vos

2083 1847 2200 1899 odio
2237 1847 2439 1909 habere;
2464 1864 2543 1900 me
2579 1857 2746 1900 autem
2771 1848 2888 1900 odio
2915 1849 3059 1902 liabet
3098 1850 3276 1918 (Joan.
3305 1851 3356 1904 7.
3391 1852 3468 1919 7).
3501 1853 3661 1919 Quod

2082 1937 2239 1990 etiam
2286 1937 2338 1990 in
2379 1937 2652 1991 communi
2701 1953 2797 1992 usu
2847 1939 3161 1993 observatur
3201 1959 3214 1995 :
3256 1949 3312 1994 ut
3359 1956 3480 1996 cum
3524 1943 3654 1996 dicit

2081 2027 2363 2097 quispiam,
2395 2043 2498 2080 non
2528 2043 2740 2096 possum
2767 2027 2914 2082 illum
2946 2032 3102 2084 talem
3136 2046 3337 2098 amare,
3366 2034 3657 2089 voluntatis

2081 2117 2469 2172 vehementiam
2519 2124 2836 2186 potestatem
2875 2134 3075 2175 vocans
3106 2138 3118 2173 :
3153 2137 3216 2176 ac
3263 2139 3510 2187 rursum,
3559 2123 3652 2180 Ille

2082 2205 2202 2259 talis
2232 2205 2342 2257 ﬁeri
2375 2220 2477 2257 non
2511 2214 2684 2274 potest
2711 2206 2902 2262 bonus.
2927 2209 2994 2262 Et
3019 2209 3271 2280 propheta
3295 2212 3419 2281 quid
3447 2211 3560 2266 ait?
3588 2212 3652 2269 Si

2081 2297 2288 2350 mutabit
2315 2295 2559 2366 £tltiops
2577 2298 2754 2366 pellem
2777 2314 2942 2363 suam,
2973 2310 3017 2352 et
3040 2300 3229 2370 pardus
3255 2302 3479 2355 maculas
3507 2319 3648 2367 suas;

2078 2399 2124 2442 et
2151 2389 2369 2460 populus
2415 2392 2494 2444 hic
2533 2392 2713 2456 poterit
2758 2391 2881 2446 bene
2917 2394 3082 2462 facere
3104 2433 3120 2458 ,
3165 2393 3250 2462 qui
3291 2393 3468 2446 didicit
3514 2395 3650 2448 mala

2079 2482 2220 2551 (Jer.
2249 2483 2336 2538 13.
2366 2483 2483 2551 25).
2511 2483 2626 2537 Non
2655 2483 2777 2538 ideo
2806 2483 2918 2538 haec
2957 2482 3118 2549 dicit,
3145 2483 3287 2553 quod
3316 2500 3419 2537 non
3445 2485 3652 2552 possint

2079 2572 2152 2625 illi
2183 2571 2430 2626 virtutem
2454 2587 2745 2638 exercere;
2777 2573 2870 2627 sed
2913 2572 3054 2640 quod
3100 2572 3337 2636 nollent,
3381 2574 3500 2627 ideo
3541 2589 3653 2627 non

2078 2678 2256 2733 posse.
2287 2663 2396 2717 Hoc
2425 2671 2600 2716 autem
2632 2663 2716 2716 hic
2742 2662 2841 2716 sibi
2865 2665 2975 2715 vult
2994 2663 3337 2731 evangelista,
3361 2678 3466 2716 non
3491 2677 3647 2731 posse

2077 2755 2286 2809 mentiri
2320 2755 2666 2825 prophetam,
2712 2745 2883 2823 neque
2929 2763 3104 2807 tamen
3153 2754 3271 2808 ideo
3321 2753 3645 2821 impossibile

2076 2853 2194 2899 erat
2239 2845 2356 2898 illos
2386 2844 2624 2898 credere.
2675 2843 2889 2898 Poterat
2927 2843 3068 2897 enini
3116 2843 3225 2896 ﬁeri
3271 2844 3510 2897 utetiam
3544 2842 3654 2896 illis

2075 2937 2412 2990 credentibus
2437 2951 2592 2990 verax
2640 2944 2782 2989 esset
2820 2933 3098 3003 pr0pheta.
3137 2934 3316 3003 Neque
3341 2935 3483 2989 enim
3528 2934 3643 2988 haec

2074 3027 2314 3090 dixisset,
2345 3027 2389 3080 si
2419 3027 2669 3081 credituri
2702 3026 2944 3080 fuissent.
2992 3023 3130 3086 Cur,
3164 3025 3402 3093 inquies,
3436 3039 3538 3078 non
3566 3023 3644 3078 ita.

2073 3117 2243 3172 dixit?
2264 3117 2396 3184 Quia
2420 3118 2551 3170 tales
2568 3116 2821 3186 quasdam
2851 3117 3193 3184 proprietates
3218 3114 3374 3168 habet
3403 3113 3641 3182 Scriptu-

2073 3224 2164 3271 ra,
2197 3215 2252 3260 et
2279 3207 2328 3260 id
2357 3206 2473 3275 ejus
2518 3206 2720 3273 legibus
2755 3205 3170 3261 concedendum.
3217 3203 3342 3258 Ηωσ
3371 3220 3520 3272 porro
3558 3204 3639 3256 di-

2073 3298 2176 3357 ait,
2203 3313 2317 3349 cum
2345 3297 2466 3349 uidit
2491 3295 2707 3366 gloriam
2743 3297 2870 3366 ejus.
2911 3295 3111 3364 Cujus?
3141 3295 3330 3349 Patris.
3377 3293 3482 3349 Cur
3511 3309 3642 3363 ergo

2073 3384 2306 3441 Joannes
2330 3387 2398 3440 de
2427 3385 2562 3441 Filio
2593 3386 2843 3456 loquitur,
2871 3395 2923 3439 et
2949 3387 3141 3440 Paulus
3163 3387 3230 3440 de
3257 3384 3456 3455 Spiritu
3477 3385 3501 3438 τ
3524 3385 3638 3440 Non

2075 3485 2130 3529 ιιι
2157 3473 2548 3529 confundentes
2581 3476 2892 3546 hypostases
2912 3516 2928 3540 ,
2959 3476 3050 3529 sed
3083 3491 3240 3529 unam
3283 3475 3639 3544 signiﬁcantes

2073 3566 2403 3634 dignitatem.
2428 3566 2557 3620 Nam
2586 3581 2704 3631 quae
2729 3567 2898 3620 Patris
2925 3576 3044 3620 sunt
3069 3607 3084 3631 ,
3108 3565 3226 3620 Filii
3258 3574 3416 3631 sunt,
3449 3575 3642 3631 etquae

2074 3656 2191 3710 Filii
2217 3696 2232 3722 ,
2261 3657 2434 3710 Patris
2464 3657 2504 3709 ί.
2533 3658 2690 3726 Atqui
2721 3657 2882 3710 multa
2917 3671 3010 3720 per
3034 3656 3252 3726 angelos
3283 3656 3436 3721 dixit,
3469 3665 3523 3709 et
3547 3669 3639 3710 ne-

2073 3762 2162 3800 mo
2193 3755 2364 3802 tamen
2409 3745 2482 3799 ait
2503 3787 2520 3812 ,
2547 3747 2697 3802 Sicut
2721 3745 2854 3800 dixit
2896 3747 3144 3815 angelus;
3195 3746 3286 3800 sed
3315 3745 3476 3816 quid?
3503 3745 3640 3798 Deus

2071 3835 2222 3890 dixit.
2253 3836 2383 3903 Qua:
2408 3837 2549 3890 enim
2597 3851 2627 3890 a
2677 3836 2787 3890 Deo
2831 3852 2927 3906 per
2951 3837 3168 3906 angelos
3191 3837 3327 3890 dicta
3354 3846 3510 3901 sunt,
3548 3834 3636 3889 Dei

2072 3937 2225 3991 sunt;
2259 3942 2362 3981 non
2403 3927 2528 3982 item
2554 3942 2672 3996 qua:
2720 3926 2812 3981 Dei
2854 3936 2996 3986 sunt.
3033 3927 3338 3996 angelorum
3370 3935 3510 3981 sunt.
3545 3925 3639 3979 llic

2074 4031 2205 4070 vero
2235 4016 2308 4068 ait
2344 4015 2504 4070 verba
2543 4015 2770 4084 Spiritus
2803 4031 2943 4070 esse.
2974 4015 3040 4070 Et
3081 4018 3314 4088 loquutus
3356 4026 3429 4068 est
3470 4017 3533 4069 de
3557 4031 3634 4068 eo.

2071 4105 2205 4174 Quid
2237 4106 2483 4175 loquutus
2509 4107 2623 4160 est?
2655 4105 2771 4160 Vidi
2808 4105 3077 4160 Dominum
3102 4107 3353 4160 sedentem
3378 4122 3529 4174 super
3550 4120 3639 4158 so-

2073 4197 2194 4249 lium
2226 4197 2476 4250 excelsum
2501 4195 2647 4267 (Isai.
2679 4196 2731 4250 6.
2763 4196 2840 4266 1),
2869 4205 2972 4250 etc.
3014 4197 3247 4251 Gloriam
3286 4211 3412 4266 ergo
3445 4196 3529 4250 hic
3556 4195 3639 4250 di-

2070 4288 2142 4342 cit
2175 4289 2430 4342 visionem
2459 4287 2622 4352 illam,
2646 4287 2866 4352 fumum,
2889 4302 3078 4340 arcana
3108 4287 3320 4342 audisse
3363 4285 3634 4356 mysteria;

2071 4378 2350 4448 Seraphim
2382 4377 2576 4432 vidisse
2595 4417 2608 4441 ,
2639 4378 2808 4446 fulgur
2834 4392 2862 4430 a
2891 4377 3085 4430 throno
3111 4377 3364 4430 exsiliens
3385 4415 3398 4436 ,
3425 4377 3474 4428 in
3498 4375 3636 4443 quod

2068 4471 2334 4538 respicere
2375 4477 2662 4536 potestates
2711 4467 2811 4520 illa:
2856 4482 2960 4520 non
2988 4467 3251 4520 valebant.
3295 4465 3360 4518 Et
3407 4466 3640 4533 loquutus

2067 4569 2143 4612 est
2171 4559 2234 4612 de
2254 4575 2332 4612 eo.
2379 4558 2514 4624 Quid
2561 4559 2808 4628 loquutus
2853 4557 2966 4611 est?
2997 4557 3147 4622 Quod
3192 4556 3420 4611 audierit
3453 4569 3636 4608 vocem

2068 4647 2352 4709 dicentem,
2379 4648 2539 4713 Quem
2558 4649 2769 4710 mittam,
2797 4657 2843 4699 et
2864 4647 2973 4716 quis
3003 4647 3130 4700 ibit?
3152 4646 3215 4698 Et
3241 4646 3368 4710 dixi,
3395 4645 3523 4698 Ecce
3549 4659 3639 4714 ego

2067 4753 2200 4801 sum,
2236 4737 2377 4789 mitte
2401 4752 2501 4789 me.
2534 4735 2599 4788 Et
2626 4736 2774 4799 dixit,
2808 4735 2996 4787 Auditu
3022 4737 3255 4798 audietis,
3279 4743 3325 4787 et
3355 4750 3456 4786 non
3492 4734 3640 4786 intel-

2069 4827 2260 4894 ligetis:
2281 4835 2326 4880 et
2350 4825 2568 4879 uidentes
2584 4826 2827 4889 uidebitis,
2850 4833 2897 4877 et
2923 4825 3166 4878 nescietis.
3195 4823 3479 4878 Exca'cauit
3507 4825 3638 4876 enim

2067 4919 2239 4972 oculos
2260 4933 2430 4970 eorum
2450 4958 2465 4982 ,
2488 4926 2532 4970 et
2558 4917 2814 4970 induravit
2851 4933 2940 4970 cor
2962 4933 3154 4977 eorum,
3187 4933 3249 4969 ne
3277 4921 3406 4987 forte
3439 4915 3636 4969 uideant

2067 5007 2226 5063 oculis
2249 5048 2264 5072 ,
2293 5017 2340 5060 et
2363 5006 2512 5060 corde
2536 5007 2817 5077 intelligant
2845 5006 2999 5075 (Isai.
3029 5007 3080 5059 6.
3115 5005 3245 5060 8-l0
3271 5005 3313 5075 ).
3345 5005 3423 5059 Eu
3452 5020 3635 5059 rursus

2066 5099 2221 5152 aliam
2248 5097 2594 5167 quaestionem
2613 5139 2628 5156 ,
2657 5113 2779 5165 quas
2799 5098 2937 5150 nulla
2962 5105 3136 5150 tamen
3164 5105 3278 5157 est.
3309 5098 3352 5148 si
3384 5106 3526 5150 recte
3554 5105 3638 5147 at-

2067 5189 2365 5243 tendamus.
2414 5186 2868 5254 Quemadmodum
2914 5187 3056 5241 euim
3103 5187 3180 5240 sol
3221 5186 3428 5240 debiles
3455 5186 3639 5238 oculos

2067 5279 2341 5348 percellit,
2377 5294 2480 5330 non
2529 5293 2623 5347 per
2672 5277 2936 5346 propriam
2983 5285 3225 5330 naturam
3260 5291 3273 5328 :
3305 5276 3383 5330 sic
3429 5288 3639 5344 quoque

2063 5369 2256 5423 accidit
2285 5369 2368 5433 iis,
2395 5369 2482 5437 qui
2514 5368 2604 5423 Dei
2631 5367 2805 5422 verbis
2842 5383 2947 5422 non
2977 5367 3278 5421 attendunt.
3311 5366 3386 5421 Ita
3417 5377 3471 5423 et
3500 5366 3640 5420 Pha-

2065 5460 2245 5515 raonis
2269 5476 2364 5514 cor
2395 5459 2668 5514 indurasse
2691 5459 2910 5527 dicitur,
2941 5458 3083 5530 quod
3123 5459 3322 5514 accidit
3345 5461 3449 5514 illis
3478 5461 3643 5515 etiam

2127 5601 2142 5630 ι
2179 5597 2318 5709 sav|il.
2338 5595 2474 5661 legit,
2491 5599 2538 5646 et
2558 5607 2666 5660 quae
2682 5594 2811 5659 Filii,
2835 5595 3053 5662 Spiritus,
3080 5602 3132 5646 et
3146 5596 3215 5644 slc
3231 5608 3403 5646 omnes
3424 5593 3531 5645 fere
3548 5598 3638 5641 tta—

2064 5672 2258 5712 nuscnn
2281 5675 2315 5711 ι.

2101 5673 2315 5722 uscnpn.
