4072 6152
385 315 493 373 ’575

385 433 588 505 οιμίοις
614 434 780 505 φησὶν
814 433 844 488 6
870 432 1276 505 εὑαγγελιστὴς,
1301 434 1384 487 ὅτι
1415 437 1538 489 Οὐκ
1564 433 1634 499 ἐξ
1660 432 1944 502 αἱμάτων,

340 507 350 605 ι
384 520 529 605 οὐδὲ
572 522 645 575 ἐκ
675 518 1008 589 θελήματος
1036 520 1264 605 σαρκρς
1281 556 1297 579 .
1337 519 1482 605 «μινΔ
1501 519 1571 572 ἐκ
1598 517 1952 605 6306‘qu-

344 598 348 615 ’
385 604 698 674 γήθησαν,
734 605 976 656 τουτέστι
999 638 1015 665 ,
1052 601 1147 654 τοῦ
1187 602 1430 671 Πατρός·
1466 600 1698 654 ενταῦθα
1748 599 1808 653 δὲ
1852 598 1951 651 αὑ-

386 688 477 751 τὸς
530 686 745 755 λέγεται
805 685 1026 748 τούτους
1069 685 1283 755 γεννᾷν,
1327 684 1414 736 ἵνα
1462 684 1674 754 μάθῃς,
1721 683 1802 736 δτι
1856 682 1955 751 μία

368 769 637 840 ,δνέργεια
676 767 888 836 Πατρός
934 767 1031 820 καὶ
1079 765 1232 820 Υίοῦ.
1301 766 1492 820 Ταῦτα
1544 764 1728 818 εἰπὼν
1776 767 1809 818 ὁ
1852 765 1957 832 Ἰη-

387 853 575 918 σοῦς,
614 850 713 904 καὶ
758 849 1037 903 ἀπελθὼν
1074 849 1176 903 ἀπ’
1208 846 1435 911 αὐτῶν,
1481 847 1722 915 ἐκρύϐη.
1758 845 1874 900 Νῦν
1905 845 1957 898 τί

390 933 723 1005 κρύπτεταις
755 932 889 984 οὐδὲ
921 931 1028 1000 γὰρ
1079 931 1257 995 λίθους
1289 928 1431 1004 ἦραν
1475 931 1592 984 κατ’
1624 928 1808 992 αὑτοῦ,
1838 929 1957 982 οὑδὲ

389 1017 818 1088 ἐϐλασφήμησαν
863 1033 916 1068 τι
970 1015 1209 1069 τοιοῦτον
1258 1009 1370 1069 οἷον
1419 1015 1744 1086 ἔμπροσθεν.
1800 1014 1955 1077 Τίνος

389 1096 482 1155 οὖν
507 1099 693 1152 ἕνεκεν
719 1097 959 1169 ἐκρύ6η;
992 1097 1104 1162 Τάς
1127 1098 1351 1168 καρδίας
1381 1095 1698 1166 ἐμϐατεύων
1726 1097 1836 1168 ἤδει
1864 1097 1955 1149 τὸν

391 1183 561 1252 θυμὸν
583 1182 766 1243 αὐτοῖς
792 1181 1157 1252 ἀγριαίνοντα,
1185 1183 1234 1234 εί
1259 1182 1353 1234 καὶ
1389 1180 1556 1251 μηδὲν
1595 1180 1952 1249 ἐφθέγγοντο·

388 1267 505 1339 ᾔδει
534 1265 725 1331 ζέοντα
772 1265 866 1318 καὶ
918 1263 1182 1333 φονῶντα,
1221 1264 1315 1316 καὶ
1350 1263 1411 1315 οὑ
1458 1263 1779 1333 περιέμενεν
1813 1261 1954 1315 ὥστε

389 1350 469 1411 τίς
492 1348 649 1418 ἔργον
674 1345 926 1412 ἐξελθεῖν,
955 1346 1090 1400 ἀλλά
1115 1344 1437 1415 κρύπτεται,
1466 1343 1955 1415 παραμυθούμενος

389 1431 565 1484 αὐτῶν
602 1431 692 1484 τὸν
740 1429 953 1497 φθόνον.
988 1429 1129 1499 Ὀρα
1168 1427 1298 1495 γοῦν
1334 1426 1451 1490 πῶς
1477 1427 1640 1480 αὑτὸν
1677 1427 1897 1498 ᾐνίξατο
1925 1428 1956 1479 6

389 1514 800 1583 εὐαγγελιστής.
838 1512 1052 1572 Εὐθέως
1081 1509 1210 1578 γοῦν
1241 1511 1520 1580 ἐπήγαγε·
1576 1510 1844 1565 Τοσαῦτα
1887 1509 1957 1562 δέ

389 1597 576 1652 αὐτοῦ
606 1594 826 1664 σημεῖα
877 1594 1293 1660 πεποιηκότος,
1344 1595 1457 1646 οὐκ
1510 1592 1831 1646 ἐπίστευον
1869 1594 1957 1657 εις

389 1678 596 1732 αὐτόν.
626 1678 761 1730 Ποῖα
788 1675 1056 1741 τοσαῦτας
1093 1676 1229 1728 Ὅσα
1265 1673 1565 1744 παρέλιπεν
1609 1676 1639 1727 6
1668 1673 1954 1741 εὐαγγελι-

393 1761 547 1832 στής.
579 1761 688 1813 Καὶ
715 1762 780 1813 ὲκ
822 1758 928 1811 τῶν
958 1758 1096 1828 μετὰ
1134 1757 1307 1809 ταῦτα
1346 1756 1403 1809 δὲ
1435 1755 1592 1809 τοῦτο
1636 1755 1811 1826 δῆλον.
1848 1756 1956 1809 Kal

391 1845 501 1915 γάρ
539 1844 897 1913 ὑποχωρήσας
938 1842 1033 1894 καὶ
1072 1839 1274 1903 ἐνδοὺς,
1317 1841 1411 1894 καὶ
1447 1838 1752 1892 ἐπανελθὼν
1795 1838 1956 1892 πάλιν

394 1925 696 1996 ὑφειμένως
735 1924 915 1985 αὑτοῖς
952 1921 1276 1991 διαλέγεται,
1320 1922 1461 1975 οὕτω
1512 1921 1721 1990 λέγων·
1767 1922 1829 1973 Ὀ
1858 1937 1954 1974 πι-

393 2007 627 2060 στεύων
653 2008 735 2070 είς
757 2004 878 2074 ἐμὲ,
901 2007 973 2059 οὐ
1018 2006 1283 2058 πιστεύει
1312 2006 1399 2071 είς
1418 2005 1543 2073 ἐμὲ,
1568 2004 1705 2058 ἀλλ’
1740 2006 1828 2067 είς
1850 2004 1958 2055 τὸν

393 2088 710 2158 πέμψαντά
760 2106 855 2158 με.
900 2088 1043 2159 Ὅρα
1087 2088 1195 2158 γὰρ
1220 2087 1272 2140 τί
1328 2091 1490 2140 ποιεῖ·
1548 2088 1804 2158 Ἀρχεται
1849 2085 1957 2139 ἀπὸ

393 2172 660 2226 ταπεινῶν
694 2172 787 2226 καὶ
840 2171 1314 2241 συνεσταλμένων,
1371 2172 1462 2224 καὶ
1509 2170 1845 2239 καταφεύγει
1876 2172 1957 2233 είς

389 2255 482 2309 τὸν
504 2257 745 2327 Πατέρα·
779 2250 898 2310 εῐτα
929 2257 1091 2311 πάλιν
1116 2253 1267 2328 [406]
1295 2255 1487 2323 ἀνάγει
1518 2255 1610 2308 τὸν
1637 2254 1812 2324 λόγον.
1846 2253 1957 2308 Kal

388 2339 518 2393 ὅταν
565 2340 648 2411 ῖδῃ
680 2339 1157 2410 ὲκθηριουμένους,
1186 2340 1477 2408 ὑποχωρεῖ.
1515 2339 1608 2391 καὶ
1662 2338 1821 2392 πάλιν
1860 2337 1959 2405 ἑφ-

394 2420 628 2483 ίσταται,
651 2422 747 2474 xal
775 2422 884 2475 ἀπὸ
897 2420 1167 2474 ταπεινῶν
1191 2422 1603 2491 προοιμιάζεται
1632 2420 1811 2473 πάλιν.
1849 2420 1957 2472 Kal

392 2504 497 2557 ποῦ
541 2503 699 2558 τοῦτο
756 2505 1013 2575 ὶποίησε;
1061 2502 1171 2556 Ποῦ
1205 2504 1312 2572 γὰρ
1350 2503 1450 2556 οὑκ
1493 2502 1778 2573 ἐποίησενς
1813 2502 1959 2572 Ὅρα

392 2586 522 2653 γοῦν
541 2587 599 2640 ὲν
638 2587 780 2657 ἀρχῇ
802 2587 854 2638 τί
884 2601 1053 2656 φησι·
1094 2585 1299 2650 Καθὼς
1328 2585 1544 2649 ἀκούω,
1580 2586 1789 2652 κρίνω·
1837 2579 1957 2637 εἶτα

392 2668 739 2741 ὑψηλότερον,
785 2671 1012 2736 Ὥσπερ
1062 2670 1173 2737 γὰρ
1217 2671 1250 2721 ὀ
1288 2669 1487 2736 Πατὴρ
1547 2668 1757 2736 ἐγειγιει
1816 2666 1957 2732 τοὺς

391 2752 643 2820 νεκροὺς
681 2752 780 2805 καὶ
804 2751 1082 2816 ζωοποιεῖ,
1119 2751 1270 2805 οὕτω
1299 2753 1401 2805 καί
1430 2754 1463 2805 ό
1511 2751 1642 2816 Υίὸς
1663 2751 1771 2816 οὓς
1798 2749 1956 2805 θέλει

393 2832 691 2893 ζωοποιεῖ·
756 2834 938 2896 πάλιν,
994 2833 1140 2902 Ἐγὼ
1189 2835 1259 2887 οὺ
1312 2834 1493 2901 κρίνω
1549 2831 1722 2902 ὑμᾶς.
1768 2832 1956 2899 ἀλλος

393 2915 565 2968 ἐστίν
592 2918 624 2969 ὁ
656 2917 890 2983 κρίνων.
950 2912 1084 2968 Εἶτα
1133 2917 1407 2986 ἀναχωρεῖ
1441 2914 1633 2968 πάλιν·
1670 2909 1786 2966 εἶτα
1833 2917 1953 2967 ὲπι-

399 2998 530 3059 στὰς
551 3001 615 3069 τῇ
634 2998 909 3069 Γαλιλαίᾳ,
948 2997 1309 3066 Ἐρτάζεσθε,
1356 2998 1509 3066 φησὶ,
1547 2997 1633 3067 μὴ
1665 2995 1781 3063 τὴν
1799 2998 1957 3067 ,ϐρῶ-

394 3096 499 3134 σιν
535 3079 646 3148 τὴν
673 3078 1123 3148 ἀπολλυμένην.
1160 3081 1269 3133 Kal
1299 3080 1468 3133 εἰπὼν
1498 3082 1624 3151 περὶ
1661 3082 1823 3135 αὑτοῦ
1856 3099 1955 3153 με·

394 3164 552 3232 γάλα,
587 3166 668 3218 ὅτι
718 3167 782 3217 ὲκ
824 3162 920 3215 τοῦ
961 3163 1186 3234 ούρανοῦ
1245 3163 1636 3233 καταϐέϐηκεν,
1687 3166 1769 3219 ὅτι
1814 3165 1957 3235 ζωὴν

394 3246 609 3299 αἰώνιον
640 3246 843 3312 δίδωσι,
874 3246 1035 3299 πάλιν
1056 3247 1343 3316 ἀναχωρεῖ.
1370 3247 1480 3298 Kal
1511 3249 1579 3318 τῇ
1607 3248 1958 3319 Σκηνοπηγίᾳ

396 3328 556 3382 πάλιν
583 3329 828 3393 ἐπιστὰς,
862 3328 923 3381 τὸ
959 3328 1089 3381 αὑτὸ
1114 3327 1271 3381 τοῦτο
1303 3330 1466 3382 ποιεῖ.

467 3494 532 3565 β’.
560 3495 670 3549 Kal
694 3493 953 3564 διηνεκῶς
987 3495 1085 3548 ῐδοι
1115 3512 1197 3557 τις
1230 3494 1295 3549 ἂν
1316 3494 1457 3549 οὑτω
1488 3496 1828 3550 ποικίλλοντα
1860 3498 1957 3569 τὴν

395 3576 759 3645 διδασκαλίαν,
789 3578 1081 3650 παρουσίᾳ,
1122 3579 1378 3650 ἀπουσία,
1412 3584 1706 3644 ταπεινοῖς,
1738 3581 1958 3652 ὑψηλοῖς

395 3662 593 3730 λόγοις.
641 3664 706 3717 Ὀ
730 3663 820 3715 καὶ
839 3661 1069 3715 ἐνταῦθα
1100 3662 1390 3732 πεποίηκε.
1432 3663 1700 3716 Τοσαῦτα
1745 3662 1814 3715 δὲ
1855 3666 1960 3718 οὐ·

395 3745 501 3799 τοῦ
533 3745 750 3814 σημεῖα
786 3745 1201 3812 πεποιηκότος,
1237 3748 1347 3798 οὐκ
1378 3744 1702 3799 ἐπίστευον
1732 3749 1818 3812 είς
1854 3749 1961 3802 αὺ-

396 3827 523 3892 τὸν,
557 3828 739 3897 φησὶν,
794 3826 895 3879 ἵνα
958 3824 1245 3893 πληρωθῇ
1290 3829 1322 3879 ὀ
1374 3829 1554 3895 λόγος
1611 3828 1848 3882 Ἡσαΐου
1890 3830 1962 3884 ὃν

395 3904 524 3962 εἷπε
555 3926 568 3939 ·
598 3911 794 3976 Κύριε,
817 3908 909 3975 τίς
932 3908 1257 3961 ἐπίστευσε
1276 3906 1348 3975 τῇ
1374 3907 1524 3975 ἀκοῇ
1550 3909 1718 3979 ἡμῶν
1739 3927 1760 3975 ;
1801 3912 1899 3964 καὶ
1928 3914 1961 3966 ό

394 3991 660 4060 ⁸βραχίων
705 3993 920 4057 Κυρίου
963 3991 1077 4043 τίνι
1131 3989 1558 4060 ἀπεκαλύφθη;
1611 3994 1719 4046 Kal
1777 3994 1957 4059 πάλιν,

401 4076 522 4127 Οὐκ
531 4073 849 4140 ἠδύναντο,
868 4074 1021 4143 φησὶ,
1039 4074 1362 4137 πιστεύειν,
1382 4073 1468 4126 ὅτι
1491 4070 1660 4129 εἷπεν
1681 4078 1928 4142 Ἡσαΐας
1942 4091 1957 4106 ·

411 4156 578 4225 Ἀκοῇ
606 4158 918 4221 ἀκούσετε,
953 4159 1048 4210 καὶ
1075 4163 1145 4211 οὐ
1172 4157 1257 4226 μὴ
1283 4157 1531 4224 συνῆτε.
1569 4161 1758 4214 Ταῦτα
1785 4160 1853 4213 δὲ
1881 4158 1961 4214 εἵ-

399 4255 532 4302 πεν,
563 4239 660 4292 ὅτε
676 4241 795 4293 είδε
817 4240 929 4308 τὴν
959 4239 1144 4303 δόξαν
1171 4239 1354 4293 αὑτοῦ
1383 4241 1479 4292 καὶ
1522 4241 1787 4308 ἐλάλησε
1830 4243 1963 4311 περὶ

398 4323 604 4376 αὐτοῦ.
653 4324 781 4376 Ἰδοὺ
826 4323 987 4376 πάλιν
1023 4323 1105 4386 τὸ,
1141 4322 1292 4385 ”Οτι,
1337 4323 1430 4375 καὶ
1468 4320 1673 4387 Εἶπεν,
1713 4326 1831 4395 οὐχὶ
1879 4329 1962 4379 αἰ-

398 4406 687 4473 τιολογίας,
736 4405 849 4457 ἀλλ’
899 4405 1192 4468 ἐκϐάσεως.
1252 4405 1386 4457 Οὑδὲ
1427 4405 1533 4477 γὰρ
1577 4406 1765 4476 ἐπειδὴ
1808 4403 1962 4461 εἶπεν

411 4488 657 4553 Ἡσαΐας,
687 4491 787 4542 οὑκ
808 4489 1088 4542 ἐπίστευον
1109 4504 1123 4518 ·
1155 4488 1267 4540 ἀλλ’
1290 4489 1474 4559 ἐπειδὴ
1502 4489 1600 4543 οὑκ
1623 4490 1845 4561 ἔμελλον
1875 4510 1964 4544 πι-

402 4573 630 4637 στεύειν,
674 4574 761 4626 διὰ
796 4573 953 4626 τοῦτο
1005 4569 1157 4626 εἶπεν
1204 4572 1444 4635 Ἡσαΐας.
1498 4573 1561 4625 Τί
1598 4570 1691 4627 οὖν
1733 4576 1831 4645 οὑχ
1866 4575 1961 4627 οῦ-

398 4674 507 4721 τως
542 4658 571 4708 6
610 4655 996 4726 εὑαγγελιστὴς
1027 4657 1191 4723 λέγει,
1242 4656 1376 4709 ἀλλά
1416 4656 1514 4726 τὴν
1560 4658 1815 4712 ἀπιστίαν
1855 4660 1962 4713 ἀπὸ

398 4738 495 4808 τῆς
553 4741 907 4810 προφητείας,
947 4741 1007 4793 οὑ
1055 4743 1153 4808 τὴν
1193 4741 1525 4811 προφητείαν
1560 4742 1666 4795 άπὸ
1699 4742 1800 4812 τῆς
1837 4746 1962 4796 άπι-

407 4822 552 4885 στίας
607 4818 743 4875 εἷναί
792 4839 949 4892 φησι·
996 4823 1086 4875 καὶ
1136 4822 1357 4892 προῖὼν,
1408 4824 1760 4895 σφοδρότερον
1805 4826 1963 4879 τοῦτο

398 4904 527 4957 αὐτὸ
541 4905 774 4975 τίθησιν,
804 4906 943 4958 οὑτω
967 4905 1139 4974 λέγων
1160 4921 1172 4933 ·
1206 4906 1309 4959 Διὰ
1338 4907 1511 4961 τοῦτο
1532 4912 1642 4961 οὐκ
1668 4911 1963 4978 ἠδύναντο

397 4990 720 5052 πιστεύειν,
753 4989 841 5043 ὅτι
873 4985 1040 5048 εἶπεν
1076 4990 1348 5057 Ἡσαΐας;
1389 4991 1663 5045 Ἐντεῦθεν
1684 4996 1965 5064 παραστῆ-

401 5088 490 5124 σαι
519 5072 608 5124 διὰ
650 5071 857 5125 πολλῶν
917 5073 1162 5142 βούλεται
1205 5073 1263 5125 τὺ
1313 5075 1408 5143 τῆς
1444 5075 1663 5145 Γραφῆς
1694 5077 1959 5145 ἀψευδές·

396 5155 490 5206 καὶ
534 5154 616 5207 ὃτι
644 5155 789 5225 άπερ
809 5156 1230 5226 προεφήτευσεν,
1262 5156 1359 5224 οὑχ
1388 5156 1587 5226 ἑτέρως
1622 5158 1804 5228 ἐξέϐη,
1846 5160 1961 5212 ἀλλ’

395 5236 470 5299 ὡς
501 5231 670 5292 εἶπεν.
707 5237 820 5290 Ἵνα
868 5235 977 5306 γὰρ
1032 5238 1103 5307 μή
1143 5253 1227 5300 τις
1256 5237 1411 5309 λέγῃ.
1468 5239 1575 5291 Kal
1609 5240 1750 5304 τίνος
1781 5242 1963 5295 ἕνεκεν

393 5313 557 5387 ἦλθεν
583 5323 611 5373 6
643 5321 914 5390 Χριστός;
951 5319 1051 5373 οὑκ
1100 5320 1217 5390 ᾔδει
1275 5321 1355 5372 ὅτι
1403 5320 1501 5372 οὑκ
1545 5321 1766 5390 ἔμελλον
1816 5324 1964 5392 αὐτῷ

394 5403 716 5472 προσέχειν;
756 5403 851 5456 καὶ
879 5404 1004 5465 τοὺς
1026 5406 1306 5472 προφήτας
1335 5404 1714 5472 είσάγειτοῦτο
1733 5405 1956 5470 εἰδότας.

392 5478 565 5538 Ἦλθε
598 5485 676 5544 δὲ.
706 5487 789 5539 ἵνα
814 5487 1082 5556 πρόφασιν
1116 5488 1187 5556 μὴ
1233 5489 1395 5557 έχωσι
1422 5489 1547 5556 περὶ
1572 5489 1669 5556 τῆς
1693 5490 1962 5558 ἁμαρτίας

393 5568 593 5620 αὑτῶν.
642 5571 709 5621 Ἀ
757 5571 866 5641 γὰρ
912 5570 1169 5638 προεῖπεν
1201 5572 1229 5621 ὁ
1269 5572 1571 5641 προφήτης,
1618 5573 1693 5635 ὡς
1744 5573 1960 5635 πάντως

391 5650 626 5720 ἑπόμενα
655 5654 934 5721 προεῖπεν.
970 5653 1031 5703 Εἰ
1073 5653 1181 5720 γὰρ
1221 5652 1292 5723 μὴ
1337 5655 1551 5716 πάντως
1588 5654 1809 5722 ἔμελλεν
1842 5656 1961 5708 ἔσε-

393 5732 539 5798 σθαι,
568 5735 669 5786 οὑκ
703 5735 768 5787 ἂν
803 5739 1060 5806 προεῖπε·
1100 5737 1314 5799 πάντως
1351 5737 1406 5789 δὲ
1453 5737 1674 5808 ἔμελλεν
1718 5738 1957 5804 ἔσεσθαι,

392 5816 584 5885 ἐπειδὴ
617 5819 852 5881 ἀνιάτως
876 5815 1018 5889 εἶχον
1044 5822 1258 5872 ἐκεῖνοι.

465 5907 525 5961 Εἰ
558 5909 612 5965 δὲ
631 5912 800 5963 min:
828 5911 902 5980 τὺ,
940 5913 1058 5966 Οἰικ
1083 5912 1393 5980 ἠδύναντο,
1430 5913 1544 5966 ἀντὶ
1567 5913 1677 5980 τοῦ,
1700 5914 1808 5970 Οὐκ
1834 5914 1955 5986 ﬁl):-

1365 315 1432 372 ια
1466 313 1779 372 JOANNEM
1816 310 2027 370 uuam.
2087 284 2317 368 mm;
2355 313 2425 369 al.
2470 302 2681 371 van.‘
2851 325 2903 343 ο·

3515 321 3620 383 876

2056 431 2166 495 λον,
2183 436 2379 487 κεῖται.
2412 434 2521 488 Kal
2558 436 2632 506 μὴ
2663 433 2966 507 θαυμάσῃς.
2988 435 3096 490 Kal
3129 435 3236 508 γὰρ
3255 436 3349 491 καὶ
3386 437 3618 512 ἀλλαχοῦ

2059 531 2242 585 φησιν.
2295 516 2360 569 '0
2377 515 2708 586 δυνάμενος
2733 516 2960 585 χωρεῖν,
2991 520 3263 587 χωρείτω.
3299 521 3483 587 Οὖτως
3510 520 3619 580 οἶδε

2059 599 2326 671 πολλαχοῦ
2345 598 2574 671 δύναμιν
2605 602 2704 672 τὴν
2724 601 3039 672 προαίρεσιν
3060 602 3257 671 λέγειν.
3285 608 3397 660 Kal
3425 606 3585 664 πάλιν
3601 628 3618 643 ·

2063 685 2145 734 οὐ
2172 682 2419 736 δύναται
2436 686 2469 736 ό
2492 684 2719 752 κόσμος
2746 684 2949 752 μισεῖν
2974 687 3130 757 ὑμᾶς
3150 704 3165 718 ·
3202 688 3307 756 ἐμὲ
3340 691 3408 744 δὲ
3432 692 3619 761 μισεῖ.

2059 763 2230 817 Τοῦτο
2249 764 2305 817 δὲ
2333 764 2425 817 καὶ
2454 766 2514 817 ὲν
2536 768 2601 834 τῇ
2627 768 2777 837 κοινῇ
2808 770 3065 841 συνηθείᾳ
3094 772 3490 842 φυλαττόμενον
3524 775 3622 828 ῖδοι

2056 861 2139 909 τις
2160 847 2225 899 ἀν
2248 862 2263 877 ·
2294 847 2369 909 ὡς
2390 846 2516 900 ὅταν
2544 846 2675 917 λέγῃ
2704 865 2785 910 τις
2809 865 2823 879 ·
2863 852 2939 903 O6
2968 852 3198 921 δύναμαι
3223 854 3503 923 ἀγαπῆσαι
3531 858 3625 910 τὸν

2057 929 2222 982 δεῖνα·
2255 929 2316 982 τὸ
2351 929 2579 1001 σφοδρὸν
2630 929 2732 1000 τῆς
2782 930 3110 1004 βουλήσεως,
3152 933 3381 1005 δύναμιν
3425 937 3620 1006 λέγων.

2059 1011 2170 1063 Kal
2207 1012 2366 1064 πάλιν
2389 1027 2404 1042 ·
2459 1012 2533 1064 Οὑ
2564 1011 2782 1066 δύναται
2806 1016 2834 1067 6
2874 1014 3021 1068 δεῖνα
3059 1014 3311 1083 γενέσθαι
3358 1018 3613 1087 χρηστός.

2058 1092 2165 1145 Kal
2202 1094 2231 1145 6
2268 1094 2551 1165 προφήτης
2571 1093 2627 1147 δὲ
2648 1095 2700 1147 τί
2744 1112 2906 1167 φησιν
2929 1111 2943 1160 ;
2969 1097 3037 1150 El
3063 1096 3386 1161 ἀλλάξεται
3409 1100 3627 1166 Αἰθίοψ

2055 1174 2123 1228 τὸ
2156 1175 2339 1245 δέρμα
2364 1176 2570 1241 αὐτοῦ,
2598 1178 2695 1230 καὶ
2720 1177 3013 1247 πάρδαλις
3043 1181 3115 1235 τὰ
3143 1180 3501 1249 ποικίλματα
3522 1184 3627 1236 αὑ-

2057 1256 2187 1325 τῆς,
2235 1259 2332 1311 καί
2354 1261 2388 1312 ό
2416 1259 2565 1325 λαὸς
2596 1256 2764 1327 οὗτος
2791 1261 3120 1330 δυνήσεται
3148 1259 3217 1318 εὖ
3251 1260 3498 1330 ποιῆσαι
3522 1280 3626 1332 με·

2051 1346 2332 1416 μαθηκὼς
2360 1347 2533 1402 κακά.
2569 1350 2642 1402 υὺ
2664 1350 2820 1403 τοῦτό
2843 1367 3029 1421 φησιν,
3055 1353 3135 1405 ὄτι
3165 1351 3421 1407 ἀδύνατος
3442 1352 3627 1416 αὑτοῖς

2058 1431 2212 1501 ἡτῆς
2242 1431 2443 1503 ἀρετῆς
2502 1432 2765 1505 ἐργασία·
2810 1434 2926 1486 ἀλλ’
2978 1435 3060 1488 ὅτι
3097 1435 3158 1487 οὑ
3203 1434 3499 1503 βούλονται,
3537 1437 3626 1490 διὰ

2056 1512 2213 1565 τοῦτο
2259 1514 2321 1566 οὐ
2373 1513 2647 1568 δύνανται.
2708 1516 2816 1568 Kal
2859 1515 2888 1568 6
2941 1515 3089 1584 λέγει
3131 1516 3160 1569 6
3200 1517 3622 1589 εὑαγγελιστὴς,

2054 1595 2213 1649 τοῦτό
2250 1611 2434 1667 φησιν,
2481 1597 2563 1649 δτι
2605 1596 2861 1650 ἀδύνατον
2903 1593 2971 1667 ἦν
3007 1597 3305 1667 ψεύσασθαι
3348 1597 3495 1670 [407]
3533 1601 3625 1654 τὸν

2057 1680 2361 1750 προφήτην.
2415 1679 2490 1731 υὺ
2533 1679 2639 1749 μὴν
2672 1679 2762 1732 διὰ
2805 1679 2982 1732 τοῦτο·
3008 1679 3265 1733 ἀδύνατον
3320 1677 3388 1753 ἦν
3427 1683 3624 1746 αὑτοὺς

2057 1761 2366 1814 πιστεῦσαι.
2406 1762 2563 1832 Ἐνῆν
2607 1762 2737 1830 γὰρ.
2796 1762 2892 1814 καὶ
2954 1763 3360 1816 πιστευσάντων
3421 1765 3621 1831 αὐτῶν,
3676 1760 3677 1763 “

2056 1836 2257 1913 ἀψευδῆ
2314 1842 2510 1913 μένειν.
2562 1845 2637 1897 06
2691 1844 2801 1915 γὰρ
2831 1844 2898 1899 ἂν
2921 1846 3090 1900 ταῦτα
3121 1852 3399 1919 προεῖπεν,
3432 1850 3481 1902 εί
3531 1868 3624 1903 πιο

2058 1926 2268 1979 στεύειν
2288 1927 2530 1996 ἔμελλον.
2573 1926 2638 1979 Τί
2686 1926 2800 1993 οὖν,
2852 1929 3035 1998 φησὶν,
3086 1931 3184 1998 ούχ
3223 1928 3398 1993 οὑτως
3426 1927 3616 1993 εἶπεν,

2060 2010 2181 2061 Ὅτι
2222 2009 2485 2078 ίδιὼματά
2528 2026 2645 2063 τινα
2674 2012 2707 2079 ή
2733 2010 2922 2082 Γραφὴ
2959 2010 3185 2065 τοιαῦτα
3240 2011 3371 2081 ἔχει,
3409 2013 3502 2066 καὶ
3539 2014 3618 2067 δεῖ

2055 2092 2167 2152 τοῖς
2186 2090 2371 2160 νόμοις
2400 2090 2571 2160 αὑτῆς
2602 2095 2965 2162 παραχωρεῖν.
3005 2092 3195 2148 Ταῦτα
3220 2093 3288 2146 δὲ
3317 2091 3506 2159 εἶπεν,
3527 2095 3626 2150 ὅτε

2055 2169 2176 2227 εἶδε
2196 2172 2310 2239 τὴν
2344 2172 2532 2238 δόξαν
2571 2175 2774 2229 αὐτοῦ.
2835 2176 3029 2240 Τίνοςς
3083 2176 3188 2230 Τοῦ
3225 2179 3457 2249 Πατρός.
3498 2178 3626 2241 Πῶς

2056 2251 2149 2307 οὖν
2185 2255 2213 2306 6
2232 2255 2483 2326 Ἰωάννης
2512 2257 2749 2326 περὶτοῦ
2777 2256 2906 2310 Υίοῦ
2937 2257 3105 2325 λέγει,
3127 2261 3155 2312 ό
3177 2259 3233 2312 δὲ
3264 2260 3474 2324 Παῦλος
3497 2261 3627 2332 περὶ

2054 2338 2151 2391 τοῦ
2203 2338 2550 2409 Πνεύματος;
2579 2340 2690 2409 Οὑχ
2714 2339 2790 2404 ὡς
2823 2340 3235 2409 συναλείφοντες
3264 2344 3363 2406 τὰς
3391 2345 3625 2398 ὑποστά-

2058 2437 2193 2484 σεις,
2234 2422 2371 2474 ἀλλὰ
2412 2422 2540 2492 μίαν
2586 2422 2741 2487 ἀξίαν
2784 2423 3070 2493 δηλοῦντες
3108 2417 3269 2489 εἶναι,
3305 2428 3457 2496 φησί.
3515 2429 3625 2483 Kal

2056 2505 2162 2572 γὰρ
2189 2504 2258 2557 τὰ
2286 2504 2379 2557 τοῦ
2408 2503 2620 2575 Πατρός
2649 2504 2742 2558 τοῦ
2780 2505 2911 2559 Υίοῦ
2933 2546 2947 2570 ,
2999 2507 3093 2560 καὶ
3129 2507 3198 2560 τά
3229 2506 3323 2561 τοῦ
3370 2508 3501 2562 Υίοῦ
3529 2509 3622 2562 τοῦ

2057 2585 2268 2654 Πατρός
2295 2587 2413 2639 ἐστι
2451 2598 2497 2638 ι.
2546 2587 2737 2641 Καίτοι
2767 2586 2936 2640 πολλά
2965 2588 3031 2640 δι’
3060 2588 3305 2655 ἀγγέλων
3346 2587 3487 2652 εἷπε,
3529 2591 3626 2644 καὶ

2056 2668 2231 2730 οὐδεὶς
2257 2667 2424 2736 λέγει,
2464 2670 2644 2734 καθὼς
2672 2665 2824 2723 εἶπεν
2855 2673 2883 2724 6
2931 2670 3196 2738 ἄγγελος·
3253 2671 3389 2725 ἀλλὰ
3435 2672 3528 2739 τίς
3566 2675 3625 2727 '0

2057 2749 2186 2812 Θεὸς
2214 2745 2384 2803 εἶπεν.
2415 2751 2496 2805 Ta
2535 2752 2633 2821 μὲν
2658 2752 2766 2824 γάρ
2798 2752 2902 2805 ὑπὸ
2945 2752 3040 2805 τοῦ
3077 2752 3212 2806 Θεοῦ
3266 2755 3333 2807 δι’
3377 2756 3626 2823 ἀγγέλων

2057 2832 2340 2903 εἰρημένα,
2363 2833 2456 2886 τοῦ
2476 2832 2610 2886 θεοῦ
2639 2835 2705 2887 ἂν
2742 2834 2826 2904 εἴη
2849 2852 2863 2865 ·
2901 2835 3001 2888 οὑκ
3053 2834 3134 2889 ἔτι
3183 2835 3241 2889 δὲ
3281 2837 3376 2890 καὶ
3411 2836 3476 2890 τὰ
3529 2836 3624 2889 τοῦ

2057 2914 2213 2978 Θεοῦ,
2264 2915 2369 2968 τῶν
2410 2917 2676 2985 ἀγγέλων.
2759 2916 3022 2971 Ἐνταῦθα
3066 2917 3124 2971 δὲ
3164 2918 3256 2971 τοῦ
3311 2921 3625 2989 Πνεύματός

2060 3015 2221 3069 φησιν
2262 2994 2400 3053 εἶναι
2438 3000 2506 3052 τά
2537 3001 2774 3070 ῥήματα.
2811 3000 2918 3055 Kal
2946 2999 3215 3068 ἐλάλησε
3242 3002 3377 3069 περὶ
3416 3002 3622 3056 αὑτοῦ.

2058 3081 2125 3134 Τί
2162 3081 2420 3151 ἐλάλησεν
2443 3098 2458 3148 ;
2484 3079 2666 3137 Εἶδον
2716 3082 2823 3134 τὸν
2880 3083 3098 3149 Κύριον
3139 3082 3477 3150 καθήμενον
3524 3084 3623 3137 ἐπὶ

2059 3167 2274 3232 θρόνου
2298 3166 2558 3233 ὑψηλοῦ,
2587 3166 2679 3218 καὶ
2722 3164 2792 3217 τὰ
2844 3164 2989 3233 ἑξῆς.
3043 3163 3212 3229 Δόξαν
3248 3162 3340 3219 οὖν
3395 3167 3628 3221 ἐνταῦθά

2058 3264 2215 3317 φησι,
2244 3247 2344 3318 τὴν
2370 3248 2492 3318 ὄψιν
2517 3248 2752 3319 ἐκείνην,
2774 3248 2866 3301 τὸν
2890 3247 3117 3311 καπνὸν,
3166 3248 3229 3301 τὺ
3256 3248 3484 3301 ἀκοῦσαι
3525 3266 3629 3318 μυο

2061 3332 2295 3403 στηρίων
2365 3333 2712 3403 ἀπορρήτων,
2772 3331 2834 3384 τὸ
2888 3331 3015 3384 ἰδεῖν
3063 3330 3132 3385 τὰ
3197 3330 3466 3401 Σεραφὶμ,
3526 3331 3628 3402 τὴν

2059 3416 2345 3486 ἀστραπὴν
2372 3415 2469 3484 τὴν
2499 3414 2604 3466 ἀπὸ
2649 3413 2742 3466 τοῦ
2792 3413 2982 3483 θρόνου
3014 3413 3289 3480 πηδῶσαν,
3384 3411 3628 3465 ἀντιϐλέ-

2058 3498 2157 3567 ψαι
2184 3498 2239 3551 al
2264 3498 2517 3566 δυνάμεις
2567 3496 2667 3549 οὑκ
2722 3491 2865 3565 εῐχον
2914 3498 3138 3548 ἐκεῖναι.
3199 3493 3310 3547 Kal
3361 3493 3628 3559 ἐλάλησα

2061 3579 2195 3646 περὶ
2246 3578 2453 3632 αὑτοῦ.
2494 3578 2559 3629 Τί
2598 3576 2887 3647 unum;
2922 3578 3043 3629 Ὀτι
3073 3576 3274 3644 ἢκουσε
3309 3574 3492 3643 φωνὴν
3541 3574 3629 3626 λέο

2061 3678 2261 3729 γουσαν
2285 3677 2299 3692 ·
2350 3663 2487 3714 Τίνα
2535 3659 2893 3721 ἀποστείλω,
2946 3658 3043 3711 καὶ
3092 3657 3184 3723 τίς
3240 3658 3627 3722 πορεύσεται;

2062 3745 2170 3799 Kal
2215 3739 2413 3796 εἷπον·
2462 3741 2606 3796 Ἰδοὺ
2638 3740 2753 3810 ἐγώ
2789 3745 2928 3808 εἰμι,
2978 3740 3345 3794 ἀπόστειλόν
3376 3756 3469 3808 με.
3520 3737 3628 3792 Καὶ

2063 3824 2266 3880 εἶπεν·
2340 3823 2517 3893 Ἀκοῇ
2572 3825 2897 3888 ἀκούσετε,
2947 3823 3045 3876 καὶ
3106 3825 3177 3877 οὐ
3228 3822 3315 3892 μὴ
3371 3821 3624 3888 συνῆτε,

2063 3910 2517 3973 καίβλέποντες
2542 3905 2831 3976 βλέψετε,
2856 3906 2955 3959 καὶ
3001 3907 3072 3960 οὐ
3107 3905 3192 3974 μὴ
3238 3906 3420 3972 ἴδητε.
3464 3906 3628 3959 Ἐτύο

2063 3996 2268 4061 φλωσε
2296 3991 2405 4060 γὰρ
2431 3989 2628 4045 αὐτῶν
2657 3990 2796 4053 τοὺς
2825 3988 3190 4057 ὀφθαλμοὺς,
3226 3988 3319 4040 καὶ
3356 3988 3629 4055 πεπώρω-

2064 4091 2171 4127 κεν
2229 4070 2426 4126 αὐτῶν
2474 4070 2590 4138 τὴν
2636 4071 2906 4140 καρδίαν,
2947 4071 3032 4138 μή
3087 4085 3231 4123 ποτε
3297 4069 3463 4121 ίδωσι
3503 4068 3627 4132 τοῖς

2066 4154 2409 4224 ὀφθαλμοῖς,
2434 4154 2531 4206 καί
2580 4151 2652 4219 τῇ
2699 4152 2906 4218 καρδίᾳ
2933 4150 3224 4205 συνῶσιν.
3281 4150 3410 4203 Ἰδοὺ
3467 4149 3628 4203 πάλιν

2066 4238 2252 4306 ἓτερον
2300 4234 2520 4305 ζήτημα
2543 4250 2557 4264 ·
2606 4234 2720 4288 ἀλλ’
2766 4234 2865 4286 οὑκ
2907 4233 3084 4293 ἐστιν,
3120 4233 3214 4285 ἐὰν
3247 4231 3421 4303 ὀρθῶς
3460 4248 3630 4303 προσ-

2066 4320 2297 4388 έχωμεν.
2348 4319 2559 4387 ’Ὠσπερ
2590 4316 2696 4386 γὰρ
2731 4319 2759 4370 6
2790 4317 2939 4387 ἥλιος
2969 4315 3076 4368 τῶν
3121 4315 3361 4369 ἀσθενῶν
3409 4314 3628 4384 πλήττει

2064 4402 2162 4463 τὰς
2190 4399 2340 4468 δψεις
2364 4401 2423 4452 οὑ
2466 4399 2614 4468 παρὰ
2640 4400 2738 4467 τὴν
2763 4399 2969 4451 οἰκείαν
3011 4397 3190 4467 φύσιν,
3234 4396 3375 4450 οὑτω
3407 4399 3499 4451 καὶ
3537 4399 3630 4450 ἐπὶ

2065 4483 2172 4535 τῶν
2202 4482 2276 4553 μὴ
2322 4481 2693 4553 προσεχόντων
2724 4484 2834 4545 τοῖς
2876 4481 2969 4534 τοῦ
3002 4481 3136 4535 Θεοῦ
3186 4480 3364 4549 λόγοις
3400 4481 3626 4548 γίνεται.

2066 4564 2222 4619 Οὕτω
2250 4566 2342 4618 καὶ
2370 4568 2464 4618 ἐπὶ
2492 4565 2586 4617 τοῦ
2611 4565 2809 4636 Φαραὼ
2829 4563 2927 4634 τὴν
2955 4564 3181 4633 καρδίαν
3211 4564 3505 4634 σκληρῦναι
3539 4564 3629 4616 λέ-

2065 4664 2239 4714 γεται.
2278 4647 2420 4701 οὑτω
2452 4650 2547 4702 καὶ
2569 4650 2661 4702 ἐπὶ
2685 4648 2791 4702 τῶν
2810 4647 3265 4718 φιλονεικούντων
3310 4664 3362 4699 τι
3399 4649 3511 4707 τοῖς
3535 4646 3628 4699 τοῦ

2065 4732 2200 4785 Θεοῦ
2229 4733 2406 4801 λόγοις
2438 4734 2667 4802 γίνεται.
2719 4735 2934 4802 Ἰδίωμα
2963 4733 3019 4787 δὲ
3056 4734 3149 4785 καὶ
3180 4731 3340 4785 τοῦτο
3369 4732 3467 4802 τῆς
3493 4733 3631 4800 Γρα-

2067 4818 2193 4887 φῆςν
2232 4817 2306 4881 ὡς
2330 4826 2359 4868 h
2393 4819 2485 4872 καὶ
2522 4818 2602 4883 τὸ,
2633 4817 2977 4884 Παρέδωκεν
3009 4820 3096 4884 είς
3141 4817 3429 4885 ἀδόκιμον
3457 4815 3596 4869 νοῦν
3623 4858 3636 4879 ,

2065 4900 2159 4952 καὶ
2175 4901 2252 4962 τὸ,
2299 4902 2591 4969 Ἀπένειμε
2619 4901 2742 4968 τοῖς
2766 4902 2988 4960 ἔθνεσι,
3023 4900 3291 4961 τουτέστι,
3319 4899 3634 4967 Συνεχὼρηα

2069 5000 2181 5046 σεν,
2235 4984 2466 5059 ἀφῆκεν.
2522 4984 2655 5054 Οὑχὶ
2677 4984 2786 5052 γὰρ
2838 4983 3165 5054 ἐνεργοῦντα
3200 4982 3361 5033 αὐτὸν
3401 4978 3630 5032 ἐνταῦθα

2066 5071 2294 5138 εἰσάγει,
2324 5072 2439 5124 ἀλλ’
2472 5074 2535 5125 ὲκ
2556 5071 2652 5141 τῆς
2678 5072 2878 5142 ἑτέρων
2905 5070 3165 5140 πονηρίας
3189 5067 3361 5120 ταῦτα
3377 5066 3633 5134 γινόμενα

2064 5159 2354 5212 δείκνυσιν.
2377 5161 2544 5213 Ὅταν
2567 5159 2675 5229 γὰρ
2706 5157 3216 5225 ὲγκαταλειφθῶμεν
3233 5155 3336 5206 ὑπὸ
3362 5154 3453 5206 τοῦ
3474 5152 3626 5207 Θεοῦ.

2067 5242 2469 5315 παραδιδόμεθα
2514 5241 2591 5311 τῷ
2618 5242 2884 5311 διαϐόλῳ·
2922 5240 2999 5308 τῷ
3043 5237 3273 5305 διαϐόλῳ
3301 5236 3356 5288 δὲ
3396 5235 3631 5305 παραδο-

2066 5326 2268 5389 θέντες,
2324 5326 2491 5397 μυρία
2548 5325 2826 5394 πάσχομεν
2865 5322 3031 5376 δεινά.
3084 5320 3266 5372 Φοὸῶν
3311 5321 3486 5371 τοίνυν
3540 5320 3631 5371 τὸν

2066 5411 2358 5482 ἀκροατὴν,
2413 5414 2594 5482 φησὶν,
2667 5410 3057 5476 Ἔσκλήρυνε,
3123 5407 3217 5459 καὶ
3264 5405 3624 5474 Παρέδωνεν.

2067 5497 2188 5549 Ὅτι
2216 5495 2324 5564 γὰρ
2357 5495 2516 5556 αὑτὸς
2543 5496 2605 5546 οὑ
2648 5495 2804 5562 μόνον
2831 5492 2890 5543 66
2933 5490 3312 5559 παραδίδωσιν,
3357 5488 3468 5541 ἀλλ’
3511 5486 3629 5539 οὑδὲ

2066 5579 2550 5647 ὲγκαταλιμπάνει,
2610 5576 2706 5628 ἐὰν
2757 5575 2830 5644 μὴ
2881 5573 3252 5644 βουληθῶμεν,
3303 5572 3532 5627 ἀκουσον
3578 5568 3631 5620 τί

2125 5783 2150 5812 ⁸
2191 5782 2340 5830 Savil.
2375 5782 2469 5830 Καὶ
2500 5781 2560 5828 τὰ
2589 5779 2673 5829 τοῦ
2706 5780 2817 5831 Υίοῦ
2839 5819 2852 5836 ,
2882 5781 2968 5832 τοῦ
2999 5782 3273 5843 Πνεύματός
3313 5783 3412 5830 ἐστι
3431 5816 3445 5832 .
3474 5785 3519 5826 εἰ
3559 5779 3629 5824 sic

2062 5858 2233 5894 omnes
2257 5844 2359 5891 fere
2383 5846 2713 5905 manuscrapu.
2779 5845 2806 5881 δ
2838 5844 2913 5901 Ὡς
2935 5847 3071 5894 dedit
3094 5846 3241 5892 Savil.
3274 5852 3323 5892 el
3344 5844 3485 5904 paulo
3510 5845 3626 5888 aulo.

2064 5920 2122 5956 ex
2147 5905 2318 5955 eodem
2344 5906 2552 5954 accessit
2578 5906 2633 5964 γί-
2656 5923 2747 5954 εττιι
2770 5916 2879 5969 post
2906 5909 3072 5969 ὶόγσις.
3110 5908 3237 5954 Lmr.
