4072 6152
333 323 441 376 5⁸ἴῖ

332 434 425 498 qui
453 430 548 486 Dei
575 429 734 485 dictis
757 436 1074 499 repugnant.
1099 426 1404 495 Proprietas
1425 435 1602 482 autem
1625 427 1740 480 inec
1761 426 1911 482 Scri-

337 537 508 595 plura
536 532 620 580 est
641 564 658 589 ,
687 532 746 577 ut
762 532 818 577 et
842 522 992 587 illud,
1017 521 1253 576 Tradidit
1287 537 1376 574 eos
1408 521 1463 574 in
1505 519 1774 589 rein-altum
1797 537 1915 574 seu-

334 633 443 669 sum
461 613 638 684 (Rom.
664 615 719 668 Ι.
740 613 856 686 28);
885 625 934 668 et
961 612 1107 667 illud.
1129 611 1391 666 Distribuit
1411 611 1642 683 gentibus
1663 610 1837 683 (Deut.
1861 610 1916 665 ι.

339 707 468 776 l9);
500 704 551 758 id
576 714 704 769 est,
735 704 1035 766 concessit,
1067 701 1288 757 dimisit.
1336 701 1452 757 Non
1479 703 1624 756 enim
1651 703 1798 755 illum
1832 702 1919 756 hic

337 805 646 866 operantem
672 794 896 859 inducit,
925 793 1018 849 sed
1046 811 1110 848 ex
1130 795 1358 848 aliorum
1387 794 1620 864 nequitia
1651 797 1764 848 tunc
1785 793 1916 848 facta

336 904 455 943 esse
479 885 759 957 signiﬁcat.
775 885 911 940 Cum
931 888 1074 942 enim
1091 885 1509 956 derelinquimur
1539 901 1568 940 s
1599 887 1729 948 Deo,
1751 885 1917 940 tradi-

337 994 455 1032 mur
473 977 689 1032 diabolo
707 996 721 1040 ;
739 976 951 1032 diabolo
967 978 1144 1031 traditi
1163 1017 1179 1040 ,
1203 978 1494 1031 innumeris
1523 977 1784 1031 efficimur
1806 991 1920 1029 ma-

338 1069 497 1122 lis.llt
514 1067 810 1123 auditorem
835 1083 963 1137 ergo
990 1078 1208 1130 terreat.
1233 1069 1330 1133 ait,
1353 1066 1636 1131 lnduraoit,
1661 1078 1734 1130 et,
1767 1067 1920 1120 tradi-

337 1161 431 1213 dit.
461 1159 590 1214 Nam
617 1160 757 1230 quod
790 1159 878 1213 ille
907 1174 1012 1212 non
1039 1159 1201 1213 modo
1225 1174 1330 1212 non
1353 1159 1545 1221 tradat,
1573 1158 1665 1212 sed
1696 1172 1796 1212 nec
1820 1171 1918 1212 nos

336 1251 584 1314 deserat,
611 1250 714 1304 nisi
743 1251 994 1315 nolimus,
1027 1251 1148 1303 audi
1176 1251 1300 1318 quid
1330 1251 1471 1303 dicat
1492 1249 1700 1304 :No'nue
1715 1259 1918 1318 peccata

338 1351 496 1393 oestro
525 1339 752 1393 dividunt
798 1355 878 1391 me
922 1357 954 1391 a
985 1340 1121 1392 vobis
1142 1338 1295 1410 (lsai.
1321 1339 1410 1394 59.
1441 1340 1539 1409 2)?
1567 1353 1629 1393 ac
1658 1353 1868 1392 rursum
1897 1353 1913 1390 :

342 1430 441 1498 Qui
466 1432 698 1501 clangunt
721 1447 776 1483 se
797 1441 916 1494 ate,
947 1431 1175 1499 peribunt
1201 1428 1372 1499 (Psal.
1401 1429 1488 1484 72.
1517 1429 1632 1498 27).
1661 1429 1798 1483 Osee
1823 1444 1918 1481 au-

339 1533 444 1577 tem
471 1522 634 1577 dicit:
665 1519 832 1575 Oblita
863 1537 917 1574 es
943 1521 1068 1591 legis
1106 1520 1202 1574 Dei
1225 1522 1327 1586 tui,
1349 1530 1396 1574 et
1425 1538 1516 1590 ego
1545 1520 1617 1572 tui
1645 1519 1919 1573 obliviscar

338 1614 490 1685 (Osee
515 1613 568 1669 ι.
594 1614 648 1684 6)
669 1629 684 1677 ;
707 1621 763 1666 et
791 1613 904 1681 ipse
931 1612 981 1665 in
1013 1611 1316 1680 Evangeliis
1344 1627 1360 1663 :
1393 1611 1600 1677 Quoties
1628 1610 1768 1663 volui
1794 1625 1916 1662 con-

337 1721 544 1775 gregare
569 1705 703 1773 ﬁlios
728 1713 914 1758 vestros
931 1744 945 1766 ,
993 1712 1042 1756 et
1083 1703 1313 1756 noluistis
1340 1702 1358 1773 (
1384 1701 1511 1755 Luc.
1545 1702 1632 1756 15.
1677 1702 1748 1756 54
1770 1703 1787 1768 )
1811 1701 1833 1754 ‘t
1861 1709 1919 1755 et

233 1859 240 1868 _
343 1798 507 1854 Isaias
548 1812 801 1852 rursum:
839 1795 997 1862 Veni,
1028 1804 1074 1848 et
1120 1812 1221 1848 non
1264 1803 1369 1847 erat
1415 1793 1827 1856 Itomowocari,
1865 1800 1917 1844 et

340 1907 441 1944 non
466 1898 572 1943 erat
597 1890 683 1959 qui
707 1889 904 1943 audiret
928 1887 1085 1957 (Isai.
1113 1888 1201 1942 50.
1233 1887 1314 1955 2).
1347 1885 1473 1939 Hac
1497 1894 1674 1938 autem
1699 1884 1827 1938 dicit
1855 1892 1917 1937 ut

339 1981 586 2036 ostendat
610 1996 706 2036 nos
730 1982 929 2049 priores
947 1981 1003 2034 in
1029 1995 1186 2033 causa
1209 1991 1329 2034 esse
1345 1991 1439 2031 cur
1457 1976 1910 2043 derelinquamur,

341 2082 397 2127 et
439 2087 536 2126 cur
581 2085 874 2140 pereamus.
926 2069 1070 2124 Deus
1097 2068 1241 2122 enim
1284 2081 1390 2121 non
1423 2064 1583 2119 modo
1623 2077 1720 2117 nec
1746 2063 1913 2117 relin-

339 2176 526 2229 quere,
551 2174 649 2215 nec
671 2162 858 2230 punire
887 2174 984 2214 nos
1014 2159 1156 2221 vult;
1187 2156 1278 2211 sed
1310 2158 1469 2210 etiam
1496 2155 1706 2225 quando
1737 2155 1907 2222 punit,

338 2266 442 2308 non
472 2252 641 2308 libens
667 2251 782 2306 bno
801 2250 946 2305 facit.
980 2248 1117 2303 Nolo
1146 2248 1311 2309 enim,
1345 2247 1536 2317 inquit,
1561 2255 1769 2300 mortem
1795 2261 1913 2316 pec-

1326 314 1393 370 IN
1429 313 1746 370 ιοΑΝΝευ
1784 311 2015 369 ﬂOﬂlL.
2056 311 2242 370 LXIX.
2281 315 2355 370 al.
2393 315 2629 372 LXVIII.

3496 326 3606 385 378-

2019 428 2222 491 catsris,
2255 428 2344 481 sed
2385 439 2442 482 ut
2485 440 2804 484 convertatur
2841 440 2890 485 et
2923 433 3056 486 vit-at
3082 433 3100 504 (
3125 432 3311 489 Eucti.
3340 437 3430 490 18.
3460 437 3530 492 52
3559 443 3600 501 l.

2023 515 2269 570 Christus
2295 527 2469 574 autem
2496 520 2562 574 de
2581 521 2790 576 excid-io
2809 521 3156 596 Jewsolyma:
3182 525 3504 600 iacrymatur
3534 532 3552 562 ι
3583 541 3598 578 :

2023 609 2162 676 quod
2191 623 2292 662 nos
2319 609 2479 662 etiam
2507 625 2632 679 erga
2661 613 2864 666 amicos
2893 612 3140 668 facimus.

2091 699 2145 752 5.
2185 698 2310 752 Ητιιο
2337 715 2458 753 cum
2487 703 2735 765 sciamus,
2762 705 2890 758 nihil
2918 721 3023 760 non
3049 721 3267 776 agamus
3291 724 3360 764 ne
3387 724 3484 764 nos
3507 725 3598 765 se-

2023 803 2270 854 paremus
2297 805 2326 842 a
2373 792 2501 854 Deo,
2552 793 2645 846 sed
2689 795 2882 848 anima:
2909 807 3108 850 nostrae
3142 813 3285 852 cura:
3325 801 3603 870 amorique

2022 877 2259 932 il-utemo
2299 895 2515 948 operam
2547 883 2738 937 demus
2759 924 2775 946 ,
2823 901 2996 954 neque
3025 895 3207 940 nostra
3234 888 3603 958 discerpemus

2023 969 2258 1024 membra
2294 969 2463 1040 (illud
2507 973 2650 1026 enim
2699 973 2986 1028 furentium
3017 988 3073 1030 et
3110 987 3293 1032 mente
3320 989 3602 1046 captorum

2020 1071 2102 1114 est
2122 1059 2174 1130 );
2215 1063 2308 1116 sed
2339 1073 2538 1131 quanto
2569 1064 2716 1134 pejus
2739 1065 2962 1120 aﬂ‘ectos
2993 1067 3263 1133 videmus,
3293 1077 3443 1123 tanto
3485 1086 3603 1124 ma-

2015 1148 2188 1216 jorem
2221 1150 2592 1218 impendamus
2616 1167 2822 1208 curam.
2847 1155 2978 1209 Nam
3007 1159 3206 1212 multos
3229 1173 3372 1228 stt-pe
3387 1161 3602 1228 conspi.

2020 1238 2189 1292 cimus
2239 1239 2541 1295 difficilibus
2590 1243 3075 1315 insatiabilibusque
3105 1248 3348 1316 corporis
3396 1249 3602 1302 morbis

2021 1327 2265 1382 laborare
2287 1369 2303 1392 ,
2336 1344 2433 1384 nec
2462 1331 2620 1386 linem
2662 1331 2887 1389 faciams
2939 1336 3244 1404 imponendi
3290 1338 3602 1408 pbarmaca.

2018 1417 2153 1486 Quid
2179 1419 2427 1487 podagra,
2459 1421 2584 1487 quid
2610 1423 2854 1492 cbirsgm
2888 1425 3083 1492 pejus?
3109 1444 3233 1481 nom
3277 1429 3398 1482 ideo
3425 1443 3598 1482 meru-

2019 1507 2110 1561 bra
2139 1508 2540 1564 abscindimus?
2567 1511 2815 1578 Minime;
2852 1517 2946 1569 sed
2977 1515 3111 1572 nihil
3151 1534 3256 1573 non
3283 1519 3504 1575 facimus
3543 1528 3602 1574 ut

2019 1599 2208 1652 saltem
2261 1601 2558 1667 leniamus,
2609 1606 2653 1655 si
2684 1619 2877 1660 sanare
2907 1622 3012 1661 non
3058 1608 3341 1677 possimus.
3390 1611 3504 1666 Hoc
3547 1621 3603 1666 et

2017 1689 2159 1742 circa
2202 1689 2391 1745 fratres
2435 1701 2649 1749 nostros
2681 1693 2957 1752 faciamus.
2996 1699 3052 1754 Si
3085 1702 3361 1755 incurabili
3409 1705 3600 1758 morbo

2017 1776 2278 1839 laborent,
2304 1794 2490 1834 curare
2511 1797 2934 1851 perseveremus,
2955 1788 3285 1858 aliorumque
3304 1806 3466 1846 onera
3485 1808 3604 1846 ruu-

2018 1875 2108 1921 tuo
2139 1870 2394 1924 feramus.
2425 1871 2517 1925 Sic
2542 1875 2684 1927 enim
2711 1877 2907 1931 Christi
2933 1879 3101 1947 legem
3139 1881 3509 1949 implebiinns,
3542 1893 3600 1936 et

2017 1959 2277 2027 promissa
2323 1977 2714 2032 consequemur
2759 1967 2919 2035 bona,
2965 1972 3130 2039 gratia
3177 1982 3234 2026 et
3273 1972 3603 2042 benignitate

2016 2050 2221 2102 Domini
2255 2054 2417 2105 nostri
2436 2053 2561 2108 Jesu
2578 2056 2798 2122 Christi,
2822 2061 3032 2127 quicum
3050 2061 3192 2115 Patri
3217 2063 3382 2132 gloria
3408 2064 3597 2117 simul-

2015 2154 2117 2208 que
2140 2139 2356 2208 Spiritui
2391 2154 2595 2212 sancto,
2625 2147 2677 2200 in
2705 2150 2898 2202 saecula
2927 2151 3265 2207 seculorum.
3291 2154 3482 2207 Amen.

2013 2313 2226 2423 mutilat-lii
2249 2315 2432 2368 habent
2455 2331 2468 2369 :
2494 2318 2710 2374 Christus
2730 2325 3002 2378 Jemsalem
3019 2333 3230 2380 euertere
3249 2342 3427 2393 parans
3439 2329 3599 2394 ἰαί-ναι

396 2523 3586 2560 ῌΜ-ξ-ᾑ-η--ηψ-ἭΜ

1648 2583 1990 2648 HOMILIA
2032 2586 2260 2656 LXIX.

334 2742 460 2796 Car.
501 2739 587 2794 12.
643 2754 697 2793 ν.
748 2739 838 2793 42.
899 2736 1251 2791 Verumtamen
1288 2749 1352 2786 ea:
1401 2729 1707 2798 principibus
1762 2724 1910 2778 multi

403 2832 717 2885 crediderunt
740 2831 794 2882 in
822 2845 972 2890 eum;
999 2827 1087 2880 sed
1108 2835 1311 2895 propter
1335 2821 1626 2876 Pltariswos
1651 2834 1752 2871 non
1777 2832 1901 2869 con-

411 2924 696 2992 ﬁtebantur,
728 2931 785 2975 ut
814 2922 876 2974 de
897 2935 1153 2990 synagoga
1181 2933 1281 2969 non
1303 2916 1620 2985 ejicereutur.
1649 2911 1739 2965 45.
1766 2908 1910 2961 Dile-

403 3025 580 3071 xerunt
615 3015 752 3070 enim
785 3013 1002 3085 gloriam
1032 3011 1290 3064 hominum
1319 3005 1478 3074 magis
1514 3017 1664 3072 quam
1695 3000 1908 3072 gloriam

393 3103 522 3162 ‘Dei.

408 3200 461 3253 I.
504 3197 730 3252 Avaritia
755 3189 1319 3266 grauissimus'morbus.
1345 3185 1642 3243 Substantia
1667 3182 1838 3237 Patris
1863 3190 1909 3234 et

338 3291 461 3346 Filii
484 3295 864 3362 ἀπαράλλακτος,
897 3287 1067 3341 eadem
1092 3279 1470 3354 ipsa.—Pravi
1514 3292 1701 3331 omnes
1745 3273 1908 3329 animi

335 3382 552 3437 affectus
589 3381 806 3434 omnino
835 3375 1068 3446 fugiendi
1100 3373 1254 3428 nobis
1298 3378 1461 3432 sunt;
1489 3367 1583 3422 sed
1609 3369 1764 3435 longe
1794 3379 1910 3419 rna-

333 3474 416 3543 gis
439 3473 472 3527 ii
494 3473 578 3542 qui
609 3471 753 3541 plura
776 3470 984 3539 pariunt
1013 3473 1226 3536 peccata
1259 3481 1274 3518 :
1311 3461 1545 3528 exempli
1573 3473 1754 3521 causa,
1782 3471 1912 3510 ava-

337 3563 475 3626 ritia,
503 3577 621 3632 qua!
647 3576 711 3615 ex
742 3575 801 3614 se
826 3557 1000 3628 gravis
1027 3564 1108 3610 est
1135 3553 1372 3615 morbus,
1396 3549 1489 3604 sed
1521 3550 1674 3615 longe
1703 3546 1912 3615 gravior

341 3653 567 3709 efficitur
587 3694 601 3718 ,
633 3651 753 3722 quia
779 3650 928 3705 radix
975 3659 1028 3704 et
1053 3654 1224 3701 mater
1249 3654 1330 3699 est
1361 3643 1596 3696 omnium
1628 3639 1906 3692 malorum.

341 3745 611 3815 Ejusmodi
641 3753 724 3799 est
755 3743 924 3797 inanis
947 3740 1136 3809 gloria.
1166 3738 1305 3792 Ecce
1329 3737 1381 3788 hi
1413 3733 1482 3787 ob
1501 3731 1686 3801 gloria:
1706 3728 1910 3797 cupidi-

339 3853 458 3891 nem
491 3851 518 3888 a
547 3835 650 3890 fide
675 3843 797 3888 sunt
824 3832 1014 3887 avulsi.
1037 3830 1169 3884 Nam
1195 3827 1367 3890 Multi,
1391 3827 1484 3887 ait,
1518 3839 1579 3877 ea:
1605 3820 1913 3893 principibus

337 3927 650 3980 crediderunt
677 3925 729 3978 in
771 3939 925 3985 eum;
972 3921 1060 3974 sed
1087 3929 1292 3988 propter
1325 3915 1532 3970 Judtvos
1561 3929 1662 3966 non
1700 3911 1910 3978 conﬁte-

337 4018 534 4078 bantur,
562 4025 616 4068 ut
657 4015 720 4068 de
752 4028 1010 4084 sgnngOga
1039 4027 1138 4064 non
1164 4010 1481 4078 ejicerentur.
1523 4002 1578 4058 id
1623 4001 1764 4071 quod
1808 4000 1913 4054 illis

338 4121 496 4175 supra
529 4106 738 4161 dicebat
769 4122 784 4159 :
813 4102 1063 4174 quomodo
1092 4101 1295 4171 potestis
1333 4098 1535 4152 credere
1559 4138 1573 4159 ,
1605 4095 1824 4165 gloriam
1850 4091 1913 4144 ab

335 4197 544 4250 invicem
565 4197 882 4264 accipientes,
912 4202 955 4246 et
979 4193 1216 4262 gloriam,
1243 4203 1354 4258 qua:
1379 4204 1410 4239 a
1431 4187 1538 4239 solo
1567 4184 1670 4236 Deo
1697 4191 1790 4244 est,
1815 4197 1915 4235 non

337 4298 611 4358 quaerentes
659 4287 835 4358 (Joau.
864 4287 918 4340 5.
949 4285 1039 4355 44)
1059 4283 1084 4334 ?
1122 4282 1238 4335 Non
1284 4294 1413 4347 ergo
1443 4277 1710 4346 principes
1738 4282 1911 4337 erant,

340 4379 432 4432 sed
463 4377 624 4441 servi,
653 4387 888 4432 extrema
921 4374 1195 4427 servitute.
1225 4369 1490 4422 thterum
1523 4367 1610 4419 hic
1640 4372 1819 4433 postea
1847 4363 1914 4415 ti-

342 4485 457 4523 mor
499 4469 735 4522 sublstns
775 4473 876 4519 est.
908 4464 1176 4530 Nusquam
1221 4461 1362 4514 enim
1402 4458 1501 4512 sub
1529 4455 1784 4524 apostolis
1813 4452 1916 4506 hoc

341 4560 526 4612 morbo
555 4568 738 4626 captos
769 4556 1030 4609 videmus.
1053 4552 1183 4606 Nam
1216 4559 1340 4605 tunc
1371 4558 1425 4602 et
1454 4548 1715 4619 principes
1735 4554 1788 4600 et
1824 4559 1914 4598 sa-

339 4651 582 4704 cerdotes
610 4646 968 4702 crediderunt.
1000 4644 1177 4700 Gratia
1205 4644 1345 4696 enim
1391 4640 1620 4707 Spiritus
1656 4651 1914 4706 superve-

341 4739 490 4792 niens
532 4738 651 4790 illos
679 4752 866 4790 omnes
892 4735 1172 4788 adamante
1208 4733 1470 4786 firmiores
1508 4729 1756 4784 reddidit.
1782 4726 1912 4780 Cum

341 4829 498 4896 igitur
526 4827 626 4881 hoc
665 4843 731 4880 ne
760 4839 882 4879 tunc
902 4825 1181 4878 crederent
1208 4821 1506 4890 impediret,
1539 4820 1658 4873 audi
1681 4817 1805 4887 quid
1835 4816 1917 4869 di-

340 4927 424 4973 cat.
454 4940 468 4972 :
497 4920 586 4973 44.
626 4918 725 4983 Qui
741 4917 897 4970 credit
921 4917 970 4968 in
993 4932 1088 4978 tne,
1112 4932 1210 4968 non
1233 4917 1390 4966 credit
1419 4914 1468 4964 iu
1495 4928 1592 4976 me,
1613 4911 1706 4964 sed
1728 4910 1781 4962 iu
1802 4925 1913 4961 eum

339 5010 422 5076 qui
452 5010 584 5063 misit
608 5023 727 5071 me;
753 5021 817 5061 ac
843 5007 886 5060 si
928 5009 1150 5068 diceret,
1179 5005 1288 5058 Cur
1318 5005 1515 5057 timetis
1545 5003 1700 5054 inme
1726 4999 1914 5054 crede-

341 5099 441 5153 re?
463 5100 594 5154 fides
620 5114 714 5168 per
739 5113 828 5154 me
857 5097 1046 5150 transit
1072 5098 1124 5149 in
1156 5097 1320 5148 Deum
1340 5135 1356 5159 ,
1387 5103 1444 5146 ut
1472 5094 1632 5146 etiam
1667 5090 1915 5144 incredu-

342 5189 486 5244 litas.
506 5189 639 5245 Vide
662 5204 770 5260 quo
797 5195 949 5258 pacto
971 5201 1070 5256 per
1098 5188 1274 5238 omnia
1293 5181 1642 5236 substantiam
1671 5179 1914 5234 eamdem

344 5279 597 5333 declaret.
625 5278 742 5333 Non
765 5276 1037 5342 dixit,Qui
1059 5273 1231 5328 credit
1257 5271 1407 5331 mihi.
1440 5285 1508 5324 ne
1541 5269 1661 5337 quis
1690 5268 1913 5330 diceret,

345 5369 411 5423 de
439 5367 617 5423 verbis
656 5369 772 5438 eius
817 5377 1018 5420 tantum
1051 5363 1153 5417 hoc
1180 5362 1305 5426 dici,
1334 5360 1476 5430 quod
1510 5359 1577 5414 de
1616 5357 1917 5411 hominibus

343 5473 552 5529 quoque
578 5459 682 5513 dici
713 5464 941 5529 poterat.
969 5454 1102 5509 Nam
1142 5454 1232 5522 qui
1261 5449 1518 5520 apostolis
1556 5449 1760 5512 credit,
1810 5462 1915 5502 non

345 5551 475 5619 ipsis
501 5551 693 5614 credit,
714 5551 807 5604 sed
832 5549 959 5602 Deo.
981 5547 1176 5601 Verum
1207 5555 1263 5597 ut
1283 5544 1457 5597 discas
1477 5542 1542 5596 de
1573 5539 1672 5594 ﬁde
1703 5539 1754 5593 in
1784 5537 1914 5593 sub-

347 5645 594 5697 stantiam
621 5658 773 5696 suam
807 5641 920 5696 haec
951 5639 1054 5708 agi,
1088 5652 1194 5691 non
1235 5635 1391 5698 dicit,
1420 5633 1520 5699 Qui
1548 5631 1717 5687 credit
1741 5629 1918 5684 verbis

354 5734 504 5798 meis,
537 5733 652 5796 sed,
687 5731 784 5794 Qui
810 5729 964 5782 credit
992 5729 1042 5780 in
1061 5743 1156 5780 me.
1179 5725 1239 5780 Et
1262 5739 1376 5786 cur,
1403 5723 1626 5794 inquies,
1660 5733 1915 5789 nusquam

2013 2734 2129 2787 vice
2158 2750 2310 2791 versa
2341 2738 2490 2806 dicit,
2542 2742 2639 2810 Qui
2665 2745 2836 2798 credit
2885 2747 2935 2800 in
2981 2747 3233 2811 Patrem,
3280 2763 3384 2801 non
3428 2748 3598 2803 credit

2015 2825 2066 2880 in
2097 2827 2327 2893 Patrem,
2361 2831 2452 2885 sed
2487 2833 2536 2886 in
2570 2836 2693 2887 me?
2719 2834 2848 2900 Quia
2881 2837 3140 2892 dixissent
3195 2839 3289 2902 illi,
3331 2838 3468 2893 Ecce
3496 2854 3594 2892 nos

2014 2917 2066 2970 in
2102 2917 2312 2973 Patrem
2337 2921 2625 2988 credimus,
2656 2924 2706 2976 in
2733 2933 2783 2977 te
2825 2941 2928 2978 non
2958 2927 3248 2980 credimus.
3281 2925 3410 2981 Nam
3443 2927 3597 2981 infir-

2013 3011 2211 3065 miores
2239 3012 2412 3066 adhuc
2442 3024 2614 3068 erant.
2667 3016 2964 3086 Discipulos
2995 3019 3135 3072 enim
3187 3019 3465 3086 alloquens
3515 3022 3593 3072 sic

2014 3101 2242 3165 dicebat,
2273 3102 2485 3157 Creditis
2509 3106 2562 3157 in
2590 3103 2774 3171 Deum,
2807 3118 2854 3159 et
2880 3113 2932 3160 iu
2974 3125 3052 3160 me
3087 3108 3479 3179 crediterau.
3507 3111 3592 3164 Η.

2014 3195 2038 3249 1
2072 3195 2109 3260 ).
2145 3193 2252 3249 ilos
2278 3203 2453 3249 autem
2484 3211 2605 3251 cum
2640 3198 2962 3254 infirmiores
2988 3201 3052 3252 ad
3083 3204 3195 3254 lure
3222 3201 3486 3255 audienda
3517 3201 3596 3254 vi-

2013 3284 2196 3349 deret,
2249 3286 2406 3340 aliter
2441 3288 2689 3341 instituit.
2741 3287 2986 3343 Ostendit
3031 3305 3160 3357 ergo
3194 3307 3296 3344 non
3332 3306 3491 3358 posse
3542 3291 3595 3345 in

2015 3374 2223 3428 Patrem
2251 3375 2470 3430 credere
2492 3391 2604 3436 eos.
2633 3379 2720 3447 qui
2752 3394 2854 3432 noo
2888 3380 2939 3432 in
2965 3394 3024 3433 se
3054 3381 3292 3434 credant.
3321 3380 3385 3434 Et
3407 3396 3472 3434 ne
3499 3396 3595 3450 pu-

2015 3476 2094 3521 tes
2125 3467 2174 3520 id
2213 3468 2360 3534 quasi
2403 3467 2469 3522 de
2499 3467 2712 3524 homine
2752 3468 2854 3522 dici
2884 3511 2898 3531 ,
2929 3469 3109 3523 sobdit
3139 3487 3150 3522 :
3177 3470 3266 3525 45.
3325 3471 3426 3536 Qui
3464 3472 3596 3526 uidet

2014 3560 2258 3622 me,uidet
2285 3576 2398 3612 eum
2430 3562 2515 3629 qui
2550 3562 2686 3615 misit
2710 3579 2806 3615 nte.
2831 3562 2966 3628 Quid
2993 3563 3159 3630 ergo?
3194 3578 3259 3616 an
3285 3579 3478 3631 corpus
3509 3573 3596 3619 est

2016 3649 2179 3703 Deus?
2203 3650 2435 3704 Minime.
2459 3651 2726 3705 Visionem
2745 3655 2939 3722 quippe
2973 3653 3252 3707 mentalem
3279 3653 3365 3711 ltlc
3389 3654 3595 3725 signiﬁ-

2015 3749 2139 3804 cat,
2199 3751 2252 3793 et
2296 3741 2418 3794 hinc
2462 3741 3060 3796 consubstantialitatem
3116 3743 3466 3798 demonstrat.
3533 3745 3598 3800 Et

2015 3829 2142 3899 quid
2173 3830 2270 3883 sibi
2298 3832 2410 3884 vult
2455 3831 2619 3894 illud,
2654 3833 2752 3900 Qui
2779 3833 2933 3886 credit
2961 3835 3013 3887 in
3035 3835 3153 3888 me?
3181 3835 3257 3888 Ac
3287 3835 3330 3888 si
3361 3835 3480 3903 quis
3510 3834 3596 3889 dl-

2015 3927 2180 3982 ccret,
2221 3920 2318 3987 Qui
2347 3936 2535 3990 aquam
2569 3921 2636 3975 de
2683 3923 2896 3976 nomine
2927 3923 3098 3988 tollit,
3131 3937 3232 3976 non
3259 3921 3326 3976 de
3355 3923 3594 3985 flumine,

2015 4011 2108 4066 sed
2136 4013 2199 4066 de
2231 4012 2374 4067 fonte
2399 4015 2606 4082 accipit.
2637 4014 2744 4068 lmo
2770 4014 3029 4068 infirmius
3056 4015 3158 4068 hoc
3183 4015 3484 4082 exemplum
3512 4024 3597 4068 est

2017 4103 2082 4155 ad
2109 4117 2220 4156 rem
2249 4105 2595 4171 propositam.
2622 4104 2711 4158 46.
2738 4103 2845 4174 Ego
2863 4104 3024 4158 luxin
3045 4105 3287 4156 modum
3313 4104 3594 4158 veni.Cum

2016 4196 2157 4250 enim
2181 4195 2338 4249 Pater
2367 4203 2420 4249 et
2440 4196 2490 4246 in
2510 4195 2674 4249 veteri
2693 4204 2747 4247 et
2777 4195 2829 4248 in
2858 4208 2990 4246 nova
3022 4194 3137 4262 lege
3166 4194 3243 4247 sic
3271 4194 3592 4264 appelletur,

2018 4297 2071 4342 et
2096 4286 2198 4342 hoc
2228 4289 2340 4356 ipse
2369 4297 2542 4341 utatur
2577 4287 2824 4351 nomine;
2856 4285 2974 4339 ideo
3000 4285 3195 4340 Paulus
3225 4286 3348 4339 hinc
3373 4285 3598 4340 edoctus

2017 4378 2357 4446 splendorem
2389 4386 2541 4430 vocat
2572 4377 2718 4430 illum
2765 4373 2961 4446 (Ilcbr.
2998 4376 3050 4428 l.
3083 4374 3171 4444 5).
3207 4374 3423 4429 Multam
3451 4385 3598 4430 certe

2018 4483 2138 4521 cum
2173 4468 2326 4522 Patre
2355 4467 2661 4520 afﬁnitatem
2693 4467 2778 4519 hic
2805 4466 3050 4529 ostendit,
3085 4464 3191 4518 imo
3223 4465 3416 4519 nullam
3443 4465 3600 4520 diffe-

2019 4560 2241 4612 rentiam
2269 4575 2280 4610 :
2311 4573 2432 4611 nam
2474 4556 2630 4611 fidem
2680 4556 2833 4620 inse,
2867 4572 2969 4609 non
2998 4556 3050 4608 in
3077 4570 3138 4610 se
3162 4596 3176 4618 ,
3209 4555 3305 4609 sed
3347 4556 3398 4609 in
3449 4555 3597 4610 illunt

2019 4651 2244 4704 transire
2267 4649 2413 4702 dicit.
2456 4647 2650 4702 Lucem
2682 4663 2839 4716 porro
2865 4662 2924 4699 se
2967 4646 3192 4711 vocavit,
3227 4644 3370 4715 qttod
3409 4645 3476 4699 ab
3509 4661 3600 4698 cr-

2020 4756 2143 4794 rore
2180 4740 2394 4802 liberet,
2425 4748 2476 4792 et
2504 4738 2643 4808 quod
2674 4736 2976 4805 spiritualcs
3005 4736 3176 4790 solvat
3203 4735 3472 4790 tenebras.
3506 4735 3597 4790 47.

2019 4831 2082 4886 Si
2107 4832 2218 4901 quis
2255 4847 2333 4884 me
2371 4847 2471 4883 non
2523 4830 2772 4894 audierit,
2802 4845 2893 4899 ego
2924 4844 3022 4881 non
3046 4828 3225 4896 judico
3253 4827 3422 4880 illum.
3474 4824 3596 4881 Non

2018 4926 2149 4976 enim
2178 4922 2284 4974 veni
2307 4931 2360 4973 ut
2381 4921 2606 4990 judicem
2644 4922 2909 4980 mundum,
2945 4919 3033 4972 sed
3065 4928 3115 4970 ut
3143 4919 3416 4984 salvi/icem
3440 4933 3593 4968 nitnt-

2020 5014 2160 5066 dum.
2190 5012 2265 5067 Ne
2294 5021 2538 5080 putarent
2570 5011 2710 5064 enim
2736 5025 2793 5064 se
2825 5019 3039 5078 propter
3063 5009 3424 5060 infirmitatem
3456 5021 3591 5057 cou-

2021 5111 2309 5170 tcmptores
2336 5103 2623 5165 dimisisse,
2667 5101 2784 5154 ideo
2805 5101 2937 5154 dixit
2966 5117 2979 5153 :
3014 5098 3132 5151 Non
3161 5098 3271 5150 veni
3296 5107 3347 5149 ut
3374 5096 3600 5166 judicent

2020 5196 2278 5248 mundum.

2089 5287 2142 5341 2.
2171 5285 2372 5340 Deinde
2401 5300 2467 5340 ne
2498 5285 2622 5339 hinc
2649 5284 2923 5354 segniores
2942 5281 3089 5341 fiant,
3129 5278 3268 5348 quod
3316 5276 3602 5332 didicerint

2020 5393 2140 5434 eum
2157 5379 2245 5448 qui
2264 5377 2452 5442 credit,
2471 5378 2670 5430 salvum
2692 5375 2830 5435 ﬁeri.
2850 5383 2904 5428 et
2922 5372 3009 5441 qui
3030 5387 3135 5424 non
3152 5371 3344 5437 credit,
3367 5369 3537 5439 puniri
3559 5371 3598 5434 ‘,

2021 5469 2140 5522 vide
2169 5483 2325 5536 quam
2355 5465 2756 5519 formidolosum
2787 5463 2890 5516 illis
2917 5461 3143 5514 tribunal
3183 5463 3434 5525 minetur,
3478 5475 3599 5514 cunt

2085 5604 2101 5633 ι
2137 5606 2306 5648 Putant
2334 5599 2513 5647 Boisius
2535 5604 2588 5646 et
2606 5595 2806 5645 savilius
2836 5593 3098 5656 legendum
3124 5606 3236 5642 esse
3286 5606 3379 5643 non
3409 5590 3595 5652 puniri.

2021 5661 2252 5766 Certe'itla
2276 5659 2541 5768 Legqndum
2564 5657 2676 5706 mihi
2698 5669 2894 5719 quoque
2928 5656 3123 5706 videtur
3148 5668 3159 5704 :
3188 5657 3274 5704 sed
3299 5667 3470 5703 omnes
3494 5661 3597 5703 Mss.

2022 5731 2186 5768 oritur:
2232 5733 2271 5766 tu
2312 5733 2414 5767 eo.

2022 5731 2186 5786 ptmtrt
2215 5731 2414 5768 habent.
