4072 6152
459 261 563 317 579

456 371 637 438 adiicit
667 385 682 426 :
712 369 801 426 48.
833 366 932 435 Qui
961 380 1040 420 me
1065 365 1275 436 spernit,
1302 373 1348 417 et
1372 377 1472 416 non
1498 359 1678 430 accipit
1708 359 1855 410 verba
1900 371 2031 418 mea,

456 467 601 518 habet
625 462 713 534 qui
727 460 923 531 judicet
950 473 1084 512 eum.
1107 457 1161 511 Si
1191 463 1341 524 pater
1370 453 1634 507 neminem
1653 449 1875 519 judicat,
1895 455 1951 501 et
1977 458 2032 501 tu

456 570 563 610 non
591 555 777 608 venisti
806 563 862 606 ut
887 550 1094 618 judices
1121 547 1398 611 mundum,
1417 545 1536 614 quis
1569 545 1713 597 illum
1738 540 2032 612 judicabit?

453 647 636 700 Sermo
676 660 822 712 quem
859 645 1093 711 loquutus
1120 657 1254 704 sum,
1299 640 1406 705 ipse
1423 636 1678 706 judicabit
1706 636 1869 689 illum.
1898 633 2031 699 Quia

453 735 598 787 enim
627 733 878 788 dicebant
916 732 1063 785 illum
1095 746 1201 784 non
1227 745 1291 784 ex
1335 729 1449 782 Deo
1473 742 1591 781 esse
1614 767 1628 791 ,
1666 726 1744 780 sic
1787 726 2032 794 loquutus

452 833 556 887 est.
587 825 893 879 utdeelaret
921 824 1060 893 quod
1094 833 1218 877 tunc
1258 838 1360 875 non
1401 828 1649 890 poterunt
1671 818 1788 872 hzrc
1813 816 2026 878 dicere;

453 918 571 981 sed,
598 917 770 970 Verba
795 932 914 984 quae
939 931 1084 968 uituc
1109 915 1358 982 loquutus
1390 928 1505 966 sum
1527 953 1543 976 ,
1591 911 1918 965 accusatoris
1953 909 2034 962 vi-

454 1023 570 1062 cem
601 1017 779 1077 agent,
803 1008 890 1076 qui
920 1007 1037 1060 illos
1065 1006 1364 1068 convincet,
1396 1013 1450 1058 et
1475 1019 1686 1057 onmem
1710 1001 2032 1055 defensionis

457 1101 672 1154 modum
720 1100 940 1152 adimet.
979 1098 1160 1152 Sermo
1188 1114 1331 1166 quem
1355 1097 1588 1165 loquutus
1604 1112 1736 1148 sum.
1763 1094 1893 1158 Quis
1913 1107 2030 1146 ser-

455 1193 589 1246 mo?
625 1191 714 1245 49.
760 1190 908 1256 Quod
934 1207 965 1241 a
989 1206 1068 1241 me
1091 1189 1201 1255 ipso
1233 1204 1331 1239 non
1356 1187 1593 1250 venerim,
1621 1185 1738 1254 quia
1777 1185 1862 1251 qui
1899 1183 2033 1235 misit

453 1300 535 1337 me
576 1283 757 1347 Pater,
787 1283 870 1335 ille
921 1281 1056 1334 dedit
1092 1280 1216 1331 mihi
1245 1278 1535 1330 mandatum
1569 1277 1692 1344 quid
1731 1276 1896 1328 diram
1920 1317 1934 1338 ,
1983 1284 2031 1328 et

454 1376 578 1445 quid
601 1376 778 1442 loquar
798 1389 818 1425 :
843 1382 892 1426 et
919 1372 1020 1424 alia
1040 1369 1340 1434 hujusmodi
1373 1368 1570 1445 omnia.
1605 1367 1744 1434 Ergo
1769 1368 1880 1419 Iure
1910 1367 2031 1422 ideo

454 1477 674 1536 propter
699 1466 818 1518 illos
843 1464 980 1516 dicta
1008 1471 1151 1525 sum,
1186 1468 1243 1513 ut
1269 1459 1466 1513 nullam
1492 1442 1745 1510 haberent
1765 1458 2032 1512 defensio-

453 1557 537 1610 nis
563 1569 767 1608 ansam.
800 1553 930 1608 Nam
957 1552 1055 1606 nisi
1081 1553 1149 1605 ita
1179 1567 1263 1604 res
1292 1564 1350 1602 se
1380 1549 1618 1612 haberet,
1648 1548 1770 1616 quid
1794 1549 1910 1616 plus
1935 1549 2026 1601 ha-

454 1646 600 1701 bebit
626 1661 782 1715 quam
814 1643 1012 1697 Isaias?
1043 1641 1173 1696 Nam
1196 1641 1284 1693 ille
1315 1638 1417 1693 hoc
1457 1638 1628 1707 ipsum
1657 1637 1823 1690 dicit:
1858 1637 2032 1690 Domi-

454 1753 550 1790 nus
579 1736 666 1788 dat
695 1735 818 1787 mihi
842 1735 1068 1803 linguam
1085 1730 1399 1794 eruditionis,
1424 1739 1479 1782 ut
1502 1731 1656 1781 sciam
1694 1727 1895 1796 quando
1922 1744 2029 1781 ser-

455 1845 655 1882 monem
695 1829 860 1880 dicere
893 1835 1120 1894 oporteat
1151 1824 1300 1895 (lsai.
1332 1823 1417 1877 50.
1453 1821 1540 1894 4).
1564 1823 1698 1889 Quid
1730 1822 1846 1888 plus
1873 1835 2030 1890 quam

456 1919 756 1974 Jeremias?
784 1917 912 1971 Nam
943 1929 994 1971 et
1022 1917 1112 1970 ille
1141 1931 1260 1969 cum
1292 1901 1629 1975 mittebatur,
1658 1921 1782 1966 tunc
1809 1913 2033 1980 inspira-

455 2012 654 2064 tionem
687 2009 934 2062 habebat.
969 2007 1102 2073 Quid
1124 2007 1239 2074 plus
1260 2021 1415 2075 quam
1437 2004 1720 2058 Ezechiel?
1746 2003 1838 2056 ilic
1865 2003 2028 2067 enim,

454 2099 708 2153 devorato
725 2099 976 2167 capitulo,
1001 2099 1070 2151 ita
1100 2098 1346 2166 loquutus
1373 2105 1454 2150 est
1473 2094 1684 2166 (Ezech.
1703 2095 1756 2149 3.
1785 2093 1861 2166 1).
1888 2095 2032 2147 Alio.

453 2192 579 2262 quin
606 2201 784 2246 autem
817 2193 849 2244 ii
877 2191 965 2259 qui
990 2189 1130 2244 dicta
1157 2191 1272 2258 ejus
1298 2187 1526 2242 audituri
1545 2195 1716 2252 erant,
1741 2201 1898 2242 causa
1933 2187 2029 2255 ipsi

453 2284 770 2352 cognitionis
802 2284 964 2337 fuisse
992 2283 1373 2350 reperirentur.
1406 2278 1459 2334 Si
1502 2279 1643 2332 enim
1687 2293 1808 2331 cum
1852 2279 2029 2332 mitte-

453 2375 628 2438 batur,
650 2377 953 2430 mandatum
982 2374 1187 2442 accepit
1212 2371 1336 2442 quid
1359 2369 1775 2434 essetdicturus,
1806 2369 2031 2424 subinde

454 2466 601 2519 dices
640 2466 809 2535 ipsmn
836 2505 852 2528 ,
900 2476 1181 2533 antequam
1223 2463 1522 2515 mitteretur
1546 2501 1561 2524 ,
1593 2459 1722 2512 nihil
1765 2460 1984 2513 scivisse
2013 2476 2028 2514 :

451 2557 644 2626 quibus
673 2557 852 2610 verbis
877 2555 999 2624 quid
1021 2556 1186 2624 magis
1206 2555 1422 2624 impium
1446 2551 1623 2615 fuerit,
1643 2552 1684 2604 si
1703 2551 1821 2619 quis
1842 2565 2030 2618 nempe

453 2645 571 2701 lucc
617 2648 684 2702 ita
725 2648 977 2716 accipiat,
1012 2662 1110 2700 nec
1155 2661 1367 2700 causam
1411 2644 1723 2698 humilitatis
1750 2643 2028 2698 verborum

455 2737 1010 2806 hujusmodiediscat?
1049 2736 1244 2791 Verum
1277 2735 1470 2790 Paulus
1513 2735 1654 2803 ipsos
1685 2736 1844 2788 etiam
1871 2734 2031 2789 disci-

456 2831 606 2900 pulos
642 2830 939 2899 intelligere
967 2829 1115 2894 dicit,
1139 2829 1265 2894 Qua:
1289 2829 1352 2881 sit
1379 2829 1610 2880 voluntas
1638 2825 1734 2878 Dei
1764 2827 1916 2891 bona,
1945 2826 2030 2878 be-

454 2921 703 2989 ueplacita
733 2931 777 2973 et
806 2923 1026 2991 perfecta
1060 2921 1233 2988 (Rom.
1260 2918 1347 2972 12.
1378 2917 1468 2987 ‘2);
1503 2927 1554 2971 et
1599 2917 1765 2970 Filius
1806 2915 2028 2970 nescivit

454 3013 624 3068 donec
671 3013 976 3066 mandatum
1009 3010 1251 3077 accepit?
1282 3017 1336 3062 et
1366 3024 1467 3078 qua
1526 3007 1734 3062 ratione
1771 3006 1822 3061 id
1853 3007 2031 3060 consi—

455 3114 600 3159 stere
631 3105 827 3174 possit?
855 3101 1042 3155 Viden‘
1081 3116 1200 3154 eum
1239 3100 1424 3154 istlizec
1451 3099 1734 3153 admodum
1764 3098 2033 3152 humiliter

458 3195 622 3264 loqui,
639 3205 696 3247 ut
713 3195 832 3246 illos
851 3191 1100 3257 attrahat,
1116 3202 1168 3245 et
1191 3191 1253 3245 iis
1265 3191 1352 3261 qui
1378 3190 1533 3244 futuri
1551 3199 1721 3254 erant,
1759 3189 2030 3244 silentium

458 3284 734 3355 imponat?
764 3283 888 3338 Ideo
917 3284 1074 3353 igitur
1106 3283 1332 3336 humana
1374 3282 1607 3350 loquitur
1634 3281 1794 3335 verba
1815 3321 1829 3344 ,
1859 3289 1916 3334 ut
1946 3282 2031 3335 vel

457 3377 536 3430 sic
563 3375 681 3430 illos
725 3390 792 3429 eo
817 3374 1077 3443 adigeret,
1107 3382 1163 3427 ut
1191 3374 1449 3433 vilitatem
1467 3373 1747 3426 verborum
1769 3371 2028 3440 fugerent,

455 3469 604 3537 gnari
629 3482 731 3520 non
766 3482 832 3521 ex
879 3473 1088 3529 natura,
1127 3464 1220 3518 sed
1242 3479 1302 3518 ex
1338 3463 1635 3517 auditorum
1669 3462 2032 3516 imbecillitate

456 3557 571 3612 lucc
599 3557 666 3610 ita
694 3557 819 3610 diri.
843 3556 931 3611 50.
959 3555 1078 3610 Scio
1110 3556 1229 3624 quia
1264 3555 1557 3608 mandatum
1584 3555 1693 3622 ejus
1722 3555 1820 3607 vita
1845 3563 2034 3608 (eterna

453 3660 549 3703 est.
579 3649 704 3713 Qum
730 3665 846 3718 ergo
864 3650 1058 3719 loquor,
1081 3647 1212 3701 sicut
1234 3646 1360 3700 dixit
1384 3647 1505 3698 mihi
1537 3644 1708 3712 Pater,
1734 3645 1806 3700 sic
1834 3645 2028 3713 loquor.

459 3738 646 3793 Videu‘
676 3739 956 3791 verborum
999 3737 1394 3791 humilitatem?
1421 3735 1518 3802 Qui
1549 3737 1692 3790 enim
1720 3735 2028 3790 mandatum

457 3831 670 3900 accipit,
709 3846 813 3884 non
844 3831 924 3883 sui
954 3830 1201 3883 dominus
1240 3839 1342 3883 est.
1375 3829 1529 3897 Atqui
1557 3829 1669 3897 ipse
1695 3828 1768 3880 ait
1798 3844 1813 3881 :
1848 3827 2034 3892 Quem-

455 3923 728 3976 admodum
754 3922 886 3976 enim
925 3920 1082 3974 Pater
1106 3921 1314 3975 suscitat
1339 3929 1557 3973 mortuos
1585 3928 1630 3971 et
1669 3918 1882 3985 viviﬁcat
1911 3933 1930 3972 :
1963 3918 2034 3969 ita

456 4024 500 4066 et
529 4011 695 4067 Filius
723 4029 847 4082 quos
877 4013 981 4066 vult
1010 4012 1244 4080 viviﬁcat.
1277 4012 1358 4065 An
1411 4024 1538 4080 ergo
1577 4008 1862 4062 suscitandi
1901 4022 2034 4076 quos

456 4104 569 4158 vult
596 4115 908 4174 potestatem
944 4102 1122 4167 habet,
1156 4103 1368 4158 dicendi
1401 4101 1540 4172 quod
1569 4100 1676 4154 vult
1701 4115 1804 4153 non
1838 4099 2033 4154 habet?

457 4193 568 4249 Hoc
588 4205 766 4248 autem
795 4195 905 4248 vult
934 4193 1016 4247 his
1043 4195 1218 4248 verbis
1244 4192 1540 4262 signiﬁcare
1569 4207 1582 4242 :
1613 4189 1726 4244 Non
1745 4190 2034 4244 secundum

460 4294 701 4340 naturam
743 4297 845 4348 est,
877 4295 932 4338 ut
961 4285 1050 4339 ille
1098 4285 1198 4338 alia
1235 4285 1511 4353 loquatur,
1539 4282 1640 4336 alia
1685 4297 1801 4351 ego.
1835 4279 1902 4334 Et
1932 4280 2034 4334 scio

456 4378 577 4447 quia
627 4378 920 4430 mandatum
962 4379 1070 4447 ejus
1118 4378 1220 4429 vita
1278 4386 1466 4430 σείει-για
1517 4384 1610 4427 est.
1666 4375 1788 4427 Illos
1857 4381 2033 4427 autem

460 4469 770 4538 alloquitur,
799 4468 887 4536 qui
917 4467 1088 4536 ipsum
1109 4468 1469 4534 deceptorem,
1491 4474 1650 4530 atque
1676 4465 1725 4517 in
1751 4463 2035 4533 perniciem

459 4561 670 4614 venisse
694 4560 961 4614 dicebant.
989 4558 1120 4612 Cum
1149 4567 1328 4612 autem
1355 4558 1517 4621 dicit,
1554 4556 1663 4627 Ego
1705 4573 1804 4609 non
1825 4556 2035 4626 judico,

461 4648 695 4704 ostendit
721 4663 781 4702 se
811 4647 1030 4702 istorum
1059 4648 1310 4716 perniciei
1351 4662 1456 4701 non
1498 4659 1616 4700 esse
1639 4659 1852 4698 causam
1878 4646 1917 4698 ¹.
1938 4644 2040 4700 Per

463 4737 580 4794 haec
599 4739 741 4792 enim
765 4752 902 4806 pene
922 4737 1252 4803 testificatur,
1271 4752 1390 4791 cum
1417 4736 1752 4791 discessurus
1771 4744 1932 4801 esset,
1947 4751 2041 4789 ne-

465 4842 572 4898 que
609 4827 745 4882 ultra
771 4842 892 4881 cum
921 4827 1001 4881 eis
1034 4837 1360 4890 versaturus,
1395 4826 1528 4895 Quia
1551 4824 1681 4880 nihil
1715 4834 1978 4890 tamquam
2009 4839 2038 4879 a

464 4918 671 4987 meipso
695 4917 944 4986 loquutus
961 4932 1082 4972 sum
1107 4917 1284 4981 vobis,
1314 4917 1405 4971 sed
1427 4917 1602 4970 omnia
1632 4916 1782 4986 quasi
1807 4930 1835 4968 a
1863 4915 2038 4970 Patre.

468 5009 702 5079 Ideoque
744 5010 795 5065 iu
845 5009 1064 5063 humilia
1110 5009 1306 5064 desiuit
1333 5019 1385 5064 et
1412 5024 1712 5064 sermonem
1743 5008 2037 5074 concludit,

464 5109 526 5153 nt
549 5100 781 5164 diceret,
827 5099 974 5154 lIanc
1005 5100 1158 5154 vobis
1188 5114 1353 5169 usque
1378 5101 1430 5153 in
1457 5099 1616 5153 finem
1650 5100 1804 5153 emisi
1833 5114 2038 5154 vocem.

462 5191 631 5260 Quam
657 5191 884 5247 vocem?
907 5190 1054 5248 Sicut
1083 5192 1210 5252 dixit
1236 5190 1360 5243 mihi
1387 5188 1564 5255 Pater,
1586 5190 1657 5242 sic
1678 5190 1872 5258 loquor.
1892 5188 2042 5257 Quod

465 5282 512 5336 si
544 5283 654 5338 Deo
691 5284 992 5340 contrarius
1017 5299 1212 5347 essem,
1245 5283 1568 5338 contrarium
1595 5291 1740 5337 certe
1766 5281 2041 5346 dixissem,

469 5388 558 5428 me
587 5373 719 5430 nihil
742 5391 926 5432 eorum
951 5393 1072 5449 qua:
1104 5378 1211 5432 Deo
1245 5378 1456 5447 placent
1481 5375 1659 5430 dicere
1679 5416 1694 5440 ,
1742 5383 1799 5428 ut
1821 5371 2043 5443 gloriam

535 5552 554 5585 ‘
592 5549 687 5600 Alli
711 5551 883 5613 legunt
909 5565 922 5602 :
946 5563 1063 5603 am:
1087 5561 1243 5603 autem
1268 5553 1402 5611 dicit,
1425 5571 1446 5600 ι
1469 5563 1561 5613 non
1579 5551 1749 5608 Ῑιιάἰεο
1769 5566 1816 5606 ’ν
1842 5547 1930 5596 hoc
1953 5548 2041 5603 δεῖν

478 5623 498 5656 ¢
521 5625 617 5664 non
642 5626 747 5663 sum
772 5612 962 5663 illorum
987 5614 1216 5677 perniciei
1238 5629 1398 5674 causa.
1418 5614 1501 5664 sed
1527 5612 1618 5674 ipsi
1641 5626 1784 5663 causa
1807 5616 1914 5661 sunt
1951 5624 1972 5650 υ

1177 249 1234 306 S.
1273 246 1548 305 JOANNIS
1584 240 2052 301 CHRYSOSTOMI
2090 239 2407 297 ARCHIEP.
2447 241 2973 299 CONSTANTINOP.

3614 246 3718 304 330

2148 353 2213 408 ad
2231 369 2314 410 me
2342 354 2615 411 referrem.
2648 355 2797 412 Nunc
2824 365 3000 411 autem
3041 355 3175 412 adeo
3199 357 3376 412 omnia
3411 359 3462 412 in
3503 358 3718 417 Patrem

2139 446 2294 501 retuli
2319 488 2334 512 ,
2368 457 2426 501 ut
2455 447 2584 501 nihil
2617 463 2793 504 meum
2822 450 3026 513 loquar.
3054 449 3163 505 Cur
3188 465 3317 519 ergo
3359 467 3466 506 non
3495 453 3718 512 creditis

2138 536 2269 591 tnihi
2298 537 2492 592 dicenti
2521 581 2536 605 ,
2569 556 2656 594 me
2685 540 2991 595 mandatum
3021 543 3295 610 accepisse
3315 584 3328 606 ,
3361 553 3415 598 et
3453 545 3520 597 ita
3551 546 3717 602 vehe-

2137 639 2345 681 menter
2382 634 2650 683 amoventl
2700 631 2892 684 malatn
2937 631 3080 685 illam
3127 642 3359 687 vestram
3384 635 3716 702 opinionem,

2137 719 2274 786 quod
2305 719 2394 773 Dei
2428 721 2526 774 sim
2557 720 2937 776 adversarius?
2973 724 3120 778 Sicut
3149 726 3290 778 enim
3320 725 3434 779 ﬁeri
3457 728 3636 794 nequit
3661 739 3717 782 ut

2137 807 2190 867 ii.
2211 809 2298 876 qui
2327 810 2630 864 mandatum
2656 821 2997 881 acceperunt,
3025 814 3165 868 aliud
3189 815 3489 870 faciantattt
3509 817 3714 884 dicant,

2136 915 2292 968 quam
2323 915 2417 969 pro
2449 903 2708 957 mittentis
2733 904 3020 968 Voluntate,
3067 905 3238 960 donec
3278 908 3588 962 mandatum
3609 925 3711 963 ac-

2136 1003 2317 1047 curate
2347 995 2725 1063 impleveriut:
2761 997 2830 1050 ita
2874 1013 3046 1064 neque
3088 1013 3186 1068 ego
3226 999 3368 1054 aliud
3415 999 3591 1056 facere
3619 1011 3712 1056 aut

2137 1085 2314 1140 dicere
2344 1101 2579 1153 possunt,
2610 1104 2766 1156 quam
2807 1105 2926 1158 qua:
2956 1091 3112 1144 Pater
3138 1093 3384 1146 voluerit.
3425 1093 3553 1147 Nam
3584 1094 3714 1160 Quas

2139 1193 2231 1247 ego
2257 1178 2410 1246 facio,
2441 1177 2530 1231 ille
2555 1181 2710 1248 facit,
2741 1182 2858 1249 quia
2888 1198 3080 1235 mecum
3119 1191 3188 1236 est
3217 1184 3233 1250 (
3251 1181 3404 1236 Joan.
3426 1188 3480 1239 8.
3511 1185 3624 1247 29),
3655 1195 3712 1241 et

2137 1283 2240 1319 non
2267 1269 2468 1322 dimisit
2491 1285 2578 1323 me
2606 1271 2776 1323 soluat
2809 1272 2980 1324 Pater.
3018 1272 3200 1325 Viden‘
3247 1288 3352 1341 quo
3382 1285 3536 1342 pacto
3563 1291 3709 1330 sem-

2138 1372 2231 1426 per
2251 1358 2480 1411 declaret
2501 1375 2559 1413 se
2587 1360 2827 1416 Genitori-
2848 1363 2964 1417 sine
2993 1363 3102 1416 ullo
3129 1363 3440 1418 intermedio
3463 1366 3706 1433 junctum

2135 1450 2292 1502 esse?
2311 1449 2440 1502 Nam
2466 1465 2588 1503 eum
2609 1452 2760 1517 dixit,
2791 1455 2828 1505 Α
2851 1456 3034 1522 meipso
3071 1471 3168 1508 non
3194 1459 3321 1519 veni,
3351 1473 3455 1511 non
3488 1458 3586 1513 sibi
3612 1475 3709 1527 po-

2137 1549 2380 1594 testatem
2427 1542 2647 1607 adimit,
2694 1544 2785 1598 sed
2835 1560 2894 1598 se
2921 1561 3025 1598 non
3055 1545 3195 1599 Patri
3237 1549 3559 1603 contrarium
3585 1565 3709 1606 esse

2133 1631 2414 1701 significat.
2451 1633 2582 1687 Nam
2614 1635 2657 1688 si
2707 1637 2946 1690 homines
2992 1638 3071 1690 sui
3102 1637 3301 1692 domini
3345 1650 3487 1703 sunt,
3541 1643 3708 1697 multo

2136 1725 2302 1793 magis
2331 1724 2514 1778 Filius.
2545 1726 2695 1793 Quod
2727 1737 2900 1781 autem
2927 1728 3029 1783 hoc
3055 1745 3237 1784 verum
3265 1732 3363 1795 sit,
3395 1733 3518 1788 audi
3566 1735 3707 1789 Pau-

2136 1815 2245 1869 lum
2269 1817 2552 1882 dicentem,
2585 1816 2877 1871 Exinaniuit
2901 1821 3217 1891 semetipsum
3251 1822 3504 1895 (Philipp.
3527 1825 3582 1879 2.
3608 1827 3701 1895 7),

2137 1915 2182 1958 et
2212 1905 2418 1959 tradidit
2444 1923 2534 1975 pro
2559 1909 2698 1963 nobis
2729 1909 2940 1979 (Ep/tes.
2961 1911 3014 1964 5.
3043 1912 3121 1982 2).
3149 1912 3274 1977 Sed,
3301 1923 3357 1967 ut
3380 1915 3510 1980 dixi,
3528 1920 3704 1986 gravis

2136 2012 2223 2051 res
2242 2009 2321 2052 est
2348 1999 2517 2056 inanis
2541 2003 2728 2072 gloria,
2755 2005 2932 2073 gravis
2964 2008 3161 2076 utique.
3192 2007 3305 2076 Ipsa
3328 2010 3467 2062 enim
3494 2010 3543 2064 id
3575 2011 3705 2065 effe-

2135 2092 2228 2155 cit,
2275 2101 2332 2145 ut
2361 2093 2431 2146 illi
2463 2110 2566 2148 nou
2595 2096 2896 2163 crederent,
2920 2109 2974 2151 et
3005 2099 3090 2151 alii
3126 2100 3263 2152 male
3308 2100 3611 2164 crederent,
3643 2112 3700 2157 et

2135 2198 2254 2250 qum
2285 2184 2372 2237 ille
2402 2185 2742 2255 benignitatis
2761 2189 2926 2256 gratia
2958 2189 3166 2245 diccbat
3193 2192 3338 2260 ipsis,
3369 2193 3432 2245 ad
3464 2191 3702 2263 impieta-

2137 2283 2241 2329 tem
2272 2285 2558 2332 verterent.

2205 2371 2259 2424 5.
2300 2368 2600 2425 Exhortatio
2649 2374 2856 2427 moralis
2885 2374 2947 2428 de
2973 2374 3097 2428 luxu
3145 2376 3366 2430 vitando.
3401 2376 3508 2432 Sub
3554 2379 3702 2446 ﬁnem

2135 2461 2286 2531 hujus
2329 2460 2542 2514 Numeri
2586 2463 2899 2534 eleemosyna
2926 2467 3406 2521 commendatur.—
3434 2468 3578 2524 Hanc
3607 2469 3705 2524 ila-

2134 2567 2239 2616 que
2287 2551 2453 2605 feram
2497 2557 2714 2606 omnino
2762 2552 3062 2624 fugiamus;
3111 2557 3255 2611 varia
3305 2560 3499 2627 quippe
3540 2568 3622 2614 est
3649 2569 3705 2615 et

2134 2642 2472 2697 multiformis
2497 2683 2512 2707 ,
2543 2645 2793 2712 virusque
2839 2662 2994 2700 suuut
3043 2647 3237 2717 ubique
3275 2647 3585 2704 disseminat
3607 2692 3623 2716 ,
3650 2663 3705 2706 et

2137 2733 2188 2786 in
2223 2735 2460 2802 pectmiis
2479 2776 2494 2799 ,
2523 2743 2578 2788 et
2624 2735 2678 2788 in
2709 2736 2916 2792 deliciis
2947 2779 2962 2802 ,
2991 2749 3044 2792 et
3074 2740 3124 2792 iu
3153 2754 3436 2810 Corporum
3465 2743 3700 2812 pulchri-

2135 2825 2335 2880 tudine.
2363 2826 2562 2880 Idcirco
2589 2828 2782 2896 ubique
2806 2830 3174 2884 necessitatem
3201 2834 3506 2888 excedimus
3536 2851 3548 2886 :
3580 2833 3702 2888 inde

2135 2917 2360 2971 vestium
2390 2916 2544 2970 luxus
2564 2957 2579 2982 ,
2611 2931 2884 2972 servorum
2914 2935 3120 2990 greges.
3153 2920 3275 2976 Ideo
3304 2922 3494 2992 ubique
3523 2938 3702 2977 neces-

2135 3006 2264 3062 sitas
2291 3007 2652 3062 contemnitur
2672 3049 2686 3073 ,
2717 3007 2770 3062 in
2797 3007 3042 3064 domibus
3061 3050 3077 3075 ,
3108 3011 3157 3064 in
3183 3011 3435 3074 vestibus,
3467 3011 3516 3064 in
3548 3027 3696 3065 nien-

2136 3113 2192 3154 sa
2219 3116 2235 3166 ;
2264 3099 2523 3170 luxusque
2549 3100 2870 3156 dominatur.
2902 3101 2995 3157 Vis
3017 3103 3181 3172 gloria
3213 3102 3314 3157 frui
3338 3101 3363 3155 ?
3393 3102 3699 3174 Eleemosy-

2137 3206 2258 3245 natu
2311 3206 2512 3260 eroga:
2562 3203 2689 3248 tunc
2729 3203 2780 3248 te
2827 3194 3113 3248 laudabunt
3155 3195 3358 3264 angeli;
3393 3205 3515 3249 tunc
3562 3195 3704 3250 Deus

2138 3281 2474 3351 approbabit.
2506 3281 2657 3338 Nunc
2699 3292 2876 3338 autem
2911 3285 2963 3338 in
2995 3285 3238 3339 auritices
3270 3295 3472 3340 tantum
3501 3295 3555 3340 et
3586 3297 3703 3342 tex-

2139 3381 2280 3427 tores
2327 3372 2605 3428 admiratio
2649 3375 2900 3439 vertitur;
2932 3383 2986 3428 tu
3038 3390 3167 3428 vero
3190 3416 3205 3441 ,
3237 3390 3271 3430 o
3301 3376 3490 3431 mulier
3512 3417 3527 3442 ,
3557 3377 3704 3430 inco-

2136 3473 2322 3519 ronata
2346 3463 2572 3528 recedis,
2593 3473 2748 3532 teque
2765 3479 2908 3533 saepe
2935 3463 3080 3519 vides
3097 3465 3393 3520 maledictis
3408 3474 3702 3534 exceptam.

2137 3556 2192 3612 Si
2221 3571 2379 3626 porro
2423 3555 2540 3610 lucc
2588 3570 2691 3609 non
2738 3555 2946 3626 corpori
2981 3563 3069 3609 tuo
3112 3556 3542 3625 circumponeres
3565 3597 3580 3620 ,
3612 3556 3705 3608 sed

2137 3650 2191 3703 in
2221 3661 2483 3718 pauperes
2510 3647 2810 3702 ell‘underes
2833 3688 2848 3712 ,
2894 3649 3090 3715 ubique
3120 3647 3335 3716 plausus
3381 3647 3625 3711 adesset,
3656 3658 3708 3701 et

2139 3740 2252 3796 laus
2291 3755 2502 3810 magna.
2552 3737 2702 3793 Tunc
2745 3739 2830 3792 illa
2884 3738 3136 3803 habebis,
3166 3755 3288 3792 cum
3335 3739 3453 3792 aliis
3505 3737 3703 3801 dabis;

2136 3831 2308 3887 donec
2335 3847 2462 3886 vero
2506 3831 2620 3886 sola
2650 3831 2934 3886 retinueris
2956 3871 2970 3894 ,
3006 3845 3110 3885 non
3159 3830 3342 3886 habes.
3377 3829 3527 3884 Domi
3560 3845 3708 3883 nam-

2139 3937 2241 3993 que
2268 3922 2549 3976 thesaurus
2581 3936 2684 3975 non
2727 3930 2868 3975 tutus
2913 3930 2991 3976 est
3017 3939 3033 3987 ;
3065 3931 3208 3976 tutus
3227 3936 3355 3976 vero
3384 3931 3466 3975 est
3495 3920 3547 3974 in
3577 3935 3707 3989 pau-

2139 4028 2323 4084 perum
2370 4012 2636 4067 manibus.
2689 4013 2798 4067 Cur
2839 4026 3031 4080 corpus
3080 4027 3279 4076 ornas,
3307 4011 3432 4064 dum
3477 4011 3707 4063 animam

2139 4107 2443 4177 impuritate
2485 4115 2782 4174 correptam
2825 4105 3088 4175 negligis?
3115 4119 3211 4158 cur
3237 4119 3340 4158 non
3373 4112 3570 4158 tantam
3597 4103 3711 4156 ani-

2139 4215 2240 4254 mae
2266 4207 2515 4268 quantam
2540 4199 2749 4267 corpori
2775 4213 2956 4251 curam
2980 4196 3262 4265 impendis,
3293 4210 3413 4249 cum
3446 4193 3705 4262 majorem

2139 4292 2457 4360 oporteret?
2484 4292 2731 4345 Attamen
2754 4297 3046 4358 oporteret,
3079 4288 3281 4353 dilecti,
3313 4302 3492 4356 parem
3521 4286 3708 4339 saltem

2141 4382 2414 4437 adhibere.
2463 4382 2592 4446 Dic,
2624 4395 2842 4450 qua‘so,
2871 4378 2915 4432 si
2966 4378 3086 4447 quis
3127 4385 3178 4430 te
3222 4377 3548 4445 interroget,
3584 4373 3709 4442 quid

2142 4473 2428 4536 malueris,
2475 4488 2540 4526 an
2591 4487 2786 4537 corpus
2838 4480 2982 4523 tuum
3023 4477 3266 4537 vegetum
3317 4468 3711 4534 formosumque

2142 4582 2262 4621 esse
2287 4581 2351 4622 ac
2376 4565 2568 4619 vilibus
2598 4565 2833 4618 indutum
2864 4560 3138 4625 vestibus;
3171 4575 3238 4613 an
3269 4559 3532 4623 mutilum,
3563 4571 3710 4610 mor-

2145 4659 2331 4711 bosum
2379 4666 2431 4711 ct
2483 4672 2612 4711 auro
2657 4663 2902 4709 ornatum
2934 4670 2948 4706 :
2979 4667 3158 4706 annon
3209 4660 3425 4720 Optares
3453 4649 3626 4718 potius
3658 4647 3712 4702 iu

2145 4758 2329 4801 natura
2383 4747 2621 4815 corporis
2669 4747 2886 4815 pulchra
2917 4743 3148 4815 gaudere
3205 4743 3414 4807 forma,
3446 4755 3600 4810 quam
3661 4740 3712 4791 in

2148 4839 2369 4892 vestium
2391 4837 2628 4890 ambitu?
2654 4852 2720 4890 an
2750 4837 2802 4889 in
2832 4849 3059 4904 corpore
3085 4834 3161 4888 sic
3188 4843 3400 4903 optares
3419 4871 3434 4894 ,
3459 4830 3510 4883 in
3538 4829 3714 4882 anima

2146 4926 2335 4982 secus?
2379 4943 2441 4981 ac
2466 4927 2590 4980 dum
2638 4926 2780 4980 illam
2829 4933 3073 4994 turpem,
3127 4922 3464 4998 deformem,
3513 4920 3714 4987 nigram

2147 5021 2342 5081 habes,
2376 5035 2446 5074 ex
2497 5020 2673 5074 aureis
2715 5019 3043 5073 ornamentis
3072 5027 3120 5071 te
3165 5017 3393 5070 fructum
3445 5012 3718 5082 percipere

2148 5113 2337 5184 putas?
2363 5112 2616 5180 Quaenam
2649 5113 2764 5167 [nec
2793 5110 3067 5167 amentia?
3094 5110 3348 5164 Ornatum
3377 5107 3430 5160 in
3463 5102 3712 5158 interior:

2146 5216 2294 5260 verte
2312 5245 2329 5270 ,
2356 5215 2411 5261 et
2443 5205 2717 5274 torquibus
2740 5205 2847 5259 illis
2868 5204 3100 5257 animum
3126 5199 3416 5256 circumda.
3445 5196 3575 5251 Nam
3598 5207 3715 5262 qua:

2147 5301 2346 5353 circum
2371 5311 2563 5366 corpus
2591 5303 2857 5365 ponuntur
2875 5333 2891 5357 ,
2918 5307 3092 5362 neque
3121 5291 3186 5344 ad
3212 5288 3592 5348 valetudinem,
3620 5297 3720 5337 nc-

2146 5407 2250 5460 que
2285 5391 2349 5444 ad
2381 5391 2599 5444 formant
2623 5390 2812 5460 juvant
2840 5405 2853 5441 :
2887 5401 2991 5440 non
3029 5386 3235 5454 nigrum
3261 5382 3435 5436 album
3467 5376 3716 5437 reddunt,

2149 5497 2321 5551 neque
2340 5480 2479 5549 quod
2512 5490 2662 5549 turpe
2691 5488 2774 5535 est
2794 5480 3084 5534 formosum
3114 5473 3368 5529 efficiunt.
3396 5469 3521 5524 Haec
3540 5474 3720 5519 autem

2148 5591 2192 5630 st
2248 5575 2438 5630 animae
2482 5575 2886 5644 circumponas,
2919 5571 3026 5627 cito
3057 5569 3198 5625 illam
3231 5581 3327 5638 pro
3369 5563 3517 5633 nigra
3545 5557 3719 5612 albam
