4040 6172
360 285 458 341 381

358 398 575 462 reddes,
604 414 700 468 pro
729 399 866 469 turpi
893 409 946 453 et
969 398 1217 466 deformi,
1247 400 1518 470 pulchram
1548 410 1604 456 et
1623 401 1935 456 formosam.

359 489 476 546 Non
507 506 661 546 meus
699 490 787 546 hic
832 505 1012 547 sermo
1037 500 1155 558 est,
1182 491 1277 547 sed
1300 492 1509 547 Domini
1556 492 1783 548 dicentis
1828 509 1844 546 :
1875 492 1939 547 Si

359 585 548 654 fuerint
585 591 792 652 peccata
822 592 984 638 vestra
1021 592 1074 637 ut
1099 583 1356 637 coccinum
1379 623 1395 649 ,
1417 593 1473 637 ut
1512 584 1673 638 nivem
1696 584 1938 639 dealbabo

360 674 516 743 (Isai.
544 676 597 729 1.
640 675 765 743 18);
797 685 853 731 et
875 717 891 740 ,
924 674 1054 730 Date
1096 676 1462 748 elemosynam
1484 717 1500 737 .
1529 687 1575 731 et
1598 677 1768 732 omnia
1803 676 1939 732 vobis

362 766 556 819 munda
591 774 738 818 erunt
765 764 914 830 (Luc.
944 767 1030 820 11.
1058 767 1173 837 41).
1206 765 1261 822 Si
1290 767 1360 821 ita
1385 768 1460 821 sis
1490 766 1677 822 aﬁ‘ecta
1704 807 1719 833 ,
1755 782 1858 822 non
1888 777 1940 823 te

366 856 535 910 solam
561 896 578 923 ,
608 856 700 911 sed
730 857 904 911 virum
936 873 1145 928 quoque
1192 868 1341 913 tuum
1385 859 1676 914 formosum
1723 860 1936 916 reddes.

363 946 496 1002 Nam
541 947 585 1002 si
617 956 668 1002 te
715 949 892 1002 luxum
925 950 1279 1021 deponentem
1322 950 1549 1019 viderit,
1599 967 1704 1006 non
1735 952 1941 1021 magnis

366 1052 502 1108 opus
526 1040 629 1093 erit
655 1040 995 1107 smnptibus:
1031 1040 1155 1095 hinc
1204 1050 1382 1096 autem
1416 1040 1641 1095 habendi
1673 1041 1937 1111 cupidita-

368 1135 475 1183 tem
503 1127 736 1198 deponet
756 1170 769 1190 ,
801 1139 855 1182 et
884 1129 1101 1197 pronior
1122 1132 1224 1184 erit
1249 1129 1314 1184 ad
1343 1131 1737 1201 eleemosynam
1757 1170 1773 1196 ,
1803 1140 1856 1184 et
1887 1139 1940 1186 tu

369 1217 594 1274 ﬁdenter
634 1220 833 1288 poteris
886 1221 958 1273 illi
990 1235 1051 1274 ea
1090 1235 1210 1290 qua:
1257 1220 1452 1276 decent
1496 1220 1745 1278 Suadere.
1791 1220 1943 1275 Nunc

369 1320 545 1364 autem
573 1351 587 1371 ,
616 1325 650 1362 ο
681 1327 772 1364 vos
809 1310 1057 1367 mulieres
1075 1352 1092 1376 ,
1122 1326 1229 1366 non
1258 1326 1437 1381 parem
1469 1311 1675 1368 habetis
1705 1321 1941 1382 potesta-

370 1407 497 1454 tem.
532 1400 649 1466 Quo
678 1406 793 1466 ‘ore,
818 1416 915 1471 qua
943 1401 1116 1457 ﬁ-onte
1158 1404 1413 1473 conjuges
1452 1404 1518 1458 ad
1547 1406 1940 1476 eleemosynam

371 1492 709 1570 hortabimini
734 1538 748 1559 ,
780 1510 899 1551 cum
931 1496 1216 1551 maximam
1240 1510 1401 1567 Opum
1429 1507 1633 1566 partem
1660 1496 1725 1551 ad
1752 1510 1941 1566 corpo-

1687 1635 1982 1650 "0——

1371 286 1436 342 lN
1470 286 1784 344 JOANNEM
1818 287 2048 355 HOMIL.
2092 289 2259 350 LXX.
2295 293 2366 347 al.
2407 293 2592 350 LXIX.

3521 309 3629 367 389

2048 405 2122 457 ris
2142 414 2386 460 ornatum
2406 408 2716 464 insumalis?
2737 410 2870 469 Tum
2893 415 3089 483 poteris
3103 431 3224 472 cum
3252 417 3440 475 ﬁducia
3458 422 3627 477 virum

2044 493 2112 550 de
2141 496 2479 570 eleeniosyna
2534 501 2734 571 alloqui
2758 544 2775 571 ,
2805 519 2926 560 eum
2976 522 3197 563 aureum
3226 512 3426 566 cultum
3457 516 3627 583 depo-

2043 585 2237 643 sueris.
2274 588 2492 645 Etiamsi
2524 606 2654 647 vero
2686 593 2818 649 nihil
2853 597 3105 664 proﬁcias
3125 641 3140 662 ,
3173 602 3312 670 quod
3338 610 3487 657 tuum
3514 616 3631 660 erat

2047 683 2217 733 totum
2245 679 2477 749 implesti
2504 699 2518 735 :
2551 683 2659 739 imo
2686 684 2800 740 ﬁeri
2827 690 3010 757 nequit
3037 700 3092 744 ut
3111 691 3259 746 illum
3288 709 3394 750 non
3419 693 3626 763 ﬂectas,

2046 783 2167 823 eum
2196 785 2296 839 per
2322 786 2410 828 res
2438 774 2581 843 ipsas
2607 776 2861 846 loqueris.
2910 780 3045 845 Quid
3069 784 3203 837 enim
3244 786 3341 839 scis
3359 828 3375 853 ,
3402 788 3585 842 mulier
3608 830 3624 850 ,

2047 877 2114 913 an
2138 862 2299 915 virum
2323 870 2461 917 tuum
2502 867 2695 919 salvum
2724 869 2921 936 factura
2948 873 3016 926 sis
3048 873 3122 944 (1.
3157 873 3274 929 Cor.
3299 877 3356 934 7.
3383 877 3517 943 ili)?
3560 878 3629 934 Ut

2048 967 2191 1008 nunc
2214 962 2270 1007 et
2311 968 2406 1023 pro
2428 963 2480 1009 te
2515 964 2570 1010 et
2595 972 2692 1026 pro
2719 959 2812 1012 illo
2842 962 3103 1017 rationem
3129 964 3395 1020 redditura
3423 982 3485 1023 es
3508 985 3524 1022 :
3546 968 3629 1023 sic

2047 1042 2093 1098 si
2122 1042 2302 1099 luxum
2326 1044 2629 1114 hujusmodi
2650 1048 2910 1117 deponas,
2931 1051 3194 1120 duplicem
3216 1069 3474 1112 coronam
3494 1069 3626 1111 enti-

2048 1134 2323 1203 sequeris,
2353 1151 2475 1191 cum
2506 1137 2620 1192 viro
2648 1150 2902 1195 coronata
2943 1152 2997 1197 et
3039 1143 3269 1214 gloriosa
3298 1160 3393 1215 per
3424 1145 3627 1201 inﬁnita

2051 1222 2140 1278 illa
2168 1226 2357 1282 saecula
2381 1269 2397 1294 ,
2425 1236 2481 1283 et
2502 1231 2718 1286 aeternis
2749 1232 2927 1288 fruens
2974 1234 3163 1291 bonis:
3193 1252 3314 1307 quae
3362 1252 3463 1294 nos
3505 1254 3625 1293 om-

2046 1330 2148 1379 nes
2189 1320 2401 1388 assequi
2428 1322 2734 1391 contingat,
2763 1326 2929 1394 gratia
2958 1336 3012 1382 et
3053 1328 3382 1399 benignitate
3418 1328 3627 1387 Domini

2051 1411 2220 1464 nostri
2248 1409 2374 1466 Jesu
2402 1411 2632 1480 Christi,
2663 1416 2751 1471 cui
2782 1418 2946 1488 gloria
2979 1421 3028 1473 in
3059 1422 3254 1475 saecula
3284 1423 3625 1478 saeculorum.

2055 1499 2245 1553 Amen.

1990 1636 3558 1664 _.._____________________

1675 1695 2012 1756 HOMILIA
2054 1696 2255 1757 LXX.

373 1840 502 1897 Car.
559 1842 645 1895 15.
715 1856 764 1892 v.
799 1842 848 1895 l.
903 1839 1030 1892 Ante
1075 1839 1207 1893 diem
1273 1839 1452 1908 festum
1503 1838 1742 1902 Paschaz,
1793 1836 1943 1892 Jesus

454 1934 617 1989 sciens
637 1934 753 2002 quia
779 1934 899 1986 venit
919 1933 1044 1986 hora
1067 1933 1197 2002 ejus,
1221 1940 1275 1985 ut
1301 1941 1519 1985 transeat
1548 1948 1610 1985 ex
1637 1932 1729 1984 hoc
1756 1931 1945 1983 mundo

451 2024 519 2077 ad
546 2022 771 2086 Patrem,
793 2040 902 2077 cum
922 2023 1174 2077 dilexisset
1199 2037 1336 2085 suos,
1370 2021 1455 2091 qui
1490 2029 1630 2073 erant
1655 2021 1708 2073 in
1736 2021 1941 2085 mundo,

450 2116 501 2168 in
528 2116 679 2183 ﬁnem
715 2114 884 2168 dilexit
923 2130 1025 2168 eos.

452 2205 501 2258 1.
548 2202 776 2259 Christus
820 2204 957 2257 nobis
1004 2201 1277 2273 exemplar.
1334 2202 1508 2272 Ipsius
1551 2218 1671 2272 erga
1716 2201 1944 2255 inimicos

377 2295 750 2364 benignitas.—
768 2293 1053 2348 Imitatores
1078 2295 1174 2347 mei
1202 2303 1373 2356 estote,
1409 2293 1577 2362 inquit
1605 2292 1819 2356 Paulus,
1848 2292 1945 2344 sic-

377 2398 429 2440 ut
455 2397 501 2441 et
534 2405 623 2459 ego
650 2387 833 2441 Christi
864 2388 953 2455 (1.
976 2386 1093 2440 Cor.
1128 2387 1213 2440 ll.
1245 2384 1333 2457 1).
1364 2384 1486 2439 Ideo
1514 2385 1654 2439 enim
1680 2398 1741 2439 ex
1774 2397 1942 2436 massa

384 2489 560 2533 nostra
604 2494 818 2534 carnem
865 2478 1105 2547 accepit,
1150 2487 1206 2530 ut
1242 2492 1337 2546 per
1388 2491 1502 2531 eam
1553 2489 1650 2529 nos
1696 2476 1943 2527 virtutem

376 2569 609 2624 doceret.
644 2567 711 2621 In
737 2568 1145 2631 similitudinem,
1193 2567 1393 2635 inquit,
1422 2566 1588 2619 carnis
1628 2565 1859 2635 peccati,
1902 2577 1947 2616 et

378 2662 439 2713 de
484 2669 684 2727 peccato
713 2670 966 2728 peccatum
992 2661 1047 2712 in
1074 2675 1224 2713 carne
1253 2659 1508 2712 damnavit
1539 2658 1715 2727 (Rom.
1763 2658 1815 2711 8.
1851 2657 1904 2727 ὃ)
1932 2678 1943 2717 ;

378 2753 598 2820 ipseque
643 2749 884 2805 ChriSIus
930 2753 1002 2804 ait
1040 2768 1055 2805 :
1101 2749 1287 2804 Discite
1319 2767 1349 2803 a
1379 2767 1489 2817 me,
1518 2751 1635 2817 quia
1664 2749 1797 2802 mitis
1837 2764 1943 2800 sum

378 2854 421 2896 et
453 2843 656 2896 humilis
691 2842 840 2896 corde
884 2841 1095 2914 (Matth.
1148 2842 1237 2896 11.
1281 2840 1394 2911 9.9).
1443 2840 1566 2895 Haec
1613 2855 1716 2893 non
1772 2838 1945 2893 verbis

381 2943 581 2990 tantum
610 2975 622 2996 ,
658 2932 753 2986 sed
785 2944 835 2986 et
885 2933 1041 2986 rebus
1084 2932 1284 2987 docuit.
1312 2931 1443 2986 Nam
1472 2940 1525 2986 et
1552 2932 1941 2988 Samaritauum

380 3036 433 3080 et
479 3024 865 3078 dientoniacum
918 3023 1087 3092 ipsum
1132 3023 1432 3086 vocabant,
1463 3030 1516 3076 et
1562 3021 1895 3087 deeeptorem
1928 3062 1941 3085 ,

384 3116 687 3186 lapidesque
718 3116 769 3168 in
802 3116 969 3184 ipsum
992 3114 1260 3183 jar-iebant
1287 3131 1299 3167 :
1330 3123 1384 3170 et
1413 3129 1555 3167 nunc
1602 3112 1813 3182 quidem
1846 3113 1958 3166 mi-

384 3209 580 3262 nistros
620 3208 884 3261 miserunt
914 3205 1161 3259 Pharismi
1190 3244 1204 3265 ,
1235 3214 1292 3258 ut
1319 3205 1463 3259 illum
1496 3212 1774 3271 caperent;
1807 3214 1948 3255 nunc

380 3299 512 3351 alios
561 3298 902 3367 subjecerunt
953 3297 1288 3352 insidiatores
1334 3315 1346 3349 :
1404 3297 1500 3364 ipsi
1549 3307 1759 3366 quoque
1805 3309 1948 3364 saepe

382 3390 732 3444 contumelias
761 3389 1088 3452 inferebant,
1120 3404 1239 3443 cum
1271 3396 1442 3441 tamen
1478 3387 1603 3441 nihil
1654 3388 1867 3442 adesset
1895 3387 1944 3439 in

380 3498 486 3549 quo
514 3488 829 3535 accusarent
856 3481 1057 3548 ipsum,
1088 3480 1182 3535 sed
1213 3478 1467 3535 beneﬁcia
1516 3481 1815 3547 frequenter
1855 3494 1946 3534 ac-

382 3574 640 3641 ciperent.
672 3571 1048 3627 Verumtamen
1095 3580 1213 3639 post
1255 3570 1369 3625 haec
1412 3580 1550 3624 tanta
1576 3613 1589 3634 ,
1627 3586 1728 3625 non
1779 3578 1951 3625 cessat

382 3681 477 3720 eos
526 3673 582 3720 et
628 3664 806 3718 verbis
847 3672 900 3717 et
943 3663 1199 3732 operibus
1226 3663 1412 3731 juvarc
1442 3677 1457 3715 :
1485 3668 1540 3716 et
1568 3675 1686 3714 cum
1719 3675 1748 3712 a
1796 3673 1951 3714 servo

385 3757 609 3828 quodam
636 3756 952 3819 czederetur,
974 3756 1047 3807 ait
1073 3771 1085 3806 :
1119 3752 1178 3808 Si
1204 3756 1334 3807 male
1359 3754 1592 3823 loquutus
1635 3769 1744 3806 sum
1764 3794 1780 3818 ,
1813 3754 1951 3805 testi-

387 3854 608 3905 monium
631 3850 833 3920 perhibe
853 3851 913 3900 de
942 3848 1075 3900 malo
1097 3866 1114 3912 ,'
1144 3848 1187 3901 si
1216 3857 1382 3899 autem
1412 3851 1531 3899 bene
1553 3885 1568 3909 ,
1597 3846 1717 3914 quid
1747 3862 1822 3900 me
1852 3861 1951 3899 cce-

387 3945 465 3997 dis
492 3943 670 4015 (Joan.
703 3942 790 3996 18.
820 3940 957 4011 25)?
989 3940 1178 3993 Verum
1207 3938 1321 3992 Ι]ωο
1345 3938 1569 3993 inimicis
1597 3948 1650 3993 et
1677 3938 1952 3992 insidiato-

389 4035 534 4087 ribus
577 4032 728 4088 dixit.
764 4032 1044 4085 Videamus
1073 4039 1279 4094 autem,
1313 4029 1434 4098 quid
1464 4042 1601 4083 nunc
1646 4029 1801 4083 faciat
1830 4044 1950 4097 erga

388 4122 695 4191 discipulos;
721 4126 826 4173 imo
844 4136 959 4189 qua:
984 4135 1121 4172 nunc
1141 4117 1392 4173 exhibeat
1413 4133 1534 4187 erga
1564 4118 1946 4173 insidiatorem.

388 4215 487 4281 Qui
518 4214 661 4268 enim
692 4213 927 4266 omnium
982 4212 1207 4264 maxime
1244 4209 1366 4264 odio
1397 4209 1588 4277 dignus
1630 4217 1779 4275 erat,
1833 4208 1952 4277 quia

389 4321 508 4361 eum
538 4303 831 4372 discipulus
860 4311 913 4353 et
944 4314 1139 4354 mensa:
1186 4314 1406 4352 consors
1434 4307 1615 4361 esset,
1643 4313 1759 4350 cum
1792 4298 1955 4351 mira-

387 4395 504 4450 cula
533 4394 754 4448 VldisSut
778 4434 792 4456 ,
825 4400 876 4444 et
908 4401 983 4443 tot
1029 4390 1276 4458 dignatus
1299 4396 1443 4441 essm
1473 4389 1783 4441 muneribus
1805 4429 1818 4452 ,
1857 4388 1953 4441 de-

391 4485 602 4539 terrima
633 4482 867 4536 omnium
897 4480 1018 4533 fecit
1046 4497 1058 4532 :
1088 4495 1192 4532 non
1221 4478 1480 4545 lapidibus
1500 4519 1514 4543 ,
1550 4493 1653 4531 non
1685 4487 1961 4532 contume-

390 4574 474 4630 liis
523 4574 783 4642 impetiit,
828 4571 1096 4624 sedilium
1145 4569 1375 4638 prodidit
1419 4586 1431 4621 :
1485 4569 1625 4624 hunc
1668 4583 1793 4621 vero
1840 4568 1957 4622 vide

389 4681 551 4735 quam
594 4664 824 4733 benigne
864 4662 1111 4730 excipiat.
1166 4660 1315 4713 Lavit
1365 4660 1480 4729 ejus
1530 4659 1726 4728 pedes,
1774 4669 1831 4713 ut
1862 4659 1961 4712 hoc

392 4757 568 4811 ofﬁcio
601 4758 773 4824 ipsum
807 4753 1079 4808 cohiberet
1120 4769 1150 4807 a
1178 4761 1319 4806 tanta
1353 4754 1607 4822 nequitia.
1656 4754 1810 4822 Atqui
1860 4769 1956 4823 po-

394 4855 532 4901 terat
561 4846 735 4913 ipsum
761 4843 896 4896 sicut
927 4844 1079 4897 ficum
1130 4843 1427 4912 arefacere,
1458 4844 1499 4895 si
1545 4843 1797 4897 voluisset
1823 4886 1837 4909 ,
1875 4843 1959 4897 vel

395 4935 698 4990 discindere
744 4932 882 4986 sicut
908 4940 1083 5000 petras
1108 4931 1352 4996 discidit,
1379 4940 1434 4985 et
1461 4934 1597 4985 sicut
1627 4933 1751 4986 item
1785 4934 1958 4986 velum

393 5025 575 5095 templi
621 5022 853 5077 discidit.
899 5022 1094 5076 Verum
1123 5023 1293 5076 noluit
1321 5023 1399 5087 vi,
1444 5023 1535 5077 sed
1570 5026 1837 5093 proposito
1866 5041 1959 5079 vo—

394 5115 613 5168 luntatis
641 5128 668 5164 a
703 5110 997 5179 proditione
1019 5111 1301 5164 abducere.
1334 5110 1457 5165 ideo
1487 5111 1611 5164 lavit
1640 5115 1755 5181 ejus
1780 5115 1956 5182 pedes.

391 5207 576 5274 Neque
618 5203 721 5256 hac
746 5202 813 5255 de
857 5217 913 5253 re
942 5202 1150 5254 erubuit
1176 5201 1355 5255 infelix
1400 5210 1454 5255 et
1484 5205 1644 5257 miser
1675 5205 1780 5263 ille.
1830 5211 1962 5260 Ante

392 5298 527 5350 diem
570 5299 755 5365 festum
797 5290 1009 5344 Pascha:
1037 5332 1051 5353 ,
1081 5291 1267 5358 inquit,
1297 5293 1454 5345 sciens
1487 5292 1636 5347 Jesus
1676 5297 1793 5362 quia
1835 5298 1961 5350 venit

394 5389 522 5440 hora
552 5388 684 5455 ejus.
731 5384 842 5437 Non
876 5393 1000 5436 tunc
1046 5384 1272 5449 primum
1313 5386 1494 5449 scivit,
1534 5387 1628 5441 sed
1677 5401 1795 5441 cum
1840 5388 1960 5444 fecit

398 5478 447 5531 id
481 5477 624 5548 quod
659 5475 783 5529 fecit
805 5515 817 5535 ,
845 5475 951 5540 jam
983 5473 1107 5526 olim
1140 5474 1358 5528 sciebat.
1387 5475 1453 5529 Ut
1480 5488 1719 5531 transeat.
1761 5480 1961 5550 Magni-

400 5568 499 5621 ﬁce
544 5565 867 5634 evangelista
913 5565 1190 5616 transitum
1218 5565 1332 5634 ejus
1359 5577 1580 5622 mortem
1615 5579 1786 5625 vocat.
1836 5572 1961 5627 Cant

399 5658 660 5712 dilexisset
700 5672 838 5716 suos,
866 5656 917 5706 in
954 5656 1103 5721 ﬁnem
1137 5657 1310 5710 dilexit
1335 5675 1438 5713 eos.
1472 5658 1656 5716 Videu'
1698 5667 1961 5732 quomodo

720 5754 987 5815 ΡΑτιιοι.
1036 5758 1149 5816 Gn.
1209 5760 1361 5820 LIX.

2058 1836 2344 1895 relicturus
2393 1856 2487 1897 eos
2540 1843 2992 1902 vehementiorem
3046 1864 3284 1905 antorem
3335 1852 3630 1907 exhibeat?

2054 1928 2185 1985 illud
2216 1932 2356 1987 enim
2375 1975 2388 2000 ,
2420 1933 2545 1989 Cum
2573 1936 2830 1993 dilexisset
2856 1956 2997 2004 suos,
3031 1940 3084 1995 in
3112 1941 3265 2010 linem
3295 1943 3473 1998 dilexit
3502 1960 3586 1998 eos
3611 1988 3626 2007 ,

2054 2019 2156 2076 hoc
2176 2023 2436 2095 significat
2469 2046 2481 2081 :
2516 2029 2644 2083 nihil
2668 2032 3007 2100 praetermisit
3037 2048 3221 2089 eorum
3242 2050 3360 2104 qua:
3380 2036 3583 2092 ardenti
3604 2052 3632 2091 r

2051 2127 2318 2171 amantem
2349 2131 2562 2189 oportet
2605 2120 2800 2180 facere.
2846 2125 2953 2179 Cur
3002 2141 3107 2179 non
3151 2142 3178 2178 a
3222 2127 3485 2198 principio
3530 2129 3631 2184 hoc

2054 2204 2178 2262 fecit
2205 2207 2227 2260 ?
2255 2208 2451 2278 Majora
2483 2212 2534 2266 in
2572 2220 2821 2269 extremo
2849 2214 2993 2280 facit,
3025 2224 3083 2269 ut
3124 2230 3308 2271 eorum
3353 2219 3626 2273 caritatem

2053 2310 2263 2369 augeat,
2291 2311 2346 2355 et
2389 2318 2636 2373 magnum
2671 2305 2820 2359 indat
2872 2306 3108 2360 animum
3138 2306 3205 2361 ad
3251 2309 3419 2363 futura
3454 2308 3630 2377 perfe-

2054 2390 2215 2444 renda
2245 2392 2404 2447 mala.
2428 2392 2567 2450 Suos
2592 2404 2769 2451 autem
2796 2395 2926 2451 dicit
2946 2398 3236 2452 secundum
3262 2397 3631 2455 familiaritatis

2053 2481 2311 2536 rationem
2337 2497 2352 2548 ;
2405 2498 2524 2536 nam
2557 2492 2610 2539 et
2638 2484 2773 2540 alios
2802 2499 2929 2541 suos
2960 2494 3116 2541 vocat
3146 2487 3440 2543 secundum
3471 2504 3626 2544 crea-

2054 2571 2248 2624 tionem
2276 2589 2290 2636 ;
2320 2581 2375 2626 ut
2402 2589 2521 2626 eum
2555 2574 2703 2642 dicit,
2740 2574 2837 2630 Sui
2866 2592 2976 2631 eum
3002 2592 3103 2630 non
3127 2587 3420 2649 receperunt
3448 2577 3626 2648 (Joan.

2060 2662 2103 2712 l.
2138 2661 2249 2728 11).
2303 2661 2436 2727 Quid
2482 2664 2582 2718 sibi
2634 2665 2745 2718 vult
2775 2664 2924 2731 illud,
2962 2665 3062 2731 Qui
3105 2678 3249 2720 erant
3294 2667 3346 2720 in
3389 2668 3630 2721 mundo?

2052 2751 2182 2818 Quia
2210 2754 2288 2807 sui
2321 2766 2473 2809 erant
2503 2757 2661 2810 etiam
2685 2759 2898 2824 tuortui,
2930 2757 3221 2824 Abraham,
3250 2756 3415 2824 lsaac,
3438 2758 3626 2825 Jacob,

2054 2843 2288 2914 ipsisque
2311 2845 2511 2901 similes
2537 2864 2550 2913 ;
2583 2848 2677 2901 sed
2709 2847 2758 2900 hi
2784 2862 2888 2902 non
2914 2848 2964 2901 in
2994 2848 3194 2904 mundo
3220 2859 3392 2905 erant.
3420 2849 3630 2903 'V'ideu'

2053 2948 2174 2989 eum
2200 2949 2319 2989 esse
2347 2935 2509 2991 Deum
2535 2947 2587 2992 ct
2619 2938 2812 2993 veteris
2841 2947 2895 2992 et
2921 2952 3072 2992 nova:
3094 2936 3269 3008 legis?
3298 2938 3434 3004 Quid
3462 2939 3629 3010 signi-

2055 3025 2177 3079 ﬁcat
2206 3024 2353 3094 illud,
2387 3025 2453 3080 In
2481 3028 2634 3095 furem
2659 3028 2835 3083 dilexit
2862 3028 2987 3083 eos?
3033 3027 3089 3084 Id
3116 3038 3218 3095 est,
3247 3044 3427 3084 amare
3449 3044 3631 3100 pcrse~

2054 3116 2290 3183 veravit,
2325 3131 2389 3171 ac
2415 3116 2669 3172 ferventis
2718 3118 2916 3172 amoris
2947 3118 3155 3188 signum
3189 3120 3291 3176 hoc
3320 3134 3441 3175 esse
3479 3120 3626 3175 dicit.

2051 3205 2211 3274 Atqui
2259 3206 2398 3261 aliud
2449 3207 2571 3263 alibi
2599 3208 2844 3275 dixerat,
2876 3208 3105 3263 animam
3133 3224 3286 3266 suam
3329 3225 3389 3266 se
3432 3223 3631 3280 ponere

2055 3312 2152 3367 pro
2191 3299 2376 3354 amicis
2426 3300 2558 3355 suis.
2602 3300 2705 3357 Sed
2747 3302 2982 3358 nondum
3032 3301 3134 3357 hoc
3178 3302 3459 3358 acciderat.
3525 3301 3633 3359 Cur

2055 3398 2233 3469 autem
2260 3390 2360 3444 hoc
2382 3406 2522 3447 nunc
2550 3391 2710 3447 fecit?
2739 3393 2868 3461 Quia
2895 3392 2946 3448 id
2970 3393 3126 3465 longe
3155 3393 3448 3449 mirabilius
3477 3407 3592 3450 erat
3611 3434 3627 3460 ,

2054 3481 2266 3550 quando
2296 3491 2399 3536 tam
2429 3484 2749 3553 conspicuus
2778 3484 2914 3554 apud
2948 3499 3135 3539 omnes
3159 3499 3279 3541 esse
3308 3486 3586 3541 videbatur
3612 3527 3629 3549 ,

2055 3585 2155 3626 nec
2178 3587 2390 3640 parvam
2418 3573 2837 3629 consolationem
2859 3574 3213 3629 abscessurus
3237 3574 3475 3644 reliquit.
3500 3575 3629 3640 Quia

2058 3663 2199 3716 enim
2232 3664 2282 3716 in
2311 3677 2542 3719 maerore
2575 3663 2875 3719 vehementi
2908 3664 3070 3719 futuri
3106 3673 3282 3733 erant,
3316 3680 3497 3736 parem
3533 3667 3633 3722 illis

2057 3754 2477 3810 consolationem
2510 3754 2729 3809 inducit.
2757 3755 2811 3808 9..
2848 3754 2913 3808 Et
2941 3771 3078 3810 coma
3104 3759 3240 3826 facta
3264 3796 3279 3820 ,
3308 3772 3421 3809 cum
3459 3757 3636 3812 diabo-

2060 3842 2138 3896 lus
2175 3845 2288 3911 jam
2330 3844 2539 3899 misisset
2569 3845 2621 3899 in
2646 3861 2732 3899 cor
2761 3886 2776 3913 ,
2808 3854 2864 3899 ut
2893 3846 3109 3901 traderet
3149 3863 3259 3901 eum
3286 3845 3476 3901 ludas.
3523 3847 3635 3902 Hoc

2060 3932 2189 3988 dicit
2222 3936 2492 4004 perculsus
2521 3938 2845 4007 evangelista
2871 3979 2886 4004 ,
2921 3953 3144 3993 narrans
3173 3939 3442 4008 quomodo
3472 3939 3638 4009 pedes

2061 4025 2196 4094 ejus,
2226 4026 2312 4095 qui
2347 4029 2517 4097 ipsum
2544 4029 2766 4097 prodere
2787 4029 3109 4091 instituerat,
3135 4028 3344 4083 laverit.
3368 4027 3635 4097 Ingentem

2065 4132 2222 4184 porro
2248 4118 2363 4187 ejus
2391 4119 2680 4186 nequitiam
2710 4119 2966 4184 ostendit,
2995 4117 3137 4187 quod
3166 4133 3264 4173 nec
3292 4133 3489 4172 mensa:
3518 4132 3639 4172 con-

2061 4207 2283 4260 sortium
2335 4207 2505 4277 ipsum
2557 4207 2895 4274 cohibuerit,
2927 4224 3046 4278 qua:
3092 4223 3177 4263 res
3225 4208 3455 4264 maxime
3501 4209 3641 4265 solet

2062 4297 2316 4351 malitiam
2369 4300 2683 4363 continere,
2716 4314 2815 4352 nec
2859 4299 3088 4353 suaserit
3131 4299 3206 4353 illi
3260 4310 3316 4353 ut
3363 4315 3530 4369 usque
3570 4301 3638 4354 ad

2067 4388 2309 4442 ultimum
2339 4388 2481 4442 diem
2531 4403 2651 4443 cum
2695 4388 2946 4459 Magistro
2975 4403 3034 4444 se
3063 4399 3346 4459 superante
3380 4401 3637 4448 maneret.

2064 4481 2115 4533 5.
2151 4479 2327 4533 Sciens
2356 4489 2523 4533 autent
2544 4479 2715 4548 Jesus,
2739 4480 2857 4550 quia
2885 4481 3056 4533 omnia
3095 4480 3306 4533 tradidit
3330 4480 3375 4534 ei
3406 4479 3559 4534 Pater
3586 4483 3640 4536 in

2062 4586 2275 4635 manus,
2310 4579 2355 4624 et
2384 4572 2505 4640 quia
2543 4587 2576 4624 a
2604 4569 2711 4624 Deo
2740 4572 2920 4637 exivit,
2948 4580 2993 4627 et
3020 4572 3087 4624 ad
3133 4571 3297 4624 Deum
3334 4573 3493 4626 vadit.
3542 4573 3641 4628 llic

2065 4661 2229 4714 etiam
2258 4660 2604 4715 mirabundus
2654 4660 2778 4717 dicit
2815 4680 2827 4711 :
2858 4660 2989 4716 Cum
3023 4669 3198 4715 tantus
3231 4672 3286 4716 et
3314 4663 3432 4716 talis
3460 4669 3636 4726 esset,

2064 4751 2209 4821 quia
2237 4752 2346 4806 Deo
2372 4752 2613 4819 exierat,
2642 4761 2698 4807 et
2740 4751 2807 4806 ad
2859 4752 3025 4806 Deum
3066 4752 3209 4812 ibat.
3257 4753 3346 4820 qui
3394 4752 3642 4804 omnibus

2066 4841 2354 4910 imperabat
2374 4883 2389 4906 ,
2420 4841 2520 4896 hoc
2547 4851 2720 4896 tamen
2747 4841 2889 4907 fecit,
2923 4857 3020 4896 nec
3044 4840 3357 4911 dedignatus
3394 4850 3477 4895 est
3530 4858 3642 4896 rem

2067 4934 2225 4988 talem
2261 4934 2498 5004 aggredi.
2526 4933 2661 4988 Cum
2706 4934 2989 4989 tradidisse
3018 4936 3112 5000 ait,
3140 4945 3192 4987 ut
3227 4943 3373 5003 puto,
3405 4933 3640 4985 ﬁdelium

2064 5026 2290 5080 salutem
2317 5025 2550 5095 respicit.
2581 5024 2713 5079 Nam
2753 5040 2873 5078 cum
2901 5024 3049 5088 dicit,
3083 5023 3268 5075 Omnia
3307 5021 3431 5073 mihi
3457 5020 3643 5072 tradita

2064 5127 2182 5171 sunt
2209 5135 2241 5171 a
2277 5117 2430 5171 Patre
2454 5134 2566 5171 meo
2613 5117 2823 5189 (Matth.
2873 5117 2960 5169 11.
3009 5115 3125 5180 27),
3157 5116 3223 5166 de
3270 5110 3373 5165 huc
3402 5110 3647 5164 tradendi

2064 5224 2260 5278 genere
2289 5210 2542 5278 loquitur,
2574 5219 2630 5263 ut
2669 5217 2724 5263 et
2764 5206 2892 5260 alibi
2923 5206 2997 5258 ait
3029 5222 3041 5257 :
3092 5202 3191 5256 Tui
3218 5210 3360 5255 erant
3388 5242 3403 5267 ,
3428 5212 3476 5256 et
3518 5202 3642 5254 mihi

2064 5319 2149 5356 eos
2177 5302 2353 5357 dedisti
2382 5301 2557 5372 (Joan.
2592 5301 2676 5354 17.
2707 5298 2796 5369 6);
2828 5308 2882 5352 et
2908 5311 3144 5360 rursum,
3177 5292 3344 5347 Nemo
3370 5303 3529 5363 potest
3555 5308 3641 5349 ve-

2067 5393 2174 5445 nire
2200 5393 2268 5445 ad
2297 5408 2375 5445 me
2398 5432 2411 5453 ,
2442 5392 2539 5444 nisi
2576 5389 2728 5442 Pater
2754 5389 2962 5442 traxerit
3010 5403 3161 5448 eum;
3191 5396 3242 5441 ct
3261 5427 3276 5453 ,
3308 5384 3426 5440 Nisi
3467 5387 3642 5438 datum

2065 5484 2129 5537 sit
2159 5482 2202 5537 ei
2231 5485 2293 5536 de
2329 5482 2452 5535 celo
2492 5480 2655 5549 (Ibid.
2684 5479 2737 5533 6.
2771 5480 2857 5541 44;
2891 5489 2937 5530 et
2964 5480 3017 5535 3.
3048 5476 3162 5549 9.7).
3207 5477 3304 5533 Vel
3348 5478 3446 5531 hoc
3472 5477 3598 5532 dicit
3622 5516 3636 5537 ,

2068 5577 2149 5630 vel
2179 5590 2238 5630 se
2261 5574 2387 5628 nihil
2416 5588 2483 5627 ex
2518 5573 2620 5626 hoc
2645 5571 2991 5626 minuendum
3022 5584 3163 5637 esse,
3191 5572 3279 5640 qui
3306 5586 3335 5625 a
3363 5570 3470 5625 Deo
3491 5566 3639 5624 exic-

2067 5668 2176 5730 rit,
2204 5665 2269 5719 ad
2304 5665 2471 5718 Deum
2502 5660 2659 5716 vadat
2694 5671 2748 5714 et
2775 5662 2949 5715 omnia
2995 5662 3289 5727 contineat.
3334 5659 3468 5714 Cum
3509 5671 3635 5706 vero

3234 5762 3311 5821 24
