4040 6172
427 308 534 365 333

438 420 574 475 iilud
603 418 810 473 tradere
849 415 1034 483 audis,
1069 415 1200 471 nihil
1227 416 1514 471 humanum
1553 414 1880 486 suspiceris:
1907 411 2006 466 ho-

433 525 618 566 norem
646 510 787 564 enim
809 508 953 563 Patri
979 505 1247 563 redditum
1275 515 1329 562 et
1349 505 1694 562 concordiam
1723 503 2000 575 signiﬁcat.

427 603 580 657 Sicut
607 602 749 655 enim
782 599 939 654 Pater
995 599 1094 668 ipsi
1143 597 1301 653 tradit
1333 639 1348 664 ,
1382 599 1458 653 sic
1500 599 1613 668 ipse
1639 596 1818 660 Patri;
1864 597 2007 666 quod

425 693 666 748 declarat
711 692 905 747 Paulus
929 691 1145 758 dicens,
1178 692 1305 746 Cum
1349 691 1611 744 tradiderit
1649 705 1859 759 regnum
1900 687 2008 743 Deo

424 796 472 841 et
499 783 647 838 Patri
690 786 762 856 (1.
796 784 915 838 Cor.
952 784 1038 839 l5.
1064 782 1183 854 24).
1215 782 1314 838 ilic
1340 790 1519 838 autem
1544 781 1840 836 humaniori
1861 794 2008 834 more

424 875 662 943 loquitur
685 916 701 941 ,
734 873 1054 929 ineﬂ'abilem
1095 889 1218 944 erga
1261 873 1380 927 illos
1405 872 1665 928 exhibens
1689 871 1963 926 caritatem
1989 911 2005 936 ,

420 979 655 1034 quorum
681 979 865 1018 curam
894 971 954 1018 ut
979 978 1197 1018 suorum
1223 962 1475 1033 gerebat,
1509 962 1708 1018 docens
1750 961 1872 1015 illos
1903 960 2006 1016 hu-

427 1057 708 1112 militatem
759 1065 984 1111 matrem
1035 1057 1336 1122 bonorum,
1393 1070 1551 1126 quam
1599 1063 1655 1110 et
1702 1053 1910 1110 initium
1954 1059 2010 1109 et

423 1149 594 1204 ﬁnem
645 1150 860 1204 virtutis
897 1162 1020 1204 esse
1049 1148 1197 1203 dicit.
1242 1147 1350 1203 Nec
1381 1157 1582 1203 temere
1608 1147 1750 1217 jacet
1785 1145 1933 1213 illud,
1962 1145 2009 1200 Α

433 1240 538 1302 Deo
564 1243 745 1307 exivit,
770 1249 818 1295 et
847 1240 915 1294 ad
941 1240 1102 1294 Deum
1130 1241 1303 1302 vadit;
1331 1239 1425 1294 sed
1455 1249 1512 1293 ut
1536 1239 1804 1294 discamus
1832 1237 2006 1308 ipsum

431 1332 587 1402 digna
638 1330 828 1386 fecisse
854 1329 969 1399 ejus
997 1330 1089 1400 qui
1121 1329 1264 1383 illinc
1291 1329 1510 1384 exiisset
1533 1335 1590 1384 et
1631 1328 1755 1383 illuc
1785 1327 1967 1382 ivisset
1986 1367 2003 1394 ,

429 1437 750 1494 omnemque
776 1421 966 1476 fastum
995 1420 1412 1476 conculcavisse.
1439 1421 1491 1475 4.
1525 1419 1588 1474 Et
1614 1435 1729 1474 cum
1756 1418 2006 1474 sarracis-

431 1525 504 1568 set
530 1531 559 1566 a
584 1529 724 1566 urna
744 1555 758 1579 ,
790 1512 967 1581 positis
993 1511 1227 1566 restibus.

493 1606 547 1660 2.
596 1603 722 1656 Vide
749 1601 1019 1672 quomodo
1057 1617 1163 1656 non
1199 1601 1423 1656 lavando
1449 1603 1661 1664 solum,
1703 1599 1794 1656 sed
1825 1599 2009 1656 etalio

425 1709 636 1764 quoque
663 1692 822 1749 modo
854 1692 1209 1748 humilitatem
1236 1691 1504 1746 exhibeat.
1535 1691 1648 1746 Non
1671 1690 1813 1746 enim
1855 1698 2007 1745 ante-

426 1801 586 1855 quam
608 1784 964 1847 recumberet.
985 1783 1079 1840 sed
1096 1792 1374 1853 postquam
1401 1798 1586 1837 omnes
1615 1781 2006 1847 recubuissent,

428 1887 554 1929 tunc
596 1875 854 1930 surrexit.
882 1873 1088 1928 Deinde
1115 1888 1220 1926 non
1249 1872 1420 1927 solum
1449 1872 1588 1926 lavat
1617 1913 1632 1939 ,
1678 1872 1771 1927 sed
1823 1871 2007 1940 positis

428 1965 685 2020 vestibus.
713 1963 896 2034 Neque
941 1962 1024 2018 his
1059 1972 1340 2018 contentus
1363 2005 1378 2029 ,
1420 1963 1587 2018 linteo
1625 1977 1681 2017 se
1711 1961 2006 2032 prmcinxit.

428 2055 610 2125 Neque
639 2055 690 2111 id
731 2057 861 2110 satis
888 2054 1100 2121 habuit,
1135 2055 1226 2110 scd
1256 2056 1368 2124 ipse
1395 2054 1588 2123 pelvim
1623 2053 1879 2124 implevit,
1910 2068 2003 2107 ne-

432 2161 528 2216 que
569 2146 718 2200 alteri
767 2145 1086 2214 implendam
1118 2145 1373 2209 tradidit,
1405 2145 1498 2200 sed
1528 2145 1642 2199 hzee
1693 2145 1872 2198 omnia
1895 2144 2009 2214 ipse

426 2234 551 2290 facit
582 2252 595 2287 :
635 2233 718 2290 his
756 2233 1003 2290 omnibus
1033 2235 1320 2290 ostendens
1359 2235 1472 2291 haec
1512 2250 1617 2291 non
1651 2234 2009 2304 perfunctorie

428 2326 584 2382 nobis
610 2340 730 2381 esse
774 2325 1011 2381 facienda
1043 2368 1056 2390 ,
1091 2341 1210 2381 eum
1249 2336 1393 2382 recte
1435 2326 1653 2383 facimus
1684 2367 1696 2390 ,
1751 2327 1844 2382 sed
1887 2342 2008 2381 cum

425 2418 571 2472 omni
601 2417 870 2488 diligentia
901 2427 954 2472 et
981 2417 1275 2475 alacritate.
1315 2417 1536 2474 Videtur
1583 2433 1743 2489 porro
1787 2419 1912 2473 mihi
1944 2420 2010 2474 il-

425 2509 535 2565 lum
567 2510 858 2580 proditoris
889 2511 1115 2581 primum
1142 2511 1334 2566 lavisse
1361 2511 1552 2580 pedes,
1591 2512 1729 2581 quod
1761 2512 1956 2567 dixerit
1996 2554 2007 2576 ,

427 2602 476 2655 5.
513 2599 671 2670 Cmpit
712 2602 882 2655 lavare
908 2603 1058 2671 pedes
1088 2602 1453 2668 discipulorum
1480 2619 1496 2656 :
1525 2611 1579 2658 et
1617 2603 1920 2666 addiderit,
1955 2603 2007 2657 6.

435 2689 580 2745 Venit
611 2690 680 2745 ad
701 2691 962 2748 Simonem
989 2692 1215 2758 Petrum,
1251 2695 1335 2765 qui
1365 2695 1483 2747 dicit
1505 2695 1550 2747 ei
1573 2711 1591 2748 :
1615 2693 1694 2747 Tu
1728 2695 1851 2748 mihi
1874 2697 2008 2749 lavas

426 2782 623 2849 pedes?
651 2782 743 2837 liis
783 2785 1048 2848 manibus,
1081 2785 1270 2854 inquit,
1305 2785 1496 2854 quibus
1523 2784 1703 2840 oculos
1730 2786 2007 2855 aperuisti,

428 2875 674 2941 inprosos
705 2873 970 2929 mundasti
994 2915 1010 2940 ,
1041 2886 1278 2930 mortuos
1322 2875 1635 2931 suscitasti?
1668 2876 1788 2931 Ilaec
1815 2876 2010 2946 quippe

425 2977 674 3032 magnam
702 2962 900 3018 habent
941 2964 1235 3032 emphasim
1264 2982 1275 3016 :
1305 2979 1469 3032 quare
1499 2977 1602 3017 non
1625 2963 1727 3017 alio
1751 2978 1886 3033 opus
1916 2963 2012 3018 ha-

433 3052 550 3107 buit
569 3093 582 3116 ,
612 3068 770 3122 quam
799 3053 887 3107 illa
917 3067 1067 3120 voce,
1100 3053 1180 3106 Tu
1201 3096 1214 3120 ,
1249 3068 1364 3123 qua:
1395 3067 1490 3122 per
1516 3068 1573 3108 se
1603 3061 1768 3108 totum
1805 3053 2009 3123 signifi-

428 3152 534 3198 cat.
585 3143 716 3199 Jure
757 3155 933 3198 autem
984 3159 1233 3212 quaeras:
1275 3143 1384 3199 Cur
1431 3144 1609 3199 nullus
1656 3144 1793 3199 alius
1839 3146 2009 3214 ipsum

430 3233 686 3299 cohibuit,
721 3233 821 3287 nisi
863 3233 1052 3288 Petrus
1077 3275 1091 3298 ,
1123 3233 1263 3303 quod
1308 3249 1413 3288 non
1445 3234 1592 3303 parvi
1617 3237 1813 3289 amoris
1853 3248 2010 3289 reve-

430 3326 725 3396 rentiteque
749 3325 960 3396 signum
987 3323 1130 3380 fuit?
1161 3324 1273 3393 Qua
1303 3339 1431 3396 ergo
1460 3325 1526 3379 de
1555 3339 1712 3381 causa
1741 3325 1765 3379 ι
1792 3325 2011 3380 Videtur

429 3415 564 3472 mihi
613 3416 787 3486 primo
837 3414 1127 3486 proditoris
1183 3415 1346 3487 pedes
1392 3416 1662 3483 ahluisse;
1709 3416 1904 3472 deinde
1943 3417 2007 3472 ad

430 3508 648 3566 Petrum
675 3509 889 3566 venisse
911 3550 925 3575 ,
955 3509 1194 3580 aliosque
1215 3509 1469 3578 deinceps
1499 3509 1796 3566 admonitos
1825 3509 2007 3568 fuisse.

427 3601 580 3670 Quod
610 3602 753 3658 enim
782 3601 944 3656 alium
989 3600 1290 3671 quempiam
1342 3610 1464 3655 ante
1497 3601 1641 3655 illum
1664 3601 1854 3656 laverit
1877 3643 1890 3665 ,
1917 3616 2010 3672 pa-

427 3693 532 3746 lam
560 3699 644 3747 est
669 3706 734 3746 ex
766 3691 851 3746 his
895 3691 1072 3745 verbis
1097 3733 1112 3757 ,
1143 3693 1272 3745 Cum
1301 3701 1477 3746 autem
1508 3693 1651 3746 venit
1677 3690 1744 3746 ad
1769 3691 2004 3746 Petrum.

421 3780 536 3836 Sed
566 3795 672 3836 non
717 3790 801 3835 est
838 3780 1125 3835 vehemens
1171 3791 1452 3836 accusator
1481 3781 1824 3852 evangelista.
1876 3780 2008 3837 lllud

427 3872 605 3938 enim,
657 3869 816 3940 Carpit
845 3912 860 3937 ,
904 3869 1007 3924 hoc
1043 3859 1361 3926 subindieat.
1408 3871 1625 3925 Etiamsi
1661 3885 1790 3927 vero
1820 3870 2009 3926 Petrus

433 3965 636 4031 primus
664 3971 841 4024 esset,
885 3960 1172 4016 verisimile
1203 3970 1284 4016 est
1317 3961 1662 4030 proditorem,
1689 3971 1871 4031 utpote
1911 3977 2003 4032 pe-

428 4053 709 4116 tulantem,
731 4060 856 4108 ante
880 4051 1223 4122 coryphreum
1251 4052 1584 4107 accubuisse.
1612 4052 1840 4107 Aliunde
1861 4067 2009 4106 nam-

427 4161 530 4216 que
565 4146 682 4214 ejus
722 4145 1010 4215 petulantta
1048 4143 1459 4214 dignoscebatur
1482 4186 1497 4209 ,
1547 4142 1760 4214 quando
1795 4143 2006 4198 intinin

425 4253 547 4292 cum
586 4236 852 4307 Magistro,
887 4245 936 4291 et
967 4238 1179 4307 quando
1209 4237 1563 4306 reprehensus
1603 4250 1707 4290 non
1749 4249 2006 4304 compun—

426 4335 544 4383 ctus
577 4335 678 4382 est.
728 4326 917 4382 Petrus
944 4337 1118 4381 autem
1157 4327 1264 4396 jam
1292 4327 1454 4382 seuth
1489 4339 1639 4381 antea
1669 4327 1968 4395 increpatus
1992 4368 2007 4389 ,

427 4418 520 4484 qui
555 4416 642 4470 illa
673 4430 738 4470 ex
763 4414 964 4470 amoris
995 4416 1327 4470 vehementia
1357 4415 1600 4481 dixerat,
1634 4416 1703 4469 ita
1730 4429 2007 4484 repressus

433 4515 536 4570 est,
568 4513 624 4559 ut
649 4505 839 4560 anxius
876 4514 929 4558 et
954 4512 1187 4560 tremens
1229 4504 1398 4558 altero
1433 4519 1566 4572 opus
1593 4495 1811 4557 haberet
1835 4503 1899 4558 ad
1928 4505 2008 4557 in-

425 4593 843 4662 terrogandum;
877 4592 964 4647 hic
1003 4606 1130 4648 vero
1164 4607 1306 4660 saepe
1341 4593 1702 4660 reprehensus
1732 4605 1799 4646 ne
1842 4593 2010 4646 sensit

425 4684 662 4752 quidem.
691 4681 824 4736 Cum
853 4697 981 4752 ergo
1022 4683 1255 4736 venisset
1295 4681 1360 4736 ad
1393 4681 1608 4735 Petrum
1631 4721 1646 4747 ,
1680 4680 1814 4734 Dicit
1833 4683 1876 4735 ei
1907 4680 2007 4736 Pe-

427 4782 574 4823 trus:
607 4770 822 4824 Domine
847 4811 861 4833 ,
896 4780 946 4823 tu
977 4772 1099 4824 mihi
1125 4771 1267 4824 lavas
1309 4771 1456 4839 pedes
1481 4769 1507 4823 ?
1536 4771 1590 4823 7.
1623 4770 1899 4840 Respondit
1927 4769 2008 4826 ei:

432 4860 583 4926 Quod
606 4875 696 4930 ego
727 4860 860 4931 facio
884 4869 942 4913 tu
973 4860 1131 4914 nescis
1154 4859 1301 4912 modo
1321 4900 1336 4924 ,
1360 4859 1482 4913 scies
1512 4869 1677 4913 autem
1709 4870 1880 4929 postea
1904 4875 1922 4915 :
1954 4860 2005 4915 id

425 4961 530 5018 est,
554 4961 810 5022 quantum
857 4951 984 5006 hinc
1009 4951 1142 5006 lucri
1168 4993 1182 5018 ,
1213 4959 1460 5018 quantam
1509 4950 1765 5004 doctrina:
1804 4951 2003 5005 utilita-

387 5105 398 5117 ι
427 5054 557 5108 tem,
588 5053 643 5098 et
666 5052 918 5115 quantam
947 5042 1047 5097 hoc
1073 5042 1139 5096 ad
1169 5042 1515 5096 humilitatem
1539 5057 1636 5098 nos
1662 5043 1858 5098 dueere
1880 5059 2006 5114 pos-

423 5137 514 5190 sit.
559 5135 697 5202 Quid
737 5149 866 5206 ergo
895 5135 1084 5190 Petrus
1110 5134 1134 5187 il
1160 5134 1346 5188 Adhuc
1397 5134 1611 5190 cohibet
1649 5143 1704 5190 et
1744 5133 1912 5189 dicit:
1949 5135 2002 5190 8.

425 5223 544 5279 Non
567 5225 759 5280 (anubis
788 5225 910 5278 mihi
930 5225 1080 5296 pedes
1099 5225 1153 5278 in
1181 5235 1439 5278 retentum.
1462 5225 1599 5292 Quid
1625 5225 1774 5291 facis,
1807 5225 2008 5280 Petre?

423 5331 528 5369 non
567 5314 866 5372 recordaris
906 5330 1093 5371 eorum
1139 5331 1257 5385 quae
1288 5315 1432 5384 prius
1459 5315 1594 5369 dicta
1621 5315 1789 5371 sunt?
1815 5318 2006 5370 Annon

425 5419 545 5458 eum
572 5404 775 5471 dixisti,
811 5403 1074 5476 Propitius
1101 5414 1208 5458 esto
1229 5403 1338 5466 tibi,
1372 5403 1588 5467 audisti,
1619 5403 1756 5458 Vade
1777 5413 1886 5473 post
1905 5419 2004 5470 me,

415 5495 648 5548 satana?
700 5509 870 5563 neque
916 5495 1187 5563 resipiscis
1210 5537 1224 5561 ,
1270 5494 1360 5548 sed
1393 5494 1566 5548 adhuc
1594 5493 1879 5549 vehemens
1905 5493 2006 5547 es?

431 5584 627 5648 Etiam,
661 5583 831 5652 inquit
855 5601 868 5634 :
895 5599 979 5638 res
999 5587 1140 5638 enim
1166 5601 1352 5654 magna
1383 5595 1434 5641 ct
1465 5597 1687 5655 stupore
1715 5585 1867 5654 plena
1895 5584 2005 5653 agi-

420 5687 532 5732 tur.
564 5675 695 5743 Quia
725 5675 883 5744 igitur
903 5674 954 5727 id
983 5688 1047 5728 ex
1073 5676 1122 5728 vi
1151 5678 1348 5730 amoris
1367 5677 1616 5744 faciebat,
1644 5675 1766 5730 hinc
1793 5687 2002 5745 queque

1210 303 1266 360 S.
1309 299 1586 360 JOANNIS
1623 294 2090 357 (JIIRYSOSTOMI
2133 296 2444 356 ARCHIEP.
2484 299 3017 360 CONSTANTINOP.

3591 308 3695 365 3M

2116 414 2323 484 capitur
2354 431 2382 468 a
2426 415 2661 471 Christo.
2695 415 2765 473 Ut
2807 432 2935 488 ergo
2970 426 3093 473 tunc
3133 415 3478 478 Vehementer
3519 423 3692 477 incre-

2119 507 2296 574 pavit,
2329 506 2568 575 dixitque
2588 549 2603 572 ,
2641 507 2953 561 Scandatum
2976 525 3030 561 es
3061 510 3184 562 mihi
3205 507 3418 581 (Matth.
3447 512 3512 564 i6
3562 513 3692 572 95):

2115 597 2192 651 sic
2216 607 2267 650 et
2294 596 2395 651 hoc
2421 597 2539 652 loco
2565 597 2692 652 dicit
2713 639 2726 660 ,
2771 596 2889 651 Nisi
2915 600 3081 652 lrwero
3111 609 3159 652 te
3183 642 3196 661 ,
3221 616 3320 653 non
3353 601 3554 656 Imbebts
3577 621 3694 672 par-

2115 697 2212 740 tem
2242 704 2452 741 mecum.
2485 688 2617 755 Quid
2651 703 2777 758 ergo
2807 687 3017 744 fervens
3050 689 3138 744 ille
3165 690 3466 759 ardensque
3493 693 3612 747 vir?
3638 695 3691 749 9.

2119 779 2348 842 Domine,
2367 795 2466 832 non
2495 789 2691 832 tantum
2715 781 2867 850 pedes
2888 797 3043 846 meos,
3066 779 3154 834 sed
3179 790 3224 835 et
3249 798 3431 836 manus
3451 793 3498 838 et
3521 797 3690 854 caput.

2115 869 2431 923 Reeusando
2462 869 2768 934 vehemens,
2800 871 3152 927 euucedendo
3180 871 3552 930 vehementior
3574 877 3694 932 efti-

2112 959 2272 1014 citur.
2313 958 2607 1030 Utruntque
2634 971 2810 1015 autem
2854 977 2918 1016 ex
2955 977 3138 1018 amore
3164 963 3432 1033 prodibat.
3462 966 3568 1022 Sed
3597 984 3696 1023 cur

2114 1063 2220 1102 non
2247 1048 2381 1103 dixit
2407 1049 2561 1105 Jesus
2582 1091 2597 1116 ,
2626 1067 2728 1121 qua
2749 1051 2818 1107 de
2848 1066 3008 1108 causa
3032 1053 3082 1108 id
3119 1053 3320 1110 faceret
3349 1098 3365 1122 ,
3398 1057 3495 1113 sed
3521 1059 3694 1116 minas

2113 1139 2316 1195 addidit
2342 1140 2366 1194 ἲ
2390 1141 2523 1209 Quia
2560 1142 2650 1196 ille
2698 1158 2802 1197 non
2827 1142 2934 1198 alio
2975 1144 3136 1198 modo
3164 1159 3368 1201 morem
3415 1147 3688 1217 gessisset.

2112 1231 2243 1285 Nam
2273 1231 2318 1286 si
2365 1231 2609 1289 Christus
2633 1233 2856 1288 dixisset
2875 1275 2890 1298 ,
2920 1234 3086 1300 Sine;
3120 1235 3220 1292 hoc
3241 1238 3384 1293 enim
3409 1238 3569 1294 modo
3597 1255 3694 1296 vos

2112 1319 2318 1376 docebo
2357 1321 2742 1378 humilitatem:
2774 1324 2965 1379 millies
3007 1339 3066 1380 se
3105 1326 3358 1383 humilem
3408 1327 3524 1385 fore
3567 1347 3691 1400 pro-

2115 1414 2365 1480 misisset,
2399 1431 2464 1471 ne
2495 1417 2750 1471 Dominus
2782 1419 2882 1473 hoc
2907 1419 3123 1473 faceret.
3158 1421 3227 1474 At
3254 1435 3394 1476 nunc
3418 1422 3542 1492 quid
3564 1423 3694 1480 dicit

2110 1503 2359 1560 Christus
2383 1506 2408 1559 ?
2435 1506 2586 1574 Quod
2617 1507 2806 1563 Petrus
2829 1509 3057 1563 maxime
3089 1510 3344 1578 timebat,
3377 1527 3446 1568 ne
3472 1527 3690 1584 separa-

2114 1607 2260 1650 retnr
2292 1611 2319 1648 a
2349 1597 2592 1651 Domino.
2636 1597 2727 1650 llic
2765 1598 2904 1652 enim
2935 1607 3048 1653 erat
3075 1601 3162 1669 qui
3193 1599 3497 1672 frequenter
3526 1645 3541 1669 ,
3569 1621 3678 1673 quo

2115 1688 2233 1751 iret,
2264 1687 2647 1758 interrogabat.
2678 1689 2802 1744 ideo
2829 1689 3066 1755 dicebat,
3095 1691 3330 1746 Animam
3354 1711 3513 1748 meam
3551 1697 3682 1749 dabo

2112 1795 2203 1849 pro
2227 1789 2290 1833 te.
2321 1777 2454 1833 Nam
2485 1780 2530 1833 si
2569 1795 2688 1833 cum
2725 1781 2950 1846 audivit,
2982 1781 3132 1848 Quod
3156 1800 3244 1854 ego
3266 1785 3399 1855 facio
3439 1795 3492 1839 tu
3532 1788 3690 1840 neseis

2115 1870 2286 1934 modo,
2315 1870 2439 1924 scies
2464 1880 2630 1924 autent
2657 1883 2847 1940 postea,
2879 1888 2945 1925 ne
2966 1873 3042 1926 sic
3066 1873 3276 1943 quidem
3299 1875 3523 1942 abstitit,
3555 1879 3692 1931 mul-

2115 1970 2170 2016 to
2197 1963 2369 2016 minus
2404 1963 2446 2016 si
2478 1963 2736 2018 Scivisset.
2765 1962 2886 2018 Ideo
2913 1963 3044 2018 dixit
3069 2006 3081 2028 ,
3118 1964 3261 2020 Scies
3289 1977 3452 2019 autem
3475 1976 3648 2035 postea
3672 2010 3686 2033 ,

2111 2066 2308 2122 gnarus
2335 2066 2478 2120 eum,
2502 2053 2547 2107 si
2567 2054 2830 2120 scivisset,
2859 2054 3032 2110 adhuc
3059 2067 3472 2126 repugnaturntu
3507 2058 3689 2112 fuisse.

2113 2142 2295 2213 Neque
2315 2142 2449 2197 dixit
2482 2143 2672 2199 Petrus
2694 2185 2708 2210 ,
2745 2143 2884 2200 Doce
2914 2161 3056 2201 nunc
3088 2161 3174 2202 me
3200 2188 3216 2212 ,
3257 2157 3312 2202 ut
3347 2149 3517 2203 sinam
3549 2165 3563 2213 ;
3597 2150 3692 2205 sed

2113 2232 2252 2300 quod
2284 2234 2440 2303 longe
2469 2233 2835 2290 vehementius
2864 2245 3000 2300 erat,
3028 2252 3096 2292 ne
3117 2238 3257 2294 seire
3287 2240 3498 2308 quidem
3527 2243 3692 2297 sustio

2116 2323 2265 2388 nuit,
2298 2323 2393 2378 sed
2426 2323 2583 2378 instat
2617 2339 2799 2380 rursus
2827 2343 2837 2378 :
2873 2324 2992 2380 Non
3017 2327 3205 2383 lavnbis
3237 2330 3360 2383 mihi
3387 2331 3536 2399 pedes
3591 2332 3690 2387 Ubi

2114 2421 2290 2466 autem
2333 2414 2688 2470 comminatus
2732 2425 2852 2480 est,
2899 2417 3074 2470 statim
3121 2419 3301 2473 cessit.
3333 2419 3468 2487 Quid
3515 2434 3690 2475 autem

2115 2503 2396 2572 significat,
2446 2504 2587 2560 Scies
2616 2514 2786 2573 postea
2809 2506 2833 2558 Σ)
2857 2506 3196 2576 quandouam
3219 2507 3242 2561 ?
3269 2509 3492 2577 Quando
3518 2511 3567 2563 in
3592 2527 3688 2564 uo-

2116 2597 2258 2650 mine
2288 2610 2407 2651 meo
2433 2597 2690 2650 dmmonia
2717 2597 2920 2665 ejicies,
2949 2613 3068 2651 cum
3097 2614 3183 2652 me
3208 2599 3402 2655 videris
3429 2601 3480 2654 in
3504 2601 3690 2656 caelum

2113 2687 2329 2750 assumi,
2358 2700 2476 2740 cum
2507 2702 2532 2739 a
2559 2685 2755 2756 Spiritu
2785 2688 3031 2743 didiceris
3075 2703 3160 2744 me
3185 2704 3214 2742 a
3239 2689 3442 2745 dextris
3469 2692 3689 2757 sedere,

2116 2785 2239 2830 tunc
2285 2789 2575 2845 cngnosees
2620 2777 2744 2846 quid
2796 2793 2936 2832 nunc
3001 2779 3195 2832 factum
3251 2779 3341 2834 sit.
3386 2780 3524 2848 Quid
3563 2797 3691 2852 ergo

2114 2864 2357 2920 Christus
2381 2866 2405 2919 ?
2434 2865 2565 2932 Quia
2592 2866 2781 2921 Petrus
2825 2865 3031 2920 dixerat
3056 2907 3071 2932 ,
3112 2866 3234 2921 Non
3273 2878 3468 2923 tantum
3494 2872 3645 2941 pedes
3673 2912 3688 2934 ,

2115 2957 2203 3010 sed
2227 2967 2272 3011 et
2304 2973 2480 3010 manus
2504 2967 2549 3011 et
2574 2970 2723 3029 caput
2748 2998 2762 3022 ,
2807 2957 2892 3014 10.
2926 2958 3024 3026 Qui
3051 2961 3184 3014 totus
3208 2970 3319 3025 est,
3362 2963 3550 3030 inquit,
3591 2979 3691 3016 non

2115 3047 2339 3118 indiget,
2368 3048 2462 3101 nisi
2508 3058 2561 3102 ut
2592 3048 2741 3118 pedes
2771 3049 2898 3103 lavet
2923 3091 2938 3117 ,
2968 3051 3056 3104 sed
3080 3061 3154 3104 est
3192 3051 3407 3105 mundus
3438 3062 3590 3104 totus.
3627 3051 3690 3114 Et

2115 3158 2198 3197 vos
2236 3143 2412 3197 mundi
2468 3144 2582 3197 estis
2608 3144 2648 3210 ί,
2683 3144 2771 3198 sed
2813 3159 2913 3198 non
2966 3160 3152 3198 omnes.
3202 3145 3288 3198 11.
3319 3143 3517 3199 Sciebat
3554 3146 3686 3198 enim

2115 3233 2225 3302 quis
2265 3233 2542 3286 traditurus
2569 3243 2690 3288 esset
2731 3250 2860 3288 eum.
2902 3233 2957 3289 Si
2994 3234 3172 3289 mundi
3206 3231 3389 3299 sunt,
3417 3251 3512 3290 cur
3541 3237 3689 3291 lavas

2117 3322 2277 3392 pedes
2309 3335 2489 3376 eorum
2509 3321 2530 3374 ?
2549 3321 2617 3379 Ut
2631 3336 2730 3379 nos
2739 3323 3059 3380 modestiam
3070 3324 3396 3380 discamus'.
3412 3324 3536 3382 Iden
3550 3326 3688 3396 quod

2116 3415 2428 3470 vilissimum
2469 3415 2828 3470 membrorum
2883 3415 3090 3472 videtur
3109 3430 3268 3483 esse,
3317 3416 3486 3472 solum
3543 3416 3688 3470 lavit.

2115 3506 2250 3574 Quid
2273 3506 2535 3576 significat
2565 3507 2718 3571 illud,
2751 3507 2849 3574 Qui
2884 3508 3016 3563 lotus
3037 3518 3107 3562 est
3132 3508 3158 3562 .’
3183 3507 3238 3564 id
3265 3516 3377 3572 est,
3411 3509 3497 3578 qui
3528 3523 3690 3578 purus
3781 3515 3791 3526 '

2116 3605 2216 3653 est.
2244 3595 2377 3652 Num
2403 3597 2476 3652 illi
2507 3597 2619 3666 puri
2648 3607 2824 3663 erant,
2852 3598 2941 3668 qui
2965 3597 3196 3652 nondum
3223 3614 3250 3650 a
3283 3599 3512 3668 peceatis
3542 3599 3688 3653 liberi

2116 3695 2298 3752 erant,
2329 3702 2426 3742 nec
2450 3687 2649 3758 Spiritu
2676 3687 2907 3757 dignati,
2938 3702 3059 3742 cum
3097 3688 3270 3743 adhuc
3296 3698 3569 3757 peccatum
3591 3688 3690 3744 du-

2116 3777 2412 3832 minaretur
2439 3819 2452 3843 ,
2487 3787 2539 3833 et
2566 3777 2954 3832 maledictionis
2983 3777 3392 3849 chirographum
3417 3790 3685 3846 maneret,

2118 3867 2342 3922 necdum
2371 3866 2582 3922 victima
2628 3876 2773 3923 esset
2816 3867 3031 3923 oblata?
3057 3867 3334 3936 Quomodo
3373 3869 3532 3940 igitur
3573 3869 3691 3924 illos

2115 3971 2236 4011 esse
2264 3971 2423 4027 puros
2455 3957 2630 4012 dicit?
2656 3957 2850 4013 Verum
2893 3971 2961 4013 ne
3007 3969 3159 4028 putes
3180 3999 3195 4024 ,
3235 3957 3355 4030 quia
3383 3973 3548 4030 puros
3575 3958 3691 4014 illos

2114 4047 2276 4113 dicit,
2304 4062 2423 4102 esse
2453 4061 2670 4116 prorsus
2697 4061 2726 4100 a
2755 4047 2984 4117 peccatis
3030 4048 3224 4103 liberos
3245 4090 3261 4117 ,
3305 4047 3507 4104 addidit
3532 4065 3546 4103 :
3570 4047 3690 4102 Iam

2115 4153 2199 4191 vos
2226 4138 2399 4191 mundi
2443 4137 2558 4192 estis
2578 4179 2594 4205 ,
2638 4149 2843 4209 prapter
2870 4153 3144 4192 sermonem
3167 4149 3311 4208 quem
3331 4141 3564 4209 loquutus
3579 4155 3690 4194 sum

2113 4229 2248 4282 vobis
2268 4246 2288 4295 ;
2311 4226 2412 4283 hoc
2431 4236 2551 4294 est,
2577 4227 2687 4282 Hae
2712 4237 2914 4282 tantum
2949 4229 3154 4282 ratione
3179 4228 3362 4283 mundi
3392 4229 3542 4283 estis.
3573 4227 3690 4283 Jam

2115 4320 2285 4375 lucem
2323 4319 2601 4389 accepistis
2627 4361 2644 4385 ,
2695 4319 2806 4388 jam
2835 4334 2861 4371 a
2893 4319 3114 4374 Judaico
3140 4334 3324 4375 errore
3356 4319 3508 4376 liberi
3538 4321 3686 4376 estis.

2113 4410 2243 4466 Nam
2275 4411 2529 4481 propheta
2558 4411 2686 4466 dicit
2710 4430 2723 4466 :
2758 4410 3038 4478 Laoamini,
3066 4412 3243 4466 mundi
3281 4420 3460 4478 estote,
3486 4411 3686 4483 abjicite

2114 4503 2360 4557 malitiam
2395 4502 2456 4556 ab
2495 4502 2757 4556 animabus
2779 4502 2956 4556 vestris
2981 4501 3030 4573 (1
3040 4502 3136 4556 sai.
3164 4501 3219 4557 1.
3245 4499 3355 4574 i6).
3383 4499 3566 4570 Itaque
3599 4501 3689 4570 qui

2115 4592 2232 4647 talis
2257 4601 2356 4656 est,
2384 4592 2522 4646 lotus
2541 4601 2656 4659 est,
2685 4601 2738 4646 et
2761 4606 2946 4661 purus.
2975 4591 3108 4658 Quia
3139 4605 3271 4663 ergo
3291 4605 3504 4646 omnem
3534 4591 3691 4644 mali-

2117 4683 2240 4736 tiam
2287 4683 2354 4737 ab
2393 4683 2568 4736 anima
2616 4692 2969 4752 respuerant,
2999 4693 3054 4739 et
3077 4699 3208 4754 pura
3236 4692 3414 4740 mente
3443 4699 3565 4738 cum
3605 4683 3694 4736 illo

2115 4772 2493 4827 versabantur:
2525 4771 2644 4826 ideo
2669 4773 2961 4827 secundum
2989 4773 3354 4844 praphetieum
3387 4786 3690 4828 sermonem

2114 4862 2259 4927 dicit,
2288 4861 2387 4928 Qui
2415 4861 2557 4917 lotus
2600 4871 2710 4927 est,
2743 4862 2852 4932 jam
2893 4862 3120 4918 mundus
3142 4873 3243 4917 est.
3269 4862 3386 4916 Non
3415 4863 3690 4916 lavacrum

2115 4949 2241 5004 illud
2267 4965 2361 5019 per
2406 4965 2597 5020 aquam
2627 4959 2680 5007 et
2702 4950 2982 5006 Judaicum
3009 4952 3138 5007 dicit
3165 4993 3178 5018 ,
3227 4951 3320 5006 sed
3350 4950 3694 5006 conscientiae

2115 5042 2502 5110 purgationem.

2183 5135 2236 5189 5.
2278 5132 2555 5188 Vidnnrum
2603 5146 2647 5188 et
2674 5135 2982 5206 pupillorum
3012 5134 3239 5187 habenda
3263 5149 3389 5186 cura
3411 5142 3501 5189 est.
3521 5161 3590 5172 -—
3612 5132 3667 5185 Si

2113 5239 2232 5279 mus
2259 5239 2389 5296 ergo
2417 5234 2469 5278 et
2497 5239 2592 5279 nos
2619 5225 2800 5279 mundi
2825 5242 2839 5290 ;
2871 5225 3137 5279 discamus
3163 5224 3299 5278 bene
3329 5222 3526 5277 facere.
3555 5221 3693 5289 Quid

2111 5326 2195 5371 est
2241 5317 2378 5370 bene
2407 5314 2625 5371 facere?
2650 5315 2888 5368 Judicatc
2913 5315 3129 5385 pupillo,
3155 5313 3407 5383 defendite
3443 5313 3646 5366 viduam
3676 5327 3695 5363 :

2110 5419 2156 5461 et
2177 5409 2357 5475 uenite,
2387 5408 2737 5477 disceptamus,
2762 5407 2885 5459 dicit
2913 5403 3165 5459 Dominus
3193 5404 3351 5476 (Ibid.
3385 5405 3433 5458 l.
3460 5403 3546 5456 17.
3576 5399 3690 5469 18).

2174 5563 2191 5592 ί
2212 5561 2446 5621 Postume
2467 5559 2658 5620 quidam
2680 5565 2786 5608 Mss.
2811 5557 2904 5608 alia
2929 5557 3124 5619 addunt,
3149 5568 3258 5621 quia
3281 5555 3525 5606 habentur
3549 5551 3696 5613 infra,

2114 5630 2165 5670 et
2178 5620 2397 5670 consulto
2421 5620 2497 5666 hie
2518 5621 2821 5668 omittuntur.

2176 5684 2196 5714 ί
2230 5681 2361 5729 Alias
2393 5681 2590 5742 legitur,
2612 5687 2662 5730 ut
2686 5696 2868 5732 vos.....
2895 5675 3112 5729 discatt's.
