4040 6172
389 275 496 335 385

374 411 466 447 ται
494 393 751 465 σπουδήν.
782 394 891 447 Καὶ
918 394 1024 466 γάρ
1055 395 1228 466 παρὸν
1265 397 1538 468 δευτέροις
1572 398 1832 469 ὁμιλῆσαι
1864 398 1955 466 γά-

376 494 526 546 μοις,
561 475 647 529 διά
688 475 779 529 τὸν
824 475 916 529 τοῦ
962 477 1094 530 Θεοῦ
1131 478 1292 546 φόϐον
1325 480 1392 533 τά
1441 479 1550 532 ἀπὸ
1583 482 1680 551 τῆς
1728 480 1956 551 χηρείας

370 559 700 629 ὑπομένουσι
732 558 899 613 δεινά.
955 561 1266 631 Ὀρέγωμεν
1321 562 1496 615 τοίνυν
1552 562 1744 626 αὐταῖς
1793 565 1953 635 χεῖρα

376 643 613 706 ἅπαντες
645 642 739 696 καὶ
765 643 956 714 ἄνδρες
993 646 1087 697 καὶ
1113 647 1386 713 γυναῖκες,
1413 645 1499 697 ἴνα
1538 647 1609 716 μή
1654 662 1786 699 ποτε
1818 646 1950 699 ὐπο-

376 724 586 794 στῶμεν
608 725 678 778 τὰ
709 729 807 796 τῆς
843 726 1068 796 χηρείας
1094 723 1258 780 δεινά.
1288 727 1405 779 Κᾶν
1437 728 1786 798 ὑποστῶμεν,
1817 727 1949 780 πολ·

373 806 470 876 λὴν
509 806 841 878 ἀποθώμεθα
889 808 1294 880 φιλανθρωπίας
1331 812 1464 879 ἡμῖν
1511 810 1766 881 ἀφορμήν
1790 820 1838 861 ο.
1876 809 1950 862 Οὐ

365 888 550 959 ῖμικρά
586 888 821 959 δύναμις
861 891 970 943 τῶν
995 891 1243 962 δακρύων
1272 892 1371 962 τῆς
1411 894 1585 964 χήρας
1621 893 1789 955 ἐστὶν,
1816 890 1953 945 ἀλλὰ

366 972 472 1025 ικαὶ
498 972 664 1026 ἀὐτὸν
692 973 783 1026 τὺν
812 974 1037 1044 οὐρανὸν
1072 974 1327 1042 διανοῖξαι
1360 975 1602 1029 δύναται.
1635 975 1726 1045 Μὴ
1771 974 1951 1029 τοίνυν

1071 279 1133 332 S.
1175 277 1457 334 JOANNIS
1497 276 1989 335 CHRYSOSTOMI
2034 279 2355 338 ARCIIIEP.
2399 279 2943 340 CONSTANTINOP.

3528 283 3633 341 586

2061 400 2366 470 συμφοράν,
2407 399 2540 455 ἀλλά
2580 400 2739 454 παντὶ
2781 400 2966 472 τρόπῳ
3020 385 3321 472 βοηθῶμεν.
3351 399 3449 454 Ἂν
3489 401 3633 456 οὕτω

2059 482 2324 550 ποιῶμεν,
2362 481 2563 551 πολλὴν
2604 483 2819 546 ἑαυτοῖς
2863 482 3261 553 περιϐαλοῦμεν
3308 481 3629 550 ἀσφάλειαν,

2056 565 2150 617 καὶ
2180 563 2320 616 κατὰ
2351 562 2442 616 τὸν
2472 564 2714 634 παρόντα
2743 564 2835 616 καὶ
2877 563 3019 617 κατὰ
3046 564 3136 617 τὸν
3177 563 3438 634 μέλλοντα
3478 563 3632 636 [4171

2056 645 2244 699 αἰῶνα.
2286 645 2362 698 Οὐ
2396 644 2504 717 γὰρ
2546 646 2777 699 ἐνταῦθα
2814 647 2992 717 μόνον,
3023 644 3157 700 ἀλλὰ
3194 648 3287 700 καὶ
3322 647 3439 700 ἐκεῖ
3477 647 3634 717 ἡμῶν

2061 730 2480 801 προστήσονται,
2520 728 2585 782 τά
2626 728 2845 781 πλείονα
2880 728 2986 782 τῶν
3023 729 3433 800 ἁμαρτημάτων
3474 728 3633 800 ἡμῶν

2055 814 2141 866 διὰ
2174 815 2272 884 τῆς
2317 814 2397 876 είς
2448 811 2617 876 αὐτάς
2663 812 2981 883 εὐεργεσίας
3020 812 3483 883 ὐποτεμνόμεναι,
3537 812 3630 864 καὶ

2057 896 2195 965 μετά
2225 895 2535 968 παρρησίας
2562 895 2812 949 ποιοῦσαι
2838 895 3179 966 παραστῆναι
3203 894 3280 965 τῷ
3312 894 3513 965 βήματι
3533 893 3628 947 τοῦ

2052 978 2317 1048 Χριστοῦ·
2346 972 2407 1032 οὗ
2437 979 2644 1047 γένοιτο
2668 979 2694 1019 b
2713 977 2920 1042 πάντας
2944 979 3093 1049 ἡμᾶς
3122 980 3419 1049 ἐπιτυχεῖν,
3447 978 3633 1049 χάριτι

370 1053 567 1118 αὐταῖς
626 1056 1065 1127 ἐπεμϐαίνωμεν,
1110 1057 1243 1128 μηδέ
1293 1058 1509 1130 χείρονα
1566 1057 1809 1127 ποιῶμεν
1849 1055 1948 1128 τὴν
2051 1063 2147 1114 καὶ
2191 1061 2575 1133 φιλανθρωπίᾳ
2602 1060 2694 1115 τοῦ
2739 1062 2941 1133 Κυρίου
2976 1060 3135 1132 ἡμῶν
3169 1060 3342 1131 Ἰησοῦ
3368 1059 3626 1131 Χριστοῦ,

374 1170 375 1173 “
420 1179 467 1242 ,⁸
490 1177 665 1242 Morel:
703 1178 848 1242 δεινά.
875 1178 979 1242 Οὐχ
1000 1177 1364 1239 ὐποστησὸμεθα
1382 1177 1432 1224 δὲ
1451 1176 1507 1224 ἂν
1526 1192 1579 1224 π.
1603 1177 1652 1223 ά.
1688 1176 1946 1237 φιλανθρω-

367 1239 487 1292 πίας
508 1239 687 1294 ἑαυτοῖς
714 1239 794 1301 ἀφ.

2046 1136 2091 1211 ᾧ
2121 1144 2153 1212 ἡ
2191 1143 2318 1210 δόξα
2352 1145 2431 1208 είς
2463 1144 2587 1206 τοὺς
2618 1143 2819 1205 αἰῶνας
2845 1142 2953 1196 τῶν
2976 1141 3204 1196 αἰώνων.
3247 1143 3438 1214 Ἀμήν.

2101 1232 2129 1272 1³
2169 1232 2262 1280 Alii
2286 1232 2342 1292 ἧς
2370 1234 2572 1293 γένοιτο.

1877 1431 2124 1487 OMIAIA
2165 1431 2288 1483 OA'.

372 1532 487 1589 Καὶ
535 1530 713 1596 ἔλαϐε
743 1527 816 1581 τὰ
853 1525 1048 1596 ἱμάτια
1091 1526 1307 1596 αὐτοῦ,
1338 1525 1434 1578 καὶ
1467 1520 1788 1596 ἀναπεσὼν
1823 1520 1952 1596 ἡπά-

447 1603 549 1654 λιν
567 1637 582 1664 ,
635 1594 804 1652 εἶπεν
860 1590 1067 1661 αὐτοῖς
1093 1612 1106 1625 υ
1162 1593 1500 1650 Γινώσκετε
1544 1591 1603 1647 τι
1652 1590 1952 1659 πεποίηκα

447 1669 620 1740 ὑμῖν;
658 1667 752 1720 καὶ
777 1666 846 1718 τὰ
878 1664 1025 1735 ἑξῆς.

449 1770 519 1817 α’.
556 1759 828 1824 Χαλεπὸν,
870 1759 1166 1829 ἀγαπητοὶ,
1201 1757 1433 1830 χαλεπὸν
1465 1758 1545 1820 είς
1578 1755 1736 1827 βάθος
1768 1755 1952 1810 κακῶν

370 1846 573 1900 ἐλθεῖν.
599 1842 797 1898 Λοιπὸν
818 1842 927 1910 γὰρ
947 1840 1329 1912 δυσδιόρθωτος
1355 1842 1389 1911 ἡ
1418 1839 1563 1910 ψυχὴ
1594 1839 1821 1906 γίνεται.
1852 1837 1953 1890 Δια

373 1928 534 1981 τοῦτο
568 1925 677 1995 χρὴ
707 1924 880 1977 πάντα
908 1923 1185 1992 πράττειν,
1210 1921 1350 1975 ὥστε
1387 1922 1463 1993 μὴ
1493 1921 1694 1975 ἁλῶναι
1729 1923 1826 1990 τὴν
1854 1921 1954 1991 ἀρ-

380 2011 500 2079 χήν.
544 2003 918 2074 Εὐκολώτερον
955 2006 1064 2074 γὰρ
1104 2002 1178 2073 μὴ
1210 2003 1469 2073 ἐμπεσεῖν
1494 2015 1543 2069 ο,
1578 2002 1612 2073 ἡ
1648 2001 1954 2073 ἐμπεσόντα

372 2088 786 2160 ἀνακτήσασθαι
844 2085 1051 2139 ἐαυτόν.
1086 2086 1227 2155 Ὅρα
1273 2084 1424 2154 γοῦν,
1473 2084 1659 2154 ἐπειδὴ
1702 2082 1951 2137 ἐνέϐαλεν

380 2171 571 2224 ἐαυτὸν
597 2173 625 2224 6
658 2168 874 2232 Ἰούδας,
903 2169 1072 2238 πόσης
1104 2166 1365 2221 ἀπολαύει
1402 2166 1671 2238 βοηθείας,
1705 2168 1798 2220 καὶ
1831 2164 1952 2219 οὐδὲ

379 2253 521 2306 οὕτω
544 2250 894 2304 διανίσταται.
924 2245 1056 2304 Εἷπε
1095 2250 1230 2321 πρὸς
1252 2250 1434 2314 αὐτὸν,
1467 2249 1548 2303 ὅτι
1574 2243 1678 2315 Εἷς
1705 2248 1773 2312 ἐξ
1788 2247 1952 2318 ὑμῶν

377 2336 657 2401 διάϐολός
705 2334 904 2388 ἐστιν’
938 2329 1109 2398 εἶπεν,
1147 2333 1228 2387 ὅτι
1270 2335 1350 2387 Οὐ
1384 2331 1604 2398 πάντες
1636 2333 1952 2386 πιστεύου-

374 2435 512 2472 σιν·
547 2413 721 2484 εἶπεν,
752 2418 834 2471 ὅτι
876 2418 957 2470 Οὐ
991 2416 1123 2483 περὶ
1173 2414 1413 2468 πάντων
1458 2417 1641 2485 λέγω·
1695 2415 1821 2481 καὶ,
1871 2415 1953 2467 ὃτι

376 2496 525 2553 Οἶδα
553 2499 668 2569 ἐγὼ
700 2499 807 2565 οὓς
843 2497 1237 2567 ἐξελεξάμην,
1269 2497 1364 2551 καὶ
1398 2496 1607 2561 οὐδενὸς
1638 2496 1840 2549 τούτων
1870 2497 1953 2549 αί-

382 2582 651 2637 σοάνεται.
696 2581 790 2648 Ὠς
830 2581 899 2634 δὲ
932 2581 1103 2649 ἐνιψε
1137 2580 1277 2645 τοὺς
1320 2578 1529 2645 πόδας,
1560 2579 1659 2633 καὶ
1698 2577 1954 2632 ἀνέλαϐε

380 2672 451 2721 τιί
478 2666 673 2734 ἱμάτια
699 2663 906 2727 αὐτοῦ,
929 2664 1026 2717 καὶ
1051 2663 1388 2729 κατεκλίθη,
1413 2663 1566 2731 φησι
1583 2679 1596 2693 ·
1621 2660 1954 2715 Γινώσκετε

377 2753 436 2804 τί
470 2748 765 2815 πεποίηκα
789 2746 962 2816 ὐμῒν;
991 2745 1183 2799 Οὐκέτι
1216 2744 1347 2815 πρὸς
1377 2744 1580 2815 Πέτρον
1610 2743 1788 2815 μόνον,
1818 2742 1954 2797 ἀλλὰ

382 2836 476 2886 καὶ
507 2831 642 2901 πρὸς
685 2831 926 2893 ἅπαντας
967 2827 1291 2896 διαλέγεται.
1330 2826 1528 2897 ’Υμεῗς
1577 2825 1824 2896 φωνεῖτέ
1850 2841 1948 2895 με,

389 2914 448 2966 '0
496 2915 708 2981 Κύριος
734 2912 761 2952 δ
804 2911 902 2965 καὶ
948 2913 981 2964 ό
1017 2910 1420 2975 διδάσκαλος·
1472 2907 1572 2962 καὶ
1618 2906 1814 2973 καλῶς
1856 2906 1955 2962 λέ-

381 3011 545 3066 γετε·
575 2995 689 3065 εἰμί
726 2992 854 3064 γάρ.
895 2991 1089 3062 Ὑμεῖς
1119 2991 1363 3060 φωνεῖτέ
1387 3007 1483 3059 με.
1514 2990 1623 3060 Τὴν
1651 2990 1828 3060 κρίσιν
1857 2990 1956 3045 αύ-

382 3081 492 3133 τῶν
534 3078 960 3150 προσλαμϐάνει.
988 3072 1122 3129 Εἶτα
1144 3076 1231 3127 ἵνα
1260 3076 1333 3146 μὴ
1356 3074 1455 3143 τῆς
1486 3074 1707 3127 ἐκείνων
1736 3074 1955 3146 χάριτος

380 3160 519 3216 εἷναι
569 3161 696 3231 δόξῃ
742 3159 810 3212 τὰ
847 3159 1086 3230 ῥήματα,
1121 3156 1338 3225 ἐπάγει’
1373 3156 1508 3225 Εἰμὶ
1560 3156 1689 3225 γάρ.
1722 3157 1811 3227 Τῷ
1856 3156 1955 3227 μὲν

384 3241 478 3297 οὖν
514 3242 642 3313 παρ’
670 3240 849 3295 αὐτῶν
878 3252 900 3278 ο
931 3240 1022 3292 τὸν
1055 3239 1211 3306 λόγον
1258 3239 1591 3306 εἰσαγαγεῖν,
1622 3237 1821 3301 εὐθέως
1858 3240 1953 3292 άν-

380 3325 595 3396 επαχθῆ
644 3326 818 3376 ποιεῖ’
853 3320 931 3392 τῷ
975 3321 1034 3374 δὲ
1068 3320 1199 3391 παρ’
1242 3319 1465 3374 ἐκείνων
1507 3319 1823 3389 εἰσαχθέντα
1866 3319 1955 3391 βε-

384 3409 617 3463 ϐαιῶσαι
651 3408 781 3478 παρ’
823 3402 1037 3472 ἐαυτοῦ,
1069 3404 1396 3458 ἀνύποπτον.
1428 3402 1561 3472 Εἰμὶ
1605 3403 1734 3473 γὰρ,
1766 3404 1949 3474 φησίν.

394 3492 556 3564 Ὁρᾷς
592 3491 718 3549 ὅταν
749 3489 884 3560 πρὸς
907 3488 1033 3552 τοὺς
1070 3486 1317 3558 μαθητάς
1347 3485 1680 3556 διαλέγηται,
1717 3485 1832 3551 πῶς
1866 3488 1957 3540 ἐκ-

383 3574 671 3629 καλύπτων
695 3572 761 3625 :6
791 3570 911 3624 καθ’
938 3570 1127 3625 ἐαυτὸν
1156 3569 1453 3638 φθέγγεται
1484 3568 1717 3639 μᾶλλον;
1749 3569 1956 3641 Ὠσπερ

382 3655 476 3713 οὖν
504 3657 670 3726 λέγει,
698 3660 756 3711 Μ
763 3656 795 3723 ὴ
825 3653 1121 3723 καλέσητε
1150 3652 1524 3707 διδάσκαλον
1543 3652 1641 3706 ἐπὶ
1670 3651 1781 3723 τῆς
1809 3651 1953 3723 γῆς·

381 3736 471 3807 εἷς
502 3741 611 3809 γὰρ
640 3736 807 3807 ὑμῶν
829 3737 999 3790 ἐστιν
1021 3738 1053 3790 ό
1080 3734 1421 3803 καθηγητὴς
1440 3750 1455 3765 θ
1483 3733 1623 3789 οὕτω
1646 3734 1817 3804 λέγει,
1845 3736 1957 3791 Καὶ

383 3824 465 3894 μὴ
500 3820 796 3889 καλέσητε
825 3819 1048 3887 πατέρα
1077 3818 1174 3872 ἐπὶ
1208 3816 1319 3884 τῆς
1346 3817 1480 3887 γῆς.
1513 3817 1586 3871 Τὸ
1616 3817 1695 3884 δὲ,
1730 3818 1834 3885 Εἷς
1864 3820 1959 3873 καὶ

384 3903 491 3973 Εἷς
509 3946 525 3969 ,
561 3906 622 3959 οὐ
660 3904 790 3974 περὶ
826 3901 919 3956 τοῦ
952 3901 1163 3972 Πατρδς
1200 3900 1414 3973 εἴρηται
1452 3902 1630 3973 μόνον,
1676 3903 1811 3957 ἀλλά
1865 3905 1958 3958 καὶ

389 3990 513 4062 περὶ
540 3987 722 4046 αὐτοῦ.
749 3988 813 4040 Εἰ
842 3986 951 4057 γάρ
976 3986 1167 4043 ἑαυτὸν
1188 3988 1468 4042 ἐκϐάλλων
1500 3986 1678 4055 ἔλεγε,
1712 3986 1827 4050 πῶς
1856 4005 1958 4058 φη-

385 4089 490 4136 σιν,
519 4072 644 4126 Ἵνα
671 4071 784 4129 υίοί
822 4069 1019 4142 φωτὸς
1044 4073 1336 4142 γένησθε;
1379 4070 1489 4124 Καὶ
1520 4069 1698 4136 πάλιν,
1732 4071 1780 4122 εί
1812 4069 1957 4125 διδά-

387 4155 581 4213 σκαλον
629 4158 788 4229 μόνον
833 4156 985 4225 ἔλεγε
1019 4156 1112 4211 τὸν
1161 4155 1400 4227 Πατέρα,
1438 4154 1554 4219 πῶς
1602 4154 1780 4223 λέγει,
1822 4155 1955 4225 Εἰμὶ

384 4241 527 4312 τάρ;
555 4242 648 4295 καὶ
693 4240 876 4305 πάλιν,
908 4234 1011 4307 Εἷς
1041 4240 1211 4294 ἐστιν
1241 4237 1411 4308 ὑμῶν
1455 4241 1488 4292 ό
1527 4236 1892 4308 καθηγητὴς,
1924 4241 1958 4292 ό

388 4325 637 4393 Χριστός
650 4341 668 4389 ;

456 4410 527 4461 El
553 4403 666 4462 οὖν
700 4406 836 4476 ἐγὼ,
859 4405 1043 4475 φησιν,
1067 4407 1099 4458 ό
1119 4401 1368 4473 Κύριος(1
1389 4402 1487 4455 καί
1509 4404 1542 4456 ό
1562 4401 1955 4470 Διδάσκαλος,

385 4491 567 4558 ἔνιψα
586 4489 751 4559 ὑμῶν
770 4489 909 4554 τοὺς
930 4486 1142 4553 πόδας,
1174 4484 1268 4539 καί
1289 4484 1458 4554 ὑμεῖς
1474 4483 1786 4551 ἀλλήλους
1806 4487 1958 4554 ὀφεί-

385 4577 521 4627 λετε
548 4572 795 4626 νίπτειν.
809 4570 986 4625 Τοῦτο
1009 4567 1116 4638 γὰρ
1130 4566 1454 4635 ὑπόδειγμα
1473 4565 1665 4620 ἔδωκα
1682 4567 1841 4635 ὑμῖν,
1857 4570 1957 4620 ἵνα

387 4654 580 4720 καθὼς
609 4653 724 4723 ἐγὼ
753 4653 1012 4718 ἐποίησα
1036 4650 1197 4718 ὑμῖν,
1225 4648 1378 4702 οὕτω
1406 4647 1505 4701 καὶ
1532 4647 1698 4717 ὑμεῖς
1726 4649 1953 4716 ποιῆτε.

388 4739 499 4791 Καὶ
533 4736 640 4805 μὴν
667 4736 766 4788 οὐκ
788 4733 903 4786 ἔστι
924 4734 984 4802 :6
1012 4731 1162 4785 αὐτό.
1188 4730 1362 4794 Αὐτὸς
1392 4729 1489 4800 μὲν
1514 4729 1622 4801 γάρ
1639 4730 1957 4795 διδάσκαλος

388 4821 483 4873 καὶ
507 4816 730 4886 Κύριος,
755 4816 908 4885 ὑμεῖς
934 4814 1269 4885 δέ,ἀλλήλων
1297 4812 1599 4882 ὁμόδουλοι.
1628 4813 1692 4865 Τί
1724 4811 1816 4869 οὖν
1843 4817 1957 4868 ἐστι

385 4902 468 4960 τὸ,
502 4900 664 4954 Οὕτω
676 4915 697 4964 ;
726 4896 881 4953 Μετά
914 4897 1012 4968 τῆς
1040 4896 1214 4966 αὐτῆς
1252 4894 1507 4967 σπουδῆς.
1534 4896 1631 4949 Διά
1666 4897 1773 4967 γάρ
1802 4897 1959 4951 τοῦτο

386 4985 494 5039 ἀπὸ
519 4994 544 5025 ο
570 4982 677 5037 τῶν
720 4980 978 5052 μειζόνων
1012 4978 1347 5049 πραγμάτων
1376 4977 1639 5047 λαμϐάνει
1682 4979 1749 5033 τά
1782 4996 1956 5051 παρα·

385 5067 668 5139 δείγματα,
694 5062 841 5136 [618]
863 5064 947 5117 ':'va
978 5062 1080 5116 κᾶν
1104 5061 1163 5114 :6
1188 5060 1408 5115 ἔλαττον
1437 5059 1823 5133 ἐργασώμεθά.
1849 5065 1959 5118 Καὶ

386 5153 496 5221 γάρ
540 5150 589 5202 οἱ
638 5146 945 5202 διδάσκαλοι
991 5146 1105 5208 τοῖς
1144 5144 1300 5197 παισὶ
1349 5143 1418 5197 τά
1470 5144 1772 5214 γράμματα
1822 5148 1960 5216 μετὰ

389 5233 582 5287 πολλοῦ
610 5249 705 5286 του
733 5230 960 5294 κάλλους
988 5228 1309 5301 γράφουσιν,
1339 5227 1425 5280 ἵνα
1457 5227 1560 5280 κᾶν
1590 5228 1726 5297 πρὸς
1763 5230 1822 5282 τὸ
1862 5248 1959 5283 κα.

385 5314 735 5385 ταδεέστερον
766 5312 961 5367 ἔλθωσι
1001 5313 1099 5383 τῆς
1133 5310 1434 5382 μιμήσεως.
1483 5310 1591 5365 Ποῦ
1629 5310 1723 5364 νῦν
1762 5313 1812 5365 οί
1845 5313 1958 5366 δια-

391 5397 644 5460 πτύοντες
666 5400 788 5460 τοὺς
806 5397 1123 5468 ὁμοδούλους
1141 5412 1156 5461 ;
1185 5395 1289 5449 ποῦ
1318 5394 1411 5449 νῦν
1430 5398 1480 5449 οἱ
1503 5397 1599 5460 τὰς
1612 5397 1776 5467 τιμάς
1794 5399 1958 5450 ἀπαι-

386 5477 634 5543 τοῦντες;
667 5480 773 5532 Τοῦ
808 5480 1065 5550 προδότου
1097 5481 1222 5543 τοὺς
1270 5478 1434 5543 πόδας
1460 5481 1489 5533 6
1519 5480 1756 5553 Χριστὸς
1786 5480 1955 5550 ἔνιψε,

386 5560 481 5614 τοῦ
509 5559 781 5629 ίεροσύλου
812 5562 904 5614 καὶ
932 5562 1189 5625 κλέπτου,
1223 5561 1318 5616 καὶ⁵
1345 5563 1496 5634 παρά
1522 5562 1612 5615 τὸν
1642 5563 1830 5634 καιρὸν
1855 5564 1955 5634 τῆς

386 5642 709 5715 προδοσίας,
746 5644 838 5694 καὶ
883 5643 1116 5705 ἀνιάτως
1165 5643 1357 5713 ἔχοντα
1401 5644 1677 5714 τραπέζης
1711 5647 1962 5703 κοινωνὸν

450 5751 473 5819 ξ
512 5733 1424 5819 ἒίξδιεέςςξετξεσεῖινιμξε’ίίιειὶτίεεις
1460 5740 1484 5785 δ
1497 5740 1817 5819 ,κρατέει-.-ξ
1834 5741 1961 5819 ,ηο-

391 5798 485 5848 vi.
510 5797 621 5858 παρ’
643 5795 819 5858 αὐτοῖς.
887 5794 911 5831 (1
944 5793 1109 5858 hjprel.
1154 5798 1181 5842 6
1216 5798 1433 5857 Χριστός.
1497 5799 1515 5819 ⁸

1575 5800 1678 5847 And
1704 5801 1810 5848 loco
1831 5802 1907 5849 διά
1931 5815 1959 5850 e

393 5846 547 5910 ξυνὴ.
573 5846 924 5917 ἑεερτὶρείιιιυς.
963 5846 1093 5904 Eon.

2056 1520 2314 1590 ἐποίησε*
2352 1522 2445 1573 καὶ
2483 1522 2547 1574 σὺ
2589 1521 2729 1591 μέγα
2771 1523 2986 1592 φρονεῖς
3024 1521 3119 1572 καὶ
3157 1521 3254 1584 τάς
3298 1520 3471 1591 όφρῦς
3499 1522 3631 1577 ἀνα·-

2058 1603 2231 1672 σπᾷς;
2274 1603 2412 1665 Τοὺς
2459 1602 2623 1665 πόδας
2667 1599 2761 1655 οὖν
2810 1600 3053 1671 ἀλλήλων
3099 1602 3395 1673 νίπτωμεν,
3431 1603 3626 1673 φησίν·

2056 1684 2254 1737 οὐκοῦν
2297 1685 2388 1737 καὶ
2432 1684 2540 1737 τῶν
2573 1684 2816 1738 οἰκετῶν.
2862 1684 2971 1736 Καὶ
3003 1682 3053 1735 τί
3096 1683 3269 1753 μέγα,
3305 1686 3355 1737 εί
3384 1686 3478 1738 καὶ
3521 1686 3631 1740 τῶν

2057 1767 2317 1831 οίκετῶν;
2360 1766 2622 1820 Ἐνταῦθα
2665 1766 2763 1838 μέν
2801 1767 2909 1836 γὰρ
2946 1768 2974 1819 6
3004 1764 3188 1829 δοῦλος
3225 1767 3318 1820 καλ⁵
3350 1769 3379 1820 6
3419 1766 3653 1822 ἐλεύθεέ

2061 1865 2173 1920 ρος,
2214 1848 2492 1918 ὀνομάτων
2529 1849 2645 1901 ἐστὶ
2690 1847 2959 1918 διαφοράν
3008 1849 3124 1901 ἐκεῖ
3170 1848 3247 1913 δὲ,
3287 1850 3630 1921 πραγμάτων

2057 1930 2301 1999 ἀλήθεια.
2324 1929 2487 1982 Φύσει
2521 1930 2630 1998 γάρ
2660 1930 2821 1992 αὐτὸς
2852 1928 3054 1999 Κύριος
3076 1925 3164 1995 ἦν.
3202 1932 3294 1983 καὶ
3326 1933 3485 2002 ἡμεῖς
3512 1930 3632 1984 δοῦ-

2057 2011 2160 2076 λοι,
2197 2013 2290 2064 καὶ
2333 2012 2450 2066 οὐδέ
2481 2012 2637 2065 τοῦτο
2669 2013 3021 2083 παρῃτήσατο
3058 2010 3153 2065 νῦν
3188 2016 3380 2066 ποιεῖν.
3407 2013 3544 2067 Νυνὶ
3570 2011 3630 2067 δὲ

2059 2095 2360 2165 ἀγαπητὸν,
2400 2097 2447 2147 εί
2492 2094 2567 2165 μὴ
2615 2097 2724 2157 τοῖς
2773 2094 3078 2165 ἐλευθέροις
3109 2094 3186 2158 ὼς
3235 2094 3439 2159 δούλοις
3471 2096 3633 2166 ἡμεῖς

2058 2177 2421 2248 χρησαίμεθα,
2452 2178 2527 2241 ὼς
2560 2176 2910 2244 ἀνδραπόδοις
2948 2177 3377 2248 ἀργυρωνήτοις.
3427 2179 3629 2233 Καὶ“τί

2059 2259 2290 2331 ἐροῦμεν
2310 2260 2451 2321 τότε,
2475 2259 2737 2328 τοσαύτης
2762 2261 2859 2329 μὲν
2879 2258 3226 2326 ἀνεξικακίας
3258 2259 3631 2329 ὑποδείγματα

2058 2342 2342 2405 λαϐόντες,
2378 2342 2530 2394 αὐτοὶ
2564 2342 2620 2395 δὲ
2652 2342 2769 2395 οὐδέ
2800 2341 2994 2413 μικρὸν
3031 2340 3378 2412 μιμούμενοι,
3421 2342 3537 2396 ἀλλ’
3568 2342 3628 2411 ἐξ

2060 2426 2303 2488 ἐναντίας
2333 2426 2562 2489 ἑστῶτες
2581 2466 2596 2491 ,
2627 2425 2719 2479 καὶ⁵
2751 2423 2887 2493 πρὸς
2921 2423 3214 2495 διάμετρον
3252 2425 3626 2496 ἐπαιρόμενοι,

2059 2510 2153 2561 καὶ
2195 2510 2293 2578 τὴν
2337 2508 2552 2579 ὀφειλὴν
2596 2507 2696 2561 οὐκ
2743 2506 3121 2572 ἀποδιδόντες;
3164 2508 3476 2577 Ὀφειλέτας
3520 2509 3630 2582 γάρ

2059 2592 2207 2663 ἡμᾶς
2240 2591 2484 2658 ἀλλήλων
2528 2591 2861 2660 κατέστησεν
2895 2589 2924 2641 ό
2958 2588 3126 2655 Θεὸς,
3159 2589 3320 2653 αὐτὸς
3354 2590 3630 2662 κατάρξας

2058 2672 2268 2737 τούτου,
2301 2672 2393 2725 καὶ
2421 2670 2698 2741 ὀφειλέτας
2726 2670 2744 2709 τ
2779 2672 3057 2735 ἐλάττονος
3085 2671 3298 2742 μοίρας.
3328 2672 3497 2736 Αὐτὸς
3530 2673 3628 2742 μὲν

2059 2753 2167 2824 γὰρ
2198 2753 2401 2824 Κύριος
2420 2748 2518 2823 ἦν·
2548 2755 2709 2823 ἡμεῖς
2734 2753 2791 2805 δὲ
2816 2753 2950 2823 πρὸς
2977 2755 3102 2816 τοὺς
3132 2752 3444 2817 συνδούλους
3471 2753 3627 2807 τοῦτο

2056 2834 2332 2904 ποιοῦμεν,
2365 2834 2459 2889 ἐὰν
2489 2827 2821 2905 ποιήσωμεν.
2853 2837 2919 2888 Ὃ
2945 2834 3008 2905 δὴ
3033 2834 3124 2887 καὶ
3145 2835 3276 2889 αὐτὸ
3304 2836 3522 2906 ᾐνίξατο
3541 2835 3629 2890 6:6

2055 2917 2148 2970 τοῦ
2181 2918 2354 2970 εἰπεῖν
2374 2933 2388 2948 °
2419 2919 2487 2971 El
2529 2913 2641 2972 οὗν
2669 2917 2802 2986 ἐγὼ,
2833 2920 2865 2971 ό
2901 2918 3113 2985 Κύριος
3144 2918 3242 2971 καὶ
3275 2921 3307 2971 ό
3339 2917 3632 2972 Διδάσκα-

2054 3002 2165 3064 λος
2184 3015 2196 3028 ·
2228 3000 2322 3053 καὶ
2360 2999 2542 3065 πάλιν,
2573 3000 2738 3052 Οϋτω
2769 3000 2864 3053 καὶ
2903 3000 3092 3069 ὑμεῖς.
3118 2999 3191 3052 Τὸ
3225 2999 3322 3069 μέν
3353 3000 3463 3071 γὰρ
3497 3000 3628 3054 ἀκό-

2056 3081 2243 3136 λουθον
2263 3077 2332 3152 ἦν
2369 3084 2564 3147 εἰπεῖν,
2594 3083 2751 3154 Πόσῳ
2783 3082 2982 3153 μᾶλλον
3017 3084 3177 3152 ἡμεῖς
3197 3083 3247 3134 οί
3275 3081 3478 3135 δοῦλοι·
3510 3081 3627 3137 ἀλλ’

2060 3164 2272 3233 ἀφῆκεν
2309 3163 2441 3217 αὐτὸ
2473 3163 2552 3234 τῷ
2592 3164 2850 3218 συνειδότι
2880 3164 2988 3217 τῶν
3022 3163 3399 3234 ἀκροωμένων.
3437 3165 3479 3215 Τ
3486 3164 3501 3216 ί
3532 3164 3629 3234 δή·

2059 3263 2189 3299 ποτε
2218 3245 2274 3298 δὲ
2306 3246 2437 3301 αὐτὸ
2468 3247 2563 3300 νῦν
2597 3248 2929 3317 πεποίηκεν;
2961 3247 3220 3316 ’Έμελλον
3248 3244 3432 3298 λοιπὸν
3461 3248 3625 3318 τιμῆς

2057 3327 2478 3391 ἁπολαύσεσθαι,
2509 3330 2556 3383 οἱ
2589 3330 2687 3400 μὲν
2716 3329 2979 3392 πλείονος,
3004 3330 3053 3381 οί
3082 3328 3140 3382 δὲ
3171 3327 3472 3391 ἐλάττονος.

2130 3411 2191 3481 β’.
2216 3412 2312 3465 ’⁷ιν’
2337 3408 2429 3466 οὖν
2453 3413 2528 3485 μὴ
2551 3412 2669 3465 κατ’
2696 3412 2940 3483 ἀλλήλων
2965 3411 3318 3482 ἐπαίρωνται.
3344 3410 3629 3465 καὶταῦτα

2064 3495 2297 3562 λέγωσιν
2326 3494 2361 3549 ἃ
2395 3496 2487 3549 καὶ
2520 3495 2625 3565 πρὸ
2664 3494 2875 3560 τούτου,
2925 3496 3017 3560 Τίς
3051 3495 3182 3548 ἐστι
3220 3492 3462 3561 μείζων;
3497 3493 3632 3564 μηδέ

2056 3577 2404 3645 άγανακτῶσι
2430 3576 2566 3648 πρὸς
2593 3576 2872 3646 ἀλλήλους,
2900 3576 3114 3630 πάντων
3138 3576 3316 3629 αὐτῶν
3342 3575 3633 3646 καθαιρεῖσ

2059 3658 2127 3711 :6
2156 3660 2512 3729 φρονήματα,
2551 3658 2742 3727 λέγων,
2784 3660 2862 3712 ὃτι
2899 3659 3016 3712 Κᾶν
3063 3658 3270 3729 σφόδρα
3313 3653 3377 3729 ᾖς
3424 3658 3627 3726 μέγας,

2058 3739 2291 3809 ὀφείλεις
2323 3741 2414 3793 ἐπὶ
2445 3740 2537 3793 τοῦ
2586 3740 2815 3810 ἀδελφοῦ
2865 3740 3025 3809 μηδὲν
3067 3740 3211 3809 μέγα
3248 3741 3485 3808 φρονεῖν.
3520 3739 3631 3793 Kal

2057 3822 2157 3875 οὐκ
2181 3817 2302 3876 εἶπε
2331 3823 2390 3876 τὸ
2420 3824 2624 3893 μεῖζον,
2648 3824 2730 3877 6::
2758 3824 2822 3877 Εί
2849 3822 2960 3891 εγὼ
2988 3821 3081 3874 τοῦ
3111 3821 3366 3891 προδότου
3392 3823 3515 3884 τοὺς
3542 3822 3632 3875 πό-

2056 3905 2152 3967 δας
2180 3904 2356 3975 ἔνιψα,
2383 3906 2436 3959 τί
2469 3906 2632 3977 μέγα,
2658 3906 2723 3959 ἂν
2750 3908 2905 3975 ὑμεῖς
2932 3906 3057 3969 τοὺς
3083 3904 3355 3975 ἀλλήλων;
3383 3903 3516 3957 άλλά
3540 3904 3630 3958 διὰ

2058 3989 2167 4042 τῶν
2212 3990 2388 4059 ἔργων
2427 3989 2558 4043 αὐτὸ
2583 3988 2849 4060 δηλώσας,
2890 3988 3072 4042 εἴασεν
3112 3990 3168 4041 ἐν
3202 3990 3267 4058 τῇ
3316 3987 3493 4057 κρίσει
3521 3986 3629 4041 τῶν

2060 4071 2346 4143 θεωμένων
2387 4072 2590 4127 λοιπόν.
2618 4071 2716 4125 Διὰ
2743 4070 2901 4124 τοῦτο
2928 4071 3132 4139 ἔλεγεν,
3164 4072 3267 4136 Ὃς
3297 4067 3374 4122 ἂν
3404 4068 3628 4138 ποιήσῃ

2059 4152 2156 4207 καί
2187 4152 2417 4222 διδάξῃ,
2447 4149 2625 4219 οὗτος
2663 4152 2853 4222 μέγας
2898 4152 3282 4219 κληθήσεται.
3317 4149 3487 4204 Τοῦτο
3520 4153 3630 4219 γάρ

2058 4237 2172 4290 ἐστι
2211 4236 2272 4289 :6
2302 4235 2527 4302 διδάξαι,
2555 4236 2614 4289 :6
2642 4235 2730 4288 6:6
2757 4234 2862 4288 τῶν
2901 4234 3076 4305 ἔργων
3108 4233 3241 4287 αὐτὸ
3272 4234 3462 4285 ποιεῖν.
3495 4232 3628 4285 Τίνα

2057 4321 2167 4390 γὰρ
2199 4320 2299 4372 οὐκ
2340 4318 2405 4373 ἂν
2436 4318 2591 4373 τοῦτο
2620 4316 2785 4386 τῦφον
2815 4317 3063 4381 καθέλοι;
3102 4317 3259 4369 ποίαν
3299 4317 3400 4368 οὐκ
3442 4315 3507 4369 ἂν
3535 4330 3628 4368 κε·-

2056 4403 2277 4458 νώσειεν
2307 4405 2562 4457 ἀπόνοιαν
2599 4403 2691 4456 καὶ
2718 4399 3065 4465 ἀλαζονείαν;
3109 4400 3166 4452 '0
3203 4397 3505 4468 καθήμενος
3534 4400 3626 4452 ἐπὶ

2055 4485 2163 4537 τῶν
2204 4485 2501 4555 Χερουϐὶμ,
2538 4485 2665 4547 τοὺς
2707 4484 2869 4546 πόδας
2900 4481 3046 4550 ἔνιψε
3087 4480 3182 4533 τοῦ
3223 4479 3514 4550 προδότου⁹
3561 4481 3627 4553 σὺ

2055 4565 2132 4626 δὲ,
2158 4566 2430 4634 ἄνθρωπε,
2459 4566 2530 4635 γῆ
2562 4566 2654 4619 καὶ
2682 4565 2874 4627 σποδὸς
2911 4562 3007 4625 ὢν,
3043 4562 3135 4615 καὶ
3164 4562 3360 4630 τέφρα,
3394 4559 3488 4612 καὶ
3530 4559 3622 4623 κό-

2056 4664 2158 4711 νις,
2192 4647 2438 4718 ἐπαίρεις
2472 4646 2694 4699 σεαυτὸν
2731 4645 2825 4698 καὶ
2862 4645 3002 4716 μέγα
3045 4645 3292 4715 φρονεῖς;
3324 4641 3417 4694 καὶ¹
3456 4640 3629 4710 πόσης

2056 4730 2154 4781 οὐκ
2186 4730 2249 4781 ἂν
2286 4730 2402 4797 εἴης
2432 4728 2580 4793 ἄξιος
2609 4728 2864 4797 γεέννης;
2898 4728 2960 4780 El
2984 4723 3074 4779 οὖν
3100 4724 3262 4788 ὅντως
3284 4725 3312 4763 ιι
3345 4721 3630 4793 ἐπιθυμεῖς

2062 4808 2294 4880 μεγάλου
2342 4811 2720 4879 φρονήματος,
2770 4808 2947 4879 δεῦρο,
2996 4806 3107 4876 ἐγώ
3157 4822 3238 4859 σοι
3275 4804 3429 4870 δείξω
3476 4802 3625 4867 όδόν·

2058 4891 2176 4943 οὐδὲ
2204 4892 2310 4961 γὰρ
2338 4887 2483 4954 οἶδας
2517 4883 2570 4942 τί
2606 4890 2733 4943 ποτέ
2760 4892 2895 4943 ἐστι.
2933 4890 2990 4942 ’0
3022 4889 3198 4942 τοίνυν
3226 4889 3336 4951 τοῖς
3366 4884 3631 4955 παροῦσιν

2059 4975 2133 5037 ὡς
2170 4972 2419 5043 μεγάλοις
2452 4973 2754 5044 προσέχων,
2791 4968 2944 5035 οὗτος
2972 4972 3153 5042 ψυχῆς
3183 4972 3329 5023 ἐστιν
3358 4967 3627 5030 εὐτελοῦς.

2061 5058 2222 5109 Ὥστε
2260 5057 2379 5109 οὐδὲ
2417 5054 2878 5125 ταπεινοφροσύνη
2921 5054 3115 5123 γένοιτ’
3155 5052 3243 5114 ἂν,
3283 5053 3331 5105 εί
3371 5052 3445 5121 μὴ
3494 5049 3631 5120 μετά

2068 5139 2491 5210 μεγαλοψυχίας⁸
2517 5139 2637 5191 οὐδέ
2657 5138 2904 5208 φύσημα,
2933 5139 2980 5189 εί
3015 5137 3088 5207 μὴ
3108 5134 3214 5187 ἀπὸ
3240 5132 3626 5205 μικροψυχίας.

2063 5222 2326 5293 Καθάπερ
2360 5223 2468 5293 γὰρ
2501 5223 2549 5275 οί
2587 5221 2773 5283 παῖδες
2819 5222 2867 5272 οί
2925 5218 3110 5289 μικροὶ
3150 5216 3285 5286 πρὸς
3330 5215 3396 5268 τὰ
3436 5213 3627 5282 εὐτελῆ

2061 5304 2168 5357 τῶν
2196 5305 2535 5376 πραγμάτων
2575 5304 2888 5375 ἐπτόηνται,
2928 5300 3062 5372 πρὸς
3097 5299 3330 5368 σφαίρας
3370 5298 3463 5349 καὶ
3504 5308 3628 5366 τρο-

2061 5386 2187 5455 χούς
2215 5374 2307 5439 καὶ
2338 5385 2714 5456 ἀστραγάλους
2734 5374 3061 5455 κεχηνότες,
3101 5382 3209 5451 τῶν
3244 5374 3393 5451 1419]
3425 5378 3482 5431 δὲ
3528 5393 3627 5448 με-

2059 5467 2237 5535 γάλων
2281 5467 2400 5520 οὐδὲ
2445 5469 2650 5520 ἔννοιαν
2691 5466 2872 5519 λαϐεῖν
2916 5465 3196 5518 δύνανται·
3238 5460 3381 5515 οὕτω
3425 5458 3489 5528 δὴ
3535 5458 3631 5511 καὶ

2061 5550 2290 5603 ἐνταῦθα
2312 5553 2340 5604 6
2372 5550 2472 5619 μέν
2502 5550 2803 5619 φιλοσοφῶν
2832 5548 2983 5602 οὐδὲν
3006 5547 3268 5617 ἡγήσεται
3294 5544 3362 5597 τὰ
3388 5542 3631 5612 παρόντα

2061 5631 2276 5702 (οὐκοῦν
2306 5632 2425 5685 ούδέ
2459 5632 2620 5695 αὐτὸς
2662 5632 2947 5702 αἱρήσεται
2988 5630 3300 5698 κατασχεῖν,
3338 5625 3456 5678 οὐδέ
3501 5624 3631 5691 παρ’

2081 5864 2097 5908 ἰ
2123 5799 2143 5839 ῐ
2168 5798 2268 5907 ,Διίὲ
2290 5800 2635 5864 καταρξάμενος
2656 5800 2738 5848 καὶ
2761 5799 2837 5861 δφ.
2905 5799 2931 5840 Ι
2957 5797 3127 5847 Morel.
3173 5795 3402 5859 καθαίρει.
3473 5768 3511 5831 λ,
3527 5791 3628 5843 ,ιω

2130 5877 2218 5908 γαο
2270 5877 2404 5908 ντως.

2059 5877 2097 5910 ιι
2130 5877 2218 5926 γαρ
2243 5877 2404 5917 οντως.
