4040 6172
464 377 566 435 387

460 509 566 548 non
614 503 691 549 est
740 493 1007 549 humilitas
1050 495 1167 550 sine
1211 495 1571 566 magnitudine
1619 495 1817 559 animi;
1869 506 2040 563 neque

457 585 616 640 aliam
654 585 812 641 habet
850 600 1063 640 causam
1105 586 1352 656 superbia
1400 585 1500 640 nisi
1537 585 2042 655 pusillanimitatem.

456 677 915 744 Quemadmodum
937 681 1078 734 enim
1104 679 1309 750 pueruli
1334 679 1520 734 vilibus
1547 677 1770 741 inhiant,
1797 675 2041 747 sphzeris,

460 771 682 836 trochis,
712 772 860 835 talis,
888 787 1075 841 magna
1103 787 1228 826 vero
1257 786 1326 826 ne
1354 772 1675 842 cogitatione
1705 770 1920 840 quidem
1949 784 2038 824 ca-

458 876 586 932 pere
632 873 855 933 p'~ssunt
883 880 897 917 :
927 864 1006 919 sic
1042 871 1096 917 et
1134 877 1275 917 nunc
1313 862 1403 932 qui
1447 859 1871 932 philosophatur,
1904 875 2041 928 prte-

459 955 627 1010 sentia
651 954 778 1008 nihil
806 953 1130 1009 existimabit
1161 955 1307 1022 (non
1344 967 1472 1022 ergo
1517 951 1602 1005 illa
1634 950 1832 1006 habere
1864 949 1948 1003 vel
1977 948 2043 1002 ab

459 1045 564 1100 alio
593 1045 801 1112 assequi
834 1044 1073 1116 optabit)
1105 1059 1119 1108 ;
1162 1045 1250 1114 qui
1281 1057 1408 1098 vero
1448 1058 1550 1096 non
1597 1040 2000 1111 philosophatur
2023 1081 2038 1104 ,

459 1151 645 1192 contra
676 1138 916 1202 allectus,
939 1138 1170 1203 araneis,
1191 1137 1412 1200 umbrae,
1444 1134 1664 1190 somniis
1689 1143 1744 1189 et
1770 1131 2042 1187 vilioribus

457 1228 620 1283 rebus
662 1228 902 1283 haerebit.
951 1227 1038 1282 l6.
1093 1226 1284 1293 Amen,
1329 1241 1475 1279 auten
1504 1224 1617 1278 dico
1643 1223 1778 1277 vobis
1801 1238 1820 1276 :
1842 1238 1941 1275 non
1971 1229 2042 1274 est

457 1335 626 1373 servus
652 1320 814 1389 major
842 1318 1046 1371 domino
1069 1332 1193 1381 suo;
1222 1332 1381 1384 neque
1407 1315 1666 1385 apostolus
1698 1314 1863 1383 major
1889 1320 1958 1365 est
1984 1327 2042 1365 eo

455 1411 541 1480 qui
566 1412 700 1463 misit
728 1426 858 1462 cum.
895 1409 978 1462 l7.
1009 1408 1066 1463 Si
1090 1409 1196 1462 haec
1223 1408 1379 1472 scitis,
1412 1406 1540 1460 beati
1578 1407 1716 1460 eritis
1745 1406 1786 1458 si
1825 1404 2041 1475 feceritis

454 1517 534 1553 ea.
581 1501 666 1554 l8.
703 1498 818 1552 Non
852 1500 914 1552 de
949 1499 1179 1552 omnibus
1221 1499 1356 1551 vobis
1384 1497 1530 1556 dico,
1560 1496 1648 1550 sed
1687 1507 1742 1548 ut
1773 1495 2043 1562 impleatur

456 1589 726 1660 Scriptura
751 1604 770 1643 :
805 1588 900 1656 Qui
931 1588 1203 1641 manducet
1243 1604 1421 1655 panem
1459 1603 1680 1651 mecum,
1713 1587 1894 1640 levavit
1927 1586 2037 1638 σαι-

454 1697 662 1736 cuneum
701 1697 846 1735 suum
887 1690 1061 1733 contra
1090 1695 1186 1732 me.
1218 1678 1272 1732 Id
1303 1677 1444 1747 quod
1474 1678 1718 1746 superius
1756 1676 1908 1742 dixit,
1955 1677 2042 1733 hic

457 1787 670 1842 quoque
698 1771 921 1839 repetit,
953 1778 1011 1823 ut
1040 1769 1343 1838 redarguat.
1375 1767 1506 1823 Nam
1536 1769 1578 1823 si
1616 1784 1719 1824 non
1749 1777 1832 1824 est
1857 1784 2042 1824 servus

458 1862 630 1932 major
650 1861 868 1916 domino
896 1874 1015 1924 suo,
1051 1874 1224 1930 neque
1251 1859 1524 1927 apostolus
1551 1860 1721 1929 major
1740 1875 1808 1915 eo
1831 1861 1918 1930 qui
1943 1863 2042 1913 mi-

456 1955 528 2008 sit
555 1955 765 2022 ipsum;
799 1961 853 2006 et
886 1952 930 2006 si
965 1953 1062 2006 hoc
1098 1966 1128 2005 a
1169 1965 1256 2006 me
1287 1949 1481 2004 factum
1513 1961 1595 2007 est
1633 1969 1646 2006 :
1677 1952 1843 2006 multo
1875 1953 2041 2021 magis

455 2061 485 2098 a
529 2043 678 2098 vobis
719 2041 810 2097 ﬁat
853 2051 1083 2112 oportet.
1129 2039 1362 2106 Deinde,
1409 2055 1478 2096 ne
1512 2039 1629 2111 quis
1657 2041 1899 2097 diceret:
1933 2042 2042 2096 Cur

456 2131 558 2188 hoc
583 2131 752 2186 dicis?
780 2146 922 2186 nunc
955 2131 1099 2186 enim
1126 2130 1393 2186 nescimus
1422 2149 1435 2185 :
1467 2129 1569 2186 hoc
1595 2130 1768 2200 ipsum
1803 2129 1995 2200 adjecit
2023 2147 2038 2185 :

455 2227 569 2281 Non
600 2237 657 2282 ut
683 2225 1047 2297 ignorantibus
1070 2224 1185 2280 haec
1209 2224 1360 2278 dico:
1392 2223 1486 2279 sed
1508 2233 1566 2278 ut
1589 2239 1685 2293 per
1711 2238 1894 2292 opera,
1919 2237 2036 2294 quae

453 2320 594 2373 dicta
623 2327 746 2373 sunt
774 2315 1088 2373 exhibeatis.
1127 2315 1258 2370 Nam
1301 2315 1440 2370 scire
1478 2314 1716 2384 quidem,
1757 2315 2036 2376 omnium;

456 2410 629 2466 facere
659 2424 819 2475 vero,
843 2423 946 2464 non
971 2408 1232 2463 omnium.
1261 2407 1384 2462 Ideo
1414 2406 1556 2461 enim
1587 2405 1688 2460 hoc
1709 2407 1870 2472 dicit,
1897 2403 2041 2458 Beati

454 2503 573 2558 estis
599 2503 644 2557 si
671 2503 779 2557 lucc
808 2501 1047 2574 feceritis.
1077 2500 1202 2555 ideo
1229 2497 1658 2568 frequentissime
1686 2496 1788 2552 hoc
1814 2505 2034 2566 repeto,

453 2595 556 2650 etsi
594 2607 691 2648 vos
727 2593 946 2655 sciatis,
978 2599 1036 2646 ut
1064 2605 1158 2646 vos
1199 2589 1264 2644 ad
1302 2588 1563 2658 agendum
1608 2587 1876 2641 inducam.
1906 2585 2038 2640 Nam

453 2686 614 2739 etiam
655 2683 827 2740 ,ιιιάωί
870 2690 1101 2748 norunt,
1133 2680 1226 2736 sed
1258 2695 1365 2735 non
1394 2678 1512 2734 ideo
1540 2687 1665 2733 sunt
1705 2676 1848 2732 beati
1873 2718 1886 2737 ,
1915 2691 2037 2731 cum

454 2777 569 2831 huic
592 2790 696 2830 non
727 2774 943 2831 faciant.
979 2772 1100 2828 Non
1124 2773 1188 2827 de
1211 2771 1442 2826 omnibus
1481 2771 1620 2826 vobis
1667 2769 1800 2825 dico.
1843 2768 2000 2838 Papa:
2021 2809 2035 2833 ,

453 2876 648 2940 quanta
689 2866 972 2938 patientia!
1018 2864 1264 2920 Nondum
1313 2863 1642 2933 proditorem
1687 2863 1895 2933 arguit,
1943 2860 2038 2916 sed

454 2945 568 3018 rem
599 2960 819 3032 obtegit,
859 2960 983 3014 hinc
1027 2958 1101 3014 illi
1138 2955 1467 3028 pmnitentiaa
1507 2955 1682 3009 locum
1711 2953 2036 3010 concedens.

454 3053 522 3109 Et
561 3051 737 3122 arguit
775 3059 829 3106 et
871 3064 976 3105 non
1005 3048 1197 3117 arguit,
1231 3046 1344 3100 haec
1371 3045 1554 3100 dicens
1591 3062 1607 3100 :
1646 3044 1744 3111 Qui
1769 3044 2039 3098 manduca:

455 3159 638 3214 panem
665 3156 878 3207 mecum,
911 3138 1088 3192 levavit
1113 3137 1405 3191 calcaneum
1428 3151 1574 3190 suum
1595 3146 1771 3189 contra
1804 3151 1903 3188 me.
1946 3133 2035 3189 Vi-

451 3237 608 3290 detur
631 3232 760 3288 mihi
792 3230 941 3294 illud,
975 3228 1024 3284 Ν
1031 3245 1095 3283 ou
1119 3237 1191 3284 est
1214 3243 1384 3283 seruus
1415 3231 1582 3296 major
1607 3227 1809 3281 domino
1832 3243 1943 3290 suo,
1969 3225 2034 3280 ad

455 3328 556 3382 hoc
584 3326 783 3380 dictum
813 3335 950 3386 esse,
988 3330 1046 3376 ut
1071 3320 1117 3375 si
1145 3319 1378 3390 quipiam
1408 3333 1438 3373 a
1463 3319 1652 3384 servis,
1688 3318 1771 3373 vel
1808 3319 1926 3373 aliis
1955 3317 2036 3372 vi-

453 3417 676 3472 lioribus
702 3413 947 3485 personis
975 3411 1263 3482 quidquam
1308 3409 1429 3463 mali
1475 3409 1760 3478 patiantur,
1811 3425 1877 3464 ne
1923 3418 2034 3463 tur-

451 3509 674 3570 bentur,
719 3506 782 3560 ad
826 3503 976 3560 Judze
1013 3502 1316 3571 exemplum
1348 3501 1713 3570 respicientes,
1746 3500 1834 3569 qui
1878 3501 2034 3554 inuu-

449 3614 595 3656 mera
641 3603 1001 3665 consequutus
1048 3594 1184 3648 bona
1214 3633 1230 3659 ,
1280 3591 1546 3647 contraria
1593 3591 1856 3660 rependit.
1911 3591 2036 3647 Ideo

455 3689 725 3754 subdidit,
771 3687 872 3754 Qui
925 3685 1196 3739 manducat
1249 3699 1443 3737 mecum
1487 3698 1706 3752 panem;
1753 3683 2036 3753 missieque

451 3782 572 3836 aliis
597 3777 848 3834 omnibus
872 3817 888 3843 ,
922 3776 1022 3830 hoc
1044 3815 1060 3841 ,
1087 3774 1228 3845 quod
1259 3775 1431 3843 ipsum
1464 3781 1668 3843 poterat
1696 3771 1947 3828 cohibere
1982 3782 2036 3828 et

452 3871 655 3943 pudore
679 3868 914 3932 allicere,
942 3863 1177 3937 protulit.
1201 3863 1302 3932 Qui
1331 3878 1360 3917 a
1386 3877 1473 3918 me
1499 3862 1760 3929 alebatur,
1788 3863 1878 3932 qui
1904 3862 2032 3916 mihi

448 3977 648 4021 mensa:
675 3973 898 4017 consors
931 3962 1076 4021 erat,
1107 3954 1296 4025 inquit.
1337 3953 1462 4010 Haec
1503 3967 1662 4024 porro
1698 3953 1948 4021 dicebat,
1976 3963 2036 4008 ut

451 4055 578 4109 illos
603 4051 904 4108 institueret
945 4046 1012 4102 ad
1057 4043 1314 4101 beneﬁcia
1347 4045 1413 4099 iis
1444 4043 1776 4115 przcstanda,
1813 4045 1902 4116 qui
1931 4044 2034 4100 sibi

447 4148 648 4203 malum
693 4141 974 4206 inferrent,
1019 4138 1227 4195 etiamsi
1274 4136 1597 4193 insanabiles
1643 4145 1847 4194 essent.
1901 4137 2032 4192 Cum

445 4239 576 4296 dicit
597 4243 800 4303 autem,
842 4232 964 4288 Non
991 4229 1056 4286 de
1081 4230 1216 4285 vobis
1242 4229 1473 4284 omnibus
1513 4229 1626 4283 dico
1647 4271 1664 4294 ,
1689 4243 1757 4284 ne
1783 4227 2033 4284 omnibus

447 4335 695 4386 timorem
723 4328 1008 4388 incuteret,
1033 4321 1182 4377 illum
1207 4319 1418 4376 tandem
1447 4328 1691 4391 segregat
1715 4318 1800 4374 his
1821 4319 1996 4375 verbis
2012 4359 2029 4386 ,

445 4423 546 4486 Qui
569 4417 840 4472 manducat
865 4430 1058 4468 mecum
1081 4427 1283 4483 panem.
1316 4409 1448 4466 lllud
1479 4410 1643 4474 enim,
1677 4407 1799 4462 Non
1826 4409 1890 4463 de
1931 4425 2034 4463 ont-

442 4511 609 4574 nibus,
637 4522 744 4562 non
771 4507 990 4561 omnino
1019 4518 1181 4556 unum
1204 4500 1505 4570 quempiam
1532 4497 1877 4568 designabat:
1907 4513 2029 4568 pro-

443 4614 622 4672 pterea
646 4595 903 4662 subdidit,
936 4592 1041 4660 Qui
1066 4591 1340 4645 manducet
1370 4605 1566 4644 mecum
1587 4605 1792 4660 panem,
1833 4591 2031 4645 misero

441 4691 758 4750 declarans,
803 4701 864 4742 se
911 4699 1018 4740 non
1067 4683 1402 4754 ignorantem
1431 4679 1525 4736 sed
1555 4679 1724 4750 probe
1767 4681 2026 4737 scientem

445 4777 850 4852 comprehendi,
881 4775 932 4832 id
965 4774 1106 4847 quod
1143 4774 1294 4829 illum
1336 4773 1569 4828 maxime
1593 4771 1846 4830 cohibere
1873 4785 2027 4844 pote-

440 4888 544 4933 rat.
573 4873 756 4944 Neque
791 4869 946 4936 dixit,
991 4867 1176 4923 Tradit
1221 4881 1336 4933 me;
1381 4866 1498 4934 sed,
1527 4865 1732 4921 Levavit
1760 4883 1914 4937 super
1950 4884 2030 4921 me

439 4969 753 5031 calcaneum,
793 4972 850 5017 ut
874 4959 1056 5016 dolum
1085 4967 1140 5014 et
1161 4958 1397 5014 occultas
1423 4957 1643 5014 insidias
1671 4957 1985 5014 declararet.

507 5062 561 5116 3.
607 5057 763 5112 Miser
781 5063 875 5119 est,
903 5068 1002 5106 non
1023 5050 1109 5117 qui
1130 5050 1340 5120 patitur,
1361 5049 1452 5105 sed
1471 5051 1562 5120 qui
1579 5051 1733 5122 infert
1761 5051 2022 5120 iujuriam.

437 5153 636 5210 -—-ll:ec
667 5163 825 5220 porro
845 5146 1040 5216 scripta
1065 5151 1210 5208 sunt,
1237 5150 1298 5198 ut
1324 5157 1393 5198 ne
1410 5142 1653 5213 injuriam
1677 5142 2025 5198 inferentibus

434 5254 880 5302 suecenseamus,
924 5235 1020 5292 sed
1065 5235 1184 5289 illos
1231 5249 1518 5305 arguamus
1564 5243 1619 5290 et
1646 5233 2017 5304 deploremus.

439 5332 709 5406 Laerymis
724 5330 866 5387 enim
894 5326 1038 5398 digni
1059 5333 1205 5388 sunt,
1239 5340 1344 5380 non
1372 5325 1652 5395 patientes,
1672 5325 1765 5379 sed
1794 5325 2024 5380 inferen-

437 5436 518 5478 tcs
547 5421 816 5494 injuriam.
859 5418 992 5473 Nam
1032 5431 1092 5472 se
1133 5416 1364 5471 maxime
1396 5415 1599 5471 lardunt
1623 5426 1826 5485 raptor,
1865 5430 2019 5487 syco-

439 5516 656 5585 phanta,
687 5509 803 5563 etsi
833 5508 923 5579 qui
974 5505 1120 5560 aliud
1168 5505 1294 5560 mali
1351 5505 1619 5571 inferant;
1663 5505 1816 5561 nobis
1841 5515 2018 5560 autem

432 5602 592 5661 valde
629 5607 884 5672 prosunt.
939 5598 1040 5652 nisi
1093 5612 1193 5651 nos
1243 5597 1343 5668 ipsi
1391 5598 1729 5654 ulciscamur.
1776 5598 2016 5668 Exempli

434 5710 618 5762 causa,
645 5690 821 5761 rapuit
845 5688 1131 5760 quispiam,
1161 5697 1215 5743 et
1249 5697 1304 5742 tu
1333 5705 1430 5761 pro
1453 5691 1647 5759 injuria
1677 5690 1877 5760 gratias
1908 5692 2017 5745 Deo

438 5786 591 5859 σείθιί
611 5824 626 5853 ,
645 5783 849 5854 ipsique
886 5777 1112 5849 gloriam
1137 5779 1397 5834 rctulisti?
1422 5782 1519 5837 l'er
1545 5783 1829 5852 gratiarum
1852 5783 2015 5838 aetio-

1155 384 1210 440 S.
1251 383 1527 440 JOANNIS
1562 379 2028 438 CllBYSOSTOMl
2071 380 2386 439 ARCHYEP.
2428 379 2964 446 CONSTANTINOP.

3412 323 3494 334 ...με

3635 393 3746 450 588

2155 510 2276 550 nem
2310 496 2586 553 innumera
2625 499 2840 568 prtemia
2867 507 3226 572 consequutus
3255 514 3352 557 es:
3383 503 3737 574 qnemadruo-

2138 586 2273 651 dum
2307 587 2392 642 ille
2433 588 2749 645 immensum
2792 591 2892 646 sibi
2948 592 3125 662 ignem
3179 595 3474 665 apparavit.
3517 595 3576 649 Si
3617 601 3735 666 quis

2151 694 2277 732 vero
2302 679 2493 732 dixerit
2521 699 2534 734 :
2563 681 2719 747 Quid,
2751 682 2794 734 si
2844 681 3066 738 inferior
3099 698 3220 738 cum
3244 700 3442 752 essem,
3484 686 3734 756 iujuriam

2151 783 2255 821 non
2309 770 2452 838 potui
2507 771 2853 838 propulsare?
2903 772 3272 842 rcSponderim
3323 789 3452 845 ego,
3507 776 3732 830 Potuisti

2151 861 2410 931 indignari
2455 873 2507 916 et
2549 878 2916 919 succensere:
2952 865 3067 920 haec
3109 867 3250 920 enim
3297 867 3348 921 in
3397 879 3576 922 nostra
3609 878 3736 923 sunt

2149 963 2432 1022 potestate,
2467 954 2746 1024 imprecari
2780 956 3012 1020 lucdenti,
3043 957 3324 1026 ipsumque
3368 959 3518 1012 mille
3564 960 3732 1014 male-

2147 1045 2304 1099 dictis
2317 1047 2564 1114 prosequi
2590 1045 2940 1101 etinfamare.
2975 1046 3072 1114 Qui
3099 1047 3198 1102 hoc
3221 1063 3325 1102 non
3354 1048 3494 1110 facit,
3520 1051 3734 1104 omissa:

2148 1139 2398 1192 vindicta:
2434 1137 2733 1194 mercedem
2766 1138 3004 1208 recipiet.
3028 1137 3248 1195 Constat
3273 1141 3412 1194 enim
3437 1157 3579 1205 eum,
3610 1158 3732 1197 cum

2149 1227 2250 1284 hoc
2276 1239 2455 1298 posset
2488 1229 2682 1295 facere,
2707 1245 2812 1284 non
2835 1229 3029 1286 fecisse
3059 1239 3258 1286 tamen.
3284 1231 3414 1285 Nam
3441 1233 3529 1301 qui
3571 1231 3735 1288 hcsus

2147 1327 2248 1383 est,
2281 1319 2450 1374 obviis
2479 1319 2782 1390 quibusque
2818 1321 2982 1376 armis
3033 1322 3198 1374 utitur
3222 1362 3236 1385 ,
3269 1321 3313 1374 si
3347 1320 3592 1390 injuriam
3624 1337 3732 1376 non

2149 1407 2300 1472 ferat,
2335 1410 2650 1473 maledictis,
2696 1410 2974 1478 conviciis,
3009 1411 3216 1466 insidiis
3264 1411 3544 1466 laedentem
3599 1412 3730 1466 ulci-

2147 1500 2333 1554 scitur.
2356 1499 2436 1554 Ab
2459 1499 2541 1554 his
2555 1515 2682 1570 ergo
2704 1513 2756 1553 tu
2775 1501 2818 1555 si
2845 1492 2948 1554 non
2967 1500 3126 1554 modo
3147 1500 3435 1566 abstineas,
3460 1502 3552 1557 sed
3571 1502 3730 1557 etiam

2149 1606 2245 1660 pro
2293 1591 2383 1645 illo
2432 1591 2686 1659 preceris,
2719 1590 2822 1645 hoc
2863 1599 3017 1660 pacto
3049 1591 3159 1646 Deo
3188 1591 3377 1646 similis
3401 1591 3619 1648 cifeetus
3645 1608 3726 1648 es.

2151 1681 2322 1744 Orate,
2352 1681 2540 1750 inquit,
2591 1697 2682 1750 pro
2729 1680 3138 1748 persequentibus
3181 1696 3288 1744 vos,
3323 1691 3376 1734 ut
3406 1683 3514 1736 sitis
3543 1682 3732 1736 similes

2148 1771 2297 1828 Patri
2323 1782 2500 1837 uestro,
2526 1774 2697 1843 quiest
2726 1773 2778 1826 in
2807 1772 2943 1826 cretis
2970 1772 3180 1842 (Matth.
3209 1773 3262 1828 5.
3287 1773 3375 1828 44.
3405 1774 3518 1845 45).
3543 1773 3732 1830 V’iden’

2146 1873 2344 1933 quanta
2394 1865 2659 1919 lucremur
2686 1879 2750 1919 ex
2801 1864 2962 1918 illatis
2993 1864 3238 1934 injuriis?
3286 1864 3428 1920 Nihil
3461 1867 3529 1920 ita
3561 1867 3728 1921 Deum

2146 1955 2396 2022 delectat,
2425 1967 2484 2010 ut
2509 1972 2615 2010 non
2637 1955 2866 2011 reddere
2895 1957 3090 2012 malum
3111 1973 3206 2026 pro
3219 1957 3380 2025 malo,
3398 1959 3503 2012 imo
3531 1959 3728 2014 bonum

2147 2064 2244 2120 pro
2278 2049 2417 2103 malo
2456 2047 2702 2104 reddere.
2730 2047 3011 2103 Contraria
3051 2063 3178 2119 ergo
3209 2049 3726 2120 redderejubcmur,

2146 2138 2343 2202 ofﬁcia,
2377 2151 2580 2206 preces.
2611 2135 2736 2193 Ideo
2762 2137 3004 2193 Christus
3039 2154 3162 2193 cum
3203 2138 3292 2208 qui
3342 2153 3398 2193 se
3427 2139 3731 2208 proditurus

2145 2239 2263 2284 erat
2307 2229 2581 2285 beneﬁciis
2606 2229 2888 2292 alliciebat,
2945 2229 3110 2298 pedes
3140 2230 3256 2300 ejus
3310 2231 3540 2298 lavabat,
3590 2231 3729 2286 clam

2145 2319 2419 2389 arguebat,
2441 2335 2596 2388 parce
2625 2319 3070 2388 reprehendebat,
3093 2320 3302 2385 ofﬁciis,
3321 2335 3523 2384 mensa,
3546 2321 3732 2376 osculo

2144 2409 2479 2479 dignabatur.
2511 2408 2692 2479 Neque
2723 2418 2898 2464 tamen
2933 2409 3022 2465 ille
3053 2411 3295 2479 resipuil,
3337 2411 3432 2466 sed
3479 2411 3727 2466 Christus

2144 2516 2238 2556 sua
2267 2516 2430 2572 agens
2461 2502 2709 2571 perstitit.
2729 2501 2926 2557 Verum
2947 2516 3066 2572 age,
3098 2517 3381 2558 servorum
3405 2504 3647 2572 exemplo
3677 2513 3729 2559 te

2147 2591 2483 2658 erudiamus,
2513 2602 2692 2662 atque,
2729 2590 2869 2661 quod
2899 2591 3126 2646 validius
3153 2601 3256 2657 est,
3291 2608 3358 2646 ex
3390 2593 3505 2662 ipso
3552 2592 3728 2647 Veteri

2148 2681 2513 2745 Testamento,
2545 2692 2600 2736 ut
2647 2681 2826 2736 videas
2853 2697 2951 2738 nos
2981 2681 3177 2736 nullam
3208 2685 3601 2738 excusationem
3629 2683 3726 2737 ha-

2145 2770 2294 2841 bere,
2323 2773 2368 2828 si
2397 2771 2710 2842 injuriarum
2740 2771 3104 2827 recordemur.
3132 2771 3305 2827 Vultis
3348 2773 3563 2845 Moysen
3593 2775 3728 2829 alle-

2145 2879 2278 2930 ram,
2306 2863 2391 2920 vel
2412 2864 2572 2919 altius
2591 2863 2865 2933 repetam?
2889 2863 3101 2930 Quanto
3123 2863 3265 2918 enim
3291 2866 3575 2918 vetustiora
3603 2871 3729 2918 sunt

2144 2955 2410 3025 exempla,
2461 2963 2607 3010 tanto
2642 2955 2708 3010 ad
2753 2953 3182 3026 persuadendum
3240 2955 3466 3025 aptiora.
3513 2954 3727 3022 Quare?

2140 3047 2276 3114 Quia
2300 3054 2426 3100 tunc
2453 3045 2722 3100 difﬁcilior
2749 3054 2867 3100 erat
2907 3045 3098 3100 virtus.
3122 3044 3301 3116 Nequo
3321 3045 3462 3100 enim
3494 3054 3617 3099 tunc
3643 3044 3722 3098 illi

2143 3139 2286 3209 leges
2310 3139 2539 3208 scriptas
2565 3136 2852 3204 habebant,
2897 3152 3002 3192 non
3033 3145 3266 3193 veterum
3299 3135 3577 3206 exempla;
3625 3133 3722 3190 sed

2143 3227 2282 3283 nuda
2321 3242 2417 3298 per
2458 3242 2517 3283 se
2545 3235 2732 3282 natura
2760 3227 3049 3298 pugnabat,
3083 3235 3136 3281 et
3184 3227 3298 3280 sine
3326 3237 3480 3296 portu
3507 3228 3593 3280 Vri
3622 3240 3720 3280 ora

2143 3319 2338 3390 ubique
2391 3333 2520 3374 nare
2573 3318 2882 3387 cogebatur.
2949 3317 3285 3386 Quapropter
3338 3315 3449 3372 Noe
3501 3317 3725 3372 laudans

2143 3411 2438 3480 Scriptura,
2469 3424 2575 3464 non
2601 3408 2761 3463 modo
2787 3407 3082 3479 perfectum
3113 3418 3284 3470 vocat,
3315 3408 3410 3462 sed
3459 3407 3624 3471 addit,
3658 3406 3724 3462 In

2141 3504 2460 3576 generatione
2476 3519 2567 3557 sua
2588 3499 2793 3572 (Cenes.
2818 3500 2870 3556 6.
2892 3499 2972 3571 9).
2996 3500 3297 3556 Ostendens
3323 3499 3416 3553 illo
3462 3509 3723 3568 tempore,

2141 3610 2260 3650 cum
2285 3593 2448 3648 multa
2473 3601 2654 3648 essent
2698 3591 3079 3661 impedimenta
3107 3610 3120 3645 :
3156 3606 3278 3645 nam
3309 3590 3398 3645 alii
3428 3599 3549 3661 post
3573 3591 3724 3646 illum

2141 3688 2470 3751 claruerunt,
2501 3699 2604 3740 non
2639 3695 2813 3738 tamen
2835 3683 2980 3737 illum
3009 3681 3318 3738 inferiorem
3349 3680 3534 3737 fuisse.
3567 3681 3726 3737 Tern-

2139 3778 2359 3850 poribus
2381 3777 2523 3833 enim
2560 3774 2675 3830 suis
2704 3773 2972 3842 perfectus
3018 3781 3154 3828 erat.

2179 3868 2373 3938 Ioseph
2389 3866 2676 3938 exemplum
2690 3865 3038 3936 patientiat.—
3052 3863 3183 3933 Quis
3203 3878 3331 3935 ergo
3347 3871 3470 3919 ante
3484 3863 3724 3936 Moyscm

2143 3962 2353 4034 patiens
2382 3960 2520 4016 fuit?
2565 3959 2760 4014 Beatus
2781 3973 2842 4012 ac
2864 3966 3117 4013 strenuus
3142 3956 3234 4013 ille
3256 3955 3479 4026 Joseph,
3511 3957 3598 4026 qui
3626 3970 3723 4012 ca-

2139 4052 2317 4108 stitate
2339 4049 2568 4120 fulgens,
2597 4063 2703 4104 non
2731 4048 2909 4104 minus
2928 4047 3180 4118 patientia
3211 4045 3559 4117 resplendnit.
3580 4045 3724 4100 Ven-

2137 4141 2280 4198 ditus
2304 4148 2388 4197 est
2417 4153 2538 4195 cum
2561 4137 2764 4193 nullum
2792 4138 3038 4203 laesisset,
3069 4136 3180 4192 imo
3209 4136 3387 4192 ofﬁcia
3415 4135 3577 4192 etiam
3602 4149 3722 4191 ser-

2139 4235 2264 4290 vilia
2287 4232 2508 4289 omnino
2535 4230 2891 4301 praestitisset.
2929 4229 3034 4301 lpsi
3059 4229 3360 4286 convicium
3403 4228 3720 4293 intulerunt,

2137 4341 2237 4382 nec
2265 4340 2324 4390 se
2350 4325 2493 4380 ultus
2539 4331 2639 4388 est,
2696 4321 2821 4378 licet
2847 4331 3062 4392 patrem
3110 4334 3293 4377 secum
3325 4319 3542 4376 haberet
3579 4337 3592 4373 :
3623 4317 3721 4372 sed

2136 4416 2266 4472 abiit
2314 4414 2490 4470 cibum
2519 4412 2752 4468 alfcrens
2780 4411 2885 4466 illis
2921 4411 2975 4467 in
3019 4411 3325 4475 desertum;
3356 4418 3413 4464 et
3461 4423 3582 4464 cum
3611 4422 3720 4462 non

2137 4507 2399 4561 inveniret
2443 4519 2557 4569 eos,
2615 4517 2719 4556 non
2760 4501 3069 4567 maledixit,
3102 4515 3277 4572 neque
3327 4514 3576 4555 reversus
3613 4509 3718 4564 est,

2134 4596 2344 4653 etiamsi
2368 4610 2552 4651 ansam
2579 4595 2818 4662 arripere
2849 4602 3052 4662 posset,
3085 4592 3128 4646 si
3155 4590 3438 4654 voluisset;
3471 4588 3565 4644 sed
3592 4603 3720 4660 erga

2137 4688 2256 4741 illas
2287 4685 2462 4751 feras,
2504 4699 2629 4754 erga
2677 4684 2796 4738 illos
2827 4683 3105 4747 immanes,
3159 4679 3340 4735 fratris
3381 4693 3596 4749 semper
3639 4678 3731 4732 af-

2137 4777 2332 4832 fectum
2379 4775 2631 4831 servavit.
2681 4773 2888 4827 Rursus
2918 4772 2971 4826 in
3012 4785 3230 4828 carcere
3270 4769 3590 4825 constitutus
3615 4810 3630 4833 ,
3668 4779 3726 4825 et

2133 4880 2349 4922 causam
2377 4874 2612 4935 rogatus,
2640 4863 2772 4918 nihil
2800 4863 2926 4917 mali
2951 4861 3021 4919 de
3058 4861 3312 4917 fratribus
3334 4861 3589 4932 loquutus
3615 4871 3718 4924 est,
3807 4875 3812 4878 ·

2133 4959 2227 5014 sed
2259 4968 2480 5022 tantum,
2503 4955 2638 5010 Nihil
2664 4955 2797 5021 feci;
2817 4964 2894 5022 et,
2920 4954 3082 5010 Furto
3107 4955 3335 5010 sublatus
3358 4971 3472 5009 sum
3496 4955 3559 5009 de
3586 4963 3721 5008 terra

2137 5051 2466 5105 Hebraeorum
2496 5046 2647 5116 (Gen.
2694 5047 2783 5102 40.
2814 5046 2921 5116 l5).
2951 5046 3027 5100 Ac
3060 5055 3244 5114 postea
3272 5059 3460 5098 rursus
3489 5043 3580 5098 ubi
3613 5058 3713 5112 pu-

2133 5154 2379 5200 testatem
2430 5141 2655 5212 accepit,
2690 5141 2810 5198 illos
2855 5113 2989 5193 aluit
3034 5113 3090 5193 et
3127 5153 3156 5191 a
3211 5137 3366 5192 malis
3421 5113 3755 5190 innumeris.

2129 5235 2339 5304 eripuit.
2368 5233 2498 5288 Nam
2527 5233 2568 5286 si
2591 5231 2889 5300 vigilemus,
2919 5245 3024 5284 non
3043 5238 3216 5297 p0test
3236 5227 3461 5296 proximi
3482 5226 3718 5294 nequitia

2130 5340 2227 5381 nos
2257 5340 2287 5379 a
2321 5325 2512 5378 virtute
2541 5321 2794 5390 dejicere.
2849 5321 2918 5374 At
2965 5317 3158 5372 fratres
3189 5319 3306 5383 ejus
3335 5325 3542 5369 contra.
3584 5313 3719 5368 Nam

2128 5425 2276 5472 veste
2320 5414 2470 5468 illum
2519 5419 2816 5475 exuerunt,
2863 5419 2918 5466 et
2978 5408 3226 5464 occidere
3271 5415 3574 5469 tentarunt,
3626 5421 3711 5458 so-

2127 5505 2438 5576 nmiumque
2474 5503 2888 5574 exprobrarunt,
2920 5499 3130 5556 etiamsi
3155 5498 3333 5553 cibum
3356 5497 3422 5551 ab
3447 5497 3536 5551 illo
3563 5511 3718 5550 acce-

2127 5605 2338 5668 perant,
2367 5605 2526 5666 atqne
2556 5595 2662 5649 vita
2695 5603 2749 5648 et
2798 5593 3050 5648 libertate
3093 5591 3243 5646 illum
3296 5588 3528 5658 spoliare
3581 5588 3714 5641 niteo

2124 5693 2336 5748 bantur.
2359 5686 2439 5742 Illi
2459 5685 2832 5748 comedebant,
2853 5695 2908 5738 et
2937 5683 3133 5738 nudum
3159 5681 3376 5736 fratrem
3406 5679 3456 5731 in
3479 5679 3714 5732 cisterna

2125 5781 2415 5838 demissum
2443 5775 2876 5835 contemnebant.
2907 5774 3044 5843 Quid
3077 5775 3174 5829 hac
3205 5771 3413 5827 feritate
3432 5769 3714 5824 deterius?
