4040 6172
391 325 503 383 337‘

389 439 578 510 ἐτέρου
622 436 762 492 αὐτά
791 436 996 509 λαϐεῖν)
1018 454 1030 467 ·
1059 437 1089 491 ό
1116 437 1172 492 δέ
1205 439 1281 511 μή
1309 440 1546 506 τοιοῦτος
1586 442 1803 498 ἐναντία
1843 442 1962 497 πεί-

390 535 564 583 σεται,
595 517 732 589 πρὸς
767 518 1029 589 ἀράχνας,
1073 521 1167 574 καὶ
1204 520 1384 586 σκιάς,
1413 523 1507 577 καὶ
1549 522 1825 594 ὀνείρατα,
1867 524 1962 578 καὶ

388 599 455 654 τά
473 599 678 654 τούτων
692 598 1057 672 ἀδρανέστερα
1079 601 1379 674 πράγματα
1395 604 1742 675 ἐπτοημένος.
1762 603 1960 675 Ἀμὴν,

388 683 551 753 ἀμὴν
575 682 731 751 λέγω
762 683 923 753 ὑμῖν,
952 686 1063 739 οὐκ
1088 683 1221 743 ἐστι
1247 684 1469 752 δοῦλος
1490 686 1703 755 μείζων
1730 686 1836 741 τοῦ
1865 704 1965 740 κυ-

380 766 519 836 ρίου
559 766 747 820 αὐτοῦ
770 806 786 832 ,
835 765 979 821 οὐδὲ
1032 766 1377 834 ἀπόστολος
1411 767 1624 838 μείζων
1666 771 1774 825 τοῦ
1819 768 1965 839 πέμο

387 851 621 917 ψιιντος
660 849 866 903 αὐτόν.
914 850 982 903 Εἰ
1018 848 1204 903 ταῦτα
1246 849 1469 915 οἴδατε,
1504 851 1783 921 μακάριοί
1824 851 1964 905 ἐστε

387 929 496 985 ἐὰν
526 930 736 1000 ποιῆτε
765 930 942 985 αὐτά.
974 933 1058 986 οὐ
1108 933 1242 1000 περὶ
1291 932 1536 987 πάντων
1583 931 1751 1002 ὑμῶν
1785 932 1962 1004 λέγω,

387 1014 526 1070 ἀλλ’
551 1015 654 1068 ἵνα
680 1015 719 1082 ἠ
753 1011 965 1083 Γραφὴ
998 1012 1303 1082 πληρωθῇ,
1337 1014 1428 1069 ὅτι
1471 1014 1532 1067 '0
1565 1014 1800 1085 τρώγων
1834 1017 1963 1082 μετ’

387 1096 535 1167 ἐμοῦ
560 1096 669 1151 τὸν
697 1095 900 1164 ἄρτον,
933 1094 1159 1164 ἐπῆρεν
1180 1096 1273 1149 ἐπ’
1294 1094 1400 1165 ἐμὲ
1430 1096 1544 1164 τὴν
1568 1096 1835 1165 πτέρναν
1858 1098 1965 1152 αὐ-

389 1179 515 1235 τοῦ.
550 1180 616 1231 Ὃ
643 1177 901 1248 ἀνωτέρω
941 1172 1081 1242 εἷπε,
1112 1176 1269 1230 τοῦτο
1305 1179 1399 1231 καὶ
1434 1176 1668 1231 ἐνταῦθα
1700 1177 1849 1247 λέγει
1881 1181 1966 1232 ἐν-

390 1261 625 1332 τρέπων.
658 1260 720 1313 Εἰ
766 1258 876 1329 7&9
908 1259 1010 1313 οὐκ
1044 1258 1158 1312 ἐστι
1187 1258 1374 1321 δοῦλος
1407 1260 1606 1331 μείζων
1632 1260 1728 1315 τοῦ
1771 1261 1961 1332 κυρίου

389 1341 576 1407 αὐτοῦ,
604 1341 725 1395 οὐδὲ
748 1341 1046 1404 ἀπόστολος
1078 1340 1279 1411 μείζων
1305 1341 1400 1394 τοῦ
1433 1340 1748 1411 πέμψαντος
1776 1341 1961 1406 αὐτὸν,

391 1426 519 1497 παρ’
539 1423 673 1494 ἐμοῦ
698 1423 756 1478 δέ
780 1421 950 1477 ταῦτα
980 1423 1191 1492 γέγονε,
1225 1422 1403 1494 πολλῷ
1434 1422 1633 1493 μᾶλλον
1659 1424 1765 1494 χρὴ
1790 1424 1964 1478 ταῦτα

391 1509 520 1578 παρ’
557 1506 710 1577 ὐμῶν
751 1504 1028 1574 γενέσθαι.
1071 1502 1205 1559 Εἶτα
1236 1505 1323 1559 ἵνα
1375 1506 1450 1576 μή
1489 1524 1572 1569 τις
1598 1509 1749 1578 εἴπῃ,
1779 1506 1842 1560 Τί
1871 1508 1965 1577 δή·

392 1608 521 1645 ποτε
548 1590 719 1644 ταῦτα
745 1589 960 1657 λέγεις;
990 1587 1087 1641 νῦν
1114 1589 1223 1659 γὰρ
1250 1589 1349 1641 οὐκ
1378 1588 1599 1660 οἴδαμεν
1617 1605 1630 1618 ·
1659 1589 1964 1661 προσέθηκε

390 1673 548 1728 τοῦτο
577 1671 740 1727 αὐτόο
776 1671 887 1743 Οὐχ
919 1671 995 1735 ὡς
1039 1671 1292 1740 ἀγνοοῦσι
1323 1671 1493 1725 ταῦτα
1537 1671 1699 1741 λέγω,
1736 1671 1850 1725 ἀλλ’
1880 1673 1965 1726 ἵνα

390 1757 479 1811 διά
504 1754 613 1809 τῶν
644 1753 822 1824 ἐργων
856 1752 1160 1823 ἐπιδείξητε
1203 1753 1273 1807 τά
1304 1751 1592 1825 λεγόμενα.
1622 1753 1696 1806 Τδ
1726 1755 1824 1823 μὲν
1856 1753 1964 1825 γὰρ

392 1838 611 1900 εἰδέναι,
639 1835 856 1890 πάντων
882 1851 895 1866 ·
926 1834 987 1887 τὸ
1017 1835 1073 1888 δέ
1108 1837 1298 1895 ποιεῖν,
1332 1835 1393 1888 οὐ
1443 1836 1678 1889 πάντων.
1711 1836 1809 1890 Διά
1856 1837 1964 1907 γὰρ

391 1920 550 1973 τοῦτο
589 1915 729 1982 εἰπε,
760 1915 1047 1985 Μακάριοι
1090 1914 1230 1969 ἐστε
1274 1915 1381 1969 ἐὰν
1408 1914 1618 1985 ποιῆτε
1647 1916 1817 1972 αὐτά.
1865 1918 1963 1972 Διά

393 2003 460 2072 δὴ
492 2001 648 2057 τοῦτο
681 1999 808 2055 αὐτὸ
837 1997 1074 2068 συνεχῶς
1103 1997 1197 2050 καί
1229 1995 1340 2066 ἐγὼ
1372 1998 1458 2051 ἀεὶ⁵
1494 1998 1658 2066 λέγω,
1691 1998 1869 2053 καίτοι
1898 2016 1963 2068 γε

396 2084 613 2137 εἰδότων
639 2081 809 2154 ὐμῶν,
837 2081 924 2134 ἵνα
947 2081 1027 2142 εἰς
1048 2078 1109 2132 τὸ
1129 2078 1288 2150 ἔργον
1316 2079 1459 2150 ὑμᾶς
1478 2078 1782 2149 ἐμϐιϐἀσω.
1810 2081 1964 2134 Ἐπεὶ

397 2166 490 2219 καὶ
528 2164 768 2218 Ἰουδαῖοι
799 2161 1021 2227 οἴδασιν,
1046 2160 1160 2214 ἀλλ’
1180 2161 1279 2213 οὐκ
1306 2160 1413 2214 εἰσί
1443 2159 1707 2232 μακάριοι
1724 2178 1740 2196 ο
1766 2162 1827 2214 οὐ
1855 2162 1965 2234 γὰρ

393 2246 633 2301 ποιοῦσιν
657 2246 810 2300 αὐτά.
836 2243 921 2300 Οὐ
947 2244 1077 2311 περὶ
1104 2242 1363 2306 πάντων,
1385 2242 1570 2313 φησὶν,
1596 2241 1763 2312 ὑμῶν
1786 2243 1958 2313 λέγω.

393 2328 563 2382 Βαϐαῖ
588 2330 687 2395 τῆς
724 2325 1106 2393 ἀνεξικακίαςῑ
1139 2323 1352 2378 οὐδέπω
1393 2322 1484 2377 τὸν
1512 2323 1777 2396 προδότην
1808 2325 1964 2395 ἐλέγ-

392 2430 506 2484 χει,
550 2410 687 2466 ἀλλά
732 2408 1014 2474 συσκιάζει
1063 2408 1124 2460 τὸ
1174 2408 1432 2479 πρᾶγμα,
1485 2406 1733 2461 ἐντεῦθεν
1791 2408 1965 2473 διδοὺς

393 2496 537 2567 αὐτῷ
567 2494 850 2566 μετανοίας
876 2492 1077 2564 χώραν.
1106 2491 1216 2544 Καὶ
1236 2491 1466 2559 ἐλέγχει,
1489 2490 1584 2544 καὶ
1606 2490 1707 2543 οὐκ
1730 2489 1961 2561 ἐλέγχει,

393 2578 533 2632 οὕτω
576 2577 773 2645 λέγων·
832 2574 886 2627 '0
931 2573 1172 2643 τρώγων
1224 2574 1351 2642 μετ’
1396 2571 1543 2641 ἐμοῦ
1598 2572 1706 2626 τὸν
1761 2571 1961 2642 ἄρτον,

392 2660 615 2729 ἐπῆρεν
636 2658 728 2713 ἐπ’
758 2656 861 2727 ἐμὲ
892 2658 1172 2724 πτέρναν.
1195 2656 1352 2707 Δοκεῖ
1383 2653 1439 2708 δέ
1469 2672 1558 2725 μοι
1594 2655 1688 2707 καὶ
1715 2655 1796 2719 τὸ,
1840 2657 1963 2710 Οὐκ

395 2743 525 2798 ἔστι
565 2742 786 2807 δοῦλος
827 2738 1038 2810 μείων
1070 2738 1176 2792 τοῦ
1216 2737 1426 2807 κυρίου
1458 2737 1665 2800 αὑτοῦ,
1705 2738 1798 2791 καὶ
1828 2738 1964 2809 πρὸς

394 2823 549 2880 τοῦτο
584 2822 867 2897 εἰρῆσθαι,
906 2822 993 2875 ίνα
1025 2820 1077 2873 εί
1104 2836 1236 2872 ποτε
1275 2818 1427 2890 παρά
1457 2819 1702 2883 οἰκετῶν,
1732 2819 1766 2889 ἢ
1815 2820 1966 2890 παρά

394 2923 554 2960 τινων
583 2902 977 2975 εὐτελεστέρων
1015 2900 1238 2955 πάθοιέν
1268 2917 1413 2963 τινες
1450 2900 1639 2963 κακὸν,
1688 2899 1762 2971 μὴ
1796 2916 1960 2955 σκαν.

395 2988 735 3054 δαλίζωνται,
766 2987 846 3050 εἰς
872 2986 935 3039 τὸ
972 2983 1111 3038 κατά
1147 2983 1241 3036 τὸν
1275 2982 1474 3037 Ἰούδαν
1509 2981 1820 3053 ἀφορῶντες
1860 3000 1965 3037 πα-

401 3073 686 3143 ράδειγμα,
729 3070 787 3134 ὃς
820 3070 1026 3141 μυρίων
1057 3065 1367 3129 ἀπολαύσας
1395 3064 1634 3135 ἀγαθῶν,
1671 3067 1783 3128 τοῖς
1809 3066 1964 3119 ἐναν-

396 3156 527 3219 τίοις
552 3152 808 3225 ἠμείϐετο
846 3152 936 3206 τὸν
962 3150 1273 3222 εὐεργέτην.
1305 3150 1395 3202 Διὸ
1431 3149 1526 3203 καί⁵
1558 3148 1859 3217 ἐπήγαγεν·
1898 3148 1964 3204 '0

396 3236 629 3307 τρώγων
640 3238 765 3307 μετ’
785 3235 931 3304 ἐμοῦ
953 3233 1161 3301 ἄρτον·
1182 3232 1275 3286 καὶ
1294 3232 1470 3285 πάντα
1494 3229 1564 3283 τά
1586 3229 1721 3284 ἀλλα
1747 3232 1961 3301 παρεὶς,

396 3320 576 3383 τοῦτο,
600 3319 630 3372 δ
660 3317 893 3390 μάλιστα
920 3315 1104 3369 ἱκανὸν
1137 3310 1205 3385 ἦν
1238 3313 1399 3367 αὐτὸν
1426 3313 1721 3382 κατασχεῖν
1748 3314 1841 3367 καὶ¹
1879 3314 1966 3365 ἐν-

397 3403 623 3476 τρέψαι,
673 3399 933 3454 τέθεικεν.
970 3398 1028 3451 '0
1066 3396 1198 3466 παρ’
1228 3394 1360 3465 ἐμοῦ
1394 3394 1799 3476 τρεφόμενος,ό
1834 3395 1964 3465 παρ’

399 3485 531 3555 ἐμοῦ
573 3480 852 3554 τραπέζης
903 3478 1194 3542 κοινωνῶν,
1239 3477 1391 3548 φησί.
1445 3475 1629 3529 Ταῦτα
1670 3476 1727 3529 δέ
1776 3475 1964 3544 ἔλεγε,

399 3565 668 3620 παιδεύων
692 3564 882 3625 αὐτοὺς
916 3563 1040 3625 τοὺς
1084 3560 1269 3624 κακῶς
1311 3559 1597 3617 ποιοῦντας
1636 3559 1963 3629 εὐεργετεῖν,

401 3649 505 3703 κάν
538 3647 770 3719 μένωσιν
814 3645 1045 3707 ἀνιάτως
1083 3643 1318 3713 ἔχοντες.
1349 3640 1532 3694 Εἰπὼν
1574 3641 1658 3705 δὲ,
1703 3642 1785 3694 Οὐ
1831 3643 1965 3708 περὶ

400 3731 642 3786 πάντων
667 3726 835 3799 ὑμῶν
870 3726 1043 3796 λέγω,
1078 3727 1164 3779 ἵνα
1194 3725 1268 3795 μή
1293 3726 1374 3786 εἰς
1407 3722 1633 3785 πολλοὺς
1664 3724 1966 3793 περιστήσῃ

399 3814 461 3868 τδ
482 3814 619 3877 δέος,
639 3810 921 3881 ἀποσχίζει
947 3808 1130 3860 λοιπὸν
1152 3806 1335 3871 αὐτὸν,
1358 3803 1501 3858 οὕτω
1524 3804 1724 3872 λέγων·
1758 3804 1813 3857 Ὁ
1838 3803 1971 3872 τρώ-

400 3911 520 3964 γων
540 3895 667 3965 μετ’
690 3891 835 3963 ἐμοῦ
863 3891 971 3945 τὸν
997 3890 1199 3957 ἄρτον.
1244 3887 1318 3940 Τὸ
1354 3887 1486 3958 γὰρ,
1528 3889 1609 3941 Οὐ
1646 3885 1780 3954 περὶ
1819 3884 1969 3939 πάν-

399 3995 537 4042 των,
575 3976 636 4030 οὐ
686 3976 907 4037 πάντως
959 3974 1039 4035 εἰς
1090 3971 1186 4025 Eva
1233 3969 1486 4040 περιίστη
1526 3968 1618 4022 τὸν
1661 3968 1847 4038 λόγον’
1889 3968 1969 4021 διὸ

399 4062 712 4131 ἐπήγαγενο
753 4057 816 4110 '0
853 4054 1090 4124 τρώγων
1114 4052 1244 4123 μετ’
1285 4051 1433 4122 ἐμοῦ
1482 4050 1589 4105 τὸν
1621 4050 1823 4119 ἄρτον,
1862 4050 1969 4105 δει⁶

402 4144 531 4205 κνὺς
555 4139 746 4208 ἐκείνῳ
776 4137 853 4209 τῷ
876 4134 1225 4207 ταλαιπώρῳ,
1250 4136 1332 4189 δτι
1364 4135 1464 4188 οὐκ
1490 4133 1701 4202 ἀγνοῶν
1734 4133 1971 4202 συλλαμ-

400 4224 642 4288 ϐάνεται,
670 4221 803 4274 ἀλλά
834 4220 929 4274 καὶ
959 4220 1161 4289 σφόδρα
1183 4216 1368 4279 εἰδώς⁹
1390 4216 1420 4268 ὃ
1451 4217 1546 4270 καὶ
1578 4216 1708 4268 αὐτὸ
1737 4215 1971 4285 μάλιστα

400 4305 617 4360 πάντων
652 4303 834 4357 ἰκανὸν
871 4298 939 4373 ἧν
972 4301 1132 4355 αὐτὸν
1170 4299 1483 4368 κατασχεῖν.
1519 4298 1629 4350 Καὶ
1669 4298 1768 4350 οὐκ
1813 4293 1931 4350 εἷπε
1951 4338 1967 4362 ,

402 4386 767 4460 Παραδίδωσιν
796 4386 919 4455 ἐμὲ,
943 4384 1081 4446 ἀλλ’,
1106 4379 1283 4449 τΗρεν
1309 4381 1398 4433 ἐπ’
1434 4379 1539 4447 ἐμὲ
1569 4381 1958 4447 πτερνισμόν·

398 4471 461 4525 τὺ
483 4470 694 4541 δολερὸν
717 4480 742 4510 ι
769 4468 863 4522 καὶ
889 4466 1118 4519 ὕπουλον
1152 4463 1247 4516 καί⁵
1273 4462 1529 4533 λαθραῖον
1552 4461 1650 4531 τῆς
1682 4460 1970 4531 ἐπιϐουλῆς

402 4554 750 4627 παραστῆσαι
786 4550 1127 4623 βουλόμενος.

470 4626 520 4708 γ’
529 4637 744 4694 ,Ταῦτα
766 4635 825 4689 δέ
855 4634 1181 4704 γέγραπται,
1205 4630 1292 4683 ἵνα
1318 4629 1392 4700 μὴ
1418 4626 1841 4701 μνησικακῶμεν
1859 4630 1970 4692 τοῖς

398 4720 695 4784 ἀδικοῦσιν,
747 4716 861 4771 ἀλλ’
904 4715 1214 4785 ἐλέγχωμεν
1267 4713 1463 4774 αὐτοὺς
1514 4712 1608 4765 καὶ
1660 4709 1968 4781 θρηνῶμεν.

399 4803 553 4878 [420]
591 4802 816 4873 Θρήνων
856 4798 964 4871 γὰρ
995 4796 1153 4861 ἄξιοι,
1182 4795 1279 4878 οὐχ
1321 4795 1371 4847 οί
1404 4793 1722 4878 πάσχοντες,
1914 4793 1971 4878 οί

399 4875 677 4948 ποιοῦντες
705 4880 910 4944 κακῶς.
944 4878 1201 4941 Ἑαυτοὺς
1231 4877 1327 4947 μὲν
1356 4875 1464 4947 7&9
1498 4876 1729 4946 μέγιστα
1757 4875 1972 4928 ἀδικοῦ-

401 4988 487 5025 σιν
516 4970 546 5023 δ
576 4984 637 5021 τε
659 4965 1006 5031 πλεονέκτης,
1036 4962 1065 5014 ὅ
1091 4977 1148 5013 τε
1179 4958 1542 5028 συκοφάντης,
1565 4958 1593 5010 ὅ
1616 4973 1675 5010 τε
1703 4957 1889 5027 ἐτερόν
1914 4972 1969 5009 τι

399 5050 570 5106 κακὸν
611 5047 1010 5119 ἐργαζόμενος⁸
1050 5043 1200 5112 ἡμᾶς
1231 5041 1287 5119 δέ
1320 5040 1588 5108 ὠφελοῦσι
1629 5039 1696 5092 τὰ
1737 5038 1968 5108 μέγιστα

396 5135 493 5187 ἐάν
518 5131 593 5204 μή
618 5117 844 5192 ἐαυτούς
874 5124 1196 5195 ἐκδικῶμεν.
1227 5117 1351 5175 Οἷόν
1376 5139 1441 5204 ,τι
1471 5121 1647 5204 λέγω)
1682 5119 1968 5204 Ἥρπασεν

396 5218 427 5268 ὁ
474 5201 656 5279 δεῖνας
701 5209 1110 5282 ηὐχαρίστησας
1155 5204 1297 5273 ὑπὲρ
1337 5203 1439 5272 τῆς
1485 5201 1699 5263 ἀδικίας
1740 5201 1829 5266 σὺ,
1877 5202 1971 5254 καὶ

401 5296 656 5359 ἐδόξασας
699 5295 792 5347 τὸν
837 5291 1004 5355 Θεόν;
1056 5287 1299 5358 Μυρίους
1341 5285 1433 5339 διὰ·
1477 5284 1576 5352 τῆς
1624 5282 1971 5351 εὐχαριστίας

398 5380 614 5450 ἐκείνης
640 5374 949 5448 ἐκαρπώσω
981 5370 1205 5443 μισθούς
1223 5386 1238 5401 ·
1267 5368 1455 5450 ὥσπερ
1478 5361 1572 5419 οὖν
1606 5366 1806 5450 mnf;
1839 5364 1970 5450 ἀφα-

398 5479 492 5515 τον
533 5445 713 5531 ἐαυτῷ
746 5445 1020 5525 συνήγαγε
1059 5452 1191 5522 πῦρ.
1220 5451 1282 5504 Εἰ
1308 5449 1366 5503 δὲ
1393 5449 1539 5516 λέγοι
1579 5462 1695 5509 τις·
1736 5445 1800 5499 Τί
1839 5448 1967 5531 γάρ,

400 5548 451 5598 εἰ
486 5545 561 5615 μή
594 5529 873 5612 ἠδυνάμην
916 5536 1226 5606 ἀμύνασθαι
1265 5534 1357 5586 τὸν
1399 5532 1767 5615 ἀδικήσαντα,
1812 5529 1970 5615 ἀσθε-

398 5612 654 5696 νέστερος
685 5623 788 5685 τον;
816 5624 991 5674 ἐκεῖνο
1019 5619 1084 5673 ἂν
1110 5618 1338 5686 εἴποιμι,
1363 5617 1444 5668 ὅτι
1479 5614 1738 5668 Ἢδύνασο
1768 5612 1969 5683 πρᾶξαι

402 5709 463 5762 τὸ
497 5695 861 5778 δυσχερᾶναι,
907 5704 967 5756 τὸ
1027 5700 1501 5769 ἀποδυσπετῆσαι·
1552 5695 1724 5750 ταῦτα
1771 5698 1879 5766 γὰρ
1913 5696 1970 5778 ἐν

402 5775 632 5858 ἐξουσία
654 5775 833 5858 ήμῶν,
864 5785 924 5839 τὸ
959 5782 1319 5849 κατεύξασθαι
1361 5778 1455 5834 τοῦ
1490 5778 1880 5851 λελυπηκότος,
1912 5775 1971 5828 τὸ

470 5916 498 5947 ⁸
524 5912 695 5964 Morel.
722 5908 1017 5972 πτιρνισμὸν,
1042 5910 1236 5972 πτέρναν
1260 5904 1422 5956 αὐτοῦ’
1455 5905 1507 5955 τὸ
1530 5907 1579 5956 δι

1372 323 1439 381 ιιι
1472 325 1791 384 ΙΟΔΝΝΕΜ
1830 322 2064 382 HOMIL.
2101 323 2287 385 LXXI:
2326 330 2397 384 al.
2440 327 2601 384 LXX.

3538 331 3648 386 380

2068 441 2477 512 καταράσασθαι
2525 442 2674 514 αὐτῷ
2714 441 2878 514 μυρία
2897 484 2914 509 ,
2946 441 3009 497 τὸ
3040 442 3175 516 πρὸς
3208 443 3412 510 πάντας
3449 446 3640 502 διαϐα-

2066 522 2197 577 λεῖν.
2232 524 2292 579 ‘0
2318 524 2494 579 τοίνυν
2527 524 2700 580 ταῦτα
2736 526 2811 597 μή
2844 526 3093 596 ποιήσας,
3125 529 3219 580 καὶ
3245 525 3340 580 τοῦ
3383 528 3458 599 μὴ
3498 528 3639 599 ἀμύ-

2066 605 2259 660 νασθαι
2301 606 2493 675 μισθὸν
2522 605 2979 680 λήψεται.⁶Δῆλον
3025 606 3136 682 γὰρ
3163 610 3247 663 δτι
3286 609 3382 663 καὶ
3426 608 3636 663 ἐκείνου

2064 685 2254 759 κύριος
2281 686 2379 753 ὢν,
2401 690 2525 745 οὐκ·
2547 691 2613 745 ἀν
2642 691 2913 761 ἐποίησεν.
2950 691 3008 745 '0
3032 692 3143 763 7&9
3173 692 3520 763 ἠδικημένος,
3558 693 3639 763 τῷ

2064 768 2429 841 παρατυχόντι
2459 771 2724 843 κέχρηται
2746 772 2918 843 ὅπλῳ,
2955 774 3082 827 ὅταν
3123 772 3457 845 μικρόψυχος
3478 772 3521 813 ιι
3539 772 3643 837 ὢν,

2065 848 2352 922 κατάραις,
2379 850 2695 923 λοιδορίαις,
2738 855 3052 919 ἐπιϐουλαῖς
3095 855 3372 925 ἀμύνηται
3400 855 3638 922 τδνιήδιο

2064 933 2291 1002 κηκότα.
2316 933 2497 989 Ταῦτα
2521 936 2812 990 τοίνυνκαὶ
2838 937 2902 989 σὺ
2930 936 3005 1007 μὴ
3030 938 3264 1009 ποιήσῃς
3295 938 3477 1007 μόνον,
3501 936 3642 990 ἀλλά

2064 1015 2158 1068 καὶ
2180 1011 2331 1083 εὖξαι
2357 1017 2488 1089 περὶ
2507 1016 2673 1072 αὐτοῦ
2688 1036 2703 1050 θ
2728 1018 2821 1072 καὶ
2845 1018 2955 1089 7&9
2972 1017 3039 1072 ἂν
3062 1017 3245 1073 ταῦτα.
3261 1018 3339 1090 μή
3354 1029 3378 1058 α
3405 1020 3640 1090 ποιήσῃς

2067 1098 2248 1167 μόνον,
2276 1099 2412 1153 ἀλλὰ
2442 1100 2540 1155 καὶ
2568 1099 2697 1172 εὐξῃ
2737 1100 2879 1172 ὑπὲρ
2916 1099 3103 1163 αὐτοῦ,
3146 1100 3226 1170 τῷ
3260 1100 3380 1170 Θεῷ
3409 1098 3637 1168 γέγονας

2062 1181 2269 1249 ὅμοιος.
2293 1181 2563 1251 Εὕχεσθε
2589 1182 2720 1254 γάρ,
2745 1183 2931 1254 φησὶν,
2965 1181 3119 1250 ὑπὲρ
3143 1180 3264 1236 τῶν
3289 1174 3639 1249 ἐπηρεαζόν-

2062 1277 2181 1315 των
2208 1263 2384 1333 ὐμᾶς,
2426 1264 2588 1331 ὅπως
2628 1265 2888 1334 γένησθε
2917 1265 3107 1334 ὅμοιοι
3144 1261 3224 1330 τῷ
3256 1263 3435 1331 Πατρί
3471 1260 3637 1331 ὑμῶν

2063 1344 2144 1410 τῷ
2179 1346 2251 1399 ἐν
2292 1345 2417 1413 τοῖς
2453 1346 2749 1415 οὐρανοῖς.
2785 1347 2948 1418 Ὁρᾷς
2983 1346 3104 1410 πῶς
3152 1346 3382 1417 μέγιστα
3418 1343 3636 1413 κερδαί-

2063 1442 2226 1497 νομεν
2261 1429 2369 1482 ἀπὸ
2404 1429 2506 1501 τῆς
2548 1429 2659 1482 τῶν
2706 1428 2910 1500 ἐτέρων
2946 1428 3246 1499 ἐπηρείαςς
3279 1427 3445 1482 Οὐδὲν
3490 1426 3635 1480 οὕτω

2063 1508 2153 1562 τὸν
2179 1508 2310 1565 Θεὸν
2337 1511 2639 1583 εὐφραίνει,
2661 1510 2737 1574 ὡς
2770 1511 2833 1564 τὸ
2866 1510 2943 1582 μή
2977 1509 3285 1564 ἀποδιδόναι
3313 1509 3482 1563 κακὸν
3513 1509 3636 1562 ἀντὶ

2065 1589 2256 1646 κακοῦ.
2283 1590 2388 1646 Καὶ
2415 1592 2469 1645 τί
2505 1592 2668 1661 λέγω,
2713 1592 2788 1664 μή
2824 1592 3131 1646 ἀποδιδόναι
3166 1592 3335 1646 κακὸν
3365 1591 3487 1646 ἀντί
3530 1608 3633 1646 καθ

2065 1671 2191 1738 χοῦς
2216 1673 2486 1728 Τάναντία
2512 1673 2611 1745 μέν
2635 1668 2727 1727 οὖν
2750 1673 3052 1727 ἀποδιδόναι
3085 1674 3447 1745 ἐπετάγημεν,
3478 1673 3635 1744 26:9-

2064 1753 2253 1819 γεσίας
2283 1755 2465 1826 εὐχάς.
2490 1755 2589 1809 Διά
2614 1754 2773 1809 τοῦτο
2801 1758 2897 1809 καὶ
2918 1756 2947 1808 ό
2974 1754 3207 1825 Χριστὸς
3241 1755 3335 1807 τὸν
3373 1754 3643 1826 μέλλοντα-

2064 1836 2225 1889 αὐτὸν
2286 1836 2589 1908 προδιδόναι
2644 1840 2755 1900 τοῖς
2807 1837 3066 1900 ἐναντίοις
3117 1837 3284 1890 πᾶσιν
3326 1835 3634 1906 ἠμείψατον

2062 1913 2194 1983 οἷον,
2221 1917 2348 1981 τοὺς
2378 1918 2543 1979 πόδας
2573 1918 2810 1983 ἐνιπτεν,
2837 1917 3032 1989 ήλεγχε
3068 1917 3262 1989 λάθρα,
3304 1916 3632 1987 φειδομένως

2063 1999 2349 2070 έπληττεν,
2378 1999 2734 2073 ἐθεράπευσε,
2764 1999 3039 2073 τραπέζης
3059 2001 3151 2054 καὶ
3174 1999 3472 2069 φιλήματος
3504 2014 3628 2068 μετ-

2063 2081 2233 2137 εδίδου
2247 2099 2263 2114 θ
2301 2083 2397 2136 καὶ
2418 2082 2541 2136 οὐδὲ
2578 2082 2788 2145 τούτοις
2809 2080 2836 2118 ἀ
2858 2080 3074 2150 ἐγένετο
3098 2080 3340 2151 βελτίων,
3367 2081 3461 2133 καὶ
3484 2081 3634 2150 ὅμως

2064 2164 2373 2236 παρέμενεν
2418 2164 2580 2229 αὐτὸς
2604 2164 2675 2218 τά
2716 2161 2910 2217 ἑαυτοῦ
2942 2162 3131 2217 ποιῶν.
3168 2161 3331 2217 Ἀλλά
3374 2162 3507 2232 φέρε
3537 2162 3635 2213 καὶ

2064 2247 2172 2304 ἀπὸ
2196 2247 2304 2302 τῶν
2331 2246 2532 2302 δούλων
2564 2264 2622 2300 σε
2665 2244 3063 2317 παιδεύσωμεν,
3098 2245 3191 2298 καὶ
3222 2247 3286 2298 ἐκ
3319 2243 3641 2316 περιουσίας

2062 2330 2170 2385 τῶν
2201 2330 2260 2383 ἐν
2287 2332 2355 2401 τῇ
2389 2330 2621 2401 Παλαιᾷ,
2648 2329 2734 2383 ἵνα
2764 2329 2911 2400 εἰδῇς
2939 2327 3194 2398 οὐδεμίαν
3228 2326 3450 2398 ἔχοντας
3488 2327 3634 2396 ήμᾶς

2067 2412 2361 2481 ἀπολογίας
2395 2412 2670 2485 ἀφορμὴν,
2711 2412 2840 2466 ὅταν
2875 2409 3321 2482 μνησικακῶμεν.
3367 2406 3632 2461 Βούλεσθε

2063 2491 2157 2551 οὖν
2182 2494 2322 2549 είπω
2358 2495 2615 2561 Μωῡσέα,
2643 2494 2676 2566 ἢ
2708 2494 2786 2548 ἐτι
2814 2494 2909 2547 τὸν
2939 2493 3095 2563 λόγον
3129 2491 3386 2562 ἀνωτέρω
3414 2490 3635 2560 ἀγάγω-

2068 2593 2199 2649 μεν;
2228 2577 2379 2647 Ὅσῳ
2427 2575 2537 2649 7&9
2578 2577 2649 2630 ἂν
2689 2575 3019 2649 ἀρχαιότερα
3049 2573 3232 2645 δειχθῇ
3259 2573 3328 2628 τά
3369 2572 3631 2644 παραδεί-

2064 2677 2273 2732 γματα,
2317 2659 2555 2730 τοσούτῳ
2585 2659 2787 2729 μᾶλλον
2811 2661 2974 2730 ήμεῖς
3009 2655 3304 2728 νικώμεθα.
3333 2655 3398 2708 Τί
3431 2656 3632 2726 δήποτε

2064 2744 2153 2810 δέ;
2171 2742 2293 2797 Ὀτι
2316 2742 2439 2797 τότε
2454 2742 2831 2815 δυσκολωτέρα
2852 2737 2921 2814 ἦν
2946 2742 2980 2812 ἠ
3001 2740 3193 2812 ἀρετή.
3213 2738 3349 2792 Οὐδὲ
3371 2737 3478 2808 γάρ
3500 2738 3632 2791 ὐπο-

2068 2825 2242 2896 θήκας
2286 2824 2596 2897 ἐγγράφους
2624 2818 2769 2895 εἰχον
2797 2824 2993 2877 ἐκεῖνοι
3020 2821 3162 2886 τότε,
3189 2820 3250 2873 οὐ
3287 2818 3418 2889 βίων
3456 2835 3633 2890 παρα-

2065 2907 2358 2978 δείγματα·
2389 2906 2525 2961 ἀλλά
2564 2907 2745 2978 γύτινή
2786 2905 2910 2961 καθ’
2938 2904 3138 2975 ἑαυτὴν
3169 2904 3203 2974 ή
3228 2901 3391 2971 φύσις
3427 2901 3633 2972 ἠγωνί-

2067 2990 2211 3056 ζετο,
2240 2990 2338 3043 καὶ
2369 2989 2762 3060 ἀνερμάτιστος
2796 2985 3075 3057 πανταχοῦ
3101 2983 3357 3055 νήχεσθαι
3395 2983 3636 3053 ἠναγκά-

2066 3073 2206 3138 ζετο.
2249 3072 2348 3127 Διά
2391 3073 2551 3127 τοῦτο
2589 3072 2684 3125 καὶ
2725 3070 2819 3125 τὸν
2862 3068 2986 3122 Νῶε
3024 3066 3285 3133 ἐπαινῶν,
3324 3065 3421 3136 οὐχ
3448 3064 3635 3129 ἀπλῶς

2064 3152 2267 3208 τέλειον
2309 3153 2587 3219 ἐκάλεσεν,
2628 3152 2764 3207 ἀλλά
2807 3149 3166 3222 προσέθηκεν,
3212 3148 3309 3201 Ἑν
3349 3145 3423 3215 τῇ
3458 3144 3645 3216 γενεᾷ

2064 3237 2272 3303 αὐτοῦ,
2300 3235 2495 3307 δηλῶν,
2518 3238 2600 3291 ὅτι
2625 3237 2683 3289 ἐν
2711 3234 2904 3304 ἐκείνῳ
2927 3231 3006 3304 τῷ
3037 3229 3235 3303 χρόνῳ,
3258 3230 3346 3283 ὅτε
3374 3228 3542 3282 πολλά
3567 3227 3656 3281 τὼ

2065 3319 2362 3391 κωλύματα
2397 3314 2466 3390 ἦν
2486 3337 2502 3352 ο
2530 3319 2650 3372 ἐπεὶ
2684 3318 2802 3389 μετ’
2830 3316 2992 3370 αὐτὸν
3031 3312 3282 3383 ἐλαμψαν
3311 3311 3506 3382 ἐτεροι,
3543 3313 3637 3365 καὶ

2065 3402 2212 3472 ὅμως
2249 3401 2401 3455 οὐδὲν
2438 3401 2658 3455 ἔλαττον
2698 3398 2876 3453 αὐτῶν
2916 3396 3048 3464 ἐξει.
3091 3393 3182 3448 Ἦν
3210 3392 3320 3462 γὰρ
3367 3395 3480 3456 τοῖς
3511 3393 3613 3462 χρό

2065 3501 2177 3547 νοις
2202 3482 2368 3537 αὐτοῦ
2408 3483 2613 3546 τέλειος
2638 3478 2728 3552 ἦν.
3552 3497 3554 3499 ν

2137 3564 2234 3628 Τίς
2270 3560 2361 3618 οὖν
2395 3565 2501 3634 πρὸ
2531 3563 2813 3625 Μωῦσέως
2854 3561 3236 3632 μακρόθυμος;
3271 3559 3331 3611 '0
3367 3556 3645 3629 μακάριος

2067 3648 2163 3701 καὶ
2204 3649 2451 3715 γενναῖος
2487 3644 2703 3715 Ἰωσὴφ,
2731 3643 2791 3706 δς
2818 3645 2885 3713 τῇ
2916 3641 3237 3714 σωφροσύνῃ
3267 3639 3506 3712 λάμψας,
3535 3639 3636 3693 οὐκ

2068 3727 2288 3782 ἔλαττον
2313 3724 2523 3797 ἐλαμψε
2558 3727 2624 3797 τῇ
2660 3722 3027 3796 μακροθυμίᾳ.
3071 3723 3316 3796 Ἐπράθη
3344 3722 3452 3794 γὰρ
3482 3721 3634 3774 οὐδὲν

2065 3807 2375 3880 ἠδικηκὼς,
2418 3806 2555 3862 ἀλλά
2600 3806 2936 3879 θεραπεύων,
2978 3805 3266 3871 δουλεύων,
3299 3804 3370 3859 τὰ
3408 3802 3634 3858 οἰκετῶν

2068 3890 2221 3966 [421]
2247 3892 2424 3946 πάντα
2455 3890 2912 3962 ἐπιδεικνύμενος.
2942 3890 3302 3961 Κατήνεγκαν
3331 3887 3462 3957 γοῦν
3486 3886 3646 3956 αὐτῷ-

2066 3974 2231 4046 ψόγον
2261 3974 2514 4045 πονηρὸν,
2543 3974 2638 4027 καὶ
2665 3973 2764 4026 οὐκ
2791 3971 3057 4043 ἠμύνατο,
3086 3972 3265 4024 καίτοι
3294 3970 3386 4023 τὸν
3419 3968 3633 4037 πατέρα

2066 4057 2206 4128 έχων
2240 4056 2358 4127 μεθ’
2382 4055 2577 4110 ἐαυτοῦ
2596 4071 2611 4087 ο
2650 4055 2786 4109 ἀλλά
2817 4055 2909 4108 καὶ
2941 4052 3150 4123 ἀπῆλθε
3184 4051 3422 4122 κομίζων
3450 4051 3633 4112 αὐτοῖς

2067 4140 2147 4203 είς
2182 4138 2278 4209 τήν
2321 4137 2525 4210 ἔρημον
2571 4138 2802 4207 τροφήν·
2839 4136 2934 4189 καὶ
2970 4136 3069 4204 οὐχ
3109 4132 3282 4203 εὑρὼν
3313 4133 3530 4196 αὐτοὺς,
3570 4132 3633 4186 οὐ

2068 4218 2488 4290 περιεκάκησεν,
2515 4217 2635 4271 οὐδὲ
2671 4215 2973 4286 ὑπέστρεψε
3008 4215 3205 4286 (καίτοι
3250 4229 3313 4282 γε
3350 4210 3462 4284 εἶχε
3504 4213 3634 4283 πρό-

2068 4318 2251 4372 φασιν,
2292 4300 2347 4353 εί
2391 4317 2455 4369 γε
2494 4299 2796 4368 ἐϐούλετο),
2849 4298 2984 4352 ἀλλά
3035 4296 3170 4368 πρὸς
3212 4296 3280 4349 τὰ
3327 4295 3493 4367 θηρία
3542 4292 3657 4348 καὶ»

2067 4386 2193 4448 τοὺς
2229 4383 2412 4453 ὠμοὺς
2441 4381 2684 4444 ἐκείνους
2710 4380 2905 4450 ἔμενεν
2928 4376 3158 4447 ἀδελφοῦ
3189 4377 3410 4449 γνησίου
3446 4377 3645 4446 φυλάτοη

2068 4484 2175 4520 των
2208 4465 2540 4536 προαίρεσιν.
2584 4462 2753 4516 Πάλιν
2777 4461 2837 4515 τὸ
2866 4461 3235 4531 δεσμωτήριον
3265 4460 3508 4529 οἰκήσας,
3542 4460 3635 4510 καὶ

2066 4548 2167 4618 τὴν
2192 4547 2371 4601 αἰτίαν
2400 4546 2717 4618 ἐρωτηθεὶς,
2746 4545 2895 4598 οὐδὲν
2936 4538 3057 4596 εἷπε
3086 4542 3214 4610 περὶ
3244 4542 3422 4595 αὐτῶν
3470 4558 3637 4611 πονηο

2071 4631 2198 4701 ρὺν,
2235 4629 2350 4684 ἀλλ’
2387 4630 2468 4682 ὅτι
2506 4627 2695 4681 Οὐδὲν
2730 4627 3020 4692 ἐποίησα,
3061 4625 3182 4688 καὶ,
3217 4621 3426 4690 κλοπῇ
3462 4623 3637 4677 ἐκλά-

2069 4728 2193 4780 πην
2228 4711 2298 4765 ἐκ
2337 4709 2450 4780 γῆς
2493 4710 2795 4778 Ἐϐραίων.
2825 4708 2937 4763 Καὶ
2975 4706 3117 4777 μετὰ
3141 4705 3314 4760 ταῦτα
3352 4705 3512 4759 πάλιν
3544 4723 3638 4775 γε·

2068 4794 2291 4866 νόμενος
2338 4792 2560 4863 κύριος,
2594 4793 2689 4846 καὶ
2715 4791 2945 4863 ἔθρεψε,
2990 4790 3082 4843 καὶ
3117 4788 3391 4862 ἀπήλλαξε
3429 4790 3638 4861 μυρίων

2067 4876 2274 4932 δεινῶν.
2310 4875 2407 4928 Ἂν
2443 4873 2552 4945 γὰρ
2590 4874 2867 4945 νήφωμεν,
2912 4873 3011 4926 οὐκ
3064 4871 3236 4942 ἰσχύει
3268 4870 3362 4924 τοῦ
3411 4870 3647 4939 πλησίον

2068 4963 2102 5034 ή
2144 4959 2313 5014 κακία
2360 4959 2460 5029 τῆς
2514 4957 2718 5029 ἀρετῆς
2763 4959 2908 5028 ήμᾶς
2963 4956 3213 5009 ἐκϐαλεῖν
3258 4955 3360 5023 τῆς
3406 4953 3633 5006 ἑαυτῶν.

2082 5045 2221 5099 Ἀλλ’
2263 5046 2364 5098 οὐκ
2418 5043 2612 5096 ἐκεῖνοι
2667 5041 2897 5095 τοιοῦτοι
2922 5056 2938 5072 ο
2995 5039 3130 5092 ἀλλά
3192 5037 3286 5090 καὶ
3340 5034 3636 5099 ἀπέδυσαν,

2070 5127 2165 5183 καὶ
2224 5124 2429 5179 ἀνελεῖν
2499 5121 2862 5194 ἐπεχείρησαν
2890 5123 2983 5174 καὶ
3049 5118 3364 5182 ὀνειδίζουσι
3418 5115 3479 5168 τὸ
3549 5117 3637 5168 ἐν-

2071 5208 2280 5274 ύπνιον,
2305 5206 2479 5260 καίτοι
2512 5205 2605 5258 καὶ
2627 5204 2831 5274 τροφὴν
2856 5204 2983 5272 παρ’
3015 5198 3179 5254 αὐτοῦ
3205 5196 3565 5266 κομισάμενοι
3588 5207 3634 5257 ο,

2070 5292 2165 5345 καὶ
2191 5290 2334 5361 ζωῆς
2362 5289 2456 5342 καί
2485 5286 2796 5357 ἐλευθερίας
2825 5285 2984 5339 αὐτὸν
3017 5281 3266 5334 ἐκϐαλεῖν
3299 5278 3635 5350 ἐπεχείρουν.

2069 5374 2179 5427 Καὶ
2229 5375 2278 5427 οἱ
2323 5373 2422 5440 μὲν
2464 5371 2682 5442 ἠσθιον,
2725 5369 2816 5421 τὸν
2863 5369 2921 5420 δὲ
2954 5364 3178 5432 ἀδελφὺν
3212 5362 3528 5434 περιεώρων
3579 5365 3640 5416 ἐν

2069 5456 2258 5522 λάκκῳ
2286 5453 2490 5525 γυμνὸν
2523 5450 2871 5525 ἐρριμμένον.
2894 5447 2958 5501 Τί
2986 5446 3190 5517 ταύτης
3217 5447 3324 5520 τῆς,
3347 5445 3663 5517 θηριωδίας,

2131 5594 2159 5635 ι’
2188 5593 2278 5642 Hic
2297 5590 2582 5653 μικρόψυχος
2608 5592 2685 5653 ξεί
2707 5582 3220 5653 ἱςαειιιιά-ιιεηὶτοειιε,
3263 5586 3316 5653 u_t
3349 5570 3670 5652 μικροψυχίανζ

2072 5658 2197 5718 ερυύ
2224 5642 2414 5709 Ρεὶτεέ,
2436 5642 2568 5705 ἄτα,
2592 5645 2828 5701 simultas,
2877 5647 3000 5718 sipql
3030 5645 3215 5718 pagsim
3250 5642 3636 5718 obggegxavi‘mu‘s.

2073 5703 2258 5780 ἰῦἱιιέπι
2300 5703 2641 5780 οπιιίοευροηο
2689 5707 2976 5780 ιριεκῐιοειτί
3004 5703 3269 5780 ﬁgam?“
3320 5703 3448 5779 Ε(ξίιί
3479 5703 3636 5780 Jm‘ayg

2381 5772 2402 5800 ⁸
2436 5760 2531 5818 Αιὶἶ
2583 5765 2744 5816 αὐτοῦ.
2815 5765 2900 5815 Ἀν
2944 5760 3096 5813 τοίνυν
3133 5760 3282 5812 ταῦτα
3329 5764 3411 5821 μή.
3477 5760 3501 5798 d
3538 5761 3639 5821 Alii

2070 5779 2309 5836 ἀμύνεται.
2381 5779 2402 5800 τ
2436 5779 2531 5818 Al“
2583 5779 2744 5816 αὐτου.
2820 5779 2900 5815 "Av
2944 5779 3096 5813 τοινυν
3133 5781 3282 5812 ταυτα
3329 5780 3411 5821 μη.
3477 5779 3501 5798 ιι
3536 5779 3639 5829 μω

2071 5836 2241 5890 τούτῳ.
2314 5832 2420 5884 °lla
2442 5831 2591 5882 Savil.
2626 5827 2724 5882 Alli
2749 5832 2801 5878 et
2824 5825 2993 5877 Morel.
3021 5827 3130 5890 παρ’
3166 5822 3309 5872 αὐτοῖν
3334 5838 3424 5870 που
3448 5822 3648 5879 ﬁctam:

2071 5853 2225 5899 τουτῳ
2233 5870 2241 5881 ι

2072 5913 2159 5948 νοι.
