4040 6172
393 314 498 369 389

390 439 519 498 quot
548 426 621 480 illi
651 419 934 478 homicidis
981 431 1088 471 non
1125 412 1466 468 immaniores
1495 407 1692 464 erant?
1714 406 1976 498 Eductam

393 497 578 592 postea
614 516 763 570 illum
794 511 938 566 mille
965 509 1226 563 mortibus
1257 503 1608 567 tradiderunt,
1643 499 1770 592 dum
1795 497 1978 592 vcndi-

392 590 585 667 derunt
610 605 850 661 barbaris
874 611 926 658 et
953 600 1080 656 feris
1108 596 1429 657 hominibus,
1488 593 1576 664 qui
1609 592 1674 646 ad
1721 590 1978 644 barbaros

394 697 883 771 proﬁciscebantur.
905 693 1100 747 Verum
1132 689 1222 743 ille
1249 686 1462 760 quando
1493 701 1586 740 rex
1611 684 1830 738 effectus
1870 691 1976 748 est,

395 809 498 850 non
523 791 683 847 modo
713 805 815 842 non
847 787 985 840 ultus
1008 784 1125 838 illos
1147 791 1250 848 est,
1279 780 1372 836 sed
1395 780 1555 834 etiam
1582 791 1610 830 a
1639 786 1859 844 peccato
1914 773 1979 826 il-

397 889 498 950 los,
526 890 782 954 quantum
813 882 865 932 in
894 880 1008 947 ipso
1029 884 1164 937 erat,
1197 873 1456 934 liberavit,
1479 871 1604 922 dum
1634 883 1747 920 rem
1776 874 1976 967 gestam

399 978 488 1033 Dei
541 972 926 1048 providentiam
978 966 1204 1028 vocavit,
1261 979 1369 1018 non
1414 962 1621 1015 illorqu
1665 962 1972 1059 nequitiam.

397 1072 524 1138 Quae
555 1082 681 1121 vero
710 1073 895 1119 contra
925 1062 1045 1115 illos
1073 1059 1195 1113 fecit
1215 1099 1228 1120 ,
1263 1072 1366 1109 non
1412 1051 1730 1107 ulciscenda:
1772 1050 1980 1147 injuri-ut

398 1137 597 1219 animo,
631 1155 723 1211 sed
749 1169 845 1224 pro
873 1154 1033 1205 fratre
1064 1150 1148 1204 illa
1173 1145 1462 1201 simulavit.
1494 1143 1683 1196 Postea
1724 1154 1852 1192 vero
1891 1137 1978 1190 ubi

399 1249 528 1302 vidit
549 1247 666 1300 illos
689 1245 906 1299 fratrem
936 1257 1091 1296 suum
1133 1236 1443 1297 defendere,
1478 1233 1646 1302 posita
1673 1231 1838 1294 larva,
1872 1237 1974 1282 sta-

402 1342 491 1396 tim
524 1340 846 1394 lamentatus
870 1342 971 1398 est,
1000 1331 1438 1399 amplexatusque
1466 1333 1546 1378 est
1581 1323 1718 1386 illos,
1753 1335 1815 1373 ac
1839 1319 1882 1372 si
1910 1317 1978 1371 ab

399 1435 476 1488 eis
498 1447 607 1486 mae
620 1445 682 1484 na
721 1425 974 1482 beneﬁcia
1008 1421 1322 1492 accepisset,
1345 1418 1433 1487 qui
1461 1432 1593 1485 pene
1615 1413 1681 1465 ah
1720 1411 1825 1465 illis
1851 1409 1976 1460 olim

401 1526 747 1592 interemptus
796 1520 967 1573 fuerat
997 1536 1009 1570 :
1042 1525 1201 1584 atque
1246 1511 1366 1566 illos
1396 1522 1583 1562 omnes
1606 1507 1662 1559 in
1689 1503 1978 1574 )Egyptum

399 1615 645 1678 deduxit,
679 1613 927 1681 tnilieque
973 1605 1242 1662 beneﬁciis
1289 1599 1598 1656 cumulavit.
1653 1597 1820 1664 Quam
1851 1605 1980 1660 ergo

1391 298 1450 354 IN
1489 295 1797 353 IOANNEM
1831 293 2062 349 IIODIIL.
2103 289 2312 348 LXXII.
2355 291 2422 345 al.
2464 289 2652 346 LXXI.

3572 301 3671 359 390

2087 403 2450 458 defensionem
2480 405 2810 472 habebimus,
2839 407 2928 479 qui
2959 417 3074 478 post
3123 410 3296 482 legem
3339 422 3393 469 et
3420 415 3669 484 gratiam,

2088 506 2206 565 post
2255 505 2456 552 tantum
2487 498 2837 570 philosOphiaa
2882 511 3246 572 augmentum,
3279 521 3346 562 ne
3377 507 3526 563 illum
3553 512 3671 580 qni-

2086 586 2208 640 dem
2238 588 2324 656 qui
2352 598 2473 643 ante
2519 590 2689 660 legem
2718 599 2772 644 et
2795 593 3018 660 gratiam
3052 593 3150 649 fuit
3194 595 3504 653 imitamur?
3553 602 3673 669 quis

2087 692 2186 731 nos
2211 692 2239 730 a
2271 678 2531 747 supplicio
2570 680 2806 735 eximet?
2831 682 2974 737 Nihil
3015 693 3093 739 est
3124 687 3289 754 enim,
3321 690 3504 760 utique
3540 692 3671 746 nihil

2086 768 2320 822 deterius
2369 769 2676 836 iniuriarum
2722 775 3000 826 memoria.
3049 775 3117 831 Et
3166 777 3268 832 hoc
3330 781 3668 837 manifestum

2087 859 2316 912 reddidit
2345 861 2391 914 is
2425 863 2513 931 qui
2543 861 2727 917 decem
2760 866 2922 919 millia
2967 868 3165 922 talenta
3195 870 3422 925 debebat
3451 871 3667 943 (Matth.

2089 947 2175 1002 18.
2220 948 2336 1018 24),
2371 951 2458 1018 qui
2511 953 2656 1019 prius
2685 953 2868 1008 debito
2892 957 3188 1021 absolutus,
3222 973 3406 1030 postea
3440 963 3506 1016 ad
3547 967 3661 1019 sol—

2087 1040 2320 1094 vendum
2364 1053 2579 1098 coactus
2610 1055 2721 1112 est;
2752 1047 3047 1114 absolutus,
3084 1066 3178 1120 per
3225 1053 3316 1108 Dei
3347 1057 3669 1111 misericor—

2087 1132 2260 1198 diam;
2281 1144 2496 1189 coaetus
2513 1152 2641 1192 vero
2662 1154 2757 1208 per
2773 1141 3040 1212 propriam
3061 1145 3373 1212 nequitiam,
3389 1149 3528 1218 quod
3551 1165 3672 1205 con-

2088 1237 2245 1278 si-rvo
2271 1239 2368 1279 suo
2394 1226 2630 1282 debitum
2673 1247 2775 1284 non
2811 1234 3097 1288 remiserit.
3123 1235 3325 1302 Quibus
3354 1242 3667 1309 perspectis,

2090 1317 2336 1384 proximo
2360 1330 2572 1388 peccata
2605 1322 2956 1391 dimittamus,
2984 1327 3090 1380 imo
3118 1328 3389 1385 beneﬁciis
3409 1332 3528 1386 ilios
3553 1351 3671 1402 pro-

2087 1423 2393 1474 sequamur,
2427 1421 2484 1463 ut
2509 1413 2926 1470 misericm-diam
2957 1417 3046 1472 Dei
3074 1434 3484 1488 consequamur,
3505 1427 3671 1494 gratia

2088 1508 2141 1550 et
2169 1499 2493 1568 benignitate
2522 1503 2730 1558 Domini
2773 1508 2940 1562 nostri
2983 1508 3110 1564 Iesu
3141 1511 3360 1580 Christi,
3385 1515 3469 1569 cui
3504 1517 3670 1588 gloria

2087 1599 2142 1642 et
2174 1590 2453 1660 imperium
2478 1595 2528 1648 in
2560 1597 2750 1650 smnia
2783 1600 3122 1656 seculorum.
3165 1603 3355 1659 Amen.

406 1729 3656 1770 Μ

1743 1790 2090 1856 HOMILIA
2134 1792 2242 1852 LX
2255 1795 2393 1856 ΧΠ.

405 1967 532 2021 (lar.
574 1965 660 2018 15.
701 1978 752 2016 v.
791 1960 878 2015 20.
925 1959 1124 2020 Amen,
1152 1969 1297 2006 amen
1329 1951 1444 2004 dico
1469 1947 1628 2012 uobis,
1677 1942 1760 2011 qui
1799 1934 1979 2004 accipit

475 2057 520 2109 si
542 2070 684 2124 quem
715 2053 893 2104 misero
915 2091 929 2112 ,
975 2064 1052 2101 me
1089 2045 1269 2114 accipit
1292 2059 1310 2096 :
1338 2041 1424 2112 qui
1451 2047 1616 2092 autem
1653 2051 1731 2089 me
1754 2033 1938 2101 accipit
1960 2069 1977 2095 ,

471 2146 654 2213 accipit
678 2159 786 2196 eum
810 2143 892 2212 qui
920 2157 998 2194 me
1025 2139 1178 2192 misit.
1680 2217 1688 2225 .

473 2239 522 2290 Ι.
558 2236 740 2305 lingua
787 2233 876 2288 Dei
921 2244 1126 2285 merces
1163 2227 1355 2282 collata
1398 2225 1460 2278 iis
1497 2223 1588 2292 qui
1635 2223 1821 2276 servos
1854 2233 1982 2274 suos

403 2329 577 2383 fovent
607 2338 658 2380 et
699 2323 959 2379 beneﬁcio
995 2321 1234 2376 afﬁciunt
1269 2362 1280 2382 ,
1315 2317 1543 2385 indeque
1589 2314 1787 2367 fructus
1827 2311 1980 2365 nobis

403 2417 737 2489 proveniunt.
769 2415 902 2469 Nam
937 2412 1035 2478 Qui
1060 2412 1234 2480 recipit
1276 2427 1359 2463 vos
1379 2451 1394 2474 ,
1442 2407 1644 2476 inquit,
1675 2421 1754 2458 me
1781 2403 1979 2470 recipit;

403 2520 448 2563 et
469 2512 550 2575 qui
580 2507 755 2576 recipit
785 2521 884 2568 me,
917 2504 1092 2572 recipit
1125 2519 1238 2556 eum
1286 2500 1371 2562 qui
1411 2499 1543 2550 misit
1585 2512 1678 2549 me.
1708 2493 1978 2550 Christum

402 2613 456 2655 et
491 2599 607 2668 ejus
635 2599 843 2652 Patrem
891 2595 1129 2664 recipere
1158 2633 1173 2658 ,
1203 2591 1326 2660 quid
1372 2589 1494 2642 huic
1537 2587 1713 2641 ofﬁcio
1742 2585 1977 2655 asqnipa-

403 2690 669 2746 randum?
717 2689 781 2742 Et
822 2702 943 2758 quae
982 2682 1363 2753 consequentia
1410 2681 1476 2734 ad
1525 2679 1664 2733 dicta
1691 2675 1979 2746 superius?

401 2781 523 2849 qltItI
555 2780 670 2834 haec
697 2793 981 2834 commune
1011 2776 1208 2830 habent
1236 2789 1356 2828 eum
1390 2773 1451 2825 iis
1479 2788 1597 2840 qua:
1626 2783 1783 2837 supra
1807 2768 1936 2822 dixit
1960 2808 1977 2833 ,

402 2872 542 2926 Beati
571 2872 727 2937 eritis,
753 2872 797 2926 si
825 2870 932 2922 licet:
962 2867 1176 2936 feceritis
1202 2882 1220 2919 :
1253 2865 1351 2930 Qui
1377 2863 1556 2931 recipit
1583 2860 1714 2914 vos?
1757 2857 1971 2928 Optime

403 2966 517 3018 lucc
559 2973 856 3017 consonant
891 2979 903 3014 :
936 2960 1057 3014 vide
1087 2968 1264 3013 autem
1311 2955 1598 3026 quomodo.
1631 2953 1762 3020 Quia
1790 2952 1978 3006 exituri

401 3065 590 3118 erant,
614 3062 668 3107 et
691 3052 870 3123 gravia
925 3050 1086 3103 multa
1132 3048 1334 3118 passuri
1367 3088 1381 3111 ,
1411 3046 1617 3100 duobus
1662 3045 1782 3097 illos
1809 3042 1981 3096 modis

401 3145 744 3200 consolatur:
775 3154 827 3199 et
849 3159 879 3197 a
911 3159 988 3209 se,
1017 3142 1162 3196 etab
1186 3141 1323 3195 aliis.
1349 3137 1402 3194 Si
1434 3136 1791 3208 philosophati
1821 3134 1983 3188 fueri-

404 3239 469 3291 tis
500 3280 512 3302 ,
545 3238 714 3307 inquit
743 3277 758 3303 ,
789 3237 1001 3306 meique
1026 3233 1337 3289 memoriam
1370 3229 1709 3286 scrvaveritis
1735 3271 1750 3295 ,
1779 3237 1834 3283 et
1862 3243 1980 3298 qua:

403 3344 588 3397 passus
630 3344 747 3382 sum
799 3337 853 3382 et
881 3342 1000 3397 quae
1045 3326 1146 3382 feci
1185 3325 1364 3379 omnia
1410 3332 1727 3386 versantes,
1776 3320 1981 3374 facilius

401 3434 668 3474 aerumnas
695 3419 899 3474 feretis.
931 3417 1111 3487 Neque
1149 3417 1251 3470 hoc
1294 3416 1466 3471 solum
1495 3413 1653 3469 modo
1674 3456 1690 3481 ,
1713 3413 1806 3467 sed
1837 3412 1978 3482 quod

402 3513 560 3565 etiam
589 3510 660 3564 ab
705 3510 955 3565 omnibus
991 3509 1157 3563 multa
1190 3506 1361 3561 ofﬁcia
1391 3506 1507 3560 sitis
1538 3504 1830 3573 accepturi.
1867 3503 1980 3558 Pri-

403 3618 550 3656 mum
577 3616 704 3655 vero
731 3600 1050 3670 significavit
1090 3613 1213 3653 cum
1247 3596 1382 3651 dixit
1416 3637 1431 3662 ,
1471 3595 1530 3650 Si
1573 3597 1683 3649 haec
1716 3594 1931 3665 feceritis
1962 3633 1980 3659 ,

402 3697 530 3749 beati
555 3695 726 3758 eritis;
747 3695 972 3748 alterum
1009 3707 1137 3746 vero
1161 3705 1283 3746 cum
1314 3689 1443 3743 dicit
1473 3731 1490 3756 ,
1533 3687 1634 3752 Qui
1654 3704 1739 3741 vos
1759 3687 1935 3754 recipit
1963 3725 1980 3753 ,

402 3804 482 3841 me
513 3787 706 3857 recipit.
737 3785 985 3840 Omnium
1026 3784 1223 3852 quippe
1251 3781 1442 3835 domos
1473 3779 1604 3848 ipsis
1627 3778 1876 3848 aperuit;
1907 3779 1982 3832 ita

404 3888 461 3933 ut
487 3894 550 3932 ex
599 3893 805 3932 morum
836 3877 1122 3948 probitate,
1151 3883 1206 3928 et
1230 3888 1298 3928 ex
1319 3872 1419 3925 sibi
1448 3884 1667 3940 operam
1698 3868 1982 3924 ferentium

403 3972 624 4025 caritate
667 3969 932 4038 duplicem
981 3966 1242 4021 haberent
1289 3961 1730 4018 consolationem.
1778 3959 1984 4017 Deinde

404 4071 683 4132 postquam
708 4061 821 4114 haec
843 4060 949 4114 illis
972 4058 1244 4128 praecepit,
1266 4065 1446 4125 utpote
1464 4064 1630 4109 totum
1652 4053 1834 4108 orbem
1863 4068 1985 4122 per-

405 4153 627 4217 vasnris,
679 4151 917 4220 cogitans
966 4149 1292 4219 proditorem
1339 4147 1422 4200 his
1476 4145 1713 4214 utrisque
1763 4144 1980 4212 privari,

406 4245 642 4313 nihilque
674 4244 860 4296 horum
890 4250 1340 4311 consequuturum
1380 4253 1530 4300 esse,
1579 4251 1750 4306 neque
1790 4250 1856 4289 ex
1888 4250 1984 4303 pa-

408 4334 588 4388 tientia
620 4333 671 4386 in
699 4331 988 4398 laboribus,
1023 4347 1193 4399 neque
1236 4345 1306 4383 ex
1338 4327 1739 4396 suscipientium
1770 4324 1983 4388 ofﬁciis,

412 4425 650 4478 turbatus
675 4433 757 4479 est
787 4437 1018 4477 rursum.
1049 4421 1200 4489 Quod
1219 4420 1526 4490 significans
1551 4417 1898 4486 evangelista,
1931 4424 1986 4471 et

409 4516 551 4568 illum
571 4515 692 4569 ideo
711 4513 978 4568 turbatum
1002 4512 1300 4573 declarans,
1317 4509 1531 4578 adjicit:
1554 4507 1645 4561 21.
1663 4507 1728 4560 Et
1744 4523 1856 4560 cum
1879 4507 1986 4560 [uec

409 4605 616 4657 dixisset
641 4602 811 4666 Iesus,
836 4602 1065 4655 turbatus
1091 4608 1162 4654 est
1190 4600 1391 4668 spiritu,
1426 4607 1474 4651 et
1497 4606 1800 4667 protestatus
1823 4606 1916 4660 est,
1941 4604 1986 4649 et

410 4697 536 4748 dixit
563 4713 584 4750 :
617 4695 760 4750 Unus
789 4711 851 4749 ea:
873 4693 1006 4748 vobis
1036 4710 1113 4746 me
1137 4693 1319 4745 tradet.
1351 4692 1542 4745 Iterunt
1566 4691 1814 4744 omnibus
1831 4690 1986 4743 timo-

412 4803 522 4843 rem
546 4789 760 4850 incutit,
779 4787 918 4857 quod
947 4802 1050 4839 non
1072 4786 1216 4838 illum
1238 4785 1547 4838 nominatim
1567 4781 1772 4837 efferat.
1801 4780 1881 4835 llli
1907 4796 1989 4834 ve-

407 4897 468 4936 ro
490 4882 629 4936 anxii
659 4890 780 4935 sunt
801 4879 1204 4948 (Ioau.l5.22),
1229 4880 1354 4933 licet
1375 4877 1568 4931 nullius
1591 4876 1690 4930 sibi
1712 4874 1836 4928 mali
1861 4888 1990 4928 con-

408 4974 687 5044 scii,quia
738 4973 932 5028 Christi
985 4971 1303 5026 sententiam
1356 4970 1601 5022 tutiorem
1654 4981 1810 5037 quam
1863 4980 1988 5019 suas

410 5069 551 5134 ipsas
597 5065 949 5134 cogitationes
995 5063 1278 5116 docebant.
1329 5061 1505 5128 Quare
1555 5074 1614 5114 se
1657 5070 1842 5113 mutuo
1891 5073 1991 5113 re—

412 5159 725 5228 spiciebant.
773 5155 922 5223 Quod
977 5155 1027 5207 in
1074 5168 1237 5206 ununt
1294 5151 1646 5219 proditionem
1699 5150 1989 5219 restringe-

413 5260 510 5313 ret,
545 5250 791 5302 timorem
817 5244 1118 5305 minuebat;
1150 5242 1290 5310 quod
1313 5241 1550 5304 adderet,
1581 5239 1723 5294 Unus
1743 5256 1806 5294 ea:
1831 5241 1988 5306 vobis,

411 5353 600 5392 omnes
636 5335 1005 5391 conturbabat.
1056 5332 1192 5399 Quid
1222 5329 1389 5398 ergo?
1428 5331 1527 5382 Alii
1556 5329 1767 5398 quidem
1804 5344 1992 5384 omnes

411 5446 470 5482 se
523 5439 704 5482 mutuo
743 5426 1068 5494 respiciunt;
1103 5423 1293 5477 Petrus
1338 5436 1466 5475 vero
1507 5434 1720 5488 semper
1758 5419 1988 5485 fervens,

415 5519 603 5575 .Ioanni
627 5517 815 5571 annuit
833 5514 996 5588 (Ibid.
1021 5514 1137 5584 24).
1167 5513 1299 5579 Quia
1319 5512 1460 5565 enim
1485 5510 1685 5578 pridem
1709 5521 1989 5579 correptus

419 5613 613 5675 fuerat,
639 5618 693 5664 et
714 5610 891 5664 lavare
920 5607 1184 5662 volentem
1212 5603 1543 5662 cohibuerat.
1562 5611 1616 5657 et
1633 5603 1827 5672 ubique
1849 5617 1992 5656 eom-

418 5713 565 5775 paret
583 5717 767 5758 amore
793 5699 1008 5766 audens,
1041 5697 1134 5754 sed
1167 5697 1486 5765 increpatur,
1507 5696 1626 5752 ideo
1655 5697 1866 5760 timens,
1893 5709 1985 5749 ne-

2086 1951 2190 2002 que
2215 1941 2447 2008 quievit,
2488 1960 2660 2016 neque
2691 1948 2939 2018 loquutus
2968 1962 3080 2014 est.
3125 1955 3221 2011 sed
3247 1957 3469 2015 Joannis
3509 1977 3671 2032 opera

2085 2030 2195 2084 vnit
2221 2031 2480 2088 ediscere.

2155 2120 2278 2188 Cur,
2308 2127 2501 2180 ceteris
2521 2130 2829 2198 timentibus,
2849 2132 3077 2192 Ioannes
3097 2138 3151 2192 in
3179 2141 3294 2193 sinu
3318 2140 3507 2197 Christi
3523 2163 3670 2200 recu-

2083 2210 2262 2266 bat.—
2283 2215 2408 2269 Illud
2440 2232 2600 2286 porro
2626 2225 2850 2290 qtuesitu
2880 2225 3096 2294 dignum
3124 2238 3238 2296 est,
3281 2247 3378 2286 cur
3423 2236 3671 2293 onmibos

2083 2306 2284 2370 anxiis,
2341 2310 2691 2379 timentibus,
2744 2317 3032 2386 coryphzro
3077 2332 3383 2390 metuente,
3435 2325 3669 2385 Joannes

2083 2399 2231 2465 quasi
2263 2401 2414 2456 laetus
2439 2403 2491 2457 in
2515 2405 2633 2459 sinu
2657 2407 2780 2462 Jesu
2814 2410 3069 2476 recubat;
3104 2428 3202 2468 nec
3229 2417 3445 2472 recubat
3473 2420 3667 2486 solum,

2085 2489 2178 2543 sed
2212 2491 2262 2544 in
2294 2503 2475 2561 pectus
2523 2497 2706 2551 incidit
2735 2519 2746 2551 :
2775 2515 2945 2570 neque
2974 2501 3077 2558 hoc
3103 2504 3276 2559 solum
3315 2510 3537 2575 qua-situ
3587 2513 3671 2565 di-

2084 2597 2244 2649 gnum
2273 2593 2374 2649 est,
2399 2586 2490 2639 scd
2517 2597 2568 2640 et
2600 2589 2740 2643 aliud
2765 2605 3124 2662 consequens.
3155 2595 3290 2663 Quid
3319 2599 3445 2652 illud
3469 2601 3494 2652 ?
3519 2601 3668 2666 Quod

2083 2669 2150 2726 de
2175 2687 2234 2726 se
2262 2673 2409 2738 dicit,
2446 2676 2604 2742 Quem
2633 2679 2869 2751 diligebat
2897 2681 3069 2738 Iesus.
3117 2683 3216 2740 Cur
3255 2704 3411 2741 nemo
3439 2691 3575 2744 aiius
3611 2693 3662 2745 id

2084 2764 2150 2820 de
2177 2781 2238 2822 se
2265 2765 2428 2832 dixit,
2458 2771 2699 2838 quamvis
2724 2774 2813 2827 alii
2845 2789 3056 2846 quoque
3095 2781 3439 2834 amarentur?
3471 2782 3666 2836 Verum

2085 2855 2171 2912 hic
2211 2858 2378 2928 magis
2407 2876 2566 2930 quam
2594 2863 2703 2917 alii.
2736 2866 2887 2932 Quod
2917 2869 2960 2921 si
3009 2870 3186 2924 nullus
3225 2872 3362 2926 alius
3393 2873 3492 2927 hoc
3521 2875 3585 2928 de
3611 2893 3670 2929 se

2083 2947 2241 3013 dixit,
2275 2948 2368 3003 sed
2399 2952 2512 3019 ipse
2540 2952 2705 3018 Solus,
2730 2955 2862 3010 nihil
2883 2958 3095 3012 mirum.
3125 2961 3237 3015 Hoc
3265 2962 3434 3032 ipsum
3469 2980 3667 3034 Oppor-

2087 3048 2214 3095 tuno
2241 3049 2481 3111 tempore
2515 3043 2641 3099 facit
2669 3047 2862 3103 Paulus
2890 3049 2972 3105 his
2999 3053 3175 3108 verbis
3208 3070 3224 3109 :
3256 3055 3378 3110 Scio
3416 3059 3667 3112 hominem

2083 3139 2200 3184 aute
2237 3148 2400 3188 annos
2444 3125 2823 3207 quatuordecim
2853 3140 2930 3212 (2.
2975 3139 3092 3198 Cor.
3122 3143 3208 3198 l2.
3239 3145 3311 3216 2).
3353 3150 3510 3216 Atqui
3564 3165 3667 3202 non

2084 3237 2279 3291 paucas
2306 3225 2438 3280 alias
2466 3229 2547 3281 sui
2586 3229 2767 3285 laudes
2803 3243 3161 3303 prosequutus
3187 3245 3288 3290 est.
3323 3239 3400 3290 An
3432 3249 3584 3306 putas
3616 3241 3666 3294 id

2085 3325 2271 3382 parum
2301 3330 2442 3383 esse,
2473 3319 2613 3387 quod
2649 3330 2706 3374 ut
2731 3322 2955 3389 audivit,
3001 3324 3223 3395 Sequere
3249 3345 3327 3381 me
3355 3329 3563 3399 (Matth.
3613 3332 3667 3386 4.

2081 3401 2175 3473 20)
2196 3445 2210 3467 ,
2259 3407 2437 3461 statim
2466 3410 2670 3464 relictis
2697 3413 2901 3467 retibus
2925 3424 2978 3469 et
3005 3427 3156 3485 patre
3177 3429 3433 3488 sequutus
3464 3422 3566 3487 sit,
3615 3433 3671 3476 et

2084 3493 2225 3562 quod
2254 3509 2375 3550 cum
2421 3497 2580 3552 Petro
2609 3501 2755 3555 solus
2784 3513 3088 3572 assumptus
3113 3507 3180 3559 sit
3209 3507 3260 3560 in
3286 3519 3522 3564 montem
3553 3511 3665 3581 (Id.

2087 3583 2173 3637 I7.
2204 3583 2280 3653 1),
2313 3594 2367 3640 et
2381 3602 2564 3641 rursus
2580 3604 2699 3643 cum
2727 3591 2777 3643 in
2795 3592 3012 3646 domum
3043 3595 3313 3665 ingressus
3332 3609 3416 3652 est
3437 3597 3583 3670 (Luc.
3611 3601 3664 3656 8.
3699 3666 3702 3668 η

2087 3671 2214 3745 51)?
2244 3673 2363 3744 Ipse
2413 3693 2544 3732 vero
2592 3693 2846 3748 quantum
2879 3684 3020 3739 Petri
3052 3689 3351 3744 encomium
3407 3696 3665 3760 narravit,

2088 3780 2186 3820 nec
2217 3768 2381 3822 tacuit
2408 3769 2607 3825 dixisse
2633 3772 2905 3829 Christum
2935 3777 3006 3830 illi
3038 3795 3050 3830 :
3078 3776 3252 3843 Patre,
3283 3797 3426 3836 amas
3447 3800 3525 3836 me
3553 3784 3668 3852 plus

2088 3858 2166 3913 Itis
2191 3857 2372 3930 (Ioau.
2396 3860 2487 3916 2L
2510 3862 2638 3935 l5)?
2665 3865 2730 3920 Et
2754 3867 2948 3938 ubique
2972 3870 3118 3924 illum
3150 3871 3446 3929 ferventem
3475 3884 3526 3930 et
3553 3879 3666 3930 sin-

2087 3963 2211 4006 cere
2258 3953 2357 4020 ipsi
2408 3953 2657 4010 aﬁ'ectum
2685 3957 2918 4014 exhibet.
2962 3961 3185 4026 Quando
3224 3973 3400 4018 autem
3433 3966 3666 4033 dicebat,

2091 4041 2192 4095 Hic
2235 4053 2397 4097 autem
2417 4047 2540 4116 quid
2570 4047 2731 4117 (Ibid.
2756 4067 2802 4103 υ.
2823 4051 2943 4119 21)?
2966 4069 3028 4106 ex
3062 4069 3247 4108 amore
3274 4072 3464 4124 magno
3485 4059 3562 4113 sic
3590 4060 3668 4114 Io-

2087 4134 2366 4201 quebatur.
2402 4136 2522 4190 Ideo
2562 4153 2720 4193 nemo
2755 4140 2889 4194 alius
2912 4142 3013 4196 hoc
3043 4143 3110 4198 de
3141 4145 3229 4196 illo
3253 4146 3380 4199 dixit
3404 4189 3416 4208 ,
3447 4149 3538 4202 sed
3572 4166 3665 4205 ne-

2088 4241 2191 4294 que
2219 4227 2329 4295 ipse
2358 4227 2590 4284 Joannes
2615 4230 2855 4295 dixisset,
2895 4233 2994 4286 nisi
3020 4235 3071 4286 in
3101 4234 3240 4288 hunc
3264 4236 3537 4292 incidisset
3579 4241 3660 4293 lo-

2089 4330 2230 4370 cum.
2250 4316 2379 4370 Nam
2411 4318 2455 4370 si
2483 4329 2760 4386 postquam
2801 4321 2931 4374 dixit
2971 4321 3185 4376 Petrum
3208 4327 3458 4380 annuisse
3479 4328 3670 4384 Joanni

2089 4417 2148 4461 ut
2179 4407 2552 4478 interrogaret,
2584 4411 2711 4464 nihil
2740 4411 3050 4478 addidisset,
3073 4429 3170 4468 nos
3197 4425 3343 4471 certe
3370 4418 3419 4470 in
3453 4420 3668 4474 dubium

2091 4505 2434 4572 coniecisset,
2467 4515 2522 4560 et
2543 4521 2757 4559 causam
2781 4507 3050 4576 inquirere
3070 4511 3337 4579 coegisset
3366 4529 3380 4565 :
3410 4511 3529 4567 ideo
3559 4514 3673 4583 ipse

2089 4595 2242 4650 affert
2275 4613 2286 4647 :
2319 4597 2565 4651 Recubuit
2595 4614 2745 4666 super
2772 4609 2945 4666 pectus
2982 4599 3128 4654 Iesu.
3164 4605 3244 4654 An
3273 4618 3458 4672 parum
3490 4616 3540 4660 te
3583 4608 3668 4662 di-

2090 4686 2284 4740 dicisse
2316 4697 2486 4756 putas,
2537 4704 2656 4742 cum
2699 4690 3006 4744 recubuisse
3033 4692 3206 4753 audis,
3254 4703 3308 4747 et
3348 4696 3490 4764 qttod
3527 4706 3671 4751 tanta

2091 4778 2230 4846 apud
2262 4778 2564 4847 Magistrum
2615 4781 2876 4834 frueretur
2908 4781 3137 4836 fiducia?
3181 4785 3236 4838 Si
3277 4802 3403 4840 vero
3453 4802 3668 4842 causam

2091 4873 2310 4938 ﬂllzlll’iS,
2341 4871 2390 4924 id
2417 4888 2480 4925 ex
2511 4888 2696 4927 amore
2727 4875 3069 4942 proveniebat
3101 4898 3114 4931 :
3145 4877 3264 4930 ideo
3281 4879 3375 4943 ait,
3400 4880 3556 4943 Quem
3585 4881 3668 4932 di-

2093 4959 2272 5031 ligebat
2295 4959 2464 5015 Iesus.
2496 4963 2605 5031 Ego
2633 4979 2756 5019 vero
2784 4978 2913 5034 puto
2935 4966 3078 5019 illum
3109 4968 3176 5020 ob
3199 4968 3354 5020 aliam
3383 4985 3599 5022 causam
3621 4972 3670 5024 id

2093 5051 2283 5107 fecisse
2306 5095 2320 5119 ,
2353 5065 2409 5106 ut
2429 5057 2738 5110 ostenderet
2775 5073 2834 5111 se
2863 5073 2892 5111 a
2915 5059 3137 5112 crimine
3168 5059 3422 5112 alienum.
3460 5061 3582 5114 Ideo
3605 5062 3662 5114 ft-

2093 5142 2283 5200 denter
2310 5146 2435 5214 agit.
2461 5145 2592 5200 Nam
2630 5164 2728 5202 cur
2754 5165 2857 5203 non
2888 5150 2992 5202 alio
3036 5151 3086 5201 in
3120 5149 3238 5202 Ioco
3275 5150 3325 5203 id
3357 5151 3519 5215 dicit,
3577 5156 3672 5208 sed

2095 5233 2348 5290 innttcttte
2374 5237 2698 5306 coryphzeo?
2727 5238 2802 5292 Ne
2835 5248 2987 5308 putes
3016 5240 3156 5291 enim
3191 5240 3288 5309 ipsi
3343 5242 3578 5297 immisse
3619 5257 3675 5299 ut

2095 5327 2305 5394 majori,
2336 5327 2411 5380 ait
2434 5343 2502 5380 ex
2549 5344 2729 5383 amore
2759 5331 2929 5382 multo
2971 5329 3019 5381 id
3062 5329 3354 5396 profectum
3395 5347 3536 5388 esse.
3570 5335 3678 5389 Cur

2095 5417 2148 5470 in
2179 5426 2361 5487 pectus
2388 5418 2584 5471 Christi
2613 5419 2834 5471 incidit?
2856 5417 3008 5482 Quod
3046 5418 3174 5471 nihil
3220 5421 3395 5475 adhuc
3426 5440 3676 5494 magnum

2095 5507 2160 5563 de
2183 5508 2274 5561 illo
2301 5507 2651 5575 Opinarentur
2681 5525 2693 5558 :
2728 5518 2984 5576 prastcrea
3016 5521 3303 5565 maerorem
3329 5513 3397 5566 ita
3423 5513 3675 5569 leniebat.

2097 5599 2396 5654 Verisimile
2423 5613 2650 5666 namque
2669 5607 2752 5653 est
2780 5599 2901 5654 illos
2921 5600 3069 5654 vultu
3091 5612 3313 5657 mmstos
3347 5603 3525 5659 fuisse.
3546 5606 3678 5661 Nam

2098 5691 2140 5744 si
2162 5690 2339 5744 animo
2361 5690 2560 5744 turbati
2591 5700 2762 5757 erant,
2795 5690 2964 5748 multo
3004 5693 3172 5765 magis
3201 5695 3370 5750 vultu.
3404 5697 3529 5750 Illos
3555 5695 3678 5752 lenit
