4040 6172
351 219 450 277 591

353 345 404 386 et
439 330 614 385 verbis
652 338 704 384 et
746 324 1183 394 interrogatione,
1212 323 1337 378 hinc
1365 323 1552 378 invitat
1578 320 1935 391 conceditquc

355 437 404 480 ut
433 426 484 478 iu
512 431 696 493 pectus
726 435 880 475 suum
913 417 1134 472 recidat.
1165 416 1295 471 Vide
1318 426 1496 470 autem
1523 431 1685 486 quam
1706 416 1775 483 sit
1801 415 1934 468 alie-

355 531 454 572 nus
483 532 510 566 a
535 514 691 569 fastu.
723 510 837 566 Non
860 509 988 564 dicit
1013 509 1210 579 quippe
1236 523 1451 568 nomen,
1486 506 1600 572 sed,
1632 506 1788 573 Quem
1816 505 1934 559 dili-

354 609 494 678 gebat
524 623 542 659 :
572 602 1033 673 Quemadmodum
1068 607 1124 656 et
1155 601 1347 654 Paulus
1393 615 1511 654 cum
1544 598 1778 664 diceret,
1816 595 1937 652 Scio

354 698 604 752 hominem
648 705 765 748 ante
790 711 952 747 annos
990 691 1390 761 quatuordecim.
1426 689 1575 744 Tunc
1603 699 1780 742 autem
1826 688 1936 757 pri-

354 803 502 842 mum
533 788 706 854 ipsum
737 783 978 840 COt-futat
997 783 1176 847 Jesus,
1199 796 1373 850 neque
1400 790 1574 834 tamen
1601 780 1935 843 nominatim;

352 880 448 936 sed
464 877 769 950 quomodo?
797 876 886 932 26.
918 874 1012 930 Cui
1034 891 1126 945 ego
1152 875 1416 926 intinctum
1445 889 1624 942 panem
1647 887 1932 941 porrexero.

352 971 538 1028 Modus
591 985 804 1040 quoque
872 967 1346 1036 reprehensionem
1400 964 1654 1019 aﬂ'erebat
1707 980 1720 1017 :
1767 978 1938 1031 neque

353 1066 496 1121 enim
524 1078 760 1119 mensam
794 1063 1053 1116 reveritus
1083 1069 1197 1119 est.
1250 1073 1369 1112 cum
1400 1056 1588 1111 eodem
1629 1064 1938 1111 vesceretur

354 1172 514 1227 pane.
551 1156 679 1208 Esto
699 1197 714 1221 ,
761 1168 868 1207 non
898 1151 1201 1207 cohibuerit
1230 1163 1427 1204 mensae
1475 1147 1838 1209 consortium;
1871 1147 1938 1201 ab

357 1265 425 1305 eo
445 1248 745 1304 buccellam
771 1246 921 1315 panis
949 1244 1192 1312 accipere
1213 1257 1368 1310 quem
1397 1255 1502 1295 non
1529 1239 1795 1294 ﬂexisset?
1819 1238 1934 1294 Non

353 1343 503 1396 illum
529 1351 692 1394 certe.
721 1338 1055 1406 Quapropter
1079 1334 1170 1388 27.
1203 1332 1347 1387 Tunc
1367 1343 1577 1386 satanas
1607 1333 1658 1385 in
1686 1332 1830 1386 illum
1858 1331 1938 1384 in-

353 1433 523 1496 travit,
565 1431 680 1500 ejus
723 1429 973 1484 deridens
1017 1426 1414 1495 impudentiam.
1449 1425 1626 1479 Donec
1673 1426 1725 1479 in
1770 1423 1937 1478 choro

353 1524 470 1586 fuit,
501 1538 606 1576 non
635 1536 794 1574 ausus
823 1527 904 1574 est
922 1517 1145 1588 ingredi,
1180 1516 1271 1571 sed
1300 1517 1640 1571 extrinsecus
1660 1531 1932 1585 oppugna-

350 1616 438 1670 bat
469 1633 482 1668 :
515 1622 791 1683 postquam
813 1625 939 1664 vero
967 1611 1138 1678 ipsum
1169 1607 1416 1661 Christus
1440 1607 1610 1676 palam
1631 1606 1757 1662 fecit
1777 1615 1933 1661 etse-

351 1704 606 1774 gregavit,
639 1702 806 1754 libere
826 1699 1040 1754 demum
1084 1699 1133 1751 in
1161 1697 1306 1752 illum
1338 1697 1558 1750 insiluit.
1591 1696 1771 1765 Neque
1792 1697 1933 1751 enim

353 1795 475 1848 talis
497 1807 618 1847 cum
644 1800 790 1845 esset
811 1790 929 1844 sine
955 1804 1049 1856 spe
1079 1787 1486 1848 emendationis.
1535 1787 1758 1842 decebat
1784 1788 1934 1842 illum

353 1883 531 1938 adlmc
553 1883 696 1936 intus
717 1894 956 1934 manere.
989 1877 1112 1932 Ideo
1135 1877 1292 1946 ejccil
1323 1878 1505 1941 illum,
1551 1888 1604 1932 et
1631 1887 1934 1947 separatum

353 1975 503 2030 illum
535 1982 748 2028 satanas
778 1969 991 2038 abripit,
1023 1968 1365 2038 dimissisque
1388 1968 1494 2021 illis
1517 1981 1674 2022 noctu
1707 1968 1720 1998 ‘
1751 1967 1936 2038 prodi-

357 2074 444 2119 tor
474 2062 715 2118 recessit.
739 2061 828 2115 27.
864 2057 997 2112 Dicit
1023 2059 1070 2112 ei
1113 2057 1284 2123 Iesus,
1305 2057 1496 2123 Amice,
1521 2058 1656 2125 quod
1680 2057 1937 2131 facis,lfac

351 2157 520 2211 citius.
547 2153 642 2210 28.
665 2153 777 2206 Hoc
806 2161 973 2205 autem
1001 2166 1143 2205 nemo
1160 2149 1302 2203 scivit
1323 2149 1762 2202 discumbentium.

426 2247 482 2302 2.
524 2246 706 2316 Papa»,
734 2252 989 2315 quantum
1021 2257 1184 2298 sensu
1213 2243 1360 2296 omni
1388 2241 1640 2297 carebat!
1667 2242 1939 2312 quomodo

352 2354 455 2397 non
489 2338 659 2394 llexus
692 2345 795 2396 est.
831 2350 930 2392 nec
966 2333 1215 2398 erubuit,
1247 2333 1342 2390 sed
1381 2332 1743 2404 impudentior
1769 2335 1938 2392 factus

352 2431 554 2488 exivit?
576 2429 707 2485 Illud
750 2436 951 2494 autem,
981 2425 1092 2482 Fac
1134 2427 1415 2494 citius,non
1445 2427 1757 2499 imperantis
1781 2471 1796 2496 ,
1838 2441 1939 2484 nec

353 2521 688 2579 consulentis
714 2529 835 2586 est;
867 2519 962 2575 sed
985 2517 1380 2588 exprobrantis,
1425 2526 1479 2572 et
1520 2519 1940 2574 demonstrantis

355 2629 415 2671 se
443 2623 630 2684 optare
659 2621 714 2666 ut
739 2611 1037 2679 resipiscat.
1067 2609 1174 2666 Sed
1203 2624 1326 2664 cum
1343 2609 1633 2664 obduratus
1662 2620 1824 2674 esset,
1853 2610 1942 2665 di-

360 2710 508 2764 misit
537 2723 686 2764 eum.
720 2705 789 2760 Et
809 2721 977 2773 nemo,
1007 2704 1200 2775 inquit,
1226 2704 1639 2758 discumbentium
1666 2704 1823 2758 novit.
1845 2703 1943 2760 llic

357 2815 548 2872 magna
575 2799 799 2870 quarstio
828 2797 1034 2852 moveri
1064 2795 1252 2866 possit,
1283 2811 1390 2866 quo
1420 2805 1576 2864 pacto
1605 2795 1943 2866 interrogau-

361 2893 504 2949 tibus
529 2889 831 2961 discipulis,
861 2889 980 2958 quis
1006 2894 1185 2953 esset,
1217 2886 1380 2951 dicit,
1412 2884 1510 2941 Cui
1556 2887 1821 2940 intinctam
1851 2903 1944 2956 pa.

358 3002 472 3041 nem
513 2999 814 3055 porrexero.
853 2994 1028 3051 neque
1054 2979 1154 3033 sic
1206 2977 1624 3042 intellexerunt;
1659 2979 1759 3032 nisi
1805 2978 1945 3034 forte

359 3079 496 3134 clam
519 3076 734 3137 dixerit,
757 3075 827 3128 ita
859 3083 915 3125 ut
959 3086 1118 3126 nemo
1148 3069 1374 3123 audiret.
1400 3069 1530 3122 Nam
1561 3068 1681 3124 ideo
1713 3068 1946 3124 Joannes

361 3183 522 3239 supra
551 3173 738 3235 pectus
767 3160 1107 3224 recumbens,
1136 3160 1203 3214 ad
1220 3175 1400 3213 aurem
1429 3158 1538 3213 fere
1560 3159 1945 3230 interrogabat,

364 3260 437 3314 ita
469 3267 525 3311 ut
555 3255 799 3328 proditor
827 3269 932 3308 non
965 3251 1136 3321 palam
1155 3250 1309 3306 fieret
1334 3269 1347 3304 :
1376 3260 1429 3306 et
1466 3250 1710 3307 Christus
1745 3252 1824 3306 sic
1864 3269 1950 3308 re-

362 3347 598 3420 spondit,
625 3355 812 3402 utnon
837 3341 1178 3400 manifestum
1207 3343 1352 3397 illum
1377 3341 1596 3397 laceret.
1628 3342 1949 3412 thuamvis

362 3456 484 3497 cum
514 3437 754 3507 emphasi
799 3434 956 3491 Jesus
982 3433 1176 3490 dixerit
1208 3449 1220 3485 :
1250 3433 1445 3500 Amice,
1500 3432 1634 3501 quod
1677 3434 1836 3503 facis,
1866 3437 1950 3505 {ac

363 3533 510 3586 citius
530 3546 548 3585 :
570 3530 642 3585 illi
662 3542 836 3599 neque
862 3528 942 3582 sic
961 3525 1353 3580 intellexerunt.
1383 3525 1493 3580 lloc
1520 3533 1698 3580 autem
1716 3525 1946 3592 dicebat,

364 3635 424 3680 ut
467 3621 778 3677 ostenderet
801 3635 865 3676 ea
896 3634 1015 3689 qua:
1042 3617 1244 3673 Iudaeis
1273 3617 1361 3671 ille
1389 3616 1457 3672 de
1493 3625 1668 3672 morte
1717 3617 1945 3680 dixerat,

365 3729 491 3771 vera
521 3727 674 3778 esse;
701 3725 896 3780 nempe
925 3728 938 3764 :
974 3708 1274 3763 Potestatem
1303 3709 1459 3763 habeo
1484 3711 1702 3778 ponendi
1727 3711 1950 3763 animum

363 3821 561 3871 meum,
598 3811 642 3858 et
686 3809 978 3872 potestatem
1003 3799 1160 3853 habeo
1194 3799 1373 3853 iterum
1402 3799 1634 3852 sumendi
1675 3815 1832 3865 eam;
1870 3808 1947 3866 et,

373 3895 536 3953 Nemo
575 3894 707 3949 tollit
743 3908 853 3948 eam
882 3907 914 3945 a
939 3907 1017 3945 me
1047 3889 1230 3961 (Joan.
1260 3889 1347 3944 10.
1378 3889 1485 3957 18).
1531 3889 1793 3956 Quamdiu
1823 3905 1951 3961 ergo

369 3990 604 4045 retinere
623 3985 810 4050 voluit,
835 3997 994 4039 nemo
1019 3993 1203 4038 contra
1225 3982 1426 4050 potuit;
1453 3997 1575 4037 cum
1597 3981 1838 4051 permisit
1857 3998 1952 4038 au-

375 4095 482 4140 tem
502 4123 519 4150 ,
562 4091 687 4137 tunc
715 4078 872 4134 facile
901 4075 1019 4132 fuit.
1052 4075 1179 4131 Haec
1204 4075 1362 4146 igitur
1401 4075 1580 4130 omnia
1606 4074 1953 4130 subindicans

367 4174 530 4239 dixit,
583 4169 734 4237 Quod
775 4169 923 4240 facis,
956 4170 1037 4239 fac
1065 4166 1214 4221 cilius
1239 4183 1258 4220 :
1295 4181 1468 4235 neque
1500 4175 1626 4221 tunc
1667 4163 1813 4220 illum
1851 4180 1952 4220 no-

369 4274 481 4320 tum
527 4262 672 4319 fecit.
713 4259 876 4315 Forte
900 4272 1130 4328 namque
1157 4256 1304 4313 illum
1341 4257 1789 4326 discerpsissent,
1815 4255 1954 4311 forte

372 4357 565 4412 Petrus
617 4350 922 4408 occidisset.
993 4348 1119 4404 Ideo
1166 4347 1220 4402 id
1283 4362 1442 4402 nemo
1503 4346 1952 4402 discumbentium

371 4447 540 4504 novit.
586 4442 747 4513 Quid,
779 4455 952 4510 neque
998 4438 1276 4495 Joannes?
1320 4437 1398 4493 Ne
1445 4437 1536 4492 ille
1561 4437 1814 4506 quidem:
1847 4451 1953 4492 non

373 4538 575 4609 potavit
600 4537 744 4591 enim
768 4531 1089 4601 discipulum
1128 4529 1180 4583 in
1211 4537 1411 4583 tantam
1444 4536 1830 4597 prorupturum
1862 4528 1956 4582 ini-

371 4631 653 4700 quitatem.
679 4624 814 4692 Quia
843 4621 983 4676 enim
1009 4619 1194 4691 procul
1221 4627 1373 4674 erant
1399 4634 1430 4672 a
1461 4626 1609 4672 tanto
1637 4619 1863 4683 scelere,
1888 4617 1957 4674 de

377 4721 500 4776 aliis
539 4717 673 4774 nihil
719 4713 1025 4782 huiusmodi
1092 4711 1350 4780 suspicari
1389 4719 1656 4780 poterant.
1711 4709 1780 4765 Ut
1827 4724 1957 4781 ergo

374 4813 522 4886 prius
549 4810 764 4866 dixerat
785 4804 910 4869 illis,
938 4803 1057 4858 Non
1084 4803 1148 4857 de
1173 4802 1403 4856 omnibus
1427 4802 1561 4868 dico,
1593 4812 1648 4857 et
1669 4801 1798 4856 nihil
1824 4816 1954 4872 ape-

373 4915 552 4966 ruerat
585 4921 604 4962 :
633 4904 712 4959 sic
754 4909 810 4956 et
840 4914 980 4953 nunc
1006 4897 1075 4953 de
1101 4896 1208 4951 alio
1241 4895 1342 4950 dici
1370 4904 1644 4967 putarunt.
1698 4895 1786 4951 30.
1831 4893 1958 4949 Erat

373 5009 542 5055 autem
556 5012 659 5052 nox
675 4990 880 5065 quando
896 4990 1066 5054 enavit,
1087 4988 1276 5055 inquit.
1296 4985 1404 5042 Cur
1423 4985 1552 5042 mihi
1575 4995 1782 5058 tempus
1800 4985 1959 5042 dicis?

375 5090 447 5149 Ut
471 5089 650 5147 discas
689 5085 808 5156 ejus
832 5079 1217 5154 petulantiam,
1249 5078 1404 5148 cujus
1433 5079 1689 5147 impetum
1729 5092 1798 5133 ne
1824 5085 1961 5134 tem-

372 5197 474 5254 pus
502 5179 716 5252 quidcm
739 5174 1000 5233 cohibuit.
1031 5171 1138 5229 Sed
1168 5186 1346 5242 neque
1376 5171 1477 5226 hoc
1496 5170 1642 5225 illum
1671 5171 1848 5240 palam
1883 5169 1962 5226 ie-

374 5273 468 5327 cit.
498 5270 578 5326 ltli
599 5269 758 5340 igitur
778 5275 925 5323 metu
945 5263 1148 5322 detenti
1167 5271 1223 5319 et
1250 5261 1536 5318 formidine
1553 5262 1740 5328 multa,
1775 5261 1959 5318 turba-

375 5363 594 5427 bantur,
612 5369 668 5417 et
685 5377 864 5418 veram
882 5360 1148 5416 dictorum
1170 5371 1387 5413 causam
1411 5370 1516 5412 non
1535 5364 1727 5411 norant
1747 5373 1761 5408 :
1781 5353 1960 5424 suspi-

378 5455 640 5510 cabantur
653 5451 944 5517 autem,.Ut
963 5451 1132 5521 egenis
1147 5448 1343 5520 aliquid
1367 5448 1508 5504 daret
1538 5446 1591 5518 (J
1598 5464 1717 5501 oon.
1739 5447 1829 5502 15.
1844 5445 1960 5516 29),

385 5537 486 5594 ista
511 5533 739 5590 dixisse.
769 5533 987 5588 Ilultam
1018 5534 1160 5590 enim
1187 5533 1409 5601 gerebat
1437 5546 1730 5602 pauperum
1756 5545 1961 5599 curam,

444 5647 460 5680 ⁸
497 5638 594 5697 Alii
618 5642 825 5704 habent,
850 5642 996 5703 foras,
1021 5641 1144 5699 loco.
1186 5649 1342 5692 noctu.

1009 213 1066 268 S.
1106 209 1381 268 JOANNIS
1418 207 1891 266 CIIRYSOSTOMI
1937 208 2254 266 AltClllEP.
2294 209 2822 270 CONSTANTINOP.

3521 212 3628 271 592

2052 330 2106 375 ιιι
2135 337 2232 375 nos
2261 322 2327 376 ad
2362 323 2592 395 idipsum
2629 334 2838 380 naviter
2865 327 3130 397 agendum
3168 329 3490 386 institueret.
3531 334 3634 389 Ne-

2045 429 2151 482 que
2185 414 2300 466 sine
2332 429 2490 467 causa
2535 415 2582 467 id
2619 415 2904 483 putabant;
2939 417 3024 468 illc
3053 431 3281 488 namque
3312 420 3517 476 loculos
3542 423 3629 476 ha-

2046 503 2200 557 bebat
2223 502 2402 573 (Joan.
2424 503 2509 558 l2.
2541 504 2616 576 6).
2637 507 2791 574 Atqui
2812 522 2970 560 nemo
2991 511 3265 576 pecuniam
3294 510 3392 580 ipsi
3419 511 3634 570 dedisse

2048 603 2291 647 narratur
2317 613 2330 648 ;
2362 611 2544 648 verum
2568 596 2709 664 quod
2744 596 3016 664 discipula:
3048 614 3112 651 ex
3141 598 3295 653 bonis
3318 602 3430 654 suis
3462 601 3527 655 ad
3557 604 3631 655 vi-

2044 696 2187 736 ctum
2213 685 2512 738 necessaria
2535 685 2634 754 ipsi
2661 686 3104 755 suppeditabant;
3131 687 3229 742 hoc
3259 689 3344 744 ille
3370 707 3630 761 nusquam

2046 775 2124 830 vel
2160 774 2532 829 subindicavit.

2119 866 2219 920 Cur
2250 866 2476 921 Christus
2504 867 2696 921 loculos
2723 868 2969 923 habuerit.
3014 868 3234 924 Peccata
3275 873 3492 928 oliorum
3525 890 3626 928 non

2043 960 2331 1013 revelanda.
2357 991 2427 1000 —
2451 958 2557 1014 Cur
2587 976 2745 1029 porro
2777 961 2819 1015 is
2841 962 2929 1032 qui
2956 960 3125 1031 jubet,
3154 979 3255 1019 nec
3285 981 3466 1033 peram
3488 1007 3501 1030 ,
3531 981 3630 1022 ne-

2043 1070 2146 1123 que
2167 1071 2262 1121 :es,
2292 1072 2462 1124 neque
2487 1056 2734 1110 baculum
2762 1055 2910 1121 ferri,
2942 1056 3148 1111 loculos
3175 1058 3375 1113 ferebat
3408 1061 3471 1114 ad
3503 1077 3622 1129 pau-

2045 1162 2228 1216 perum
2256 1148 2645 1203 ministerium?
2689 1148 2756 1204 Ut
2779 1149 2954 1204 discas
2979 1151 3062 1204 vel
3095 1165 3216 1206 eum
3244 1153 3332 1222 qui
3371 1154 3498 1207 nihil
3531 1154 3617 1208 ha-

2043 1237 2166 1293 beat
2206 1247 2261 1293 et
2300 1254 2512 1294 crucem
2560 1248 2772 1308 portet,
2819 1239 2956 1295 hanc
2999 1241 3230 1297 maxime
3281 1257 3392 1297 rem
3438 1258 3629 1298 curare

2043 1340 2310 1398 oportere.
2336 1331 2495 1385 Multa
2520 1331 2660 1385 enim
2685 1329 2932 1397 faciebat,
2955 1340 3010 1386 ut
3036 1347 3136 1388 nos
3161 1333 3480 1390 institueret.
3516 1335 3627 1390 lloc

2045 1423 2202 1493 igitur
2229 1422 2412 1478 Jesum
2439 1423 2638 1481 dixisse
2667 1431 2919 1493 putarunt
2947 1422 3192 1494 discipuli
3219 1467 3235 1488 ,
3267 1435 3324 1479 ut
3353 1429 3624 1496 quidpiam

2043 1512 2360 1582 pauperibus
2407 1513 2642 1568 daretur.
2693 1513 2878 1584 Neque
2925 1523 3101 1570 tamen
3151 1514 3251 1570 hoc
3295 1515 3619 1585 proditorem

2041 1602 2188 1658 ﬂexit
2207 1644 2220 1669 ,
2257 1603 2397 1674 quod
2426 1604 2492 1658 ad
2521 1604 2758 1658 ultimam
2791 1619 2959 1675 usque
2987 1604 3126 1661 diem
3161 1605 3310 1686 illum
3341 1607 3622 1663 traducere

2041 1704 2094 1749 et
2115 1704 2298 1750 notum
2323 1694 2496 1750 facere
2518 1695 2766 1750 noluerit.
2792 1695 2905 1750 Hoc
2932 1705 2986 1752 et
3013 1690 3166 1752 nobis
3191 1713 3403 1768 quoque
3430 1698 3620 1754 facien-

2041 1788 2166 1843 dum
2189 1799 2270 1844 est
2290 1806 2303 1841 :
2323 1790 2781 1845 contubernalium
2807 1799 3022 1858 peccata
3046 1805 3150 1846 non
3173 1792 3456 1848 revelanda
3480 1803 3623 1862 sunt,

2040 1879 2247 1933 etiamsi
2279 1879 2590 1934 incurabilia
2629 1880 2754 1935 sint.
2800 1881 3010 1936 Etenim
3050 1892 3233 1951 postea
3263 1884 3361 1954 ipsi
3389 1884 3454 1940 ad
3497 1901 3626 1955 pro-

2040 1970 2274 2025 dendum
2314 1971 2583 2027 accedenti
2629 1974 2870 2028 osculum
2911 1973 3089 2041 dedit,
3121 1990 3184 2031 ac
3233 1991 3346 2032 rem
3390 1979 3626 2047 suscepit

2043 2072 2239 2117 tantam
2261 2104 2276 2128 ,
2304 2078 2422 2119 cum
2453 2063 2517 2119 ad
2549 2064 2706 2135 longe
2743 2063 3214 2123 formidabiliorem
3257 2077 3532 2138 pergeret,
3560 2070 3626 2125 ad

2042 2171 2252 2210 crucem
2297 2172 2517 2226 nempe,
2568 2167 2622 2213 et
2668 2167 2894 2213 mortem
2942 2143 3628 2229 ignominiosissimamzac

2042 2263 2254 2302 rursum
2284 2247 2391 2303 illic
2420 2247 2797 2318 benignitatem
2825 2265 2974 2304 suam
3008 2249 3341 2305 ostendebat.
3373 2251 3468 2306 llic
3499 2269 3629 2308 vero

2043 2355 2155 2394 rem
2202 2338 2345 2392 illam
2389 2339 2612 2409 gloriam
2644 2349 2814 2407 vocat,
2857 2339 3058 2395 docens
3102 2339 3233 2395 nihil
3277 2341 3412 2397 adeo
3452 2351 3626 2413 turpe,

2044 2429 2178 2484 adeo
2205 2430 2615 2500 ignominiosum
2638 2445 2777 2495 esse,
2807 2429 2948 2500 quod
2976 2447 3080 2485 non
3113 2432 3394 2488 clariorem
3419 2435 3626 2501 reddat,

2044 2523 2258 2592 quando
2299 2521 2591 2578 secundum
2634 2523 2798 2577 Deum
2842 2522 3089 2578 efﬁcitur.
3137 2523 3424 2595 Postquam
3471 2526 3630 2597 igitur

2045 2614 2248 2668 exierat
2275 2613 2440 2669 Judas
2470 2612 2534 2668 ad
2563 2613 2891 2684 prodendum
2918 2646 2933 2679 ,-
2964 2615 3094 2670 dicit
3126 2632 3141 2670 :
3169 2617 3258 2672 51.
3291 2615 3448 2672 Nunc
3471 2620 3628 2673 clari-

2046 2705 2227 2773 ﬁcatus
2263 2713 2334 2758 est
2375 2701 2544 2757 Filius
2586 2705 2804 2758 hominis
2828 2721 2847 2758 :
2879 2704 3003 2759 hinc
3036 2705 3216 2776 lapsos
3245 2707 3628 2778 discipulorum

2046 2795 2257 2850 animos
2282 2796 2512 2865 erigens,
2543 2794 2880 2866 suadensque
2928 2804 2984 2849 ut
3027 2811 3133 2851 non
3179 2797 3339 2853 modo
3383 2815 3488 2854 non
3533 2801 3630 2854 tri—

2048 2895 2272 2950 stcntur,
2297 2885 2389 2940 sed
2417 2885 2575 2940 etiam
2601 2885 2883 2956 gaudeant.
2916 2886 3040 2941 Ideo
3072 2887 3282 2942 Petrum
3315 2903 3342 2941 a
3370 2889 3632 2958 principio

2050 2977 2362 3046 increpavit.
2411 2975 2540 3030 Nam
2589 2976 2730 3046 quod
2775 2986 2946 3032 morte
2987 2978 3106 3048 quis
3153 2991 3375 3033 mortem
3425 2978 3624 3044 vincat,

2048 3069 2213 3139 gloria
2245 3076 2328 3122 est
2367 3082 2574 3137 magna.
2611 3066 2678 3121 Et
2719 3067 2820 3122 hoc
2849 3077 2930 3123 est
2958 3068 3100 3140 quod
3130 3069 3218 3124 ille
3243 3067 3310 3124 de
3339 3068 3516 3138 seipso
3538 3068 3623 3124 di-

2049 3161 2122 3215 cit
2145 3176 2157 3212 :
2182 3158 2308 3214 Cum
2336 3159 2584 3213 exaltatus
2611 3163 2776 3230 fuero,
2801 3169 2918 3214 tunc
2938 3160 3248 3232 cognoscetis
3266 3162 3384 3232 quia
3407 3177 3498 3232 ego
3519 3178 3633 3215 sum

2053 3249 2244 3324 (Joan.
2274 3251 2327 3306 8.
2360 3249 2453 3306 28.
2495 3251 2581 3306 12.
2616 3251 2687 3307 55
2711 3250 2760 3320 );
2790 3263 2845 3306 et
2872 3267 3084 3307 rursum
3109 3293 3127 3321 ,
3162 3252 3356 3308 Soluite
3393 3252 3636 3322 templum

2053 3343 2148 3396 hoc
2178 3341 2373 3412 (Joan.
2405 3340 2461 3396 2.
2493 3341 2557 3397 l9
2579 3343 2628 3412 );
2665 3343 2980 3412 iterumque,
3011 3343 3230 3414 Signum
3260 3359 3360 3397 non
3390 3343 3595 3397 dabitur
3617 3385 3634 3411 ,

2052 3438 2152 3493 nisi
2179 3438 2375 3508 signum
2400 3437 2552 3493 lanae
2580 3437 2742 3511 (Luc.
2775 3440 2863 3493 ll.
2884 3438 3011 3512 29).
3054 3439 3334 3507 Quomodo
3362 3441 3505 3496 enim
3532 3456 3635 3496 non

2051 3529 2218 3598 gloria
2243 3529 2310 3584 sit
2340 3530 2566 3584 maxima
2593 3570 2608 3594 ,
2650 3539 2767 3599 post
2798 3539 3024 3585 mortem
3055 3530 3258 3600 majora
3289 3545 3448 3601 posse
3475 3545 3636 3602 quam

2052 3628 2177 3676 ante
2215 3619 2484 3676 mortem?
2521 3619 2594 3676 Ut
2628 3619 2769 3676 enim
2801 3621 3120 3676 resurrectio
3147 3620 3493 3686 crederetur,
3522 3635 3635 3674 ma.

2048 3715 2169 3783 jora
2211 3712 2384 3769 fecere
2417 3713 2681 3783 discipuli.
2714 3711 2769 3768 Si
2797 3713 2941 3769 enim
2977 3727 3083 3769 non
3115 3714 3368 3782 vixisset,
3409 3723 3463 3769 et
3502 3713 3640 3768 Deus

2055 3819 2162 3859 non
2197 3804 2381 3859 fuisset
2403 3845 2420 3869 ,
2449 3803 2717 3874 quomodo
2745 3803 2798 3857 hi
2823 3803 2876 3858 in
2903 3804 3120 3860 nomine
3159 3802 3276 3874 ejus
3307 3813 3449 3859 tanta
3479 3803 3637 3859 fecis-

2055 3895 2208 3950 sent?
2237 3895 2324 3951 52.
2348 3893 2414 3948 Et
2437 3894 2572 3948 Deus
2600 3894 2898 3965 clariﬁcabit
2922 3911 3057 3951 eum.
3083 3895 3219 3964 Quid
3245 3906 3347 3962 est,
3371 3895 3512 3951 Deus
3533 3896 3642 3950 cla-

2054 3990 2273 4059 riﬁcabit
2294 4004 2408 4041 eum
2427 3987 2481 4042 in
2505 3988 2670 4057 seipso
2686 3989 2712 4042 ?
2740 3987 2853 4044 Hoc
2879 3997 2983 4056 est,
3014 4003 3108 4060 per
3126 3989 3384 4059 seipsum,
3417 4005 3522 4044 non
3548 4004 3641 4060 per

2055 4081 2239 4136 alimn.
2286 4078 2356 4133 Et
2395 4080 2568 4134 statim
2607 4078 2905 4148 clariﬁcabit
2941 4095 3054 4133 eum
3073 4094 3094 4145 ,'
3124 4079 3174 4133 id
3202 4088 3304 4142 est,
3331 4079 3490 4134 simul
3515 4093 3638 4134 cum

2055 4188 2215 4231 cruce
2265 4173 2382 4230 Non
2411 4181 2528 4244 post
2560 4173 2773 4243 longum
2799 4182 3029 4244 tempus,
3062 4173 3252 4244 inquit,
3282 4187 3382 4230 nec
3404 4174 3493 4228 diu
3521 4181 3644 4243 post

2057 4266 2503 4322 resurrectionem
2536 4266 2684 4320 illum
2713 4266 2898 4322 reddet
2916 4266 3285 4336 Splendidutn;
3326 4266 3420 4322 sed
3462 4267 3641 4322 statim

2059 4358 2112 4412 in
2145 4359 2256 4427 ipsa
2285 4371 2443 4413 cruce
2461 4357 2765 4428 conspicuae
2793 4371 2881 4413 res
2904 4357 3254 4427 apparebunt.
3289 4357 3383 4412 Sol
3413 4371 3643 4427 namque

2057 4449 2370 4504 obscuratus
2411 4449 2555 4512 est‘,
2596 4457 2759 4517 petra:
2801 4447 2983 4503 scissa:
3027 4455 3169 4514 sunt,
3210 4447 3387 4504 velum
3431 4461 3644 4518 quoque

2059 4540 2284 4594 scissum
2307 4548 2406 4604 est,
2436 4537 2599 4593 multa
2620 4553 2841 4608 corpora
2868 4547 3169 4594 sanctorum
3200 4539 3289 4610 qui
3316 4539 3644 4594 dormierant

2060 4630 2308 4685 suscitata
2357 4638 2479 4685 sunt
2508 4647 2523 4684 :
2553 4629 2852 4698 sepulcrum
2877 4629 3146 4699 signacula
3177 4629 3426 4697 habebat,
3460 4638 3644 4684 custo-

2059 4721 2158 4777 des
2181 4719 2509 4786 assidebant,
2531 4729 2587 4774 et
2612 4735 2732 4774 cum
2764 4719 2899 4790 lapis
2926 4721 3138 4792 corpori
3167 4722 3536 4790 superpositus
3561 4736 3647 4776 ese

2063 4822 2166 4879 set,
2207 4826 2404 4881 corpus
2445 4811 2684 4867 surrexit
2716 4829 2728 4866 :
2755 4821 2875 4881 post
2902 4812 3244 4884 quadraginta
3275 4812 3391 4870 dies
3418 4814 3648 4884 Spiritus

2063 4907 2217 4961 datus
2239 4913 2340 4969 est,
2363 4912 2418 4959 et
2442 4905 2619 4960 statim
2647 4919 2838 4961 omnes
2864 4905 3014 4960 illum
3046 4907 3403 4977 praedicarunt
3432 4907 3647 4977 (Matth.

2061 4997 2153 5052 27.
2199 4997 2287 5052 5L
2323 5011 2435 5067 sqq.
2483 4994 2610 5050 Luc.
2652 4995 2741 5050 25.
2770 4996 2900 5068 45).
2948 4996 3063 5053 Hoc
3108 5006 3192 5054 est
3235 4998 3401 5066 illud,
3437 4997 3648 5067 Gloriﬁ-

2063 5088 2197 5142 cabit
2221 5087 2368 5142 illum
2392 5087 2446 5140 in
2471 5089 2670 5157 seipse,
2702 5095 2748 5140 et
2780 5086 2947 5140 statim
2986 5087 3290 5158 gloriﬁcabit
3330 5089 3476 5144 illum
3499 5105 3518 5143 :
3546 5103 3654 5142 non

2064 5194 2161 5250 per
2183 5179 2402 5248 angelos
2426 5185 2480 5232 et
2507 5177 2858 5247 archangelos
2881 5218 2897 5243 ,
2927 5193 3033 5232 non
3060 5193 3157 5248 per
3181 5178 3337 5232 aliam
3365 5179 3652 5248 quamdam

2067 5271 2403 5336 potestatem,
2431 5263 2524 5318 sed
2553 5279 2645 5332 per
2667 5265 2923 5332 seipsum.

2137 5348 2188 5402 5.
2226 5346 2505 5416 Quomodo
2542 5347 2853 5402 clarilicavit
2891 5361 2986 5417 per
3022 5348 3298 5418 seipsum’?
3339 5347 3528 5404 Omnia
3573 5348 3651 5402 fa-

2069 5439 2258 5496 ciendo
2286 5438 2351 5492 ad
2378 5438 2598 5510 gloriam
2631 5436 2767 5491 Filii.
2802 5439 2959 5508 Atqui
2986 5440 3164 5495 omnia
3194 5439 3360 5494 Filius
3389 5439 3532 5495 fecit.
3567 5439 3657 5493 Vi-

2071 5529 2192 5584 deu’
2215 5530 2384 5598 ipsum
2407 5541 2569 5598 Opera
2595 5528 2710 5583 Filii
2739 5528 2805 5583 ad
2833 5529 3044 5585 Patrem
3069 5530 3307 5586 referre’
3335 5531 3424 5587 55.
3453 5529 3655 5588 Filioli.

2143 5642 2156 5672 ί
2185 5639 2279 5690 Alii
2304 5637 2492 5702 legunt,
2517 5640 2678 5692 radios
2701 5641 2889 5702 avertit,
2916 5641 3036 5702 loco,
3058 5645 3336 5693 obscuratus
3358 5648 3446 5693 est.
