4040 6172
395 319 500 376 393

381 449 479 499 με.
525 432 621 486 καὶ
648 430 840 499 καθὼς
865 428 1037 486 εἷπον
1075 433 1199 499 τοῖς
1247 435 1579 503 Ἰουδαίοις,
1625 436 1712 490 ὅτι
1762 436 1955 489 ’Ὅπου

387 514 592 583 ὑπάγω
626 512 758 582 ἐγὼ,
794 513 963 582 ὑμεῖς
987 516 1059 568 οὐ
1100 515 1364 570 δύνασθε
1401 517 1635 571 ἐλθεῒνο
1679 516 1778 571 καί
1812 516 1950 586 ὑμῖν

389 595 540 663 λέγω
569 594 719 662 ἄρτι.
756 595 1016 666 ’Δρχεται
1047 596 1234 650 λοιπὸν
1267 598 1374 652 τῶν
1418 597 1676 671 λυπηρῶν
1716 599 1852 669 μετά
1897 597 1958 651 τὸ

388 678 617 731 δεῖπνον.
643 679 770 731 Ὅτε
813 680 922 748 γὰρ
961 679 1162 744 Ἰούδας
1207 679 1448 751 ἐξῆλθεν,
1482 683 1583 735 οὐκ
1630 681 1711 734 ἔτι
1753 681 1960 752 ἑσπέρα

389 754 478 832 ἧν,
513 761 647 814 ἀλλά
680 759 796 826 νύξ.
852 763 1067 834 Ἐπειδὴ
1117 763 1224 832 1&9
1256 763 1478 833 ἔμελλον
1510 764 1704 834 μικρὸν
1738 763 1962 832 ὕστερον

391 843 802 913 ἐπιστήσεσθαι,
854 845 961 897 ἔδει
1010 845 1183 897 πάντα
1223 845 1708 916 παρακαταθέσθαι
1757 845 1960 906 αὐτοῖς,

391 924 531 978 ὥστε
567 925 710 995 ἔχειν
741 928 792 980 ἐν
851 929 1036 998 μνήμῃ
1057 945 1070 958 ·
1113 928 1311 998 μᾶλλον
1340 929 1394 981 δὲ
1427 929 1486 981 τὸ
1528 928 1749 999 Πνεῦμα
1791 929 1964 981 πάντα

393 1008 588 1070 αὐτοὺς
618 1008 890 1079 ἀνέμνησε
927 1021 975 1062 ι.
1013 1009 1188 1063 Πολλά
1237 1010 1346 1082 1&9
1394 1011 1560 1074 εἰκὸς,
1602 1010 1696 1064 ἆτε
1747 1010 1962 1081 πρῶτον

393 1091 514 1142 τότε
539 1090 856 1154 ἀκούοντας,
885 1091 980 1144 καὶ
1009 1091 1282 1156 τοιούτους
1311 1093 1603 1163 μέλλοντας
1627 1092 1962 1163 πειρασμοὺς

395 1173 703 1244 ὑπομένειν,
723 1175 1046 1228 ἀποϐάλλειν
1071 1176 1284 1240 αὐτούς.
1305 1177 1365 1250 Οἰ
1388 1177 1495 1247 1&9
1517 1175 1648 1246 πρὸς
1673 1175 1835 1228 ὕπνον
1867 1192 1964 1228 κα·

397 1255 776 1327 ταφερόμενοι,
810 1256 988 1318 καθὼς
1015 1259 1107 1310 καὶ
1132 1257 1316 1329 ἕτερός
1363 1275 1526 1329 φησιν
1555 1257 1962 1326 εὐαγγελιστὴς,

402 1339 498 1393 καὶ
548 1339 756 1409 ἀθυμίᾳ
805 1339 1173 1408 συνεχόμενοι,
1214 1341 1396 1404 καθὼς
1443 1341 1538 1394 καὶ
1583 1341 1744 1404 αὐτὸς
1783 1342 1811 1392 ὁ
1841 1339 1964 1408 Χρι-

401 1422 523 1484 στὸς
548 1422 722 1489 λέγει’
783 1422 943 1476 Ἀλλ’
994 1422 1082 1475 ὅτι
1123 1423 1307 1476 ταῦτα
1355 1423 1671 1490 λελάληκα
1716 1423 1876 1489 ὑμῖν,
1925 1423 1963 1490 ἡ

395 1506 560 1571 λύπη
608 1502 1001 1572 πεπλήρωκεν
1045 1503 1212 1573 ὑμῶν
1260 1505 1376 1571 τὴν
1413 1507 1690 1573 καρδίαν·
1743 1505 1860 1568 πῶς
1900 1505 1966 1557 ἂν

397 1585 567 1638 ταῦτα
612 1587 788 1639 πάντα
850 1585 1112 1655 κατέσχον
1165 1587 1438 1658 ἀκριϐῶς;
1495 1589 1561 1640 Τί
1618 1588 1818 1659 δήποτε
1874 1582 1965 1639 οὖν

398 1669 646 1736 ἐλέγετο;
701 1670 775 1722 Οὐ
831 1669 1026 1742 μικρὸν
1064 1671 1248 1733 αὐτοῖς
1281 1671 1488 1738 ἐγίνετο
1537 1671 1725 1742 κέρδος
1759 1671 1838 1733 εἰς
1867 1671 1966 1739 τὴν

399 1687 646 1736 ελεγετος
701 1687 775 1722 υυ
831 1687 929 1740 μικ
969 1687 1026 1722 ον
1064 1687 1248 1733 αυτοις
1281 1687 1488 1738 εγινετο
1537 1687 1725 1742 κεροος
1759 1687 1838 1733 εις
1867 1687 1966 1739 την

399 1751 636 1824 Χριστοῦ
676 1753 856 1820 δόξαν,
889 1687 966 1806 τό)
987 1753 1174 1820 σαφῶς
1212 1753 1410 1808 εἰδέναι
1448 1756 1585 1825 μετά
1617 1754 1789 1808 ταῦτα
1836 1755 1968 1807 ὐπο-

405 1834 896 1905 μιμνησκομένους,
945 1835 1024 1887 ὅτι
1076 1836 1248 1888 ταῦτα
1279 1836 1444 1890 πάλαι
1493 1837 1788 1906 ἀκηκοότες
1827 1833 1966 1908 ἦσαν

403 1917 553 1986 παρά
575 1915 667 1969 τοῦ
709 1915 965 1988 Χριστοῦ.
1015 1917 1172 1981 Τίνος
1210 1918 1267 1970 δὲ
1315 1918 1499 1973 ἕνεκεν
1533 1917 1966 1990 προκαταϐάλλει

401 1999 579 2052 αὐτῶν
607 1999 704 2070 τὴν
732 1999 932 2070 ψυχὴν,
954 2000 1147 2069 λέγων,
1175 2002 1303 2055 Ἔτι
1339 2003 1558 2070 μικρὸν
1594 2002 1816 2071 χρόνον
1836 2001 1966 2070 μεθ’

402 2083 568 2150 ὐμῶν
586 2086 701 2152 εἰμι
718 2099 738 2147 ,'
758 2084 881 2147 Τοῖς
901 2083 998 2153 μὲν
1025 2082 1133 2155 1&9
1163 2083 1434 2148 Ἰουδαίοις
1459 2085 1682 2148 εἰκότως
1713 2084 1932 2152 ἐλέγετο
1949 2099 1962 2113 ο

399 2167 546 2236 ἡμᾶς
567 2165 621 2219 δέ
639 2164 778 2228 τίνος
800 2164 984 2218 ἕνεκεν
1002 2165 1197 2234 ἐπίσης
1219 2167 1298 2228 εἰς
1319 2166 1417 2236 τὴν
1441 2167 1611 2237 αὐτὴν
1634 2166 1786 2230 τάξιν
1816 2165 1966 2230 ἄγεις

402 2247 626 2310 ἐκείνοις
654 2249 766 2310 τοῖς
822 2246 1164 2317 ἀγνώμοσιν;
1200 2247 1484 2316 Οὐδαμῶς.
1522 2249 1630 2302 Καὶ
1667 2250 1808 2314 τίνος
1849 2247 1965 2301 ἐνε-

403 2347 497 2383 κεν
516 2325 658 2394 εἷπε,
678 2328 881 2396 Καθὼς
905 2325 1078 2382 εἷπον
1104 2328 1227 2396 τοῖς
1263 2331 1607 2396 Ἰουδαίοις;
1644 2333 1966 2402 Ἀνέμνησεν

401 2413 482 2466 ὃτι
516 2413 635 2482 οὐχὶ
668 2410 762 2464 νῦν
790 2411 898 2464 ἀπὸ
940 2411 1039 2480 τῆς
1087 2411 1196 2464 τῶν
1228 2411 1414 2466 δεινῶν
1457 2414 1756 2484 παρουσίας
1795 2413 1967 2468 ταῦτα

403 2495 688 2567 προλέγει·
722 2493 837 2547 ἀλλ’
870 2493 1076 2547 ἄνωθεν
1107 2495 1247 2548 αύτά
1278 2495 1519 2567 προῄδει,
1556 2498 1646 2551 καὶ
1695 2496 1966 2568 μάρτυρες

403 2580 554 2633 αὐτοί
595 2580 644 2631 οἱ
677 2578 1031 2641 ἀκούσαντες,
1061 2580 1143 2632 δτι
1174 2578 1428 2650 καὶπρὸς
1478 2581 1761 2644 Ἰουδαίους
1797 2582 1968 2634 ταῦτα

402 2662 576 2730 ἔλεγε.
596 2662 685 2714 Διὸ
708 2663 802 2715 καί
820 2662 1128 2732 προσέθηκε
1145 2663 1225 2725 τὸ,
1250 2663 1455 2716 Τεκνία
1474 2663 1591 2716 οἴνα
1616 2663 1964 2728 ἀκούσαντες,

403 2744 608 2810 Καθὼς
637 2739 807 2796 εἷπον
843 2742 968 2808 τοῖς
1002 2743 1332 2811 Ἰουδαίοις,
1365 2745 1440 2816 μὴ
1472 2746 1565 2798 καὶ
1599 2745 1733 2818 πρὸς
1774 2747 1969 2810 αὐτοὺς

402 2826 604 2896 ὁμοίως
628 2826 881 2897 εἰρῆσθαι
911 2827 972 2878 τὸ
1017 2829 1304 2898 εἰρημένον
1337 2828 1648 2898 νομίσωσιν.
1682 2830 1755 2882 Οὐ
1805 2848 1971 2884 κατα-

405 2907 614 2962 ϐάλλων
639 2907 816 2962 τοίνυν
843 2909 1058 2973 αὐτοὺς,
1098 2909 1235 2961 ἀλλά
1275 2909 1765 2980 παραμυθούμενος
1801 2912 1971 2965 ταῦτά

405 3007 586 3060 φησιν,
608 2990 692 3044 ἶνα
713 2990 786 3062 μή
808 2989 1184 3061 ἀπροσδόκητα
1212 2992 1504 3045 ἐπιστάντα
1527 2992 1708 3055 αὐτοῖς
1729 2992 1797 3045 τά
1821 2991 1971 3044 δεινά

405 3073 698 3143 ἐκταράξῃ,
728 3073 912 3127 Ὅπου
949 3072 1062 3141 ἐγὼ
1095 3072 1329 3142 ὑπάγω,
1373 3074 1536 3140 ὑμεῖς
1593 3075 1664 3128 οὺ
1711 3073 1974 3129 δύνασθε

404 3157 616 3211 ἐλθεῖν.
633 3156 926 3217 Δείκνυσιν,
947 3157 1029 3208 ὅτι
1044 3158 1070 3208 ό
1086 3155 1312 3218 θάνατος
1325 3154 1489 3209 αὐτοῦ
1511 3156 1836 3226 μετάστασίς
1859 3159 1973 3211 ἐστι

408 3239 499 3292 καὶ
527 3237 810 3308 μετάθεσις
841 3237 1098 3306 ἀμείνων.
1119 3237 1198 3300 είς
1229 3237 1391 3291 τόπον
1423 3236 1648 3308 σώματα
1677 3239 1736 3291 οὐ
1759 3239 1976 3309 δεχόμε-

407 3338 494 3372 νον
523 3319 756 3389 φθαρτά.
784 3319 966 3372 Ταῦτα
993 3318 1048 3372 δέ
1079 3319 1246 3387 λέγει,
1271 3319 1470 3373 καὶτὸν
1494 3322 1572 3385 εἰς
1595 3319 1757 3374 αὐτὸν
1781 3320 1976 3389 διεγεί-

409 3420 516 3473 ρων
537 3401 699 3455 πόθον
715 3401 808 3454 καὶ
823 3400 1147 3472 θερμότερον
1166 3401 1350 3456 ποιῶν.
1374 3403 1516 3456 Ἵστε
1534 3402 1642 3472 γὰρ
1653 3403 1733 3456 ὅτι
1760 3403 1975 3456 ἐπειδὰν

410 3485 605 3556 ίδωμεν
630 3483 738 3537 τῶν
775 3483 1042 3553 φιλτάτων
1075 3485 1224 3548 τινὰς
1251 3485 1666 3556 ἀναχωροῦντας
1690 3525 1705 3549 ,
1741 3486 1975 3556 μάλιστα

406 3565 913 3640 διαθερμαινόμεθα,
937 3567 1030 3620 καὶ
1062 3566 1260 3637 μᾶλλον
1277 3567 1304 3607 1³
1330 3569 1456 3621 ὅταν
1485 3570 1682 3638 ἴδωμεν
1710 3571 1787 3632 είς
1814 3569 1976 3624 τόπον

408 3653 684 3714 ἀπιόντας,
701 3652 779 3712 εἰς
791 3649 849 3703 δν
866 3649 984 3703 οὐδὲ
996 3649 1218 3702 δυνατὸν
1235 3651 1368 3722 ήμῖν
1391 3651 1668 3706 ἀπελθεῖν.
1705 3653 1826 3706 Ἐκε
1836 3653 1977 3716 ίνους

413 3737 508 3804 μὲν
545 3729 636 3787 οὖν
671 3732 869 3801 φοϐῶν,
904 3730 1078 3785 ταῦτα
1124 3730 1297 3799 ἔλεγε,
1343 3732 1554 3796 τούτοις
1585 3734 1640 3787 δὲ
1681 3734 1772 3787 τὸν
1815 3735 1976 3787 πόθον

412 3816 678 3881 ἐξάπτων.
714 3813 964 3876 Τοιοῦτός
1002 3814 1148 3865 ἐστιν
1177 3815 1205 3867 ό
1255 3815 1418 3877 τόπος
1441 3856 1455 3877 ,
1510 3816 1650 3870 ὥστε
1693 3817 1767 3888 μὴ
1821 3818 1976 3886 μόνον

411 3898 670 3961 ἐκείνους,
701 3896 837 3950 άλλά
871 3895 1006 3966 μηδέ
1037 3897 1180 3966 ὑμᾶς
1218 3897 1343 3960 τοὺς
1394 3897 1682 3963 φιλτάτους
1719 3898 1976 3952 δύνασθαι

414 3978 812 4053 παραγενέσθαι
845 3980 976 4032 ἐκεῖ.
1016 3978 1278 4032 Ἐνταῦθα
1311 3980 1403 4031 καὶ
1431 3980 1490 4032 τὸ
1513 3978 1730 4051 ἀξίωμα
1757 3981 1818 4033 τὸ
1849 3983 1976 4034 ἐσυ-

409 4063 503 4118 τοῦ
537 4064 789 4117 δείκνυσι.
824 4061 932 4114 Καὶ
973 4060 1113 4129 ὑμῖν
1139 4062 1294 4130 λέγω
1331 4062 1479 4132 ἄρτι.
1517 4063 1614 4116 Διά
1647 4064 1734 4127 τί,
1773 4067 1974 4133 Ἀρτι;

422 4148 649 4219 Ἑτέρως
683 4145 942 4208 ἐκείνοις,
997 4145 1090 4198 καὶ
1136 4146 1334 4217 ἑτέρως
1382 4147 1528 4216 ὑμῖν·
1567 4148 1863 4214 τουτέστιν,
1913 4149 1973 4201 οὐ

413 4231 528 4302 μετ’
566 4230 804 4282 ἐκείνων.
849 4226 956 4281 Ποῦ
995 4227 1052 4281 δὲ
1094 4229 1254 4280 αὐτὸν
1284 4228 1553 4300 ἐζήτησαν
1600 4233 1647 4282 οἰ
1697 4231 1972 4296 Ἰουδαῖοι;

409 4313 512 4366 ποῦ
541 4312 596 4366 δὲ
627 4313 677 4365 οἱ
715 4310 952 4382 μαθηταί
972 4327 986 4376 ;
1024 4313 1084 4364 OE
1119 4311 1358 4382 μαθηταὶ
1399 4313 1516 4381 μὲν,
1551 4313 1637 4366 ὅτε
1673 4313 1893 4386 ἔφυγον·
1928 4317 1976 4368 οἰ

422 4395 660 4449 Ἰουδαῖοι
703 4394 792 4458 δέ,
841 4395 928 4448 ὅτε
976 4394 1042 4447 τὰ
1083 4395 1352 4464 ἀνήκεστα
1404 4395 1638 4465 ἔπασχον
1687 4397 1835 4452 δεινά
1883 4399 1977 4453 καὶ

411 4480 587 4533 πάντα
619 4478 1012 4548 ὑπερϐαίνοντα
1037 4477 1192 4544 λόγον
1211 4517 1226 4541 ,
1258 4475 1359 4544 τῆς
1387 4477 1590 4540 πόλεως
1625 4479 1793 4548 αὐτῆς
1821 4480 1978 4532 ἀλού-

410 4579 531 4632 σης,
559 4563 652 4614 καὶ
677 4561 774 4628 τῆς
807 4559 1066 4628 θεηλάτου
1097 4557 1360 4610 πάντοθεν
1392 4559 1510 4610 κατ’
1539 4558 1716 4611 αὐτῶν
1746 4561 1978 4631 φερομέ-

407 4661 504 4714 νης
545 4642 734 4712 ὀργῆς.
782 4641 1040 4700 Ἐκείνοις
1076 4639 1172 4708 μὲν
1217 4634 1310 4691 οῦν
1341 4639 1460 4690 τότε
1506 4639 1657 4709 ἔλεγε
1688 4641 1710 4669 °
1750 4641 1837 4694 διὰ
1881 4641 1980 4713 τὴν

408 4723 686 4787 ἀπιστίαν,
720 4723 845 4790 ὑμῖν
870 4722 926 4774 δέ
958 4721 1072 4785 νῦν,
1102 4721 1189 4773 διά
1217 4719 1278 4773 τδ
1307 4721 1380 4789 μὴ
1415 4721 1794 4792 ἀπροσδόκητα
1825 4724 1982 4776 ἐπελ-

409 4807 522 4860 θεῖν
576 4805 645 4858 τά
702 4804 868 4856 δεινά.
933 4803 1226 4870 Ἐνντολὴν
1279 4804 1499 4871 καινὴν
1557 4803 1762 4872 δίδωμι
1817 4806 1976 4874 ὑμῖν.

421 4887 640 4958 Ἐπειδὴ
671 4885 778 4957 γάρ
808 4886 887 4948 εἰς
908 4884 1133 4956 θόρυϐον
1161 4886 1307 4957 (427)
1333 4887 1528 4949 αὐτοὺς
1549 4887 1807 4956 ἐμπεσεῖν
1836 4888 1982 4954 εἰκὸς

406 4967 476 5042 ἦν
506 4968 680 5023 ταῦτα
705 4965 1020 5034 ἀκούοντας,
1051 4967 1125 5032 ὡς
1151 4969 1391 5039 ἐρήμους
1418 4967 1708 5038 μέλλοντας
1739 4968 1978 5036 ἔσεσθαι,

409 5051 818 5125 παραμυθεῖται
843 5051 1059 5116 αὐτοὺς,
1081 5050 1178 5120 τὴν
1207 5052 1422 5104 πάντων
1447 5050 1552 5103 τῶν
1581 5050 1800 5116 ἀγαθῶν
1825 5052 1982 5124 ῥίζαν

408 5139 500 5193 καὶ
530 5137 829 5207 ἀσφάλειαν
851 5133 1192 5206 περιϐάλλων
1211 5135 1414 5196 αὐτοῖς,
1442 5134 1539 5205 τὴν
1569 5134 1808 5203 ἀγάπηψ
1839 5136 1983 5190 ὠσα-

407 5222 486 5274 νεὶ
515 5220 719 5290 ἐλεγενο
774 5217 1013 5287 ’Δλγεῖτε
1061 5216 1313 5278 ἀπιόντος
1345 5216 1514 5286 ἐμοῦ;
1560 5215 1673 5269 ἀλλ’
1714 5217 1807 5272 ἐάν
1842 5221 1981 5288 ἀγα-

411 5305 546 5355 πᾶτε
578 5301 856 5375 ἀλλήλους,
882 5299 1068 5354 ἔσεσθε
1099 5299 1453 5369 ἰσχυρότεροι.
1482 5298 1605 5362 Πῶς
1630 5295 1722 5352 οὖν
1745 5301 1805 5354 οὐ
1827 5302 1984 5355 τοῦτο

411 5381 596 5450 εἰπενς
631 5385 754 5439 Ὀτι
791 5384 819 5436 ὃ
848 5383 1035 5436 τούτου
1073 5381 1274 5451 μᾶλλον
1306 5379 1515 5450 ὤνησεν
1567 5383 1762 5447 αὐτοὺς
1793 5380 1979 5437 εἶπενο

425 5467 526 5520 Ἐν
557 5469 744 5534 τούτῳ
778 5466 1108 5536 γνώσονται
1158 5464 1377 5530 πάντες
1423 5464 1512 5518 ὅτι
1557 5465 1685 5534 ἐμοὶ
1725 5469 1985 5535 μαθηταί

411 5549 572 5602 ἐστε.
608 5550 704 5601 Διά
733 5550 841 5618 1&9
870 5548 1058 5600 τούτου
1086 5546 1114 5586 (ι
1161 5546 1278 5617 ἅμα
1310 5547 1600 5618 ἐδήλωσεν,
1633 5549 1714 5602 ὅτι
1761 5551 1821 5603 οὐ
1857 5551 1983 5603 σϐε-

416 5631 667 5700 σθήσεται
693 5633 721 5682 ὁ
743 5629 923 5699 χορὸς,
951 5629 1110 5681 ὁπότε
1145 5630 1238 5682 καὶ
1263 5629 1550 5699 γνώρισμα
1581 5632 1764 5695 αὐτοῖς
1794 5632 1981 5688 ἔδωκε.

476 5793 502 5822 ⁸
541 5789 637 5842 Alii
671 5791 822 5852 πάντα
854 5792 1194 5852 ὑπεμίμνησκε.
1314 5793 1503 5841 Μᾶλλον
1522 5794 1736 5842 addilum
1762 5809 1790 5844 θ
1814 5796 1986 5852 Sa\'i|..

422 5857 710 5914 ροαιριινιυι,
734 5850 877 5908 infra,
901 5851 1141 5914 γετίνα-διά
1163 5854 1226 5911 τί,
1266 5850 1369 5914 ᾇρτι
1385 5867 1407 5914 ς,
1424 5854 1600 5914 quibus
1628 5854 1748 5914 Infra
1791 5850 1986 5908 carebat

419 5911 586 5964 MU.
617 5906 749 5963 Em}.
777 5963 788 5972 ,
817 5914 841 5942 ⁶
864 5906 871 5908 -
898 5910 993 5962 Alii
1027 5906 1222 5970 ἐ).εγον.’
1266 5906 1413 5964 «Alii
1439 5906 1516 5962 καὶ
1540 5915 1617 5961 διὰ
1653 5913 1808 5963 τοῦτο.

1067 320 1124 376 8.
1161 319 1440 378 JOANNIS
1475 319 1960 377 CHRYSOSTOMI
1995 320 2312 378 ARCHIEP.
2347 294 2896 378 CONSTANTINOP:

3525 308 3631 366 395

2063 437 2230 492 Τοῦτο
2250 437 2303 490 δέ
2330 435 2500 499 εἶπεν,
2521 436 2606 488 ὅτε
2627 433 2656 485 ό
2679 429 2940 502 προδότης
2961 424 3139 480 αὐτῶν
3159 417 3483 490 ἀπεσχίσθη.
3509 418 3636 479 Πῶς

2061 521 2118 574 δὲ
2149 521 2316 590 αὐτὴν
2345 519 2561 588 ἐντολὴν
2583 516 2730 584 λέγει
2756 511 2948 582 καινὴν
2976 509 3069 563 καὶ
3093 509 3149 590 ἐν
3175 502 3484 590 minam
3516 517 3633 590 κει-

2065 603 2232 672 μένην
2254 585 2466 664 ;Ἀύτὸς
2520 585 2687 667 αὐτὴν
2721 595 2940 664 ἐποίησε
2983 589 3169 660 καινὴν
3196 587 3274 657 τῷ
3308 585 3512 672 τρόπῳο
3544 585 3638 635 ἐπ·

2061 670 2234 754 ἧγαῖε
2264 683 2393 751 γοῦν
2415 698 2429 712 ·
2464 681 2668 746 Καθὼς
2696 677 2983 748 ἠγάπησα
3004 673 3180 744 ὑμᾶς.
3219 673 3293 724 Οὐ
3338 670 3446 754 1&9
3497 684 3635 754 προ·-

2063 750 2426 836 ῦπηργμένων
2456 764 2582 834 ὑμῖν
2622 758 3058 831 κατορθωμάτων
3095 755 3231 836 δφλη
3239 770 3314 824 μα
3349 753 3476 836 ὑμῖν
3501 750 3631 836 ’ἀπ-

2064 833 2264 913 ἔδωκα,
2298 848 2411 900 ἀλλ’
2445 833 2605 908 αὐτὸς
2639 842 2907 912 κατῆρξα,
2949 839 3130 910 φησιν.
3165 835 3320 889 Οῦτω
3357 835 3450 888 καὶ
3492 833 3634 903 ὑμᾶς

2062 933 2365 1002 εὐεργετεῖν
2411 932 2534 993 τοὺς
2583 928 2871 997 φιλτάτους
2909 925 3037 995 χρὴ,
3073 923 3170 975 καὶ
3200 919 3275 990 μὴ
3320 917 3634 1002 ὀφείλοντας

2063 999 2260 1076 αὐτοῖς.
2309 1015 2416 1066 Καὶ
2469 1012 2626 1082 ἀφεὶς
2677 1012 2848 1064 εἰπεῖν
2901 1008 2970 1061 τὰ
3009 1004 3284 1074 θαύματα,
3321 1001 3356 1056 ἀ
3409 999 3631 1070 ἔμελλον

2064 1100 2255 1162 ποιεῖν,
2282 1097 2387 1150 ἀπὸ
2413 1097 2509 1163 τῆς
2536 1096 2753 1164 ἀγάπης
2781 1093 2979 1155 αὐτοὺς
3003 1085 3414 1161 χαρακτηρίζει.
3449 1083 3514 1134 Τί
3539 1083 3632 1150 δή.

2066 1197 2225 1245 ποτε;
2261 1181 2383 1234 Ὅτι
2436 1180 2590 1233 τοῦτο
2633 1177 2866 1250 μάλιστά
2905 1180 3019 1230 ἐστι
3049 1174 3108 1228 τὸ
3146 1169 3388 1230 ,δεικνύον
3423 1166 3634 1250 ἀνθρῶξ

2067 1279 2198 1324 πους
2232 1262 2437 1330 ἁγίους.
2468 1248 2652 1332 Πάσης
2682 1261 2789 1330 γάρ
2819 1263 2965 1312 ἐστιν
2991 1255 3192 1328 ἀρετῆς
3227 1252 3502 1314 ὑπόθεσις.
3535 1248 3634 1332 Διά

2063 1343 2250 1396 τούτου
2301 1345 2534 1414 μάλιστα
2581 1331 2675 1397 καὶ
2727 1340 3009 1412 σωζόμεθα
3041 1339 3260 1400 πάντες.
3309 1333 3478 1388 Τοῦτο
3525 1331 3634 1401 γάρ

2064 1428 2208 1480 ἐστιν
2237 1425 2395 1492 εἶναι,
2439 1428 2594 1498 φησί,
2639 1426 2904 1497 μαθητήν.
2946 1423 3130 1486 Οὕτως
3166 1421 3306 1491 ὑμᾶς
3341 1418 3576 1478 ἅπαντες
3607 1427 3630 1451 ο

2065 1509 2472 1572 ἐπαινέσονται,
2513 1510 2639 1562 ὅταν
2679 1508 2859 1562 ῖδωσιν
2912 1506 3056 1576 ὑμᾶς
3114 1501 3481 1575 μιμουμένους
3532 1499 3630 1568 τὴν

2065 1592 2202 1664 ἐμὴν
2231 1592 2470 1662 ἀγάπην.

2133 1659 2196 1731 δ).
2223 1659 2289 1728 Τί
2322 1659 2418 1729 οῦν
2433 1693 2448 1741 ;
2479 1675 2538 1727 οὐ
2564 1672 2742 1742 πολλῷ
2776 1672 2974 1743 μᾶλλον
2989 1659 3070 1724 ’τά
3099 1667 3351 1738 θαύματα
3392 1665 3630 1718 δείκνυσι

2064 1757 2259 1822 τοῦτο;
2294 1758 2577 1829 Οὐδαμῶς.
2611 1755 2832 1810 Πολ.ιοί
2853 1755 2962 1823 γὰρ
3002 1751 3237 1820 ἐροῦσι·
3286 1750 3488 1816 Κύριε,
3520 1747 3632 1799 οὐκ

2064 1840 2134 1894 ἐν
2169 1838 2248 1904 τῷ
2275 1840 2518 1908 ὀνόματί
2541 1853 2657 1892 σου
2680 1836 2951 1905 δαιμόνια
2972 1833 3367 1901 ἐξεϐάλομεν;
3403 1829 3497 1882 καὶ
3527 1829 3632 1882 πά·

2066 1921 2148 1974 λιν
2169 1923 2463 1992 χαιρόντων
2491 1919 2666 1975 αὐτῶν
2687 1919 2851 1972 ὅτιτά
2874 1917 3123 1987 δαιμόνια
3143 1917 3322 1976 αὐτοῖς
3345 1910 3629 1974 ὑπακούει,

2067 2003 2217 2072 φησί’
2248 2003 2343 2071 Μὴ
2374 2003 2606 2072 χαίρετε
2634 2001 2723 2054 ὅτι
2755 2000 2826 2054 τὰ
2860 1999 3132 2067 δαιμόνια
3161 1996 3298 2065 ὑμῖν
3322 1992 3630 2055 ὑπακούει,

2065 2085 2202 2139 ἀλλ’
2243 2085 2331 2140 ὅτι
2361 2086 2432 2139 τὰ
2457 2085 2716 2153 ὀνόματα
2743 2080 2904 2151 ὑμῶν
2940 2081 3257 2150 γέγραπται
3285 2078 3353 2129 ἐν
3381 2074 3503 2140 τοῖς
3529 2075 3630 2126 οὑ-

2058 2166 2285 2235 ρανοῖς.
2312 2168 2420 2219 Καὶ
2461 2168 2566 2237 μὴν
2604 2167 2759 2220 τοῦτο
2791 2165 2890 2234 τὴν
2932 2163 3255 2232 οἰκουμένην
3294 2159 3630 2228 ἐπηγάγετο,

2066 2248 2251 2320 ἐπειδὴ
2282 2250 2454 2302 ἐκεῖνο
2498 2249 2691 2320 προῆνσ
2724 2247 2851 2300 εἰδέ
2887 2245 2959 2316 μὴ
2985 2240 3051 2316 ἦν
3087 2246 3260 2297 ἐκεῖνο
3280 2281 3294 2304 ,
3325 2240 3446 2293 οὔτε
3479 2238 3634 2292 τοῦτο

2067 2331 2393 2402 παρέμενεν.
2412 2331 2582 2384 Τοῦτο
2598 2331 2728 2396 γοῦν
2746 2329 2944 2393 εὐθέως
2968 2328 3162 2390 αὐτοὺς
3188 2324 3406 2395 ἐποίησε
3437 2321 3634 2384 καλοὺς

2067 2413 2159 2466 καὶ
2174 2413 2426 2482 ἀγαθοὺς,
2441 2413 2535 2466 καὶ
2562 2413 2622 2466 τὸ
2641 2412 2738 2482 τὴν
2755 2411 2980 2482 καρδίαν
3001 2410 3217 2464 πάντων
3235 2409 3330 2462 καὶ
3344 2407 3441 2478 τὴν
3457 2405 3633 2475 ψυχὴν

2066 2491 2203 2548 εἶναι
2238 2496 2384 2566 μίαν.
2416 2496 2476 2548 Εἰ
2503 2495 2559 2549 δὲ
2580 2495 2864 2564 διέστησαν
2884 2496 2977 2548 ἀπ’
3022 2493 3284 2563 ἀλλήλων,
3321 2491 3534 2544 ᾶπαντα
3569 2487 3632 2541 ἂν

2066 2578 2349 2632 ἀπολώλει.
2391 2579 2504 2632 Οὐκ
2533 2579 2754 2642 ἐκείνοις
2784 2579 2840 2631 δέ
2869 2577 3042 2632 ταῦτα
3073 2576 3341 2644 διελέγετο
3373 2573 3550 2644 μόνοις
3587 2569 3631 2631 το

2066 2661 2202 2716 ἀλλά
2244 2663 2338 2716 καὶ
2383 2663 2514 2716 πᾶσι
2548 2664 2660 2726 τοῖς
2712 2661 2964 2731 μέλλουσι
3015 2659 3291 2713 πιστεύειν
3329 2658 3410 2724 εἰς
3452 2653 3630 2712 αὐτόν’

2068 2746 2190 2798 ἐπεὶ
2221 2746 2312 2798 καὶ
2343 2744 2436 2799 νῦν
2467 2745 2616 2798 οὐδὲν
2644 2745 2769 2800 ἀλλο
2798 2746 2943 2797 ἐστὶν
2973 2743 3033 2798 τὸ
3064 2747 3413 2811 σκανδαλίζον
3442 2741 3635 2810 Ἕλλη-

2069 2846 2184 2892 νας,
2214 2829 2246 2898 ἦ
2276 2828 2334 2882 τὸ
2371 2828 2444 2899 μὴ
2478 2828 2696 2898 ἀγάπην
2724 2823 2884 2883 εἶναι.
2928 2827 3091 2885 Ἀλλὰ
3119 2831 3210 2884 καὶ
3237 2829 3298 2883 τὸ
3331 2829 3530 2898 σημεῖα
3561 2825 3635 2894 μὴ

2070 2911 2312 2978 γίνεσθαι
2348 2909 2673 2978 ἐγκαλοῦσι,
2706 2915 2890 2984 φησιν.
2939 2913 3076 2967 Ἀλλ’
3103 2913 3200 2982 οὐχ
3221 2910 3410 2972 οὕτως.
3440 2906 3548 2961 Ποῦ
3579 2905 3635 2958 δὲ

2071 2993 2166 3064 τὴν
2194 2992 2413 3062 ἀγάπην
2447 2991 2785 3055 ἐπεδείξαντο
2806 2997 2856 3050 οἰ
2885 2994 3200 3056 ἀπόστολοι;
3241 2993 3398 3061 Ὁρᾷς
3433 2988 3634 3055 Πέτρον

2072 3077 2167 3130 καί⁵
2210 3075 2460 3144 Ἰωάννην
2488 3075 2871 3144 ἀδιασπάστως
2893 3079 3114 3150 ἔχοντας
3141 3074 3399 3144 ἀλλήλων,
3426 3071 3518 3125 καὶ
3542 3071 3634 3122 ἐπὶ

2071 3158 2132 3210 τδ
2160 3157 2302 3228 ἱερὸν
2338 3156 2758 3226 ἀναὸαῐνονταςς
2801 3163 2931 3233 ὁρᾷς
2961 3159 3172 3214 Παῦλον
3207 3155 3346 3210 οὕτω
3375 3153 3509 3222 πρὸς
3539 3151 3636 3203 αὐ-

2073 3240 2196 3302 τοὺς
2219 3237 2558 3304 διακείμενον
2579 3261 2592 3274 ·
2619 3244 2712 3297 καὶ
2737 3244 2956 3314 ἀπορεῖς
2977 3261 2991 3309 ;
3020 3243 3083 3294 Εἰ
3107 3241 3215 3309 γάρ
3237 3237 3305 3290 τὰ
3330 3235 3465 3291 ἄλλα
3493 3233 3594 3286 ἐκέ
3619 3263 3636 3272 -

2075 3338 2292 3393 κτηντο,
2311 3321 2488 3394 πολλῷ
2514 3325 2713 3395 μᾶλλον
2734 3323 2876 3396 εἶχον
2904 3327 3003 3396 τὴν
3033 3324 3242 3396 μητέρα
3269 3321 3377 3374 τῶν
3402 3317 3638 3386 ἀγαθῶν.

2088 3404 2220 3457 Ἀπὸ
2245 3403 2353 3476 1&9
2378 3406 2552 3477 ψυχῆς
2584 3409 2839 3480 ἐναρέτου
2872 3407 3028 3461 τοῦτο
3054 3407 3113 3459 τδ
3142 3407 3373 3477 πρᾶγμα
3415 3400 3636 3471 βλαστά-

2075 3507 2175 3544 νειο
2205 3490 2334 3546 ἔνθα
2382 3489 2438 3544 δὲ
2486 3491 2755 3562 πονηρία,
2798 3489 2956 3544 τοῦτο
2996 3489 3306 3561 ξηραίνεται
3352 3485 3412 3538 τὸ
3456 3483 3641 3552 φυτόν.

2077 3573 2253 3627 Ὅταν
2275 3571 2405 3644 1&9,
2429 3573 2582 3644 φησί,
2613 3571 2930 3641 πληθυνθῇ
2968 3573 3005 3640 ἡ
3032 3571 3267 3640 ἀνομία,
3302 3565 3642 3636 ψυγήσεται

2075 3656 2114 3723 ἡ
2139 3655 2336 3725 ἀγάπη
2365 3653 2484 3709 τῶν
2515 3653 2781 3710 πολλῶν.
2813 3655 2922 3708 Καὶ
2953 3654 3222 3723 Ἕλληνας
3249 3651 3304 3704 δὲ
3347 3651 3446 3719 οὐχ
3475 3647 3646 3708 οὕτως

2077 3736 2342 3804 ἐπάγεται
2376 3740 2596 3808 σημεῖα,
2625 3737 2701 3800 ὡς
2733 3737 2864 3807 βίοςο
2899 3737 3012 3807 βίον
3045 3737 3101 3790 δὲ
3129 3735 3279 3788 οὐδὲν
3306 3732 3477 3796 οὕτως
3509 3727 3645 3782 εἶναι

2078 3821 2252 3880 ποιεῖ,
2296 3818 2370 3881 ὡς
2412 3819 2621 3888 ἀγάπη.
2666 3819 2878 3872 Ἐκεῖνα
2916 3820 3012 3889 μὲν
3057 3817 3165 3886 1&9
3197 3818 3321 3879 τοὺς
3361 3811 3646 3873 ποιοῦντας

2078 3899 2336 3963 πολλάκις
2358 3900 2450 3954 καὶ
2479 3899 2711 3964 πλάνους
2744 3901 3024 3956 ἐκάλεσαν·
3057 3900 3172 3970 βίου
3207 3899 3262 3952 δέ
3296 3893 3646 3950 ἐπιλαϐέσθαι

2076 3983 2174 4035 οὐκ
2209 3982 2272 4036 ἂν
2298 3982 2467 4052 έχοιεν
2493 3981 2752 4055 καθαροῦ.
2780 3983 2906 4038 Ὅτε
2932 3984 3030 4054 μὲν
3067 3977 3158 4036 οῦν
3196 3979 3347 4034 οῦπω
3376 3978 3435 4032 τὸ
3477 3979 3645 4047 κήρυ-

2077 4082 2193 4136 γμα
2223 4063 2459 4118 διαδοθὲν
2490 4059 2578 4134 ἦν,
2609 4066 2832 4127 εἰκότως
2869 4063 3021 4138 1428]
3051 4064 3119 4117 τὰ
3161 4063 3362 4133 σημεῖα
3404 4058 3646 4128 ἐθαυμά-

2077 4149 2216 4212 ζετο·
2245 4147 2338 4201 νῦν
2363 4148 2416 4200 δὲ
2443 4148 2550 4202 ἀπὸ
2588 4147 2701 4216 βίου
2751 4149 2854 4218 χρὴ
2903 4147 3298 4218 θαυμάζεσθαι.
3332 4143 3505 4198 Οὐδὲν
3534 4144 3642 4212 1&9

2076 4231 2247 4293 οὕτως
2272 4230 2520 4302 ἐντρέπει
2561 4231 2825 4301 Ἕλληνας
2849 4272 2863 4294 ,
2899 4231 2973 4294 ῶς
3006 4229 3193 4300 ἀρετή·
3229 4227 3378 4280 οὐδὲν
3414 4224 3644 4278 σκανδα-

2077 4312 2233 4378 λίζει,
2269 4314 2346 4375 ὡς
2384 4313 2584 4366 κακία·
2614 4313 2706 4366 καὶ
2736 4313 2976 4375 εἰκότως.
3017 4313 3182 4364 Ὅταν
3210 4308 3317 4379 1&9
3350 4308 3431 4377 ἴδῃ
3463 4305 3647 4358 πλεον-

2077 4394 2353 4462 εκτοῦντα,
2378 4395 2689 4467 ἁρπάζοντα
2708 4435 2722 4460 ,
2751 4396 2820 4448 τὰ
2845 4396 3061 4449 ἐναντία
3087 4393 3393 4456 κελεύοντα,
3418 4390 3511 4444 καὶ
3538 4388 3648 4450 τοῖς

2077 4478 2366 4549 ὁμοφύλοις
2407 4479 2482 4542 ὡς
2524 4479 2731 4550 θηρίοις
2777 4477 3113 4549 κεχρημένον
3158 4478 3249 4530 τὸν
3292 4472 3647 4529 κελευσθέντα

2079 4563 2170 4614 καὶ
2201 4561 2426 4632 ἐχθροὺς
2451 4561 2690 4632 ἀγαπᾷν,
2721 4560 2882 4632 λῆρον
2913 4563 3025 4631 ἐρεῖ
3044 4559 3114 4614 τά
3153 4557 3440 4631 εἰρημένα.
3481 4557 3648 4610 Ὅταν

2079 4643 2164 4715 ῖδῃ
2192 4642 2458 4714 τρέμοντα
2489 4643 2736 4706 θάνατον,
2767 4642 2881 4706 πῶς
2907 4643 3117 4707 δέξεται
3146 4643 3270 4704 τοὺς
3299 4641 3424 4709 περὶ
3448 4639 3648 4694 ἀθανα-

2081 4725 2200 4788 σίας
2235 4724 2456 4792 λόγους;
2491 4725 2660 4778 Ὅταν
2689 4724 2772 4796 ἴδῃ
2801 4724 3190 4796 φιλαρχοῦντας
3217 4723 3309 4777 καὶ
3340 4725 3452 4785 τοῖς
3473 4721 3651 4784 ἀλλοις

2081 4804 2428 4868 δουλεύοντας
2472 4805 2718 4871 πάθεσιν,
2769 4807 3158 4877 ἀκριϐέστερον
3209 4806 3266 4858 ἐν
3294 4807 3408 4867 τοῖς
3457 4800 3650 4855 ἐαυτοῦ

2085 4890 2236 4958 μενεῖ
2260 4887 2544 4956 δόγμασιν,
2567 4889 2718 4943 οὐδὲν
2743 4890 2884 4960 μέγα
2910 4891 3034 4959 περί
3053 4887 3207 4959 ήμῶν
3229 4885 3648 4955 φανταζόμενος.

2094 4970 2280 5038 Ἡμεῖς
2309 4970 2416 5040 γάρ
2445 4971 2612 5040 ἐσμεν
2652 4971 2834 5034 αῖτιοι,
2880 4974 3064 5042 ἡμεῖς,
3112 4969 3206 5022 τοῦ
3237 4969 3419 5039 μένειν
3459 4967 3652 5029 αὐτοὺς

2083 5053 2171 5107 ἐπὶ
2217 5053 2316 5121 τῆς
2347 5053 2572 5124 πλάνης.
2605 5055 2724 5108 Τῶν
2761 5055 2857 5124 μὲν
2905 5056 3013 5125 1&9
3045 5053 3328 5123 δογμάτων
3377 5052 3486 5104 τῶν
3525 5051 3653 5123 παρ’

2082 5137 2290 5198 ἐαυτοῖς
2317 5136 2484 5190 πάλαι
2514 5137 2881 5205 κατέγνωσαν,
2909 5137 3002 5190 καὶ
3027 5136 3093 5189 τά
3115 5137 3357 5207 ἡμέτερα
3383 5135 3438 5187 δέ
3458 5135 3656 5206 ὁμοίως

2083 5217 2470 5290 θαυμάζουσιν·
2513 5221 2577 5273 ἐκ
2604 5219 2698 5272 τοῦ
2752 5219 2868 5289 βίου
2917 5219 2973 5273 δὲ
3025 5218 3180 5289 ἡμῶν
3214 5216 3530 5271 κωλύονται.
3583 5215 3656 5269 Τδ

2083 5302 2182 5368 μὲν
2225 5301 2333 5372 1&9
2381 5301 2469 5355 διά
2506 5301 2679 5370 λόγων
2727 5301 3124 5371 φιλοσοφῆσαι,
3163 5298 3384 5352 εὔκολον
3437 5298 3658 5367 (πολλοὶ

2083 5381 2191 5454 1&9
2220 5384 2314 5436 καὶ
2343 5385 2473 5456 παρ’
2504 5384 2682 5437 αὐτῶν
2720 5383 2877 5436 τοῦτο
2914 5380 3218 5452 ἐποίησαν)·
3251 5379 3572 5450 ἐπιζητοῦσι
3601 5378 3659 5431 δὲ

2083 5465 2180 5534 τὴν
2209 5464 2295 5517 διά
2332 5465 2440 5519 τῶν
2469 5465 2645 5535 ἔργων
2684 5465 2963 5531 ἐπίδειξιν.
3025 5463 3184 5516 Ἀλλά
3216 5463 3343 5526 τοὺς
3397 5462 3659 5524 παλαιοὺς

2085 5547 2214 5618 παρ’
2251 5548 2381 5616 ἡμῖν
2420 5549 2788 5602 ἐννοείτωσαν.
2833 5547 2970 5600 Ἀλλ’
3009 5545 3257 5616 οὐδαμῶς
3292 5544 3658 5604 πιστεύουσιν.

2086 5629 2218 5681 ἀλλά
2247 5630 2371 5692 τοὺς
2402 5629 2496 5683 νῦν
2527 5629 2732 5694 ζῶντας
2764 5630 3133 5700 ἐπιζητοῦσιν.
3168 5628 3350 5693 Δεῖξον
3383 5629 3490 5698 γάρ
3527 5643 3616 5696 μοι
3639 5665 3654 5688 ο

2087 5713 2240 5780 φησί,
2265 5711 2362 5780 τὴν
2391 5712 2569 5765 πίστιν
2593 5713 2682 5766 διὰ
2704 5713 2812 5766 τῶν
2837 5713 3011 5785 ἔργων
3037 5730 3154 5766 σου.
3195 5711 3332 5766 Ἀλλ’
3363 5711 3464 5764 οὐκ
3490 5709 3657 5762 ἐστιν·

2138 5868 2174 5926 ,ο
2216 5854 2362 5905 Sani.
2423 5853 2655 5915 ἅπαντες,
2702 5853 2894 5904 melius.
2942 5848 3145 5910 Quidam
3199 5849 3422 5902 ἅπαντας.
3495 5844 3513 5885 ί
3560 5842 3661 5896 Mil

2091 5931 2246 5974 μονον.
