4040 6172
308 299 414 355 595

308 415 477 468 adhuc
507 409 759 465 modicum
790 407 1036 460 robt'st'ttm
1056 421 1190 458 snm.
1222 401 1468 467 Quteretis
1497 415 1592 464 me,
1620 408 1666 451 et
1691 414 1788 450 non
1809 397 1885 450 iu-

308 505 512 560 venietis
541 511 626 557 :et
653 505 782 556 sicut
825 499 932 553 dixi
972 495 1192 562 ludatis,
1224 494 1320 551 υιη
1357 509 1448 565 ego
1484 509 1595 546 sum
1617 534 1630 556 ,
1666 507 1750 544 ros
1790 507 1889 543 non

309 595 512 668 potestis
538 594 734 653 venire;
761 599 805 645 et
833 591 968 645 vobis
989 589 1100 642 dico
1130 588 1298 641 modo.
1343 586 1459 642 Jam
1493 585 1657 639 tristia
1686 582 1892 638 orditur

313 697 428 758 post
448 701 677 741 cmuam.
701 683 829 737 Natu
853 697 974 736 cum
995 681 1158 735 ludas
1178 679 1360 744 exivit,
1382 693 1484 732 non
1510 691 1727 746 vespera
1751 683 1888 737 erat,

309 779 401 832 sed
433 793 558 831 nox.
607 776 739 830 Cum
780 774 922 828 enim
964 771 1120 841 paulo
1149 779 1266 840 post
1292 769 1569 824 adventuri
1597 776 1778 822 essent
1803 766 1889 834 qui

310 869 455 922 illum
486 874 756 936 caperent,
781 861 1060 931 oportebat
1086 862 1263 915 omnia
1287 861 1388 914 illis
1412 857 1810 921 commendare,
1837 864 1894 910 ut

311 958 566 1014 memoria
594 956 887 1011 retinerent
919 971 932 1007 :
963 953 1070 1006 into
1099 953 1274 1021 potius
1302 950 1531 1019 Spiritus
1557 951 1734 1005 omnia
1763 947 1892 1016 ipsis

310 1049 654 1121 sitggerebat;
683 1046 954 1115 multaque
981 1051 1126 1110 tunc,
1159 1052 1218 1097 ut
1242 1042 1528 1097 verisimile
1553 1050 1654 1105 est,
1678 1040 1889 1110 abiece-

313 1152 454 1203 runt,
480 1147 664 1209 utpote
692 1137 778 1208 qui
810 1146 935 1191 tunc
963 1135 1188 1204 primutn
1221 1133 1498 1200 audirent,
1529 1143 1583 1187 et
1609 1141 1684 1186 tot
1717 1140 1892 1185 tenta-

303 1235 482 1288 ‘tiones
511 1230 713 1300 passuri
740 1236 937 1284 essent.
970 1226 1099 1281 Nam
1123 1227 1210 1296 qui
1242 1227 1292 1279 in
1315 1240 1559 1280 somnum
1588 1240 1696 1294 pra:
1724 1225 1891 1277 tristi-

313 1326 380 1378 tia
411 1323 542 1392 lapsi
568 1320 873 1385 sunt,utait
892 1319 1029 1372 alius
1051 1317 1374 1386 evangelista
1395 1315 1545 1385 (Luc.
1569 1316 1659 1369 22.
1693 1316 1784 1386 45)
1805 1332 1818 1380 ;
1840 1325 1894 1370 et

308 1417 427 1483 ipse
451 1427 663 1483 quoque
691 1411 936 1465 Christus
967 1409 1038 1462 ait
1062 1423 1076 1466 :
1110 1407 1216 1462 Sed
1245 1408 1362 1477 quia
1386 1407 1494 1460 hcce
1523 1407 1754 1476 loquutus
1781 1423 1894 1460 sum

315 1507 469 1567 vobis.
499 1505 699 1558 tristitia
724 1503 945 1572 implevit
974 1519 1059 1554 cor
1088 1511 1300 1555 vestrum
1328 1500 1504 1573 (Joan.
1535 1501 1618 1554 l6.
1644 1499 1733 1569 6);
1763 1515 1896 1568 quo-

315 1597 473 1651 modo
502 1597 614 1651 hzrc
640 1596 816 1650 omnia
857 1604 1106 1649 accurate
1146 1593 1378 1648 retinere
1420 1593 1750 1661 potuissent?
1789 1592 1893 1652 Sed

314 1704 406 1742 cur
437 1688 537 1742 illis
564 1686 910 1740 dicebantur?
949 1683 1064 1739 Non
1111 1685 1377 1739 modicum
1424 1683 1552 1754 ipsis
1593 1685 1796 1738 lucrum
1828 1683 1894 1738 ad

313 1779 506 1833 Christi
539 1779 760 1848 gloriam
791 1778 1107 1832 obveniebat
1130 1819 1144 1842 ,
1177 1777 1318 1847 quod
1360 1777 1473 1832 hare
1511 1779 1654 1833 clare
1696 1777 1896 1832 scirent

316 1880 522 1938 postca,
545 1871 668 1922 dum
687 1869 1090 1923 recordarentur
1108 1884 1165 1922 se
1183 1868 1294 1920 haec
1319 1882 1348 1920 a
1376 1864 1588 1920 Christo
1608 1867 1812 1922 audivis
1841 1883 1891 1924 e.

313 1961 424 2012 Cur
453 1969 629 2013 autem
661 1959 867 2012 illorum
895 1959 1128 2012 animum
1154 1959 1298 2026 prius
1327 1956 1528 2027 dejicit,
1554 1956 1759 2023 dicens,
1790 1958 1895 2011 Ad-

318 2050 418 2102 huc
455 2049 703 2102 modicum
739 2059 930 2119 tempus
966 2050 1216 2103 vobiscum
1254 2049 1402 2102 sum?
1436 2048 1636 2104 JlldiBiS
1664 2065 1891 2119 namque

313 2141 434 2210 jure
475 2141 745 2195 dicebatur
767 2185 782 2209 ,
814 2157 910 2196 nos
937 2157 1064 2196 vero
1093 2157 1255 2212 quare
1283 2157 1401 2195 cum
1435 2141 1654 2210 ingratis
1682 2142 1784 2196 illis
1815 2144 1896 2195 lo-

313 2234 441 2287 cas?
466 2233 678 2287 Minime
705 2233 859 2287 facio.
893 2233 957 2287 Et
979 2248 1072 2286 cur
1092 2234 1187 2296 ait,
1221 2233 1363 2287 Sicut
1389 2233 1496 2285 dixi
1522 2231 1761 2287 Judwis?
1788 2233 1896 2288 Re-

315 2326 462 2379 dnxit
487 2327 536 2379 in
566 2327 906 2391 memoriam,
938 2326 1060 2395 quia
1085 2342 1187 2379 non
1214 2341 1353 2379 nunc
1381 2326 1450 2378 ob
1478 2326 1735 2380 malorum
1763 2343 1897 2397 pra:-

315 2418 540 2470 sentiam
583 2417 695 2470 haec
744 2417 1019 2486 praedixit,
1071 2416 1164 2471 sed
1210 2417 1318 2486 jam
1367 2416 1490 2470 olim
1538 2418 1894 2485 prmviderat,

318 2509 525 2578 ipsique
565 2518 725 2563 testes
761 2517 943 2573 erant,
987 2509 1075 2578 qtti
1120 2508 1395 2564 audierant
1438 2509 1608 2576 ipsum
1651 2508 1763 2562 hare
1802 2508 1898 2562 Ju-

315 2597 446 2652 daeis
475 2599 761 2653 dicentem.
794 2598 970 2666 Quare
1012 2598 1215 2652 addidit
1249 2595 1380 2652 illud
1400 2638 1415 2664 ,
1455 2598 1664 2662 Filioli;
1693 2608 1748 2652 ut
1776 2614 1896 2654 cum

315 2688 559 2743 audirent
601 2689 726 2742 illud
753 2729 767 2752 ,
816 2688 963 2743 Sicut
1004 2688 1110 2743 dixi
1153 2687 1384 2751 Iudaeis,
1434 2704 1501 2743 ne
1545 2698 1788 2758 putarent
1826 2691 1902 2744 si-

321 2781 430 2835 mili
478 2781 636 2836 modo
680 2781 781 2836 sibi
825 2780 1024 2835 dictum
1073 2781 1253 2835 fuisse.
1309 2780 1421 2834 Non
1476 2797 1602 2850 ergo
1659 2790 1715 2834 ut
1764 2780 1899 2850 deji-

315 2885 457 2929 ceret
503 2875 713 2928 illorum
757 2876 964 2928 animos
1009 2875 1107 2929 hoc
1150 2874 1317 2940 dixit,
1359 2873 1451 2928 sed
1499 2884 1551 2926 ut
1589 2874 1899 2928 Consolare-

323 2978 440 3030 tur,
483 2980 548 3018 ne
591 2965 968 3032 inexspectata:
998 2979 1248 3017 :l-rumme
1282 2962 1425 3032 ipsos
1456 2963 1750 3016 turbarent.
1787 2963 1900 3029 Quo

317 3073 408 3129 ego
446 3057 607 3121 vado,
642 3072 726 3108 vos
763 3071 862 3107 non
907 3055 1109 3122 potestis
1154 3056 1335 3107 venire.
1385 3054 1629 3108 Ostendit
1672 3065 1898 3108 mortem

317 3162 465 3201 suam
511 3160 631 3199 esse
675 3145 1073 3207 translationem
1101 3153 1155 3198 ct
1185 3145 1460 3198 transitum
1492 3145 1557 3198 ad
1596 3145 1816 3198 meliora
1846 3152 1901 3198 et

315 3236 382 3291 ad
409 3236 582 3289 locum
609 3233 973 3303 corruptibilia
997 3248 1218 3302 corpora
1253 3251 1355 3286 non
1385 3234 1748 3304 recipientem.
1772 3234 1900 3288 Haec

318 3342 477 3398 porro
513 3326 640 3380 dicit
679 3325 836 3379 etiam
868 3333 924 3378 ut
952 3339 1138 3379 eorum
1171 3339 1294 3392 erga
1337 3339 1396 3378 se
1429 3340 1666 3378 amorem
1705 3326 1902 3378 excitet

318 3428 372 3473 et
399 3416 769 3473 ferventiorcm
795 3414 1010 3469 efliciat.
1037 3414 1194 3470 Scitis
1215 3416 1355 3468 enim
1378 3429 1496 3469 cum
1513 3415 1720 3484 aliquos
1746 3415 1900 3470 nobis

317 3508 668 3562 amicissimos
692 3505 930 3560 videmus
951 3505 1320 3567 abscedentes.
1345 3520 1439 3561 nos
1465 3507 1630 3575 magis
1651 3506 1897 3573 incendi;

320 3599 554 3653 maxime
595 3612 715 3651 cum
761 3596 999 3650 videmus
1035 3610 1128 3650 eos
1169 3596 1220 3649 in
1259 3597 1432 3652 locum
1472 3598 1767 3652 concedere
1795 3611 1901 3665 quo

319 3703 418 3742 nos
444 3690 520 3742 ire
551 3703 652 3741 non
677 3702 975 3755 possumus.
1009 3684 1078 3741 Ut
1101 3701 1228 3756 ergo
1257 3685 1470 3741 Judzcos
1501 3696 1761 3750 terreret,
1786 3685 1903 3740 haec

317 3779 472 3845 dixit,
490 3789 649 3848 utque
664 3779 1042 3847 discipulorum
1061 3795 1296 3833 amorem
1316 3778 1642 3844 incenderet.
1659 3778 1800 3832 Talis
1822 3787 1903 3832 est

319 3870 408 3924 ille
454 3871 620 3934 locus,
655 3885 760 3938 quo
806 3884 910 3924 non
951 3870 1027 3923 illi
1069 3871 1249 3935 modo,
1281 3869 1374 3924 sed
1423 3884 1522 3924 nec
1561 3884 1653 3924 vos
1694 3885 1904 3940 quoque

317 3960 626 4014 amicissimi
672 3960 887 4029 possitis
929 3960 1132 4014 venire.
1191 3960 1286 4014 llic
1332 3975 1541 4030 quoque
1587 3961 1899 4030 dignitatem

319 4065 470 4104 suam
503 4050 754 4104 ostendit.
784 4049 850 4103 Et
872 4051 1006 4104 vobis
1031 4051 1142 4103 dico
1168 4051 1335 4104 modo.
1369 4051 1493 4116 Cur,
1523 4052 1709 4105 modo?
1737 4052 1904 4106 Aliter

322 4143 448 4207 illis,
471 4143 624 4195 aliter
652 4142 830 4206 vobis;
863 4142 915 4195 id
937 4149 1036 4205 est,
1061 4156 1164 4195 non
1195 4157 1314 4196 cum
1346 4142 1469 4197 illis.
1498 4140 1725 4197 Ubinam
1754 4143 1902 4196 illum

320 4232 872 4302 qumsieruntJudmi?
900 4233 986 4288 ubi
1008 4233 1289 4302 discipuli?
1320 4233 1589 4302 Discipuli,
1612 4250 1731 4287 cum
1760 4233 1905 4304 fuge-

323 4334 475 4388 rent;
507 4324 674 4380 Judaai
700 4341 859 4389 vero,
892 4325 1105 4394 quando
1135 4326 1184 4377 in
1221 4324 1553 4379 calamitates
1584 4325 1825 4395 ingentes
1851 4333 1908 4380 et

324 4418 586 4472 inauditas
614 4419 944 4482 inciderunt,
980 4417 1109 4470 urbe
1147 4425 1296 4485 capta
1321 4458 1334 4481 ,
1367 4423 1422 4469 et
1447 4417 1522 4469 ira
1556 4417 1645 4470 Dei
1675 4416 1906 4485 undique

327 4512 445 4564 illos
473 4511 908 4566 circumsidente.
957 4509 1240 4577 Discipulis
1265 4523 1394 4577 ergo
1425 4517 1548 4562 tunc
1579 4518 1792 4578 propter
1820 4508 1906 4562 in-

323 4604 692 4658 credulitatem
723 4603 790 4657 ita
821 4602 1068 4672 loquutus
1095 4610 1176 4655 est
1205 4619 1218 4654 :
1245 4599 1396 4654 vobis
1425 4614 1564 4653 nunc
1588 4614 1705 4668 ego,
1742 4615 1808 4652 ne
1830 4599 1912 4652 in-

323 4702 683 4764 exSpectatam
711 4693 945 4747 subeatis
965 4692 1345 4747 calamitatem.
1373 4692 1461 4745 3i.
1488 4689 1788 4743 Mandatum
1817 4707 1910 4744 no-

323 4801 439 4838 vum
487 4785 551 4837 do
592 4784 750 4839 vobis.
801 4782 931 4837 Cum
979 4784 1121 4839 enim
1167 4783 1452 4837 verisimile
1495 4792 1636 4837 esset
1681 4783 1816 4841 illos.
1847 4782 1910 4836 iis

324 4877 542 4938 auditis,
572 4893 634 4931 ac
669 4878 714 4932 si
758 4877 952 4931 deserti
995 4892 1210 4946 prorsus
1248 4886 1447 4941 essent,
1479 4876 1529 4927 in
1554 4875 1911 4944 perturbatio-

327 4986 449 5025 nem
477 4970 788 5040 delapsuros
812 4986 932 5024 esse
957 4987 969 5021 :
995 4969 1301 5024 consolatur
1339 4969 1481 5036 ipsos
1503 5010 1518 5034 ,
1551 4969 1786 5020 omnium
1818 4969 1913 5021 bo-

327 5077 518 5115 norum
564 5063 738 5116 radice
776 5062 842 5114 ad
887 5062 1230 5115 securitatem
1271 5061 1512 5112 muniens
1552 5073 1675 5125 eos,
1719 5074 1911 5126 nempe

325 5154 586 5216 caritate;
616 5166 676 5204 ac
698 5153 741 5204 si
772 5153 975 5205 diceret
1001 5169 1016 5206 :
1044 5151 1124 5204 Me
1151 5151 1377 5203 abeunte
1402 5149 1626 5201 doletis?
1652 5164 1833 5202 verum
1866 5148 1911 5201 si

328 5256 426 5294 vos
453 5251 636 5294 mutuo
662 5242 912 5310 diligatis,
938 5241 1187 5294 fortiores
1218 5240 1386 5292 eritis.
1415 5239 1521 5292 Cur
1549 5254 1676 5306 ergo
1709 5254 1812 5290 non
1841 5239 1910 5291 ita

328 5333 500 5386 dixit?
546 5333 676 5399 Quia
703 5334 840 5401 quod
872 5333 1027 5400 longe
1069 5332 1246 5383 utilius
1283 5339 1394 5384 erat
1431 5330 1689 5398 protulit:
1724 5329 1811 5382 55.
1851 5328 1913 5381 In

327 5427 426 5478 hoc
446 5436 742 5495 cognoscent
764 5440 933 5478 omnes
954 5423 1087 5492 quod
1108 5422 1339 5487 discipuli
1367 5421 1460 5474 mei
1485 5424 1617 5473 estis.
1652 5419 1743 5472 llis
1769 5421 1912 5473 enim

329 5516 674 5584 significavit,
697 5515 918 5569 chorum
941 5529 1096 5569 suum
1120 5530 1403 5582 numquam
1429 5528 1549 5566 esse
1575 5512 1908 5578 solvendum,

331 5617 618 5677 postquam
649 5608 746 5658 hoc
773 5606 1023 5659 indicium
1053 5604 1154 5657 illis
1181 5603 1415 5656 dederat.
1454 5602 1562 5656 lloc
1592 5618 1718 5655 vero
1745 5602 1910 5665 dixit,

329 5697 549 5769 quando
577 5696 814 5767 proditor
833 5694 900 5748 ab
931 5693 1033 5748 illis
1060 5703 1334 5762 separatus
1359 5703 1458 5748 est.
1487 5695 1592 5747 Cur
1610 5704 1786 5748 autem
1814 5695 1912 5749 hoc

1288 285 1353 343 IN
1390 281 1700 343 JOANNEM
1743 281 1967 336 llOMlL.
2011 280 2219 338 LXXII.
2259 285 2332 338 al.
2376 285 2556 340 LXXI.

3460 295 3565 351 59.5

1999 395 2306 452 mandatum
2338 399 2464 454 dicit
2490 417 2680 455 novum
2711 417 2829 458 esse
2853 446 2866 472 ,
2900 407 3040 474 quod
3072 408 3124 462 in
3159 409 3334 466 Veteri
3361 428 3576 483 quoque

1996 484 2340 542 Testamento
2363 490 2588 558 positum
2611 494 2760 547 erat?
2788 495 2903 562 Ipse
2931 497 3058 552 illud
3087 515 3278 556 novum
3309 503 3433 560 fecit
3461 505 3577 574 ipso

1997 576 2336 645 praecipiendi
2370 580 2560 643 modo;
2595 582 2770 638 intulit
2792 586 2957 648 enim,
2987 588 3133 643 Sicut
3155 592 3309 646 dilexi
3329 609 3434 652 vos.
3463 596 3576 652 Non

1995 665 2136 757 enim
2165 668 2356 722 vestris
2381 673 2804 739 prmi-edentibus
2833 679 3034 734 meritis
3057 681 3294 739 debitum
3324 690 3576 757 persolvi,

1995 756 2090 810 sed
2123 757 2239 826 ipse
2267 762 2404 829 cmpi
2426 803 2440 828 ,
2479 762 2664 832 inquit.
2709 765 2798 820 Sic
2823 776 2878 822 et
2903 784 2996 824 vos
3025 782 3237 841 oportet
3269 779 3455 833 amicis
3482 756 3577 836 ve?-

1997 849 2122 904 stris
2162 849 2415 906 beneﬁcia
2448 865 2701 922 praestare
2725 897 2739 922 ,
2783 858 2930 913 nullo
2965 860 3146 918 debito
3173 865 3481 925 obstrictos.
3515 873 3580 926 Et

1996 942 2211 996 omissis
2235 945 2505 1000 miraculis
2529 962 2648 1016 quas
2675 949 2869 1004 edituri
2900 963 3089 1021 erant,
3118 971 3181 1010 ex
3208 958 3431 1016 caritate
3461 963 3581 1018 illos

1996 1033 2291 1102 distinguit.
2324 1036 2532 1103 Quare?
2561 1038 2692 1106 Quia
2723 1040 2824 1094 hoc
2851 1043 3081 1099 maxime
3107 1057 3412 1104 sanctorum
3445 1052 3582 1106 indi-

1997 1125 2136 1179 cium
2161 1135 2214 1180 ct
2239 1141 2607 1196 argumentum
2628 1139 2746 1188 est:
2774 1148 2985 1188 omnem
3011 1137 3208 1207 quippe
3231 1138 3429 1196 indicat
3453 1158 3578 1198 sau-

2000 1219 2258 1272 ctitatem.
2310 1218 2411 1274 Per
2445 1220 2547 1274 hoc
2573 1222 2800 1277 maxime
2827 1239 3014 1280 omnes
3037 1226 3262 1284 salutem
3294 1238 3582 1303 consequi-

1999 1325 2138 1362 mur.
2205 1309 2317 1365 Hoc
2367 1320 2488 1374 est,
2539 1313 2746 1382 inquit,
2793 1330 2912 1369 esse
2963 1317 3301 1388 discipulum.
3351 1323 3441 1380 Sic
3489 1341 3582 1382 vos

1998 1401 2286 1457 laudabunt
2305 1418 2513 1471 omnes,
2543 1419 2664 1459 cum
2694 1421 2788 1461 vos
2818 1407 3050 1464 viderint
3075 1429 3246 1467 meam
3276 1416 3467 1472 imitari
3496 1419 3582 1474 di-

1999 1491 2303 1547 lectionem.

2069 1586 2121 1640 4.
2155 1585 2291 1651 Quid
2334 1587 2498 1656 ergo?
2542 1603 2720 1643 annon
2765 1591 2944 1660 potius
2974 1593 3074 1649 hoc
3105 1595 3354 1652 miracula
3395 1611 3580 1656 osten-

1999 1674 2162 1729 dunt?
2191 1675 2429 1731 Minime.
2460 1677 2615 1731 Multi
2641 1681 2773 1733 enim
2804 1682 2970 1736 dicent
2996 1699 3016 1737 :
3043 1683 3262 1742 Domine
3281 1731 3294 1752 ,
3329 1708 3494 1745 nonne
3528 1695 3580 1748 in

1999 1768 2199 1820 nomine
2224 1776 2310 1820 tuo
2335 1769 2585 1822 da'monia
2625 1772 2851 1838 eiicimus
2895 1775 2912 1841 (
2931 1772 3117 1828 Matth.
3147 1778 3179 1830 Ἰ
3227 1779 3297 1832 22
3318 1782 3372 1850 )?
3400 1796 3448 1835 et
3486 1784 3585 1838 εω-

1999 1873 2137 1922 rum,
2166 1858 2519 1928 gaudentibus
2544 1861 2692 1930 ipsis,
2722 1864 2862 1932 quod
2890 1863 3151 1922 daemonia
3179 1869 3278 1924 sibi
3312 1885 3576 1941 parerent,

1998 1947 2126 2002 dicit
2150 1966 2162 2000 :
2197 1948 2280 2002 Nc
2306 1949 2574 2020 gaudeatis
2609 1954 2728 2024 quia
2756 1954 3007 2009 daemonia
3045 1959 3179 2013 vobis
3208 1962 3582 2032 subjiciuntur;

1999 2038 2087 2091 sed
2111 2039 2229 2108 quia
2256 2040 2460 2092 nomina
2491 2050 2654 2095 vestra
2677 2044 2868 2114 scripta
2893 2057 3010 2100 sunt
3044 2049 3096 2102 in
3125 2050 3261 2109 ca'lis
3292 2051 3460 2124 (Luc.
3497 2058 3578 2111 IO.

1998 2130 2113 2200 20).
2139 2131 2299 2201 Atqui
2329 2131 2428 2188 hoc
2450 2133 2638 2189 orbem
2661 2135 2902 2203 adduxit,
2919 2140 3041 2209 quia
3067 2141 3192 2196 illud
3215 2143 3324 2214 jam
3357 2148 3539 2204 aderat
3565 2169 3580 2206 :

2000 2220 2044 2274 si
2094 2221 2222 2274 illud
2269 2237 2374 2276 non
2421 2222 2700 2293 adfuisset,
2731 2227 2830 2282 hoc
2879 2245 2984 2285 non
3029 2235 3331 2290 mansisset.
3377 2238 3582 2298 Caritas

2000 2315 2139 2366 enim
2169 2313 2288 2370 illos
2307 2315 2484 2370 statim
2514 2315 2681 2373 bonos
2703 2320 3002 2392 probosque
3026 2324 3274 2390 reddidit,
3303 2328 3582 2403 elfecitque

2002 2411 2059 2455 ut
2084 2419 2270 2459 omnes
2297 2421 2457 2460 unum
2479 2421 2572 2462 cor
2597 2417 2650 2463 et
2670 2410 2843 2463 anima
2867 2423 3068 2470 essent.
3099 2415 3230 2472 Nam
3254 2420 3298 2473 si
3319 2419 3582 2477 dissensio

2002 2492 2207 2560 fillSMﬂ,
2239 2497 2415 2549 omnia
2445 2498 2678 2566 peritura
2708 2511 2881 2554 erant.
2913 2502 3095 2574 Neque
3119 2507 3223 2562 illis
3252 2517 3454 2564 tantum
3482 2512 3582 2566 hoc

2002 2582 2252 2652 loquutus
2280 2595 2362 2640 est
2381 2627 2395 2652 ,
2427 2586 2521 2641 sed
2551 2597 2603 2642 et
2632 2590 2879 2645 omnibus
2910 2592 2963 2646 in
2996 2595 3164 2663 ipsum
3197 2610 3375 2666 postea
3404 2601 3581 2656 credi-

2005 2675 2136 2728 turis
2167 2691 2179 2726 :
2208 2675 2468 2744 siquidem
2493 2687 2545 2732 et
2569 2693 2708 2732 nunc
2733 2679 2864 2736 nihil
2888 2682 3030 2737 aliud
3056 2687 3340 2754 gentilibus
3359 2690 3583 2748 olfcudi-

2001 2767 2120 2819 culo
2149 2776 2250 2832 est,
2279 2783 2434 2836 quam
2473 2769 2614 2838 quod
2656 2772 2849 2825 caritas
2880 2789 2982 2827 non
3012 2776 3168 2830 adsit.
3198 2780 3304 2844 At,
3334 2783 3538 2852 inquies
3563 2823 3579 2851 ,

2001 2870 2100 2910 nos
2129 2872 2340 2927 quoque
2370 2870 2596 2929 arguunt
2621 2862 2760 2930 quod
2786 2862 2932 2932 signa
2955 2881 3060 2920 non
3085 2867 3230 2924 ﬁant.
3261 2869 3448 2925 Verum
3477 2891 3582 2929 non

2001 2966 2169 3022 usque
2210 2955 2364 3008 adeo.
2413 2954 2467 3008 In
2504 2973 2613 3026 quo
2650 2970 2826 3014 autem
2857 2961 3195 3021 dilectionem
3236 2971 3586 3027 ostenderunt

2001 3045 2269 3112 apostoli?
2312 3045 2494 3102 Videu‘
2539 3048 2752 3103 Petrum
2793 3062 2847 3105 et
2885 3053 3147 3111 Joannem
3179 3059 3266 3128 qui
3294 3077 3580 3132 numquam

2001 3145 2336 3204 separantur,
2367 3138 2418 3191 in
2449 3141 2702 3210 templum
2728 3144 3114 3202 ascendentes?
3142 3150 3313 3205 viden‘
3337 3152 3579 3218 Paulum,

2002 3239 2109 3293 quo
2139 3240 2332 3294 nempe
2363 3228 2431 3281 sit
2463 3242 2586 3298 erga
2626 3230 2744 3285 illos
2782 3231 3003 3301 all'ectu;
3048 3247 3102 3291 et
3132 3246 3306 3295 tamen
3334 3241 3587 3299 dubitas?

2001 3315 2134 3370 Nam
2164 3319 2206 3371 si
2234 3318 2354 3372 aliis
2393 3317 2608 3374 fuerunt
2637 3323 2916 3378 virtutibus
2942 3327 3206 3398 instructi,
3232 3333 3399 3387 multo
3420 3337 3588 3406 magis

2006 3409 2267 3462 honorum
2299 3422 2520 3465 matrem
2550 3414 2919 3481 possederunt.
2952 3419 3076 3474 Haec
3095 3422 3290 3494 quippe
3318 3425 3387 3480 ab
3413 3429 3586 3483 anima

2006 3497 2200 3555 virtute
2225 3501 2446 3570 prmdita
2476 3506 2771 3573 germinat;
2802 3518 2856 3562 at
2883 3509 2969 3564 ubi
2997 3515 3231 3582 nequitia
3263 3526 3365 3577 est.
3398 3533 3586 3576 exare-

2005 3590 2124 3644 scit.
2156 3589 2282 3645 Cum
2307 3592 2634 3648 abundaverit
2658 3598 2915 3667 iniquitas,
2941 3601 3130 3672 inquit,
3150 3609 3440 3679 refrigescet
3464 3614 3592 3666 cat-io

2006 3690 2081 3734 tas
2106 3683 2378 3736 multorum
2404 3683 2424 3756 (
2447 3683 2634 3739 Matth.
2665 3687 2754 3743 24.
2783 3689 2850 3744 12
2871 3692 2910 3761 ).
2941 3692 3181 3751 Gentiles
3208 3710 3356 3755 certe
3385 3717 3488 3756 non
3517 3704 3587 3758 ita

2008 3783 2224 3829 movent
2251 3775 2422 3846 signa,
2444 3788 2503 3831 ut
2528 3780 2633 3834 vita
2665 3798 2681 3835 :
2709 3781 2868 3835 vitam
2896 3783 3025 3839 nihil
3050 3787 3119 3842 ita
3147 3789 3392 3861 inStituit,
3425 3803 3481 3849 ut
3511 3794 3593 3852 di-

2007 3864 2184 3920 lectio.
2208 3864 2338 3920 Nam
2360 3867 2631 3938 signorum
2661 3869 2892 3928 editores
2919 3873 3235 3945 deceptores
3258 3896 3400 3949 saepe
3425 3899 3587 3939 voca-

2007 3963 2164 4020 runt;
2206 3957 2370 4011 vitam
2397 3973 2524 4013 vero
2553 3976 2737 4030 puram
2769 3979 3056 4034 numquam
3095 3983 3315 4038 carpere
3345 3984 3584 4040 possunt.

2007 4047 2270 4113 Quamdiu
2294 4065 2419 4117 ergo
2443 4051 2748 4115 prmdicatio
2774 4069 2878 4108 non
2904 4065 3106 4109 tantum
3137 4059 3450 4125 profect'rat.
3470 4063 3592 4132 jure

2009 4141 2156 4209 signa
2190 4140 2240 4193 in
2268 4141 2620 4197 admiratione
2649 4154 2802 4198 erant
2830 4163 2844 4199 :
2874 4161 3014 4200 nunc
3043 4156 3220 4202 autem
3248 4166 3312 4204 ex
3345 4152 3448 4206 vita
3489 4155 3592 4208 mi-

2010 4229 2204 4284 rabiles
2230 4245 2349 4284 esse
2373 4239 2601 4299 oportet.
2624 4231 2767 4287 Nihil
2799 4235 2942 4289 enim
2973 4239 3198 4305 gentiles
3227 4240 3294 4293 ita
3330 4243 3512 4309 allicit,
3539 4258 3596 4302 ut

2009 4323 2214 4377 virtus:
2261 4325 2388 4378 nihil
2422 4326 2492 4379 ita
2524 4326 2629 4381 illis
2657 4327 2978 4384 oll'endiculo
3014 4342 3113 4399 est,
3149 4345 3206 4388 ut
3243 4337 3592 4410 improbitas;

2011 4423 2065 4468 et
2099 4415 2217 4482 jure
2254 4415 2490 4484 quidem.
2533 4417 2662 4472 Cum
2702 4419 2843 4472 enim
2874 4421 3064 4476 viderit
3090 4439 3307 4480 avarum
3334 4441 3388 4482 et
3412 4442 3594 4500 rapto-

2014 4522 2124 4560 rem
2165 4508 2430 4561 contraria
2476 4509 2904 4580 pra-cipientem,
2951 4529 3179 4586 eumque
3218 4518 3307 4588 qni
3355 4521 3597 4580 inimicos

2011 4599 2486 4668 diligerejubetur,
2513 4601 2563 4654 in
2589 4604 2913 4659 contribules
2940 4621 3065 4661 suos
3088 4649 3103 4670 ,
3135 4619 3400 4681 tamquam
3433 4614 3484 4669 in
3514 4616 3595 4672 fe-

2015 4705 2120 4753 ras,
2145 4691 2478 4758 smvienlem,
2511 4709 2674 4762 nugas
2701 4704 2961 4764 prmcepta
2987 4695 3072 4751 illa
3094 4701 3322 4756 vocabit.
3355 4702 3487 4759 Cum
3519 4708 3598 4761 vi-

2015 4781 2155 4834 derit
2175 4783 2477 4850 quempiam
2509 4785 2696 4838 mortis
2719 4783 3002 4842 formidine
3031 4800 3276 4859 captum,
3307 4811 3412 4864 quo
3445 4809 3598 4866 pacto

2015 4872 2430 4928 inunortalitatis
2472 4875 2768 4931 doctrinam
2808 4879 3065 4950 accipiet?
3109 4885 3240 4939 Cum
3283 4891 3598 4945 ambitiosos

2015 4967 2223 5028 viderit,
2256 4970 2480 5038 aliisque
2516 4972 2678 5026 animi
2717 4974 2914 5028 morbis
2954 4986 3140 5046 captos
3163 5019 3178 5044 ,
3223 4981 3393 5046 potius
3423 4982 3472 5034 iu
3502 4997 3598 5036 sua

2016 5059 2252 5112 manebit
2280 5061 2541 5115 sententia
2565 5103 2579 5128 ,
2625 5062 2863 5134 nihilque
2889 5065 2958 5120 de
2988 5068 3142 5122 nobis
3162 5084 3412 5138 magnum
3445 5082 3599 5139 puta-

2017 5146 2113 5201 bit.
2141 5148 2248 5202 Nos
2278 5151 2442 5213 enim,
2474 5167 2571 5208 nos
2599 5155 2779 5222 utique
2820 5155 2874 5209 in
2910 5171 3068 5211 causa
3105 5172 3290 5212 sumus
3319 5175 3414 5213 cur
3439 5162 3510 5215 illi
3546 5164 3598 5217 in

2018 5250 2114 5291 suo
2162 5254 2345 5294 errore
2396 5243 2701 5310 persistant.
2747 5243 2878 5298 Nam
2938 5247 3231 5300 doctrinam
3286 5249 3428 5304 illam
3474 5255 3600 5308 olim

2019 5343 2166 5382 suam
2197 5334 2556 5399 repudiarunt,
2587 5343 2644 5389 et
2674 5345 2854 5389 nostra
2885 5337 3250 5404 admirantur;
3279 5342 3372 5394 sed
3404 5360 3468 5396 ex
3499 5347 3601 5399 vita

2020 5430 2197 5473 nostra
2223 5435 2492 5477 arcentur.
2536 5425 2666 5478 Natu
2692 5426 2869 5480 verbis
2900 5429 3258 5497 philosophari
3292 5431 3446 5489 facile
3473 5449 3556 5491 est
3587 5457 3601 5492 :

2022 5513 2172 5565 multi
2196 5514 2334 5566 enim
2366 5515 2503 5582 apud
2533 5517 2650 5569 illos
2679 5516 2730 5569 id
2757 5517 3001 5572 fecerunt
3025 5537 3038 5572 :
3061 5520 3235 5576 adhuc
3262 5538 3391 5579 vero
3425 5531 3603 5597 requi-

2023 5613 2143 5655 runt
2183 5619 2343 5670 opera
2388 5605 2544 5657 bona.
2576 5606 2794 5661 Veteres
2827 5609 2948 5664 illos
2974 5615 3062 5681 qui
3092 5615 3228 5683 apud
3263 5633 3360 5671 nos
3390 5620 3598 5678 fuerunt

2031 5698 2340 5763 recogitent.
2372 5699 2438 5751 At
2468 5697 2540 5752 illi
2572 5716 2672 5754 non
2701 5702 2922 5758 credunt
2949 5747 2963 5772 ,
2995 5716 3048 5764 ct
3074 5723 3169 5764 nos
3195 5725 3485 5780 praesentes
3511 5712 3605 5766 ob-
