4040 6172
499 291 606 348 3’5

501 411 736 463 servant.
767 397 1004 456 Ostende
1044 394 1224 457 nobis,
1263 391 1528 460 inquiunt,
1561 387 1718 442 [idem
1761 400 1856 455 per
1897 396 2080 453 opera.

505 497 630 552 Haec
671 506 930 561 nusquam
973 496 1114 543 sunt.
1162 485 1266 541 Sed
1292 498 1413 538 cum
1444 495 1542 536 nos
1563 479 1744 534 vident
1780 479 2080 548 plusquam

503 590 642 642 teras
671 584 944 656 proximos
973 591 1183 634 nostros
1217 577 1520 644 discerpere
1543 613 1558 638 ,
1604 586 1702 625 nos
1727 571 1873 624 orbis
1902 569 2082 638 perui-

502 680 640 733 ciem
669 683 882 730 vocant.
915 673 1041 726 llaec
1061 668 1292 741 gentiles
1317 666 1568 725 retinent,
1598 678 1665 718 ne
1690 661 1756 716 ad
1784 675 1881 714 nos
1908 669 2083 713 trans—

504 777 649 824 eant.
699 767 879 835 Itaque
907 779 1003 818 nos
1032 763 1219 816 horum
1251 772 1438 829 pCBttas
1462 754 1710 809 dabimus
1731 792 1746 817 ,
1779 766 1886 806 non
1914 751 2086 804 solum

502 861 646 933 quod
675 860 813 914 mala
847 864 1217 927 perpetremus
1239 892 1253 915 ,
1284 849 1378 904 sed
1407 848 1566 902 etiam
1595 844 1736 914 quod
1765 857 1958 933 nomen
1992 841 2085 895 Dei

507 932 923 1022 blasphemetur.
979 947 1265 1012 Quousque
1310 938 1568 1010 pecuniis,
1611 934 1816 990 deliciis
1862 932 2088 1000 aliisque

506 1044 648 1097 vitiis
693 1040 856 1094 dediti
890 1040 906 1070 ¹
953 1034 1187 1091 erimus?
1235 1031 1610 1086 Abstineamus
1653 1025 1907 1095 denique.
1950 1022 2088 1077 Audi

505 1135 632 1206 quid
653 1134 721 1189 de
746 1130 1061 1203 quibusdam
1090 1123 1372 1182 insensatis
1398 1122 1540 1176 dicat
1569 1117 1824 1189 pr0pheta
1859 1134 1872 1169 :
1901 1114 2081 1170 Come-

573 1251 591 1281 ί
614 1252 748 1296 Putat
786 1244 970 1294 Boisius
992 1238 1277 1303 legendum,
1301 1232 1464 1294 vincti,
1489 1244 1661 1282 verum
1681 1230 1791 1279 sine
1815 1225 1912 1277 ulla
1935 1234 2089 1276 nanu-

507 1310 792 1372 scriptorum
804 1306 1105 1354 auctoritate.

1248 280 1300 333 S.
1341 274 1616 332 JOANNIS
1652 268 2124 328 CIIIWSOSTOMI
2165 265 2481 322 AllCIIlEP.
2521 265 3055 322 CONS'I‘ANTINOP.

2184 380 2364 432 danais
2389 389 2434 432 et
2461 379 2686 432 bibamus
2709 396 2726 432 .°
2753 395 2866 432 cras
2891 382 3022 432 enim
3043 379 3314 432 moriemur
3336 378 3353 447 (
3377 375 3501 430 Isai.
3531 376 3620 431 22.
3651 380 3772 449 l5).

3671 267 3777 322 396

2192 470 2264 524 De
2296 471 2646 538 praesentibus
2670 469 2770 526 hoc
2793 470 2972 526 dicere
3012 485 3119 524 non
3155 483 3440 537 possumus
3472 485 3488 522 :
3519 469 3588 522 ita
3625 470 3780 523 multi

2189 563 2426 614 omnium
2449 561 2585 615 bona
2610 562 2917 617 absorbent.
2948 562 3097 628 Quod
3128 562 3232 616 illis
3263 576 3330 616 ex
3343 560 3605 631 probraus
3631 561 3782 617 diec-

2192 653 2275 707 bal
2324 653 2578 723 propheta
2609 673 2622 708 :
2656 653 2919 722 Numquid
2952 654 3049 708 soli
3075 653 3361 706 habitabilis
3385 662 3572 706 terram
3603 651 3623 723 (
3646 651 3777 705 lsai.

2190 745 2242 800 5.
2275 745 2371 815 8)?
2399 744 2754 812 Quamobrem
2788 748 2950 800 timeo
2974 761 3040 801 ue
3059 745 3185 815 quid
3213 745 3336 800 mali
3364 744 3591 809 accidat,
3617 754 3672 798 et
3698 748 3780 796 ιιι-

2189 847 2406 906 gentem
2425 836 2578 892 nobis
2601 836 2932 891 attrahamus
2956 836 3046 891 Dei
3072 835 3349 891 ultionem.
3386 835 3538 904 Quod
3568 850 3637 891 ne
3664 836 3778 900 liat,

2192 927 2439 981 virtutem
2462 942 2810 982 exerceamus
2828 943 3040 982 omnem
3062 969 3078 993 ,
3103 936 3159 982 ut
3181 927 3354 981 futura
3386 942 3773 996 consequamur

2194 1016 2352 1083 bona,
2377 1019 2542 1087 gratia
2565 1027 2618 1074 et
2643 1019 2964 1088 benignitate
2989 1018 3195 1072 Domini
3219 1018 3386 1072 nostri
3407 1017 3532 1073 Iesu
3552 1017 3776 1082 Clu-isti,

2195 1121 2289 1174 per
2331 1123 2488 1175 quem
2532 1119 2584 1163 ct
2625 1125 2746 1163 cum
2774 1124 2880 1179 quo
2911 1109 3054 1164 Patri
3081 1110 3286 1180 gloria,
3319 1124 3527 1180 unaque
3556 1110 3780 1179 Spiritui

2195 1206 2416 1262 sancto,
2457 1213 2596 1254 nunc
2635 1208 2690 1253 et
2731 1213 2944 1270 semper
2994 1210 3049 1256 et
3093 1201 3144 1255 in
3195 1200 3389 1256 saecula
3434 1201 3776 1257 saecularium

2194 1285 2387 1340 Amen.

558 1401 3770 1429 .________————————————_~——-———————__—__—_——__

1801 1479 2141 1542 HOMILIA
2185 1482 2476 1548 LXXIII.

504 1626 632 1680 Car.
680 1623 764 1678 15.
813 1637 862 1674 v.
895 1619 984 1675 36.
1029 1616 1163 1671 Dicit
1205 1613 1382 1670 Simon
1421 1610 1601 1665 Petrus
1634 1623 1651 1659 :
1682 1604 1933 1666 Domine,
1985 1616 2083 1671 quo

579 1716 764 1770 nudis?
797 1710 1069 1783 Respondit
1100 1708 1144 1761 ei
1171 1705 1321 1759 Iesus
1351 1720 1369 1758 :
1411 1702 1523 1769 Quo
1561 1716 1653 1769 ego
1680 1698 1829 1762 vado,
1858 1711 1957 1747 non
1991 1709 2085 1762 po-

578 1819 648 1860 tes
679 1807 816 1873 sequi
847 1819 923 1856 me
952 1799 1136 1864 modo;
1166 1795 1384 1865 sequeris
1414 1801 1580 1846 autem
1612 1798 1802 1858 postea.

585 1901 634 1953 l.
681 1897 820 1951 Petri
845 1895 1037 1962 ferreus
1064 1890 1278 1942 animus.
1313 1883 1527 1937 Dilectio
1551 1881 1658 1934 sine
1678 1893 1900 1948 superna
1925 1875 2089 1946 gratia

509 1991 635 2045 nihil
675 1998 769 2042 est.
798 2014 870 2026 —-
896 1982 1140 2051 Magnum
1167 1975 1438 2048 quidpiam
1462 1970 1698 2034 dilectio,
1743 1977 1799 2023 et
1835 1967 1954 2036 igne
1993 1980 2088 2020 ve-

510 2079 842 2138 hementius,
888 2071 1028 2143 quod
1070 2068 1136 2124 ad
1178 2070 1350 2137 ipsum
1390 2063 1577 2118 caalum
1605 2058 1839 2114 sustollit
1869 2075 1882 2112 :
1913 2055 2089 2110 nullus

512 2181 685 2242 potest
724 2168 864 2222 obex
894 2165 1147 2232 impetum
1179 2158 1295 2227 ejus
1324 2155 1597 2209 cohibere.
1643 2147 2091 2205 Ferventissinins

511 2237 670 2336 igitur
697 2260 907 2321 Petrus,
948 2269 1068 2308 cum
1094 2250 1335 2306 audisset
1363 2247 1651 2336 dicentem:
1683 2241 1794 2336 Quo
1823 2255 1910 2310 ego
1937 2237 2088 2300 vado,

508 2333 595 2408 vos
623 2368 723 2405 non
758 2346 963 2420 potestis
991 2343 1179 2409 venire,
1225 2339 1352 2410 quid
1401 2336 1570 2392 dicit?
1608 2333 1843 2396 Domine,
1873 2345 1970 2400 quo
2005 2345 2093 2382 oa-

509 2445 628 2499 dis.’
654 2443 764 2497 Hoc
791 2448 967 2494 autem
995 2435 1226 2500 dicebat,
1259 2447 1364 2511 non
1392 2439 1498 2484 tam
1533 2424 1795 2491 discendi,
1821 2437 1980 2494 quam
2005 2435 2092 2476 se-

509 2536 706 2608 queudi
749 2533 896 2588 illum
939 2528 1228 2585 desiderio.
1261 2524 1374 2579 Non
1400 2534 1561 2577 ausus
1586 2527 1732 2575 certe
1759 2526 1839 2572 est
1868 2514 2087 2608 dicere,

515 2602 716 2689 \lenio;
764 2623 856 2678 sed
881 2622 973 2686 ait,
1030 2618 1141 2686 Quo
1168 2615 1347 2672 vadis?
1372 2613 1614 2668 Christus
1642 2625 1746 2664 non
1777 2605 1974 2666 verbis.
1997 2602 2090 2657 sed

512 2721 689 2772 animo
718 2715 834 2784 ejus
863 2710 1165 2781 respondet,
1203 2719 1258 2761 ut
1287 2722 1351 2761 ex
1379 2705 1508 2774 ipsis
1543 2701 1660 2771 ejus
1698 2698 1878 2754 verbis
1920 2696 2090 2765 palam

514 2807 631 2862 est?
653 2805 789 2872 Quid
816 2803 956 2858 enim
983 2801 1088 2854 ait?
1111 2798 1224 2865 Quo
1249 2812 1340 2867 ego
1367 2794 1518 2856 vado,
1551 2808 1651 2846 non
1681 2799 1819 2859 potes
1841 2787 1988 2840 modo
2017 2799 2095 2838 me

514 2899 670 2965 sequi.
699 2895 880 2950 Viden‘
917 2893 1065 2947 illum
1093 2889 1239 2959 sequi
1268 2886 1556 2956 optavisse,
1604 2882 1831 2951 ideoque
1861 2879 2091 2933 interro-

515 2988 710 3060 gasse?
751 2985 817 3042 Ut
844 2982 1043 3037 audivit
1069 2989 1265 3045 autem,
1300 2977 1536 3046 Sequeris
1565 2982 1736 3040 postea
1756 3011 1770 3036 ,
1818 2982 1996 3060 neque
2019 2967 2094 3021 sic

517 3059 842 3135 desiderium
873 3073 1132 3137 cohibuit,
1163 3071 1262 3125 etsi
1286 3066 1605 3137 sperandum
1632 3062 1877 3126 audiret;
1908 3059 2002 3113 sed
2029 3074 2094 3113 eo

519 3170 663 3224 venit
692 3177 746 3221 ut
771 3165 975 3220 diceret
1006 3179 1019 3214 :
1054 3161 1140 3216 57.
1184 3159 1352 3226 Quare
1380 3172 1479 3209 non
1506 3169 1710 3223 possum
1745 3161 1792 3205 te
1817 3149 1956 3213 sequi
1983 3163 2092 3201 mo-

517 3264 583 3317 do
601 3264 626 3315 ε’
645 3259 879 3314 Animam
899 3270 1059 3308 meam
1083 3268 1174 3323 pro
1204 3260 1250 3304 te
1281 3264 1486 3320 ponam.
1511 3246 1642 3314 Quia
1669 3243 1811 3299 enim
1840 3241 2094 3312 proditio-

520 3353 603 3408 nis
632 3359 828 3404 metum
860 3346 1213 3416 deposuerat,
1268 3351 1320 3396 et
1361 3340 1502 3394 inter
1531 3335 1725 3406 probos
1753 3331 2092 3393 censebatur,

516 3461 638 3502 cum
669 3442 855 3497 ﬁducia
883 3438 1121 3502 demum,
1150 3434 1268 3489 aliis
1293 3431 1594 3494 silentibus,
1618 3426 1936 3483 sciscitatur.
1958 3423 2094 3492 Quid

516 3537 615 3602 ais,
634 3534 792 3589 Petre
809 3533 834 3586 ?
854 3530 982 3585 dicit
1011 3528 1122 3593 ille,
1150 3525 1270 3581 Non
1293 3533 1465 3595 potes;
1491 3530 1544 3576 et
1575 3530 1629 3575 tu
1654 3517 1808 3582 dicis,
1829 3515 2096 3574 Possum?

521 3625 900 3696 Experimento
927 3622 1105 3690 itaque
1129 3618 1278 3674 dices
1302 3615 1641 3671 dilectionem
1683 3620 1826 3666 tuam
1859 3611 1975 3665 sine
2002 3625 2094 3664 su-

521 3733 680 3788 perna
709 3714 875 3784 gratia
903 3711 1036 3766 nihil
1061 3725 1198 3766 esse.
1221 3706 1373 3764 Unde
1397 3705 1572 3777 palam
1600 3711 1704 3770 est,
1737 3717 1858 3758 eum
1886 3697 2093 3770 lapsum

518 3809 670 3863 illum
692 3805 757 3860 ad
782 3805 1060 3858 utilitatem
1090 3800 1230 3855 Petri
1262 3797 1588 3869 permisisse.
1617 3793 1844 3850 Volebat
1880 3791 2093 3863 quidem

520 3900 770 3955 Christus
811 3897 892 3950 his
928 3893 1150 3964 prolatis
1181 3890 1357 3946 verbis
1384 3889 1556 3958 ipsum
1593 3887 1872 3942 instituere
1916 3901 1930 3939 :
1973 3883 2095 3952 quia

519 4009 646 4048 vero
672 3991 760 4047 ille
801 3991 854 4044 in
885 3983 1218 4042 vehementia
1258 3997 1350 4038 sua
1381 3979 1774 4052 perseverabat,
1821 3992 1924 4030 nou
1956 3975 2092 4045 inje-

516 4089 591 4143 cit
626 4084 861 4156 quidvm,
894 4095 1066 4150 neque
1103 4077 1313 4145 impulit
1335 4075 1401 4129 ad
1437 4073 1794 4143 negationem,
1823 4068 1916 4123 sed
1942 4067 2094 4122 dese-

518 4181 641 4243 ruit,
673 4185 729 4232 ut
756 4189 904 4230 suam
939 4171 1203 4228 edisceret
1233 4167 1616 4223 inﬁrmitatem.
1663 4163 1802 4217 Dixit
1839 4159 1994 4214 Iesus
2037 4172 2096 4212 se

518 4268 829 4323 tradendum
859 4264 1012 4328 fore;
1062 4259 1337 4330 respondit
1373 4258 1462 4312 ille
1495 4275 1508 4309 :
1545 4255 1806 4326 Propitius
1833 4262 1938 4307 esto
1969 4251 2056 4304 tibi
2075 4267 2094 4304 :

520 4377 620 4413 non
659 4361 750 4412 erit
795 4357 883 4410 tibi
937 4356 1029 4407 hoc
1069 4352 1300 4422 (Matth.
1334 4351 1419 4404 ili.
1452 4347 1582 4418 22).
1629 4347 1940 4416 Correptus,
1988 4360 2090 4399 non

515 4449 826 4506 emendatus
847 4457 964 4508 est;
992 4445 1083 4501 sed
1107 4460 1226 4499 eum
1259 4443 1416 4497 vellet
1442 4443 1539 4510 ipsi
1567 4440 1722 4496 Iesus
1753 4439 1916 4509 pedes
1942 4439 2091 4492 lava-

519 4558 598 4604 re,
629 4542 781 4605 dixit,
830 4537 950 4592 Non
990 4536 1178 4589 lavtrbis
1216 4533 1339 4586 milii
1368 4532 1514 4602 pedes
1545 4532 1596 4583 in
1624 4541 1867 4583 internum
1901 4531 1939 4581 ³.
1981 4530 2092 4581 Λυ-

519 4633 673 4685 diens
699 4641 934 4691 rursum,
967 4623 1090 4678 Non
1111 4637 1252 4694 potes
1286 4637 1366 4676 me
1397 4622 1538 4689 sequi
1566 4620 1714 4673 modo
1733 4660 1749 4686 ,
1775 4619 1906 4674 dicit
1937 4636 1951 4672 :
1982 4616 2092 4672 Etsi

518 4736 691 4774 omnes
716 4729 762 4772 te
787 4716 1092 4786 negaverint,
1140 4729 1230 4782 ego
1270 4728 1369 4764 non
1405 4709 1613 4780 negabo.
1659 4709 1790 4775 Quia
1827 4710 1985 4780 igitur
2014 4711 2088 4762 vi-

519 4814 649 4868 dere
667 4819 784 4867 erat
808 4808 952 4863 illum
984 4806 1034 4860 in
1061 4803 1418 4874 arrogantiam
1441 4801 1679 4878 prolabi,
1725 4800 2092 4854 contradicere

519 4904 886 4965 meditantem,
940 4907 1121 4954 monet
1161 4897 1376 4952 demum
1416 4910 1483 4950 ne
1505 4902 1784 4963 repugnet.
1826 4892 1879 4947 id
1930 4908 2090 4963 porro

515 4995 859 5054 subindicans
879 4991 1070 5056 Lucas,
1099 4989 1299 5044 dixisse
1329 4988 1474 5043 illum
1504 4986 1578 5040 ait
1605 5003 1619 5038 :
1652 4985 1717 5040 Et
1761 5001 1852 5056 ego
1903 5001 1995 5055 pro
2044 4995 2090 5040 te

513 5088 708 5161 rogavi,
750 5095 806 5142 ut
851 5100 954 5140 non
996 5083 1228 5152 deﬁceret
1263 5078 1392 5149 fides
1434 5087 1522 5132 tua
1560 5077 1710 5149 (Luc.
1742 5079 1833 5132 2‘2.
1866 5078 2000 5148 3‘2);
2033 5078 2087 5133 id

510 5194 591 5239 est
611 5223 626 5245 ,
656 5177 736 5234 Ne
772 5189 990 5248 prorsus
1019 5183 1071 5229 et
1100 5187 1269 5244 usque
1298 5171 1351 5226 in
1380 5171 1537 5224 linem
1564 5184 1751 5241 pereas
1780 5186 1795 5225 :
1828 5171 1881 5224 in
1912 5171 2086 5225 omni-

510 5276 607 5328 bus
634 5269 985 5324 humilitatem
1005 5265 1224 5330 docens,
1271 5271 1324 5317 et
1348 5277 1576 5334 arguens
1606 5263 1889 5318 humanam
1927 5273 2084 5317 natu-

509 5379 622 5416 ram
656 5377 750 5430 per
774 5375 831 5413 se
862 5358 994 5414 nihil
1020 5373 1158 5413 esse.
1197 5356 1328 5424 Quia
1372 5355 1513 5410 enim
1554 5354 1857 5411 dilectionis
1904 5356 1986 5408 vis
2030 5356 2079 5408 id

509 5450 794 5514 efﬁciebat,
822 5459 877 5502 ut
904 5447 968 5502 ad
999 5445 1472 5502 contradicendum
1502 5455 1717 5514 paratus
1742 5455 1904 5509 esset,
1935 5445 2081 5500 illum

505 5538 572 5590 ad
604 5537 1023 5604 resipiscendum
1050 5547 1256 5603 monet,
1289 5551 1355 5590 ne
1385 5545 1568 5605 postea
1599 5535 1650 5589 in
1678 5533 1908 5605 idipsum
1947 5535 2080 5590 inci-

571 5689 588 5719 ³
622 5685 719 5736 Alii
739 5683 927 5748 legunt,
951 5697 1043 5736 non
1065 5684 1154 5736 hoc
1172 5683 1325 5749 facies
1347 5686 1397 5736 in
1416 5693 1666 5738 animum.

2196 1603 2366 1669 deret,
2397 1621 2516 1663 cum
2545 1611 2692 1666 orbis
2713 1613 2876 1669 totius
2903 1613 3414 1671 administrationem
3447 1621 3777 1688 susciperet;

2193 1695 2288 1750 sed
2322 1707 2374 1751 ut
2403 1715 2609 1754 memor
2637 1718 2824 1758 eorum
2863 1721 2982 1775 quae
3021 1706 3122 1761 sibi
3157 1709 3485 1775 acciderant,
3542 1711 3778 1780 seipstnu

2193 1802 2558 1858 Cognosceret.
2609 1795 2675 1849 Et
2721 1796 2841 1851 vide
2879 1807 3111 1868 quantus
3152 1800 3220 1853 sit
3263 1800 3463 1869 lapsus.
3494 1799 3609 1855 Non
3635 1805 3779 1857 enim

2195 1881 2360 1935 semel
2390 1892 2481 1936 aut
2502 1884 2602 1948 bis,
2628 1887 2719 1940 sed
2748 1902 2982 1956 eousque
3013 1891 3290 1960 processit,
3323 1901 3380 1945 ut
3410 1892 3643 1947 breviter
3669 1909 3778 1948 ne—

2195 1981 2381 2038 garet;
2437 1982 2493 2028 nt
2535 1975 2763 2032 disceret
2802 1993 2860 2032 se
2899 1994 3004 2033 non
3046 1980 3116 2033 ita
3160 1981 3430 2047 dilexisse,
3468 1992 3526 2036 ut
3554 1984 3780 2037 dilectus

2197 2059 2388 2116 fuerat.
2423 2065 2666 2120 Attamen
2695 2067 2742 2121 ei
2773 2073 2860 2138 qui
2891 2068 2960 2122 ita
2992 2070 3171 2138 lapsus
3204 2069 3395 2136 fuerat,
3441 2088 3650 2127 rursum
3701 2075 3781 2126 «li-

2196 2154 2268 2207 cit
2302 2172 2314 2207 :
2347 2153 2528 2226 Diligis
2558 2175 2634 2211 me
2655 2159 2768 2228 plus
2799 2159 2918 2214 Itis?
2948 2161 3127 2231 itaque
3154 2178 3257 2216 non
3281 2163 3421 2232 quod
3448 2163 3669 2234 frigidus
3696 2182 3781 2220 es-

2197 2253 2300 2310 set,
2345 2246 2438 2302 sed
2486 2250 2626 2318 quod
2677 2267 2909 2321 superna
2959 2253 3190 2308 nudatus
3232 2263 3378 2310 esset
3419 2269 3542 2325 ope,
3565 2256 3778 2311 cecidit.

2201 2337 2544 2393 Dilectionem
2575 2357 2703 2412 ergo
2729 2343 2872 2397 Petri
2901 2344 3260 2413 amplectitur,
3303 2346 3781 2402 contradictionem

2199 2443 2326 2482 vero
2371 2429 2494 2486 inde
2533 2443 2736 2502 partam
2783 2435 3026 2489 succidit.
3069 2433 3124 2490 Si
3153 2434 3348 2506 diligis,
3397 2437 3563 2492 debes
3587 2437 3781 2492 dilecto

2197 2517 2588 2589 obtemperare.
2626 2523 2765 2578 Dixit
2795 2524 2883 2579 ille
2913 2535 2966 2581 et
2998 2526 3087 2581 tibi
3119 2536 3172 2581 et
3203 2528 3398 2591 sociis,
3446 2527 3566 2583 Non
3595 2540 3734 2599 potes
3763 2548 3780 2584 :

2198 2608 2323 2677 quid
2351 2612 2675 2666 muniendis?
2719 2613 2834 2668 Non
2869 2615 3117 2684 intelligis
3147 2616 3274 2685 quid
3304 2619 3372 2672 sit
3407 2618 3496 2672 Dei
3523 2621 3776 2688 negatio?

2197 2703 2330 2766 Quia
2363 2718 2487 2758 vero
2518 2704 2617 2759 hac
2645 2706 2694 2759 in
2729 2721 2786 2760 re
2817 2722 2918 2761 non
2945 2708 3021 2761 vis
3045 2709 3269 2774 discere,
3304 2724 3409 2763 non
3440 2725 3592 2779 posse
3635 2713 3777 2781 quod

2199 2807 2300 2861 ego
2334 2792 2454 2847 dico
2483 2809 2586 2848 non
2620 2795 2772 2862 ﬁeri;
2826 2798 2876 2850 in
2922 2798 3203 2864 negatione
3246 2809 3332 2853 tua
3372 2801 3422 2854 id
3451 2802 3630 2865 dices,
3682 2805 3780 2859 etsi

2201 2882 2300 2937 hoc
2330 2885 2420 2938 tibi
2450 2885 2759 2941 incredibile
2791 2889 2958 2942 visum
2988 2890 3074 2942 sit.
3110 2890 3221 2944 Hoc
3242 2889 3454 2959 quidem
3478 2893 3780 2956 nesciebas;

2201 2973 2357 3045 hujus
2376 2991 2504 3031 vero
2528 2978 2879 3047 cognitionem
2901 2981 2914 3010 ¹
2937 2979 2988 3032 ἰιι
3015 2980 3192 3034 animo
3211 2980 3468 3046 habebas;
3489 2982 3580 3037 sed
3602 2992 3780 3037 tamen

2199 3075 2384 3119 contra
2407 3081 2566 3137 quam
2589 3069 2936 3138 exspectabas
2965 3070 3178 3125 accidit.
3235 3071 3465 3124 Animam
3493 3088 3654 3126 meum
3686 3092 3783 3144 pro

2201 3164 2247 3207 tc
2271 3158 2475 3225 ponam.
2517 3159 2649 3225 Quia
2691 3160 2831 3216 enim
2878 3161 3123 3216 audierat
3167 3161 3420 3230 majorem
3454 3161 3554 3218 hac
3583 3166 3781 3219 carita-

2202 3254 2306 3300 tem
2330 3248 2594 3302 neminem
2625 3248 2840 3316 habere,
2878 3251 3076 3306 insiluit
3099 3252 3297 3316 statim,
3324 3251 3636 3308 insatiabilis
3657 3270 3780 3310 cum

2200 3346 2343 3393 esset
2380 3347 2436 3394 et
2475 3354 2722 3410 suprema
2769 3343 3034 3414 attingere
3077 3345 3259 3400 vellet.
3320 3346 3391 3400 At
3436 3345 3684 3402 Christus
3726 3358 3780 3402 ut

2201 3428 2465 3493 ostendat,
2488 3429 2556 3484 ad
2586 3446 2644 3486 se
2671 3440 2876 3488 tantum
2903 3433 3172 3503 pertinere
3193 3433 3308 3490 ham
3327 3450 3448 3490 cum
3465 3438 3780 3493 auctoritate

2200 3520 2364 3591 loqui,
2409 3521 2580 3578 dicit:
2615 3523 2703 3579 59.
2745 3523 3024 3595 Antequam
3065 3526 3231 3596 gallus
3264 3537 3470 3593 cantet;
3518 3528 3621 3584 hoc
3665 3541 3776 3595 est,

2202 3627 2361 3666 nunc.
2412 3612 2594 3683 Neque
2617 3614 2758 3669 enim
2787 3615 2945 3686 longe
2973 3616 3156 3672 aberat
3186 3635 3200 3672 :
3234 3618 3555 3689 intempesta
3583 3621 3779 3690 quippe

2202 3714 2356 3759 nocte
2405 3705 2742 3776 loquebatur,
2779 3715 2836 3764 et
2874 3709 2984 3779 jam
3031 3711 3203 3781 prima
3233 3722 3287 3767 et
3329 3714 3560 3768 secunda
3603 3715 3778 3784 vigilia

2201 3799 2548 3865 pratterierat.
2601 3800 2620 3868 (
2649 3799 2776 3870 Cap.
2805 3800 2918 3872 Η.)
2958 3803 3010 3856 i.
3040 3801 3161 3857 Non
3188 3803 3412 3859 turbetur
3435 3821 3524 3860 cor
3544 3817 3776 3861 vestrum.

2203 3888 2312 3944 lloc
2349 3891 2494 3951 dicit.
2540 3893 2661 3961 quia
2710 3893 3005 3952 verisimile
3043 3906 3159 3951 erat
3198 3897 3342 3968 ipsos
3371 3898 3471 3952 ista
3503 3897 3778 3955 audientes

2203 3982 2442 4036 turbatos
2472 3983 2654 4039 fuisse.
2696 3983 2751 4041 Si
2779 3986 2920 4042 enim
2948 3986 3246 4057 coriplueus
3278 3989 3349 4042 ita
3383 3988 3596 4044 fervens
3625 3990 3778 4044 audi-

2200 4075 2276 4129 vit
2313 4086 2624 4143 negaturum
2654 4092 2713 4133 se
2737 4093 2857 4134 esse
2878 4089 3162 4150 antequam
3188 4081 3361 4151 gallus
3394 4091 3475 4137 ter
3502 4092 3774 4147 cantaret;

2199 4165 2456 4223 credibile
2493 4179 2607 4223 erat
2653 4170 2798 4240 ipsos
2843 4187 3090 4241 magnam
3133 4174 3486 4228 calamitatem
3525 4189 3777 4245 passuros

2199 4272 2338 4324 esse,
2385 4274 2501 4327 qua:
2534 4268 2714 4329 posset
2744 4261 2826 4315 vel
2857 4261 3224 4317 adamantinos
3264 4263 3470 4319 animos
3511 4260 3776 4320 evertere.

2198 4348 2330 4416 Quia
2356 4349 2514 4418 igitur
2539 4364 2634 4419 par
2662 4359 2780 4406 erat
2808 4351 2929 4407 illos
2955 4351 3070 4406 haec
3098 4351 3395 4423 cogitantes
3427 4355 3643 4419 terreri,
3664 4356 3778 4409 vide

2199 4440 2468 4509 quomodo
2493 4441 2636 4510 ipsos
2656 4441 2982 4508 consoletur,
3007 4440 3127 4497 Non
3157 4443 3383 4497 turbetur
3410 4460 3499 4498 cor
3524 4455 3739 4500 vestrum
3761 4461 3779 4498 :

2202 4529 2303 4611 hoc
2349 4532 2522 4600 primo
2565 4533 2856 4588 divinitatis
2908 4548 3017 4588 sua:
3061 4536 3314 4591 virtutem
3361 4534 3772 4600 demonstratio,

2173 4620 2340 4690 ’φιοά
2367 4636 2429 4677 ea
2468 4637 2587 4691 qua:
2631 4623 2706 4677 illi
2755 4623 2808 4677 in
2860 4633 3035 4678 mente
3078 4624 3358 4691 habebant,
3393 4625 3508 4696 ipse
3539 4626 3704 4682 sciret
3722 4637 3777 4681 et

2199 4710 2374 4779 palam
2407 4711 2622 4767 faceret.
2676 4712 2892 4768 Creditis
2936 4715 2987 4767 in
3036 4713 3218 4780 Deum,
3263 4725 3312 4769 et
3341 4717 3394 4770 in
3433 4731 3514 4770 me
3549 4717 3774 4780 credite;

2198 4801 2249 4855 id
2277 4813 2380 4867 est,
2428 4817 2615 4858 omnes
2650 4819 2902 4860 mrumna:
2931 4805 3368 4874 pertransibunt.
3402 4805 3540 4877 Nam
3566 4806 3697 4862 ﬁdes
3725 4808 3778 4860 in

2198 4908 2284 4949 me
2311 4902 2365 4947 et
2395 4893 2447 4948 in
2483 4893 2692 4948 Patrem
2722 4894 2907 4952 fortior
2944 4905 3028 4949 est
3065 4898 3318 4951 aerumnis
3361 4897 3634 4964 omnibus,
3680 4911 3779 4951 nec

2197 4985 2340 5039 sinet
2381 4999 2476 5040 vos
2506 4985 2660 5040 malis
2691 4987 2868 5042 obrui.
2896 4987 3099 5043 Deinde
3140 4987 3319 5045 subdit
3361 5005 3377 5043 :
3418 4987 3476 5043 2.
3525 4987 3592 5042 In
3629 4988 3779 5044 donis

2197 5077 2373 5134 Patris
2395 5079 2488 5133 mei
2514 5081 2799 5135 mansiones
2827 5081 3000 5135 multm
3025 5090 3163 5138 sunt.
3205 5081 3275 5136 Ut
3314 5091 3632 5136 maerentem
3673 5079 3777 5135 Pc-

2197 5179 2336 5224 trum
2367 5170 2677 5225 consolatur
2701 5170 2922 5237 dicens,
2968 5171 3206 5240 Sequeris
3250 5183 3419 5226 autem
3460 5181 3636 5241 postea
3660 5187 3682 5225 :
3703 5171 3780 5226 sic

2197 5260 2440 5314 eamdem
2479 5261 2579 5314 illis
2617 5276 2765 5327 Spem
2794 5261 3045 5330 suggerit.
3077 5261 3153 5316 Ne
3184 5269 3432 5330 putarent
3459 5261 3598 5314 enim
3627 5261 3693 5314 ad
3718 5262 3779 5314 ιι.

2195 5352 2301 5407 lum
2321 5354 2490 5406 solum
2518 5353 2914 5420 promissionem
2935 5354 3219 5422 pertinere,
3239 5353 3342 5406 ait:
3360 5351 3422 5405 In
3437 5351 3588 5406 domo
3611 5351 3782 5404 Patris

2193 5445 2290 5497 mei
2329 5444 2611 5499 mansiones
2653 5445 2825 5497 multa:
2864 5454 3023 5504 sunt;
3077 5443 3123 5497 si
3170 5459 3269 5513 quo
3306 5445 3488 5508 minus,
3541 5443 3780 5496 dixissem

2191 5535 2362 5600 vobis,
2393 5535 2510 5604 quia
2562 5535 2689 5588 vado
2730 5550 2911 5602 parare
2952 5535 3086 5588 vobis
3136 5533 3301 5587 locum
3325 5549 3346 5588 :
3377 5533 3431 5590 id
3475 5543 3598 5597 est,
3628 5532 3778 5600 Quod

2258 5691 2274 5721 ι
2312 5688 2405 5737 Alii
2431 5689 2630 5744 habent,
2655 5686 3008 5750 conscientiam,
3034 5702 3148 5753 pro,
3175 5685 3502 5752 cognitionem.
