4040 6172
499 205 604 259 597

507 310 761 381 ’Λφθονία
791 312 899 382 γὰρ
941 314 1058 364 ἐκεῖ
1097 312 1265 381 πολλὴ
1295 311 1652 379 καταγωγίων
1672 350 1689 374 ,
1721 309 1816 363 καὶ
1850 308 1948 362 ούκ
1979 305 2060 360 ἐνι

496 396 671 447 εἰπεῖν
696 396 778 447 ὅτι
808 395 1122 466 ἐτοιμασίας
1148 394 1336 450 δεῖται.
1388 394 1605 465 Ἐπειδὴ
1636 395 1744 465 7&9
1767 389 1937 457 εἶπεν,
1976 393 2059 446 Οὐ

495 473 759 530 δύνασσέ
783 491 886 543 μοι
921 474 1039 528 νῦν
1075 476 1508 549 ἀκολουθῆσαι,
1538 482 1624 535 ἵνα
1668 484 1743 547 μὴ
1771 483 2063 553 νομίσωσιν

492 557 574 618 είς
608 555 757 617 τέλος
792 557 1123 626 ἐκκεκόφθαι
1143 599 1158 622 ,
1188 560 1465 633 ἐπήγαγεν
1483 577 1508 605 ι
1530 580 1544 595 ο
1573 564 1723 628 Ἵνα,
1763 563 1913 618 ὅπου
1955 560 2070 630 ἐγώ

490 639 629 704 ειμι,
666 636 763 690 καί
800 639 969 707 ὑμεῖς
994 641 1118 694 ἐκεῖ
1150 637 1275 712 ἦτε,
1303 645 1582 717 Τοσαύτην
1612 647 1753 718 ὺπέρ
1786 646 1879 699 τοῦ
1925 646 2064 717 πρά-

491 734 701 788 γματος
738 721 929 774 τούτου
970 728 1277 797 πεποίημαι
1315 728 1415 799 τὴν
1446 731 1717 802 σπουδὴν,
1745 731 1825 783 ὅτι
1853 731 1954 801 ἥδη
2001 729 2069 782 ἂν

490 802 682 855 τούτου
710 804 999 874 ἐγενόμην,
1033 807 1081 858 εἰ
1117 809 1193 878 μὴ
1229 809 1397 864 πάλαι
1428 811 1578 885 [451]
1602 814 1729 885 ὑμῖν
1761 810 2068 883 παρεσκεύ-

491 903 658 945 αστο.
704 887 916 951 δεικνὺς
958 890 1038 943 ὅτι
1079 891 1283 963 σφόδρα
1322 894 1519 959 αὐτοὺς
1556 896 1662 968 χρὴ
1701 895 1924 968 θαρρεῖν
1971 894 2066 949 κα)⁸

492 971 833 1024 πεποιθέναι.

565 1051 632 1121 β’.
664 1048 793 1105 Εἶτα
826 1053 912 1106 ἵνα
945 1054 1019 1125 μὴ
1038 1053 1163 1127 δόξῃ
1178 1055 1366 1128 ῶσπερ
1388 1057 1727 1129 ψυχαγωγῶν
1752 1060 1948 1122 αὐτοὺς
1980 1056 2069 1112 λέο

491 1152 632 1204 γειν,
696 1136 831 1190 ἀλλά
884 1138 1244 1192 πιστεύσωσιν
1282 1141 1364 1193 ὅτι
1410 1140 1582 1206 οὕτως
1624 1143 1803 1203 ἐστὶν,
1841 1142 2062 1210 ἐπάγει·

490 1218 599 1271 Kal
640 1218 793 1273 ὅπου
821 1219 1030 1288 ὑπάγω
1073 1220 1305 1289 οῑδατε,
1353 1224 1452 1277 καὶ
1497 1224 1612 1291 τὴν
1661 1224 1804 1277 ὁδὸν
1843 1224 2062 1280 οἴδατε.

501 1301 664 1372 Ὁρᾷς
695 1303 811 1365 πῶς
832 1302 1046 1354 δίδωσιν
1083 1304 1267 1367 αὐτοῖς
1299 1305 1573 1372 ἀπόδειξιν
1620 1304 1713 1358 τοῦ
1766 1306 1839 1376 μὴ
1880 1305 2064 1370 ἁπλῶς

488 1383 661 1437 ταῦτα
695 1383 942 1455 εἰρῆσθαι
966 1401 981 1448 ;
1014 1384 1186 1438 Τοῦτο
1215 1386 1271 1438 δέ
1294 1386 1441 1454 λέγει
1469 1388 1520 1452 b,
1552 1387 1672 1440 ἐπεὶ
1696 1387 1930 1440 συνεῖδεν
1961 1388 2059 1441 αύ-

487 1466 597 1518 τῶν
627 1468 724 1536 τὴν
770 1466 944 1536 ψυχὴν
989 1465 1147 1520 τοῦτο
1178 1467 1363 1522 λοιπὸν
1410 1468 1680 1539 ζητοῦσαν
1732 1469 1945 1540 μαθεῖν.
2000 1471 2061 1524 Ὀ

490 1548 590 1618 μὲν
629 1549 740 1620 7&9
773 1550 977 1619 Πέτρος
1015 1551 1112 1620 ούχ
1168 1551 1308 1623 ὑπὲρ
1352 1551 1447 1605 τοῦ
1499 1552 1709 1624 μαθεῖν,
1758 1552 1874 1605 ἀλλ’
1920 1552 2061 1607 ῶστε

485 1630 867 1700 ἀκολουθῆσαι,
899 1631 1083 1700 ἔλεγεν
1112 1633 1250 1703 ὅπερ
1286 1633 1490 1701 ἔλεγεν.
1534 1633 1755 1705 Ἐπειδὴ
1793 1634 1850 1688 δέ
1881 1635 2062 1688 ἐπετι-

487 1713 635 1785 μήθη
673 1715 902 1779 ἐκεῖνος,
934 1715 1031 1768 καὶ
1058 1714 1088 1767 6
1115 1715 1253 1779 τέως
1282 1715 1542 1770 ἀδύνατον
1575 1716 1751 1770 ἐδόκει
1778 1712 1935 1778 εἶναι.
1965 1717 2060 1770 δυ-

484 1796 646 1849 νατὸν
674 1796 833 1860 αὐτὸς
854 1798 1174 1869 ἀπεφήνατο
1199 1808 1249 1863 ε,
1270 1798 1530 1853 ἀδύνατον
1552 1798 1609 1852 δέ
1629 1799 1814 1867 φανὲν,
1835 1801 1916 1861 εἰς
1939 1801 2041 1852 ἐπι·

487 1877 686 1949 θυμίαν
707 1880 869 1933 αὑτὸν
900 1880 1075 1951 ἤγαγε
1099 1879 1192 1933 τοῦ
1215 1881 1419 1949 γνῶναι
1442 1880 1581 1951 μετά
1599 1880 1884 1952 ἀκριϐείας
1905 1881 2056 1934 αύτόο

485 1962 576 2017 διὰ
600 1963 755 2017 τοῦτο
774 1962 984 2027 τούτοις
1008 1963 1161 2034 φησί’
1181 1964 1290 2018 Καὶ
1306 1962 1421 2031 τὴν
1439 1962 1587 2018 ὀδόν
1600 1963 1819 2017 οἴδατε.
1849 1964 2018 2017 Ὦσπε
2025 1983 2058 2034 ρ

485 2046 594 2116 7&9
617 2044 807 2110 εἰπὼν,
843 2046 1183 2115 Ἄπαρνήσῃ
1212 2061 1310 2116 με.
1339 2045 1567 2117 μηδενὸς
1593 2046 1763 2117 μηδὲν
1792 2046 2060 2115 7190:9057-

486 2127 749 2198 ξαμένου,
787 2129 882 2182 καὶ
925 2130 994 2182 τὰ
1037 2130 1096 2182 ἐν
1139 2132 1205 2200 τῇ
1254 2128 1450 2199 καρδίᾳ
1480 2128 1716 2198 ἐρευνῶν
1749 2127 1923 2197 ἔλεγε,
1958 2128 2056 2198 Μὴ

483 2210 868 2278 ταράττεσθε·
891 2210 1034 2264 οὕτω
1063 2212 1157 2265 καί¹
1187 2210 1421 2265 ἐνταῦθα
1451 2210 1642 2274 είπὼν,
1682 2212 1762 2266 ὅτι
1808 2211 2051 2276 Οῖδατε,

483 2292 579 2364 τὴν
604 2293 901 2365 ἐπιθυμίαν
938 2294 1126 2365 ἐδήλου
1156 2292 1253 2363 τὴν
1289 2294 1347 2346 ἐν
1385 2297 1450 2365 τῇ
1482 2293 1690 2365 διανοίᾳ
1717 2293 1928 2360 αὐτῶν,
1964 2297 2059 2348 καὶ

482 2376 643 2440 αὐτὸς
675 2378 857 2439 αὐτοῖς
892 2376 1073 2429 δίδωσι
1118 2377 1391 2447 πρόφασιν
1421 2376 1514 2430 τοῦ
1543 2377 1837 2448 ἐρωτῆσαι.
1873 2377 1946 2430 Τὸ
1974 2377 2054 2442 δὲ,

483 2460 607 2515 Ποῦ
630 2459 878 2530 ὑπάγεις
900 2477 919 2524 ;
947 2460 1152 2531 Πέτρος
1174 2460 1273 2530 μέν
1294 2461 1401 2514 ἀπὸ
1428 2458 1804 2533 φιλοστοργίας
1828 2460 2052 2530 πολλῆς,

481 2543 681 2613 Θωμᾶς
699 2542 755 2596 δὲ
777 2543 883 2596 ἀπὸ
902 2541 1102 2605 δειλίας
1121 2542 1287 2611 λέγει.
1314 2544 1511 2611 Κύριε,
1539 2544 1649 2596 οὐκ
1671 2542 1916 2610 οἴδαμεν
1934 2542 2053 2595 ποῦ

480 2627 749 2696 ὑπάγεις.
792 2625 895 2678 Τὸν
924 2625 1086 2679 τόπον
1114 2626 1214 2679 οὐκ
1248 2625 1423 2695 ἴσμεν,
1457 2624 1624 2695 φησί’
1655 2624 1753 2678 καί
1794 2624 1908 2692 τὴν
1932 2624 2061 2678 ἐκεῖ

480 2710 790 2779 φέρουσαν
818 2709 961 2763 ὁδὸν
992 2708 1117 2775 πῶς
1145 2710 1456 2777 είσόμεθα;
1499 2707 1602 2761 Καὶ
1634 2706 1737 2778 ὅρα
1779 2706 1896 2777 μεθ’
1921 2708 2049 2778 ὅσης

483 2792 807 2862 ὑποστολῆς.
831 2792 905 2845 Ού
930 2792 1038 2863 γὰρ
1066 2790 1239 2855 εἶπεν,
1263 2792 1397 2845 Εἰπέ
1427 2793 1559 2863 ἡμῖν
1588 2791 1678 2844 τὸν
1704 2791 1886 2844 τόπον·
1912 2791 2048 2854 ἀλλ’,

483 2878 605 2928 Οὐκ
628 2874 873 2943 οἴδαμεν
887 2877 1004 2929 ποῦ
1033 2874 1301 2944 ὑπάγεις.
1328 2875 1497 2927 Τοῦτο
1524 2874 1633 2946 γὰρ
1662 2875 1826 2928 πάλαι
1850 2876 2050 2939 πάντες

483 2959 679 3029 μαθεῖν
703 2958 909 3012 ὥδινον.
939 2958 999 3012 Εἰ
1021 2958 1129 3028 γὰρ
1162 2958 1401 3010 Ἰουδαῖοι
1421 2956 1712 3026 διηπόρουν
1739 2957 2048 3018 ἀκούοντες,

478 3043 656 3096 καίτοι
681 3059 744 3110 γε
765 3041 1141 3110 ἀπαλλαγῆναι
1161 3039 1324 3093 αὐτοῦ
1355 3039 1686 3110 βουλόμενοι,
1714 3039 1894 3109 πολλῷ
1923 3040 2052 3108 μᾶλα

478 3125 571 3177 λον
594 3125 645 3178 οί
675 3124 943 3194 μηδέποτε
970 3122 1134 3175 αὑτοῦ
1158 3122 1490 3192 χωρισθῆναι
1514 3120 1826 3191 βουλόμενοι
1859 3122 2050 3192 μαθεῖν

479 3206 690 3276 ἤθελον.
741 3204 1131 3259 Ἐδεδοίκεισαν
1180 3204 1278 3273 μὲν
1317 3200 1411 3257 οὖν
1457 3203 1619 3257 αὐτὸν
1673 3204 1947 3274 ἐρωτῆσαι
1975 3207 2046 3267 θ’,

482 3288 727 3343 ἐσωτῶσι
770 3287 829 3340 δὲ
865 3287 1045 3357 ὅμως,
1077 3286 1184 3339 ἀπό
1229 3303 1290 3339 τε
1339 3287 1434 3339 τοῦ
1470 3285 1666 3341 πολλοῦ
1694 3285 1718 3325 ι¹
1760 3287 1923 3338 πόθου
1955 3287 2051 3340 καὶ

477 3370 577 3441 τῆς
610 3371 866 3438 ἀγωνίας.
900 3369 965 3424 Τί
988 3365 1082 3423 οὗν
1118 3372 1147 3423 ό
1175 3370 1439 3441 Χριστός;
1487 3368 1628 3438 Ἐγώ
1675 3371 1793 3439 εἶμι
1830 3370 1868 3436 ἡ
1909 3369 2049 3437 ὀδ“ς

358 3442 361 3445 ’
476 3454 577 3508 και
615 3455 654 3523 ἠ
684 3453 936 3520 ἀλήθεια
963 3454 1061 3507 και
1090 3452 1129 3521 ἠ
1162 3452 1294 3521 ζωή.
1324 3453 1533 3519 Οὐδεὶς
1572 3453 1819 3506 δύναται
1850 3452 2049 3507 ἐλθεῖν

475 3536 624 3605 πρὸς
666 3536 775 3590 τὸν
806 3537 1055 3604 Πατέρα,
1085 3538 1139 3591 ει
1169 3533 1256 3604 μὴ
1295 3536 1369 3590 δι’
1400 3535 1567 3605 ἐμοῦ.
1601 3535 1666 3589 Τί
1697 3530 1788 3589 οὖν
1819 3536 1920 3589 οὐκ
1957 3536 2047 3589 εὐ-

475 3619 613 3683 θέως
657 3618 952 3691 ἐρωτηθεὶς
1001 3618 1153 3691 παρά
1183 3618 1278 3673 τοῦ
1315 3617 1553 3688 Πέτρου,
1586 3617 1712 3673 Ποῦ
1758 3619 2043 3688 ὐπὰγεις;

475 3697 647 3765 εἶπεν,
704 3701 846 3772 Ἐγὼ
880 3703 1015 3773 πρὸς
1043 3703 1134 3755 τὸν
1165 3702 1385 3772 Πατέρα
1420 3701 1725 3771 πορεύομαι
1748 3718 1761 3731 ⁵
1804 3704 1959 3773 ὑμεῖς
1987 3703 2044 3756 δέ

474 3785 537 3840 ού
570 3783 798 3838 δύνασθε
825 3783 998 3837 ἐλθεῖν
1031 3783 1125 3838 νῦν
1148 3801 1163 3816 ο
1202 3784 1339 3838 ἀλλά
1374 3785 1643 3838 τοσούτων
1676 3785 1926 3839 ἐνέϐαλεν
1959 3786 2048 3838 λό-

473 3886 585 3936 γων
620 3868 889 3940 περίοδον,
923 3868 1222 3939 ἐρωτήσεις
1263 3867 1359 3920 καὶ
1390 3867 1709 3937 ἀποκρίσεις
1739 3868 2002 3932 συντιθείς
2024 3910 2039 3935 ,

487 3952 757 4017 Ἰουδαίοις
789 3952 886 4023 μὲν
914 3952 1023 4023 7&9
1056 3950 1278 4015 εἰκότως
1306 3949 1464 4004 τοῦτο
1486 3950 1584 4002 οὐκ
1620 3949 1772 4019 ἐλεγε
1792 3966 1806 3981 ’
1834 3953 2042 4017 τούτοις

470 4035 528 4088 δέ
568 4036 744 4103 διατί;
781 4031 915 4089 Εἷπε
970 4035 1069 4106 μὲν
1111 4034 1207 4088 καὶ
1235 4033 1446 4096 τούτοις
1475 4034 1570 4086 καὶ
1624 4034 1922 4096 Ἰουδαίοις,
1958 4036 2041 4088 δτι

471 4121 537 4172 ἐκ
563 4118 656 4172 τοῦ
688 4118 823 4172 Θεοῦ
857 4117 1067 4189 ἐξῆλθε,
1103 4118 1196 4172 καὶ
1228 4118 1364 4188 πρὸς
1391 4117 1483 4169 τὸν
1517 4116 1650 4169 Θεὸν
1681 4117 1911 4185 ὑπάγει·
1945 4117 2041 4171 καὶ¹

469 4201 564 4255 νῦν
589 4202 647 4255 δὲ
676 4201 806 4254 αὐτὸ
832 4200 980 4269 λέγει
1001 4200 1332 4270 σαφέστερον
1358 4199 1391 4269 ἢ
1419 4200 1701 4271 πρότερον.
1730 4200 1939 4263 Ἀλλως
1957 4200 2035 4262 δὲ,

468 4284 564 4337 καὶ
607 4283 880 4348 Ἰουδαίοις
916 4284 1015 4355 μὲν
1049 4283 1232 4352 σαφῶς
1268 4281 1441 4344 οὕτως
1484 4283 1583 4335 οὐκ
1620 4277 1795 4337 εἶπεν.
1840 4283 1901 4335 Εἰ
1929 4283 2038 4353 γὰρ

468 4362 638 4423 εἶπεν.
669 4367 750 4419 ὅτι
768 4367 844 4419 06
870 4364 1096 4420 δύνασθε
1130 4365 1264 4436 πρὸς
1297 4364 1388 4418 τὸν
1420 4365 1638 4435 Πατέρα
1662 4365 1854 4429 ἐλθεῖν,
1883 4366 1932 4419 εί
1960 4364 2035 4435 μὴ

465 4449 534 4502 δι’
580 4450 715 4520 ἐμοῦ
742 4459 789 4516 ο,
838 4449 1039 4512 εὐθέως
1083 4447 1150 4501 ἂν
1182 4445 1348 4513 τῦφον
1377 4447 1438 4500 τὸ
1477 4449 1712 4517 πρᾶγμα
1756 4447 2034 4517 ἐνόμισανο

464 4531 562 4585 νῦν
581 4532 640 4586 δέ
666 4531 1013 4602 ἀποκρύψας,
1037 4531 1114 4592 εἰς
1136 4530 1376 4597 ἀγωνίαν
1407 4528 1603 4591 αὐτοὺς
1626 4529 1897 4582 ἐνέϐαλεν.
1928 4530 2037 4584 Καὶ

464 4618 579 4676 τοῖς
615 4614 884 4684 μαθηταῖς
907 4614 966 4666 δέ
993 4612 1137 4677 τίνος
1165 4612 1351 4665 ἐνεκεν
1379 4611 1552 4674 οὕτως
1583 4607 1725 4676 εἷπε,
1758 4613 1914 4682 φησὶ,
1941 4614 2035 4668 καὶ

462 4695 543 4766 τῷ
574 4695 794 4765 Πέτρῳ;
829 4694 983 4766 ’ᾙδει
1019 4694 1183 4748 αὐτοῦ
1210 4693 1409 4764 πολλὴν
1440 4693 1774 4765 προθυμίαν,
1821 4696 1916 4748 καὶ
1951 4696 2033 4749 δτι

464 4779 669 4851 μᾶλλον
695 4777 942 4832 ἐντεῦθεν
971 4777 1305 4832 ἐπικείσεται
1333 4775 1583 4847 ἐνοχλῶν.
1615 4778 1777 4831 Ὥστε
1804 4773 1897 4831 οῦν
1935 4779 2033 4833 αὐ-

461 4864 554 4918 τὸν
579 4863 918 4931 ἀπαγαγεῖν,
955 4859 1205 4933 κρύπτει.
1234 4859 1598 4929 Κατορθώσας
1625 4860 1682 4913 δέ
1708 4860 1844 4933 ὅπερ
1876 4860 2033 4916 ἐϐού-

459 4949 584 5003 λετο
624 4947 713 5003 διά
754 4949 855 5019 τῆς
895 4944 1162 5014 ἀσαφείας
1209 4943 1303 4998 καὶ
1345 4942 1440 4997 τοῦ
1478 4943 1684 5015 κρύψαι
1726 4943 1816 4998 τὸν
1848 4945 2028 5013 λόγον,

460 5033 622 5087 πάλιν
654 5031 787 5085 αὐτὸ
811 5027 1166 5084 ἐκκαλύπτει.

531 5114 712 5169 Εἰπὼν
740 5112 870 5185 γὰρ,
906 5113 989 5167 δτι
1021 5111 1215 5165 Ὅπου
1248 5109 1387 5179 εἰμὶ,
1421 5108 1620 5175 οὐδεὶς
1646 5109 1895 5164 δύναται
1933 5110 2029 5165 ἐλ-

449 5199 605 5264 θεῖν,
635 5199 946 5269 ἐπήγαγεν·
988 5194 1085 5249 Ἐν
1108 5191 1184 5262 τῇ
1208 5193 1363 5259 οἰκίᾳ
1386 5191 1493 5246 τοῦ
1522 5193 1749 5260 Πατρός
1776 5210 1896 5262 μου
1915 5211 2026 5263 μο-

454 5284 553 5338 ναί
581 5283 807 5336 πολλαί
837 5282 987 5334 εἰσι·
1022 5278 1117 5332 καὶ
1148 5276 1331 5340 πάλιν,
1360 5274 1571 5341 Οὐδεὶς
1610 5275 1844 5345 ἔρχεται
1876 5277 2027 5345 πρὸς

454 5366 563 5418 τὸν
590 5364 840 5431 Πατέρα,
856 5366 909 5417 εί
927 5362 1013 5432 μὴ
1037 5361 1110 5414 δι’
1139 5359 1308 5429 ἐμοῦ.
1338 5359 1511 5413 Τοῦτο
1534 5352 1627 5412 οῦν
1645 5359 1745 5412 οὐκ
1774 5356 2025 5411 ἐϐούλετο

456 5449 638 5512 αὐτοῖς
671 5450 821 5520 παρὰ
847 5450 946 5518 τὴν
976 5448 1150 5520 ἀρχὴν
1178 5449 1372 5510 εἰπεῖν,
1406 5444 1551 5499 ὥστε
1587 5443 1662 5515 μὴ
1694 5445 1775 5507 εἰς
1802 5444 2024 5499 πλείονα

454 5530 693 5601 ἀθυμίαν
714 5531 990 5600 ἐμϐαλεῖνο
1005 5528 1190 5601 ἐπειδὴ
1210 5530 1267 5583 δέ
1287 5528 1483 5591 αὐτοὺς
1497 5527 1862 5595 κατεπράϋνε,
1870 5525 2021 5598 [452]

525 5653 558 5722 '_
589 5651 761 5722 {lore};
807 5655 1106 5722 ἐκκεκόφθαι,
1134 5655 1414 5722 τοῦτο-εἶπε
1442 5659 1530 5722 τιαέ
1556 5656 1733 5722 ἐπάγει.
1756 5721 1761 5722 γ
1799 5659 1830 5700 δ
1851 5660 2025 5711 Morel.

459 5714 696 5786 εἰρῆσθαν
737 5714 1170 5786 ἐξεῖνο-δέῇέῖπενκ
1207 5718 1437 5786 ξηῌριᾯι.
1464 5714 1767 5786 ἐρειξενδΔυ
1797 5723 2029 5786 Adgitqm

460 5774 745 5833 ἐρωτῆσαι-ε
770 5774 918 5824 Savil.
946 5776 1079 5824 Eorr.
1143 5774 1172 5814 ⁸
1193 5777 1290 5827 Alii
1310 5778 1404 5826 ὑπὸ
1425 5779 1511 5828 τοῦ
1527 5780 1727 5833 πολλοῦ.
1794 5797 1819 5826 ο
1866 5781 2027 5833 Verba

458 5835 498 5884 ιι
542 5838 605 5899 μὴ
647 5837 706 5884 δι’
738 5835 854 5898 ἐμοῦ
898 5845 1214 5886 accesserunt
1260 5851 1289 5886 ο
1335 5838 1480 5889 Savil.
1512 5840 1647 5891 Εοιτ.

1182 203 1236 255 S.
1272 200 1556 260 JOANNIS
1590 203 2071 261 CHRYSOSTOMI
2102 202 2422 261 AIICIHEP.
2460 199 3014 259 CONSTANTINOP.

3619 191 3725 246 598

2162 312 2279 365 τότε
2302 307 2469 376 λέγει.
2512 305 2645 358 Ἀπὸ
2672 303 2781 373 γὰρ
2804 305 2903 372 τῆς
2923 301 3291 371 ἐπιτιμήσεως
3319 295 3414 351 τοῦ
3438 295 3645 367 Πέτρου
3674 295 3734 350 τὸ

2158 392 2295 445 πολὺ
2325 393 2425 463 τῆς
2446 393 2685 462 ἀθυμίας
2706 392 2955 458 ἐξέϐαλεν
2983 390 3027 449 ί.
3056 394 3134 455 είς
3162 390 3327 459 φόϐον
3365 408 3424 443 τε
3463 392 3739 461 ἐμπεσόν-

2157 490 2249 537 τες
2283 476 2490 544 μήποτε
2521 476 2587 528 τὰ
2629 466 2770 528 αύτά
2808 474 3113 534 ἀκούσωσι,
3152 473 3566 527 κατεστέλλοντο
3600 478 3738 545 μᾶλ-

2159 554 2268 609 λον.
2309 556 2454 626 Ἐγώ
2478 558 2595 626 ειμι
2626 558 2664 624 ἡ
2694 556 2853 624 ὁδός.
2888 556 3058 610 Τοῦτο
3081 554 3353 618 ἀπόδειξις
3376 556 3492 619 τοῦ,
3524 556 3736 624 οὐδεὶς

2156 637 2390 707 ἔρχεται
2415 643 2466 694 ει
2492 640 2579 709 μὴ
2611 639 2686 693 δι’
2717 639 2863 709 ἐμοῦ
2885 656 2899 670 ·
2940 640 3002 692 τὸ
3031 639 3111 701 δέ.
3147 639 3255 692 Καὶ
3290 637 3541 703 ἀλήθεια
3567 642 3666 694 καὶ
3695 641 3736 709 ἠ

2158 719 2291 789 ζωὴ,
2323 721 2439 784 τοῦ,
2461 723 2545 776 δτι
2567 723 2782 784 πάντως
2812 721 2985 775 ταῦτα
3005 721 3177 774 ἐσται.
3206 721 3373 775 Ούδέν
3403 723 3583 776 τοίνυν
3604 725 3735 793 παρ’

2156 804 2291 874 ἐμοῦ
2313 804 2526 875 ψεῦδος,
2562 808 2610 858 εἰ
2641 805 2902 874 ἀλήθεια·
2938 806 2987 857 εἰ
3025 804 3082 857 δέ
3109 805 3202 858 καὶ
3239 804 3372 873 ζωὴ.
3415 803 3541 858 οὕτε
3569 807 3736 871 αὐτὸς

2156 889 2185 940 6
2221 887 2448 953 θάνατος
2488 891 2633 962 ὑμᾶς
2677 887 2919 943 κωλῦσαι
2960 889 3246 959 δυνήσεται
3291 888 3486 945 ἐλθεῖν.
3523 891 3739 956 Ἄλλως

2156 969 2235 1029 δέ.
2258 972 2305 1024 εί
2336 971 2378 1010 τ’
2412 971 2559 1042 Ἐγώ
2583 978 2698 1042 ειμι
2726 973 2763 1039 ἡ
2788 971 2947 1037 ὁδὸς,
2969 972 3030 1023 ού
3057 971 3313 1041 δεήσεσθε
3344 972 3437 1025 τοῦ
3468 986 3735 1043 χειραγωο

2156 1053 2379 1121 γοῦντος
2398 1071 2411 1083 '
2436 1059 2484 1108 εἰ
2504 1058 2557 1108 δέ
2586 1052 2680 1108 καὶ
2702 1057 2734 1125 ἠ
2759 1052 3006 1125 ἀλήθεια,
3036 1053 3097 1106 ού
3127 1052 3321 1122 ςεῦδος
3344 1053 3413 1106 τά
3435 1054 3728 1126 λεγόμενα⁶

2155 1138 2205 1188 εί
2229 1137 2285 1190 δέ
2312 1139 2407 1191 καὶ
2431 1138 2566 1207 ζωὴ,
2592 1138 2694 1191 κᾶν
2730 1137 3058 1209 ἀποθάνητε,
3093 1136 3346 1201 τεύξεσθε
3377 1154 3486 1189 των
3511 1140 3733 1210 εἰρημέ-

2156 1237 2280 1273 νων.
2321 1221 2393 1273 Τὸ
2426 1220 2524 1291 μέν
2555 1218 2649 1274 οὖν
2696 1221 2794 1288 τῆς
2825 1219 2946 1273 ὁδοῦ
2980 1220 3074 1273 καὶ
3105 1220 3346 1291 συνῆκαν
3384 1223 3480 1275 καὶ
3516 1221 3732 1290 ὡμολό-

2154 1319 2330 1371 γησαν
2351 1321 2365 1333 ·
2393 1305 2464 1355 τὰ
2495 1305 2550 1357 δέ
2574 1303 2734 1357 λοιπὰ
2755 1303 2984 1372 ἠγνόουν
3006 1318 3020 1331 ·
3052 1303 3115 1354 οὐ
3147 1302 3253 1373 μὴν
3280 1302 3522 1372 ἐτόλμων
3554 1305 3730 1356 εἰπεῖν

2156 1385 2298 1457 ἅπερ
2329 1386 2578 1454 ἠγνόουν.
2629 1385 2767 1438 Ἀλλ’
2794 1387 2944 1456 ὅμως
2973 1386 3172 1455 πολλὴν
3216 1385 3324 1439 ἀπὸ
3356 1386 3453 1456 τῆς
3479 1386 3599 1440 ὀδοῦ
3628 1389 3729 1456 τὴν

2155 1468 2510 1540 παραμυθίαν
2565 1468 2776 1522 ἔλαϐον.
2830 1470 2890 1521 El
2927 1469 3105 1521 τοίνυν
3148 1467 3259 1536 ἐγὼ
3305 1468 3492 1539 κύριός
3534 1471 3649 1539 εἰμι
3677 1473 3727 1536 ⁸,

2155 1552 2306 1621 φησὶ,
2336 1551 2430 1604 τοῦ
2467 1550 2603 1621 πρὸς
2630 1550 2720 1604 τὸν
2748 1551 2967 1621 Πατέρα
3013 1552 3269 1619 ἀγαγεῖν,
3307 1551 3524 1613 πάντως
3567 1551 3729 1622 ἥξετε

2153 1635 2288 1686 ἐκεῖ.
2326 1633 2459 1687 Ούδέ
2493 1633 2603 1704 γὰρ
2646 1633 2794 1686 ἐστιν
2832 1633 3027 1704 ἐτέραν
3058 1633 3231 1685 ἐλθεῖν
3273 1632 3412 1687 όδόν.
3455 1634 3639 1687 Εἰπὼν
3669 1635 3730 1689 δέ

2152 1716 2480 1787 ἔμπροσθεν,
2525 1715 2734 1782 Οὐδεὶς
2768 1716 3016 1769 δύναται
3053 1715 3254 1771 ἐλθεῖν
3290 1716 3440 1783 πρός
3472 1733 3570 1784 με,
3616 1717 3729 1771 ἐὰν

2146 1798 2234 1868 μὴ
2261 1802 2294 1854 ό
2334 1798 2537 1866 Πατὴρ
2568 1799 2799 1867 ἐλκύσῃ
2831 1800 3045 1852 αὐτόν·
3090 1799 3183 1851 καὶ
3211 1798 3396 1861 πάλιν,
3444 1799 3577 1853 Ἐὰν
3611 1799 3729 1868 ἐγὼ

2152 1882 2370 1951 ὑψωοῶ
2403 1883 2523 1937 ἀπὸ
2550 1880 2663 1951 τῆς
2686 1880 2818 1951 γῆς,
2852 1880 3082 1946 πάντας
3106 1881 3345 1935 ἑλκύσω
3373 1880 3522 1949 πρὸς
3543 1882 3726 1949 ἐμαυ-

2153 1967 2260 2019 τόν
2281 1980 2293 1992 ·
2328 1965 2421 2018 καὶ
2452 1964 2546 2019 νῦν
2573 1966 2757 2031 πάλιν,
2790 1963 2997 2030 Οὐδείς
3021 1963 3254 2033 ἔρχεται
3281 1963 3432 2031 πρὸς
3463 1963 3568 2017 τὸν
3606 1968 3728 2018 Ha-

2152 2046 2311 2113 τέρα.
2334 2048 2397 2098 εί
2418 2045 2505 2114 μὴ
2543 2044 2619 2099 δι’
2647 2044 2814 2114 ἐμοῦ,
2856 2045 3127 2097 δείκνυσιν
3159 2044 3272 2096 ἴσον
3308 2042 3501 2096 ἐαυτὸν
3528 2043 3605 2113 τῷ
3636 2061 3728 2110 γε·

2152 2129 2457 2200 γεννηκότι.
2478 2128 2602 2192 Πῶς
2623 2129 2681 2182 δέ
2710 2126 2902 2191 εἰπὼν,
2932 2128 3124 2182 ’Ὅπου
3148 2126 3355 2196 ὑπάγω
3374 2125 3597 2187 οἴδατε,
3625 2129 3725 2182 καὶ

2153 2211 2267 2279 τὴν
2296 2211 2441 2266 ὀδόν
2463 2211 2682 2272 οἴδατε.
2714 2211 2996 2283 ἐπήγαγεν
3016 2227 3030 2241 ·
3058 2212 3129 2263 El
3147 2210 3253 2279 ἐμὲ
3272 2208 3604 2279 ἐγνώκειτε,
3628 2210 3728 2265 και

2152 2295 2259 2347 τὸν
2305 2294 2535 2361 Πατέρα
2556 2312 2675 2364 μου
2708 2293 3016 2364 ἐγνώκειτε
3049 2292 3146 2354 ἂν,
3189 2291 3285 2344 καί
3324 2291 3540 2362 ἀπάρτι
3582 2292 3730 2363 γνώ-
3830 2322 3844 2333 -

2151 2380 2337 2430 σεσθε
2365 2379 2570 2439 αὐτὸν,
2604 2378 2702 2430 καὶ
2739 2375 3034 2445 ἑωράκατε
3074 2376 3293 2440 αὺτόγ;
3322 2376 3458 2447 Οὐχὶ
3490 2378 3729 2429 ἐναντιο-

2152 2458 2341 2526 λογῶν·
2371 2459 2568 2528 ᾔδεσαν
2598 2459 2694 2529 μὲν
2719 2461 2827 2528 γὰρ
2856 2458 3036 2522 αὑτὸν,
3068 2459 3166 2526 ούχ
3190 2456 3330 2509 οῦῑω
3354 2457 3409 2511 δὲ
3436 2458 3510 2521 ὡς
3534 2461 3722 2530 ἐχρῆν.

2151 2544 2283 2596 Θεὸν
2324 2544 2421 2613 μὲν
2454 2544 2560 2613 γὰρ
2603 2543 2820 2613 ᾔδεσαν,
2857 2542 3073 2611 Πατέρα
3113 2542 3170 2593 δέ
3221 2540 3462 2594 οὐδέπω·
3499 2541 3726 2613 ὕστερον
3836 2600 3843 2605 ,

2152 2624 2261 2696 γὰρ
2282 2625 2343 2677 τὸ
2364 2624 2585 2695 Πνεῦμα
2610 2623 2856 2686 ἐπελθὸν,
2877 2626 3053 2677 πᾶσαν
3070 2625 3126 2675 ἐν
3147 2624 3330 2687 αὐτοῖς
3354 2624 3723 2678 κατεσκεύασε

2149 2707 2248 2779 τὴν
2275 2707 2493 2777 γνῶσιν.
2535 2710 2600 2761 Ὃ
2646 2708 2703 2761 δέ
2739 2707 2922 2777 λέγει,
2961 2706 3201 2761 τοιοῦτόν
3234 2708 3417 2759 ἐστιν·
3457 2705 3516 2760 Εἰ
3543 2708 3722 2778 ⁴ᾔδειτε

2148 2791 2247 2864 τὴν
2275 2793 2413 2863 ἐμὴν
2439 2793 2626 2846 οὐσίαν
2668 2794 2763 2845 καὶ
2789 2792 2886 2863 τὴν
2914 2791 3093 2858 ἀξίαν,
3129 2790 3223 2843 καὶ
3260 2789 3358 2861 τὴν
3387 2789 3479 2844 τοῦ
3513 2792 3725 2861 Πατρὸς

2148 2877 2347 2947 ¹ᾔδειτε.
2373 2877 2482 2929 Καὶ
2505 2874 2721 2945 ἁπάρτι
2750 2875 3055 2945 γνώσεσθε
3078 2873 3285 2938 αὐτὸν,
3308 2875 3403 2927 καί
3429 2873 3725 2941 ἑωράκατε

2148 2958 2337 3012 αὑτὸν
2361 2958 2442 3029 (τὸ
2470 2958 2570 3028 μέν
2601 2958 2904 3028 μέλλοντος,
2927 2957 2987 3009 τὸ
3006 2956 3064 3009 δέ
3087 2957 3395 3025 παρόντος)’
3418 2957 3719 3017 τουτέστιν,

2147 3040 2214 3093 δι’
2246 3040 2403 3112 ἐμοῦ.
2446 3042 2606 3111 Ὀψιν
2636 3041 2692 3094 δέ
2722 3041 2866 3107 λέγει
2896 3041 2997 3097 τὴν
3031 3038 3172 3092 κατά
3214 3038 3448 3091 διάνοιαν
3490 3039 3717 3105 γνῶσιν.

2148 3122 2287 3187 Τοὺς
2336 3123 2433 3191 μὲν
2480 3125 2587 3194 7&9
2634 3124 2942 3194 ὁρωμένους
2994 3120 3265 3193 δυνάμεθα
3309 3120 3401 3173 καὶ
3442 3122 3573 3191 όρᾷν
3620 3123 3720 3174 καὶ

2147 3205 2382 3273 ἀγνοεῖψ
2416 3207 2541 3269 τοὺς
2575 3205 2633 3257 δέ
2667 3204 3101 3275 γινωσκομένους
3148 3204 3209 3256 οὐ
3241 3202 3511 3272 δυνάμεθα
3547 3202 3719 3271 γινώ-

2149 3303 2300 3341 σκειν
2329 3288 2424 3341 καὶ
2464 3290 2697 3355 ἀγνοεῖν.
2743 3287 2842 3341 Διά
2870 3284 3027 3341 τοῦτό
3073 3303 3239 3358 (mar
3276 3287 3382 3341 Kal
3425 3284 3721 3355 ἑωράκατε

2145 3372 2360 3424 αὐτόν’
2405 3370 2594 3440 ῶσπερ
2633 3371 2819 3439 φησὶν,
2855 3370 3031 3441 Ὠφθη
3082 3371 3178 3424 καὶ
3216 3370 3484 3439 ἀγγέλοις.
3529 3369 3721 3421 Καίτοι

2145 3470 2209 3522 γε
2246 3454 2346 3507 ούκ
2372 3454 2509 3524 αὑτὴ
2538 3455 2572 3524 ἡ
2602 3453 2758 3506 οὐσία
2790 3452 2944 3525 ὤφθη
2968 3469 2979 3480 ·
3006 3452 3122 3506 ἀλλ’
3152 3454 3301 3523 ὅμως
3331 3453 3495 3524 φησὶν
3516 3446 3716 3521 ὦφθαι,

2144 3535 2343 3608 δηλαδὴ
2381 3536 2455 3599 ὼς
2484 3536 2711 3601 ἐκείνοις
2759 3537 2885 3589 ἰδεῖν
2916 3536 3162 3591 δυνατόν.
3195 3536 3352 3590 Οὕτω
3388 3536 3445 3589 δέ
3483 3537 3715 3607 εἴρηται,

2145 3620 2233 3673 ἵνα
2269 3620 2446 3689 μάθῃς
2478 3620 2559 3671 ὅτι
2598 3621 2626 3671 ὁ
2666 3619 2827 3671 αὑτὸν
2859 3620 2882 3658 ιι
2915 3618 3199 3690 ἑωρακὼς,
3229 3618 3319 3672 τὸν
3348 3618 3717 3689 γεγεννηκότα

2143 3698 2300 3755 οἶδεν.
2344 3702 2664 3754 Ἐθεάσαντο
2693 3701 2749 3753 δὲ
2779 3701 2941 3754 αὐτὸν
2965 3703 3023 3754 οὑ
3057 3703 3236 3772 γυμνῇ
3261 3704 3327 3772 τῇ
3358 3701 3536 3772 οὐσίᾳ,
3579 3701 3717 3754 ἀλλά

2144 3787 2324 3858 σάρκα
2350 3803 2416 3838 πε
2425 3785 2643 3857 ριϐεϐλη
2653 3785 2831 3854 μένον.
2863 3781 2985 3838 Οἷδε
3014 3784 3070 3838 δέ
3097 3785 3332 3855 ἀλλαχοῦ
3355 3802 3449 3839 και
3471 3785 3568 3852 τὴν
3593 3783 3716 3853 διζαιν

2141 3871 2341 3939 γνῶσιν
2367 3870 2575 3939 λέγειν·
2611 3869 2683 3933 ὼς
2714 3869 2842 3921 ὅταν
2868 3866 3028 3941 λέγῃ.
3060 3867 3350 3937 Μακάριοι
3380 3870 3434 3922 ol
3470 3866 3715 3935 καθαροὶ

2141 3952 2216 4023 τῇ
2246 3952 2457 4021 καρδίᾳ
2485 3953 2571 4005 ὅτι
2604 3951 2772 4006 αὐτοὶ
2802 3950 2910 4005 τόν
2940 3952 3087 4005 Θεὸν
3122 3950 3393 4019 ὄψονται.
3422 3948 3714 4021 Καθαροὺς

2138 4036 2217 4097 δὲ,
2257 4036 2378 4106 οὐχὶ
2414 4036 2541 4098 τοὺς
2591 4034 2847 4105 πορνείας
2887 4032 3372 4104 ἀπηλλαγμένους,
3408 4032 3543 4086 ἀλλὰ
3587 4033 3714 4096 τοὺς

2140 4120 2357 4173 πάντων
2381 4119 2792 4190 ἁμαρτημάτων
2823 4119 2984 4189 φησί’
3020 4119 3170 4170 πᾶσα
3199 4116 3308 4188 7&9
3341 4117 3586 4189 ἁμαρτία
3616 4117 3713 4188 ῥύ-

2139 4221 2239 4257 πον
2268 4203 2510 4273 ἐντίθησι
2537 4205 2602 4274 τῇ
2625 4201 2793 4273 ψυχῇ.

2208 4287 2281 4356 γ’.
2300 4287 2482 4340 Πάντα
2512 4287 2690 4339 τοίνυν
2715 4286 3066 4356 πράττωμεν,
3103 4284 3242 4339 ὥστε
3277 4282 3592 4354 ἀποσμῆξαι
3613 4281 3711 4354 τὴν

2139 4371 2434 4442 ῥυπαρίαν.
2474 4371 2808 4440 ’Λποσμήχει
2836 4368 2891 4421 δέ
2926 4368 3141 4439 πρῶτον
3168 4367 3229 4420 τὸ
3257 4367 3480 4438 λουτρόν
3499 4383 3513 4396 ·
3550 4365 3710 4418 ῦστε-

2138 4469 2231 4524 ρον
2268 4453 2325 4506 δέ
2357 4454 2450 4506 καὶ¹
2487 4451 2670 4521 ἐτεραι
2702 4452 2812 4505 ὁδοὶ
2839 4450 3031 4505 πολλαὶ
3056 4451 3148 4504 καὶ
3182 4448 3543 4504 παντοδαπαί.
3578 4445 3705 4500 Φιλ-

2134 4535 2421 4608 ἀνθρωπος
2459 4533 2567 4604 γὰρ
2603 4533 2679 4587 ὣν
2717 4536 2747 4587 6
2792 4533 2925 4597 Θεὸς
2960 4534 3054 4587 καὶ
3113 4533 3251 4608 μετά
3295 4530 3467 4586 ταῦτα
3505 4531 3705 4585 ἔδωκεν

2134 4607 2268 4688 ἡμῖν
2302 4618 2455 4681 ὁδοὺς
2495 4616 2746 4687 ποικίλης
2779 4615 3133 4687 ἀπαλλαγῆς
3172 4607 3248 4669 ὧν
3282 4614 3473 4689 πρώτη
3516 4612 3705 4668 πασῶν

2133 4702 2281 4754 ἐστιν
2326 4702 2359 4771 ἠ
2396 4699 2485 4753 διὰ
2513 4700 2613 4769 τῆς
2654 4698 3042 4769 ἐλεημοσύνης.
3103 4698 3525 4769 Ἐλεημοσύναις
3573 4696 3701 4766 7&9,

2134 4784 2290 4855 φησι,
2324 4784 2416 4836 καὶ
2438 4782 2682 4836 πίστεσιν
2704 4780 3163 4851 ἀποκαθαίρονται
3190 4780 3474 4851 ἁμαρτίαι.
3520 4778 3705 4848 Ἑλεη-

2136 4866 2372 4940 μοσύνην
2402 4866 2460 4919 δέ
2489 4865 2550 4919 οὐ
2582 4865 2681 4934 τὴν
2717 4864 2779 4928 ἐξ
2805 4862 3018 4929 ἀδικίας
3050 4865 3193 4934 λέγω
3211 4881 3225 4895 ο
3262 4864 3420 4917 τοῦτο
3448 4862 3557 4935 7&9
3583 4862 3703 4915 ούδέ

2132 4953 2281 5026 [455]
2313 4951 2668 5023 ἐλεημοσύνη,
2704 4950 2817 5004 ἀλλ’
2844 4950 3063 5023 ὠμότης
3093 4951 3186 5004 καὶ
3217 4949 3604 5020 ἀπανθρωπία.
3637 4946 3703 5000 Τί

2130 5038 2239 5109 7&9
2291 5037 2483 5106 ὄφελος
2545 5035 2768 5090 ἐκδῦσαι
2808 5036 3030 5107 ἕτερον,
3076 5035 3172 5088 καὶ
3219 5032 3437 5086 ἐνδῦσαι
3478 5032 3700 5103 ἐτερον;

2143 5121 2274 5174 ’Λπὸ
2299 5120 2406 5190 7&9
2430 5120 2610 5172 οἴκτου
2639 5118 2733 5172 τοῦ
2765 5119 3086 5189 πράγματος
3114 5117 3379 5189 ἄρχεσθαι
3406 5116 3515 5170 δεῖ·
3544 5114 3703 5169 τοῦτο

2127 5204 2185 5257 δέ
2212 5203 2593 5274 ἀπανθρωπία.
2624 5200 2743 5254 Κᾶν
2772 5201 2882 5271 7&9
2913 5201 3092 5255 πάντα
3117 5200 3186 5253 τά
3216 5199 3343 5270 παρ’
3375 5198 3578 5267 ἐτέρων
3608 5196 3703 5249 δῶ·-

2132 5304 2251 5358 μεν,
2285 5287 2435 5340 οὐδὲν
2466 5286 2658 5357 κέρδος
2694 5287 2847 5356 ἡμῖν.
2887 5285 2998 5338 Καὶ
3045 5283 3316 5337 δείκνυσιν
3348 5284 3378 5336 6
3410 5283 3698 5351 Ζακχαῖος,

2126 5371 2185 5432 ὃς
2208 5370 2330 5424 τότε
2358 5369 2558 5439 ἔφησεν
2587 5366 2920 5434 ἐξιλεοῦσθαι
2947 5368 3037 5421 τὸν
3069 5366 3222 5429 Θεὸν,
3249 5366 3371 5429 δοὺς
3401 5365 3509 5419 τῶν
3536 5368 3701 5432 ἀφαιο

2131 5454 2393 5524 ρεθέντων
2419 5450 2868 5522 τετραπλασίονα.
2912 5450 3103 5518 Ἡμεῖς
3131 5450 3189 5501 δὲ
3221 5449 3390 5520 μυρία
3425 5447 3699 5519 ἁρπάζον-

2126 5550 2239 5598 τες,
2279 5535 2371 5587 καὶ
2402 5533 2557 5600 ὀλίγα
2586 5530 2850 5596 διδόντες,
2882 5532 3174 5601 νομίζομεν
3207 5531 3364 5584 ῖλεων
3398 5532 3573 5583 ποιεῖν
3610 5529 3701 5582 τὸν

2200 5652 2237 5721 τ’
2265 5654 2634 5721 Ᾱὶἱὶηέεέκοψεν,
2657 5719 2664 5721 _
2689 5664 2740 5706 el
2772 5661 2920 5720 paulo
2955 5667 3065 5721 past
3106 5665 3137 5720 ἡ
3173 5663 3283 5719 όὸός
3305 5681 3315 5691 ·
3349 5661 3702 5719 τουτέστιν,δτι

2130 5715 2192 5782 δι’
2219 5714 2589 5782 ἐμοῦ-ἐρχεσθὲᾲ
2621 5714 2677 5782 τρ
2714 5714 2866 5768 δὲ’καὶ
2887 5725 2916 5777 ἡ
2940 5714 3151 5782 ἀλήθεια,
3174 5726 3247 5773 ὅτι
3270 5714 3492 5781 ⁷πάντως.
3553 5714 3705 5775 “Sic

2131 5776 2280 5850 ξεγξιε
2320 5776 2516 5850 ⁵,ιιιιίεῑ-ειι
2548 5781 2605 5850 εί.
2642 5780 2798 5850 Epit.“
2846 5776 3030 5850 s_’A_m_'
3057 5786 3096 5832 εί
3134 5776 3223 5849 γὰρ
3254 5786 3349 5848 ἐγὼ
3389 5776 3550 5850 χύριός
3583 5789 3699 5850 ειμι.

2132 5836 2159 5875 δ
2185 5837 2279 5887 Alii
2316 5840 2525 5888 δυνατόν.
2553 5843 2743 5898 Δεικνῦς
2774 5843 2845 5889 ὅτι
2869 5844 2895 5891 6
2916 5844 3073 5894 αὐτόν.
