  <div class='ocr_page' id='page_1' title='image "/cluster/home/n/w/nwhite01/storage/ocr_20150623/59/mdp.39015009383640/396.png"; bbox 0 0 4040 6172; ppageno 0'>
   <div class='ocr_carea' id='block_1_1' title="bbox 326 454 433 512">
    <p class='ocr_par' dir='ltr' id='par_1_1' title="bbox 326 454 433 512">
     <span class='ocr_line' id='line_1_1' title="bbox 326 454 433 512; baseline -0.037 -1"><span class='ocrx_word' id='word_1_1' title='bbox 326 454 433 512; x_wconf 74' lang='lat'><strong>397</strong></span> 
     </span>
    </p>
   </div>
   <div class='ocr_carea' id='block_1_2' title="bbox 325 544 1914 632">
    <p class='ocr_par' dir='ltr' id='par_1_2' title="bbox 325 544 1914 632">
     <span class='ocr_line' id='line_1_2' title="bbox 325 544 1914 632; baseline -0.012 -11"><span class='ocrx_word' id='word_1_2' title='bbox 325 583 426 622; x_wconf 88' lang='lat' dir='ltr'><strong>vos</strong></span> <span class='ocrx_word' id='word_1_3' title='bbox 450 568 537 622; x_wconf 77' lang='lat' dir='ltr'><strong>itie</strong></span> <span class='ocrx_word' id='word_1_4' title='bbox 568 566 718 620; x_wconf 88' lang='lat' dir='ltr'><strong>locus</strong></span> <span class='ocrx_word' id='word_1_5' title='bbox 739 571 1060 632; x_wconf 77' lang='lat' dir='ltr'><strong>excepturus</strong></span> <span class='ocrx_word' id='word_1_6' title='bbox 1089 544 1160 613; x_wconf 77' lang='lat' dir='ltr'><strong>sit</strong></span> <span class='ocrx_word' id='word_1_7' title='bbox 1185 559 1273 629; x_wconf 91' lang='lat' dir='ltr'><strong>qui</strong></span> <span class='ocrx_word' id='word_1_8' title='bbox 1301 566 1355 612; x_wconf 88' lang='lat' dir='ltr'><strong>et</strong></span> <span class='ocrx_word' id='word_1_9' title='bbox 1381 558 1615 611; x_wconf 75' lang='lat' dir='ltr'><strong>Petrum.</strong></span> <span class='ocrx_word' id='word_1_10' title='bbox 1649 552 1778 606; x_wconf 78' lang='lat' dir='ltr'><strong>Nam</strong></span> <span class='ocrx_word' id='word_1_11' title='bbox 1805 565 1914 603; x_wconf 87' lang='lat' dir='ltr'><strong>ma-</strong></span> 
     </span>
    </p>
   </div>
   <div class='ocr_carea' id='block_1_3' title="bbox 329 646 1914 731">
    <p class='ocr_par' dir='ltr' id='par_1_3' title="bbox 329 646 1914 731">
     <span class='ocr_line' id='line_1_3' title="bbox 329 646 1914 731; baseline -0.013 -15"><span class='ocrx_word' id='word_1_12' title='bbox 329 677 433 731; x_wconf 82' lang='lat' dir='ltr'><strong>gna</strong></span> <span class='ocrx_word' id='word_1_13' title='bbox 462 660 532 715; x_wconf 85' lang='lat' dir='ltr'><strong>ibi</strong></span> <span class='ocrx_word' id='word_1_14' title='bbox 562 667 643 714; x_wconf 80' lang='lat' dir='ltr'><strong>est</strong></span> <span class='ocrx_word' id='word_1_15' title='bbox 675 655 1009 710; x_wconf 82' lang='lat' dir='ltr'><strong>mansionum</strong></span> <span class='ocrx_word' id='word_1_16' title='bbox 1037 651 1210 722; x_wconf 89' lang='lat' dir='ltr'><strong>copia,</strong></span> <span class='ocrx_word' id='word_1_17' title='bbox 1241 665 1339 705; x_wconf 87' lang='lat' dir='ltr'><strong>nec</strong></span> <span class='ocrx_word' id='word_1_18' title='bbox 1370 658 1543 719; x_wconf 82' lang='lat' dir='ltr'><strong>potest</strong></span> <span class='ocrx_word' id='word_1_19' title='bbox 1569 646 1793 702; x_wconf 40' lang='lat' dir='ltr'><strong>dici’ille</strong></span> <span class='ocrx_word' id='word_1_20' title='bbox 1822 658 1914 713; x_wconf 86' lang='lat' dir='ltr'><strong>ap-</strong></span> 
     </span>
    </p>
   </div>
   <div class='ocr_carea' id='block_1_4' title="bbox 332 737 1915 822">
    <p class='ocr_par' dir='ltr' id='par_1_4' title="bbox 332 737 1915 822">
     <span class='ocr_line' id='line_1_4' title="bbox 332 737 1915 822; baseline -0.013 -14"><span class='ocrx_word' id='word_1_21' title='bbox 332 765 516 822; x_wconf 87' lang='lat' dir='ltr'><strong>paratu</strong></span> <span class='ocrx_word' id='word_1_22' title='bbox 543 764 678 821; x_wconf 90' lang='lat' dir='ltr'><strong>opus</strong></span> <span class='ocrx_word' id='word_1_23' title='bbox 704 747 922 802; x_wconf 88' lang='lat' dir='ltr'><strong>habere.</strong></span> <span class='ocrx_word' id='word_1_24' title='bbox 952 745 1082 811; x_wconf 85' lang='lat' dir='ltr'><strong>Quia</strong></span> <span class='ocrx_word' id='word_1_25' title='bbox 1114 742 1255 798; x_wconf 88' lang='lat' dir='ltr'><strong>enim</strong></span> <span class='ocrx_word' id='word_1_26' title='bbox 1282 742 1435 806; x_wconf 83' lang='lat' dir='ltr'><strong>dixit,</strong></span> <span class='ocrx_word' id='word_1_27' title='bbox 1466 738 1588 794; x_wconf 87' lang='lat' dir='ltr'><strong>Non</strong></span> <span class='ocrx_word' id='word_1_28' title='bbox 1614 737 1819 810; x_wconf 74' lang='lat' dir='ltr'><strong>potestis</strong></span> <span class='ocrx_word' id='word_1_29' title='bbox 1840 749 1915 788; x_wconf 89' lang='lat' dir='ltr'><strong>me</strong></span> 
     </span>
    </p>
   </div>
   <div class='ocr_carea' id='block_1_5' title="bbox 337 829 1911 915">
    <p class='ocr_par' dir='ltr' id='par_1_5' title="bbox 337 829 1911 915">
     <span class='ocr_line' id='line_1_5' title="bbox 337 829 1911 915; baseline -0.012 -14"><span class='ocrx_word' id='word_1_30' title='bbox 337 845 473 915; x_wconf 83' lang='lat' dir='ltr'><strong>sequi</strong></span> <span class='ocrx_word' id='word_1_31' title='bbox 503 842 693 905; x_wconf 81' lang='lat' dir='ltr'><strong>modo;</strong></span> <span class='ocrx_word' id='word_1_32' title='bbox 733 855 802 895; x_wconf 87' lang='lat' dir='ltr'><strong>ne</strong></span> <span class='ocrx_word' id='word_1_33' title='bbox 834 848 1078 909; x_wconf 82' lang='lat' dir='ltr'><strong>putarent</strong></span> <span class='ocrx_word' id='word_1_34' title='bbox 1108 836 1353 891; x_wconf 78' lang='lat' dir='ltr'><strong>exclusos</strong></span> <span class='ocrx_word' id='word_1_35' title='bbox 1381 848 1442 888; x_wconf 88' lang='lat' dir='ltr'><strong>se</strong></span> <span class='ocrx_word' id='word_1_36' title='bbox 1469 847 1611 899; x_wconf 89' lang='lat' dir='ltr'><strong>esse,</strong></span> <span class='ocrx_word' id='word_1_37' title='bbox 1636 829 1782 886; x_wconf 90' lang='lat' dir='ltr'><strong>addit</strong></span> <span class='ocrx_word' id='word_1_38' title='bbox 1813 847 1826 883; x_wconf 87' lang='lat'><strong>:</strong></span> <span class='ocrx_word' id='word_1_39' title='bbox 1857 830 1911 883; x_wconf 78' lang='grc'><strong>5.</strong></span> 
     </span>
    </p>
   </div>
   <div class='ocr_carea' id='block_1_6' title="bbox 335 920 1913 1004">
    <p class='ocr_par' dir='ltr' id='par_1_6' title="bbox 335 920 1913 1004">
     <span class='ocr_line' id='line_1_6' title="bbox 335 920 1913 1004; baseline -0.011 -14"><span class='ocrx_word' id='word_1_40' title='bbox 335 934 402 990; x_wconf 85' lang='lat' dir='ltr'><strong>Ut</strong></span> <span class='ocrx_word' id='word_1_41' title='bbox 426 935 514 989; x_wconf 82' lang='lat' dir='ltr'><strong>ubi</strong></span> <span class='ocrx_word' id='word_1_42' title='bbox 538 950 627 1004; x_wconf 86' lang='lat' dir='ltr'><strong>ego</strong></span> <span class='ocrx_word' id='word_1_43' title='bbox 653 949 798 996; x_wconf 87' lang='lat' dir='ltr'><strong>sum,</strong></span> <span class='ocrx_word' id='word_1_44' title='bbox 847 939 896 984; x_wconf 88' lang='lat' dir='ltr'><strong>et</strong></span> <span class='ocrx_word' id='word_1_45' title='bbox 920 945 1006 984; x_wconf 79' lang='lat' dir='ltr'><strong>vos</strong></span> <span class='ocrx_word' id='word_1_46' title='bbox 1033 928 1163 981; x_wconf 88' lang='lat' dir='ltr'><strong>sitis.</strong></span> <span class='ocrx_word' id='word_1_47' title='bbox 1197 927 1422 979; x_wconf 82' lang='lat' dir='ltr'><strong>Tantam</strong></span> <span class='ocrx_word' id='word_1_48' title='bbox 1454 924 1677 991; x_wconf 84' lang='lat' dir='ltr'><strong>hujusce</strong></span> <span class='ocrx_word' id='word_1_49' title='bbox 1717 920 1792 974; x_wconf 91' lang='lat' dir='ltr'><strong>rei</strong></span> <span class='ocrx_word' id='word_1_50' title='bbox 1825 934 1913 974; x_wconf 92' lang='lat' dir='ltr'><strong>cu-</strong></span> 
     </span>
    </p>
   </div>
   <div class='ocr_carea' id='block_1_7' title="bbox 331 1011 1914 1091">
    <p class='ocr_par' dir='ltr' id='par_1_7' title="bbox 331 1011 1914 1091">
     <span class='ocr_line' id='line_1_7' title="bbox 331 1011 1914 1091; baseline -0.011 -11"><span class='ocrx_word' id='word_1_51' title='bbox 331 1025 673 1084; x_wconf 85' lang='lat' dir='ltr'><strong>rambabeo,</strong></span> <span class='ocrx_word' id='word_1_52' title='bbox 730 1032 786 1075; x_wconf 92' lang='lat' dir='ltr'><strong>ut</strong></span> <span class='ocrx_word' id='word_1_53' title='bbox 840 1020 891 1075; x_wconf 90' lang='lat' dir='ltr'><strong>id</strong></span> <span class='ocrx_word' id='word_1_54' title='bbox 925 1019 1034 1091; x_wconf 87' lang='lat' dir='ltr'><strong>jam</strong></span> <span class='ocrx_word' id='word_1_55' title='bbox 1086 1017 1360 1079; x_wconf 85' lang='lat' dir='ltr'><strong>fecissem,</strong></span> <span class='ocrx_word' id='word_1_56' title='bbox 1411 1013 1511 1068; x_wconf 90' lang='lat' dir='ltr'><strong>nisi</strong></span> <span class='ocrx_word' id='word_1_57' title='bbox 1538 1013 1646 1082; x_wconf 87' lang='lat' dir='ltr'><strong>jam</strong></span> <span class='ocrx_word' id='word_1_58' title='bbox 1673 1011 1798 1065; x_wconf 89' lang='lat' dir='ltr'><strong>olim</strong></span> <span class='ocrx_word' id='word_1_59' title='bbox 1819 1025 1914 1064; x_wconf 78' lang='lat' dir='ltr'><strong>vo-</strong></span> 
     </span>
    </p>
   </div>
   <div class='ocr_carea' id='block_1_8' title="bbox 335 1103 1915 1187">
    <p class='ocr_par' dir='ltr' id='par_1_8' title="bbox 335 1103 1915 1187">
     <span class='ocr_line' id='line_1_8' title="bbox 335 1103 1915 1187; baseline -0.011 -15"><span class='ocrx_word' id='word_1_60' title='bbox 335 1119 416 1173; x_wconf 91' lang='lat' dir='ltr'><strong>bis</strong></span> <span class='ocrx_word' id='word_1_61' title='bbox 445 1125 796 1187; x_wconf 74' lang='lat' dir='ltr'><strong>prteparatum</strong></span> <span class='ocrx_word' id='word_1_62' title='bbox 822 1123 967 1169; x_wconf 88' lang='lat' dir='ltr'><strong>esset</strong></span> <span class='ocrx_word' id='word_1_63' title='bbox 996 1128 1011 1165; x_wconf 72' lang='grc' dir='ltr'>ε</span> <span class='ocrx_word' id='word_1_64' title='bbox 1044 1108 1334 1165; x_wconf 87' lang='lat' dir='ltr'><strong>ostendens</strong></span> <span class='ocrx_word' id='word_1_65' title='bbox 1363 1106 1586 1161; x_wconf 84' lang='lat' dir='ltr'><strong>multum</strong></span> <span class='ocrx_word' id='word_1_66' title='bbox 1631 1103 1759 1172; x_wconf 86' lang='lat' dir='ltr'><strong>ipsis</strong></span> <span class='ocrx_word' id='word_1_67' title='bbox 1795 1116 1915 1157; x_wconf 87' lang='lat' dir='ltr'><strong>esse</strong></span> 
     </span>
    </p>
   </div>
   <div class='ocr_carea' id='block_1_9' title="bbox 332 1208 623 1263">
    <p class='ocr_par' dir='ltr' id='par_1_9' title="bbox 332 1208 623 1263">
     <span class='ocr_line' id='line_1_9' title="bbox 332 1208 623 1263; baseline -0.017 0"><span class='ocrx_word' id='word_1_68' title='bbox 332 1208 623 1263; x_wconf 80' lang='lat' dir='ltr'><strong>ﬁdentium.</strong></span> 
     </span>
    </p>
   </div>
   <div class='ocr_carea' id='block_1_10' title="bbox 403 1284 1912 1353">
    <p class='ocr_par' dir='ltr' id='par_1_10' title="bbox 403 1284 1912 1353">
     <span class='ocr_line' id='line_1_10' title="bbox 403 1284 1912 1353; baseline -0.011 0"><span class='ocrx_word' id='word_1_69' title='bbox 403 1299 460 1353; x_wconf 73' lang='lat'><strong>2.</strong></span> <span class='ocrx_word' id='word_1_70' title='bbox 504 1295 706 1352; x_wconf 87' lang='lat' dir='ltr'><strong>Deinde</strong></span> <span class='ocrx_word' id='word_1_71' title='bbox 731 1310 799 1350; x_wconf 90' lang='lat' dir='ltr'><strong>ne</strong></span> <span class='ocrx_word' id='word_1_72' title='bbox 827 1294 1100 1347; x_wconf 72' lang='lat' dir='ltr'><strong>videretur</strong></span> <span class='ocrx_word' id='word_1_73' title='bbox 1129 1290 1179 1344; x_wconf 88' lang='lat' dir='ltr'><strong>id</strong></span> <span class='ocrx_word' id='word_1_74' title='bbox 1208 1289 1387 1343; x_wconf 90' lang='lat' dir='ltr'><strong>dicere</strong></span> <span class='ocrx_word' id='word_1_75' title='bbox 1427 1284 1677 1341; x_wconf 75' lang='lat' dir='ltr'><strong>adulandi</strong></span> <span class='ocrx_word' id='word_1_76' title='bbox 1720 1299 1875 1337; x_wconf 82' lang='lat' dir='ltr'><strong>causa</strong></span> <span class='ocrx_word' id='word_1_77' title='bbox 1899 1326 1912 1349; x_wconf 95' lang='lat'><strong>,</strong></span> 
     </span>
    </p>
   </div>
   <div class='ocr_carea' id='block_1_11' title="bbox 335 1376 1916 1449">
    <p class='ocr_par' dir='ltr' id='par_1_11' title="bbox 335 1376 1916 1449">
     <span class='ocr_line' id='line_1_11' title="bbox 335 1376 1916 1449; baseline -0.011 -2"><span class='ocrx_word' id='word_1_78' title='bbox 335 1393 428 1449; x_wconf 85' lang='lat' dir='ltr'><strong>sed</strong></span> <span class='ocrx_word' id='word_1_79' title='bbox 468 1390 750 1446; x_wconf 72' lang='lat' dir='ltr'><strong>crederent</strong></span> <span class='ocrx_word' id='word_1_80' title='bbox 776 1403 887 1442; x_wconf 91' lang='lat' dir='ltr'><strong>rem</strong></span> <span class='ocrx_word' id='word_1_81' title='bbox 918 1386 988 1439; x_wconf 88' lang='lat' dir='ltr'><strong>ita</strong></span> <span class='ocrx_word' id='word_1_82' title='bbox 1020 1400 1078 1438; x_wconf 90' lang='lat' dir='ltr'><strong>se</strong></span> <span class='ocrx_word' id='word_1_83' title='bbox 1109 1382 1327 1441; x_wconf 86' lang='lat' dir='ltr'><strong>habere,</strong></span> <span class='ocrx_word' id='word_1_84' title='bbox 1369 1378 1550 1433; x_wconf 88' lang='lat' dir='ltr'><strong>subdit</strong></span> <span class='ocrx_word' id='word_1_85' title='bbox 1580 1395 1594 1431; x_wconf 87' lang='lat'><strong>:</strong></span> <span class='ocrx_word' id='word_1_86' title='bbox 1626 1379 1679 1431; x_wconf 69' lang='lat' dir='ltr'><strong>II.</strong></span> <span class='ocrx_word' id='word_1_87' title='bbox 1718 1376 1780 1429; x_wconf 80' lang='lat' dir='ltr'><strong>Et</strong></span> <span class='ocrx_word' id='word_1_88' title='bbox 1818 1392 1916 1444; x_wconf 83' lang='lat' dir='ltr'><strong>quo</strong></span> 
     </span>
    </p>
   </div>
   <div class='ocr_carea' id='block_1_12' title="bbox 334 1469 1917 1553">
    <p class='ocr_par' dir='ltr' id='par_1_12' title="bbox 334 1469 1917 1553">
     <span class='ocr_line' id='line_1_12' title="bbox 334 1469 1917 1553; baseline -0.011 -16"><span class='ocrx_word' id='word_1_89' title='bbox 334 1501 426 1553; x_wconf 82' lang='lat' dir='ltr'><strong>ego</strong></span> <span class='ocrx_word' id='word_1_90' title='bbox 460 1482 586 1536; x_wconf 83' lang='lat' dir='ltr'><strong>vado</strong></span> <span class='ocrx_word' id='word_1_91' title='bbox 613 1480 769 1543; x_wconf 84' lang='lat' dir='ltr'><strong>scitis,</strong></span> <span class='ocrx_word' id='word_1_92' title='bbox 798 1489 849 1532; x_wconf 79' lang='lat' dir='ltr'><strong>et</strong></span> <span class='ocrx_word' id='word_1_93' title='bbox 884 1477 1013 1529; x_wconf 80' lang='lat' dir='ltr'><strong>viam</strong></span> <span class='ocrx_word' id='word_1_94' title='bbox 1042 1474 1198 1528; x_wconf 77' lang='lat' dir='ltr'><strong>scitis.</strong></span> <span class='ocrx_word' id='word_1_95' title='bbox 1230 1471 1419 1527; x_wconf 77' lang='lat' dir='ltr'><strong>Vidcn‘</strong></span> <span class='ocrx_word' id='word_1_96' title='bbox 1438 1469 1710 1540; x_wconf 88' lang='lat' dir='ltr'><strong>quomodo</strong></span> <span class='ocrx_word' id='word_1_97' title='bbox 1735 1476 1917 1521; x_wconf 88' lang='lat' dir='ltr'><strong>osten-</strong></span> 
     </span>
    </p>
   </div>
   <div class='ocr_carea' id='block_1_13' title="bbox 336 1559 1913 1629">
    <p class='ocr_par' dir='ltr' id='par_1_13' title="bbox 336 1559 1913 1629">
     <span class='ocr_line' id='line_1_13' title="bbox 336 1559 1913 1629; baseline -0.011 0"><span class='ocrx_word' id='word_1_98' title='bbox 336 1577 427 1629; x_wconf 83' lang='lat' dir='ltr'><strong>dat</strong></span> <span class='ocrx_word' id='word_1_99' title='bbox 463 1575 539 1629; x_wconf 87' lang='lat' dir='ltr'><strong>eis</strong></span> <span class='ocrx_word' id='word_1_100' title='bbox 567 1574 682 1627; x_wconf 75' lang='lat' dir='ltr'><strong>lucc</strong></span> <span class='ocrx_word' id='word_1_101' title='bbox 713 1586 816 1625; x_wconf 88' lang='lat' dir='ltr'><strong>non</strong></span> <span class='ocrx_word' id='word_1_102' title='bbox 850 1569 1041 1624; x_wconf 84' lang='lat' dir='ltr'><strong>frustra</strong></span> <span class='ocrx_word' id='word_1_103' title='bbox 1068 1566 1209 1622; x_wconf 89' lang='lat' dir='ltr'><strong>dicta</strong></span> <span class='ocrx_word' id='word_1_104' title='bbox 1240 1564 1423 1619; x_wconf 78' lang='lat' dir='ltr'><strong>fuisse.</strong></span> <span class='ocrx_word' id='word_1_105' title='bbox 1450 1562 1581 1617; x_wconf 89' lang='lat' dir='ltr'><strong>Illud</strong></span> <span class='ocrx_word' id='word_1_106' title='bbox 1611 1576 1737 1616; x_wconf 88' lang='lat' dir='ltr'><strong>vero</strong></span> <span class='ocrx_word' id='word_1_107' title='bbox 1764 1559 1913 1623; x_wconf 89' lang='lat' dir='ltr'><strong>dicit,</strong></span> 
     </span>
    </p>
   </div>
   <div class='ocr_carea' id='block_1_14' title="bbox 336 1654 1919 1738">
    <p class='ocr_par' dir='ltr' id='par_1_14' title="bbox 336 1654 1919 1738">
     <span class='ocr_line' id='line_1_14' title="bbox 336 1654 1919 1738; baseline -0.009 -16"><span class='ocrx_word' id='word_1_108' title='bbox 336 1666 479 1738; x_wconf 85' lang='lat' dir='ltr'><strong>quod</strong></span> <span class='ocrx_word' id='word_1_109' title='bbox 510 1665 671 1719; x_wconf 80' lang='lat' dir='ltr'><strong>sciret</strong></span> <span class='ocrx_word' id='word_1_110' title='bbox 716 1663 835 1717; x_wconf 90' lang='lat' dir='ltr'><strong>illos</strong></span> <span class='ocrx_word' id='word_1_111' title='bbox 881 1661 1016 1714; x_wconf 83' lang='lat' dir='ltr'><strong>hanc</strong></span> <span class='ocrx_word' id='word_1_112' title='bbox 1055 1674 1252 1729; x_wconf 83' lang='lat' dir='ltr'><strong>cupere</strong></span> <span class='ocrx_word' id='word_1_113' title='bbox 1276 1657 1540 1712; x_wconf 91' lang='lat' dir='ltr'><strong>notitiam.</strong></span> <span class='ocrx_word' id='word_1_114' title='bbox 1567 1654 1698 1710; x_wconf 88' lang='lat' dir='ltr'><strong>Nam</strong></span> <span class='ocrx_word' id='word_1_115' title='bbox 1730 1655 1919 1710; x_wconf 83' lang='lat' dir='ltr'><strong>Petrus</strong></span> 
     </span>
    </p>
   </div>
   <div class='ocr_carea' id='block_1_15' title="bbox 338 1753 1915 1822">
    <p class='ocr_par' dir='ltr' id='par_1_15' title="bbox 338 1753 1915 1822">
     <span class='ocr_line' id='line_1_15' title="bbox 338 1753 1915 1822; baseline -0.008 -8"><span class='ocrx_word' id='word_1_116' title='bbox 338 1777 442 1814; x_wconf 90' lang='lat' dir='ltr'><strong>non</strong></span> <span class='ocrx_word' id='word_1_117' title='bbox 489 1756 725 1814; x_wconf 82' lang='lat' dir='ltr'><strong>discendi</strong></span> <span class='ocrx_word' id='word_1_118' title='bbox 769 1770 946 1821; x_wconf 80' lang='lat' dir='ltr'><strong>causa,</strong></span> <span class='ocrx_word' id='word_1_119' title='bbox 989 1753 1083 1809; x_wconf 87' lang='lat' dir='ltr'><strong>sed</strong></span> <span class='ocrx_word' id='word_1_120' title='bbox 1131 1764 1188 1807; x_wconf 91' lang='lat' dir='ltr'><strong>ut</strong></span> <span class='ocrx_word' id='word_1_121' title='bbox 1226 1760 1540 1822; x_wconf 86' lang='lat' dir='ltr'><strong>sequeretur</strong></span> <span class='ocrx_word' id='word_1_122' title='bbox 1566 1766 1709 1809; x_wconf 90' lang='lat' dir='ltr'><strong>eum,</strong></span> <span class='ocrx_word' id='word_1_123' title='bbox 1753 1762 1915 1817; x_wconf 85' lang='lat' dir='ltr'><strong>supe-</strong></span> 
     </span>
    </p>
   </div>
   <div class='ocr_carea' id='block_1_16' title="bbox 339 1839 1913 1919">
    <p class='ocr_par' dir='ltr' id='par_1_16' title="bbox 339 1839 1913 1919">
     <span class='ocr_line' id='line_1_16' title="bbox 339 1839 1913 1919; baseline -0.008 -13"><span class='ocrx_word' id='word_1_124' title='bbox 339 1852 483 1907; x_wconf 86' lang='lat' dir='ltr'><strong>riora</strong></span> <span class='ocrx_word' id='word_1_125' title='bbox 510 1851 762 1919; x_wconf 83' lang='lat' dir='ltr'><strong>loquutus</strong></span> <span class='ocrx_word' id='word_1_126' title='bbox 785 1855 886 1902; x_wconf 89' lang='lat' dir='ltr'><strong>est.</strong></span> <span class='ocrx_word' id='word_1_127' title='bbox 920 1845 1053 1913; x_wconf 84' lang='lat' dir='ltr'><strong>Quia</strong></span> <span class='ocrx_word' id='word_1_128' title='bbox 1095 1860 1224 1899; x_wconf 91' lang='lat' dir='ltr'><strong>vero</strong></span> <span class='ocrx_word' id='word_1_129' title='bbox 1271 1845 1577 1913; x_wconf 87' lang='lat' dir='ltr'><strong>increpatus</strong></span> <span class='ocrx_word' id='word_1_130' title='bbox 1608 1841 1696 1895; x_wconf 90' lang='lat' dir='ltr'><strong>ille</strong></span> <span class='ocrx_word' id='word_1_131' title='bbox 1725 1839 1913 1903; x_wconf 81' lang='lat' dir='ltr'><strong>fuerat,</strong></span> 
     </span>
    </p>
   </div>
   <div class='ocr_carea' id='block_1_17' title="bbox 330 1936 1903 2007">
    <p class='ocr_par' dir='ltr' id='par_1_17' title="bbox 330 1936 1903 2007">
     <span class='ocr_line' id='line_1_17' title="bbox 330 1936 1903 2007; baseline -0.004 -12"><span class='ocrx_word' id='word_1_132' title='bbox 330 1951 398 1996; x_wconf 85' lang='lat' dir='ltr'><strong>et</strong></span> <span class='ocrx_word' id='word_1_133' title='bbox 421 1941 635 1995; x_wconf 88' lang='lat' dir='ltr'><strong>interim</strong></span> <span class='ocrx_word' id='word_1_134' title='bbox 660 1938 897 1994; x_wconf 76' lang='lat' dir='ltr'><strong>Christus</strong></span> <span class='ocrx_word' id='word_1_135' title='bbox 933 1938 1074 2007; x_wconf 89' lang='lat' dir='ltr'><strong>quod</strong></span> <span class='ocrx_word' id='word_1_136' title='bbox 1106 1937 1434 2007; x_wconf 84' lang='lat' dir='ltr'><strong>impossibile</strong></span> <span class='ocrx_word' id='word_1_137' title='bbox 1461 1936 1758 2001; x_wconf 87' lang='lat' dir='ltr'><strong>videbatur,</strong></span> <span class='ocrx_word' id='word_1_138' title='bbox 1789 1948 1903 2004; x_wconf 12' lang='lat' dir='ltr'><strong>post</strong></span> 
     </span>
    </p>
   </div>
   <div class='ocr_carea' id='block_1_18' title="bbox 339 2028 1912 2100">
    <p class='ocr_par' dir='ltr' id='par_1_18' title="bbox 339 2028 1912 2100">
     <span class='ocr_line' id='line_1_18' title="bbox 339 2028 1912 2100; baseline -0.004 -14"><span class='ocrx_word' id='word_1_139' title='bbox 339 2032 497 2087; x_wconf 76' lang='lat' dir='ltr'><strong>sibilo</strong></span> <span class='ocrx_word' id='word_1_140' title='bbox 524 2046 640 2087; x_wconf 86' lang='lat' dir='ltr'><strong>esse</strong></span> <span class='ocrx_word' id='word_1_141' title='bbox 663 2031 1005 2093; x_wconf 89' lang='lat' dir='ltr'><strong>monstravit;</strong></span> <span class='ocrx_word' id='word_1_142' title='bbox 1034 2040 1231 2085; x_wconf 89' lang='lat' dir='ltr'><strong>etcum</strong></span> <span class='ocrx_word' id='word_1_143' title='bbox 1260 2029 1591 2100; x_wconf 88' lang='lat' dir='ltr'><strong>impossibile</strong></span> <span class='ocrx_word' id='word_1_144' title='bbox 1623 2028 1912 2087; x_wconf 86' lang='lat' dir='ltr'><strong>videretur,</strong></span> 
     </span>
    </p>
   </div>
   <div class='ocr_carea' id='block_1_19' title="bbox 338 2114 1916 2194">
    <p class='ocr_par' dir='ltr' id='par_1_19' title="bbox 338 2114 1916 2194">
     <span class='ocr_line' id='line_1_19' title="bbox 338 2114 1916 2194; baseline -0.003 -16"><span class='ocrx_word' id='word_1_145' title='bbox 338 2124 679 2194; x_wconf 73' lang='lat' dir='ltr'><strong>cupiditatem</strong></span> <span class='ocrx_word' id='word_1_146' title='bbox 703 2123 1025 2193; x_wconf 89' lang='lat' dir='ltr'><strong>injecitquid</strong></span> <span class='ocrx_word' id='word_1_147' title='bbox 1049 2123 1176 2178; x_wconf 88' lang='lat' dir='ltr'><strong>illttd</strong></span> <span class='ocrx_word' id='word_1_148' title='bbox 1198 2132 1337 2178; x_wconf 90' lang='lat' dir='ltr'><strong>esset</strong></span> <span class='ocrx_word' id='word_1_149' title='bbox 1367 2114 1719 2193; x_wconf 84' lang='lat' dir='ltr'><strong>cognoscendi</strong></span> <span class='ocrx_word' id='word_1_150' title='bbox 1753 2138 1766 2174; x_wconf 90' lang='lat'><strong>:</strong></span> <span class='ocrx_word' id='word_1_151' title='bbox 1797 2121 1916 2174; x_wconf 90' lang='lat' dir='ltr'><strong>ideo</strong></span> 
     </span>
    </p>
   </div>
   <div class='ocr_carea' id='block_1_20' title="bbox 335 2212 1916 2279">
    <p class='ocr_par' dir='ltr' id='par_1_20' title="bbox 335 2212 1916 2279">
     <span class='ocr_line' id='line_1_20' title="bbox 335 2212 1916 2279; baseline -0.003 -11"><span class='ocrx_word' id='word_1_152' title='bbox 335 2216 411 2268; x_wconf 78' lang='lat' dir='ltr'><strong>ait</strong></span> <span class='ocrx_word' id='word_1_153' title='bbox 441 2212 541 2268; x_wconf 83' lang='lat' dir='ltr'><strong>illis</strong></span> <span class='ocrx_word' id='word_1_154' title='bbox 570 2230 585 2269; x_wconf 89' lang='lat'><strong>:</strong></span> <span class='ocrx_word' id='word_1_155' title='bbox 614 2212 678 2266; x_wconf 79' lang='lat' dir='ltr'><strong>Et</strong></span> <span class='ocrx_word' id='word_1_156' title='bbox 700 2214 831 2267; x_wconf 81' lang='lat' dir='ltr'><strong>viam</strong></span> <span class='ocrx_word' id='word_1_157' title='bbox 862 2215 1021 2268; x_wconf 75' lang='lat' dir='ltr'><strong>scitis.</strong></span> <span class='ocrx_word' id='word_1_158' title='bbox 1050 2215 1198 2270; x_wconf 82' lang='lat' dir='ltr'><strong>Sicut</strong></span> <span class='ocrx_word' id='word_1_159' title='bbox 1243 2215 1386 2268; x_wconf 86' lang='lat' dir='ltr'><strong>enim</strong></span> <span class='ocrx_word' id='word_1_160' title='bbox 1412 2214 1501 2267; x_wconf 90' lang='lat' dir='ltr'><strong>ubi</strong></span> <span class='ocrx_word' id='word_1_161' title='bbox 1531 2213 1686 2279; x_wconf 82' lang='lat' dir='ltr'><strong>dixit,</strong></span> <span class='ocrx_word' id='word_1_162' title='bbox 1726 2212 1812 2266; x_wconf 79' lang='lat' dir='ltr'><strong>Me</strong></span> <span class='ocrx_word' id='word_1_163' title='bbox 1837 2228 1916 2265; x_wconf 89' lang='lat' dir='ltr'><strong>ne-</strong></span> 
     </span>
    </p>
   </div>
   <div class='ocr_carea' id='block_1_21' title="bbox 223 2304 1913 2376">
    <p class='ocr_par' dir='ltr' id='par_1_21' title="bbox 223 2304 1913 2376">
     <span class='ocr_line' id='line_1_21' title="bbox 223 2304 1913 2376; baseline 0.003 -24"><span class='ocrx_word' id='word_1_164' title='bbox 223 2340 238 2352; x_wconf 88' lang='lat'><strong>.</strong></span> <span class='ocrx_word' id='word_1_165' title='bbox 328 2304 491 2375; x_wconf 79' lang='lat' dir='ltr'><strong>gabis,</strong></span> <span class='ocrx_word' id='word_1_166' title='bbox 514 2318 637 2360; x_wconf 84' lang='lat' dir='ltr'><strong>cum</strong></span> <span class='ocrx_word' id='word_1_167' title='bbox 666 2320 824 2359; x_wconf 85' lang='lat' dir='ltr'><strong>nemo</strong></span> <span class='ocrx_word' id='word_1_168' title='bbox 854 2305 1139 2376; x_wconf 74' lang='lat' dir='ltr'><strong>quidpiam</strong></span> <span class='ocrx_word' id='word_1_169' title='bbox 1167 2305 1413 2375; x_wconf 76' lang='lat' dir='ltr'><strong>pra-fatus</strong></span> <span class='ocrx_word' id='word_1_170' title='bbox 1436 2313 1599 2370; x_wconf 87' lang='lat' dir='ltr'><strong>esset,</strong></span> <span class='ocrx_word' id='word_1_171' title='bbox 1633 2314 1682 2356; x_wconf 70' lang='lat' dir='ltr'><strong>ut</strong></span> <span class='ocrx_word' id='word_1_172' title='bbox 1713 2319 1832 2374; x_wconf 71' lang='lat' dir='ltr'><strong>qua:</strong></span> <span class='ocrx_word' id='word_1_173' title='bbox 1861 2305 1913 2357; x_wconf 90' lang='lat' dir='ltr'><strong>in</strong></span> 
     </span>
    </p>
   </div>
   <div class='ocr_carea' id='block_1_22' title="bbox 329 2395 1913 2463">
    <p class='ocr_par' dir='ltr' id='par_1_22' title="bbox 329 2395 1913 2463">
     <span class='ocr_line' id='line_1_22' title="bbox 329 2395 1913 2463; baseline -0.003 -11"><span class='ocrx_word' id='word_1_174' title='bbox 329 2398 580 2453; x_wconf 84' lang='lat' dir='ltr'><strong>cordibus</strong></span> <span class='ocrx_word' id='word_1_175' title='bbox 609 2409 764 2453; x_wconf 89' lang='lat' dir='ltr'><strong>erant</strong></span> <span class='ocrx_word' id='word_1_176' title='bbox 808 2408 1159 2461; x_wconf 86' lang='lat' dir='ltr'><strong>scrutaretur,</strong></span> <span class='ocrx_word' id='word_1_177' title='bbox 1208 2397 1430 2463; x_wconf 86' lang='lat' dir='ltr'><strong>addidit,</strong></span> <span class='ocrx_word' id='word_1_178' title='bbox 1486 2395 1569 2451; x_wconf 83' lang='lat' dir='ltr'><strong>Ne</strong></span> <span class='ocrx_word' id='word_1_179' title='bbox 1606 2395 1870 2450; x_wconf 83' lang='lat' dir='ltr'><strong>turbemini</strong></span> <span class='ocrx_word' id='word_1_180' title='bbox 1895 2411 1913 2448; x_wconf 91' lang='lat'><strong><em>:</em></strong></span> 
     </span>
    </p>
   </div>
   <div class='ocr_carea' id='block_1_23' title="bbox 334 2489 1912 2559">
    <p class='ocr_par' dir='ltr' id='par_1_23' title="bbox 334 2489 1912 2559">
     <span class='ocr_line' id='line_1_23' title="bbox 334 2489 1912 2559; baseline 0.001 -17"><span class='ocrx_word' id='word_1_181' title='bbox 334 2491 403 2543; x_wconf 84' lang='lat' dir='ltr'><strong>ita</strong></span> <span class='ocrx_word' id='word_1_182' title='bbox 434 2498 487 2544; x_wconf 89' lang='lat' dir='ltr'><strong>et</strong></span> <span class='ocrx_word' id='word_1_183' title='bbox 513 2489 613 2545; x_wconf 91' lang='lat' dir='ltr'><strong>hoc</strong></span> <span class='ocrx_word' id='word_1_184' title='bbox 640 2490 781 2555; x_wconf 89' lang='lat' dir='ltr'><strong>loco,</strong></span> <span class='ocrx_word' id='word_1_185' title='bbox 813 2490 904 2546; x_wconf 91' lang='lat' dir='ltr'><strong>ubi</strong></span> <span class='ocrx_word' id='word_1_186' title='bbox 934 2490 1090 2555; x_wconf 82' lang='lat' dir='ltr'><strong>dixit,</strong></span> <span class='ocrx_word' id='word_1_187' title='bbox 1141 2490 1316 2555; x_wconf 81' lang='lat' dir='ltr'><strong>Scitis,</strong></span> <span class='ocrx_word' id='word_1_188' title='bbox 1362 2490 1707 2559; x_wconf 86' lang='lat' dir='ltr'><strong>cupiditatem</strong></span> <span class='ocrx_word' id='word_1_189' title='bbox 1749 2489 1912 2544; x_wconf 84' lang='lat' dir='ltr'><strong>animi</strong></span> 
     </span>
    </p>
   </div>
   <div class='ocr_carea' id='block_1_24' title="bbox 330 2581 1908 2651">
    <p class='ocr_par' dir='ltr' id='par_1_24' title="bbox 330 2581 1908 2651">
     <span class='ocr_line' id='line_1_24' title="bbox 330 2581 1908 2651; baseline 0.002 -18"><span class='ocrx_word' id='word_1_190' title='bbox 330 2594 515 2634; x_wconf 89' lang='lat' dir='ltr'><strong>eorum</strong></span> <span class='ocrx_word' id='word_1_191' title='bbox 556 2581 866 2646; x_wconf 86' lang='lat' dir='ltr'><strong>declaravit,</strong></span> <span class='ocrx_word' id='word_1_192' title='bbox 891 2591 941 2636; x_wconf 90' lang='lat' dir='ltr'><strong>et</strong></span> <span class='ocrx_word' id='word_1_193' title='bbox 972 2583 1085 2650; x_wconf 88' lang='lat' dir='ltr'><strong>ipse</strong></span> <span class='ocrx_word' id='word_1_194' title='bbox 1110 2581 1201 2636; x_wconf 78' lang='lat' dir='ltr'><strong>dat</strong></span> <span class='ocrx_word' id='word_1_195' title='bbox 1227 2582 1332 2636; x_wconf 89' lang='lat' dir='ltr'><strong>illis</strong></span> <span class='ocrx_word' id='word_1_196' title='bbox 1364 2581 1724 2651; x_wconf 86' lang='lat' dir='ltr'><strong>interrogandi</strong></span> <span class='ocrx_word' id='word_1_197' title='bbox 1753 2597 1908 2636; x_wconf 84' lang='lat' dir='ltr'><strong>occa-</strong></span> 
     </span>
    </p>
   </div>
   <div class='ocr_carea' id='block_1_25' title="bbox 328 2671 1908 2740">
    <p class='ocr_par' dir='ltr' id='par_1_25' title="bbox 328 2671 1908 2740">
     <span class='ocr_line' id='line_1_25' title="bbox 328 2671 1908 2740; baseline 0.001 -17"><span class='ocrx_word' id='word_1_198' title='bbox 328 2672 556 2725; x_wconf 83' lang='lat' dir='ltr'><strong>sionem.</strong></span> <span class='ocrx_word' id='word_1_199' title='bbox 604 2671 736 2726; x_wconf 80' lang='lat' dir='ltr'><strong>lilud</strong></span> <span class='ocrx_word' id='word_1_200' title='bbox 763 2686 910 2740; x_wconf 89' lang='lat' dir='ltr'><strong>vero,</strong></span> <span class='ocrx_word' id='word_1_201' title='bbox 946 2672 1059 2740; x_wconf 86' lang='lat' dir='ltr'><strong>Quo</strong></span> <span class='ocrx_word' id='word_1_202' title='bbox 1084 2672 1226 2727; x_wconf 83' lang='lat' dir='ltr'><strong>t-‘adis</strong></span> <span class='ocrx_word' id='word_1_203' title='bbox 1243 2672 1269 2726; x_wconf 72' lang='lat'><strong>.9</strong></span> <span class='ocrx_word' id='word_1_204' title='bbox 1293 2672 1480 2726; x_wconf 83' lang='lat' dir='ltr'><strong>Petrus</strong></span> <span class='ocrx_word' id='word_1_205' title='bbox 1501 2688 1565 2727; x_wconf 82' lang='lat' dir='ltr'><strong>ex</strong></span> <span class='ocrx_word' id='word_1_206' title='bbox 1593 2672 1643 2726; x_wconf 88' lang='lat' dir='ltr'><strong>vi</strong></span> <span class='ocrx_word' id='word_1_207' title='bbox 1679 2671 1908 2738; x_wconf 89' lang='lat' dir='ltr'><strong>amoris,</strong></span> 
     </span>
    </p>
   </div>
   <div class='ocr_carea' id='block_1_26' title="bbox 325 2760 1913 2833">
    <p class='ocr_par' dir='ltr' id='par_1_26' title="bbox 325 2760 1913 2833">
     <span class='ocr_line' id='line_1_26' title="bbox 325 2760 1913 2833; baseline 0.001 -19"><span class='ocrx_word' id='word_1_208' title='bbox 325 2760 561 2815; x_wconf 78' lang='lat' dir='ltr'><strong>Thomas</strong></span> <span class='ocrx_word' id='word_1_209' title='bbox 592 2778 717 2815; x_wconf 88' lang='lat' dir='ltr'><strong>vero</strong></span> <span class='ocrx_word' id='word_1_210' title='bbox 750 2778 860 2833; x_wconf 74' lang='lat' dir='ltr'><strong>prze</strong></span> <span class='ocrx_word' id='word_1_211' title='bbox 893 2763 1083 2817; x_wconf 87' lang='lat' dir='ltr'><strong>timore</strong></span> <span class='ocrx_word' id='word_1_212' title='bbox 1112 2763 1260 2817; x_wconf 87' lang='lat' dir='ltr'><strong>dicit.</strong></span> <span class='ocrx_word' id='word_1_213' title='bbox 1289 2763 1341 2816; x_wconf 83' lang='lat'><strong>5.</strong></span> <span class='ocrx_word' id='word_1_214' title='bbox 1386 2761 1622 2827; x_wconf 85' lang='lat' dir='ltr'><strong>Domine,</strong></span> <span class='ocrx_word' id='word_1_215' title='bbox 1665 2763 1913 2816; x_wconf 83' lang='lat' dir='ltr'><strong>nescimus</strong></span> 
     </span>
    </p>
   </div>
   <div class='ocr_carea' id='block_1_27' title="bbox 325 2842 1912 2926">
    <p class='ocr_par' dir='ltr' id='par_1_27' title="bbox 325 2842 1912 2926">
     <span class='ocr_line' id='line_1_27' title="bbox 325 2842 1912 2926; baseline 0.003 -21"><span class='ocrx_word' id='word_1_216' title='bbox 325 2871 422 2923; x_wconf 78' lang='lat' dir='ltr'><strong>quo</strong></span> <span class='ocrx_word' id='word_1_217' title='bbox 453 2857 612 2908; x_wconf 76' lang='lat' dir='ltr'><strong>rudis.</strong></span> <span class='ocrx_word' id='word_1_218' title='bbox 638 2855 839 2909; x_wconf 72' lang='lat' dir='ltr'><strong>Locum</strong></span> <span class='ocrx_word' id='word_1_219' title='bbox 873 2861 1158 2919; x_wconf 87' lang='lat' dir='ltr'><strong>nescimus,</strong></span> <span class='ocrx_word' id='word_1_220' title='bbox 1202 2855 1391 2925; x_wconf 85' lang='lat' dir='ltr'><strong>inquit,</strong></span> <span class='ocrx_word' id='word_1_221' title='bbox 1425 2855 1487 2908; x_wconf 82' lang='lat' dir='ltr'><strong>Et</strong></span> <span class='ocrx_word' id='word_1_222' title='bbox 1513 2842 1912 2926; x_wconf 45' lang='lat' dir='ltr'><strong>quomodo&#39;poso</strong></span> 
     </span>
    </p>
   </div>
   <div class='ocr_carea' id='block_1_28' title="bbox 326 2930 1909 3018">
    <p class='ocr_par' dir='ltr' id='par_1_28' title="bbox 326 2930 1909 3018">
     <span class='ocr_line' id='line_1_28' title="bbox 326 2930 1909 3018; baseline 0.001 -18"><span class='ocrx_word' id='word_1_223' title='bbox 326 2964 499 3000; x_wconf 82' lang='lat' dir='ltr'><strong>sumus</strong></span> <span class='ocrx_word' id='word_1_224' title='bbox 520 2948 649 3001; x_wconf 78' lang='lat' dir='ltr'><strong>viam</strong></span> <span class='ocrx_word' id='word_1_225' title='bbox 681 2949 849 3003; x_wconf 75' lang='lat' dir='ltr'><strong>scire!</strong></span> <span class='ocrx_word' id='word_1_226' title='bbox 896 2948 1029 3003; x_wconf 72' lang='lat' dir='ltr'><strong>Vide</strong></span> <span class='ocrx_word' id='word_1_227' title='bbox 1059 2930 1217 3018; x_wconf 88' lang='lat' dir='ltr'><strong>quam</strong></span> <span class='ocrx_word' id='word_1_228' title='bbox 1240 2959 1578 3004; x_wconf 81' lang='lat' dir='ltr'><strong>reverenter.</strong></span> <span class='ocrx_word' id='word_1_229' title='bbox 1619 2948 1735 3004; x_wconf 85' lang='lat' dir='ltr'><strong>Non</strong></span> <span class='ocrx_word' id='word_1_230' title='bbox 1767 2950 1909 3004; x_wconf 87' lang='lat' dir='ltr'><strong>enim</strong></span> 
     </span>
    </p>
   </div>
   <div class='ocr_carea' id='block_1_29' title="bbox 320 3036 1911 3105">
    <p class='ocr_par' dir='ltr' id='par_1_29' title="bbox 320 3036 1911 3105">
     <span class='ocr_line' id='line_1_29' title="bbox 320 3036 1911 3105; baseline 0.004 -16"><span class='ocrx_word' id='word_1_231' title='bbox 320 3036 477 3099; x_wconf 77' lang='lat' dir='ltr'><strong>dixit,</strong></span> <span class='ocrx_word' id='word_1_232' title='bbox 513 3040 603 3091; x_wconf 87' lang='lat' dir='ltr'><strong>Dic</strong></span> <span class='ocrx_word' id='word_1_233' title='bbox 629 3038 782 3093; x_wconf 85' lang='lat' dir='ltr'><strong>nobis</strong></span> <span class='ocrx_word' id='word_1_234' title='bbox 811 3039 983 3093; x_wconf 87' lang='lat' dir='ltr'><strong>locum</strong></span> <span class='ocrx_word' id='word_1_235' title='bbox 1007 3057 1021 3104; x_wconf 92' lang='lat'><strong>;</strong></span> <span class='ocrx_word' id='word_1_236' title='bbox 1053 3039 1166 3105; x_wconf 90' lang='lat' dir='ltr'><strong>sed,</strong></span> <span class='ocrx_word' id='word_1_237' title='bbox 1202 3038 1472 3093; x_wconf 76' lang='lat' dir='ltr'><strong>Nescimus</strong></span> <span class='ocrx_word' id='word_1_238' title='bbox 1492 3056 1590 3103; x_wconf 83' lang='lat' dir='ltr'><strong>quo</strong></span> <span class='ocrx_word' id='word_1_239' title='bbox 1610 3040 1771 3093; x_wconf 84' lang='lat' dir='ltr'><strong>vadis.</strong></span> <span class='ocrx_word' id='word_1_240' title='bbox 1798 3039 1911 3095; x_wconf 88' lang='lat' dir='ltr'><strong>lloc</strong></span> 
     </span>
    </p>
   </div>
   <div class='ocr_carea' id='block_1_30' title="bbox 322 3128 1912 3200">
    <p class='ocr_par' dir='ltr' id='par_1_30' title="bbox 322 3128 1912 3200">
     <span class='ocr_line' id='line_1_30' title="bbox 322 3128 1912 3200; baseline 0.001 -19"><span class='ocrx_word' id='word_1_241' title='bbox 322 3128 465 3181; x_wconf 90' lang='lat' dir='ltr'><strong>enim</strong></span> <span class='ocrx_word' id='word_1_242' title='bbox 499 3128 608 3197; x_wconf 87' lang='lat' dir='ltr'><strong>jam</strong></span> <span class='ocrx_word' id='word_1_243' title='bbox 647 3129 773 3183; x_wconf 86' lang='lat' dir='ltr'><strong>olim</strong></span> <span class='ocrx_word' id='word_1_244' title='bbox 804 3144 995 3185; x_wconf 87' lang='lat' dir='ltr'><strong>omnes</strong></span> <span class='ocrx_word' id='word_1_245' title='bbox 1021 3129 1226 3184; x_wconf 82' lang='lat' dir='ltr'><strong>discere</strong></span> <span class='ocrx_word' id='word_1_246' title='bbox 1248 3130 1554 3200; x_wconf 90' lang='lat' dir='ltr'><strong>cupiebant.</strong></span> <span class='ocrx_word' id='word_1_247' title='bbox 1585 3130 1715 3185; x_wconf 88' lang='lat' dir='ltr'><strong>Nam</strong></span> <span class='ocrx_word' id='word_1_248' title='bbox 1747 3130 1791 3184; x_wconf 89' lang='lat' dir='ltr'><strong>si</strong></span> <span class='ocrx_word' id='word_1_249' title='bbox 1818 3130 1912 3184; x_wconf 87' lang='lat' dir='ltr'><strong>.In-</strong></span> 
     </span>
    </p>
   </div>
   <div class='ocr_carea' id='block_1_31' title="bbox 321 3220 1911 3294">
    <p class='ocr_par' dir='ltr' id='par_1_31' title="bbox 321 3220 1911 3294">
     <span class='ocr_line' id='line_1_31' title="bbox 321 3220 1911 3294; baseline 0.004 -23"><span class='ocrx_word' id='word_1_250' title='bbox 321 3220 422 3273; x_wconf 60' lang='lat' dir='ltr'><strong>diei</strong></span> <span class='ocrx_word' id='word_1_251' title='bbox 455 3220 505 3274; x_wconf 94' lang='lat' dir='ltr'><strong>id</strong></span> <span class='ocrx_word' id='word_1_252' title='bbox 532 3222 812 3276; x_wconf 86' lang='lat' dir='ltr'><strong>audientes</strong></span> <span class='ocrx_word' id='word_1_253' title='bbox 847 3223 1009 3276; x_wconf 90' lang='lat' dir='ltr'><strong>animi</strong></span> <span class='ocrx_word' id='word_1_254' title='bbox 1036 3222 1359 3291; x_wconf 85' lang='lat' dir='ltr'><strong>pendebant,</strong></span> <span class='ocrx_word' id='word_1_255' title='bbox 1388 3224 1597 3278; x_wconf 81' lang='lat' dir='ltr'><strong>tametsi</strong></span> <span class='ocrx_word' id='word_1_256' title='bbox 1626 3223 1911 3294; x_wconf 84' lang='lat' dir='ltr'><strong>cupiebant</strong></span> 
     </span>
    </p>
   </div>
   <div class='ocr_carea' id='block_1_32' title="bbox 321 3312 1899 3386">
    <p class='ocr_par' dir='ltr' id='par_1_32' title="bbox 321 3312 1899 3386">
     <span class='ocr_line' id='line_1_32' title="bbox 321 3312 1899 3386; baseline 0.003 -21"><span class='ocrx_word' id='word_1_257' title='bbox 321 3312 471 3365; x_wconf 88' lang='lat' dir='ltr'><strong>illmn</strong></span> <span class='ocrx_word' id='word_1_258' title='bbox 514 3313 838 3380; x_wconf 81' lang='lat' dir='ltr'><strong>abscedere;</strong></span> <span class='ocrx_word' id='word_1_259' title='bbox 883 3315 1050 3369; x_wconf 89' lang='lat' dir='ltr'><strong>multo</strong></span> <span class='ocrx_word' id='word_1_260' title='bbox 1099 3315 1265 3384; x_wconf 88' lang='lat' dir='ltr'><strong>magis</strong></span> <span class='ocrx_word' id='word_1_261' title='bbox 1296 3315 1330 3368; x_wconf 94' lang='lat' dir='ltr'><strong>ii</strong></span> <span class='ocrx_word' id='word_1_262' title='bbox 1361 3316 1448 3385; x_wconf 87' lang='lat' dir='ltr'><strong>qui</strong></span> <span class='ocrx_word' id='word_1_263' title='bbox 1484 3332 1771 3386; x_wconf 82' lang='lat' dir='ltr'><strong>numquam</strong></span> <span class='ocrx_word' id='word_1_264' title='bbox 1804 3332 1899 3370; x_wconf 54' lang='lat' dir='ltr'><strong>vo-</strong></span> 
     </span>
    </p>
   </div>
   <div class='ocr_carea' id='block_1_33' title="bbox 321 3404 1907 3475">
    <p class='ocr_par' dir='ltr' id='par_1_33' title="bbox 321 3404 1907 3475">
     <span class='ocr_line' id='line_1_33' title="bbox 321 3404 1907 3475; baseline 0.003 -19"><span class='ocrx_word' id='word_1_265' title='bbox 321 3404 499 3457; x_wconf 77' lang='lat' dir='ltr'><strong>iubant</strong></span> <span class='ocrx_word' id='word_1_266' title='bbox 525 3404 593 3457; x_wconf 88' lang='lat' dir='ltr'><strong>ab</strong></span> <span class='ocrx_word' id='word_1_267' title='bbox 620 3405 709 3458; x_wconf 90' lang='lat' dir='ltr'><strong>illo</strong></span> <span class='ocrx_word' id='word_1_268' title='bbox 733 3405 990 3474; x_wconf 88' lang='lat' dir='ltr'><strong>separari,</strong></span> <span class='ocrx_word' id='word_1_269' title='bbox 1021 3405 1069 3460; x_wconf 93' lang='lat' dir='ltr'><strong>id</strong></span> <span class='ocrx_word' id='word_1_270' title='bbox 1099 3405 1309 3460; x_wconf 91' lang='lat' dir='ltr'><strong>discere</strong></span> <span class='ocrx_word' id='word_1_271' title='bbox 1336 3407 1647 3475; x_wconf 83' lang='lat' dir='ltr'><strong>cupiebant:</strong></span> <span class='ocrx_word' id='word_1_272' title='bbox 1675 3407 1907 3461; x_wconf 80' lang='lat' dir='ltr'><strong>lteverc-</strong></span> 
     </span>
    </p>
   </div>
   <div class='ocr_carea' id='block_1_34' title="bbox 321 3494 1905 3566">
    <p class='ocr_par' dir='ltr' id='par_1_34' title="bbox 321 3494 1905 3566">
     <span class='ocr_line' id='line_1_34' title="bbox 321 3494 1905 3566; baseline 0.003 -20"><span class='ocrx_word' id='word_1_273' title='bbox 321 3494 515 3547; x_wconf 81' lang='lat' dir='ltr'><strong>bantur</strong></span> <span class='ocrx_word' id='word_1_274' title='bbox 542 3504 722 3550; x_wconf 87' lang='lat' dir='ltr'><strong>autem</strong></span> <span class='ocrx_word' id='word_1_275' title='bbox 752 3496 900 3549; x_wconf 90' lang='lat' dir='ltr'><strong>ilimn</strong></span> <span class='ocrx_word' id='word_1_276' title='bbox 949 3497 1312 3566; x_wconf 86' lang='lat' dir='ltr'><strong>interrogare;</strong></span> <span class='ocrx_word' id='word_1_277' title='bbox 1360 3497 1690 3566; x_wconf 90' lang='lat' dir='ltr'><strong>interrogant</strong></span> <span class='ocrx_word' id='word_1_278' title='bbox 1732 3506 1905 3552; x_wconf 89' lang='lat' dir='ltr'><strong>tamen</strong></span> 
     </span>
    </p>
   </div>
   <div class='ocr_carea' id='block_1_35' title="bbox 270 3588 1903 3658">
    <p class='ocr_par' dir='ltr' id='par_1_35' title="bbox 270 3588 1903 3658">
     <span class='ocr_line' id='line_1_35' title="bbox 270 3588 1903 3658; baseline 0.001 -18"><span class='ocrx_word' id='word_1_279' title='bbox 270 3646 273 3649; x_wconf 96' lang='lat'><em>_</em></span> <span class='ocrx_word' id='word_1_280' title='bbox 320 3597 374 3640; x_wconf 89' lang='lat' dir='ltr'><strong>et</strong></span> <span class='ocrx_word' id='word_1_281' title='bbox 403 3602 583 3643; x_wconf 92' lang='lat' dir='ltr'><strong>amore</strong></span> <span class='ocrx_word' id='word_1_282' title='bbox 610 3598 663 3641; x_wconf 89' lang='lat' dir='ltr'><strong>et</strong></span> <span class='ocrx_word' id='word_1_283' title='bbox 690 3589 955 3642; x_wconf 67' lang='lat' dir='ltr'><strong>anxietate</strong></span> <span class='ocrx_word' id='word_1_284' title='bbox 980 3588 1145 3643; x_wconf 90' lang='lat' dir='ltr'><strong>ducti.</strong></span> <span class='ocrx_word' id='word_1_285' title='bbox 1187 3590 1322 3657; x_wconf 80' lang='lat' dir='ltr'><strong>Quid</strong></span> <span class='ocrx_word' id='word_1_286' title='bbox 1364 3606 1491 3658; x_wconf 83' lang='lat' dir='ltr'><strong>ergo</strong></span> <span class='ocrx_word' id='word_1_287' title='bbox 1516 3588 1803 3644; x_wconf 85' lang='lat' dir='ltr'><strong>Christus?</strong></span> <span class='ocrx_word' id='word_1_288' title='bbox 1851 3595 1903 3645; x_wconf 81' lang='lat' dir='ltr'><strong>ti.</strong></span> 
     </span>
    </p>
   </div>
   <div class='ocr_carea' id='block_1_36' title="bbox 320 3679 1903 3749">
    <p class='ocr_par' dir='ltr' id='par_1_36' title="bbox 320 3679 1903 3749">
     <span class='ocr_line' id='line_1_36' title="bbox 320 3679 1903 3749; baseline 0.001 -16"><span class='ocrx_word' id='word_1_289' title='bbox 320 3679 435 3749; x_wconf 68' lang='lat' dir='ltr'><strong>Ego</strong></span> <span class='ocrx_word' id='word_1_290' title='bbox 461 3697 569 3734; x_wconf 85' lang='lat' dir='ltr'><strong>sum</strong></span> <span class='ocrx_word' id='word_1_291' title='bbox 599 3682 698 3746; x_wconf 77' lang='lat' dir='ltr'><strong>via,</strong></span> <span class='ocrx_word' id='word_1_292' title='bbox 744 3682 943 3742; x_wconf 81' lang='lat' dir='ltr'><strong>veritas,</strong></span> <span class='ocrx_word' id='word_1_293' title='bbox 993 3690 1037 3733; x_wconf 83' lang='lat' dir='ltr'><strong>et</strong></span> <span class='ocrx_word' id='word_1_294' title='bbox 1066 3684 1185 3736; x_wconf 89' lang='lat' dir='ltr'><strong>vita.</strong></span> <span class='ocrx_word' id='word_1_295' title='bbox 1221 3680 1387 3735; x_wconf 84' lang='lat' dir='ltr'><strong>Nemo</strong></span> <span class='ocrx_word' id='word_1_296' title='bbox 1414 3683 1545 3735; x_wconf 81' lang='lat' dir='ltr'><strong>venit</strong></span> <span class='ocrx_word' id='word_1_297' title='bbox 1574 3682 1642 3735; x_wconf 84' lang='lat' dir='ltr'><strong>ad</strong></span> <span class='ocrx_word' id='word_1_298' title='bbox 1665 3679 1903 3748; x_wconf 79' lang='lat' dir='ltr'><strong>Patrem,</strong></span> 
     </span>
    </p>
   </div>
   <div class='ocr_carea' id='block_1_37' title="bbox 319 3771 1902 3843">
    <p class='ocr_par' dir='ltr' id='par_1_37' title="bbox 319 3771 1902 3843">
     <span class='ocr_line' id='line_1_37' title="bbox 319 3771 1902 3843; baseline 0.004 -20"><span class='ocrx_word' id='word_1_299' title='bbox 319 3771 419 3823; x_wconf 88' lang='lat' dir='ltr'><strong>nisi</strong></span> <span class='ocrx_word' id='word_1_300' title='bbox 457 3788 545 3842; x_wconf 80' lang='lat' dir='ltr'><strong>per</strong></span> <span class='ocrx_word' id='word_1_301' title='bbox 584 3789 682 3826; x_wconf 88' lang='lat' dir='ltr'><strong>me.</strong></span> <span class='ocrx_word' id='word_1_302' title='bbox 730 3771 838 3827; x_wconf 84' lang='lat' dir='ltr'><strong>Cur</strong></span> <span class='ocrx_word' id='word_1_303' title='bbox 868 3789 994 3843; x_wconf 86' lang='lat' dir='ltr'><strong>ergo</strong></span> <span class='ocrx_word' id='word_1_304' title='bbox 1019 3774 1374 3841; x_wconf 85' lang='lat' dir='ltr'><strong>interrogatus</strong></span> <span class='ocrx_word' id='word_1_305' title='bbox 1400 3788 1427 3825; x_wconf 90' lang='lat' dir='ltr'><strong>a</strong></span> <span class='ocrx_word' id='word_1_306' title='bbox 1463 3774 1619 3828; x_wconf 75' lang='lat' dir='ltr'><strong>l’etro</strong></span> <span class='ocrx_word' id='word_1_307' title='bbox 1648 3789 1753 3843; x_wconf 91' lang='lat' dir='ltr'><strong>quo</strong></span> <span class='ocrx_word' id='word_1_308' title='bbox 1782 3775 1902 3842; x_wconf 88' lang='lat' dir='ltr'><strong>iret,</strong></span> 
     </span>
    </p>
   </div>
   <div class='ocr_carea' id='block_1_38' title="bbox 318 3865 1906 3935">
    <p class='ocr_par' dir='ltr' id='par_1_38' title="bbox 318 3865 1906 3935">
     <span class='ocr_line' id='line_1_38' title="bbox 318 3865 1906 3935; baseline 0.003 -18"><span class='ocrx_word' id='word_1_309' title='bbox 318 3879 427 3918; x_wconf 87' lang='lat' dir='ltr'><strong>non</strong></span> <span class='ocrx_word' id='word_1_310' title='bbox 458 3866 633 3919; x_wconf 90' lang='lat' dir='ltr'><strong>statim</strong></span> <span class='ocrx_word' id='word_1_311' title='bbox 665 3865 958 3934; x_wconf 89' lang='lat' dir='ltr'><strong>respondit,</strong></span> <span class='ocrx_word' id='word_1_312' title='bbox 995 3866 1106 3935; x_wconf 78' lang='lat' dir='ltr'><strong>Ego</strong></span> <span class='ocrx_word' id='word_1_313' title='bbox 1129 3865 1194 3920; x_wconf 87' lang='lat' dir='ltr'><strong>ad</strong></span> <span class='ocrx_word' id='word_1_314' title='bbox 1227 3866 1437 3920; x_wconf 83' lang='lat' dir='ltr'><strong>Patrem</strong></span> <span class='ocrx_word' id='word_1_315' title='bbox 1467 3866 1621 3930; x_wconf 88' lang='lat' dir='ltr'><strong>vado,</strong></span> <span class='ocrx_word' id='word_1_316' title='bbox 1650 3881 1746 3921; x_wconf 85' lang='lat' dir='ltr'><strong>vos</strong></span> <span class='ocrx_word' id='word_1_317' title='bbox 1779 3882 1906 3921; x_wconf 89' lang='lat' dir='ltr'><strong>vero</strong></span> 
     </span>
    </p>
   </div>
   <div class='ocr_carea' id='block_1_39' title="bbox 319 3957 1905 4024">
    <p class='ocr_par' dir='ltr' id='par_1_39' title="bbox 319 3957 1905 4024">
     <span class='ocr_line' id='line_1_39' title="bbox 319 3957 1905 4024; baseline 0.002 -15"><span class='ocrx_word' id='word_1_318' title='bbox 319 3971 428 4009; x_wconf 86' lang='lat' dir='ltr'><strong>non</strong></span> <span class='ocrx_word' id='word_1_319' title='bbox 458 3957 679 4024; x_wconf 85' lang='lat' dir='ltr'><strong>potestis</strong></span> <span class='ocrx_word' id='word_1_320' title='bbox 726 3973 864 4012; x_wconf 78' lang='lat' dir='ltr'><strong>nitnc</strong></span> <span class='ocrx_word' id='word_1_321' title='bbox 891 3958 1106 4023; x_wconf 90' lang='lat' dir='ltr'><strong>venire;</strong></span> <span class='ocrx_word' id='word_1_322' title='bbox 1138 3958 1233 4012; x_wconf 91' lang='lat' dir='ltr'><strong>sed</strong></span> <span class='ocrx_word' id='word_1_323' title='bbox 1264 3967 1470 4012; x_wconf 88' lang='lat' dir='ltr'><strong>tantum</strong></span> <span class='ocrx_word' id='word_1_324' title='bbox 1497 3959 1778 4014; x_wconf 83' lang='lat' dir='ltr'><strong>verborum</strong></span> <span class='ocrx_word' id='word_1_325' title='bbox 1801 3959 1905 4014; x_wconf 89' lang='lat' dir='ltr'><strong>cir-</strong></span> 
     </span>
    </p>
   </div>
   <div class='ocr_carea' id='block_1_40' title="bbox 317 4046 1904 4120">
    <p class='ocr_par' dir='ltr' id='par_1_40' title="bbox 317 4046 1904 4120">
     <span class='ocr_line' id='line_1_40' title="bbox 317 4046 1904 4120; baseline 0.002 -20"><span class='ocrx_word' id='word_1_326' title='bbox 317 4046 521 4100; x_wconf 86' lang='lat' dir='ltr'><strong>cuitum</strong></span> <span class='ocrx_word' id='word_1_327' title='bbox 552 4049 746 4115; x_wconf 88' lang='lat' dir='ltr'><strong>intulit,</strong></span> <span class='ocrx_word' id='word_1_328' title='bbox 792 4058 868 4103; x_wconf 85' lang='lat' dir='ltr'><strong>tot</strong></span> <span class='ocrx_word' id='word_1_329' title='bbox 905 4050 1351 4119; x_wconf 66' lang='lat' dir='ltr'><strong>interrogationes</strong></span> <span class='ocrx_word' id='word_1_330' title='bbox 1391 4060 1444 4104; x_wconf 87' lang='lat' dir='ltr'><strong>et</strong></span> <span class='ocrx_word' id='word_1_331' title='bbox 1484 4051 1904 4120; x_wconf 83' lang='lat' dir='ltr'><strong>responsiones?</strong></span> 
     </span>
    </p>
   </div>
   <div class='ocr_carea' id='block_1_41' title="bbox 319 4138 1902 4210">
    <p class='ocr_par' dir='ltr' id='par_1_41' title="bbox 319 4138 1902 4210">
     <span class='ocr_line' id='line_1_41' title="bbox 319 4138 1902 4210; baseline 0.001 -18"><span class='ocrx_word' id='word_1_332' title='bbox 319 4138 523 4192; x_wconf 73' lang='lat' dir='ltr'><strong>Judznis</strong></span> <span class='ocrx_word' id='word_1_333' title='bbox 549 4156 778 4209; x_wconf 78' lang='lat' dir='ltr'><strong>namque</strong></span> <span class='ocrx_word' id='word_1_334' title='bbox 819 4142 1008 4194; x_wconf 86' lang='lat' dir='ltr'><strong>tnerito</strong></span> <span class='ocrx_word' id='word_1_335' title='bbox 1037 4155 1142 4194; x_wconf 92' lang='lat' dir='ltr'><strong>non</strong></span> <span class='ocrx_word' id='word_1_336' title='bbox 1176 4139 1277 4194; x_wconf 87' lang='lat' dir='ltr'><strong>hoc</strong></span> <span class='ocrx_word' id='word_1_337' title='bbox 1302 4139 1470 4204; x_wconf 73' lang='lat' dir='ltr'><strong>dixrt;</strong></span> <span class='ocrx_word' id='word_1_338' title='bbox 1500 4141 1581 4194; x_wconf 91' lang='lat' dir='ltr'><strong>his</strong></span> <span class='ocrx_word' id='word_1_339' title='bbox 1619 4156 1748 4195; x_wconf 90' lang='lat' dir='ltr'><strong>vero</strong></span> <span class='ocrx_word' id='word_1_340' title='bbox 1772 4157 1902 4210; x_wconf 87' lang='lat' dir='ltr'><strong>qua-</strong></span> 
     </span>
    </p>
   </div>
   <div class='ocr_carea' id='block_1_42' title="bbox 320 4228 1902 4298">
    <p class='ocr_par' dir='ltr' id='par_1_42' title="bbox 320 4228 1902 4298">
     <span class='ocr_line' id='line_1_42' title="bbox 320 4228 1902 4298; baseline 0.001 -17"><span class='ocrx_word' id='word_1_341' title='bbox 320 4228 421 4281; x_wconf 82' lang='lat' dir='ltr'><strong>re?</strong></span> <span class='ocrx_word' id='word_1_342' title='bbox 466 4229 675 4282; x_wconf 79' lang='lat' dir='ltr'><strong>Dixerat</strong></span> <span class='ocrx_word' id='word_1_343' title='bbox 705 4228 916 4298; x_wconf 60' lang='lat' dir='ltr'><strong>quidem</strong></span> <span class='ocrx_word' id='word_1_344' title='bbox 944 4240 997 4286; x_wconf 88' lang='lat' dir='ltr'><strong>et</strong></span> <span class='ocrx_word' id='word_1_345' title='bbox 1027 4231 1108 4285; x_wconf 89' lang='lat' dir='ltr'><strong>his</strong></span> <span class='ocrx_word' id='word_1_346' title='bbox 1138 4240 1193 4286; x_wconf 92' lang='lat' dir='ltr'><strong>et</strong></span> <span class='ocrx_word' id='word_1_347' title='bbox 1221 4231 1441 4297; x_wconf 67' lang='lat' dir='ltr'><strong>.lndaiis,</strong></span> <span class='ocrx_word' id='word_1_348' title='bbox 1467 4245 1526 4286; x_wconf 90' lang='lat' dir='ltr'><strong>se</strong></span> <span class='ocrx_word' id='word_1_349' title='bbox 1556 4246 1621 4285; x_wconf 83' lang='lat' dir='ltr'><strong>ex</strong></span> <span class='ocrx_word' id='word_1_350' title='bbox 1651 4232 1759 4285; x_wconf 90' lang='lat' dir='ltr'><strong>Deo</strong></span> <span class='ocrx_word' id='word_1_351' title='bbox 1787 4230 1902 4284; x_wconf 76' lang='lat' dir='ltr'><strong>exi-</strong></span> 
     </span>
    </p>
   </div>
   <div class='ocr_carea' id='block_1_43' title="bbox 320 4320 1902 4389">
    <p class='ocr_par' dir='ltr' id='par_1_43' title="bbox 320 4320 1902 4389">
     <span class='ocr_line' id='line_1_43' title="bbox 320 4320 1902 4389; baseline -0.001 -16"><span class='ocrx_word' id='word_1_352' title='bbox 320 4320 485 4384; x_wconf 83' lang='lat' dir='ltr'><strong>visse,</strong></span> <span class='ocrx_word' id='word_1_353' title='bbox 509 4329 563 4373; x_wconf 88' lang='lat' dir='ltr'><strong>et</strong></span> <span class='ocrx_word' id='word_1_354' title='bbox 587 4320 651 4373; x_wconf 89' lang='lat' dir='ltr'><strong>ad</strong></span> <span class='ocrx_word' id='word_1_355' title='bbox 683 4321 844 4375; x_wconf 86' lang='lat' dir='ltr'><strong>Deum</strong></span> <span class='ocrx_word' id='word_1_356' title='bbox 873 4321 949 4376; x_wconf 90' lang='lat' dir='ltr'><strong>ire</strong></span> <span class='ocrx_word' id='word_1_357' title='bbox 978 4340 990 4374; x_wconf 89' lang='lat'><strong>:</strong></span> <span class='ocrx_word' id='word_1_358' title='bbox 1020 4331 1075 4375; x_wconf 89' lang='lat' dir='ltr'><strong>et</strong></span> <span class='ocrx_word' id='word_1_359' title='bbox 1103 4336 1243 4375; x_wconf 91' lang='lat' dir='ltr'><strong>nunc</strong></span> <span class='ocrx_word' id='word_1_360' title='bbox 1276 4321 1325 4374; x_wconf 92' lang='lat' dir='ltr'><strong>id</strong></span> <span class='ocrx_word' id='word_1_361' title='bbox 1355 4321 1548 4375; x_wconf 89' lang='lat' dir='ltr'><strong>clarius</strong></span> <span class='ocrx_word' id='word_1_362' title='bbox 1571 4320 1718 4386; x_wconf 82' lang='lat' dir='ltr'><strong>dicit,</strong></span> <span class='ocrx_word' id='word_1_363' title='bbox 1747 4337 1902 4389; x_wconf 87' lang='lat' dir='ltr'><strong>quam</strong></span> 
     </span>
    </p>
   </div>
   <div class='ocr_carea' id='block_1_44' title="bbox 322 4410 1901 4479">
    <p class='ocr_par' dir='ltr' id='par_1_44' title="bbox 322 4410 1901 4479">
     <span class='ocr_line' id='line_1_44' title="bbox 322 4410 1901 4479; baseline 0.001 -18"><span class='ocrx_word' id='word_1_364' title='bbox 322 4411 493 4479; x_wconf 82' lang='lat' dir='ltr'><strong>prius.</strong></span> <span class='ocrx_word' id='word_1_365' title='bbox 536 4412 605 4464; x_wconf 83' lang='lat' dir='ltr'><strong>At</strong></span> <span class='ocrx_word' id='word_1_366' title='bbox 630 4410 830 4466; x_wconf 71' lang='lat' dir='ltr'><strong>Judwis</strong></span> <span class='ocrx_word' id='word_1_367' title='bbox 857 4428 961 4466; x_wconf 88' lang='lat' dir='ltr'><strong>non</strong></span> <span class='ocrx_word' id='word_1_368' title='bbox 991 4413 1060 4466; x_wconf 91' lang='lat' dir='ltr'><strong>ita</strong></span> <span class='ocrx_word' id='word_1_369' title='bbox 1086 4413 1231 4466; x_wconf 86' lang='lat' dir='ltr'><strong>clare</strong></span> <span class='ocrx_word' id='word_1_370' title='bbox 1255 4412 1407 4465; x_wconf 72' lang='lat' dir='ltr'><strong>dixit.</strong></span> <span class='ocrx_word' id='word_1_371' title='bbox 1434 4411 1562 4465; x_wconf 67' lang='lat' dir='ltr'><strong>Nam</strong></span> <span class='ocrx_word' id='word_1_372' title='bbox 1591 4414 1632 4464; x_wconf 90' lang='lat' dir='ltr'><strong>si</strong></span> <span class='ocrx_word' id='word_1_373' title='bbox 1664 4412 1901 4477; x_wconf 56' lang='lat' dir='ltr'><strong>dixisset,</strong></span> 
     </span>
    </p>
   </div>
   <div class='ocr_carea' id='block_1_45' title="bbox 320 4502 1902 4573">
    <p class='ocr_par' dir='ltr' id='par_1_45' title="bbox 320 4502 1902 4573">
     <span class='ocr_line' id='line_1_45' title="bbox 320 4502 1902 4573; baseline 0.001 -17"><span class='ocrx_word' id='word_1_374' title='bbox 320 4502 439 4556; x_wconf 83' lang='lat' dir='ltr'><strong>Non</strong></span> <span class='ocrx_word' id='word_1_375' title='bbox 466 4504 689 4573; x_wconf 83' lang='lat' dir='ltr'><strong>potestis</strong></span> <span class='ocrx_word' id='word_1_376' title='bbox 712 4505 778 4558; x_wconf 89' lang='lat' dir='ltr'><strong>ad</strong></span> <span class='ocrx_word' id='word_1_377' title='bbox 805 4505 1017 4558; x_wconf 87' lang='lat' dir='ltr'><strong>Patrem</strong></span> <span class='ocrx_word' id='word_1_378' title='bbox 1044 4506 1227 4559; x_wconf 88' lang='lat' dir='ltr'><strong>venire</strong></span> <span class='ocrx_word' id='word_1_379' title='bbox 1255 4504 1353 4558; x_wconf 90' lang='lat' dir='ltr'><strong>nisi</strong></span> <span class='ocrx_word' id='word_1_380' title='bbox 1388 4519 1482 4573; x_wconf 90' lang='lat' dir='ltr'><strong>per</strong></span> <span class='ocrx_word' id='word_1_381' title='bbox 1512 4520 1618 4570; x_wconf 91' lang='lat' dir='ltr'><strong>me,</strong></span> <span class='ocrx_word' id='word_1_382' title='bbox 1650 4504 1700 4558; x_wconf 90' lang='lat' dir='ltr'><strong>id</strong></span> <span class='ocrx_word' id='word_1_383' title='bbox 1731 4521 1793 4560; x_wconf 79' lang='lat' dir='ltr'><strong>ex</strong></span> <span class='ocrx_word' id='word_1_384' title='bbox 1825 4506 1902 4558; x_wconf 80' lang='lat' dir='ltr'><strong>l’a-</strong></span> 
     </span>
    </p>
   </div>
   <div class='ocr_carea' id='block_1_46' title="bbox 322 4596 1899 4666">
    <p class='ocr_par' dir='ltr' id='par_1_46' title="bbox 322 4596 1899 4666">
     <span class='ocr_line' id='line_1_46' title="bbox 322 4596 1899 4666; baseline 0 -17"><span class='ocrx_word' id='word_1_385' title='bbox 322 4607 409 4649; x_wconf 88' lang='lat' dir='ltr'><strong>stu</strong></span> <span class='ocrx_word' id='word_1_386' title='bbox 438 4596 540 4650; x_wconf 90' lang='lat' dir='ltr'><strong>dici</strong></span> <span class='ocrx_word' id='word_1_387' title='bbox 571 4597 945 4666; x_wconf 87' lang='lat' dir='ltr'><strong>putavissent:</strong></span> <span class='ocrx_word' id='word_1_388' title='bbox 982 4613 1102 4652; x_wconf 91' lang='lat' dir='ltr'><strong>cum</strong></span> <span class='ocrx_word' id='word_1_389' title='bbox 1130 4598 1270 4652; x_wconf 85' lang='lat' dir='ltr'><strong>celat</strong></span> <span class='ocrx_word' id='word_1_390' title='bbox 1294 4613 1438 4665; x_wconf 88' lang='lat' dir='ltr'><strong>vero,</strong></span> <span class='ocrx_word' id='word_1_391' title='bbox 1485 4597 1676 4651; x_wconf 85' lang='lat' dir='ltr'><strong>dubios</strong></span> <span class='ocrx_word' id='word_1_392' title='bbox 1711 4597 1899 4651; x_wconf 88' lang='lat' dir='ltr'><strong>reddit.</strong></span> 
     </span>
    </p>
   </div>
   <div class='ocr_carea' id='block_1_47' title="bbox 322 4686 1904 4756">
    <p class='ocr_par' dir='ltr' id='par_1_47' title="bbox 322 4686 1904 4756">
     <span class='ocr_line' id='line_1_47' title="bbox 322 4686 1904 4756; baseline 0.001 -17"><span class='ocrx_word' id='word_1_393' title='bbox 322 4689 415 4749; x_wconf 85' lang='lat' dir='ltr'><strong>At,</strong></span> <span class='ocrx_word' id='word_1_394' title='bbox 446 4686 670 4756; x_wconf 90' lang='lat' dir='ltr'><strong>inquies,</strong></span> <span class='ocrx_word' id='word_1_395' title='bbox 704 4702 800 4741; x_wconf 89' lang='lat' dir='ltr'><strong>cur</strong></span> <span class='ocrx_word' id='word_1_396' title='bbox 822 4687 1097 4756; x_wconf 86' lang='lat' dir='ltr'><strong>discipulis</strong></span> <span class='ocrx_word' id='word_1_397' title='bbox 1139 4697 1192 4742; x_wconf 90' lang='lat' dir='ltr'><strong>et</strong></span> <span class='ocrx_word' id='word_1_398' title='bbox 1223 4688 1382 4742; x_wconf 84' lang='lat' dir='ltr'><strong>Petro</strong></span> <span class='ocrx_word' id='word_1_399' title='bbox 1409 4689 1477 4742; x_wconf 89' lang='lat' dir='ltr'><strong>ita</strong></span> <span class='ocrx_word' id='word_1_400' title='bbox 1509 4687 1686 4741; x_wconf 85' lang='lat' dir='ltr'><strong>dixit?</strong></span> <span class='ocrx_word' id='word_1_401' title='bbox 1719 4687 1904 4742; x_wconf 78' lang='lat' dir='ltr'><strong>Fervi-</strong></span> 
     </span>
    </p>
   </div>
   <div class='ocr_carea' id='block_1_48' title="bbox 320 4778 1902 4849">
    <p class='ocr_par' dir='ltr' id='par_1_48' title="bbox 320 4778 1902 4849">
     <span class='ocr_line' id='line_1_48' title="bbox 320 4778 1902 4849; baseline 0.002 -19"><span class='ocrx_word' id='word_1_402' title='bbox 320 4778 450 4831; x_wconf 90' lang='lat' dir='ltr'><strong>dum</strong></span> <span class='ocrx_word' id='word_1_403' title='bbox 487 4788 706 4833; x_wconf 87' lang='lat' dir='ltr'><strong>noverat</strong></span> <span class='ocrx_word' id='word_1_404' title='bbox 741 4779 885 4834; x_wconf 87' lang='lat' dir='ltr'><strong>Petri</strong></span> <span class='ocrx_word' id='word_1_405' title='bbox 913 4780 1166 4846; x_wconf 88' lang='lat' dir='ltr'><strong>animum,</strong></span> <span class='ocrx_word' id='word_1_406' title='bbox 1197 4791 1251 4834; x_wconf 91' lang='lat' dir='ltr'><strong>ct</strong></span> <span class='ocrx_word' id='word_1_407' title='bbox 1287 4780 1354 4835; x_wconf 90' lang='lat' dir='ltr'><strong>ad</strong></span> <span class='ocrx_word' id='word_1_408' title='bbox 1385 4781 1693 4835; x_wconf 88' lang='lat' dir='ltr'><strong>instandum</strong></span> <span class='ocrx_word' id='word_1_409' title='bbox 1728 4780 1902 4849; x_wconf 78' lang='lat' dir='ltr'><strong>inan</strong></span> 
     </span>
    </p>
   </div>
   <div class='ocr_carea' id='block_1_49' title="bbox 324 4870 1906 4941">
    <p class='ocr_par' dir='ltr' id='par_1_49' title="bbox 324 4870 1906 4941">
     <span class='ocr_line' id='line_1_49' title="bbox 324 4870 1906 4941; baseline 0.003 -19"><span class='ocrx_word' id='word_1_410' title='bbox 324 4870 659 4941; x_wconf 87' lang='lat' dir='ltr'><strong>rendtnnquc</strong></span> <span class='ocrx_word' id='word_1_411' title='bbox 696 4886 944 4940; x_wconf 88' lang='lat' dir='ltr'><strong>pronum.</strong></span> <span class='ocrx_word' id='word_1_412' title='bbox 987 4871 1055 4927; x_wconf 90' lang='lat' dir='ltr'><strong>Ut</strong></span> <span class='ocrx_word' id='word_1_413' title='bbox 1085 4887 1211 4941; x_wconf 88' lang='lat' dir='ltr'><strong>ergo</strong></span> <span class='ocrx_word' id='word_1_414' title='bbox 1243 4873 1389 4927; x_wconf 90' lang='lat' dir='ltr'><strong>illum</strong></span> <span class='ocrx_word' id='word_1_415' title='bbox 1425 4883 1649 4938; x_wconf 80' lang='lat' dir='ltr'><strong>avertat,</strong></span> <span class='ocrx_word' id='word_1_416' title='bbox 1683 4872 1906 4927; x_wconf 82' lang='lat' dir='ltr'><strong>obscure</strong></span> 
     </span>
    </p>
   </div>
   <div class='ocr_carea' id='block_1_50' title="bbox 324 4961 1905 5034">
    <p class='ocr_par' dir='ltr' id='par_1_50' title="bbox 324 4961 1905 5034">
     <span class='ocr_line' id='line_1_50' title="bbox 324 4961 1905 5034; baseline 0.004 -20"><span class='ocrx_word' id='word_1_417' title='bbox 324 4961 579 5029; x_wconf 88' lang='lat' dir='ltr'><strong>loquitur.</strong></span> <span class='ocrx_word' id='word_1_418' title='bbox 631 4963 917 5033; x_wconf 79' lang='lat' dir='ltr'><strong>Postquam</strong></span> <span class='ocrx_word' id='word_1_419' title='bbox 958 4973 1135 5018; x_wconf 89' lang='lat' dir='ltr'><strong>autem</strong></span> <span class='ocrx_word' id='word_1_420' title='bbox 1184 4964 1235 5018; x_wconf 89' lang='lat' dir='ltr'><strong>id</strong></span> <span class='ocrx_word' id='word_1_421' title='bbox 1266 4965 1403 5034; x_wconf 90' lang='lat' dir='ltr'><strong>quod</strong></span> <span class='ocrx_word' id='word_1_422' title='bbox 1435 4965 1645 5019; x_wconf 88' lang='lat' dir='ltr'><strong>volebat</strong></span> <span class='ocrx_word' id='word_1_423' title='bbox 1672 4981 1767 5034; x_wconf 83' lang='lat' dir='ltr'><strong>per</strong></span> <span class='ocrx_word' id='word_1_424' title='bbox 1795 4982 1905 5020; x_wconf 84' lang='lat' dir='ltr'><strong>ser-</strong></span> 
     </span>
    </p>
   </div>
   <div class='ocr_carea' id='block_1_51' title="bbox 323 5051 1671 5117">
    <p class='ocr_par' dir='ltr' id='par_1_51' title="bbox 323 5051 1671 5117">
     <span class='ocr_line' id='line_1_51' title="bbox 323 5051 1671 5117; baseline 0.003 -14"><span class='ocrx_word' id='word_1_425' title='bbox 323 5051 501 5104; x_wconf 87' lang='lat' dir='ltr'><strong>monis</strong></span> <span class='ocrx_word' id='word_1_426' title='bbox 525 5052 902 5107; x_wconf 84' lang='lat' dir='ltr'><strong>obscuritatem</strong></span> <span class='ocrx_word' id='word_1_427' title='bbox 925 5053 1121 5117; x_wconf 81' lang='lat' dir='ltr'><strong>eli&#39;ccit,</strong></span> <span class='ocrx_word' id='word_1_428' title='bbox 1155 5053 1345 5107; x_wconf 81' lang='lat' dir='ltr'><strong>iterum</strong></span> <span class='ocrx_word' id='word_1_429' title='bbox 1378 5055 1425 5107; x_wconf 90' lang='lat' dir='ltr'><strong>id</strong></span> <span class='ocrx_word' id='word_1_430' title='bbox 1453 5056 1671 5109; x_wconf 86' lang='lat' dir='ltr'><strong>revelat.</strong></span> 
     </span>
    </p>
   </div>
   <div class='ocr_carea' id='block_1_52' title="bbox 396 5142 1909 5215">
    <p class='ocr_par' dir='ltr' id='par_1_52' title="bbox 396 5142 1909 5215">
     <span class='ocr_line' id='line_1_52' title="bbox 396 5142 1909 5215; baseline 0.001 -19"><span class='ocrx_word' id='word_1_431' title='bbox 396 5142 623 5196; x_wconf 75' lang='lat' dir='ltr'><strong>Christus</strong></span> <span class='ocrx_word' id='word_1_432' title='bbox 653 5146 811 5199; x_wconf 86' lang='lat' dir='ltr'><strong>multa</strong></span> <span class='ocrx_word' id='word_1_433' title='bbox 835 5147 1067 5199; x_wconf 81' lang='lat' dir='ltr'><strong>cautione</strong></span> <span class='ocrx_word' id='word_1_434' title='bbox 1095 5146 1145 5199; x_wconf 86' lang='lat' dir='ltr'><strong>in</strong></span> <span class='ocrx_word' id='word_1_435' title='bbox 1174 5147 1489 5200; x_wconf 78' lang='lat' dir='ltr'><strong>instituendis</strong></span> <span class='ocrx_word' id='word_1_436' title='bbox 1515 5148 1775 5215; x_wconf 80' lang='lat' dir='ltr'><strong>discipulis</strong></span> <span class='ocrx_word' id='word_1_437' title='bbox 1803 5158 1909 5199; x_wconf 78' lang='lat' dir='ltr'><strong>ute-</strong></span> 
     </span>
    </p>
   </div>
   <div class='ocr_carea' id='block_1_53' title="bbox 319 5236 1910 5310">
    <p class='ocr_par' dir='ltr' id='par_1_53' title="bbox 319 5236 1910 5310">
     <span class='ocr_line' id='line_1_53' title="bbox 319 5236 1910 5310; baseline 0.003 -22"><span class='ocrx_word' id='word_1_438' title='bbox 319 5237 491 5291; x_wconf 80' lang='lat' dir='ltr'><strong>batur.</strong></span> <span class='ocrx_word' id='word_1_439' title='bbox 525 5236 596 5291; x_wconf 89' lang='lat' dir='ltr'><strong>Se</strong></span> <span class='ocrx_word' id='word_1_440' title='bbox 622 5237 767 5291; x_wconf 81' lang='lat' dir='ltr'><strong>Patri</strong></span> <span class='ocrx_word' id='word_1_441' title='bbox 794 5240 1040 5307; x_wconf 72' lang='lat' dir='ltr'><strong>a’qualem</strong></span> <span class='ocrx_word' id='word_1_442' title='bbox 1065 5239 1294 5293; x_wconf 81' lang='lat' dir='ltr'><strong>ostendit.</strong></span> <span class='ocrx_word' id='word_1_443' title='bbox 1340 5238 1475 5293; x_wconf 86' lang='lat' dir='ltr'><strong>Visio</strong></span> <span class='ocrx_word' id='word_1_444' title='bbox 1505 5257 1596 5310; x_wconf 87' lang='lat' dir='ltr'><strong>pro</strong></span> <span class='ocrx_word' id='word_1_445' title='bbox 1628 5241 1910 5309; x_wconf 82' lang='lat' dir='ltr'><strong>cognitione</strong></span> 
     </span>
    </p>
   </div>
   <div class='ocr_carea' id='block_1_54' title="bbox 320 5330 1909 5402">
    <p class='ocr_par' dir='ltr' id='par_1_54' title="bbox 320 5330 1909 5402">
     <span class='ocr_line' id='line_1_54' title="bbox 320 5330 1909 5402; baseline 0.003 -23"><span class='ocrx_word' id='word_1_446' title='bbox 320 5330 821 5396; x_wconf 53' lang='lat' dir='ltr'><strong>(recipitur.-+Cttttt</strong></span> <span class='ocrx_word' id='word_1_447' title='bbox 850 5332 1073 5386; x_wconf 79' lang='lat' dir='ltr'><strong>dixisset</strong></span> <span class='ocrx_word' id='word_1_448' title='bbox 1100 5332 1265 5397; x_wconf 88' lang='lat' dir='ltr'><strong>enim,</strong></span> <span class='ocrx_word' id='word_1_449' title='bbox 1299 5331 1395 5386; x_wconf 84' lang='lat' dir='ltr'><strong>Ubi</strong></span> <span class='ocrx_word' id='word_1_450' title='bbox 1419 5349 1549 5399; x_wconf 86' lang='lat' dir='ltr'><strong>sum,</strong></span> <span class='ocrx_word' id='word_1_451' title='bbox 1579 5349 1720 5386; x_wconf 87' lang='lat' dir='ltr'><strong>nemo</strong></span> <span class='ocrx_word' id='word_1_452' title='bbox 1749 5341 1909 5402; x_wconf 79' lang='lat' dir='ltr'><strong>potest</strong></span> 
     </span>
    </p>
   </div>
   <div class='ocr_carea' id='block_1_55' title="bbox 323 5421 1910 5485">
    <p class='ocr_par' dir='ltr' id='par_1_55' title="bbox 323 5421 1910 5485">
     <span class='ocr_line' id='line_1_55' title="bbox 323 5421 1910 5485; baseline 0.004 -14"><span class='ocrx_word' id='word_1_453' title='bbox 323 5421 511 5485; x_wconf 83' lang='lat' dir='ltr'><strong>renirc,</strong></span> <span class='ocrx_word' id='word_1_454' title='bbox 544 5422 691 5475; x_wconf 87' lang='lat' dir='ltr'><strong>addit</strong></span> <span class='ocrx_word' id='word_1_455' title='bbox 723 5440 735 5473; x_wconf 92' lang='lat'><strong>:</strong></span> <span class='ocrx_word' id='word_1_456' title='bbox 785 5422 851 5475; x_wconf 84' lang='lat' dir='ltr'><strong>In</strong></span> <span class='ocrx_word' id='word_1_457' title='bbox 893 5424 1043 5476; x_wconf 84' lang='lat' dir='ltr'><strong>domo</strong></span> <span class='ocrx_word' id='word_1_458' title='bbox 1095 5422 1267 5476; x_wconf 79' lang='lat' dir='ltr'><strong>Patris</strong></span> <span class='ocrx_word' id='word_1_459' title='bbox 1298 5424 1393 5475; x_wconf 76' lang='lat' dir='ltr'><strong>inci</strong></span> <span class='ocrx_word' id='word_1_460' title='bbox 1430 5425 1713 5477; x_wconf 83' lang='lat' dir='ltr'><strong>mansiones</strong></span> <span class='ocrx_word' id='word_1_461' title='bbox 1739 5425 1910 5478; x_wconf 73' lang='lat' dir='ltr'><strong>multa:</strong></span> 
     </span>
    </p>
   </div>
   <div class='ocr_carea' id='block_1_56' title="bbox 323 5514 1902 5582">
    <p class='ocr_par' dir='ltr' id='par_1_56' title="bbox 323 5514 1902 5582">
     <span class='ocr_line' id='line_1_56' title="bbox 323 5514 1902 5582; baseline 0.003 -18"><span class='ocrx_word' id='word_1_462' title='bbox 323 5524 475 5575; x_wconf 81' lang='lat' dir='ltr'><strong>sunt;</strong></span> <span class='ocrx_word' id='word_1_463' title='bbox 518 5524 573 5566; x_wconf 88' lang='lat' dir='ltr'><strong>et</strong></span> <span class='ocrx_word' id='word_1_464' title='bbox 610 5529 793 5568; x_wconf 85' lang='lat' dir='ltr'><strong>rursus</strong></span> <span class='ocrx_word' id='word_1_465' title='bbox 819 5533 830 5564; x_wconf 91' lang='lat'><strong>:</strong></span> <span class='ocrx_word' id='word_1_466' title='bbox 868 5514 1031 5567; x_wconf 81' lang='lat' dir='ltr'><strong>Nemo</strong></span> <span class='ocrx_word' id='word_1_467' title='bbox 1058 5515 1186 5566; x_wconf 71' lang='lat' dir='ltr'><strong>venit</strong></span> <span class='ocrx_word' id='word_1_468' title='bbox 1212 5515 1278 5565; x_wconf 82' lang='lat' dir='ltr'><strong>ad</strong></span> <span class='ocrx_word' id='word_1_469' title='bbox 1308 5514 1536 5577; x_wconf 85' lang='lat' dir='ltr'><strong>Patrem,</strong></span> <span class='ocrx_word' id='word_1_470' title='bbox 1565 5515 1661 5568; x_wconf 84' lang='lat' dir='ltr'><strong>nisi</strong></span> <span class='ocrx_word' id='word_1_471' title='bbox 1692 5532 1777 5582; x_wconf 82' lang='lat' dir='ltr'><strong>per</strong></span> <span class='ocrx_word' id='word_1_472' title='bbox 1808 5533 1902 5570; x_wconf 78' lang='lat' dir='ltr'><strong>inc.</strong></span> 
     </span>
    </p>
   </div>
   <div class='ocr_carea' id='block_1_57' title="bbox 327 5604 1905 5674">
    <p class='ocr_par' dir='ltr' id='par_1_57' title="bbox 327 5604 1905 5674">
     <span class='ocr_line' id='line_1_57' title="bbox 327 5604 1905 5674; baseline 0.001 -17"><span class='ocrx_word' id='word_1_473' title='bbox 327 5604 440 5658; x_wconf 86' lang='lat' dir='ltr'><strong>lloc</strong></span> <span class='ocrx_word' id='word_1_474' title='bbox 469 5604 647 5674; x_wconf 88' lang='lat' dir='ltr'><strong>itaque</strong></span> <span class='ocrx_word' id='word_1_475' title='bbox 677 5605 891 5659; x_wconf 85' lang='lat' dir='ltr'><strong>nolebat</strong></span> <span class='ocrx_word' id='word_1_476' title='bbox 921 5605 1019 5658; x_wconf 88' lang='lat' dir='ltr'><strong>illis</strong></span> <span class='ocrx_word' id='word_1_477' title='bbox 1045 5606 1193 5660; x_wconf 87' lang='lat' dir='ltr'><strong>initio</strong></span> <span class='ocrx_word' id='word_1_478' title='bbox 1221 5605 1419 5669; x_wconf 84' lang='lat' dir='ltr'><strong>dicere,</strong></span> <span class='ocrx_word' id='word_1_479' title='bbox 1451 5623 1515 5658; x_wconf 87' lang='lat' dir='ltr'><strong>ne</strong></span> <span class='ocrx_word' id='word_1_480' title='bbox 1543 5606 1594 5659; x_wconf 92' lang='lat' dir='ltr'><strong>in</strong></span> <span class='ocrx_word' id='word_1_481' title='bbox 1624 5622 1905 5661; x_wconf 69' lang='lat' dir='ltr'>IIItIEI&#39;OI‘tBIII</span> 
     </span>
    </p>
   </div>
   <div class='ocr_carea' id='block_1_58' title="bbox 324 5693 1909 5765">
    <p class='ocr_par' dir='ltr' id='par_1_58' title="bbox 324 5693 1909 5765">
     <span class='ocr_line' id='line_1_58' title="bbox 324 5693 1909 5765; baseline 0.004 -17"><span class='ocrx_word' id='word_1_482' title='bbox 324 5693 584 5761; x_wconf 82' lang='lat' dir='ltr'><strong>majorem</strong></span> <span class='ocrx_word' id='word_1_483' title='bbox 610 5693 884 5749; x_wconf 87' lang='lat' dir='ltr'><strong>induceret</strong></span> <span class='ocrx_word' id='word_1_484' title='bbox 913 5712 926 5746; x_wconf 90' lang='lat'><strong>:</strong></span> <span class='ocrx_word' id='word_1_485' title='bbox 955 5706 1230 5765; x_wconf 80' lang='lat' dir='ltr'><strong>postquam</strong></span> <span class='ocrx_word' id='word_1_486' title='bbox 1264 5707 1440 5751; x_wconf 89' lang='lat' dir='ltr'><strong>autem</strong></span> <span class='ocrx_word' id='word_1_487' title='bbox 1466 5698 1583 5751; x_wconf 89' lang='lat' dir='ltr'><strong>illos</strong></span> <span class='ocrx_word' id='word_1_488' title='bbox 1604 5700 1909 5754; x_wconf 88' lang='lat' dir='ltr'><strong>consolatus</strong></span> 
     </span>
    </p>
   </div>
   <div class='ocr_carea' id='block_1_59' title="bbox 326 5785 1909 5857">
    <p class='ocr_par' dir='ltr' id='par_1_59' title="bbox 326 5785 1909 5857">
     <span class='ocr_line' id='line_1_59' title="bbox 326 5785 1909 5857; baseline 0.003 -17"><span class='ocrx_word' id='word_1_489' title='bbox 326 5795 427 5846; x_wconf 71' lang='lat' dir='ltr'><strong>est,</strong></span> <span class='ocrx_word' id='word_1_490' title='bbox 458 5787 560 5839; x_wconf 88' lang='lat' dir='ltr'><strong>hoc</strong></span> <span class='ocrx_word' id='word_1_491' title='bbox 592 5785 742 5839; x_wconf 90' lang='lat' dir='ltr'><strong>dicit.</strong></span> <span class='ocrx_word' id='word_1_492' title='bbox 792 5788 1000 5840; x_wconf 72' lang='lat' dir='ltr'><strong>Iitcnim</strong></span> <span class='ocrx_word' id='word_1_493' title='bbox 1030 5789 1095 5842; x_wconf 84' lang='lat' dir='ltr'><strong>ab</strong></span> <span class='ocrx_word' id='word_1_494' title='bbox 1123 5789 1484 5857; x_wconf 88' lang='lat' dir='ltr'><strong>increpatione</strong></span> <span class='ocrx_word' id='word_1_495' title='bbox 1513 5790 1653 5844; x_wconf 87' lang='lat' dir='ltr'><strong>Petri</strong></span> <span class='ocrx_word' id='word_1_496' title='bbox 1687 5790 1909 5845; x_wconf 90' lang='lat' dir='ltr'><strong>multum</strong></span> 
     </span>
    </p>
   </div>
   <div class='ocr_carea' id='block_1_60' title="bbox 330 5877 1903 5954">
    <p class='ocr_par' dir='ltr' id='par_1_60' title="bbox 330 5877 1903 5954">
     <span class='ocr_line' id='line_1_60' title="bbox 330 5877 1903 5954; baseline 0.003 -22"><span class='ocrx_word' id='word_1_497' title='bbox 330 5878 583 5934; x_wconf 56' lang='grc' dir='ltr'><strong>κιαι-0115</strong></span> <span class='ocrx_word' id='word_1_498' title='bbox 622 5877 859 5946; x_wconf 87' lang='lat' dir='ltr'><strong>abstulit,</strong></span> <span class='ocrx_word' id='word_1_499' title='bbox 886 5889 1287 5952; x_wconf 86' lang='lat' dir='ltr'><strong>metuentesque</strong></span> <span class='ocrx_word' id='word_1_500' title='bbox 1315 5898 1380 5938; x_wconf 90' lang='lat' dir='ltr'><strong>ne</strong></span> <span class='ocrx_word' id='word_1_501' title='bbox 1412 5898 1469 5938; x_wconf 90' lang='lat' dir='ltr'><strong>ca</strong></span> <span class='ocrx_word' id='word_1_502' title='bbox 1501 5884 1609 5954; x_wconf 87' lang='lat' dir='ltr'><strong>ipsa</strong></span> <span class='ocrx_word' id='word_1_503' title='bbox 1641 5884 1903 5950; x_wconf 85' lang='lat' dir='ltr'><strong>audirent,</strong></span> 
     </span>
    </p>
   </div>
   <div class='ocr_carea' id='block_1_61' title="bbox 662 5984 1293 6051">
    <p class='ocr_par' dir='ltr' id='par_1_61' title="bbox 662 5984 1293 6051">
     <span class='ocr_line' id='line_1_61' title="bbox 662 5984 1293 6051; baseline 0.008 -10"><span class='ocrx_word' id='word_1_504' title='bbox 662 5984 927 6051; x_wconf 75' lang='grc' dir='ltr'><strong>ΡΑΤιιυι..</strong></span> <span class='ocrx_word' id='word_1_505' title='bbox 973 5987 1086 6045; x_wconf 76' lang='lat' dir='ltr'><strong>Cn.</strong></span> <span class='ocrx_word' id='word_1_506' title='bbox 1140 5987 1293 6046; x_wconf 72' lang='lat' dir='ltr'><strong>LIX.</strong></span> 
     </span>
    </p>
   </div>
   <div class='ocr_carea' id='block_1_62' title="bbox 1309 431 2639 498">
    <p class='ocr_par' dir='ltr' id='par_1_62' title="bbox 1309 431 2639 498">
     <span class='ocr_line' id='line_1_62' title="bbox 1309 431 2639 498; baseline -0.008 0"><span class='ocrx_word' id='word_1_507' title='bbox 1309 441 1375 498; x_wconf 73' lang='lat' dir='ltr'><strong>IN</strong></span> <span class='ocrx_word' id='word_1_508' title='bbox 1413 437 1728 498; x_wconf 71' lang='grc' dir='ltr'>ιοΑΝΝΕιι</span> <span class='ocrx_word' id='word_1_509' title='bbox 1769 433 1999 490; x_wconf 59' lang='grc'><strong>1101111..</strong></span> <span class='ocrx_word' id='word_1_510' title='bbox 2037 431 2272 487; x_wconf 72' lang='lat' dir='ltr'>LXXIII.</span> <span class='ocrx_word' id='word_1_511' title='bbox 2315 434 2387 487; x_wconf 86' lang='lat' dir='ltr'><strong>al.</strong></span> <span class='ocrx_word' id='word_1_512' title='bbox 2429 431 2639 489; x_wconf 77' lang='lat' dir='ltr'><strong>LXXII.</strong></span> 
     </span>
    </p>
   </div>
   <div class='ocr_carea' id='block_1_63' title="bbox 3498 431 3600 489">
    <p class='ocr_par' dir='ltr' id='par_1_63' title="bbox 3498 431 3600 489">
     <span class='ocr_line' id='line_1_63' title="bbox 3498 431 3600 489; baseline -0.02 0"><span class='ocrx_word' id='word_1_513' title='bbox 3498 431 3600 489; x_wconf 71' lang='lat'><strong>398</strong></span> 
     </span>
    </p>
   </div>
   <div class='ocr_carea' id='block_1_64' title="bbox 2025 547 3605 619">
    <p class='ocr_par' dir='ltr' id='par_1_64' title="bbox 2025 547 3605 619">
     <span class='ocr_line' id='line_1_64' title="bbox 2025 547 3605 619; baseline 0.004 -21"><span class='ocrx_word' id='word_1_514' title='bbox 2025 547 2148 602; x_wconf 88' lang='lat' dir='ltr'><strong>hinc</strong></span> <span class='ocrx_word' id='word_1_515' title='bbox 2176 548 2342 617; x_wconf 80' lang='lat' dir='ltr'><strong>magis</strong></span> <span class='ocrx_word' id='word_1_516' title='bbox 2365 548 2806 618; x_wconf 81' lang='lat' dir='ltr'><strong>reprimebantur.</strong></span> <span class='ocrx_word' id='word_1_517' title='bbox 2844 548 2947 619; x_wconf 75' lang='lat' dir='ltr'><strong>Ego</strong></span> <span class='ocrx_word' id='word_1_518' title='bbox 2978 566 3087 603; x_wconf 80' lang='lat' dir='ltr'><strong>sum</strong></span> <span class='ocrx_word' id='word_1_519' title='bbox 3120 551 3215 603; x_wconf 84' lang='lat' dir='ltr'><strong>via.</strong></span> <span class='ocrx_word' id='word_1_520' title='bbox 3246 550 3368 605; x_wconf 72' lang='lat' dir='ltr'><strong>lia‘c</strong></span> <span class='ocrx_word' id='word_1_521' title='bbox 3393 561 3475 605; x_wconf 89' lang='lat' dir='ltr'><strong>est</strong></span> <span class='ocrx_word' id='word_1_522' title='bbox 3511 567 3605 605; x_wconf 80' lang='lat' dir='ltr'><strong>ex-</strong></span> 
     </span>
    </p>
   </div>
   <div class='ocr_carea' id='block_1_65' title="bbox 2022 638 3601 714">
    <p class='ocr_par' dir='ltr' id='par_1_65' title="bbox 2022 638 3601 714">
     <span class='ocr_line' id='line_1_65' title="bbox 2022 638 3601 714; baseline 0.006 -22"><span class='ocrx_word' id='word_1_523' title='bbox 2022 640 2238 711; x_wconf 89' lang='lat' dir='ltr'><strong>plicatio</strong></span> <span class='ocrx_word' id='word_1_524' title='bbox 2273 638 2413 693; x_wconf 89' lang='lat' dir='ltr'><strong>illius</strong></span> <span class='ocrx_word' id='word_1_525' title='bbox 2440 641 2588 707; x_wconf 89' lang='lat' dir='ltr'><strong>dicti,</strong></span> <span class='ocrx_word' id='word_1_526' title='bbox 2638 640 2803 694; x_wconf 80' lang='lat' dir='ltr'><strong>Nemo</strong></span> <span class='ocrx_word' id='word_1_527' title='bbox 2841 643 2990 708; x_wconf 72' lang='lat' dir='ltr'><strong>venit,</strong></span> <span class='ocrx_word' id='word_1_528' title='bbox 3035 644 3131 697; x_wconf 87' lang='lat' dir='ltr'><strong>nisi</strong></span> <span class='ocrx_word' id='word_1_529' title='bbox 3174 660 3262 714; x_wconf 85' lang='lat' dir='ltr'><strong>per</strong></span> <span class='ocrx_word' id='word_1_530' title='bbox 3304 661 3383 699; x_wconf 87' lang='lat' dir='ltr'><strong>me</strong></span> <span class='ocrx_word' id='word_1_531' title='bbox 3422 659 3442 700; x_wconf 90' lang='lat'><strong><em>:</em></strong></span> <span class='ocrx_word' id='word_1_532' title='bbox 3474 645 3601 701; x_wconf 88' lang='lat' dir='ltr'><strong>illud</strong></span> 
     </span>
    </p>
   </div>
   <div class='ocr_carea' id='block_1_66' title="bbox 2024 733 3602 809">
    <p class='ocr_par' dir='ltr' id='par_1_66' title="bbox 2024 733 3602 809">
     <span class='ocr_line' id='line_1_66' title="bbox 2024 733 3602 809; baseline 0.006 -24"><span class='ocrx_word' id='word_1_533' title='bbox 2024 747 2169 797; x_wconf 89' lang='lat' dir='ltr'><strong>vero,</strong></span> <span class='ocrx_word' id='word_1_534' title='bbox 2202 733 2270 787; x_wconf 82' lang='lat' dir='ltr'><strong>Et</strong></span> <span class='ocrx_word' id='word_1_535' title='bbox 2294 738 2474 789; x_wconf 80' lang='lat' dir='ltr'><strong>veritas</strong></span> <span class='ocrx_word' id='word_1_536' title='bbox 2504 744 2549 789; x_wconf 84' lang='lat' dir='ltr'><strong>et</strong></span> <span class='ocrx_word' id='word_1_537' title='bbox 2580 738 2700 802; x_wconf 81' lang='lat' dir='ltr'><strong>rita,</strong></span> <span class='ocrx_word' id='word_1_538' title='bbox 2743 736 3004 806; x_wconf 84' lang='lat' dir='ltr'><strong>significat</strong></span> <span class='ocrx_word' id='word_1_539' title='bbox 3035 737 3148 793; x_wconf 78' lang='lat' dir='ltr'><strong>lucc</strong></span> <span class='ocrx_word' id='word_1_540' title='bbox 3178 754 3397 809; x_wconf 89' lang='lat' dir='ltr'><strong>prorsus</strong></span> <span class='ocrx_word' id='word_1_541' title='bbox 3428 740 3602 795; x_wconf 81' lang='lat' dir='ltr'><strong>futura</strong></span> 
     </span>
    </p>
   </div>
   <div class='ocr_carea' id='block_1_67' title="bbox 2022 826 3600 892">
    <p class='ocr_par' dir='ltr' id='par_1_67' title="bbox 2022 826 3600 892">
     <span class='ocr_line' id='line_1_67' title="bbox 2022 826 3600 892; baseline 0.006 -13"><span class='ocrx_word' id='word_1_542' title='bbox 2022 838 2162 880; x_wconf 89' lang='lat' dir='ltr'><strong>esse.</strong></span> <span class='ocrx_word' id='word_1_543' title='bbox 2194 826 2249 880; x_wconf 88' lang='lat' dir='ltr'><strong>Si</strong></span> <span class='ocrx_word' id='word_1_544' title='bbox 2277 828 2493 892; x_wconf 86' lang='lat' dir='ltr'><strong>veritas,</strong></span> <span class='ocrx_word' id='word_1_545' title='bbox 2527 828 2656 883; x_wconf 90' lang='lat' dir='ltr'><strong>nihil</strong></span> <span class='ocrx_word' id='word_1_546' title='bbox 2701 845 2731 882; x_wconf 90' lang='lat' dir='ltr'><strong>a</strong></span> <span class='ocrx_word' id='word_1_547' title='bbox 2774 844 2859 884; x_wconf 89' lang='lat' dir='ltr'><strong>me</strong></span> <span class='ocrx_word' id='word_1_548' title='bbox 2905 829 3094 885; x_wconf 88' lang='lat' dir='ltr'><strong>falsmn</strong></span> <span class='ocrx_word' id='word_1_549' title='bbox 3131 833 3294 886; x_wconf 75' lang='lat' dir='ltr'><strong>exibit</strong></span> <span class='ocrx_word' id='word_1_550' title='bbox 3325 851 3338 887; x_wconf 90' lang='lat'><strong>:</strong></span> <span class='ocrx_word' id='word_1_551' title='bbox 3367 833 3412 888; x_wconf 88' lang='lat' dir='ltr'><strong>si</strong></span> <span class='ocrx_word' id='word_1_552' title='bbox 3441 835 3600 891; x_wconf 87' lang='lat' dir='ltr'><strong>etiam</strong></span> 
     </span>
    </p>
   </div>
   <div class='ocr_carea' id='block_1_68' title="bbox 2024 916 3606 996">
    <p class='ocr_par' dir='ltr' id='par_1_68' title="bbox 2024 916 3606 996">
     <span class='ocr_line' id='line_1_68' title="bbox 2024 916 3606 996; baseline 0.009 -28"><span class='ocrx_word' id='word_1_553' title='bbox 2024 916 2151 980; x_wconf 91' lang='lat' dir='ltr'><strong>vita,</strong></span> <span class='ocrx_word' id='word_1_554' title='bbox 2192 933 2257 972; x_wconf 89' lang='lat' dir='ltr'><strong>ne</strong></span> <span class='ocrx_word' id='word_1_555' title='bbox 2295 934 2441 973; x_wconf 88' lang='lat' dir='ltr'><strong>mors</strong></span> <span class='ocrx_word' id='word_1_556' title='bbox 2463 918 2677 988; x_wconf 89' lang='lat' dir='ltr'><strong>quidem</strong></span> <span class='ocrx_word' id='word_1_557' title='bbox 2704 935 2799 975; x_wconf 83' lang='lat' dir='ltr'><strong>vos</strong></span> <span class='ocrx_word' id='word_1_558' title='bbox 2828 921 3091 992; x_wconf 89' lang='lat' dir='ltr'><strong>impedire</strong></span> <span class='ocrx_word' id='word_1_559' title='bbox 3122 925 3337 993; x_wconf 85' lang='lat' dir='ltr'><strong>poterit,</strong></span> <span class='ocrx_word' id='word_1_560' title='bbox 3364 926 3491 996; x_wconf 89' lang='lat' dir='ltr'><strong>quin</strong></span> <span class='ocrx_word' id='word_1_561' title='bbox 3525 928 3606 982; x_wconf 83' lang='lat' dir='ltr'><strong>in-</strong></span> 
     </span>
    </p>
   </div>
   <div class='ocr_carea' id='block_1_69' title="bbox 2021 1006 3604 1085">
    <p class='ocr_par' dir='ltr' id='par_1_69' title="bbox 2021 1006 3604 1085">
     <span class='ocr_line' id='line_1_69' title="bbox 2021 1006 3604 1085; baseline 0.008 -24"><span class='ocrx_word' id='word_1_562' title='bbox 2021 1006 2358 1076; x_wconf 79' lang='lat' dir='ltr'><strong>grediamini.</strong></span> <span class='ocrx_word' id='word_1_563' title='bbox 2388 1011 2638 1082; x_wconf 83' lang='lat' dir='ltr'><strong>Alioquin</strong></span> <span class='ocrx_word' id='word_1_564' title='bbox 2671 1028 2821 1078; x_wconf 87' lang='lat' dir='ltr'><strong>vero,</strong></span> <span class='ocrx_word' id='word_1_565' title='bbox 2854 1015 2896 1068; x_wconf 86' lang='lat' dir='ltr'><strong>si</strong></span> <span class='ocrx_word' id='word_1_566' title='bbox 2931 1012 3042 1085; x_wconf 87' lang='lat' dir='ltr'><strong>Ego</strong></span> <span class='ocrx_word' id='word_1_567' title='bbox 3065 1032 3175 1069; x_wconf 83' lang='lat' dir='ltr'><strong>sum</strong></span> <span class='ocrx_word' id='word_1_568' title='bbox 3204 1017 3302 1082; x_wconf 84' lang='lat' dir='ltr'><strong>via,</strong></span> <span class='ocrx_word' id='word_1_569' title='bbox 3331 1015 3468 1074; x_wconf 86' lang='lat' dir='ltr'><strong>duce</strong></span> <span class='ocrx_word' id='word_1_570' title='bbox 3500 1036 3604 1074; x_wconf 93' lang='lat' dir='ltr'><strong>non</strong></span> 
     </span>
    </p>
   </div>
   <div class='ocr_carea' id='block_1_70' title="bbox 2024 1100 3603 1180">
    <p class='ocr_par' dir='ltr' id='par_1_70' title="bbox 2024 1100 3603 1180">
     <span class='ocr_line' id='line_1_70' title="bbox 2024 1100 3603 1180; baseline 0.009 -28"><span class='ocrx_word' id='word_1_571' title='bbox 2024 1100 2249 1169; x_wconf 85' lang='lat' dir='ltr'><strong>egebitis</strong></span> <span class='ocrx_word' id='word_1_572' title='bbox 2285 1120 2297 1155; x_wconf 93' lang='lat'>:</span> <span class='ocrx_word' id='word_1_573' title='bbox 2331 1103 2377 1157; x_wconf 86' lang='lat' dir='ltr'><strong>si</strong></span> <span class='ocrx_word' id='word_1_574' title='bbox 2405 1105 2602 1159; x_wconf 87' lang='lat' dir='ltr'><strong>veritas</strong></span> <span class='ocrx_word' id='word_1_575' title='bbox 2626 1121 2765 1171; x_wconf 88' lang='lat' dir='ltr'><strong>sum,</strong></span> <span class='ocrx_word' id='word_1_576' title='bbox 2818 1121 2923 1162; x_wconf 91' lang='lat' dir='ltr'><strong>non</strong></span> <span class='ocrx_word' id='word_1_577' title='bbox 2975 1107 3163 1179; x_wconf 86' lang='lat' dir='ltr'><strong>loquor</strong></span> <span class='ocrx_word' id='word_1_578' title='bbox 3190 1108 3323 1165; x_wconf 79' lang='lat' dir='ltr'><strong>falsa</strong></span> <span class='ocrx_word' id='word_1_579' title='bbox 3357 1128 3371 1165; x_wconf 92' lang='lat'><strong>:</strong></span> <span class='ocrx_word' id='word_1_580' title='bbox 3399 1112 3442 1166; x_wconf 92' lang='lat' dir='ltr'><strong>si</strong></span> <span class='ocrx_word' id='word_1_581' title='bbox 3473 1113 3603 1180; x_wconf 86' lang='lat' dir='ltr'><strong>vita,</strong></span> 
     </span>
    </p>
   </div>
   <div class='ocr_carea' id='block_1_71' title="bbox 2024 1190 3607 1272">
    <p class='ocr_par' dir='ltr' id='par_1_71' title="bbox 2024 1190 3607 1272">
     <span class='ocr_line' id='line_1_71' title="bbox 2024 1190 3607 1272; baseline 0.01 -29"><span class='ocrx_word' id='word_1_582' title='bbox 2024 1190 2230 1245; x_wconf 87' lang='lat' dir='ltr'><strong>etiamsi</strong></span> <span class='ocrx_word' id='word_1_583' title='bbox 2263 1194 2584 1262; x_wconf 88' lang='lat' dir='ltr'><strong>moriamini,</strong></span> <span class='ocrx_word' id='word_1_584' title='bbox 2616 1198 2878 1267; x_wconf 88' lang='lat' dir='ltr'><strong>promissa</strong></span> <span class='ocrx_word' id='word_1_585' title='bbox 2904 1203 3324 1272; x_wconf 87' lang='lat' dir='ltr'><strong>consequemini.</strong></span> <span class='ocrx_word' id='word_1_586' title='bbox 3362 1203 3513 1270; x_wconf 80' lang='lat' dir='ltr'><strong>Quod</strong></span> <span class='ocrx_word' id='word_1_587' title='bbox 3539 1204 3607 1259; x_wconf 88' lang='lat' dir='ltr'><strong>do</strong></span> 
     </span>
    </p>
   </div>
   <div class='ocr_carea' id='block_1_72' title="bbox 2024 1284 3605 1366">
    <p class='ocr_par' dir='ltr' id='par_1_72' title="bbox 2024 1284 3605 1366">
     <span class='ocr_line' id='line_1_72' title="bbox 2024 1284 3605 1366; baseline 0.009 -31"><span class='ocrx_word' id='word_1_588' title='bbox 2024 1284 2105 1335; x_wconf 87' lang='lat' dir='ltr'><strong>via</strong></span> <span class='ocrx_word' id='word_1_589' title='bbox 2146 1285 2376 1351; x_wconf 88' lang='lat' dir='ltr'><strong>dicebat,</strong></span> <span class='ocrx_word' id='word_1_590' title='bbox 2430 1288 2805 1345; x_wconf 77' lang='lat' dir='ltr'><strong>intellexerunt</strong></span> <span class='ocrx_word' id='word_1_591' title='bbox 2845 1303 2896 1346; x_wconf 89' lang='lat' dir='ltr'><strong>et</strong></span> <span class='ocrx_word' id='word_1_592' title='bbox 2931 1293 3161 1348; x_wconf 81' lang='lat' dir='ltr'><strong>confessi</strong></span> <span class='ocrx_word' id='word_1_593' title='bbox 3206 1305 3371 1350; x_wconf 84' lang='lat' dir='ltr'><strong>sunt:</strong></span> <span class='ocrx_word' id='word_1_594' title='bbox 3403 1296 3605 1366; x_wconf 84' lang='lat' dir='ltr'><strong>reliqua</strong></span> 
     </span>
    </p>
   </div>
   <div class='ocr_carea' id='block_1_73' title="bbox 2026 1378 3605 1447">
    <p class='ocr_par' dir='ltr' id='par_1_73' title="bbox 2026 1378 3605 1447">
     <span class='ocr_line' id='line_1_73' title="bbox 2026 1378 3605 1447; baseline 0.009 -19"><span class='ocrx_word' id='word_1_595' title='bbox 2026 1391 2153 1430; x_wconf 90' lang='lat' dir='ltr'><strong>vero</strong></span> <span class='ocrx_word' id='word_1_596' title='bbox 2194 1378 2550 1447; x_wconf 84' lang='lat' dir='ltr'><strong>ignorabant:</strong></span> <span class='ocrx_word' id='word_1_597' title='bbox 2582 1396 2687 1434; x_wconf 90' lang='lat' dir='ltr'><strong>non</strong></span> <span class='ocrx_word' id='word_1_598' title='bbox 2733 1390 2909 1436; x_wconf 85' lang='lat' dir='ltr'><strong>tamen</strong></span> <span class='ocrx_word' id='word_1_599' title='bbox 2955 1382 3023 1438; x_wconf 90' lang='lat' dir='ltr'><strong>de</strong></span> <span class='ocrx_word' id='word_1_600' title='bbox 3066 1384 3170 1438; x_wconf 92' lang='lat' dir='ltr'><strong>illis</strong></span> <span class='ocrx_word' id='word_1_601' title='bbox 3199 1386 3468 1441; x_wconf 82' lang='lat' dir='ltr'><strong>audebant</strong></span> <span class='ocrx_word' id='word_1_602' title='bbox 3498 1389 3605 1443; x_wconf 87' lang='lat' dir='ltr'><strong>sci-</strong></span> 
     </span>
    </p>
   </div>
   <div class='ocr_carea' id='block_1_74' title="bbox 2023 1467 3605 1535">
    <p class='ocr_par' dir='ltr' id='par_1_74' title="bbox 2023 1467 3605 1535">
     <span class='ocr_line' id='line_1_74' title="bbox 2023 1467 3605 1535; baseline 0.009 -15"><span class='ocrx_word' id='word_1_603' title='bbox 2023 1467 2223 1521; x_wconf 88' lang='lat' dir='ltr'><strong>scitari.</strong></span> <span class='ocrx_word' id='word_1_604' title='bbox 2276 1470 2524 1525; x_wconf 86' lang='lat' dir='ltr'><strong>Attamen</strong></span> <span class='ocrx_word' id='word_1_605' title='bbox 2553 1473 2777 1526; x_wconf 91' lang='lat' dir='ltr'><strong>multum</strong></span> <span class='ocrx_word' id='word_1_606' title='bbox 2809 1489 2874 1527; x_wconf 83' lang='lat' dir='ltr'><strong>ex</strong></span> <span class='ocrx_word' id='word_1_607' title='bbox 2907 1475 2986 1527; x_wconf 92' lang='lat' dir='ltr'><strong>via</strong></span> <span class='ocrx_word' id='word_1_608' title='bbox 3022 1477 3405 1533; x_wconf 87' lang='lat' dir='ltr'><strong>consolationis</strong></span> <span class='ocrx_word' id='word_1_609' title='bbox 3449 1494 3605 1535; x_wconf 87' lang='lat' dir='ltr'><strong>acce-</strong></span> 
     </span>
    </p>
   </div>
   <div class='ocr_carea' id='block_1_75' title="bbox 2025 1562 3604 1641">
    <p class='ocr_par' dir='ltr' id='par_1_75' title="bbox 2025 1562 3604 1641">
     <span class='ocr_line' id='line_1_75' title="bbox 2025 1562 3604 1641; baseline 0.008 -29"><span class='ocrx_word' id='word_1_610' title='bbox 2025 1570 2234 1629; x_wconf 87' lang='lat' dir='ltr'><strong>perunt.</strong></span> <span class='ocrx_word' id='word_1_611' title='bbox 2263 1562 2317 1616; x_wconf 91' lang='lat' dir='ltr'><strong>Si</strong></span> <span class='ocrx_word' id='word_1_612' title='bbox 2355 1579 2482 1633; x_wconf 89' lang='lat' dir='ltr'><strong>ergo</strong></span> <span class='ocrx_word' id='word_1_613' title='bbox 2510 1563 2562 1618; x_wconf 92' lang='lat' dir='ltr'><strong>in</strong></span> <span class='ocrx_word' id='word_1_614' title='bbox 2597 1581 2712 1621; x_wconf 88' lang='lat' dir='ltr'><strong>mea</strong></span> <span class='ocrx_word' id='word_1_615' title='bbox 2743 1575 3008 1636; x_wconf 88' lang='lat' dir='ltr'><strong>potestate</strong></span> <span class='ocrx_word' id='word_1_616' title='bbox 3035 1578 3137 1634; x_wconf 90' lang='lat' dir='ltr'><strong>est,</strong></span> <span class='ocrx_word' id='word_1_617' title='bbox 3169 1569 3360 1641; x_wconf 87' lang='lat' dir='ltr'><strong>inquit,</strong></span> <span class='ocrx_word' id='word_1_618' title='bbox 3407 1572 3470 1625; x_wconf 86' lang='lat' dir='ltr'><strong>ad</strong></span> <span class='ocrx_word' id='word_1_619' title='bbox 3502 1571 3604 1626; x_wconf 82' lang='lat' dir='ltr'><strong>Pa-</strong></span> 
     </span>
    </p>
   </div>
   <div class='ocr_carea' id='block_1_76' title="bbox 2026 1653 3604 1733">
    <p class='ocr_par' dir='ltr' id='par_1_76' title="bbox 2026 1653 3604 1733">
     <span class='ocr_line' id='line_1_76' title="bbox 2026 1653 3604 1733; baseline 0.008 -27"><span class='ocrx_word' id='word_1_620' title='bbox 2026 1661 2160 1708; x_wconf 89' lang='lat' dir='ltr'><strong>trem</strong></span> <span class='ocrx_word' id='word_1_621' title='bbox 2186 1653 2473 1722; x_wconf 87' lang='lat' dir='ltr'><strong>adducere,</strong></span> <span class='ocrx_word' id='word_1_622' title='bbox 2519 1656 2654 1712; x_wconf 91' lang='lat' dir='ltr'><strong>istuc</strong></span> <span class='ocrx_word' id='word_1_623' title='bbox 2692 1657 2913 1713; x_wconf 90' lang='lat' dir='ltr'><strong>omnino</strong></span> <span class='ocrx_word' id='word_1_624' title='bbox 2938 1659 3183 1715; x_wconf 85' lang='lat' dir='ltr'><strong>venietis.</strong></span> <span class='ocrx_word' id='word_1_625' title='bbox 3237 1659 3424 1733; x_wconf 82' lang='lat' dir='ltr'><strong>Neque</strong></span> <span class='ocrx_word' id='word_1_626' title='bbox 3463 1664 3604 1718; x_wconf 86' lang='lat' dir='ltr'><strong>enim</strong></span> 
     </span>
    </p>
   </div>
   <div class='ocr_carea' id='block_1_77' title="bbox 2022 1742 3605 1820">
    <p class='ocr_par' dir='ltr' id='par_1_77' title="bbox 2022 1742 3605 1820">
     <span class='ocr_line' id='line_1_77' title="bbox 2022 1742 3605 1820; baseline 0.009 -25"><span class='ocrx_word' id='word_1_627' title='bbox 2022 1742 2124 1798; x_wconf 83' lang='lat' dir='ltr'><strong>alia</strong></span> <span class='ocrx_word' id='word_1_628' title='bbox 2152 1745 2334 1800; x_wconf 84' lang='lat' dir='ltr'><strong>venire</strong></span> <span class='ocrx_word' id='word_1_629' title='bbox 2372 1746 2595 1815; x_wconf 88' lang='lat' dir='ltr'><strong>potestis</strong></span> <span class='ocrx_word' id='word_1_630' title='bbox 2639 1748 2741 1801; x_wconf 87' lang='lat' dir='ltr'><strong>via.</strong></span> <span class='ocrx_word' id='word_1_631' title='bbox 2796 1747 2927 1804; x_wconf 87' lang='lat' dir='ltr'><strong>Cum</strong></span> <span class='ocrx_word' id='word_1_632' title='bbox 2958 1758 3136 1805; x_wconf 90' lang='lat' dir='ltr'><strong>autem</strong></span> <span class='ocrx_word' id='word_1_633' title='bbox 3164 1751 3387 1808; x_wconf 80' lang='lat' dir='ltr'><strong>dixisset</strong></span> <span class='ocrx_word' id='word_1_634' title='bbox 3414 1762 3568 1810; x_wconf 88' lang='lat' dir='ltr'><strong>antea</strong></span> <span class='ocrx_word' id='word_1_635' title='bbox 3591 1798 3605 1820; x_wconf 88' lang='lat'><strong>,</strong></span> 
     </span>
    </p>
   </div>
   <div class='ocr_carea' id='block_1_78' title="bbox 2026 1834 3608 1907">
    <p class='ocr_par' dir='ltr' id='par_1_78' title="bbox 2026 1834 3608 1907">
     <span class='ocr_line' id='line_1_78' title="bbox 2026 1834 3608 1907; baseline 0.009 -19"><span class='ocrx_word' id='word_1_636' title='bbox 2026 1834 2190 1889; x_wconf 83' lang='lat' dir='ltr'><strong>Nemo</strong></span> <span class='ocrx_word' id='word_1_637' title='bbox 2236 1847 2395 1907; x_wconf 84' lang='lat' dir='ltr'><strong>potest</strong></span> <span class='ocrx_word' id='word_1_638' title='bbox 2442 1840 2610 1894; x_wconf 75' lang='lat' dir='ltr'><strong>veiiire</strong></span> <span class='ocrx_word' id='word_1_639' title='bbox 2645 1840 2714 1894; x_wconf 86' lang='lat' dir='ltr'><strong>ad</strong></span> <span class='ocrx_word' id='word_1_640' title='bbox 2761 1858 2859 1907; x_wconf 88' lang='lat' dir='ltr'><strong>me,</strong></span> <span class='ocrx_word' id='word_1_641' title='bbox 2911 1843 3009 1897; x_wconf 84' lang='lat' dir='ltr'><strong>nisi</strong></span> <span class='ocrx_word' id='word_1_642' title='bbox 3060 1842 3214 1898; x_wconf 88' lang='lat' dir='ltr'><strong>Pater</strong></span> <span class='ocrx_word' id='word_1_643' title='bbox 3248 1847 3459 1901; x_wconf 79' lang='lat' dir='ltr'><strong>traxerit</strong></span> <span class='ocrx_word' id='word_1_644' title='bbox 3494 1864 3608 1903; x_wconf 85' lang='lat' dir='ltr'><strong>eum</strong></span> 
     </span>
    </p>
   </div>
   <div class='ocr_carea' id='block_1_79' title="bbox 2004 1925 3610 2009">
    <p class='ocr_par' dir='ltr' id='par_1_79' title="bbox 2004 1925 3610 2009">
     <span class='ocr_line' id='line_1_79' title="bbox 2004 1925 3610 2009; baseline 0.011 -31"><span class='ocrx_word' id='word_1_645' title='bbox 2004 1925 2205 1997; x_wconf 35' lang='lat' dir='ltr'><strong>.(Joan.</strong></span> <span class='ocrx_word' id='word_1_646' title='bbox 2231 1929 2284 1983; x_wconf 86' lang='lat'><strong>6.</strong></span> <span class='ocrx_word' id='word_1_647' title='bbox 2316 1929 2445 2000; x_wconf 62' lang='lat'><strong>44);</strong></span> <span class='ocrx_word' id='word_1_648' title='bbox 2487 1946 2550 1987; x_wconf 89' lang='lat' dir='ltr'><strong>ac</strong></span> <span class='ocrx_word' id='word_1_649' title='bbox 2596 1947 2826 2000; x_wconf 88' lang='lat' dir='ltr'><strong>rursum,</strong></span> <span class='ocrx_word' id='word_1_650' title='bbox 2882 1936 2944 1990; x_wconf 80' lang='lat' dir='ltr'><strong>Si</strong></span> <span class='ocrx_word' id='word_1_651' title='bbox 2980 1952 3070 2006; x_wconf 82' lang='lat' dir='ltr'><strong>ego</strong></span> <span class='ocrx_word' id='word_1_652' title='bbox 3116 1938 3369 1993; x_wconf 72' lang='lat' dir='ltr'><strong>exaltatas</strong></span> <span class='ocrx_word' id='word_1_653' title='bbox 3410 1942 3610 2009; x_wconf 75' lang='lat' dir='ltr'><strong>fueroa</strong></span> 
     </span>
    </p>
   </div>
   <div class='ocr_carea' id='block_1_80' title="bbox 2023 2022 3609 2102">
    <p class='ocr_par' dir='ltr' id='par_1_80' title="bbox 2023 2022 3609 2102">
     <span class='ocr_line' id='line_1_80' title="bbox 2023 2022 3609 2102; baseline 0.009 -30"><span class='ocrx_word' id='word_1_654' title='bbox 2023 2026 2176 2083; x_wconf 83' lang='lat' dir='ltr'><strong>terra,</strong></span> <span class='ocrx_word' id='word_1_655' title='bbox 2224 2036 2395 2075; x_wconf 85' lang='lat' dir='ltr'><strong>omnes</strong></span> <span class='ocrx_word' id='word_1_656' title='bbox 2438 2022 2638 2078; x_wconf 80' lang='lat' dir='ltr'><strong>traham</strong></span> <span class='ocrx_word' id='word_1_657' title='bbox 2671 2025 2739 2078; x_wconf 83' lang='lat' dir='ltr'><strong>ad</strong></span> <span class='ocrx_word' id='word_1_658' title='bbox 2766 2027 3012 2096; x_wconf 79' lang='lat' dir='ltr'><strong>nteipsam</strong></span> <span class='ocrx_word' id='word_1_659' title='bbox 3052 2028 3072 2098; x_wconf 95' lang='lat'>(</span> <span class='ocrx_word' id='word_1_660' title='bbox 3099 2026 3120 2081; x_wconf 86' lang='grc'><strong>1</strong></span> <span class='ocrx_word' id='word_1_661' title='bbox 3130 2029 3231 2082; x_wconf 82' lang='lat' dir='ltr'><strong>bid.</strong></span> <span class='ocrx_word' id='word_1_662' title='bbox 3262 2030 3352 2084; x_wconf 70' lang='grc'><strong>19..</strong></span> <span class='ocrx_word' id='word_1_663' title='bbox 3379 2030 3508 2102; x_wconf 64' lang='grc' dir='ltr'><strong>5Ξ);</strong></span> <span class='ocrx_word' id='word_1_664' title='bbox 3555 2042 3609 2088; x_wconf 90' lang='lat' dir='ltr'><strong>et</strong></span> 
     </span>
    </p>
   </div>
   <div class='ocr_carea' id='block_1_81' title="bbox 2023 2111 3610 2193">
    <p class='ocr_par' dir='ltr' id='par_1_81' title="bbox 2023 2111 3610 2193">
     <span class='ocr_line' id='line_1_81' title="bbox 2023 2111 3610 2193; baseline 0.012 -31"><span class='ocrx_word' id='word_1_665' title='bbox 2023 2125 2163 2164; x_wconf 92' lang='lat' dir='ltr'><strong>nunc</strong></span> <span class='ocrx_word' id='word_1_666' title='bbox 2198 2111 2411 2177; x_wconf 90' lang='lat' dir='ltr'><strong>iterum,</strong></span> <span class='ocrx_word' id='word_1_667' title='bbox 2460 2112 2626 2169; x_wconf 87' lang='lat' dir='ltr'><strong>Nemo</strong></span> <span class='ocrx_word' id='word_1_668' title='bbox 2655 2117 2786 2170; x_wconf 82' lang='lat' dir='ltr'><strong>venit</strong></span> <span class='ocrx_word' id='word_1_669' title='bbox 2811 2119 2879 2171; x_wconf 85' lang='lat' dir='ltr'><strong>ad</strong></span> <span class='ocrx_word' id='word_1_670' title='bbox 2903 2117 3129 2185; x_wconf 83' lang='lat' dir='ltr'><strong>Patrem,</strong></span> <span class='ocrx_word' id='word_1_671' title='bbox 3179 2121 3278 2177; x_wconf 85' lang='lat' dir='ltr'><strong>nisi</strong></span> <span class='ocrx_word' id='word_1_672' title='bbox 3302 2140 3391 2193; x_wconf 85' lang='lat' dir='ltr'><strong>per</strong></span> <span class='ocrx_word' id='word_1_673' title='bbox 3421 2140 3518 2190; x_wconf 90' lang='lat' dir='ltr'><strong>me,</strong></span> <span class='ocrx_word' id='word_1_674' title='bbox 3549 2140 3610 2182; x_wconf 85' lang='lat' dir='ltr'><strong>se</strong></span> 
     </span>
    </p>
   </div>
   <div class='ocr_carea' id='block_1_82' title="bbox 2022 2198 3608 2276">
    <p class='ocr_par' dir='ltr' id='par_1_82' title="bbox 2022 2198 3608 2276">
     <span class='ocr_line' id='line_1_82' title="bbox 2022 2198 3608 2276; baseline 0.011 -24"><span class='ocrx_word' id='word_1_675' title='bbox 2022 2198 2164 2254; x_wconf 85' lang='lat' dir='ltr'><strong>I&#39;atri</strong></span> <span class='ocrx_word' id='word_1_676' title='bbox 2193 2202 2448 2271; x_wconf 59' lang='lat' dir='ltr'><strong>aequalem</strong></span> <span class='ocrx_word' id='word_1_677' title='bbox 2490 2206 2743 2261; x_wconf 90' lang='lat' dir='ltr'><strong>ostendit.</strong></span> <span class='ocrx_word' id='word_1_678' title='bbox 2801 2207 3080 2276; x_wconf 83' lang='lat' dir='ltr'><strong>Quomodo</strong></span> <span class='ocrx_word' id='word_1_679' title='bbox 3106 2220 3282 2266; x_wconf 88' lang='lat' dir='ltr'><strong>autem</strong></span> <span class='ocrx_word' id='word_1_680' title='bbox 3311 2229 3432 2269; x_wconf 93' lang='lat' dir='ltr'><strong>cum</strong></span> <span class='ocrx_word' id='word_1_681' title='bbox 3455 2214 3608 2270; x_wconf 77' lang='lat' dir='ltr'><strong>dixe-</strong></span> 
     </span>
    </p>
   </div>
   <div class='ocr_carea' id='block_1_83' title="bbox 2022 2291 3608 2366">
    <p class='ocr_par' dir='ltr' id='par_1_83' title="bbox 2022 2291 3608 2366">
     <span class='ocr_line' id='line_1_83' title="bbox 2022 2291 3608 2366; baseline 0.01 -22"><span class='ocrx_word' id='word_1_682' title='bbox 2022 2291 2110 2354; x_wconf 89' lang='lat' dir='ltr'><strong>rit,</strong></span> <span class='ocrx_word' id='word_1_683' title='bbox 2143 2291 2255 2356; x_wconf 80' lang='lat' dir='ltr'><strong>Quo</strong></span> <span class='ocrx_word' id='word_1_684' title='bbox 2287 2295 2469 2347; x_wconf 78' lang='lat' dir='ltr'><strong>vatiam</strong></span> <span class='ocrx_word' id='word_1_685' title='bbox 2490 2296 2649 2364; x_wconf 86' lang='lat' dir='ltr'><strong>scitis,</strong></span> <span class='ocrx_word' id='word_1_686' title='bbox 2675 2307 2722 2352; x_wconf 87' lang='lat' dir='ltr'><strong>et</strong></span> <span class='ocrx_word' id='word_1_687' title='bbox 2744 2299 2876 2353; x_wconf 80' lang='lat' dir='ltr'><strong>riam</strong></span> <span class='ocrx_word' id='word_1_688' title='bbox 2896 2301 3057 2366; x_wconf 85' lang='lat' dir='ltr'><strong>scitis,</strong></span> <span class='ocrx_word' id='word_1_689' title='bbox 3082 2301 3260 2357; x_wconf 87' lang='lat' dir='ltr'><strong>subdit</strong></span> <span class='ocrx_word' id='word_1_690' title='bbox 3300 2323 3313 2358; x_wconf 88' lang='lat'><strong>:</strong></span> <span class='ocrx_word' id='word_1_691' title='bbox 3346 2305 3399 2359; x_wconf 91' lang='lat'><strong>7.</strong></span> <span class='ocrx_word' id='word_1_692' title='bbox 3426 2304 3489 2361; x_wconf 87' lang='lat' dir='ltr'><strong>Si</strong></span> <span class='ocrx_word' id='word_1_693' title='bbox 3523 2323 3608 2360; x_wconf 53' lang='lat' dir='ltr'><strong>co-</strong></span> 
     </span>
    </p>
   </div>
   <div class='ocr_carea' id='block_1_84' title="bbox 2019 2383 3608 2471">
    <p class='ocr_par' dir='ltr' id='par_1_84' title="bbox 2019 2383 3608 2471">
     <span class='ocr_line' id='line_1_84' title="bbox 2019 2383 3608 2471; baseline 0.012 -37"><span class='ocrx_word' id='word_1_694' title='bbox 2019 2383 2310 2450; x_wconf 83' lang='lat' dir='ltr'><strong>gnovissetis</strong></span> <span class='ocrx_word' id='word_1_695' title='bbox 2346 2402 2443 2471; x_wconf 40' lang='lat' dir='ltr'><strong>note,</strong></span> <span class='ocrx_word' id='word_1_696' title='bbox 2488 2398 2533 2441; x_wconf 88' lang='lat' dir='ltr'><strong>et</strong></span> <span class='ocrx_word' id='word_1_697' title='bbox 2571 2388 2777 2444; x_wconf 85' lang='lat' dir='ltr'><strong>Patrem</strong></span> <span class='ocrx_word' id='word_1_698' title='bbox 2812 2409 2976 2446; x_wconf 83' lang='lat' dir='ltr'><strong>meum</strong></span> <span class='ocrx_word' id='word_1_699' title='bbox 3007 2394 3176 2465; x_wconf 82' lang='lat' dir='ltr'><strong>utique</strong></span> <span class='ocrx_word' id='word_1_700' title='bbox 3211 2398 3563 2467; x_wconf 77' lang='lat' dir='ltr'><strong>cognovissetis</strong></span> <span class='ocrx_word' id='word_1_701' title='bbox 3590 2416 3608 2453; x_wconf 89' lang='lat'><em>:</em></span> 
     </span>
    </p>
   </div>
   <div class='ocr_carea' id='block_1_85' title="bbox 2018 2474 3607 2547">
    <p class='ocr_par' dir='ltr' id='par_1_85' title="bbox 2018 2474 3607 2547">
     <span class='ocr_line' id='line_1_85' title="bbox 2018 2474 3607 2547; baseline 0.011 -22"><span class='ocrx_word' id='word_1_702' title='bbox 2018 2479 2068 2526; x_wconf 80' lang='lat' dir='ltr'><strong>et</strong></span> <span class='ocrx_word' id='word_1_703' title='bbox 2107 2474 2289 2527; x_wconf 84' lang='lat' dir='ltr'><strong>amodo</strong></span> <span class='ocrx_word' id='word_1_704' title='bbox 2326 2479 2633 2546; x_wconf 82' lang='lat' dir='ltr'><strong>cognoscetis</strong></span> <span class='ocrx_word' id='word_1_705' title='bbox 2680 2497 2813 2547; x_wconf 84' lang='lat' dir='ltr'><strong>eum,</strong></span> <span class='ocrx_word' id='word_1_706' title='bbox 2848 2493 2895 2535; x_wconf 80' lang='lat' dir='ltr'><strong>et</strong></span> <span class='ocrx_word' id='word_1_707' title='bbox 2925 2484 3119 2538; x_wconf 81' lang='lat' dir='ltr'><strong>vidistis</strong></span> <span class='ocrx_word' id='word_1_708' title='bbox 3153 2502 3266 2539; x_wconf 85' lang='lat' dir='ltr'><strong>eam</strong></span> <span class='ocrx_word' id='word_1_709' title='bbox 3288 2487 3314 2541; x_wconf 84' lang='lat'><strong><em>?</em></strong></span> <span class='ocrx_word' id='word_1_710' title='bbox 3361 2486 3473 2541; x_wconf 76' lang='lat' dir='ltr'><strong>Non</strong></span> <span class='ocrx_word' id='word_1_711' title='bbox 3508 2490 3607 2543; x_wconf 83' lang='lat' dir='ltr'><strong>sibi</strong></span> 
     </span>
    </p>
   </div>
   <div class='ocr_carea' id='block_1_86' title="bbox 2018 2565 3607 2641">
    <p class='ocr_par' dir='ltr' id='par_1_86' title="bbox 2018 2565 3607 2641">
     <span class='ocr_line' id='line_1_86' title="bbox 2018 2565 3607 2641; baseline 0.01 -23"><span class='ocrx_word' id='word_1_712' title='bbox 2018 2565 2334 2621; x_wconf 89' lang='lat' dir='ltr'><strong>contradicit</strong></span> <span class='ocrx_word' id='word_1_713' title='bbox 2379 2583 2396 2622; x_wconf 85' lang='lat'><strong>:</strong></span> <span class='ocrx_word' id='word_1_714' title='bbox 2451 2584 2709 2626; x_wconf 84' lang='lat' dir='ltr'><strong>noverant</strong></span> <span class='ocrx_word' id='word_1_715' title='bbox 2754 2574 2898 2627; x_wconf 87' lang='lat' dir='ltr'><strong>enim</strong></span> <span class='ocrx_word' id='word_1_716' title='bbox 2946 2576 3131 2641; x_wconf 79' lang='lat' dir='ltr'><strong>iilunt,</strong></span> <span class='ocrx_word' id='word_1_717' title='bbox 3180 2594 3285 2631; x_wconf 86' lang='lat' dir='ltr'><strong>non</strong></span> <span class='ocrx_word' id='word_1_718' title='bbox 3331 2590 3505 2633; x_wconf 84' lang='lat' dir='ltr'><strong>tamen</strong></span> <span class='ocrx_word' id='word_1_719' title='bbox 3553 2593 3607 2634; x_wconf 90' lang='lat' dir='ltr'><strong>ut</strong></span> 
     </span>
    </p>
   </div>
   <div class='ocr_carea' id='block_1_87' title="bbox 2019 2660 3607 2734">
    <p class='ocr_par' dir='ltr' id='par_1_87' title="bbox 2019 2660 3607 2734">
     <span class='ocr_line' id='line_1_87' title="bbox 2019 2660 3607 2734; baseline 0.011 -22"><span class='ocrx_word' id='word_1_720' title='bbox 2019 2660 2318 2728; x_wconf 84' lang='lat' dir='ltr'><strong>Oportebat.</strong></span> <span class='ocrx_word' id='word_1_721' title='bbox 2354 2662 2516 2718; x_wconf 79' lang='lat' dir='ltr'><strong>Dctnn</strong></span> <span class='ocrx_word' id='word_1_722' title='bbox 2550 2666 2691 2719; x_wconf 88' lang='lat' dir='ltr'><strong>enim</strong></span> <span class='ocrx_word' id='word_1_723' title='bbox 2724 2680 3018 2734; x_wconf 88' lang='lat' dir='ltr'><strong>noverant,</strong></span> <span class='ocrx_word' id='word_1_724' title='bbox 3066 2670 3279 2726; x_wconf 82' lang='lat' dir='ltr'><strong>Patrem</strong></span> <span class='ocrx_word' id='word_1_725' title='bbox 3313 2690 3438 2729; x_wconf 70' lang='lat' dir='ltr'><strong>th&#39;O</strong></span> <span class='ocrx_word' id='word_1_726' title='bbox 3469 2691 3607 2729; x_wconf 82' lang='lat' dir='ltr'><strong>mm-</strong></span> 
     </span>
    </p>
   </div>
   <div class='ocr_carea' id='block_1_88' title="bbox 2019 2750 3609 2836">
    <p class='ocr_par' dir='ltr' id='par_1_88' title="bbox 2019 2750 3609 2836">
     <span class='ocr_line' id='line_1_88' title="bbox 2019 2750 3609 2836; baseline 0.01 -31"><span class='ocrx_word' id='word_1_727' title='bbox 2019 2750 2145 2806; x_wconf 84' lang='lat' dir='ltr'><strong>dtun</strong></span> <span class='ocrx_word' id='word_1_728' title='bbox 2183 2772 2196 2807; x_wconf 88' lang='lat'><strong>:</strong></span> <span class='ocrx_word' id='word_1_729' title='bbox 2227 2770 2346 2808; x_wconf 89' lang='lat' dir='ltr'><strong>nam</strong></span> <span class='ocrx_word' id='word_1_730' title='bbox 2380 2754 2608 2826; x_wconf 85' lang='lat' dir='ltr'><strong>Spiritus</strong></span> <span class='ocrx_word' id='word_1_731' title='bbox 2639 2770 2821 2828; x_wconf 86' lang='lat' dir='ltr'><strong>postea</strong></span> <span class='ocrx_word' id='word_1_732' title='bbox 2850 2763 3071 2817; x_wconf 88' lang='lat' dir='ltr'><strong>veniens</strong></span> <span class='ocrx_word' id='word_1_733' title='bbox 3104 2773 3268 2819; x_wconf 86' lang='lat' dir='ltr'><strong>totam</strong></span> <span class='ocrx_word' id='word_1_734' title='bbox 3295 2766 3399 2820; x_wconf 91' lang='lat' dir='ltr'><strong>illis</strong></span> <span class='ocrx_word' id='word_1_735' title='bbox 3428 2769 3609 2836; x_wconf 76' lang='lat' dir='ltr'><strong>Cogni—</strong></span> 
     </span>
    </p>
   </div>
   <div class='ocr_carea' id='block_1_89' title="bbox 2021 2845 3604 2913">
    <p class='ocr_par' dir='ltr' id='par_1_89' title="bbox 2021 2845 3604 2913">
     <span class='ocr_line' id='line_1_89' title="bbox 2021 2845 3604 2913; baseline 0.008 -14"><span class='ocrx_word' id='word_1_736' title='bbox 2021 2845 2221 2901; x_wconf 87' lang='lat' dir='ltr'><strong>tionem</strong></span> <span class='ocrx_word' id='word_1_737' title='bbox 2246 2848 2447 2902; x_wconf 90' lang='lat' dir='ltr'><strong>intulit.</strong></span> <span class='ocrx_word' id='word_1_738' title='bbox 2499 2849 2611 2905; x_wconf 83' lang='lat' dir='ltr'><strong>Hoc</strong></span> <span class='ocrx_word' id='word_1_739' title='bbox 2652 2863 2831 2908; x_wconf 90' lang='lat' dir='ltr'><strong>autem</strong></span> <span class='ocrx_word' id='word_1_740' title='bbox 2875 2854 2990 2909; x_wconf 85' lang='lat' dir='ltr'><strong>vult</strong></span> <span class='ocrx_word' id='word_1_741' title='bbox 3032 2854 3214 2911; x_wconf 90' lang='lat' dir='ltr'><strong>dicere</strong></span> <span class='ocrx_word' id='word_1_742' title='bbox 3262 2874 3276 2911; x_wconf 88' lang='lat'><strong>:</strong></span> <span class='ocrx_word' id='word_1_743' title='bbox 3326 2858 3380 2913; x_wconf 88' lang='lat' dir='ltr'><strong>Si</strong></span> <span class='ocrx_word' id='word_1_744' title='bbox 3431 2875 3604 2913; x_wconf 88' lang='lat' dir='ltr'><strong>meam</strong></span> 
     </span>
    </p>
   </div>
   <div class='ocr_carea' id='block_1_90' title="bbox 2020 2941 3597 3022">
    <p class='ocr_par' dir='ltr' id='par_1_90' title="bbox 2020 2941 3597 3022">
     <span class='ocr_line' id='line_1_90' title="bbox 2020 2941 3597 3022; baseline 0.008 -30"><span class='ocrx_word' id='word_1_745' title='bbox 2020 2941 2249 2994; x_wconf 76' lang='lat' dir='ltr'><strong>NOSSeliS</strong></span> <span class='ocrx_word' id='word_1_746' title='bbox 2287 2942 2635 2997; x_wconf 88' lang='lat' dir='ltr'><strong>substantiam</strong></span> <span class='ocrx_word' id='word_1_747' title='bbox 2680 2955 2735 2999; x_wconf 89' lang='lat' dir='ltr'><strong>et</strong></span> <span class='ocrx_word' id='word_1_748' title='bbox 2783 2945 3118 3016; x_wconf 86' lang='lat' dir='ltr'><strong>dignitatem,</strong></span> <span class='ocrx_word' id='word_1_749' title='bbox 3161 2949 3336 3004; x_wconf 86' lang='lat' dir='ltr'><strong>Patris</strong></span> <span class='ocrx_word' id='word_1_750' title='bbox 3384 2966 3597 3022; x_wconf 84' lang='lat' dir='ltr'><strong>quoque</strong></span> 
     </span>
    </p>
   </div>
   <div class='ocr_carea' id='block_1_91' title="bbox 2019 3030 3605 3106">
    <p class='ocr_par' dir='ltr' id='par_1_91' title="bbox 2019 3030 3605 3106">
     <span class='ocr_line' id='line_1_91' title="bbox 2019 3030 3605 3106; baseline 0.01 -26"><span class='ocrx_word' id='word_1_751' title='bbox 2019 3031 2271 3084; x_wconf 88' lang='lat' dir='ltr'><strong>nossetis.</strong></span> <span class='ocrx_word' id='word_1_752' title='bbox 2314 3030 2382 3085; x_wconf 83' lang='lat' dir='ltr'><strong>Et</strong></span> <span class='ocrx_word' id='word_1_753' title='bbox 2431 3033 2579 3087; x_wconf 85' lang='lat' dir='ltr'><strong>modo</strong></span> <span class='ocrx_word' id='word_1_754' title='bbox 2625 3037 2935 3104; x_wconf 86' lang='lat' dir='ltr'><strong>cognoscetis</strong></span> <span class='ocrx_word' id='word_1_755' title='bbox 2974 3054 3107 3106; x_wconf 80' lang='lat' dir='ltr'><strong>eain,</strong></span> <span class='ocrx_word' id='word_1_756' title='bbox 3158 3048 3203 3092; x_wconf 86' lang='lat' dir='ltr'><strong>et</strong></span> <span class='ocrx_word' id='word_1_757' title='bbox 3249 3040 3446 3095; x_wconf 82' lang='lat' dir='ltr'><strong>vidistis</strong></span> <span class='ocrx_word' id='word_1_758' title='bbox 3491 3058 3605 3096; x_wconf 84' lang='lat' dir='ltr'><strong>eum</strong></span> 
     </span>
    </p>
   </div>
   <div class='ocr_carea' id='block_1_92' title="bbox 2019 3118 3601 3201">
    <p class='ocr_par' dir='ltr' id='par_1_92' title="bbox 2019 3118 3601 3201">
     <span class='ocr_line' id='line_1_92' title="bbox 2019 3118 3601 3201; baseline 0.011 -31"><span class='ocrx_word' id='word_1_759' title='bbox 2019 3118 2262 3188; x_wconf 86' lang='lat' dir='ltr'><strong>(alterum</strong></span> <span class='ocrx_word' id='word_1_760' title='bbox 2287 3123 2468 3190; x_wconf 87' lang='lat' dir='ltr'><strong>futuri,</strong></span> <span class='ocrx_word' id='word_1_761' title='bbox 2494 3125 2720 3179; x_wconf 70' lang='lat' dir='ltr'><strong>alti-nun</strong></span> <span class='ocrx_word' id='word_1_762' title='bbox 2754 3126 3088 3201; x_wconf 84' lang='lat' dir='ltr'><strong>praesentis);</strong></span> <span class='ocrx_word' id='word_1_763' title='bbox 3119 3128 3221 3184; x_wconf 88' lang='lat' dir='ltr'><strong>hoc</strong></span> <span class='ocrx_word' id='word_1_764' title='bbox 3245 3139 3346 3197; x_wconf 88' lang='lat' dir='ltr'><strong>cst,</strong></span> <span class='ocrx_word' id='word_1_765' title='bbox 3375 3146 3473 3201; x_wconf 88' lang='lat' dir='ltr'><strong>per</strong></span> <span class='ocrx_word' id='word_1_766' title='bbox 3494 3149 3601 3188; x_wconf 89' lang='lat' dir='ltr'><strong>me.</strong></span> 
     </span>
    </p>
   </div>
   <div class='ocr_carea' id='block_1_93' title="bbox 2018 3210 3603 3289">
    <p class='ocr_par' dir='ltr' id='par_1_93' title="bbox 2018 3210 3603 3289">
     <span class='ocr_line' id='line_1_93' title="bbox 2018 3210 3603 3289; baseline 0.008 -25"><span class='ocrx_word' id='word_1_767' title='bbox 2018 3210 2286 3268; x_wconf 69' lang='lat' dir='ltr'><strong>Visionen:</strong></span> <span class='ocrx_word' id='word_1_768' title='bbox 2324 3229 2449 3269; x_wconf 84' lang='lat' dir='ltr'><strong>vero</strong></span> <span class='ocrx_word' id='word_1_769' title='bbox 2488 3215 2634 3280; x_wconf 88' lang='lat' dir='ltr'><strong>dicit,</strong></span> <span class='ocrx_word' id='word_1_770' title='bbox 2681 3219 2876 3272; x_wconf 88' lang='lat' dir='ltr'><strong>mentis</strong></span> <span class='ocrx_word' id='word_1_771' title='bbox 2911 3220 3292 3289; x_wconf 88' lang='lat' dir='ltr'><strong>cognitionem.</strong></span> <span class='ocrx_word' id='word_1_772' title='bbox 3327 3223 3432 3277; x_wconf 80' lang='lat' dir='ltr'><strong>Eos</strong></span> <span class='ocrx_word' id='word_1_773' title='bbox 3461 3225 3603 3278; x_wconf 89' lang='lat' dir='ltr'><strong>enim</strong></span> 
     </span>
    </p>
   </div>
   <div class='ocr_carea' id='block_1_94' title="bbox 2015 3305 3600 3381">
    <p class='ocr_par' dir='ltr' id='par_1_94' title="bbox 2015 3305 3600 3381">
     <span class='ocr_line' id='line_1_94' title="bbox 2015 3305 3600 3381; baseline 0.007 -25"><span class='ocrx_word' id='word_1_774' title='bbox 2015 3306 2105 3374; x_wconf 90' lang='lat' dir='ltr'><strong>qui</strong></span> <span class='ocrx_word' id='word_1_775' title='bbox 2135 3305 2399 3372; x_wconf 88' lang='lat' dir='ltr'><strong>videntur,</strong></span> <span class='ocrx_word' id='word_1_776' title='bbox 2431 3323 2712 3375; x_wconf 86' lang='lat' dir='ltr'><strong>possumus</strong></span> <span class='ocrx_word' id='word_1_777' title='bbox 2742 3310 2921 3367; x_wconf 85' lang='lat' dir='ltr'><strong>videte</strong></span> <span class='ocrx_word' id='word_1_778' title='bbox 2948 3322 3000 3366; x_wconf 89' lang='lat' dir='ltr'><strong>et</strong></span> <span class='ocrx_word' id='word_1_779' title='bbox 3023 3313 3268 3381; x_wconf 86' lang='lat' dir='ltr'><strong>ignorare</strong></span> <span class='ocrx_word' id='word_1_780' title='bbox 3297 3330 3311 3368; x_wconf 86' lang='lat'><strong>:</strong></span> <span class='ocrx_word' id='word_1_781' title='bbox 3344 3330 3438 3368; x_wconf 85' lang='lat' dir='ltr'><strong>eos</strong></span> <span class='ocrx_word' id='word_1_782' title='bbox 3469 3330 3600 3369; x_wconf 83' lang='lat' dir='ltr'><strong>vero</strong></span> 
     </span>
    </p>
   </div>
   <div class='ocr_carea' id='block_1_95' title="bbox 2016 3399 3607 3473">
    <p class='ocr_par' dir='ltr' id='par_1_95' title="bbox 2016 3399 3607 3473">
     <span class='ocr_line' id='line_1_95' title="bbox 2016 3399 3607 3473; baseline 0.006 -24"><span class='ocrx_word' id='word_1_783' title='bbox 2016 3399 2103 3467; x_wconf 87' lang='lat' dir='ltr'><strong>qui</strong></span> <span class='ocrx_word' id='word_1_784' title='bbox 2131 3410 2542 3468; x_wconf 83' lang='lat' dir='ltr'><strong>cognoscuntur,</strong></span> <span class='ocrx_word' id='word_1_785' title='bbox 2578 3417 2683 3454; x_wconf 91' lang='lat' dir='ltr'><strong>non</strong></span> <span class='ocrx_word' id='word_1_786' title='bbox 2713 3416 2996 3471; x_wconf 85' lang='lat' dir='ltr'><strong>possumus</strong></span> <span class='ocrx_word' id='word_1_787' title='bbox 3024 3417 3349 3471; x_wconf 86' lang='lat' dir='ltr'><strong>cognoscere</strong></span> <span class='ocrx_word' id='word_1_788' title='bbox 3375 3414 3429 3458; x_wconf 91' lang='lat' dir='ltr'><strong>ct</strong></span> <span class='ocrx_word' id='word_1_789' title='bbox 3456 3405 3607 3473; x_wconf 88' lang='lat' dir='ltr'><strong>igno-</strong></span> 
     </span>
    </p>
   </div>
   <div class='ocr_carea' id='block_1_96' title="bbox 2016 3491 3604 3566">
    <p class='ocr_par' dir='ltr' id='par_1_96' title="bbox 2016 3491 3604 3566">
     <span class='ocr_line' id='line_1_96' title="bbox 2016 3491 3604 3566; baseline 0.004 -22"><span class='ocrx_word' id='word_1_790' title='bbox 2016 3508 2156 3547; x_wconf 88' lang='lat' dir='ltr'><strong>rare.</strong></span> <span class='ocrx_word' id='word_1_791' title='bbox 2186 3491 2307 3547; x_wconf 92' lang='lat' dir='ltr'><strong>Ideo</strong></span> <span class='ocrx_word' id='word_1_792' title='bbox 2334 3494 2428 3558; x_wconf 91' lang='lat' dir='ltr'><strong>ait,</strong></span> <span class='ocrx_word' id='word_1_793' title='bbox 2465 3493 2527 3546; x_wconf 81' lang='lat' dir='ltr'><strong>Et</strong></span> <span class='ocrx_word' id='word_1_794' title='bbox 2556 3494 2748 3549; x_wconf 67' lang='lat' dir='ltr'><strong>riclistis</strong></span> <span class='ocrx_word' id='word_1_795' title='bbox 2778 3512 2923 3559; x_wconf 85' lang='lat' dir='ltr'><strong>eum;</strong></span> <span class='ocrx_word' id='word_1_796' title='bbox 2949 3505 3005 3550; x_wconf 91' lang='lat' dir='ltr'><strong>ut</strong></span> <span class='ocrx_word' id='word_1_797' title='bbox 3033 3497 3176 3550; x_wconf 87' lang='lat' dir='ltr'><strong>visus</strong></span> <span class='ocrx_word' id='word_1_798' title='bbox 3202 3505 3304 3562; x_wconf 88' lang='lat' dir='ltr'><strong>cst,</strong></span> <span class='ocrx_word' id='word_1_799' title='bbox 3328 3494 3519 3566; x_wconf 88' lang='lat' dir='ltr'><strong>inquit,</strong></span> <span class='ocrx_word' id='word_1_800' title='bbox 3549 3509 3604 3551; x_wconf 90' lang='lat' dir='ltr'><strong>et</strong></span> 
     </span>
    </p>
   </div>
   <div class='ocr_carea' id='block_1_97' title="bbox 2014 3584 3604 3655">
    <p class='ocr_par' dir='ltr' id='par_1_97' title="bbox 2014 3584 3604 3655">
     <span class='ocr_line' id='line_1_97' title="bbox 2014 3584 3604 3655; baseline 0.005 -20"><span class='ocrx_word' id='word_1_801' title='bbox 2014 3584 2217 3653; x_wconf 88' lang='lat' dir='ltr'><strong>angelis</strong></span> <span class='ocrx_word' id='word_1_802' title='bbox 2236 3585 2312 3652; x_wconf 86' lang='lat' dir='ltr'><strong>(I.</strong></span> <span class='ocrx_word' id='word_1_803' title='bbox 2342 3584 2476 3637; x_wconf 86' lang='lat' dir='ltr'><strong>Tim.</strong></span> <span class='ocrx_word' id='word_1_804' title='bbox 2508 3586 2560 3639; x_wconf 74' lang='grc'><strong>5.</strong></span> <span class='ocrx_word' id='word_1_805' title='bbox 2588 3587 2697 3655; x_wconf 84' lang='grc'><strong>16).</strong></span> <span class='ocrx_word' id='word_1_806' title='bbox 2723 3586 2882 3655; x_wconf 84' lang='lat' dir='ltr'><strong>Atqui</strong></span> <span class='ocrx_word' id='word_1_807' title='bbox 2913 3601 3018 3640; x_wconf 90' lang='lat' dir='ltr'><strong>non</strong></span> <span class='ocrx_word' id='word_1_808' title='bbox 3048 3587 3159 3655; x_wconf 88' lang='lat' dir='ltr'><strong>ipsa</strong></span> <span class='ocrx_word' id='word_1_809' title='bbox 3199 3586 3493 3642; x_wconf 86' lang='lat' dir='ltr'><strong>substantia</strong></span> <span class='ocrx_word' id='word_1_810' title='bbox 3523 3589 3604 3643; x_wconf 83' lang='lat' dir='ltr'><strong>vi-</strong></span> 
     </span>
    </p>
   </div>
   <div class='ocr_carea' id='block_1_98' title="bbox 2014 3677 3600 3745">
    <p class='ocr_par' dir='ltr' id='par_1_98' title="bbox 2014 3677 3600 3745">
     <span class='ocr_line' id='line_1_98' title="bbox 2014 3677 3600 3745; baseline 0.004 -17"><span class='ocrx_word' id='word_1_811' title='bbox 2014 3690 2069 3728; x_wconf 90' lang='lat' dir='ltr'><strong>sa</strong></span> <span class='ocrx_word' id='word_1_812' title='bbox 2096 3686 2216 3742; x_wconf 88' lang='lat' dir='ltr'><strong>est;</strong></span> <span class='ocrx_word' id='word_1_813' title='bbox 2251 3677 2344 3729; x_wconf 87' lang='lat' dir='ltr'><strong>sed</strong></span> <span class='ocrx_word' id='word_1_814' title='bbox 2388 3686 2563 3731; x_wconf 86' lang='lat' dir='ltr'><strong>tamen</strong></span> <span class='ocrx_word' id='word_1_815' title='bbox 2596 3678 2758 3730; x_wconf 82' lang='lat' dir='ltr'><strong>visam</strong></span> <span class='ocrx_word' id='word_1_816' title='bbox 2791 3694 2910 3733; x_wconf 86' lang='lat' dir='ltr'><strong>esse</strong></span> <span class='ocrx_word' id='word_1_817' title='bbox 2939 3677 3069 3733; x_wconf 88' lang='lat' dir='ltr'><strong>dicit</strong></span> <span class='ocrx_word' id='word_1_818' title='bbox 3090 3719 3106 3745; x_wconf 96' lang='lat'><strong>,</strong></span> <span class='ocrx_word' id='word_1_819' title='bbox 3140 3688 3197 3732; x_wconf 94' lang='lat' dir='ltr'><strong>ut</strong></span> <span class='ocrx_word' id='word_1_820' title='bbox 3240 3678 3490 3734; x_wconf 83' lang='lat' dir='ltr'><strong>videlicet</strong></span> <span class='ocrx_word' id='word_1_821' title='bbox 3519 3681 3600 3735; x_wconf 83' lang='lat' dir='ltr'><strong>vi-</strong></span> 
     </span>
    </p>
   </div>
   <div class='ocr_carea' id='block_1_99' title="bbox 2014 3767 3661 3839">
    <p class='ocr_par' dir='ltr' id='par_1_99' title="bbox 2014 3767 3661 3839">
     <span class='ocr_line' id='line_1_99' title="bbox 2014 3767 3661 3839; baseline 0.005 -22"><span class='ocrx_word' id='word_1_822' title='bbox 2014 3767 2141 3822; x_wconf 85' lang='lat' dir='ltr'><strong>dere</strong></span> <span class='ocrx_word' id='word_1_823' title='bbox 2190 3778 2459 3836; x_wconf 88' lang='lat' dir='ltr'><strong>poterant.</strong></span> <span class='ocrx_word' id='word_1_824' title='bbox 2489 3770 2577 3823; x_wconf 71' lang='lat' dir='ltr'><strong>Sic</strong></span> <span class='ocrx_word' id='word_1_825' title='bbox 2604 3784 2732 3824; x_wconf 88' lang='lat' dir='ltr'><strong>vero</strong></span> <span class='ocrx_word' id='word_1_826' title='bbox 2769 3769 3019 3839; x_wconf 67' lang='lat' dir='ltr'><strong>lolnutus</strong></span> <span class='ocrx_word' id='word_1_827' title='bbox 3053 3782 3157 3837; x_wconf 89' lang='lat' dir='ltr'><strong>est,</strong></span> <span class='ocrx_word' id='word_1_828' title='bbox 3184 3781 3240 3825; x_wconf 92' lang='lat' dir='ltr'><strong>ut</strong></span> <span class='ocrx_word' id='word_1_829' title='bbox 3267 3771 3445 3828; x_wconf 87' lang='lat' dir='ltr'><strong>discas</strong></span> <span class='ocrx_word' id='word_1_830' title='bbox 3475 3789 3596 3827; x_wconf 89' lang='lat' dir='ltr'><strong>eum</strong></span> <span class='ocrx_word' id='word_1_831' title='bbox 3658 3816 3661 3819; x_wconf 82' lang='lat'><strong>.</strong></span> 
     </span>
    </p>
   </div>
   <div class='ocr_carea' id='block_1_100' title="bbox 2013 3859 3596 3932">
    <p class='ocr_par' dir='ltr' id='par_1_100' title="bbox 2013 3859 3596 3932">
     <span class='ocr_line' id='line_1_100' title="bbox 2013 3859 3596 3932; baseline 0.006 -22"><span class='ocrx_word' id='word_1_832' title='bbox 2013 3859 2100 3927; x_wconf 88' lang='lat' dir='ltr'><strong>qui</strong></span> <span class='ocrx_word' id='word_1_833' title='bbox 2129 3859 2300 3928; x_wconf 86' lang='lat' dir='ltr'><strong>ipsum</strong></span> <span class='ocrx_word' id='word_1_834' title='bbox 2331 3861 2494 3923; x_wconf 83' lang='lat' dir='ltr'><strong>novit,</strong></span> <span class='ocrx_word' id='word_1_835' title='bbox 2526 3860 2835 3916; x_wconf 83' lang='lat' dir='ltr'><strong>Genitorem</strong></span> <span class='ocrx_word' id='word_1_836' title='bbox 2862 3877 3072 3932; x_wconf 88' lang='lat' dir='ltr'><strong>quoque</strong></span> <span class='ocrx_word' id='word_1_837' title='bbox 3098 3863 3213 3931; x_wconf 83' lang='lat' dir='ltr'><strong>ejus</strong></span> <span class='ocrx_word' id='word_1_838' title='bbox 3244 3878 3420 3919; x_wconf 89' lang='lat' dir='ltr'><strong>nosse.</strong></span> <span class='ocrx_word' id='word_1_839' title='bbox 3446 3863 3596 3919; x_wconf 82' lang='lat' dir='ltr'><strong>Vide-</strong></span> 
     </span>
    </p>
   </div>
   <div class='ocr_carea' id='block_1_101' title="bbox 2015 3949 3604 4021">
    <p class='ocr_par' dir='ltr' id='par_1_101' title="bbox 2015 3949 3604 4021">
     <span class='ocr_line' id='line_1_101' title="bbox 2015 3949 3604 4021; baseline 0.005 -20"><span class='ocrx_word' id='word_1_840' title='bbox 2015 3949 2137 4004; x_wconf 89' lang='lat' dir='ltr'><strong>baut</strong></span> <span class='ocrx_word' id='word_1_841' title='bbox 2171 3968 2329 4021; x_wconf 87' lang='lat' dir='ltr'><strong>porro</strong></span> <span class='ocrx_word' id='word_1_842' title='bbox 2361 3952 2508 4005; x_wconf 90' lang='lat' dir='ltr'><strong>illum</strong></span> <span class='ocrx_word' id='word_1_843' title='bbox 2536 3969 2641 4007; x_wconf 93' lang='lat' dir='ltr'><strong>non</strong></span> <span class='ocrx_word' id='word_1_844' title='bbox 2670 3954 2807 4007; x_wconf 87' lang='lat' dir='ltr'><strong>nuda</strong></span> <span class='ocrx_word' id='word_1_845' title='bbox 2845 3955 3172 4021; x_wconf 83' lang='lat' dir='ltr'><strong>substantia,</strong></span> <span class='ocrx_word' id='word_1_846' title='bbox 3215 3955 3309 4009; x_wconf 88' lang='lat' dir='ltr'><strong>sed</strong></span> <span class='ocrx_word' id='word_1_847' title='bbox 3336 3971 3496 4010; x_wconf 88' lang='lat' dir='ltr'><strong>carne</strong></span> <span class='ocrx_word' id='word_1_848' title='bbox 3522 3958 3604 4009; x_wconf 90' lang='lat' dir='ltr'><strong>in-</strong></span> 
     </span>
    </p>
   </div>
   <div class='ocr_carea' id='block_1_102' title="bbox 2011 4043 3599 4117">
    <p class='ocr_par' dir='ltr' id='par_1_102' title="bbox 2011 4043 3599 4117">
     <span class='ocr_line' id='line_1_102' title="bbox 2011 4043 3599 4117; baseline 0.004 -22"><span class='ocrx_word' id='word_1_849' title='bbox 2011 4043 2213 4097; x_wconf 88' lang='lat' dir='ltr'><strong>dutum.</strong></span> <span class='ocrx_word' id='word_1_850' title='bbox 2249 4045 2389 4098; x_wconf 81' lang='lat' dir='ltr'><strong>Alibi</strong></span> <span class='ocrx_word' id='word_1_851' title='bbox 2414 4061 2520 4113; x_wconf 88' lang='lat' dir='ltr'><strong>quo</strong></span> <span class='ocrx_word' id='word_1_852' title='bbox 2543 4063 2625 4112; x_wconf 76' lang='lat' dir='ltr'><strong>pte</strong></span> <span class='ocrx_word' id='word_1_853' title='bbox 2660 4047 2916 4100; x_wconf 89' lang='lat' dir='ltr'><strong>visionem</strong></span> <span class='ocrx_word' id='word_1_854' title='bbox 2940 4047 3302 4115; x_wconf 87' lang='lat' dir='ltr'><strong>cognitionem</strong></span> <span class='ocrx_word' id='word_1_855' title='bbox 3331 4048 3599 4117; x_wconf 85' lang='lat' dir='ltr'><strong>appellat;</strong></span> 
     </span>
    </p>
   </div>
   <div class='ocr_carea' id='block_1_103' title="bbox 2014 4134 3601 4207">
    <p class='ocr_par' dir='ltr' id='par_1_103' title="bbox 2014 4134 3601 4207">
     <span class='ocr_line' id='line_1_103' title="bbox 2014 4134 3601 4207; baseline 0.004 -23"><span class='ocrx_word' id='word_1_856' title='bbox 2014 4145 2069 4186; x_wconf 90' lang='lat' dir='ltr'><strong>ut</strong></span> <span class='ocrx_word' id='word_1_857' title='bbox 2097 4149 2216 4188; x_wconf 93' lang='lat' dir='ltr'><strong>cum</strong></span> <span class='ocrx_word' id='word_1_858' title='bbox 2241 4134 2371 4188; x_wconf 80' lang='lat' dir='ltr'><strong>dicit</strong></span> <span class='ocrx_word' id='word_1_859' title='bbox 2399 4153 2411 4188; x_wconf 86' lang='lat'><strong>:</strong></span> <span class='ocrx_word' id='word_1_860' title='bbox 2438 4135 2580 4189; x_wconf 78' lang='lat' dir='ltr'><strong>Beati</strong></span> <span class='ocrx_word' id='word_1_861' title='bbox 2609 4136 2795 4188; x_wconf 82' lang='lat' dir='ltr'><strong>mando</strong></span> <span class='ocrx_word' id='word_1_862' title='bbox 2822 4137 2990 4201; x_wconf 82' lang='lat' dir='ltr'><strong>corde,</strong></span> <span class='ocrx_word' id='word_1_863' title='bbox 3039 4136 3281 4205; x_wconf 82' lang='lat' dir='ltr'><strong>quoniam</strong></span> <span class='ocrx_word' id='word_1_864' title='bbox 3309 4137 3407 4207; x_wconf 88' lang='lat' dir='ltr'><strong>ipsi</strong></span> <span class='ocrx_word' id='word_1_865' title='bbox 3438 4135 3601 4190; x_wconf 81' lang='lat' dir='ltr'><strong>Deam</strong></span> 
     </span>
    </p>
   </div>
   <div class='ocr_carea' id='block_1_104' title="bbox 2014 4226 3606 4297">
    <p class='ocr_par' dir='ltr' id='par_1_104' title="bbox 2014 4226 3606 4297">
     <span class='ocr_line' id='line_1_104' title="bbox 2014 4226 3606 4297; baseline 0.003 -20"><span class='ocrx_word' id='word_1_866' title='bbox 2014 4226 2246 4280; x_wconf 83' lang='lat' dir='ltr'><strong>ridebunt</strong></span> <span class='ocrx_word' id='word_1_867' title='bbox 2275 4226 2489 4296; x_wconf 72' lang='lat' dir='ltr'><strong>(Matt/1.</strong></span> <span class='ocrx_word' id='word_1_868' title='bbox 2516 4228 2566 4281; x_wconf 76' lang='lat' dir='ltr'><strong>ii.</strong></span> <span class='ocrx_word' id='word_1_869' title='bbox 2597 4227 2674 4297; x_wconf 88' lang='lat'><strong>8).</strong></span> <span class='ocrx_word' id='word_1_870' title='bbox 2717 4226 2941 4281; x_wconf 83' lang='lat' dir='ltr'><strong>Mundos</strong></span> <span class='ocrx_word' id='word_1_871' title='bbox 2966 4237 3141 4282; x_wconf 87' lang='lat' dir='ltr'><strong>autem</strong></span> <span class='ocrx_word' id='word_1_872' title='bbox 3181 4228 3330 4294; x_wconf 89' lang='lat' dir='ltr'><strong>dicit,</strong></span> <span class='ocrx_word' id='word_1_873' title='bbox 3358 4245 3459 4282; x_wconf 90' lang='lat' dir='ltr'><strong>non</strong></span> <span class='ocrx_word' id='word_1_874' title='bbox 3489 4239 3606 4282; x_wconf 87' lang='lat' dir='ltr'><strong>tan-</strong></span> 
     </span>
    </p>
   </div>
   <div class='ocr_carea' id='block_1_105' title="bbox 2016 4319 3601 4389">
    <p class='ocr_par' dir='ltr' id='par_1_105' title="bbox 2016 4319 3601 4389">
     <span class='ocr_line' id='line_1_105' title="bbox 2016 4319 3601 4389; baseline 0.002 -18"><span class='ocrx_word' id='word_1_875' title='bbox 2016 4329 2126 4373; x_wconf 90' lang='lat' dir='ltr'><strong>tmn</strong></span> <span class='ocrx_word' id='word_1_876' title='bbox 2161 4336 2192 4373; x_wconf 90' lang='lat' dir='ltr'><strong>a</strong></span> <span class='ocrx_word' id='word_1_877' title='bbox 2241 4320 2610 4385; x_wconf 85' lang='lat' dir='ltr'><strong>fornicatione,</strong></span> <span class='ocrx_word' id='word_1_878' title='bbox 2656 4319 2753 4374; x_wconf 90' lang='lat' dir='ltr'><strong>sed</strong></span> <span class='ocrx_word' id='word_1_879' title='bbox 2795 4334 2823 4371; x_wconf 90' lang='lat' dir='ltr'><strong>a</strong></span> <span class='ocrx_word' id='word_1_880' title='bbox 2877 4320 3111 4389; x_wconf 88' lang='lat' dir='ltr'><strong>peccatis</strong></span> <span class='ocrx_word' id='word_1_881' title='bbox 3155 4321 3447 4376; x_wconf 90' lang='lat' dir='ltr'><strong>omnibus:</strong></span> <span class='ocrx_word' id='word_1_882' title='bbox 3480 4337 3601 4375; x_wconf 87' lang='lat' dir='ltr'><strong>nam</strong></span> 
     </span>
    </p>
   </div>
   <div class='ocr_carea' id='block_1_106' title="bbox 2013 4410 3157 4479">
    <p class='ocr_par' dir='ltr' id='par_1_106' title="bbox 2013 4410 3157 4479">
     <span class='ocr_line' id='line_1_106' title="bbox 2013 4410 3157 4479; baseline -0.001 -14"><span class='ocrx_word' id='word_1_883' title='bbox 2013 4427 2170 4465; x_wconf 90' lang='lat' dir='ltr'><strong>omne</strong></span> <span class='ocrx_word' id='word_1_884' title='bbox 2197 4423 2470 4479; x_wconf 85' lang='lat' dir='ltr'><strong>peccatum</strong></span> <span class='ocrx_word' id='word_1_885' title='bbox 2499 4411 2761 4465; x_wconf 88' lang='lat' dir='ltr'><strong>maculam</strong></span> <span class='ocrx_word' id='word_1_886' title='bbox 2787 4410 2920 4465; x_wconf 88' lang='lat' dir='ltr'><strong>indit</strong></span> <span class='ocrx_word' id='word_1_887' title='bbox 2945 4412 3157 4464; x_wconf 64' lang='lat' dir='ltr'><strong>anima&#39;.</strong></span> 
     </span>
    </p>
   </div>
   <div class='ocr_carea' id='block_1_107' title="bbox 2084 4502 3602 4574">
    <p class='ocr_par' dir='ltr' id='par_1_107' title="bbox 2084 4502 3602 4574">
     <span class='ocr_line' id='line_1_107' title="bbox 2084 4502 3602 4574; baseline 0.001 -16"><span class='ocrx_word' id='word_1_888' title='bbox 2084 4503 2136 4558; x_wconf 79' lang='lat'><strong>3.</strong></span> <span class='ocrx_word' id='word_1_889' title='bbox 2170 4502 2306 4557; x_wconf 84' lang='lat' dir='ltr'><strong>Nihil</strong></span> <span class='ocrx_word' id='word_1_890' title='bbox 2341 4503 2514 4573; x_wconf 88' lang='lat' dir='ltr'><strong>itaque</strong></span> <span class='ocrx_word' id='word_1_891' title='bbox 2544 4518 2647 4557; x_wconf 92' lang='lat' dir='ltr'><strong>non</strong></span> <span class='ocrx_word' id='word_1_892' title='bbox 2670 4518 2908 4573; x_wconf 83' lang='lat' dir='ltr'><strong>agamus,</strong></span> <span class='ocrx_word' id='word_1_893' title='bbox 2934 4513 2990 4557; x_wconf 92' lang='lat' dir='ltr'><strong>ut</strong></span> <span class='ocrx_word' id='word_1_894' title='bbox 3009 4502 3196 4558; x_wconf 89' lang='lat' dir='ltr'><strong>sordes</strong></span> <span class='ocrx_word' id='word_1_895' title='bbox 3216 4504 3602 4574; x_wconf 87' lang='lat' dir='ltr'><strong>abstergamus.</strong></span> 
     </span>
    </p>
   </div>
   <div class='ocr_carea' id='block_1_108' title="bbox 2014 4595 3605 4667">
    <p class='ocr_par' dir='ltr' id='par_1_108' title="bbox 2014 4595 3605 4667">
     <span class='ocr_line' id='line_1_108' title="bbox 2014 4595 3605 4667; baseline 0.002 -16"><span class='ocrx_word' id='word_1_896' title='bbox 2014 4597 2281 4666; x_wconf 85' lang='lat' dir='ltr'><strong>Abstergit</strong></span> <span class='ocrx_word' id='word_1_897' title='bbox 2308 4609 2482 4652; x_wconf 83' lang='lat' dir='ltr'><strong>autem</strong></span> <span class='ocrx_word' id='word_1_898' title='bbox 2516 4599 2685 4667; x_wconf 82' lang='lat' dir='ltr'><strong>primo</strong></span> <span class='ocrx_word' id='word_1_899' title='bbox 2719 4601 3017 4664; x_wconf 88' lang='lat' dir='ltr'><strong>lavacrum;</strong></span> <span class='ocrx_word' id='word_1_900' title='bbox 3058 4597 3252 4654; x_wconf 89' lang='lat' dir='ltr'><strong>deinde</strong></span> <span class='ocrx_word' id='word_1_901' title='bbox 3282 4595 3398 4654; x_wconf 72' lang='lat' dir='ltr'><strong>alia:</strong></span> <span class='ocrx_word' id='word_1_902' title='bbox 3426 4599 3605 4654; x_wconf 75' lang='lat' dir='ltr'><strong>multa:</strong></span> 
     </span>
    </p>
   </div>
   <div class='ocr_carea' id='block_1_109' title="bbox 2013 4689 3607 4756">
    <p class='ocr_par' dir='ltr' id='par_1_109' title="bbox 2013 4689 3607 4756">
     <span class='ocr_line' id='line_1_109' title="bbox 2013 4689 3607 4756; baseline 0.003 -15"><span class='ocrx_word' id='word_1_903' title='bbox 2013 4701 2067 4742; x_wconf 87' lang='lat' dir='ltr'><strong>ct</strong></span> <span class='ocrx_word' id='word_1_904' title='bbox 2092 4690 2248 4743; x_wconf 82' lang='lat' dir='ltr'><strong>varia:</strong></span> <span class='ocrx_word' id='word_1_905' title='bbox 2275 4690 2388 4744; x_wconf 68' lang='lat' dir='ltr'><strong>viae.</strong></span> <span class='ocrx_word' id='word_1_906' title='bbox 2423 4689 2553 4743; x_wconf 81' lang='lat' dir='ltr'><strong>Nam</strong></span> <span class='ocrx_word' id='word_1_907' title='bbox 2583 4691 2820 4745; x_wconf 88' lang='lat' dir='ltr'><strong>clemens</strong></span> <span class='ocrx_word' id='word_1_908' title='bbox 2848 4706 2968 4745; x_wconf 91' lang='lat' dir='ltr'><strong>cum</strong></span> <span class='ocrx_word' id='word_1_909' title='bbox 2995 4690 3065 4745; x_wconf 86' lang='lat' dir='ltr'><strong>sit</strong></span> <span class='ocrx_word' id='word_1_910' title='bbox 3094 4692 3266 4756; x_wconf 85' lang='lat' dir='ltr'><strong>Deus,</strong></span> <span class='ocrx_word' id='word_1_911' title='bbox 3296 4692 3426 4747; x_wconf 89' lang='lat' dir='ltr'><strong>alias</strong></span> <span class='ocrx_word' id='word_1_912' title='bbox 3453 4692 3607 4748; x_wconf 85' lang='lat' dir='ltr'><strong>nobis</strong></span> 
     </span>
    </p>
   </div>
   <div class='ocr_carea' id='block_1_110' title="bbox 2016 4783 3603 4856">
    <p class='ocr_par' dir='ltr' id='par_1_110' title="bbox 2016 4783 3603 4856">
     <span class='ocr_line' id='line_1_110' title="bbox 2016 4783 3603 4856; baseline 0.004 -23"><span class='ocrx_word' id='word_1_913' title='bbox 2016 4783 2291 4851; x_wconf 88' lang='lat' dir='ltr'><strong>variasque</strong></span> <span class='ocrx_word' id='word_1_914' title='bbox 2330 4784 2469 4848; x_wconf 85' lang='lat' dir='ltr'><strong>vias,</strong></span> <span class='ocrx_word' id='word_1_915' title='bbox 2511 4783 2700 4854; x_wconf 90' lang='lat' dir='ltr'><strong>quibus</strong></span> <span class='ocrx_word' id='word_1_916' title='bbox 2742 4799 3063 4855; x_wconf 76' lang='lat' dir='ltr'><strong>purgentur,</strong></span> <span class='ocrx_word' id='word_1_917' title='bbox 3103 4785 3348 4856; x_wconf 89' lang='lat' dir='ltr'><strong>aperuit,</strong></span> <span class='ocrx_word' id='word_1_918' title='bbox 3379 4802 3603 4856; x_wconf 88' lang='lat' dir='ltr'><strong>quarum</strong></span> 
     </span>
    </p>
   </div>
   <div class='ocr_carea' id='block_1_111' title="bbox 2018 4875 3603 4950">
    <p class='ocr_par' dir='ltr' id='par_1_111' title="bbox 2018 4875 3603 4950">
     <span class='ocr_line' id='line_1_111' title="bbox 2018 4875 3603 4950; baseline 0.003 -24"><span class='ocrx_word' id='word_1_919' title='bbox 2018 4875 2182 4942; x_wconf 88' lang='lat' dir='ltr'><strong>prima</strong></span> <span class='ocrx_word' id='word_1_920' title='bbox 2213 4885 2292 4929; x_wconf 88' lang='lat' dir='ltr'><strong>est</strong></span> <span class='ocrx_word' id='word_1_921' title='bbox 2319 4876 2679 4947; x_wconf 79' lang='lat' dir='ltr'><strong>clecmosyna.</strong></span> <span class='ocrx_word' id='word_1_922' title='bbox 2704 4877 3070 4950; x_wconf 82' lang='lat' dir='ltr'><strong>Eleemosynis</strong></span> <span class='ocrx_word' id='word_1_923' title='bbox 3090 4878 3231 4933; x_wconf 90' lang='lat' dir='ltr'><strong>enim</strong></span> <span class='ocrx_word' id='word_1_924' title='bbox 3259 4888 3309 4933; x_wconf 93' lang='lat' dir='ltr'><strong>et</strong></span> <span class='ocrx_word' id='word_1_925' title='bbox 3340 4879 3446 4933; x_wconf 89' lang='lat' dir='ltr'><strong>fide</strong></span> <span class='ocrx_word' id='word_1_926' title='bbox 3478 4894 3603 4947; x_wconf 88' lang='lat' dir='ltr'><strong>pur-</strong></span> 
     </span>
    </p>
   </div>
   <div class='ocr_carea' id='block_1_112' title="bbox 2014 4968 3603 5041">
    <p class='ocr_par' dir='ltr' id='par_1_112' title="bbox 2014 4968 3603 5041">
     <span class='ocr_line' id='line_1_112' title="bbox 2014 4968 3603 5041; baseline 0.005 -24"><span class='ocrx_word' id='word_1_927' title='bbox 2014 4977 2204 5035; x_wconf 86' lang='lat' dir='ltr'><strong>gantur</strong></span> <span class='ocrx_word' id='word_1_928' title='bbox 2231 4976 2440 5037; x_wconf 69' lang='lat' dir='ltr'><strong>peccati</strong></span> <span class='ocrx_word' id='word_1_929' title='bbox 2476 4968 2676 5040; x_wconf 82' lang='lat' dir='ltr'><strong>(Eccti.</strong></span> <span class='ocrx_word' id='word_1_930' title='bbox 2710 4971 2896 5041; x_wconf 67' lang='lat'><strong>5-35)</strong></span> <span class='ocrx_word' id='word_1_931' title='bbox 2917 5012 2931 5034; x_wconf 94' lang='lat'><strong>,</strong></span> <span class='ocrx_word' id='word_1_932' title='bbox 2965 4973 3151 5041; x_wconf 91' lang='lat' dir='ltr'><strong>inquit.</strong></span> <span class='ocrx_word' id='word_1_933' title='bbox 3200 4969 3603 5039; x_wconf 82' lang='lat' dir='ltr'><strong>Eleemosynis,</strong></span> 
     </span>
    </p>
   </div>
   <div class='ocr_carea' id='block_1_113' title="bbox 2020 5056 3605 5131">
    <p class='ocr_par' dir='ltr' id='par_1_113' title="bbox 2020 5056 3605 5131">
     <span class='ocr_line' id='line_1_113' title="bbox 2020 5056 3605 5131; baseline 0.005 -23"><span class='ocrx_word' id='word_1_934' title='bbox 2020 5056 2261 5126; x_wconf 82' lang='lat' dir='ltr'><strong>inquam.</strong></span> <span class='ocrx_word' id='word_1_935' title='bbox 2312 5076 2414 5113; x_wconf 90' lang='lat' dir='ltr'><strong>non</strong></span> <span class='ocrx_word' id='word_1_936' title='bbox 2445 5076 2505 5114; x_wconf 81' lang='lat' dir='ltr'><strong>ex</strong></span> <span class='ocrx_word' id='word_1_937' title='bbox 2540 5062 2715 5130; x_wconf 80' lang='lat' dir='ltr'><strong>inique</strong></span> <span class='ocrx_word' id='word_1_938' title='bbox 2749 5065 2912 5131; x_wconf 89' lang='lat' dir='ltr'><strong>partis</strong></span> <span class='ocrx_word' id='word_1_939' title='bbox 2946 5082 2960 5117; x_wconf 90' lang='lat'><strong>:</strong></span> <span class='ocrx_word' id='word_1_940' title='bbox 2993 5063 3119 5117; x_wconf 88' lang='lat' dir='ltr'><strong>illttd</strong></span> <span class='ocrx_word' id='word_1_941' title='bbox 3151 5063 3291 5116; x_wconf 92' lang='lat' dir='ltr'><strong>cnim</strong></span> <span class='ocrx_word' id='word_1_942' title='bbox 3324 5078 3430 5116; x_wconf 89' lang='lat' dir='ltr'><strong>non</strong></span> <span class='ocrx_word' id='word_1_943' title='bbox 3459 5063 3605 5116; x_wconf 85' lang='lat' dir='ltr'><strong>elec-</strong></span> 
     </span>
    </p>
   </div>
   <div class='ocr_carea' id='block_1_114' title="bbox 2018 5152 3603 5220">
    <p class='ocr_par' dir='ltr' id='par_1_114' title="bbox 2018 5152 3603 5220">
     <span class='ocr_line' id='line_1_114' title="bbox 2018 5152 3603 5220; baseline 0.004 -19"><span class='ocrx_word' id='word_1_944' title='bbox 2018 5165 2235 5219; x_wconf 73' lang='lat' dir='ltr'><strong>mosyna</strong></span> <span class='ocrx_word' id='word_1_945' title='bbox 2258 5194 2271 5215; x_wconf 88' lang='lat'><strong>,</strong></span> <span class='ocrx_word' id='word_1_946' title='bbox 2298 5152 2389 5206; x_wconf 89' lang='lat' dir='ltr'><strong>sed</strong></span> <span class='ocrx_word' id='word_1_947' title='bbox 2422 5152 2780 5207; x_wconf 86' lang='lat' dir='ltr'><strong>inhumanitas</strong></span> <span class='ocrx_word' id='word_1_948' title='bbox 2801 5164 2854 5208; x_wconf 90' lang='lat' dir='ltr'><strong>et</strong></span> <span class='ocrx_word' id='word_1_949' title='bbox 2875 5154 3162 5209; x_wconf 88' lang='lat' dir='ltr'><strong>crudelitas</strong></span> <span class='ocrx_word' id='word_1_950' title='bbox 3183 5161 3283 5207; x_wconf 90' lang='lat' dir='ltr'><strong>est.</strong></span> <span class='ocrx_word' id='word_1_951' title='bbox 3307 5153 3436 5220; x_wconf 75' lang='lat' dir='ltr'><strong>Qum</strong></span> <span class='ocrx_word' id='word_1_952' title='bbox 3461 5155 3603 5208; x_wconf 90' lang='lat' dir='ltr'><strong>enim</strong></span> 
     </span>
    </p>
   </div>
   <div class='ocr_carea' id='block_1_115' title="bbox 2019 5243 3608 5314">
    <p class='ocr_par' dir='ltr' id='par_1_115' title="bbox 2019 5243 3608 5314">
     <span class='ocr_line' id='line_1_115' title="bbox 2019 5243 3608 5314; baseline 0.006 -21"><span class='ocrx_word' id='word_1_953' title='bbox 2019 5243 2215 5295; x_wconf 67' lang='lat' dir='ltr'><strong>tttilitzu</strong></span> <span class='ocrx_word' id='word_1_954' title='bbox 2247 5244 2469 5298; x_wconf 85' lang='lat' dir='ltr'><strong>alterum</strong></span> <span class='ocrx_word' id='word_1_955' title='bbox 2502 5247 2752 5314; x_wconf 84' lang='lat' dir='ltr'><strong>spoliare,</strong></span> <span class='ocrx_word' id='word_1_956' title='bbox 2783 5247 3009 5299; x_wconf 85' lang='lat' dir='ltr'><strong>alterum</strong></span> <span class='ocrx_word' id='word_1_957' title='bbox 3039 5245 3296 5299; x_wconf 84' lang='lat' dir='ltr'><strong>induere?</strong></span> <span class='ocrx_word' id='word_1_958' title='bbox 3327 5248 3369 5299; x_wconf 86' lang='lat' dir='ltr'><strong>A</strong></span> <span class='ocrx_word' id='word_1_959' title='bbox 3400 5246 3608 5302; x_wconf 83' lang='lat' dir='ltr'><strong>miseri—</strong></span> 
     </span>
    </p>
   </div>
   <div class='ocr_carea' id='block_1_116' title="bbox 2016 5336 3597 5406">
    <p class='ocr_par' dir='ltr' id='par_1_116' title="bbox 2016 5336 3597 5406">
     <span class='ocr_line' id='line_1_116' title="bbox 2016 5336 3597 5406; baseline 0.003 -18"><span class='ocrx_word' id='word_1_960' title='bbox 2016 5336 2194 5388; x_wconf 77' lang='lat' dir='ltr'><strong>cordia</strong></span> <span class='ocrx_word' id='word_1_961' title='bbox 2240 5336 2595 5406; x_wconf 84' lang='lat' dir='ltr'><strong>incipiendum</strong></span> <span class='ocrx_word' id='word_1_962' title='bbox 2639 5349 2721 5392; x_wconf 87' lang='lat' dir='ltr'><strong>est</strong></span> <span class='ocrx_word' id='word_1_963' title='bbox 2760 5355 2774 5391; x_wconf 90' lang='lat'><strong><em>:</em></strong></span> <span class='ocrx_word' id='word_1_964' title='bbox 2816 5338 3047 5406; x_wconf 84' lang='lat' dir='ltr'><strong>alioquin</strong></span> <span class='ocrx_word' id='word_1_965' title='bbox 3092 5338 3396 5393; x_wconf 89' lang='lat' dir='ltr'><strong>immanitas</strong></span> <span class='ocrx_word' id='word_1_966' title='bbox 3434 5348 3597 5394; x_wconf 87' lang='lat' dir='ltr'><strong>esset.</strong></span> 
     </span>
    </p>
   </div>
   <div class='ocr_carea' id='block_1_117' title="bbox 2020 5426 3599 5495">
    <p class='ocr_par' dir='ltr' id='par_1_117' title="bbox 2020 5426 3599 5495">
     <span class='ocr_line' id='line_1_117' title="bbox 2020 5426 3599 5495; baseline 0.003 -15"><span class='ocrx_word' id='word_1_967' title='bbox 2020 5426 2131 5480; x_wconf 81' lang='lat' dir='ltr'><strong>Etsi</strong></span> <span class='ocrx_word' id='word_1_968' title='bbox 2160 5429 2299 5481; x_wconf 90' lang='lat' dir='ltr'><strong>enim</strong></span> <span class='ocrx_word' id='word_1_969' title='bbox 2328 5429 2503 5481; x_wconf 79' lang='lat' dir='ltr'><strong>on&#39;mia</strong></span> <span class='ocrx_word' id='word_1_970' title='bbox 2529 5429 2698 5482; x_wconf 85' lang='lat' dir='ltr'><strong>aliena</strong></span> <span class='ocrx_word' id='word_1_971' title='bbox 2722 5428 2933 5494; x_wconf 90' lang='lat' dir='ltr'><strong>demus,</strong></span> <span class='ocrx_word' id='word_1_972' title='bbox 2959 5428 3089 5481; x_wconf 89' lang='lat' dir='ltr'><strong>nihil</strong></span> <span class='ocrx_word' id='word_1_973' title='bbox 3119 5428 3242 5482; x_wconf 91' lang='lat' dir='ltr'><strong>hinc</strong></span> <span class='ocrx_word' id='word_1_974' title='bbox 3267 5427 3399 5484; x_wconf 81' lang='lat' dir='ltr'><strong>lucri</strong></span> <span class='ocrx_word' id='word_1_975' title='bbox 3430 5431 3599 5495; x_wconf 84' lang='lat' dir='ltr'><strong>nobis,</strong></span> 
     </span>
    </p>
   </div>
   <div class='ocr_carea' id='block_1_118' title="bbox 2022 5517 3607 5588">
    <p class='ocr_par' dir='ltr' id='par_1_118' title="bbox 2022 5517 3607 5588">
     <span class='ocr_line' id='line_1_118' title="bbox 2022 5517 3607 5588; baseline 0.002 -17"><span class='ocrx_word' id='word_1_976' title='bbox 2022 5527 2077 5571; x_wconf 93' lang='lat' dir='ltr'><strong>ut</strong></span> <span class='ocrx_word' id='word_1_977' title='bbox 2097 5518 2327 5572; x_wconf 83' lang='lat' dir='ltr'><strong>ostendit</strong></span> <span class='ocrx_word' id='word_1_978' title='bbox 2348 5518 2651 5581; x_wconf 81' lang='lat' dir='ltr'><strong>Zacclneus,</strong></span> <span class='ocrx_word' id='word_1_979' title='bbox 2676 5517 2766 5587; x_wconf 90' lang='lat' dir='ltr'><strong>qui</strong></span> <span class='ocrx_word' id='word_1_980' title='bbox 2789 5532 2846 5572; x_wconf 89' lang='lat' dir='ltr'><strong>se</strong></span> <span class='ocrx_word' id='word_1_981' title='bbox 2869 5519 3033 5572; x_wconf 90' lang='lat' dir='ltr'><strong>Deum</strong></span> <span class='ocrx_word' id='word_1_982' title='bbox 3058 5519 3267 5588; x_wconf 88' lang='lat' dir='ltr'><strong>placare</strong></span> <span class='ocrx_word' id='word_1_983' title='bbox 3286 5521 3607 5576; x_wconf 87' lang='lat' dir='ltr'><strong>dicitdaudo</strong></span> 
     </span>
    </p>
   </div>
   <div class='ocr_carea' id='block_1_119' title="bbox 2019 5609 3604 5685">
    <p class='ocr_par' dir='ltr' id='par_1_119' title="bbox 2019 5609 3604 5685">
     <span class='ocr_line' id='line_1_119' title="bbox 2019 5609 3604 5685; baseline 0.004 -22"><span class='ocrx_word' id='word_1_984' title='bbox 2019 5609 2367 5678; x_wconf 87' lang='lat' dir='ltr'><strong>quadrnplmn</strong></span> <span class='ocrx_word' id='word_1_985' title='bbox 2407 5624 2588 5662; x_wconf 84' lang='lat' dir='ltr'><strong>eorum</strong></span> <span class='ocrx_word' id='word_1_986' title='bbox 2619 5626 2738 5679; x_wconf 79' lang='lat' dir='ltr'><strong>qua:</strong></span> <span class='ocrx_word' id='word_1_987' title='bbox 2769 5618 3018 5679; x_wconf 82' lang='lat' dir='ltr'><strong>rapuerat</strong></span> <span class='ocrx_word' id='word_1_988' title='bbox 3043 5611 3201 5683; x_wconf 85' lang='lat' dir='ltr'><strong>(Luc.</strong></span> <span class='ocrx_word' id='word_1_989' title='bbox 3235 5612 3322 5668; x_wconf 80' lang='grc'><strong>19.</strong></span> <span class='ocrx_word' id='word_1_990' title='bbox 3365 5615 3456 5685; x_wconf 91' lang='lat'><strong>8).</strong></span> <span class='ocrx_word' id='word_1_991' title='bbox 3500 5614 3604 5669; x_wconf 67' lang='lat' dir='ltr'><strong>Nos</strong></span> 
     </span>
    </p>
   </div>
   <div class='ocr_carea' id='block_1_120' title="bbox 2020 5701 3607 5773">
    <p class='ocr_par' dir='ltr' id='par_1_120' title="bbox 2020 5701 3607 5773">
     <span class='ocr_line' id='line_1_120' title="bbox 2020 5701 3607 5773; baseline 0.005 -20"><span class='ocrx_word' id='word_1_992' title='bbox 2020 5717 2147 5753; x_wconf 69' lang='grc' dir='ltr'><strong>γυνθ</strong></span> <span class='ocrx_word' id='word_1_993' title='bbox 2173 5703 2257 5769; x_wconf 85' lang='lat' dir='ltr'><strong>qui</strong></span> <span class='ocrx_word' id='word_1_994' title='bbox 2290 5703 2562 5754; x_wconf 74' lang='lat' dir='ltr'><strong>innumera</strong></span> <span class='ocrx_word' id='word_1_995' title='bbox 2592 5701 2858 5770; x_wconf 81' lang='lat' dir='ltr'><strong>rupimus,</strong></span> <span class='ocrx_word' id='word_1_996' title='bbox 2887 5712 2940 5757; x_wconf 91' lang='lat' dir='ltr'><strong>et</strong></span> <span class='ocrx_word' id='word_1_997' title='bbox 2964 5718 3127 5772; x_wconf 87' lang='lat' dir='ltr'><strong>pauca</strong></span> <span class='ocrx_word' id='word_1_998' title='bbox 3153 5705 3363 5772; x_wconf 88' lang='lat' dir='ltr'><strong>damus,</strong></span> <span class='ocrx_word' id='word_1_999' title='bbox 3396 5706 3607 5773; x_wconf 85' lang='lat' dir='ltr'><strong>placare</strong></span> 
     </span>
    </p>
   </div>
   <div class='ocr_carea' id='block_1_121' title="bbox 2024 5794 3604 5868">
    <p class='ocr_par' dir='ltr' id='par_1_121' title="bbox 2024 5794 3604 5868">
     <span class='ocr_line' id='line_1_121' title="bbox 2024 5794 3604 5868; baseline 0.002 -22"><span class='ocrx_word' id='word_1_1000' title='bbox 2024 5794 2189 5848; x_wconf 80' lang='lat' dir='ltr'><strong>Deum</strong></span> <span class='ocrx_word' id='word_1_1001' title='bbox 2224 5804 2496 5863; x_wconf 91' lang='lat' dir='ltr'><strong>putamus,</strong></span> <span class='ocrx_word' id='word_1_1002' title='bbox 2538 5795 2838 5865; x_wconf 86' lang='lat' dir='ltr'><strong>ignorantes</strong></span> <span class='ocrx_word' id='word_1_1003' title='bbox 2869 5811 2967 5852; x_wconf 91' lang='lat' dir='ltr'><strong>nos</strong></span> <span class='ocrx_word' id='word_1_1004' title='bbox 2997 5797 3141 5852; x_wconf 90' lang='lat' dir='ltr'><strong>illum</strong></span> <span class='ocrx_word' id='word_1_1005' title='bbox 3175 5798 3343 5868; x_wconf 88' lang='lat' dir='ltr'><strong>magis</strong></span> <span class='ocrx_word' id='word_1_1006' title='bbox 3376 5798 3604 5851; x_wconf 86' lang='lat' dir='ltr'><strong>irritare.</strong></span> 
     </span>
    </p>
   </div>
   <div class='ocr_carea' id='block_1_122' title="bbox 2026 5886 3618 5957">
    <p class='ocr_par' dir='ltr' id='par_1_122' title="bbox 2026 5886 3618 5957">
     <span class='ocr_line' id='line_1_122' title="bbox 2026 5886 3618 5957; baseline -0.01 -5"><span class='ocrx_word' id='word_1_1007' title='bbox 2026 5886 2151 5951; x_wconf 67' lang='lat' dir='ltr'><strong>Die,</strong></span> <span class='ocrx_word' id='word_1_1008' title='bbox 2183 5902 2385 5955; x_wconf 71' lang='grc' dir='ltr'><strong>(Ιιιίυδο,</strong></span> <span class='ocrx_word' id='word_1_1009' title='bbox 2417 5887 2544 5943; x_wconf 74' lang='lat' dir='ltr'><strong>mihi</strong></span> <span class='ocrx_word' id='word_1_1010' title='bbox 2565 5931 2578 5957; x_wconf 94' lang='lat'><strong>,</strong></span> <span class='ocrx_word' id='word_1_1011' title='bbox 2613 5889 2656 5944; x_wconf 88' lang='lat' dir='ltr'><strong>si</strong></span> <span class='ocrx_word' id='word_1_1012' title='bbox 2695 5889 2901 5946; x_wconf 83' lang='lat' dir='ltr'><strong>asinum</strong></span> <span class='ocrx_word' id='word_1_1013' title='bbox 2934 5901 3198 5945; x_wconf 88' lang='lat' dir='ltr'><strong>mortuum</strong></span> <span class='ocrx_word' id='word_1_1014' title='bbox 3226 5900 3280 5943; x_wconf 89' lang='lat' dir='ltr'><strong>et</strong></span> <span class='ocrx_word' id='word_1_1015' title='bbox 3310 5886 3545 5943; x_wconf 63' lang='lat' dir='ltr'><strong>iustitium</strong></span> <span class='ocrx_word' id='word_1_1016' title='bbox 3589 5890 3618 5929; x_wconf 69' lang='grc' dir='ltr'>ε</span> 
     </span>
    </p>
   </div>
   <div class='ocr_carea' id='block_1_123' title="bbox 3159 5997 3237 6053">
    <p class='ocr_par' dir='ltr' id='par_1_123' title="bbox 3159 5997 3237 6053">
     <span class='ocr_line' id='line_1_123' title="bbox 3159 5997 3237 6053; baseline -0.013 0"><span class='ocrx_word' id='word_1_1017' title='bbox 3159 5997 3237 6053; x_wconf 72' lang='lat'><strong>25</strong></span> 
     </span>
    </p>
   </div>
  </div>
