4040 6172
438 414 551 467 399

418 525 613 581 'triviis
637 525 707 577 ad
736 538 881 577 aram
915 529 1138 576 tractum
1164 518 1384 573 offerres
1412 517 1462 570 in
1490 513 1829 573 sacriﬁcium,
1856 524 2032 565 nonne

446 628 497 673 te
522 631 709 670 omnes
735 612 1027 683 lapidarent
1052 622 1105 665 ut
1135 610 1353 679 impiam
1376 617 1429 663 et
1453 602 1835 667 exsecrandum
1857 602 1876 655 ἲ
1897 599 2032 666 Quid

441 722 590 772 vero,
624 706 667 761 si
700 705 953 776 probem,
1000 702 1318 758 sacriﬁcium
1349 715 1411 753 ex
1448 697 1628 765 rapina
1676 693 1840 763 magis
1883 706 2035 747 exse-

443 796 701 852 crandum
734 810 873 861 esse,
905 808 1062 863 quam
1091 790 1456 846 defensionem
1488 784 1835 841 habebimus?
1866 783 2037 837 Pona-

443 901 561 940 lttllS
589 888 730 942 enim
762 884 1029 939 cimelium
1065 897 1131 936 ex
1162 880 1345 949 rapina
1379 887 1584 948 partum
1620 893 1631 928 :
1668 889 1841 929 annon
1870 872 2036 940 magis

444 978 623 1044 foetet,
668 991 825 1047 quam
862 975 1043 1028 asinus
1087 970 1368 1026 mortuus?
1416 969 1507 1023 Vis
1554 966 1759 1021 discere
1806 972 2036 1033 quantus

441 1070 512 1124 sit
542 1068 743 1139 peccati
771 1068 968 1122 linter?
992 1064 1129 1120 Audi
1159 1063 1469 1133 prophetam
1500 1059 1764 1114 dicentem
1801 1073 1814 1110 :
1843 1054 2036 1109 Pumi-

444 1171 590 1215 erunt
618 1170 665 1215 et
704 1170 959 1229 corrnplw
985 1166 1103 1212 sunt
1132 1156 1385 1208 cicatrices
1422 1168 1546 1207 metu
1606 1151 1625 1221 (
1653 1149 1793 1204 Psal.
1822 1149 1911 1204 57.
1945 1146 2032 1218 6).

442 1253 522 1307 Τιι
552 1269 679 1309 vero
726 1254 886 1307 Deum
917 1250 1093 1305 verbis
1120 1248 1383 1320 precaris,
1425 1254 1481 1299 ut
1520 1243 1781 1298 scelerum
1823 1250 2033 1295 tuorum

444 1346 827 1423 obliviscatur;
859 1343 985 1397 dum
1032 1357 1125 1411 per
1163 1339 1376 1409 rapinas
1414 1347 1467 1391 et
1507 1336 1722 1390 fraudes
1760 1346 1875 1388 tuas
1906 1332 2031 1387 illud

442 1436 590 1504 agis,
634 1444 690 1488 ut
725 1449 906 1489 eorum
956 1445 1171 1500 semper
1214 1429 1544 1491 reenrdetnr,
1587 1426 1712 1479 dum
1760 1432 2034 1493 peccatum

444 1538 591 1582 tuum
618 1541 725 1582 ara:
750 1524 1061 1593 imponitur.
1090 1523 1206 1578 Jam
1234 1536 1361 1575 vero
1389 1535 1492 1573 non
1522 1518 1624 1573 hoc
1649 1515 1817 1571 solum
1853 1529 2034 1583 jccca-

439 1631 553 1674 tum
581 1628 690 1685 est,
724 1615 989 1687 sed,quod
1016 1624 1097 1672 est
1122 1614 1356 1686 gravius,
1386 1620 1692 1667 sanctorum
1723 1609 1926 1662 animas
1958 1606 2036 1658 in-

442 1711 650 1780 quinas.
686 1708 798 1763 lloc
826 1708 968 1764 enim
1000 1705 1135 1775 lapis
1163 1711 1245 1758 est
1273 1702 1369 1774 (η),
1408 1709 1460 1756 ει
1500 1697 1861 1754 sanctiﬁcatnr
1891 1713 1902 1747 :
1933 1695 2034 1751 illae

442 1812 619 1854 autem
648 1815 869 1868 semper
896 1797 1164 1852 Christum
1213 1793 1388 1849 ferunt
1435 1808 1448 1845 :
1491 1800 1543 1845 et
1583 1789 1748 1844 audes
1788 1798 1892 1841 tam
1932 1787 2032 1840 im-

446 1890 644 1944 munda
671 1889 898 1944 oll‘erre?
935 1887 1185 1949 Minime,
1225 1884 1462 1954 inquies;
1506 1897 1609 1936 non
1651 1895 1742 1935 eas
1786 1876 2036 1949 pecunias

447 1984 635 2050 oll'ero,
660 1983 755 2038 sed
785 1981 938 2036 alias.
968 1979 1202 2034 Ridicula
1230 1977 1345 2031 luce
1366 1984 1418 2031 et
1439 1974 1656 2044 nugacia
1684 1978 1824 2026 sunt.
1853 1968 2037 2024 Nescis

444 2077 585 2146 quod
618 2078 662 2131 si
692 2077 744 2130 in
774 2075 991 2130 multam
1022 2072 1294 2143 pecuniam
1323 2069 1404 2123 vel
1435 2065 1576 2122 stilla
1606 2063 1876 2130 iniustitia:
1902 2060 2039 2115 inri-

444 2171 615 2237 det-it,
664 2153 773 2223 tota
808 2165 1152 2237 inquinatur?
1198 2161 1269 2218 Ut
1307 2160 1448 2216 enim
1492 2158 1536 2212 si
1585 2156 1704 2227 quis
1731 2154 1799 2208 in
1847 2165 2036 2222 purum

449 2262 645 2314 totitem
679 2260 860 2312 timum
893 2254 1121 2326 injiciat,
1156 2261 1318 2307 totam
1360 2263 1550 2318 aquam
1594 2242 1769 2300 reddit
1806 2241 2040 2296 immun-

444 2353 565 2405 dam
599 2368 614 2404 :
648 2350 718 2405 ita
746 2348 790 2403 si
831 2349 882 2402 in
923 2345 1133 2401 divit-ias
1154 2343 1337 2414 rapina
1366 2338 1709 2410 ingrediatur,
1733 2332 1908 2389 omnia
1937 2330 2033 2385 ιω-

448 2453 562 2497 tore
630 2441 831 2510 implet.
887 2435 1021 2505 Quid
1059 2436 1238 2506 ergo“!
1301 2446 1489 2486 manus
1544 2429 1786 2483 lavamus
1819 2437 1938 2478 cum
1989 2421 2040 2473 in

446 2534 727 2588 ecclesiam
786 2529 1145 2600 ingreuimur,
1209 2540 1302 2580 cur
1357 2537 1483 2576 vero
1543 2534 1647 2573 non
1695 2513 1866 2572 item?
1910 2526 2042 2566 num

453 2639 640 2679 manus
676 2637 861 2678 vocem
902 2615 1393 2675 cmittunt?Aninta
1417 2612 1573 2667 verba
1600 2607 1798 2678 profert
1833 2621 1848 2664 :
1886 2604 1937 2659 in
1980 2602 2037 2657 ιι.

458 2719 559 2772 lam
595 2717 731 2772 Deus
760 2713 976 2785 respicit
1022 2730 1038 2769 :
1084 2712 1168 2765 illa
1210 2708 1404 2764 fmdata
1431 2748 1445 2771 ,
1494 2703 1624 2758 nhil
1670 2698 1887 2770 prodest
1928 2710 2045 2750 cor-

452 2809 596 2877 poris
640 2807 859 2876 puritas.
891 2804 1022 2874 Quae
1057 2803 1254 2858 utilitas
1297 2800 1341 2853 si
1392 2810 1580 2852 manus
1617 2790 1910 2847 exteriores
1955 2786 2047 2841 ab-

451 2908 687 2971 stergas,
757 2898 1039 2953 interiores
1088 2910 1218 2950 vero
1260 2893 1496 2961 impuras
1550 2884 1856 2956 relinquas?
1916 2879 2048 2935 lllud

458 3005 620 3061 grave
646 2998 761 3056 est,
804 2988 934 3043 illud
976 2986 1152 3041 omnia
1193 2982 1492 3045 subvertit,
1541 2976 1679 3048 quod
1726 2988 1886 3046 parva
1926 2986 2047 3027 cum

515 3107 587 3170 (η)
608 3105 773 3154 Λιιενε
800 3103 921 3166 lapis
945 3107 1071 3151 erat.

460 3203 1640 3234 ...Μ

455 3431 586 3487 CAP.
636 3429 723 3484 14.
774 3443 826 3481 v.
875 3428 928 3483 8.
977 3422 1112 3479 Dicit
1143 3422 1187 3476 ei
1219 3417 1489 3487 Philippus
1522 3430 1538 3468 :
1570 3410 1813 3472 Domine,
1846 3405 2049 3461 ostende

530 3521 671 3575 nobis
712 3518 954 3583 Patrem,
997 3525 1042 3569 et
1078 3512 1254 3583 suﬂ’icit
1296 3507 1456 3563 nobis.
1489 3507 1544 3561 9.
1591 3502 1723 3556 Dicit
1757 3501 1804 3555 ei
1840 3496 1989 3551 Iesus
2030 3509 2049 3548 :

530 3615 693 3669 Tanto
722 3623 946 3682 tempore
973 3608 1225 3663 vobiscum
1254 3619 1399 3665 sum,
1433 3609 1478 3655 et
1507 3614 1605 3651 non
1633 3591 1907 3665 cognovisti
1935 3604 2045 3654 me,

535 3706 811 3776 Philippe?
843 3703 944 3770 Qui
974 3701 1102 3754 uidet
1131 3715 1236 3763 me,
1266 3695 1395 3751 ridet
1424 3703 1469 3747 et
1505 3690 1728 3744 Patrem.

532 3801 585 3855 1.
617 3798 834 3859 Dicebat
859 3793 1113 3865 propheta
1140 3789 1336 3845 ludatis
1365 3804 1378 3839 :
1411 3785 1590 3839 Facies
1618 3781 1888 3836 meretricis
1915 3781 2050 3848 facta

460 3902 533 3948 est
563 3892 650 3946 tibi
678 3889 808 3961 (λεν.
836 3889 890 3944 5.
915 3888 994 3958 5).
1030 3884 1119 3955 qui
1149 3879 1484 3951 impudenter
1501 3891 1619 3930 cum
1644 3872 1891 3928 omnibus
1916 3866 2047 3937 agis.

466 3985 534 4040 l't
569 3959 747 4039 autern
789 3978 1018 4044 videtur,
1057 3990 1163 4029 non
1207 3972 1278 4028 illi
1322 3968 1521 4025 civitati
1564 3975 1769 4019 tantum
1806 3961 1908 4015 hoc
1932 3959 2052 4028 jure

457 4077 692 4141 dicatur,
723 4072 816 4128 sed
845 4072 1003 4127 etiam
1047 4067 1115 4122 iis
1152 4064 1239 4136 qui
1286 4060 1491 4116 veritati
1534 4055 1869 4126 impudenter
1910 4048 2052 4103 (ιιιεὶ-

459 4176 628 4223 stunt.
662 4167 878 4230 llicentc
916 4161 1059 4218 cuitu
1090 4157 1355 4227 Philippe,
1390 4149 1611 4205 Ostende
1639 4147 1780 4201 nobis
1814 4141 2049 4206 Patrem,

466 4257 745 4330 t'espOndit
767 4255 1010 4311 Christus
1040 4270 1053 4306 :
1090 4249 1250 4304 Tanto
1279 4257 1502 4317 tempore
1529 4240 1781 4294 vobiscum
1821 4248 1932 4288 sum
1951 4274 1965 4295 ,
2007 4240 2054 4284 et

462 4325 576 4406 non
596 4348 869 4422 cognovisti
898 4363 1005 4406 me,
1037 4337 1321 4410 Philippe?
1352 4335 1418 4389 Et
1444 4343 1618 4387 tamen
1648 4325 1862 4398 quidam
1898 4330 2052 4385 sunt,

467 4446 555 4515 qui
585 4414 701 4512 post
728 4441 842 4495 brc
870 4438 1030 4493 verba
1061 4435 1250 4489 Filium
1280 4446 1309 4485 a
1328 4429 1497 4483 [Patre
1526 4421 1865 4479 abscindunt.
1897 4414 2053 4486 Atqui

464 4509 629 4608 quam
657 4534 914 4602 majorem
936 4528 1130 4600 quatris
1154 4516 1635 4596 prepinquitatem‘l
1664 4514 1888 4582 Quidam
1913 4509 2056 4564 enim

467 4647 535 4684 ex
577 4629 678 4682 hoc
706 4625 848 4680 dicte
885 4623 936 4675 in
973 4616 1188 4675 Sabellii
1220 4612 1464 4669 mei-bum
1509 4606 1827 4664 inciderunt.
1862 4602 2055 4657 Verum

468 4730 523 4776 et
551 4717 632 4772 his
656 4725 707 4771 et
734 4714 836 4768 illis
863 4709 1081 4773 relictis,
1116 4715 1170 4761 ut
1195 4721 1260 4760 ex
1287 4702 1549 4757 diametro
1574 4707 1630 4754 et
1657 4696 1817 4765 impie
1846 4691 2060 4763 opposi-

470 4814 573 4875 tis,
607 4814 911 4862 accuratum
945 4800 1227 4856 verborum
1258 4808 1473 4849 sensum
1502 4787 1862 4858 exploremus.
1897 4781 2058 4835 Tanto

474 4916 697 4976 tempore
719 4897 973 4953 vobiscum
1001 4908 1142 4958 sum,
1168 4898 1217 4944 et
1241 4902 1342 4941 non
1372 4880 1644 4955 cognovisti
1674 4893 1770 4943 me,
1798 4873 2056 4945 Philippe.

472 4995 609 5063 Quid
629 4989 813 5049 enim?
837 4996 962 5042 tune
982 4984 1146 5040 Pater
1166 4995 1224 5036 es
1246 4991 1403 5048 quem
1431 4970 1678 5044 inquiro?
1703 4969 1842 5033 Non,
1870 4965 2057 5035 inquit.

472 5089 599 5145 lileo
626 5100 728 5141 non
760 5080 912 5142 dixit,
940 5077 1053 5133 Non
1080 5067 1375 5143 cognovisti
1401 5081 1554 5131 eunt;
1580 5062 1699 5128 sed,
1731 5059 1849 5115 Non
1874 5073 2063 5129 cogno-

475 5181 583 5237 uisti
616 5193 734 5243 me;
766 5172 894 5229 nihil
924 5167 1067 5224 aliud
1096 5164 1377 5221 declarans
1396 5201 1410 5225 ,
1438 5171 1597 5230 quam
1637 5169 1742 5209 non
1773 5151 1914 5205 aliud
1944 5162 2064 5203 esse

480 5240 902 5337 Filium,quam
934 5258 1074 5331 quod
1120 5263 1207 5314 est
1248 5255 1424 5318 Pater,
1470 5261 1689 5303 manens
1729 5253 1907 5299 tamen
1950 5240 2064 5309 ipse

480 5366 662 5420 Filius.
691 5328 823 5417 ’ϐίη
876 5328 1151 5424 Philippus
1199 5347 1269 5404 ad
1316 5337 1752 5412 interrogandum
1800 5328 2065 5389 accessit?

480 5459 695 5511 Dixerat
716 5452 983 5516 Christus,
1009 5448 1068 5503 Si
1087 5440 1442 5517 cognovissetis
1466 5452 1565 5503 me,
1595 5441 1642 5488 et
1670 5429 1876 5484 Patrem
1900 5439 2064 5480 meum

479 5548 646 5616 utique
671 5542 1024 5613 cognovissetis
1062 5537 1263 5610 (Joan.
1303 5532 1393 5588 14.
1432 5530 1538 5600 7);
1578 5522 1884 5591 Judteisque
1922 5529 2065 5585 sa'pe

484 5615 583 5693 hoc
634 5638 806 5707 ipsum
857 5632 1085 5686 dixerat.
1136 5628 1270 5695 Quia
1316 5637 1444 5692 ergo
1486 5633 1606 5673 eum
1657 5615 1965 5682 frequenter
2015 5615 2068 5659 et

481 5703 672 5787 Petrus
686 5736 740 5783 et.
754 5723 923 5781 Judaei
941 5713 1540 5788 interrogaverant,quis
1553 5717 1694 5764 es.~et
1709 5705 1884 5768 Pater,
1904 5703 2066 5755 inter-

480 5828 756 5892 rogaverit!
792 5816 918 5869 item
947 5812 1202 5876 Thomas,
1233 5816 1288 5863 et
1316 5805 1489 5859 nullus
1518 5799 1643 5871 quid
1669 5798 1870 5853 clarum
1906 5807 2061 5847 acce-

1154 406 1209 460 S.
1252 402 1529 459 JUANNlS
1560 395 2046 461 Cllltl'SOSTUMl

2154 395 2396 451 illiill-‘J’.
2439 386 2975 451 ΩΟΝΞΤᾼΝΤΙΝΟΡ.

1747 3261 2092 3327 HOMlLlA
2134 3247 2419 3316 LXXIV.

3625 393 3732 448 «500

2144 519 2288 567 metu
2336 516 2615 570 curantes,
2662 521 2852 577 magna
2900 513 3324 561 contemnamus.
3374 503 3540 559 lllotis
3578 514 3733 559 certe

2142 602 2385 658 manibus
2404 615 2559 657 orare
2587 599 2896 656 indifferens
2914 607 3029 663 est;
3055 597 3199 653 illota
3226 611 3354 653 vero
3378 596 3728 664 conscientia,

2142 695 2269 751 illud
2300 703 2378 749 est
2420 693 2659 749 omnium
2702 691 2963 751 malorum
3008 691 3376 753 deterrimum.
3426 680 3561 746 Audi
3604 690 3729 757 quia

2139 792 2338 845 dicttnn
2371 788 2438 842 sit
2458 787 2679 853 Judaeis,
2704 786 2771 841 de
2796 785 2884 839 tali
2915 783 3248 843 immunditia
3275 782 3519 837 sollicitis
3546 800 3559 835 :
3588 779 3730 839 Lam

2139 902 2170 939 α
2201 882 2393 938 malitia
2422 897 2509 935 cor
2538 890 2678 934 tuum
2732 878 2880 949 (Jer.
2907 878 2958 932 4.
2995 875 3116 947 lt).
3155 875 3443 944 Quousque
3473 882 3634 929 erunt
3675 874 3727 928 in

2143 986 2192 1032 te
2227 975 2574 1047 cogitationes
2613 970 2855 1027 laborum
2895 967 3146 1024 tuorum?
3195 966 3456 1022 Lavenius
3498 974 3552 1020 et
3593 980 3727 1029 nos,

2143 1083 2245 1124 non
2276 1069 2408 1132 luto,
2442 1064 2534 1120 sed
2565 1079 2698 1135 aqua
2727 1076 2856 1132 pura
2882 1102 2896 1125 ,
2929 1061 3304 1130 eleemosyna,
3347 1072 3453 1113 non
3483 1057 3727 1112 avaritia.

2141 1160 2296 1215 Prius
2322 1174 2351 1210 a
2382 1157 2565 1227 rapina
2592 1154 2829 1217 abstine,
2852 1163 2907 1208 et
2936 1160 3060 1206 tunc
3086 1150 3480 1220 eleeinosynam
3512 1149 3726 1219 largire.

2143 1251 2481 1307 Declinemus
2501 1264 2529 1302 a
2552 1247 2712 1312 malo,
2731 1253 2785 1300 et
2806 1244 3059 1300 faciamus
3081 1241 3277 1296 bonum
3303 1238 3472 1311 (Paul.
3500 1238 3588 1294 56.
3609 1238 3727 1309 ‘27).

2211 1345 2544 1414 Eleemosyna
2572 1358 2635 1395 ea:
2659 1340 2840 1410 rapina
2865 1336 3029 1393 scelus
3055 1345 3147 1390 est.
3164 1364 3233 1373 —
3249 1332 3436 1391 Manus
3463 1344 3654 1385 coerce
3697 1345 3728 1382 a

2140 1440 2322 1509 rapina
2344 1479 2359 1503 ,
2400 1446 2454 1492 et
2483 1436 2560 1490 sic
2587 1430 2680 1489 eas
2718 1434 2784 1487 ad
2824 1430 3221 1499 eleeznosynam
3255 1428 3484 1496 porrige.
3511 1422 3571 1479 Si
3600 1438 3732 1477 vero

2139 1531 2329 1587 iisdem
2378 1526 2621 1584 inanibus
2665 1524 2834 1578 ales1
2877 1520 3203 1591 Spoliemus,
3246 1516 3453 1573 etiamsi
3500 1528 3604 1568 non
3658 1529 3727 1568 ex

2140 1624 2326 1678 ablatis
2352 1621 2486 1675 alios
2517 1617 2796 1673 induamus
2814 1657 2828 1678 ,
2856 1628 3031 1684 neque
3057 1613 3135 1667 sic
3160 1609 3476 1680 supplicium
3506 1605 3728 1677 ell'ugie—

2140 1728 2277 1769 mus.
2306 1712 2393 1768 Sic
2420 1711 2560 1775 enim
2593 1705 2979 1778 propitiationis
3011 1701 3233 1756 materia
3263 1700 3486 1756 sceleris
3513 1714 3731 1770 quoque

2141 1805 2358 1880 materia
2386 1812 2486 1859 est.
2520 1800 2709 1856 Melius
2735 1804 2879 1854 certe
2905 1806 2987 1851 est
3013 1810 3118 1849 non
3155 1792 3434 1858 misereri,
3464 1805 3624 1861 quam
3648 1789 3732 1844 sic

2145 1897 2404 1954 misereri.
2435 1892 2705 1963 Siquidem
2731 1891 2894 1947 Caino
2920 1887 3110 1943 melius
3138 1887 3318 1942 fuisset
3349 1883 3477 1938 nihil
3504 1895 3726 1954 prorsus

2142 1991 2352 2046 oil‘errc.
2385 1989 2441 2044 Si
2481 2001 2609 2042 vero
2650 1984 2738 2055 qui
2780 1984 2982 2038 minora
3010 1979 3231 2045 obtulit,
3266 1978 3430 2032 Deum
3461 1973 3729 2038 irritavit;

2142 2088 2228 2158 qui
2256 2085 2428 2140 aliena
2474 2083 2599 2147 dat,
2645 2075 2913 2150 quomodo
2957 2088 3062 2129 non
3107 2068 3453 2142 provocabit?
3492 2067 3604 2138 Ego
3630 2066 3726 2120 tibi

2143 2178 2284 2242 dixi,
2314 2174 2517 2244 inquit,
2547 2171 2625 2227 Ne
2654 2169 2863 2238 rapias;
2892 2175 2945 2220 et
2975 2174 3028 2219 tu
3059 2177 3144 2218 me
3173 2176 3239 2216 ex
3268 2160 3432 2229 raptis
3460 2156 3734 2211 honoras?

2144 2267 2271 2338 quid
2295 2261 2602 2321 existimas?
2620 2276 2688 2316 an
2715 2273 2800 2317 me
2820 2257 2902 2315 his
2927 2251 3217 2310 delectari?
3235 2251 3385 2305 Dicet
3413 2248 3572 2319 igitur
3591 2245 3684 2301 tibi
3710 2262 3725 2300 :

2147 2359 2465 2415 Existimasti
2508 2356 2696 2424 inique,
2741 2349 2875 2424 quod
2921 2364 3007 2404 ero
3045 2347 3119 2401 tui
3157 2342 3356 2400 similis.
3393 2340 3618 2412 Arguant
3647 2346 3727 2402 te,

2147 2467 2193 2511 et
2245 2463 2462 2509 statuam
2515 2459 2691 2515 contra
2738 2445 2919 2516 faciem
2972 2451 3110 2495 tuam
3150 2446 3352 2508 peccata
3404 2444 3490 2490 tua
3547 2431 3728 2504 (Psal.

2148 2548 2238 2605 49.
2272 2543 2396 2617 21).
2441 2540 2546 2599 Sed
2581 2538 2718 2594 absit
2747 2545 2803 2591 ut
2828 2534 2948 2606 quis
2978 2531 3134 2587 talem
3163 2526 3344 2582 audiat
3372 2538 3592 2589 vocem;
3631 2536 3729 2576 ve-

2142 2657 2266 2697 rum
2305 2638 2505 2693 utinam
2543 2640 2662 2704 post
2704 2641 2862 2700 puras
2898 2631 3142 2695 erogatas
3165 2621 3568 2689 eleemosynas,
3606 2628 3731 2668 cum

2150 2729 2442 2804 splendidis
2486 2721 2854 2794 lampadibus,
2896 2717 2948 2772 in
3000 2715 3289 2770 thalamum
3338 2706 3730 2779 ingrediamur,

2151 2794 2317 2901 gratia
2346 2832 2401 2880 et
2426 2817 2749 2891 benignitate
2777 2810 2982 2869 Domini
3029 2804 3195 2862 nostri
3229 2802 3356 2860 Jesu
3384 2799 3615 2865 Christi,
3643 2794 3731 2849 cui

2152 2899 2317 2992 gloria
2348 2917 2400 2970 in
2431 2911 2624 2969 srecula
2654 2899 3211 2962 smeulorunn'Amen.

2219 3078 2235 3109 ⁸
2273 3074 2327 3124 In
2347 3081 2448 3122 Mss.
2476 3067 2642 3119 multis
2665 3064 2862 3127 legitur,
2888 3067 3143 3120 pauperes,
3169 3052 3288 3109 loco,
3314 3049 3446 3099 alios.

2402 3154 3712 3193 ,ἥρω-..Μ

2148 3404 2323 3470 perat,
2355 3389 2447 3446 sed
2478 3387 2651 3443 adhuc
2677 3400 2763 3440 res
2792 3379 3164 3453 ignorabatur;
3203 3389 3269 3429 ne
3299 3371 3552 3427 molestus
3582 3363 3738 3420 vide-

2154 3461 2302 3544 retur
2328 3498 2447 3540 esse
2475 3480 2785 3549 Philippus,
2830 3483 2884 3528 et
2922 3487 3045 3527 cum
3081 3468 3279 3525 indicis
3323 3461 3574 3520 tentando
3610 3474 3739 3514 eum

2153 3577 2482 3641 fastidiosus,
2512 3582 2569 3626 ut
2596 3548 3000 3631 cingemus
3022 3560 3165 3616 noti.
3198 3557 3402 3611 Patrem
3435 3563 3574 3608 tuum
3595 3590 3612 3617 ,
3642 3548 3740 3603 ad-

2148 3670 2308 3743 jecit,
2356 3665 2426 3720 Et
2467 3639 2646 3735 suﬂicit
2688 3659 2864 3723 nobis;
2906 3653 3037 3710 nihil
3075 3652 3209 3707 ultra
3236 3647 3544 3719 quierimns.
3579 3639 3737 3710 Atqui

2153 3763 2396 3819 Christus
2415 3757 2620 3812 dixerat
2643 3772 2657 3808 :
2683 3753 2742 3808 Si
2768 3746 3117 3821 cognovissetis
3138 3758 3242 3808 me,
3270 3748 3313 3795 et
3345 3737 3550 3792 Patrem
3573 3746 3742 3786 utrum

2155 3857 2324 3924 tuique
2349 3846 2721 3921 cognovissetis,
2753 3850 2809 3899 et
2838 3857 2931 3911 per
2956 3853 3015 3894 se
3035 3836 3245 3891 Patrem
3270 3826 3586 3884 ostendebat
3611 3839 3627 3879 ε
3653 3822 3745 3877 ille

2128 3963 2285 4002 ivrro
2316 3942 2534 3999 mutmit
2564 3938 2805 3996 ordinem
2837 3934 3054 3995 dicens,
3085 3924 3319 3983 Ostende
3344 3923 3579 3983 Patrem,
3606 3931 3669 3972 ac
3694 3915 3744 3971 si

2144 4037 2423 4095 Christum
2443 4041 2688 4088 accurate
2703 4030 3067 4097 cognosceret.
3093 4019 3288 4076 Verum
3308 4030 3411 4069 non
3439 4013 3515 4068 illi
3536 4022 3743 4066 morem

2157 4131 2322 4203 gessit
2348 4128 2624 4189 Christus,
2665 4122 2758 4179 sed
2789 4119 2855 4174 ad
2882 4118 3019 4172 viam
3057 4112 3284 4176 direxit,
3317 4106 3549 4163 suadens
3574 4100 3650 4157 illi
3682 4106 3746 4154 ut

2160 4241 2254 4296 per
2283 4239 2342 4279 se
2378 4219 2590 4277 Patrem
2631 4217 2999 4286 cognosceret.
3032 4206 3148 4276 Ipse
3186 4215 3314 4258 vero
3341 4197 3548 4254 carneis
3572 4191 3748 4248 oculis

2162 4283 2334 4386 ipsum
2362 4311 2545 4367 videre
2577 4283 2816 4363 volebat.
2865 4302 3002 4357 forte
3029 4296 3149 4369 quia
3179 4292 3422 4350 audierat
3461 4287 3627 4342 Deum
3661 4283 3747 4336 vi-

2160 4375 2303 4461 disse
2346 4401 2657 4475 prophetas.
2706 4395 2903 4450 Verum
2949 4390 3039 4447 illa
3077 4386 3364 4443 humiliore
3405 4379 3567 4435 modo
3604 4375 3747 4431 dicta

2163 4507 2321 4562 sunt,
2350 4472 2384 4550 ξ)
2411 4472 2672 4565 Philippe.
2707 4487 2830 4545 ldeo
2853 4483 3064 4540 dicebat
3093 4478 3338 4535 Christus
3364 4491 3379 4530 :
3414 4472 3576 4526 Deum
3604 4482 3751 4522 nemo

2161 4590 2284 4644 uidit
2307 4557 2762 4656 umquamtloan.
2792 4578 2843 4633 l.
2888 4575 3025 4647 l8);
3066 4583 3121 4628 et
3160 4583 3373 4626 rursum
3396 4607 3413 4632 ,
3447 4562 3626 4618 Omnis
3661 4557 3752 4628 qui

2161 4679 2351 4734 audivit
2378 4651 2415 4731 aI
2435 4676 2563 4741 Deo,
2584 4651 2630 4728 et
2650 4671 2829 4728 didicit
2847 4711 2862 4737 ,
2890 4667 3023 4722 venit
3045 4663 3113 4719 ad
3136 4678 3231 4716 ms.
3256 4658 3435 4729 Neque
3453 4669 3622 4709 uocem
3642 4651 3752 4720 ejus

2162 4773 2394 4833 audistis,
2411 4783 2568 4839 neque
2583 4765 2761 4836 [aciem
2779 4766 2892 4832 ejus
2907 4758 3098 4814 vidistis
3119 4754 3166 4828 (1
3173 4753 3279 4808 bid.
3301 4750 3355 4805 6.
3378 4748 3467 4804 45.
3490 4757 3536 4801 et
3554 4743 3614 4800 5.
3635 4746 3748 4814 37).

2165 4867 2235 4922 Et
2263 4865 2314 4918 in
2348 4861 2526 4917 Veteri
2554 4857 2915 4915 Testamento,
2958 4848 3123 4905 Nemo
3148 4844 3333 4901 videbit
3359 4841 3543 4913 facient
3567 4852 3748 4899 meam,

2167 4971 2211 5017 et
2236 4961 2357 5013 viret
2385 4953 2578 5025 (Exod.
2601 4951 2688 5005 55.
2716 4947 2831 5019 20).
2854 4943 2990 5013 Quid
3011 4956 3141 5011 ergo
3155 4936 3431 4996 Christus?
3452 4929 3750 4989 Admodum

2166 5052 2402 5118 increpat
2436 5064 2450 5100 :
2480 5043 2644 5098 Tanto
2673 5051 2894 5109 tempore
2919 5033 3170 5088 vobiscum
3196 5045 3328 5092 sum,
3358 5037 3407 5082 et
3433 5041 3535 5080 non
3560 5036 3753 5091 cogno-

2164 5144 2277 5199 visti
2308 5113 2419 5206 i...
2453 5134 2731 5206 Philippe?
2760 5131 2874 5186 Non
2904 5127 3064 5192 dixit,
3098 5124 3211 5179 Non
3242 5119 3419 5176 vidisti
3461 5132 3587 5181 me;
3619 5113 3753 5171 scit.

2170 5236 2291 5291 Non
2319 5228 2717 5303 cognovistime.
2747 5217 3014 5291 Numquid
3055 5226 3107 5271 te
3151 5228 3312 5269 nosse
3352 5210 3516 5265 volo?
3563 5205 3752 5275 inquit.

2168 5328 2379 5382 Patrem
2408 5333 2556 5378 tuum
2585 5316 2768 5373 videre
2798 5327 2937 5368 nunc
2961 5321 3173 5380 quaero;
3200 5314 3256 5360 tu
3281 5318 3410 5358 vero
3435 5298 3566 5355 mihi
3591 5295 3758 5356 dicis,

2171 5420 2291 5474 Non
2317 5412 2593 5487 cognovisti
2617 5408 2732 5464 me?
2754 5418 2996 5477 quantam
3022 5401 3136 5454 hate
3158 5390 3578 5465 consequentia?
3599 5387 3760 5442 Multa
3804 5440 3807 5443 .

2170 5526 2320 5565 sime.
2351 5483 2483 5573 Quia
2514 5503 2654 5557 enim
2686 5499 2853 5554 Filius
2880 5494 3108 5563 idipsum
3136 5497 3217 5544 est
3243 5486 3384 5557 quod
3427 5483 3605 5546 Pater,
3639 5490 3757 5532 ma-

2172 5618 2303 5658 nens
2326 5609 2502 5652 tamen
2527 5594 2712 5655 Filius,
2732 5589 2852 5659 jure
2877 5588 2929 5640 in
2955 5601 3013 5638 se
3036 5583 3248 5637 Patrem
3276 5573 3532 5633 ostendit.
3560 5568 3762 5625 Deinde

2173 5695 2486 5765 bypostases
2510 5657 2841 5753 distinguens
2868 5678 2942 5731 ait
2966 5694 2980 5730 :
3012 5673 3112 5743 Qui
3136 5671 3270 5727 videt
3294 5684 3392 5734 me,
3422 5665 3553 5720 vides
3580 5672 3626 5716 et
3658 5657 3761 5713 Pa-

2171 5799 2326 5853 trem,
2353 5796 2419 5836 ne
2445 5779 2563 5851 quis
2589 5776 2785 5831 diceret
2813 5769 3057 5826 eumdem
3085 5779 3204 5821 esse
3227 5761 3436 5817 Patrem
3462 5766 3514 5813 et
3540 5753 3758 5809 Filium.
