4040 6172
440 398 541 459 1M

434 519 498 574 Si.
520 516 661 570 enim
694 510 834 567 idem
864 509 976 577 ipse
1003 503 1159 559 Pater
1176 507 1341 566 esset,
1365 512 1470 553 non
1497 496 1719 557 diceret.
1745 494 1843 561 Qui
1870 494 2015 547 videt

366 591 1250 653 ﬁmquuidaLﬂuomodo
1276 597 1450 642 autem
1479 602 1583 641 non
1614 585 1746 641 dixit
1789 586 1835 639 ei
1855 626 1880 649 ,.
1914 584 2017 638 Im-

440 652 712 723 possibilia
735 652 887 720 petis,
913 666 1030 719 quae
1054 652 1705 732 insomnis?
1727 674 1853 730 mihi
1879 674 2018 727 enim

442 752 645 796 tantum
675 741 776 795 hoc
806 741 1055 810 possibile
1080 750 1180 795 est.
1210 740 1340 809 Quia
1368 742 2016 827 disertiummng.

440 832 589 902 quasi
621 833 792 900 ipsum
824 831 1063 895 vidisset,
1093 832 1321 885 ostendit
1349 848 1469 886 emn
1500 849 1677 902 neque
1699 850 1757 888 se
1786 832 2020 893 vidisse”:
2046 852 2063 857 “
2100 866 2109 869 ἡ

438 922 673 989 alioquin
724 923 870 975 illum
912 920 1164 987 vidisset,
1206 922 1248 975 si
1289 937 1348 976 se
1374 923 1561 977 videre
1584 926 1859 991 potuisset.
1906 926 2024 981 Ideo

438 1012 647 1066 dicebat
678 1031 691 1064 :
725 1010 824 1077 Qui
865 1010 994 1063 videt
1031 1027 1142 1075 me,
1173 1010 1301 1064 videt
1341 1020 1385 1064 et
1414 1009 1640 1066 Patrem.
1685 1012 1739 1065 Si
1779 1015 1896 1082 quis
1941 1029 2027 1070 me

440 1104 582 1166 vidit,
601 1113 654 1157 et
674 1102 818 1156 illum
840 1101 1064 1165 videbit;
1091 1101 1190 1155 hoc
1206 1109 1287 1155 est
1312 1119 1325 1154 :
1349 1100 1529 1169 Neque
1553 1116 1659 1169 me,
1684 1117 1856 1172 neque
1878 1104 2022 1155 iitum

440 1205 606 1265 potest
637 1194 756 1264 quis
784 1194 981 1247 videre.
1012 1193 1285 1261 Philippus
1317 1194 1457 1247 enim
1487 1194 1630 1247 visus
1667 1195 2021 1263 cognitionem

437 1287 744 1357 quaerebat:
774 1296 824 1341 et
846 1287 966 1355 quia
989 1299 1046 1340 se
1068 1285 1211 1338 illum
1235 1285 1426 1339 vidisse
1445 1285 1679 1353 putabat,
1708 1287 2023 1355 volebatque

438 1381 514 1433 sic
541 1378 750 1433 Patrem
790 1377 966 1430 videre
986 1418 1001 1443 ,
1032 1376 1264 1430 ostendit
1303 1376 1471 1445 ipsum
1514 1391 1687 1446 neque
1714 1393 1773 1431 se
1804 1380 2018 1433 vidisse.

511 1468 1010 1524 Cousubstantialilas
1037 1465 1227 1522 Christi
1263 1467 1567 1521 declaratur.
1608 1468 1765 1522 Amor
1800 1472 2023 1540 pecunia:

438 1564 662 1617 unde.—
683 1560 832 1629 Quod
862 1558 905 1614 si
934 1560 1053 1630 quis
1082 1559 1168 1613 hic
1196 1558 1450 1613 visionem
1481 1574 1574 1628 pro
1604 1562 1906 1631 cognitione
1938 1563 2017 1616 in-

438 1653 601 1722 telligi
642 1652 801 1716 velit,
850 1666 952 1703 non
995 1650 1375 1705 contradicam.
1419 1649 1549 1704 Nam
1593 1652 1680 1719 qui
1722 1668 1805 1707 nte
1841 1654 2019 1718 novit,

438 1745 640 1814 inquit,
674 1743 817 1797 novit
856 1751 903 1796 et
947 1743 1178 1796 Patrem.
1222 1744 1289 1796 At
1329 1760 1432 1796 non
1475 1743 1573 1797 hoc
1617 1744 1783 1812 dicit,
1831 1747 1924 1800 sed
1967 1758 2020 1802 ut

435 1838 1033 1893 consubstantialitatem
1077 1837 1321 1891 ostendat
1356 1837 1481 1891 dicit
1515 1856 1528 1891 :
1561 1838 1658 1904 Qui
1703 1841 1848 1894 novit
1890 1840 2018 1894 sub-

437 1928 683 1981 stantiam
708 1943 899 1989 meant,
927 1927 1075 1979 novit
1091 1938 1142 1980 et
1167 1928 1355 1981 Patris.
1389 1928 1453 1981 Et
1478 1929 1599 1997 quid
1628 1930 1745 1992 hoc,
1777 1930 2020 1998 inquies?

440 2014 571 2071 Nam
609 2018 695 2087 qtti
743 2018 883 2070 novit
923 2027 1220 2071 creaturam
1250 2060 1264 2084 ,
1314 2020 1460 2072 novit
1511 2028 1564 2072 et
1619 2020 1802 2075 Dettm.
1859 2021 2019 2090 Atqui

439 2119 731 2162 creaturam
758 2123 941 2162 omnes
981 2119 1173 2163 norunt
1204 2120 1256 2163 et
1288 2110 1499 2172 vident;
1537 2110 1698 2164 Deum
1745 2127 1871 2165 Vt'I‘O
1911 2129 2014 2167 non

435 2214 620 2252 ontnes
668 2208 880 2252 norunt.
924 2200 1004 2253 Ad
1050 2201 1199 2266 lta‘c,
1259 2202 1533 2257 videamus
1574 2204 1699 2272 quid
1746 2204 2017 2274 Philippus

435 2289 619 2345 videre
654 2300 856 2359 qua-rat
896 2308 910 2345 :
958 2308 1081 2346 num
1126 2293 1435 2361 sapientiam
1478 2293 1687 2347 Patris?
1728 2311 1853 2348 num
1900 2299 2013 2361 ejus

432 2380 752 2437 benitatent?
810 2383 1054 2447 Minime;
1109 2384 1238 2449 sed,
1291 2385 1413 2453 quid
1479 2386 1547 2438 sit
1606 2385 1784 2452 Dt-us,
1845 2388 2009 2455 ipsam

428 2471 799 2527 substantiam.
847 2473 925 2527 Ad
966 2474 1068 2528 hoc
1097 2475 1381 2544 respondet
1406 2475 1653 2530 Christus
1691 2499 1707 2536 ;
1756 2477 1854 2544 Qui
1882 2479 2011 2533 videt

431 2580 529 2616 me.
555 2564 652 2632 Qui
678 2574 852 2619 autem
879 2574 1174 2619 creaturam
1207 2566 1307 2619 vitb
1332 2574 1368 2627 ι,
1402 2583 1503 2619 non
1541 2567 1629 2621 Dei
1659 2569 2006 2623 sibsumtiam

431 2656 590 2709 videt.
624 2657 724 2722 Qui
754 2657 881 2710 videt
912 2673 988 2708 tne
1008 2698 1020 2720 ,
1060 2657 1187 2709 videt
1216 2667 1258 2710 et
1289 2656 1490 2709 Patrem
1513 2700 1524 2722 ,
1576 2659 1760 2725 inquit.
1793 2659 1846 2713 Si
1876 2661 2009 2713 alte-

426 2747 536 2800 rius
571 2758 710 2801 esset
754 2748 1096 2809 substantiae,
1142 2764 1244 2799 non
1288 2746 1387 2800 hac
1429 2748 1667 2800 dixisset.
1717 2748 1778 2802 Ut
1827 2760 2005 2803 autem

423 2838 683 2893 crassiore
733 2849 849 2892 utar
879 2854 1127 2893 sermone
1159 2855 1172 2891 :
1208 2854 1363 2892 nemo
1403 2840 1489 2908 qui
1530 2856 1716 2893 aurum
1767 2842 2003 2910 ignoret,

424 2928 477 2981 in
506 2939 726 2999 argento
756 2930 868 2983 auri
901 2931 1250 3000 substantiam
1286 2929 1464 2983 videre
1494 2938 1665 2998 potest
1691 2949 1703 2982 :
1736 2947 1837 2984 non
1862 2934 2002 2986 enim

420 3017 522 3071 alia
552 3031 734 3072 natura
766 3036 857 3088 per
880 3020 1034 3073 aliam
1061 3021 1405 3090 dignoscitur.
1436 3019 1556 3075 Ideo
1576 3023 1691 3086 jure
1716 3022 2004 3090 increpavit

421 3109 604 3163 dicens
631 3126 645 3161 :
675 3108 839 3163 Tanto
870 3119 1090 3178 tempore
1119 3112 1366 3165 vobiscum
1396 3128 1528 3164 sunt.
1560 3111 1724 3165 Tanta
1758 3112 2002 3182 dignatus

418 3214 478 3254 es
504 3200 761 3264 doctrina,
789 3201 959 3256 vidisti
982 3203 1127 3272 signa
1150 3219 1267 3257 cum
1290 3205 1603 3257 auctoritate
1628 3204 1782 3269 facta,
1810 3215 1864 3259 et
1889 3222 2000 3258 cm-

418 3292 505 3345 nia
530 3308 648 3362 qua:
672 3293 960 3347 divinitatis
986 3304 1136 3348 erant
1163 3295 1393 3362 propria,
1424 3302 1478 3348 et
1503 3295 1643 3363 quod
1676 3296 1830 3350 Pater
1854 3298 2001 3352 Solus

416 3383 578 3447 facit,
612 3370 824 3452 peccata
858 3386 1077 3440 remissa
1102 3426 1115 3449 ,
1146 3400 1337 3440 arcana
1376 3388 1426 3439 in
1475 3387 1704 3441 medium
1733 3388 1954 3442 adducta
1982 3431 1996 3455 ,

416 3475 645 3543 fugatam
675 3485 930 3544 mortem,
959 3476 1281 3531 creationem
1308 3468 1383 3532 ex.
1401 3486 1537 3533 terra
1572 3477 1780 3544 fat-tam,
1809 3477 1876 3532 Et
1900 3498 1999 3535 non

416 3565 693 3634 cognovisti
720 3566 834 3620 me?

484 3655 537 3709 2.
576 3656 707 3722 Quia
739 3656 877 3710 enim
916 3671 1076 3711 carne
1114 3657 1467 3711 circumdatus
1499 3668 1640 3723 erat,
1679 3659 1797 3713 ideo
1826 3660 1995 3727 dixit,

415 3746 471 3800 Ν
475 3763 538 3800 an
560 3748 830 3818 cognovisti
848 3764 945 3803 me.
966 3748 1152 3803 Vidisti
1172 3749 1422 3803 Patrem?
1443 3749 1518 3805 Ne
1541 3766 1748 3819 qumras
1766 3752 1994 3821 amplius

414 3837 597 3893 videre
628 3857 642 3894 :
671 3839 724 3893 in
759 3855 843 3892 me
887 3839 1027 3894 enim
1069 3840 1214 3892 illum
1260 3839 1457 3894 vidisti.
1499 3841 1553 3895 Si
1586 3840 1758 3895 vidisti
1790 3858 1903 3907 me,
1931 3858 1997 3899 ne

413 3929 624 3983 curiose
652 3930 884 3998 inquiras
912 3948 926 3983 :
955 3932 1148 3982 etenim
1178 3930 1227 3982 in
1255 3944 1341 3983 me
1364 3929 1533 3998 ipsum
1564 3931 1720 3986 nosti.
1755 3932 1841 3986 10.
1874 3931 1994 3987 Non

411 4018 575 4073 credis
593 4021 709 4088 quia
734 4035 822 4089 ego
845 4020 897 4072 iu
922 4019 1114 4073 Patre?
1136 4019 1246 4074 Hoc
1274 4029 1373 4085 est,
1400 4019 1455 4074 In
1479 4021 1562 4075 illa
1590 4022 1879 4076 substantia
1903 4040 1997 4093 ap-

416 4122 595 4175 pareo.
637 4107 796 4163 Verba
820 4125 930 4179 qua:
953 4126 1041 4180 ego
1062 4110 1256 4180 loquor,
1285 4127 1318 4164 a
1347 4113 1533 4176 meipso
1562 4130 1658 4165 non
1683 4113 1875 4181 loquor.
1906 4115 1996 4169 Vi-

414 4200 533 4253 tleu'
547 4201 949 4269 propinquitatis
968 4217 1263 4266 exceswm,
1283 4209 1336 4254 ct
1354 4204 1503 4255 unius
1526 4205 1830 4258 substantia:
1848 4221 1995 4275 argu-

415 4292 690 4345 mentum?
724 4290 881 4345 Pater
909 4301 1074 4344 autem
1097 4293 1148 4344 in
1176 4308 1252 4346 me
1279 4309 1505 4352 manens.
1536 4295 1641 4361 ipse
1669 4295 1786 4362 facit
1817 4311 1989 4364 Opera.

414 4381 691 4446 Quomodo
717 4397 745 4436 a
773 4382 950 4435 verbis
978 4396 1135 4435 orsus
1155 4422 1169 4446 ,
1203 4383 1389 4435 transit
1419 4381 1483 4434 ad
1515 4384 1713 4451 opera?
1756 4385 1834 4438 Ex
1861 4400 1991 4438 con-

414 4474 653 4542 sequenti
681 4475 819 4526 enim
848 4473 1029 4527 dicere
1053 4473 1251 4539 debuit,
1286 4472 1398 4541 Ipse
1423 4474 1654 4541 loquitur
1675 4476 1833 4529 verba
1856 4493 1869 4540 ;
1897 4477 1990 4531 sed

413 4561 520 4616 duo
558 4561 645 4617 hic
684 4564 852 4632 ponit,
893 4562 1189 4616 doctrinam
1223 4563 1483 4631 etsigna;
1516 4563 1600 4617 vel
1646 4565 1786 4634 quod
1830 4568 1986 4620 etiam

410 4654 570 4708 verba
602 4666 782 4708 essent
806 4669 987 4722 opera.
1021 4653 1296 4721 Quomodo
1321 4669 1450 4723 ergo
1478 4653 1600 4709 facit
1627 4655 1751 4709 ille?
1777 4655 1986 4711 Etenim

410 4747 533 4801 alibi
559 4747 685 4801 dicit
716 4765 728 4800 :
759 4747 819 4801 Si
844 4764 944 4799 non
975 4749 1106 4817 facio
1133 4764 1285 4815 opera
1338 4746 1511 4801 Patris
1542 4748 1657 4811 mei,
1687 4748 1842 4802 nolite
1866 4751 1989 4804 tui/ti

411 4837 830 4908 credere(Joan.
861 4839 946 4895 10.
980 4838 1083 4910 57)
1120 4856 1133 4893 :
1164 4839 1430 4908 quomodo
1477 4855 1604 4909 ergo
1649 4841 1734 4896 bic
1777 4843 1984 4898 Patrem

409 4928 584 4984 facere
614 4930 783 4984 dicit?
835 4930 945 4983 Iloc
973 4931 1143 4998 ipsum
1173 4930 1429 4995 indicans,
1462 4930 1592 4984 nihil
1620 4933 1846 4985 medium
1869 4948 1987 4989 esse

410 5021 545 5075 inter
587 5023 793 5076 Patrem
836 5031 889 5075 et
934 5022 1153 5085 Filium;
1207 5022 1307 5075 boc
1354 5030 1456 5086 est,
1507 5022 1618 5075 Non
1669 5025 1822 5077 aliter
1866 5025 1988 5078 fecit

410 5112 583 5177 Pater,
606 5113 760 5166 aliter
783 5128 883 5181 ego
906 5112 1039 5166 facio
1068 5130 1081 5166 :
1108 5112 1366 5180 siquidem
1391 5112 1512 5165 alibi
1535 5122 1590 5166 et
1615 5113 1728 5181 ipse
1753 5125 1805 5167 et
1830 5115 1985 5167 Pater

405 5205 612 5272 operari
650 5204 881 5258 dicitur:
915 5203 1067 5256 Pater
1094 5219 1231 5255 meus
1259 5218 1413 5269 usque
1461 5203 1608 5255 modo
1648 5214 1914 5271 operatur,
1939 5216 1983 5256 et

403 5311 493 5363 ego
523 5312 701 5365 operor
726 5293 915 5359 (loatt.
950 5295 1001 5347 5.
1038 5295 1098 5346 17
1130 5295 1166 5359 ).
1207 5292 1319 5346 Illic
1364 5293 1558 5345 nullam
1601 5307 1718 5348 esse
1762 5309 1980 5364 operum

403 5385 775 5452 differentiam,
831 5387 915 5439 hic
969 5380 1461 5452 idipsumiindicat.
1517 5382 1666 5449 Quod
1721 5384 1763 5436 si
1811 5386 1978 5453 prima

378 5476 577 5530 ‘l'route
606 5476 763 5530 \erba
795 5476 1023 5545 alzquam
1075 5473 1327 5527 exhibent
1381 5473 1752 5537 humilitatem,
1786 5489 1851 5528 ne
1879 5476 1979 5528 mi-

402 5566 557 5621 reris.
589 5563 717 5621 Nam
750 5583 867 5622 eum
921 5567 1067 5635 prius
1110 5564 1349 5628 dixisset,
1385 5561 1502 5616 Non
1531 5563 1710 5627 credis,
1758 5577 1878 5617 tunc
1904 5566 1983 5619 sic

402 5659 655 5727 loquutus
673 5669 753 5714 est
779 5675 793 5723 ;
822 5659 1109 5714 ostendens
1133 5672 1192 5712 se
1221 5655 1341 5709 ideo
1364 5657 1430 5709 ita
1456 5656 1612 5710 verba
1635 5665 1976 5723 temperasse,

403 5761 453 5803 eu
488 5751 631 5803 illum
673 5749 734 5804 ad
777 5750 930 5805 fidem
979 5749 1284 5803 adduceret.
1342 5747 1410 5800 In.
1447 5747 1696 5802 cordibus
1746 5762 1976 5818 namque

1404 382 1470 439 IN
1508 378 1824 439 JOANNEM
1867 378 2097 435 llOlllL.
2142 376 2370 434 LXXIV.
2417 379 2484 434 al.
2528 375 2756 436 LXXIII.

3611 382 3715 437 μη.

2125 484 2308 549 eorum
2337 499 2662 553 versabatur.
2699 501 2785 554 ti.
2814 499 3029 555 Creditis
3075 498 3195 569 quia
3214 514 3304 570 ego
3350 500 3401 554 in
3451 497 3623 561 Patre.
3667 513 3713 552 et

2131 585 2282 641 Pater
2325 590 2374 643 in
2418 593 2535 645 me?
2585 590 2873 659 Oportebat
2901 604 3047 649 cer'e
3073 609 3165 648 vos
3190 594 3470 650 audientes
3501 595 3710 649 Patrem

2125 688 2179 733 et
2210 678 2419 746 Filiam,
2451 698 2554 735 non
2586 683 2726 735 aliud
2756 698 2995 751 qurercre
3038 683 3102 737 ad
3150 683 3529 741 declarandum
3580 691 3712 743 sub-

2128 774 2373 826 stantiam
2405 788 2524 826 esse
2551 772 2811 827 eamdem.
2843 773 2990 840 Quod
3018 775 3061 828 si
3092 774 3194 828 hoc
3224 791 3330 830 non
3355 778 3484 833 satis
3510 787 3592 833 est
3621 794 3712 833 vo-

2134 863 2227 905 bis
2258 864 2323 911 ad
2373 863 2837 917 demonstrandam
2872 865 3088 918 boooris
3116 867 3469 935 requalitatem
3499 880 3551 925 et
3581 887 3717 925 con-

2129 940 2623 1006 sobstantiaiitatem
2649 998 2662 1018 ,
2690 956 2757 1010 ab
2787 956 3035 1022 Operibns
3062 970 3272 1027 quoque
3309 960 3516 1017 diseite.
3549 963 3702 1016 Illud-

2129 1044 2250 1099 que,
2285 1035 2387 1102 Qui
2417 1039 2547 1093 ridet
2577 1058 2671 1105 me,
2701 1042 2830 1096 videt
2857 1056 2901 1097 et
2936 1044 3136 1099 Patrem
3165 1065 3347 1112 meum,
3376 1053 3419 1104 si
3447 1051 3512 1106 de
3533 1055 3709 1122 operi-

2128 1121 2223 1175 bus
2241 1125 2435 1180 dictum
2459 1138 2619 1196 esset,
2653 1148 2755 1186 non
2778 1132 2999 1188 dixisset
3028 1144 3207 1205 postea
3232 1155 3245 1191 :
3273 1138 3369 1193 Sin
3400 1121 3710 1211 minusipro-

2131 1219 2240 1276 pter
2265 1228 2417 1280 opera
2446 1223 2632 1275 credite
2661 1225 2801 1275 nti/ti.
2839 1226 3033 1281 Deinde
3059 1229 3350 1285 ostendens
3378 1246 3436 1285 se
3463 1247 3565 1286 non
3594 1233 3709 1289 haec

2131 1308 2327 1354 tantum
2376 1320 2562 1373 posse,
2600 1310 2690 1363 scd
2736 1322 2789 1367 et
2828 1314 2928 1368 alia
2979 1318 3060 1372 bis
3104 1320 3268 1373 multo
3316 1324 3513 1389 majora
3542 1365 3555 1387 ,
3589 1341 3707 1380 cum

2129 1391 2419 1461 hyperbole
2449 1398 2536 1452 illa
2566 1402 2730 1468 ponit.
2787 1404 2971 1474 Neque
3014 1409 3154 1462 enim
3187 1411 3347 1475 dicit,
3381 1412 3471 1467 llis
3504 1417 3703 1486 majora

2128 1496 2343 1550 possum
2374 1484 2585 1553 facere;
2615 1491 2874 1559 scd,quod
2910 1495 3063 1566 longe
3108 1499 3422 1567 mirabilius,
3479 1505 3541 1557 Et
3567 1484 3706 1569 aliis,

2130 1571 2316 1643 inquit,
2348 1591 2562 1644 possum
2594 1580 2893 1638 facultatem
2936 1585 3064 1641 dare
3094 1588 3295 1657 majora
3340 1591 3421 1645 his
3453 1593 3695 1649 faciendi.

2130 1663 2214 1715 19..
2249 1666 2424 1728 Antea,
2457 1685 2599 1721 amen
2622 1670 2732 1723 dico
2757 1674 2910 1737 vobis,
2935 1676 3018 1745 qui
3044 1677 3199 1730 credit
3221 1679 3390 1744 inme,
3419 1697 3572 1751 Opera
3593 1700 3708 1753 qua:

2126 1769 2217 1823 ego
2260 1758 2414 1825 facio,
2447 1767 2491 1811 et
2518 1760 2624 1827 ipse
2675 1761 2846 1829 faciet,
2878 1773 2922 1817 et
2951 1768 3149 1836 majora
3177 1768 3255 1822 Itis
3281 1771 3450 1840 faciet,
3491 1775 3611 1844 quia
3638 1775 3708 1829 ad

2129 1843 2331 1900 Patrem
2360 1849 2507 1902 vado.
2561 1852 2670 1906 IIoc
2719 1864 2818 1918 est,
2870 1855 3117 1911 Vestrum
3143 1860 3245 1913 erit
3272 1843 3519 1933 deinceps
3547 1866 3706 1919 mira-

2124 1940 2241 1994 cula
2297 1941 2491 2008 edere;
2546 1959 2644 2015 ego
2691 1948 2827 2000 enim
2881 1948 3034 2004 abeo.
3100 1951 3298 2006 Deinde
3350 1969 3469 2008 cum
3524 1956 3707 2025 perfe-

2123 2031 2283 2087 cisset
2332 2050 2394 2087 ea
2447 2052 2564 2105 qua:
2615 2053 2796 2093 sermo
2852 2041 3154 2110 indicabat,
3187 2044 3310 2099 dicit
3342 2047 3473 2101 :15.
3525 2047 3703 2115 Quod-

2121 2139 2329 2194 cumque
2384 2128 2622 2195 petieritis
2673 2130 2725 2184 in
2782 2134 2982 2187 nomine
3033 2151 3163 2196 meo,
3192 2138 3480 2206 accipietis,
3511 2150 3559 2192 et
3608 2157 3700 2210 ego

2120 2214 2213 2266 hoc
2260 2216 2463 2284 faciam,
2497 2228 2553 2271 ut
2579 2219 2630 2272 in
2662 2236 2739 2274 me
2786 2223 3096 2291 gloriﬁcemr
3147 2225 3322 2283 Pater.
3358 2227 3540 2283 Viden"
3567 2246 3699 2299 quo-

2120 2307 2276 2362 modo
2313 2325 2519 2363 rursum
2566 2312 2666 2367 hoc
2713 2314 2826 2382 ipse
2872 2316 3069 2371 faciat?
3100 2316 3211 2389 Ego
3239 2321 3461 2390 faciam,
3491 2321 3692 2391 inquit,

2117 2409 2170 2453 et
2196 2416 2299 2455 non
2320 2400 2480 2468 dixit,
2510 2404 2960 2473 IiogaboPatrem
2985 2429 2998 2476 ;
3026 2410 3142 2474 sed,
3175 2409 3242 2465 Ut
3266 2411 3318 2465 in
3348 2428 3426 2465 me
3444 2412 3695 2482 gloriﬁce-

2117 2502 2199 2546 tur
2228 2493 2398 2548 Pater.
2435 2498 2509 2569 (α)
2548 2490 2567 2564 [
2597 2501 2755 2569 Atqui
2788 2500 2996 2557 dicebat
3024 2502 3150 2557 alibi
3181 2520 3194 2556 :
3229 2502 3365 2557 Deus
3391 2505 3694 2574 glori/icabit

2114 2602 2223 2637 eum
2248 2587 2301 2639 in
2318 2588 2479 2657 seipso
2492 2604 2512 2653 ;
2536 2591 2619 2645 hic
2640 2607 2786 2653 vero,
2811 2591 2925 2663 Ipse
2944 2594 3259 2663 glorificabit
3280 2596 3535 2669 Patrem]
3559 2598 3688 2652 Cum

2114 2677 2251 2729 enim
2307 2670 2470 2733 Filius
2518 2697 2705 2751 magna
2766 2699 2920 2752 posse
2971 2684 3417 2754 deprehendetur,
3466 2689 3687 2743 Genitor

2111 2769 2506 2835 gloriﬁcabittn'.
2555 2775 2687 2842 Quid
2728 2776 2827 2831 sibi
2866 2779 2970 2832 vult
2997 2778 3144 2847 illud,
3195 2778 3260 2835 1η
3303 2782 3502 2835 nomine
3541 2786 3690 2838 meo?

2111 2860 2258 2927 Quod
2293 2864 2514 2930 rpustuIi
2543 2866 2807 2930 dicebant,
2835 2867 2898 2921 In
2927 2871 3124 2924 nomine
3147 2869 3272 2925 Jesu
3321 2871 3504 2926 Christi
3540 2891 3687 2945 surge

2109 2961 2156 3005 et
2182 2954 2402 3007 ambula.
2436 2957 2622 3011 Omnia
2652 2960 2845 3029 quippe
2874 2962 3020 3030 signa
3050 2978 3167 3034 qua:
3190 2964 3262 3017 illi
3292 2964 3540 3031 edebant,
3575 2969 3685 3035 ipse

2108 3048 2444 3114 οιινγειιιειιυν,
2484 3049 2544 3102 Et
2573 3068 2750 3107 manus
2781 3053 2986 3108 Domini
3011 3066 3118 3110 erat
3143 3073 3257 3112 cum
3286 3058 3391 3114 illis
3417 3059 3564 3133 (Act.
3592 3063 3679 3117 Η.

2107 3137 2229 3209 2!).
2266 3141 2351 3194 Η.
2389 3140 2495 3211 Ego
2524 3145 2707 3212 faciant
2731 3184 2748 3211 ,
2787 3146 2977 3214 inquit.
3033 3147 3219 3203 Viden’
3270 3151 3685 3207 auctoritatem?

2106 3245 2221 3299 ηιμ·
2254 3247 2346 3299 per
2365 3233 2497 3286 alios
2521 3233 2671 3300 fiunt,
2697 3235 2810 3305 ipse
2831 3234 2991 3298 facit;
3020 3246 3076 3292 et
3098 3254 3216 3307 quae
3242 3253 3337 3308 per
3361 3255 3439 3305 se,
3465 3257 3568 3295 non
3591 3258 3682 3311 po-

2108 3323 2221 3376 terit
2247 3365 2261 3387 ,
2292 3324 2388 3378 uisi
2418 3325 2573 3380 Patre
2599 3327 2700 3380 vim
2733 3327 2930 3381 dante?
2957 3327 3149 3399 Ecquis
3178 3328 3290 3384 lucc
3317 3331 3548 3387 dixerit?
3574 3333 3684 3388 Cur

2107 3413 2207 3467 hoc
2233 3416 2521 3470 secundum
2556 3418 2740 3486 ponit?
2767 3417 2835 3473 Ut
2862 3433 3014 3472 suum
3044 3421 3328 3476 confirmet
3351 3437 3676 3485 sermonem,

2102 3515 2157 3560 et
2199 3508 2443 3562 ostendat
2496 3508 2667 3575 priora
2720 3525 2814 3578 per
2860 3512 3352 3580 attemperationem
3394 3517 3677 3584 quamdam

2103 3599 2238 3651 dicta
2267 3600 2445 3654 fuisse.
2476 3601 2600 3655 Illud
2628 3612 2823 3665 autem,
2846 3602 2928 3657 Ad
2954 3602 3159 3656 Putrem
3187 3605 3335 3671 vado,
3364 3607 3412 3659 id
3438 3618 3539 3671 est,
3562 3608 3675 3662 Non

2102 3704 2282 3759 pereo,
2316 3689 2409 3744 sed
2453 3690 2503 3744 in
2547 3692 2757 3760 prOpria
2812 3690 3067 3761 dignitate
3110 3709 3299 3750 maneo
3325 3737 3338 3758 ,
3372 3706 3425 3750 et
3453 3698 3503 3751 itt
3531 3701 3679 3756 radis

2100 3794 2238 3832 sum.
2296 3780 2417 3834 llzec
2444 3797 2600 3850 porro
2624 3782 2799 3835 omnia
2834 3784 2940 3837 illis
2975 3783 3044 3839 ad
3086 3787 3504 3843 consotatiouem
3531 3790 3677 3845 dice-

2102 3871 2205 3926 bat.
2230 3874 2360 3937 Quia
2388 3874 2810 3930 enitnrcredihile
2833 3884 2945 3930 erat
2972 3891 3095 3942 eos,
3124 3878 3213 3949 qui
3241 3882 3471 3936 nondum
3500 3897 3679 3938 resur-

2101 3965 2350 4019 rccuonis
2392 3967 2647 4021 rationem
2677 3968 2841 4035 probe
2871 3979 3150 4038 noverant,
3181 3971 3331 4026 triste
3374 3974 3570 4044 aliquid
3620 3977 3671 4030 itt

2099 4059 2275 4113 animo
2303 4074 2533 4122 versare,
2557 4060 2671 4114 aliis
2694 4062 2834 4128 ipsos
2862 4060 2976 4115 lucc
3000 4062 3217 4118 daturos
3244 4079 3363 4118 esse
3390 4067 3670 4134 promittit,

2101 4149 2291 4216 ubique
2322 4164 2512 4203 curans
2538 4150 2674 4213 illos,
2703 4160 2757 4205 et
2782 4151 3067 4206 ostendens
3095 4167 3152 4206 se
3177 4168 3387 4222 semper
3417 4171 3668 4223 manere;

2100 4255 2198 4294 ure
2229 4255 2442 4293 manere
2476 4240 2663 4304 modo,
2692 4241 2786 4295 sed
2826 4242 2984 4296 etiam
3032 4243 3286 4312 majorem
3317 4244 3668 4300 cxbibiturum

2097 4346 2153 4383 se
2192 4330 2457 4383 virtutem.

2167 4426 2218 4479 5.
2267 4424 2481 4478 Moraiis
2506 4425 2803 4480 exhortatio.
2855 4427 3178 4496 Sacri/icium
3201 4446 3342 4484 norat
3360 4447 3508 4496 quam
3537 4447 3669 4500 pra:-

2093 4527 2184 4570 stet
2212 4517 2459 4585 sacri/icio
2488 4520 2660 4572 veteris
2690 4520 2829 4589 legis.
2848 4549 2920 4560 -—
2939 4520 3235 4591 Sequamur
3261 4540 3386 4593 ergo
3415 4524 3581 4589 illum,
3615 4535 3671 4579 et

2094 4623 2305 4661 crucem
2330 4609 2594 4663 tollamus.
2622 4610 2837 4664 Etiamsi
2858 4612 3004 4663 enim
3036 4612 3176 4666 nulla
3206 4612 3275 4668 sit
3307 4615 3667 4682 persequutio,

2093 4701 2309 4755 alterius
2337 4709 2511 4755 tamen
2540 4703 2727 4755 mortis
2774 4712 2980 4771 tempus
3022 4704 3192 4757 adest.
3235 4704 3559 4775 Mortiﬁcate.
3585 4706 3669 4760 ia-

2092 4793 2239 4860 quit,
2266 4792 2483 4845 membra
2534 4805 2693 4847 vestra
2716 4834 2728 4858 ,
2759 4810 2868 4863 qua:
2890 4803 3002 4847 sunt
3029 4810 3177 4862 super
3232 4805 3415 4850 terram
3434 4801 3449 4866 (
3468 4796 3576 4852 Col.
3613 4799 3666 4852 5.

2091 4883 2124 4936 5
2139 4883 2180 4953 ).
2206 4884 2610 4953 Exstinguatnus
2628 4900 2761 4952 ergo
2781 4885 3282 4953 concupiSCeutiam,
3300 4887 3662 4955 opprimatnus

2090 4974 2242 5038 iram,
2269 4975 2513 5029 tollamus
2539 4976 2809 5030 invidiam.
2841 4976 2949 5031 lloc
2969 4987 3049 5032 est
3077 4979 3248 5032 vivum
3297 4980 3613 5032 sacrificium
3647 4995 3661 5029 :

2087 5069 2224 5135 quod
2244 5067 2554 5122 sacriﬁcium
2580 5085 2681 5122 non
2704 5070 2897 5123 desinit
2918 5070 2967 5123 in
2989 5071 3244 5132 cinerem,
3265 5084 3367 5122 non
3392 5070 3441 5122 in
3465 5071 3662 5124 fumum

2088 5157 2434 5225 diﬂ'unditur,
2486 5176 2589 5212 non
2644 5170 2763 5229 eget
2819 5161 2971 5228 lignis
3022 5169 3074 5214 et
3132 5159 3284 5229 igne,
3334 5160 3413 5214 vel
3466 5160 3661 5229 gladio.

2088 5249 2265 5317 Ignem
2315 5252 2506 5319 ttttippt'
2538 5251 2695 5305 habet
2721 5262 2772 5305 et
2800 5252 3054 5321 gladium,
3088 5250 3340 5318 Spiritum
3395 5260 3660 5305 sanctum.

2088 5340 2198 5394 Iloe
2220 5357 2345 5394 usus
2370 5342 2562 5410 gladio,
2582 5341 2899 5394 circumcide
2916 5340 3089 5392 cordis
3107 5339 3368 5406 superﬂua
3393 5350 3444 5394 ct
3464 5342 3658 5408 aliena,

2085 5436 2228 5506 aperi
2260 5435 2528 5487 obturatas
2556 5446 2725 5486 aures.
2752 5432 2914 5484 Morbi
2944 5445 3168 5498 namque
3193 5439 3241 5482 et
3276 5432 3427 5486 mala:
3467 5447 3659 5487 conen-

2088 5529 2354 5595 piscentia:
2380 5525 2552 5577 solent
2573 5522 2733 5574 verbo
2759 5521 2957 5572 aditum
2986 5521 3282 5573 obsttuere.
3313 5522 3657 5577 PeCuniarum

2084 5615 2509 5685 ctntcttpiscentia
2539 5629 2640 5666 non
2671 5612 2796 5665 sinit
2841 5611 3027 5667 audire
3078 5610 3294 5666 verbum
3326 5612 3391 5666 de
3422 5614 3650 5668 elocuto-

2150 5752 2224 5816 (α)
2258 5750 2312 5800 ιιι
2334 5747 2616 5808 quibusdam
2639 5746 2811 5795 desunt
2836 5759 2944 5810 qum
2970 5747 3153 5795 uacitis
3176 5745 3472 5795 claudantur.
