4040 6172
381 295 486 351 6υῦ
581 288 589 295 ’

377 425 543 482 syna;
593 410 785 464 invidia
828 407 1088 466 accedens
1116 421 1259 466 arcet
1286 411 1583 468 doctrinam
1615 413 1683 469 de
1709 415 1961 482 caritate;

375 502 618 571 aliusque
666 514 874 554 rursum
921 499 1168 568 ingruens
1197 503 1411 558 morbus
1437 505 1666 561 animam
1693 505 1864 561 reddit
1895 508 1960 561 ad

375 595 552 652 omnia
581 592 903 661 segniorem.
931 591 1204 648 'l‘ollatnus
1232 608 1360 663 ergo
1387 597 1549 651 malas
1579 599 1963 668 concupiscen-

375 687 492 743 tias.
523 685 653 740 Nam
679 683 874 739 sufficit
905 686 1060 752 velle,
1089 694 1143 740 et
1169 688 1344 741 omnia
1372 689 1796 760 exstinguuntur.
1849 691 1957 760 Ne,

372 791 574 846 qumso,
605 775 733 830 illud
779 775 1134 840 attendamus,
1167 779 1508 846 pecuniarum
1563 795 1798 836 amorem
1837 797 1960 840 esse

371 869 741 941 tyrannidem,
795 869 888 924 sed
946 885 1071 924 vere
1128 871 1461 939 tyrannidem
1512 887 1630 926 esse
1676 863 1953 934 segnitiem

370 968 628 1016 nostram.
688 960 834 1014 Multi
875 967 1021 1014 certe
1059 967 1182 1013 sunt
1223 959 1311 1027 qui
1349 970 1619 1026 argentum
1651 955 1775 1026 quid
1806 956 1873 1008 sit
1898 968 1958 1008 se

369 1050 581 1106 nescire
602 1050 804 1105 dicunt.
854 1049 1036 1119 Neque
1063 1050 1203 1102 enim
1237 1050 1487 1102 naturalis
1517 1059 1598 1103 est
1628 1049 1712 1102 illa
1748 1043 1924 1115 cupidi

370 1151 469 1194 tas.
496 1141 774 1198 Naturales
803 1141 996 1211 quippe
1024 1140 1245 1194 allectus
1286 1141 1352 1193 ab
1396 1139 1545 1193 initio
1587 1138 1744 1192 infusi
1782 1145 1905 1185 sunt
1940 1148 1951 1183 ε

369 1247 557 1290 aurum
606 1241 827 1288 vet'O'ct
868 1241 1145 1302 argentum
1192 1247 1257 1284 an
1304 1240 1465 1291 esset,
1499 1228 1664 1284 multo
1718 1232 1954 1294 tempore

367 1320 607 1392 ignotum
631 1323 748 1384 fuit.
771 1322 922 1378 Unde
943 1337 1068 1391 ergo
1086 1321 1252 1376 crevit
1273 1320 1388 1373 haec
1408 1317 1703 1386 cupiditas?
1721 1315 1799 1369 Ex
1819 1330 1952 1369 vana

365 1415 556 1483 gloria,
592 1424 646 1470 et
666 1429 871 1476 summa
899 1414 1124 1469 desidia.
1155 1413 1234 1466 Ex
1261 1410 1641 1481 cupiditatibus
1667 1410 1807 1464 enim
1836 1409 1954 1464 alia:

323 1516 330 1522 '
364 1516 488 1561 sunt
506 1507 844 1573 necessariae,
867 1506 984 1560 alia:
1003 1503 1298 1568 naturales,
1318 1503 1438 1557 aliae
1461 1511 1727 1557 neutrum.
1761 1500 1954 1555 Exem-

364 1598 439 1667 pli
467 1612 624 1654 causa
650 1617 663 1651 :
688 1613 805 1668 qua:
845 1598 890 1652 si
937 1613 1042 1656 non
1091 1596 1403 1666 expleantur
1429 1595 1624 1660 animal
1656 1594 1949 1663 perimunt,

363 1688 447 1743 ha:
477 1697 600 1744 sunt
629 1687 902 1745 naturales
927 1699 981 1745 et
1009 1687 1356 1751 necessariae;
1390 1695 1446 1739 ut
1474 1685 1613 1751 cibi,
1643 1692 1798 1754 potus
1820 1724 1835 1749 ,
1867 1697 1956 1737 so»

367 1779 478 1833 mni
523 1778 786 1848 cupiditas
815 1796 831 1834 :
861 1793 1013 1833 amor
1054 1794 1182 1832 vero
1212 1792 1519 1846 corporum,
1553 1776 1811 1830 naturalis
1839 1775 1954 1846 qui-

363 1868 484 1925 dem
513 1879 617 1937 est,
636 1869 730 1925 sed
756 1885 864 1925 non
891 1869 1242 1925 necessarius.
1263 1868 1407 1933 Multi
1435 1869 1574 1924 enim
1600 1869 1770 1938 ipsum
1798 1881 1953 1936 supe-

364 1968 567 2027 rarunt,
590 1975 688 2016 nec
711 1961 1002 2030 perierunt.
1024 1960 1374 2016 Peeuniarum
1397 1974 1523 2014 vero
1548 1958 1831 2029 cupiditas,
1855 1971 1955 2012 nec

365 2052 620 2108 naturalis
648 2067 746 2109 nec
767 2053 1068 2108 necessaria
1096 2059 1216 2119 est,
1245 2051 1338 2107 sed
1368 2049 1656 2120 superﬂua.
1689 2048 1744 2104 Si
1772 2049 1953 2104 volue-

366 2144 533 2199 rimus
557 2186 570 2210 ,
599 2144 716 2215 ejus
746 2144 1038 2200 dominium
1067 2160 1174 2199 non
1198 2144 1538 2214 recipiemus.
1569 2143 1724 2198 Certe
1751 2142 1818 2198 de
1844 2142 1951 2196 vir-

363 2235 583 2308 ginitate
607 2236 1100 2308 loquensChristus
1123 2237 1217 2302 ait,
1249 2236 1346 2303 Qui
1371 2244 1531 2305 potest
1557 2251 1753 2306 capere,
1785 2234 1952 2304 capiat

1171 297 1225 354 S.
1266 297 1544 364 JOANNJS
1577 299 2051 360 CHRYSOSTOMI
2097 308 2414 367 ARCIIIEP.
2457 315 2986 392 CONSTANTINOP.

3563 349 3660 408 10$

2047 422 2301 529 (ἐμιαιιῖ
2322 427 2408 482 19.
2437 429 2581 529 12))
2612 433 2684 494 de,
2699 436 2896 496 divitiis
2921 459 3047 499 vero
3073 461 3176 503 non
3205 429 3352 518 item,
3382 459 3475 512 sed
3498 464 3663 529 quid?

2071 512 2194 568 Nisi
2217 520 2330 586 quis
2359 527 2712 583 renuntiaverit
2739 535 2968 590 omnibus
2992 554 3105 604 qua:
3125 512 3349 604 ροεδίιμέ
3377 512 3526 604 11η..Ι
3557 512 3590 580 ii

2067 604 2189 676 55),
2220 624 2323 664 non
2351 622 2436 667 εει
2460 629 2545 670 ,ηρ
2571 617 2776 676 dign”,
2831 620 2914 648 nu
2941 597 3341 666 m‘hU‘oﬂd'acile
3369 611 3449 656 est
3473 603 3656 658 horta-

2069 703 2188 762 tur;
2220 700 2368 754 ad“
2395 687 2519 736 .cro‘
2549 682 2691 754 quod
2723 685 2916 740 inultos
2949 697 3252 758 exsuperat,
3285 691 3510 749 arbitrio
3537 711 3652 751 rem

2065 771 2346 840 permittit.
2379 772 2486 826 Cur
2526 789 2653 843 ergo
2684 790 2783 830 nos
2813 778 2956 831 omni
2990 779 3261 846 privamus
3306 781 3657 840 defensione?

2061 862 2192 918 Nam
2223 865 2312 934 qui
2342 880 2373 919 a
2400 864 2712 922 violentiore
2738 868 2924 930 morbo
2950 880 3136 940 captus
3159 873 3279 938 erit,
3305 890 3411 929 non
3438 893 3655 947 magnas

2063 955 2206 1008 dabit
2240 970 2425 1024 poenas
2454 975 2466 1008 :
2497 958 2586 1026 qui
2619 973 2744 1012 vero
2772 959 2838 1015 ab
2871 960 3160 1018 infirmiore
3204 964 3395 1020 affectu
3423 969 3650 1036 capitur,

2064 1047 2206 1098 omni
2234 1046 2470 1112 privatur
2495 1047 2822 1104 defensiOne.
2875 1051 3008 1118 Quid
3042 1055 3182 1107 enim
3211 1059 3652 1124 respondebimus

2063 1135 2275 1202 quando
2304 1137 2445 1192 dicet
2475 1155 2486 1190 :
2515 1138 2851 1196 Esurieutem
2877 1159 2961 1198 me
2990 1143 3216 1212 vidistis,
3250 1156 3305 1201 et
3341 1165 3446 1202 non
3479 1151 3651 1203 nutri-

2066 1227 2212 1282 vistis
2237 1227 2457 1300 (Matth.
2481 1229 2570 1286 9.5.
2603 1231 2750 1303 42)?
2781 1250 2937 1302 quam
2989 1238 3390 1298 excusationem
3435 1240 3654 1296 habebi~

2064 1319 2215 1373 mus?
2243 1335 2607 1390 paupertazem
2639 1324 2996 1394 objiciemus?
3051 1331 3118 1382 At
3146 1345 3250 1388 non
3281 1346 3464 1390 sumus
3494 1334 3650 1388 vidua

2065 1409 2152 1464 illa
2185 1412 2548 1481 pauperiores,
2579 1430 2697 1484 qua:
2720 1415 2930 1470 duobus
2954 1417 3208 1488 depositis
3238 1421 3431 1488 obolis,
3463 1439 3651 1478 omnes

2063 1504 2354 1573 superarit.
2408 1503 2591 1575 Neque
2635 1507 2777 1561 enim
2809 1508 2932 1562 doni
2967 1512 3383 1581 magnitudinem
3429 1517 3650 1585 requirit

2065 1594 2227 1660 Deus,
2257 1594 2350 1650 sed
2385 1595 2676 1670 voluntatis.
2703 1599 2919 1658 modum
2953 1617 2967 1654 :
2997 1611 3050 1654 et
3080 1602 3178 1656 hoc
3207 1603 3272 1657 ad
3301 1604 3441 1658 illius
3470 1606 3650 1674 provi-

2062 1685 2296 1740 dentiam
2328 1689 2579 1759 pertinet.
2640 1688 2784 1744 Illius
2816 1691 2993 1760 itaque
3020 1692 3402 1763 benignitatem
3448 1697 3643 1760 mirati,

2062 1795 2180 1849 qua:
2209 1796 2490 1850 possumus
2516 1781 2836 1848 offeramus;
2869 1793 2927 1836 ut
2952 1793 3004 1837 et
3028 1784 3078 1838 in
3111 1787 3362 1854 praesenti
3391 1787 3494 1842 vita
3522 1797 3574 1842 et
3597 1789 3646 1842 in

2062 1871 2233 1927 futura
2257 1875 2474 1927 multam
2498 1877 2808 1945 consequuti
2851 1876 2943 1931 Dei
2979 1877 3341 1946 clementiam,
3372 1881 3647 1948 promissis

2064 1962 2165 2017 frui
2217 1963 2374 2019 bonis
2419 1966 2722 2034 possimus,
2769 1967 2938 2036 gratia
2981 1979 3033 2023 et
3076 1969 3397 2040 benignitate
3439 1971 3646 2027 Domini

2064 2055 2230 2109 nostri
2256 2054 2386 2111 .lesu
2432 2055 2650 2127 Christi,
2683 2058 2765 2112 cui
2797 2059 2964 2128 gloria
2998 2060 3048 2114 in
3080 2063 3272 2116 saecula
3305 2063 3646 2120 szrculoruut.

2065 2148 2252 2202 Amen.

368 2373 3623 2397 Mm“

1680 2455 2027 2522 HOMILIA
2069 2454 2328 2514 LXXV.

359 2600 487 2658 Car.
519 2603 604 2657 Μ.
636 2619 682 2656 r.
718 2603 805 2659 15.
837 2603 898 2658 Si
937 2603 1146 2673 diligitis
1189 2619 1286 2669 me,
1312 2603 1552 2658 mandata
1574 2618 1686 2656 mea
1716 2610 1908 2655 servate
1931 2617 1950 2654 :

431 2696 517 2752 ΗΞ.
545 2704 588 2748 et
616 2711 704 2766 ego
735 2694 921 2766 rogabo
951 2693 1178 2758 Patrem,
1208 2704 1256 2748 et
1277 2695 1435 2749 alium
1465 2693 1785 2748 Paracletum
1813 2693 1950 2746 dabit

430 2786 586 2853 vobis,
614 2796 668 2840 ut
700 2797 898 2840 maneat
929 2788 1248 2844 vobiscumin
1269 2797 1535 2852 aeternum,
1580 2787 1669 2843 l7.
1698 2785 1951 2856 Spiritum

429 2877 675 2944 raritatis,
702 2895 846 2947 quem
873 2879 1092 2934 mundus
1117 2895 1218 2937 non
1243 2887 1402 2949 potest
1431 2879 1677 2950 accipere,
1703 2879 1820 2947 quia
1850 2894 1951 2933 non

428 2970 560 3028 ridet
589 2987 724 3038 eum,
751 2988 841 3032 nec
868 2972 958 3024 scit
991 2988 1125 3038 eum.

435 3067 482 3118 l.
515 3062 652 3118 Deus
682 3064 786 3116 uult
809 3080 896 3130 per
916 3080 1071 3133 opera
1113 3064 1281 3133 diligi.
1329 3062 1516 3118 Contra
1545 3062 1863 3117 Sabellianos
1901 3071 1950 3117 et

363 3151 874 3215 Ihtenmatomachos.
909 3182 978 3192 ——-
1005 3154 1270 3221 Operibus
1306 3168 1521 3221 semper
1557 3169 1796 3222 egemus,
1842 3170 1947 3208 non

361 3247 642 3300 verborum
665 3245 1042 3302 ostentatione.
1076 3245 1240 3316 Loqui
1262 3246 1400 3306 enim
1429 3257 1481 3300 et
1506 3247 1814 3314 promittere
1832 3246 1944 3304 cui-

358 3339 436 3392 vis
463 3338 612 3394 facile
639 3348 751 3404 est;
785 3340 995 3408 operari
1029 3355 1130 3392 non
1171 3339 1317 3404 item.
1353 3338 1460 3392 Cur
1491 3339 1606 3393 haec
1641 3339 1785 3394 dixi?
1815 3339 1946 3406 Quia

359 3430 514 3493 multi
534 3445 674 3486 nunc
703 3441 826 3484 sunt
855 3430 943 3500 qui
974 3429 1156 3484 dicunt
1177 3444 1235 3485 se
1260 3429 1420 3484 Demn
1453 3430 1639 3484 timere
1667 3439 1944 3494 etamare;

358 3522 452 3575 St'd
499 3523 752 3590 Operibus
787 3523 1052 3581 contraria
1097 3520 1354 3578 exhibent
1401 3537 1414 3574 :
1456 3521 1594 3574 Dens
1638 3529 1815 3575 autem
1853 3536 1949 3590 per

357 3633 517 3687 opera
539 3616 688 3687 diligi
714 3617 923 3686 quterit.
950 3615 1080 3676 Ideo,
1099 3615 1375 3684 discipulis
1407 3613 1614 3670 dicebat
1643 3632 1656 3668 :
1691 3614 1753 3668 Si
1778 3614 1948 3686 diligi-

357 3713 419 3762 tis
447 3727 554 3775 nte,
582 3710 824 3763 mandata
854 3726 964 3762 mea
995 3707 1279 3764 servabitis.
1327 3707 1461 3764 Cum
1501 3706 1643 3761 enim
1684 3706 1945 3772 dixisset,

359 3802 720 3873 Quodcumque
751 3801 1010 3870 petieritis,
1042 3816 1133 3871 ego
1168 3800 1389 3870 faciam,-
1415 3815 1481 3852 ne
1503 3808 1751 3867 putarent
1780 3798 1949 3853 solam

359 3892 670 3962 petitionem
696 3907 814 3948 esse
844 3892 1004 3956 satis,
1038 3891 1274 3949 subdidit
1299 3909 1311 3944 :
1345 3891 1405 3945 Si
1425 3891 1634 3960 diligitis
1661 3907 1770 3954 me;
1798 3899 1944 3955 tunc,

360 3986 550 4055 inquit,
580 3983 787 4042 faciam.
834 3984 965 4053 Quia
993 3994 1170 4039 autem
1198 3983 1485 4038 verisimile
1524 3991 1639 4037 erat
1678 3997 1792 4048 eos,
1825 3997 1945 4036 cum

353 4080 620 4134 dicentem
641 4078 936 4142 audissent,
963 4077 1040 4130 Ad
1076 4075 1283 4130 Patrem
1328 4075 1480 4140 vado,
1523 4075 1763 4128 turbatos
1793 4088 1943 4138 esse,

354 4173 521 4226 dicit:
554 4171 668 4226 Non
710 4181 791 4225 cst
817 4171 919 4226 hoc
939 4171 1182 4240 diligere,
1226 4182 1370 4223 nunc
1401 4167 1618 4229 turbari,
1655 4166 1748 4221 sed
1791 4164 1947 4219 dictis

353 4266 746 4333 (diteuqzerare.
783 4263 908 4318 Dedi
934 4263 1083 4317 vobis
1109 4261 1440 4322 mandatum,
1471 4258 1778 4328 utdiligatis
1806 4255 1942 4309 invi-

354 4374 498 4422 cem,
532 4357 689 4410 utsic
716 4356 941 4410 invicem
972 4353 1198 4419 faciatis,
1230 4361 1287 4406 ut
1311 4368 1408 4422 ego
1453 4349 1553 4408 feci
1603 4349 1770 4403 vobis.
1818 4347 1946 4407 Ιιιηο

357 4457 440 4503 est
463 4449 699 4514 dilectio,
725 4447 806 4501 bis
827 4448 1218 4514 obtemperare,
1245 4452 1299 4498 et
1322 4443 1517 4500 dilecto
1534 4440 1851 4496 concedere.
1881 4437 1946 4492 Et

353 4539 540 4608 rogabo
563 4538 790 4600 Patrem,
833 4548 879 4590 et
909 4537 1065 4590 alium
1107 4533 1430 4590 Paracletum
1453 4532 1590 4586 dabit
1621 4532 1777 4586 vobis.
1812 4530 1946 4585 Sese

353 4629 686 4684 demittentis
707 4628 866 4692 verba
887 4636 1031 4681 sunt.
1060 4626 1190 4694 Quia
1213 4627 1357 4681 enim
1384 4640 1504 4680 cum
1535 4623 1768 4687 nondum
1794 4623 1942 4686 illum

355 4722 524 4792 probe
560 4728 964 4789 cognoscerent,
1011 4717 1304 4773 verisimile
1346 4726 1484 4778 erat,
1527 4731 1621 4770 eos
1668 4715 1808 4775 illius
1845 4715 1944 4772 ab-

353 4813 520 4868 sentis
549 4809 907 4875 consortium,
941 4808 1123 4872 verba,
1172 4808 1550 4876 carnalemque
1597 4805 1938 4877 praesentiam

352 4902 648 4964 admodum
663 4897 1021 4970 exquisituros
1045 4912 1187 4964 esse,
1216 4906 1272 4955 et
1297 4898 1522 4963 nullam,
1556 4897 1671 4965 ipso
1699 4895 1942 4958 absente.

353 5005 670 5065 accepturos
697 4991 1150 5054 consolationem;
1177 4988 1303 5057 quid
1329 4989 1443 5042 ait?
1474 4986 1682 5058 Rogabo
1712 4987 1940 5051 Patrem,

353 5096 398 5148 et
425 5082 586 5141 alium
618 5082 942 5140 Paracletum
979 5080 1118 5136 dabit
1145 5080 1322 5146 vobis;
1358 5079 1411 5134 id
1435 5089 1536 5145 est,
1572 5079 1744 5134 Alium
1774 5077 1945 5148 qualis

354 5195 453 5250 ego
479 5193 620 5234 sum.
650 5176 986 5238 Erubescant
1007 5173 1097 5245 qui
1122 5171 1340 5228 Sabellii
1369 5169 1560 5224 morbo
1591 5169 1867 5234 laborant,
1889 5177 1945 5223 et

357 5272 445 5338 qui
476 5270 547 5326 de
570 5267 775 5339 Spiritu
816 5283 920 5322 non
942 5275 1091 5323 recte
1131 5263 1388 5320 sentiunt.
1417 5260 1548 5315 Nam
1591 5261 1642 5315 in
1683 5260 1784 5316 hoc
1825 5273 1943 5314 ser-

359 5379 518 5424 mone
542 5364 732 5417 tnirum
753 5361 880 5417 illud
909 5371 1010 5426 est,
1030 5359 1172 5432 quod
1201 5358 1436 5412 ltmrescs
1460 5371 1523 5412 ex
1552 5355 1813 5409 diametro
1843 5367 1945 5422 op-

358 5456 558 5522 positas
589 5470 693 5509 uno
721 5457 824 5509 ictu
857 5462 1178 5523 prosternat.
1226 5450 1358 5508 Nam
1400 5465 1521 5503 cum
1560 5447 1708 5510 dicit,
1742 5444 1941 5510 Alium,

359 5545 660 5618 hypostasis
689 5545 830 5598 illius
850 5543 1203 5598 ditl'crentiam
1233 5541 1464 5603 indicat;
1490 5554 1613 5600 cum
1641 5552 1768 5589 vero
1791 5535 1940 5600 dicit,

362 5635 714 5700 l’aracletum,
755 5635 1104 5690 substantiam
1137 5634 1400 5690 eamdem.
1438 5633 1611 5699 Quare
1641 5628 1788 5691 dit-it,
1840 5627 1944 5680 lio-

354 5731 484 5802 gabo
519 5728 764 5791 Patrem?
786 5727 919 5804 Quia
952 5727 992 5780 si
1036 5725 1280 5796 dixisset,
1329 5727 1437 5794 Ego
1467 5725 1692 5787 mittam,
1729 5738 1830 5784 non
1871 5723 1938 5784 ita

2056 2596 2412 2652 credidissent
2444 2613 2456 2649 :
2491 2612 2633 2655 nunc
2661 2598 2805 2652 enim
2833 2598 2884 2653 id
2914 2610 3084 2665 curat,
3114 2610 3166 2654 ut
3196 2598 3426 2671 Spiritus
3455 2604 3644 2659 creda-

2057 2696 2179 2742 tur:
2215 2703 2337 2740 nam
2361 2695 2542 2756 postea
2568 2702 2628 2742 se
2659 2689 2941 2743 missurum
2972 2690 3115 2743 illum
3145 2706 3265 2746 esse
3292 2693 3421 2747 dicit
3454 2711 3467 2746 :
3495 2693 3639 2748 Acci-

2057 2779 2161 2851 pite
2178 2779 2428 2848 Spiritum
2449 2788 2678 2831 sanctum
2717 2779 2911 2849 (Joan.
2939 2780 3029 2835 20.
3075 2781 3184 2853 ‘22)
3230 2801 3242 2836 :
3289 2782 3376 2837 hic
3413 2801 3537 2839 vero
3583 2799 3641 2839 se

2055 2877 2361 2940 rogaturum
2410 2884 2530 2924 esse
2558 2868 2768 2924 Patrem
2800 2870 2947 2937 dicit,
3000 2883 3056 2925 ut
3096 2872 3198 2927 fide
3227 2873 3418 2944 dignus
3463 2891 3641 2929 St'I'IIIO

2053 2960 2183 3029 ipsis
2211 2969 2372 3015 esset.
2404 2959 2638 3014 Joannes
2665 2961 2857 3032 quippe
2884 2961 2950 3016 de
2979 2963 3069 3018 illo
3098 2963 3227 3018 dicit
3257 2983 3269 3018 :
3303 2965 3379 3019 De
3414 2965 3638 3035 plenitu-

2053 3055 2170 3108 dine
2197 3055 2304 3125 ejus
2340 3070 2430 3107 nos
2468 3069 2639 3108 omnes
2683 3056 2965 3123 accepimus
3008 3056 3190 3129 (Ibid.
3242 3060 3289 3113 1.
3317 3058 3420 3128 l6)
3450 3077 3463 3111 :
3491 3061 3639 3129 quod

2052 3157 2231 3202 autem
2261 3146 2521 3213 habebat,
2537 3147 2805 3217 quomodo
2827 3148 2894 3206 ab
2919 3149 3088 3203 altero
3116 3149 3416 3220 acciperet?
3445 3151 3511 3204 Et
3537 3153 3633 3204 ite-

2053 3254 2170 3298 rum
2207 3237 2364 3308 :lpse
2406 3254 2489 3291 vos
2544 3239 2814 3308 ltaptizabit
2868 3240 2920 3294 in
2973 3240 3175 3311 Spiritu
3217 3251 3385 3297 sancto
3437 3253 3479 3296 et
3530 3245 3636 3312 igni

2057 3328 2206 3399 (Luc.
2239 3330 2292 3384 5.
2319 3328 2427 3402 l6).
2451 3329 2587 3395 Quid
2620 3345 2746 3386 vero
2776 3331 2890 3400 plus
2918 3331 3186 3390 habuisset
3213 3348 3368 3403 quam
3393 3335 3636 3402 apostoli,

2052 3422 2096 3473 si
2130 3420 2338 3474 Patrem
2373 3429 2653 3492 rogaturus
2683 3431 2797 3477 erat
2845 3431 2902 3477 ut
2945 3423 3060 3490 aliis
3101 3422 3274 3490 daret,
3330 3423 3540 3493 quando
3567 3424 3638 3478 illi

2053 3529 2194 3582 saepe
2239 3513 2356 3566 sine
2410 3514 2716 3581 precatione
2767 3516 2980 3584 operari
3039 3515 3328 3586 videntur?
3373 3519 3640 3588 quomodo

2053 3614 2229 3659 autem
2259 3605 2304 3660 si
2331 3621 2425 3675 per
2465 3620 2651 3674 preces
2681 3606 2910 3676 Spiritus
2939 3623 2968 3661 a
2995 3607 3152 3663 Patre
3185 3609 3450 3683 mittitur,
3471 3611 3583 3682 ipse
3610 3626 3640 3664 a

2053 3698 2229 3768 Seipso
2258 3699 2492 3752 involat?
2513 3699 2780 3770 quomodo
2807 3699 2874 3754 ab
2894 3699 2999 3754 alio
3027 3701 3285 3767 mittatur,
3318 3702 3414 3770 qui
3448 3702 3643 3771 ubique

2053 3804 2290 3858 praesens
2317 3804 2419 3856 ρει,
2451 3791 2540 3861 qui
2571 3791 2759 3848 dividit
2787 3791 3072 3863 unicuique
3097 3809 3192 3848 sua
3219 3794 3356 3849 sicut
3385 3795 3517 3858 vult,
3548 3795 3646 3864 qui

2052 3897 2171 3941 cum
2199 3883 2512 3943 auctoritate
2538 3882 2665 3938 dicit
2698 3901 2711 3938 :
2737 3883 3010 3954 Segregate
3029 3885 3154 3939 mihi
3181 3886 3405 3944 Paulum
3434 3898 3478 3940 et
3504 3886 3638 3939 Bar-

2053 3974 2235 4029 nabam
2257 3977 2400 4044 (Act.
2440 3977 2526 4031 15.
2552 3976 2587 4030 2
2611 3977 2664 4046 )?
2693 3976 2851 4045 Atqui
2884 3977 2991 4032 Deo
3039 3978 3413 4034 ministrabant
3445 3980 3515 4032 illi
3543 3980 3643 4038 tui--~

2054 4067 2241 4132 nistri;
2269 4076 2504 4124 attamen
2530 4083 2648 4121 cum
2672 4068 2986 4123 auctoritate
3006 4083 3100 4124 eos
3126 4069 3190 4122 ad
3237 4070 3508 4140 proprium
3540 4070 3638 4122 sibi

2052 4174 2187 4229 opus
2211 4160 2437 4225 vocavit,
2470 4175 2577 4223 non,
2607 4160 2745 4229 qttod
2777 4160 2840 4214 ad
2859 4159 3003 4215 aliud
3025 4175 3156 4229 opus
3177 4172 3442 4225 evocaret,
3468 4161 3557 4216 sed
3585 4171 3642 4223 ut

2053 4259 2366 4320 potestatem
2397 4265 2544 4305 suam
2574 4250 2900 4308 ostenderet.
2930 4251 3064 4318 Quid
3095 4268 3222 4323 ergo
3264 4253 3366 4308 sibi
3401 4254 3530 4318 vult,
3558 4253 3640 4319 in-

2051 4343 2222 4412 quies,
2281 4343 2432 4409 illud,
2482 4342 2692 4412 Rogabo
2744 4343 3084 4413 PatrcmP-l‘t
3137 4347 3382 4412 ostendat
3434 4355 3642 4416 tempus

2051 4433 2313 4495 adventus
2357 4433 2472 4504 ejus
2501 4449 2641 4492 esse.

2123 4523 2225 4578 Cur
2252 4525 2480 4594 Spiritus
2505 4536 2708 4586 sanctus
2734 4544 2832 4581 non
2855 4528 3052 4584 advenit
3081 4540 3322 4598 prasente
3347 4528 3642 4587 Clli'iﬁlo.'“f

2051 4616 2182 4674 Cum
2215 4617 2361 4671 enim
2388 4617 2507 4672 illos
2535 4634 2629 4688 per
2658 4619 2977 4676 sacrificium
3015 4621 3353 4687 nmndasset,
3385 4632 3512 4694 tunc
3541 4622 3639 4675 ad-

2053 4709 2254 4762 volavit
2283 4709 2513 4778 Spiritus
2553 4719 2788 4768 sanctus.
2819 4712 2929 4770 Cur
2961 4726 3062 4766 non
3093 4713 3401 4782 supervenit
3428 4713 3641 4781 quando

2050 4809 2168 4856 erat
2194 4816 2313 4854 cum
2345 4800 2452 4855 illis
2469 4801 2662 4857 Jesus?
2689 4803 2820 4879 Quia
2844 4805 3080 4860 nondum
3107 4805 3340 4872 oblatum
3367 4805 3536 4860 fuerat
3556 4821 3640 4859 sa-

2051 4893 2335 4948 crificium.
2369 4891 2502 4948 Cum
2527 4904 2706 4949 autem
2732 4896 2840 4966 jam
2875 4907 3150 4966 peceatum
3190 4896 3423 4950 deletum
3469 4905 3640 4965 esset,

2051 4995 2105 5039 et
2134 4985 2233 5055 ipsi
2263 4985 2330 5039 ad
2370 4985 2604 5056 pericula
2635 4987 2816 5052 missi,
2850 4987 2914 5040 ad
2951 5003 3176 5057 pugnam
3206 5003 3266 5042 se
3295 4997 3636 5057 appararent,

2051 5075 2380 5132 hortatorem
2418 5077 2557 5131 mitti
2582 5077 2839 5146 oportuit.
2877 5077 2987 5134 Cur
3012 5093 3138 5133 vero
3175 5093 3278 5133 non
3309 5079 3488 5132 statim
3519 5087 3642 5147 post

2052 5168 2506 5231 resurrectionem
2537 5167 2768 5238 Spiritus
2798 5167 2980 5223 venit?
3017 5167 3083 5223 Ut
3110 5168 3228 5238 ejus
3259 5167 3460 5235 majore
3497 5167 3638 5236 capti

2053 5259 2340 5329 desiderio,
2371 5277 2491 5318 cum
2517 5261 2708 5330 majori
2737 5261 2905 5332 gratia
2929 5261 3072 5314 illum
3099 5261 3428 5329 acciperent.
3460 5259 3642 5311 Donec

2051 5355 2194 5410 enim
2219 5369 2340 5409 cum
2366 5353 2467 5408 illis
2492 5351 2740 5408 Christus
2758 5360 2894 5419 erat,
2924 5368 3027 5406 non
3051 5350 3470 5418 afﬂictabantur;
3497 5358 3654 5418 post-

2051 5460 2209 5518 quam
2241 5453 2420 5499 autem
2462 5444 2740 5508 discessit,
2789 5442 2970 5497 nudati
3013 5452 3068 5498 et
3112 5443 3162 5496 in
3213 5443 3403 5496 timore
3446 5453 3642 5508 magno

2051 5543 2348 5600 versantes,
2368 5548 2486 5588 cum
2510 5549 2703 5604 magno
2721 5534 2868 5589 illum
2888 5533 3152 5588 desiderio
3172 5531 3446 5602 excepturi
3465 5539 3639 5587 erant.

2063 5624 2330 5679 Vobiscum
2358 5634 2542 5691 manet,
2594 5625 2696 5682 hoc
2740 5633 2843 5690 est,
2876 5639 2944 5679 ne
2989 5635 3106 5691 post
3152 5632 3378 5678 mortem
3426 5621 3641 5691 quidem

2055 5719 2314 5781 abscedit.
2342 5718 2417 5773 Ne
2439 5734 2566 5775 vero
2591 5718 2922 5784 Paraclctum
2949 5717 3247 5784 audientes,
3274 5717 3430 5772 aliain
3460 5727 3642 5782 rursus
