4086 6152
590 281 695 339 635

592 398 784 465 (Marc.
822 398 904 452 I5.
951 395 1060 465 52).
1110 394 1248 462 Quid
1291 407 1419 462 ergo
1449 392 1635 447 beatus
1670 390 1842 465 latro}
1886 389 2166 465 puluinum

591 459 860 531 defendit;
891 475 944 521 et
966 459 1052 534 qui
1078 459 1479 526 damnatus—est,
1505 476 1784 534 personam
1808 459 2000 529 judicis
2021 474 2172 534 assu-

593 539 709 600 mit,
743 547 795 591 et
840 529 1020 604 incipit
1053 534 1290 601 judicare
1329 535 1379 586 in
1425 529 1687 585 veritate:
1721 529 1898 604 Neque
1936 539 1989 583 tu
2027 531 2169 604 times

591 606 774 667 Deum,
809 606 926 674 quia
946 599 997 658 in
1025 599 1195 658 eadem
1216 604 1534 656 damnatione
1555 618 1748 656 sumus.
1777 599 1841 654 Et
1863 617 1953 654 nos
1971 599 2170 674 quidem

590 677 757 743 jusle;
786 669 900 729 nam
927 677 1078 745 digna
1113 675 1258 745 factis
1283 673 1582 745 recipiunts;
1608 673 1687 724 hic
1713 682 1877 724 autem
1904 669 2026 740 quid
2053 669 2172 737 fec":

590 745 741 808 (an.
762 746 852 800 ‘25.
884 744 1137 813 40.“)?
1166 744 1258 798 Dic
1287 744 1436 804 mihi,
1470 757 1502 795 ο
1537 745 1691 807 latro,
1728 757 1825 813 cur
1850 755 1952 794 non
1987 755 2170 794 coram

595 817 761 870 Pilato
792 818 1021 870 breviter
1041 811 1314 868 confessus
1336 813 1430 868 es?
1455 829 1549 866 cur
1571 821 1689 880 post
1715 811 1858 865 mille
1881 819 2168 875 tormenta.

594 902 699 939 non
730 897 853 939 tunc
880 885 1080 950 dixisti,
1122 884 1246 952 quid
1278 882 1512 938 feceras?
1542 881 1698 936 Aliud
1725 891 1849 952 erat
1885 882 2044 952 homo
2078 883 2168 952 ju-

590 957 712 1019 ilex,
740 956 883 1010 aliud
929 957 1064 1009 Deus
1086 951 1267 1022 index.
1303 954 1380 1006 Illi
1424 953 1691 1006 occultare
1735 951 2034 1013 studebam,
2079 951 2168 1022 qui

591 1041 696 1078 non
730 1036 950 1080 noverat
987 1041 1105 1094 qua:
1145 1025 1197 1078 in
1224 1023 1386 1094 corde
1412 1033 1601 1094 erant;
1637 1022 1906 1094 liuic‘non
1932 1023 2164 1089 occulto,

591 1102 679 1165 qui
711 1096 760 1148 in
787 1096 947 1150 corda
986 1091 1246 1163 penetrat.
1279 1093 1578 1165 CurPilato
1619 1109 1722 1145 non
1763 1091 1994 1165 breviter
2032 1106 2167 1165 con-

593 1161 764 1220 fessus
789 1165 884 1220 es?
910 1161 1041 1231 Quia
1073 1166 1141 1218 ibi
1182 1164 1571 1218 confessionem
1609 1161 1926 1230 sequebatur
1969 1164 2168 1232 suppli-

588 1237 730 1289 cium
768 1255 780 1290 :
815 1235 899 1289 hic
940 1250 1066 1288 vero
1099 1233 1486 1288 confessionem
1527 1233 1764 1300 sequitur
1807 1233 1948 1300 salus
1981 1249 1992 1283 :
2023 1249 2166 1294 nam,

595 1303 691 1356 Dic
732 1317 785 1357 tu
818 1307 1105 1375 iniquitates
1140 1315 1252 1358 tuas
1286 1305 1444 1375 prior,
1486 1313 1539 1354 ut
1567 1298 1864 1375 justi/iceris
1895 1298 2044 1375 (luti.
2078 1306 2167 1358 45.

589 1375 706 1445 26).
745 1372 939 1430 Videre
983 1376 1139 1444 igitur
1181 1384 1295 1428 erat
1331 1372 1670 1445 Servatorem
1717 1373 1768 1425 in
1805 1372 2170 1445 mediolatro-

593 1441 738 1504 num,
764 1445 945 1514 jugum
967 1441 1186 1515 juStitizc
1214 1463 1226 1498 :
1257 1444 1437 1515 videre
1461 1453 1576 1515 erat
1603 1441 1885 1515 libra_nletn
1925 1441 2084 1515 ﬁdem
2116 1452 2169 1497 et

590 1511 1255 1583 inﬁdelitatem,justitiam
1284 1524 1338 1569 et
1360 1513 1687 1578 injustitiam.
1715 1511 1904 1583 Traxit
1933 1513 2166 1567 medium

584 1587 801 1650 justitia:
835 1581 1060 1638 tribunal
1082 1603 1094 1651 ;
1119 1594 1171 1639 et
1200 1585 1288 1654 qui
1326 1583 1651 1654 infidelitatis
1686 1581 1924 1650 pondere
1953 1598 2168 1650 pressus

587 1663 722 1718 erat,
749 1655 1072 1725 trahebatur,
1110 1655 1199 1725 qui
1222 1653 1354 1707 vero
1383 1653 1484 1725 ﬁde
1520 1653 1761 1725 sublimis
1789 1662 1925 1725 erat,
1956 1654 2167 1707 attolle-

587 1725 759 1778 batur.
794 1724 905 1779 Nos
931 1723 1152 1792 quidem,
1185 1725 1372 1794 inquit,
1409 1724 1561 1794 digna
1587 1724 1732 1794 factis
1757 1723 2060 1794 recipimus;
2089 1725 2169 1778 hic

585 1807 752 1847 autent
779 1795 940 1862 quid?
964 1798 1025 1848 Et
1051 1810 1190 1848 nunc
1220 1793 1391 1856 video,
1425 1795 1519 1858 ait,
1555 1793 1861 1859 injustitiam
1893 1793 2168 1862 ipsamque

586 1861 900 1930 stupendam
927 1865 1158 1931 ;justuin
1187 1879 1306 1918 cum
1336 1864 1545 1932 injustis
1569 1861 1979 1924 cruciﬁxumfet
2004 1861 2169 1932 aequi-

586 1941 747 1986 tati-tn
777 1949 895 1986 cum
922 1934 1196 2003 iniquitate
1226 1933 1452 2001 plexam.
1484 1931 1594 2003 Nos
1612 1932 1814 2002 quidem
1842 1933 1996 2001 digna
2022 1931 2168 2001 factis

585 2004 891 2072 recipimus;
917 2004 998 2056 hic
1017 2002 1201 2057 autem
1232 2003 1352 2072 quid
1386 2002 1545 2073 fecit?
1582 2002 1687 2056 Nos
1710 2004 1903 2073 caedes
1935 2005 2165 2070 patravi-

588 2087 727 2136 mus,
757 2073 905 2126 vivos
931 2073 1220 2127 occidimus
1249 2091 1260 2126 :
1297 2072 1639 2127 hicmortuos
1657 2072 1721 2124 ad
1751 2073 1909 2125 vitam
1934 2073 2163 2138 reduxit,

545 2170 549 2173 -
587 2150 642 2195 et
670 2142 853 2196 mortis
882 2144 986 2197 vim
1027 2144 1226 2199 solvit:
1260 2158 1356 2197 nos
1395 2143 1566 2196 aliena
1603 2143 1906 2210 rapuimus;
1951 2143 2035 2196 hic
2071 2158 2166 2196 sua

585 2227 851 2281 quemque
873 2213 999 2268 dare
1015 2213 1166 2282 jubet
1190 2233 1202 2264 :
1233 2228 1329 2267 nos
1356 2227 1470 2275 eos,
1498 2213 1584 2280 qui
1609 2212 1738 2282 nihil
1769 2227 1867 2266 nos
1897 2213 2162 2277 laiserant,

585 2281 878 2337 occidimus
902 2299 915 2344 ;
951 2281 1037 2338 hic
1063 2284 1304 2338 inimicos
1327 2283 1548 2352 diligere
1574 2281 1773 2336 docuit.
1803 2282 2057 2349 Injustum
2085 2293 2168 2337 est

583 2352 860 2418 judicium.
897 2353 1032 2407 Num
1078 2354 1232 2420 hujus
1262 2368 1421 2421 opera
1452 2352 1729 2421 supplicio,
1765 2362 1944 2406 nostra
1978 2355 2167 2407 remis-

586 2423 736 2475 sione
790 2423 944 2488 digna
1000 2425 1176 2478 sunt?
1225 2423 1464 2478 Judicate
1518 2422 1808 2477 secundum
1865 2424 2162 2477 veritatem.

587 2492 824 2564 Nequitia
853 2494 1034 2564 fugiat,
1063 2494 1263 2562 justitia
1292 2494 1596 2548 honoretur.
1628 2493 1818 2547 Verum
1843 2493 1956 2547 hzec
1976 2509 2042 2546 ex
2071 2493 2166 2546 Ju-

584 2562 821 2616 dazorum
857 2562 1088 2632 nequitia
1120 2565 1256 2617 facta
1287 2573 1427 2622 sunt.
1463 2565 1841 2633 impletumque
1867 2572 1947 2616 est
1968 2573 2168 2633 myste-

585 2633 722 2685 rium
747 2631 1134 2702 propheticum,
1160 2635 1303 2690 clare
1327 2635 1392 2688 de
1413 2631 1686 2688 Salvatore
1706 2631 1888 2687 dicens
1918 2650 1933 2685 ς
1961 2631 2035 2685 Et
2053 2650 2167 2685 cunt

584 2703 774 2775 iniquis
814 2716 1070 2775 reputatus
1117 2715 1192 2758 est
1236 2703 1343 2775 (Id.
1372 2705 1459 2759 55.
1495 2705 1580 2758 12.
1616 2703 1780 2756 Marc.
1813 2705 1899 2775 15.
1929 2703 2023 2772 28)
2073 2703 2164 2772 ju-

584 2723 770 2769 mtquts
814 2723 867 2756 re
906 2723 1070 2758 υιαωε
1117 2723 1192 2758 est
1236 2723 1343 2775 μα.
1372 2723 1459 2759 ὃς).
1495 2723 1580 2758 12.
1616 2723 1780 2756 Μαῖα.
1813 2723 1899 2759 ιθ.
1930 2723 2023 2772 Ζδ)
2073 2723 2164 2772 111·-

584 2780 721 2825 stus.
744 2772 846 2826 Sed
868 2723 1053 2828 beatus
1073 2775 1283 2841 quidem
1310 2776 1444 2828 latro
1469 2777 1535 2829 ita
1562 2774 2064 2842 philosophabatur;
2089 2775 2164 2842 sic

585 2851 877 2912 praesentes
927 2845 1242 2914 erudiebat,
1293 2845 1417 2899 dum
1471 2841 1622 2900 alteri
1677 2841 2043 2915 exprobraret.
2097 2841 2167 2898 Ut

2124 274 2400 334 SPURIA.

3791 280 3864 336 36

2275 400 2452 443 autem
2491 398 2756 444 mortuttm
2785 392 2915 446 vidit
2952 392 3292 461 prmsentium
3333 391 3592 453 auditum,
3633 394 3867 446 vertitur

2277 461 2488 532 domum
2519 462 2766 532 adieum,
2811 465 2898 532 qui
2943 465 3089 518 novit
3133 464 3381 518 interiora
3417 462 3616 529 cordis,
3645 475 3700 517 et
3725 463 3866 519 dicit

2280 529 2506 582 Domino
2535 550 2546 584 :
2582 531 2813 592 Domine,
2829 529 3081 587 memento
3109 535 3207 588 mei
3235 534 3287 586 in
3316 549 3469 601 regno
3495 542 3600 586 tua.
3629 534 3863 587 Cruciﬁ-

2279 615 2401 653 xum
2436 601 2602 659 vides.
2633 611 2686 654 et
2713 603 2987 656 Dominum
3019 604 3288 658 conﬁteris
3320 622 3334 657 :
3365 602 3599 656 damnati
3632 607 3862 657 formam

2280 668 2542 742 vidcstet
2585 671 2744 741 Regis
2771 673 3078 742 dignitatem
3124 673 3418 742 przcdicas?
3447 671 3652 742 Ecquid
3694 675 3866 730 mira-

2279 755 2425 816 mur,
2453 740 2678 804 fratres,
2701 742 2743 794 si
2774 740 2966 796 Paulus
2995 753 3116 816 post
3126 740 3340 798 tantam
3374 740 3766 816 mysteriorum
3781 744 3866 796 di-

2278 809 2554 882 sciplinam
2581 851 2595 873 ,
2643 819 2762 878 post
2806 809 3005 866 tantam
3051 809 3862 882 miraculorum',experientiam

2277 879 2419 952 dicat
2449 899 2460 934 :
2495 882 2557 936 Si
2585 883 2716 933 enim
2745 885 3107 950 cognovissent,
3138 900 3408 952 numquam
3437 879 3710 936 Dominum
3742 886 3864 952 glo-

2277 950 2368 1002 ria:
2385 952 2748 1018 cruciﬁxissent
2775 955 2850 1021 (1.
2875 953 2991 1007 Cor.
3025 954 3079 1008 2.
3105 954 3162 1022 8)
3184 955 3208 1005 ἱ)
3234 950 3344 1007 Hoc
3384 954 3576 1006 Paulus
3605 950 3865 1022 prmdicat

2279 1029 2398 1086 post
2425 1029 2568 1094 tanta
2593 1023 2800 1090 cognita
2837 1025 3106 1094 mysteria,
3153 1033 3270 1092 post
3308 1023 3561 1077 miracula
3588 1033 3642 1078 et
3681 1024 3861 1093 signa.

2277 1099 2394 1156 post
2439 1092 2583 1164 mille
2626 1092 2996 1160 operatiOIies,
3047 1101 3167 1162 post
3219 1094 3685 1157 resurrectionem,
3735 1092 3864 1164 post

2274 1163 2711 1229 assumptionem.
2759 1164 2922 1217 Latro
2964 1172 3161 1226 autem,
3193 1164 3302 1216 visa
3337 1172 3476 1216 tanta
3507 1163 3862 1226 contumelia,

2273 1244 2433 1302 cruce
2450 1231 2646 1302 deﬁxa,
2678 1233 2958 1287 Dominum
2987 1241 3139 1287 vocat
3161 1248 3301 1297 eum,
3326 1233 3416 1302 qui
3443 1233 3730 1287 cruciﬁxus
3752 1243 3861 1297 est,

2275 1309 2329 1353 et
2357 1301 2484 1355 dicit
2511 1303 2557 1356 ei
2591 1319 2602 1354 :
2639 1302 2870 1370 Domine,
2905 1313 3148 1357 memento
3173 1304 3287 1364 mei,
3319 1301 3432 1356 cum
3474 1305 3663 1356 veneris
3690 1305 3748 1356 in
3776 1319 3862 1356 re-

2273 1387 2426 1442 gnum
2453 1382 2617 1425 tuum.
2647 1373 2780 1442 Quid
2815 1373 3032 1442 dignum
3063 1374 3316 1428 memoria
3349 1373 3561 1426 fecisti?
3588 1373 3713 1440 quid
3749 1387 3863 1426 non

2273 1441 2489 1508 dignum
2517 1440 2777 1510 supplicio
2814 1440 2980 1497 iecisti
3004 1444 3026 1497 ?
3051 1458 3226 1497 anuon
3254 1443 3538 1497 occidisti?
3566 1458 3745 1496 annon
3781 1442 3863 1496 fu-

2277 1522 2419 1564 ratus
2449 1513 2549 1565 cs?
2575 1527 2753 1566 annon
2798 1514 3138 1567 latrocinatus
3180 1514 3280 1567 es?
3305 1513 3580 1567 Sescentis
3625 1513 3866 1568 foedatus

2273 1581 2428 1636 malis
2454 1597 2608 1650 rogas
2638 1583 2782 1636 illum
2820 1583 3039 1650 justitize
3078 1580 3299 1644 fontem,
3333 1592 3392 1636 ut
3421 1583 3708 1652 iniquitatis
3755 1592 3864 1637 tua:

2276 1653 2576 1723 ttietnitiet'it
2599 1652 2621 1704 ?
2653 1652 2854 1723 Etiam,
2880 1651 3114 1717 Domine,
3131 1655 3302 1723 justus
3329 1669 3404 1716 es,
3430 1662 3474 1706 et
3504 1663 3636 1705 recta
3650 1653 3864 1722 judicia

2275 1731 2360 1772 tua
2387 1719 2558 1790 (Psal.
2596 1723 2712 1776 118.
2743 1722 2891 1793 157).
2921 1723 3100 1778 Redde
3122 1719 3251 1777 mihi
3281 1723 3572 1776 secundum
3594 1719 3861 1790 justitiam

2265 1799 2438 1849 tuam.
2475 1793 2586 1861 Ego
2614 1793 2717 1846 vidi
2747 1802 2984 1860 apertam
3013 1793 3389 1848 contumeliam
3419 1802 3583 1859 tuam,
3611 1807 3860 1857 crucem,

2272 1871 2328 1914 et
2373 1863 2715 1929 opprobrium
2767 1864 2834 1918 ab
2882 1864 3074 1931 iniquis
3116 1863 3318 1916 illatum
3349 1879 3361 1914 :
3392 1878 3492 1916 nec
3538 1864 3648 1930 jam
3696 1862 3864 1917 video

2273 1943 2511 2002 apertam
2555 1933 2697 1986 illam
2743 1935 3142 1996 contumeliam,
3174 1931 3268 1987 sed
3295 1933 3560 1986 occultum
3607 1947 3861 2002 regnum.

2273 1999 2386 2071 Ego
2412 2017 2528 2070 qua:
2553 2003 2726 2065 video,
2751 2003 3015 2068 despicio;
3047 2013 3100 2056 tu
3132 2017 3235 2056 u0u
3267 2003 3495 2071 despicis
3518 1999 3701 2071 aperta
3735 2017 3861 2054 mea

2271 2070 2481 2132 delicta,
2525 2081 2578 2125 et
2607 2074 2800 2128 mentis
2831 2073 2985 2126 ﬁdem
3012 2072 3293 2126 admittis?
3326 2070 3578 2126 Memento
3608 2074 3723 2134 mei,
3754 2071 3863 2124 Do-

2273 2141 2422 2212 mine.
2455 2142 2498 2194 0
2517 2142 2716 2209 justum
2735 2143 2991 2210 judicium
3014 2143 3026 2196 !
3056 2143 3317 2198 Memento
3345 2145 3446 2196 mei
3475 2142 3526 2195 in
3551 2158 3713 2212 regno
3740 2152 3859 2194 tuo.

2273 2211 2384 2264 Non
2426 2212 2814 2278 essetjustum,
2849 2213 3095 2276 Domine,
3137 2213 3260 2268 dum
3308 2212 3553 2267 diabolus
3581 2211 3743 2266 unum
3793 2228 3860 2265 ex

2271 2282 2545 2353 discipulis
2572 2283 2895 2351 proditorem
2927 2283 3068 2348 facit,
3098 2292 3149 2338 te
3173 2299 3334 2336 unum
3361 2282 3718 2353 exgdiscipulis
3743 2283 3864 2336 dia-

2275 2352 2380 2405 buli
2413 2368 2518 2405 non
2547 2363 2751 2406 mutare
2781 2354 2830 2406 in
2862 2354 3267 2423 evangelistam.
3302 2351 3628 2423 Discipuluin
3658 2354 3861 2408 verita-

2275 2424 2340 2476 tis
2369 2423 2543 2492 rapuit
2570 2423 2843 2490 injustitia,
2865 2432 2918 2477 et
2943 2422 3257 2492 diScipuluin
3296 2422 3566 2490 iniustitia:
3597 2439 3700 2477 non
3731 2439 3859 2476 mu-

2274 2493 2402 2546 tabit
2453 2493 2694 2547 veritas?
2743 2493 2932 2548 Nonne
2983 2502 3035 2546 tu
3083 2509 3182 2558 es,
3234 2493 3477 2554 Domine.
3537 2494 3625 2561 qui
3678 2502 3859 2546 mutas

2275 2562 2520 2616 tenebras
2548 2563 2599 2615 iu
2628 2563 2820 2625 lucem,
2852 2573 2906 2617 et
2934 2571 3167 2617 tortuosa
3196 2565 3247 2616 in
3275 2573 3475 2616 rectam
3502 2564 3682 2617 viam?
3709 2563 3856 2617 Muta

2271 2647 2484 2701 quoque
2512 2633 2772 2687 latronem
2802 2633 2852 2686 in
2880 2634 3280 2702 evangelistam,
3312 2633 3465 2687 vince
3496 2633 3732 2688 bonitate
3762 2650 3859 2686 ne-

2273 2703 2516 2774 quitiam,
2547 2703 2825 2772 exstingue
2853 2703 3051 2774 justitia
3083 2703 3517 2774 iniquitatem,ict
3545 2703 3609 2755 da
3631 2704 3854 2772 gloriam

2271 2773 2579 2842 benignitati
2609 2781 2731 2838 tute,
2757 2773 2914 2842 quam
2944 2773 3096 2828 decet
3119 2773 3288 2843 gloria
3316 2783 3371 2828 et
3393 2773 3632 2829 adoratio
3661 2775 3712 2828 in
3747 2788 3859 2829 sua--

2272 2843 2391 2898 cula
2421 2843 2758 2898 szeculorum.
2786 2844 2978 2900 Amen.

637 3597 3606 3635 =~——v——-—n_-___—_-——'_—————_—_——-——‘__~—-’
2262 3615 2267 3626 Ι
2643 3615 2650 3627 ι
2782 3616 2883 3628 —_
2903 3603 3762 3629 ________—_.__,-.——..'
3669 3599 3837 3625 Wa

1769 3779 2148 3867 MONITUM
2190 3779 2273 3840 IN
2312 3780 2725 3843 HOMILIAM

694 3939 768 3995 De
803 3942 902 3996 hac
933 3957 1029 3996 seu
1062 3939 1280 3996 homilia
1307 3956 1401 3996 seu
1434 3939 1813 3996 dissertatione
1857 3941 1962 3996 hoc
2003 3941 2126 3996 tulit
2149 3941 2411 4012 judicium
2453 3941 2702 4007 Savilius,
2741 3951 2870 3997 tom.
2901 3941 3036 4007 VIII,
3067 3943 3169 3998 col.
3207 3942 3308 3998 746
3341 3960 3354 3997 :
3393 3941 3625 3996 Homilia
3674 3941 3876 3994 erudite

622 4033 831 4103 quidem
866 4033 959 4087 illa
997 4041 1045 4086 et
1092 4043 1244 4086 acute
1279 4042 1536 4096 contexta,
1576 4034 1666 4087 sed
1707 4033 1850 4086 nullo
1885 4033 2035 4090 modo
2063 4032 2286 4087 Joannis
2325 4033 2506 4098 nostri,
2554 4041 2647 4086 aut
2687 4033 2742 4085 in
2780 4033 2950 4086 dubiis
2983 4034 3188 4098 saltem,
3232 4043 3324 4088 aut
3370 4034 3425 4087 in
3457 4030 3878 4102 ἀμφιϐαλλομέεο

621 4141 752 4188 νοις,
798 4125 1159 4194 relinquenda.
1214 4125 1358 4179 Adde
1382 4126 1519 4196 quod
1547 4126 1858 4195 quibusdam
1887 4126 1942 4178 in
1977 4126 2100 4179 locis
2131 4126 2228 4179 sibi
2253 4126 2365 4194 ipsa
2396 4141 2632 4195 pugnare
2657 4125 2878 4189 videtur,
2919 4126 2974 4178 in
3014 4125 3134 4179 aliis
3160 4126 3392 4180 veritati.
3441 4126 3641 4180 Secum
3672 4131 3877 4193 pugnat

622 4213 860 4270 homilia:
885 4227 1092 4282 auctor,
1127 4232 1249 4270 cum
1282 4225 1403 4286 post
1427 4217 1649 4270 allatum
1674 4217 1901 4271 Joannis
1927 4218 2105 4272 locum
2139 4215 2229 4286 (Et
2262 4217 2388 4270 vidit
2417 4226 2466 4271 et
2499 4217 2740 4270 credidit.
2789 4217 3034 4270 Nondum
3066 4219 3204 4270 enim
3245 4217 3478 4270 sciebant
3510 4214 3872 4285 Scripturam,

620 4307 745 4375 quia
773 4308 1042 4376 oportebat
1074 4324 1190 4360 eum
1224 4325 1256 4360 a
1288 4309 1504 4361 mortuis
1539 4324 1827 4378 resurgere.
1867 4308 2117 4361 Abierant
2150 4324 2269 4379 ergo
2292 4308 2483 4360 iterum
2511 4307 2753 4376 discipuli
2779 4309 2848 4362 ad
2879 4305 3202 4376 semetipsos)
3237 4306 3420 4376 adjicit
3452 4305 3588 4376 ipse,
3634 4307 3785 4362 Nihil
3813 4311 3877 4364 de

623 4401 997 4453 resurrectione
1025 4401 1324 4464 credentes;
1361 4415 1482 4453 cum
1514 4400 1628 4469 ipse
1657 4399 1896 4454 Joannes
1922 4400 1988 4453 de
2016 4415 2074 4453 se
2103 4400 2327 4467 loquens
2356 4399 2520 4466 dicat,
2551 4399 2667 4468 ipso
2697 4399 2986 4463 referente,
3020 4399 3091 4453 Et
3119 4399 3247 4450 vidit
3273 4406 3322 4452 et
3349 4396 3610 4462 credidit;
3647 4413 3873 4470 nempe,

625 4497 686 4543 ut
714 4489 846 4544 vidit
876 4499 1286 4546 monumentum
1318 4505 1568 4556 vacuum,
1600 4491 2050 4546 resurrectionem
2078 4491 2326 4546 credidit.
2353 4491 2488 4546 Nam
2517 4491 2662 4562 quod
2695 4491 2903 4562 adjicit,
2935 4490 3181 4550 Nondum
3211 4491 3350 4545 enim
3371 4490 3602 4545 sciebant
3632 4489 3878 4562 Scriptu-

627 4595 765 4646 ram,
795 4589 926 4650 etc.,
961 4584 1029 4637 ad
1058 4592 1272 4651 tempus
1299 4583 1634 4654 praecedens,
1667 4592 1728 4638 ut
1751 4583 1937 4653 liquet,
1964 4583 2307 4640 referendum
2332 4594 2435 4640 est.

640 4757 744 4766 -λ“-

626 4835 692 4879 IN
735 4835 1051 4879 MUIJERES
1095 4835 1235 4888 QUE
1279 4834 1615 4878 UNGUENTA
1659 4835 2080 4881 ATTULERUNT
2127 4839 2140 4879 ε

696 5197 747 5250 1.
796 5197 906 5264 Age
946 5193 1013 5248 de
1057 5192 1498 5263 cvangelistarum
1541 5192 1758 5248 historia
1797 5193 2205 5264 circasanclam

620 5264 817 5321 Christi
849 5262 1294 5320 resurrectionem
1329 5279 1490 5332 pauca
1521 5273 1712 5318 vestra:
1741 5263 1946 5316 caritati
1977 5262 2206 5332 dissera-

622 5351 761 5400 mus,
789 5337 1241 5402 ostendamusque
1279 5331 1474 5388 nullam
1505 5349 1566 5386 ea
1596 5333 1662 5386 de
1692 5347 1750 5386 re
1773 5332 1912 5395 apud
1935 5331 2206 5402 evangeli-

622 5416 732 5459 stas
761 5405 1080 5459 discordiam
1106 5401 1186 5458 vel
1207 5421 1429 5473 pugnaui
1460 5402 1849 5473 reperiri.0uia
1863 5403 2004 5473 enim
2026 5401 2122 5454 hac
2138 5401 2206 5455 de

625 5489 682 5526 re
725 5475 870 5527 vario
916 5474 1074 5528 modo
1121 5472 1322 5542 loquuti
1355 5483 1480 5528 sunt
1519 5483 1748 5540 quatuor
1774 5472 1869 5533 illi,
1915 5472 2084 5524 visum
2125 5480 2208 5525 est

624 5544 938 5612 quibusdam
972 5545 1358 5612 insipientibus,
1389 5543 1440 5596 itt
1479 5543 1579 5612 hac
1606 5543 1917 5612 recensione
1953 5555 2202 5608 pugnam,

628 5607 734 5683 imo
759 5607 1090 5683 mendacium
1125 5613 1473 5683 deprehendi.
1505 5611 1690 5683 Sancti
1721 5627 1848 5666 vero
1890 5607 2072 5683 Patres
2113 5627 2206 5662 no-

625 5680 724 5732 stri
769 5683 949 5750 paucis
995 5680 1211 5737 illorum
1245 5684 1519 5739 stultitiam
1565 5681 1902 5736 confutarunt
1943 5681 2200 5749 dicentes,

2799 4758 2978 4766 ...φ-..-

2188 4841 2268 4884 ΕΤ
2311 4839 2479 4892 QUOD
2523 4840 2721 4881 NULLA
2769 4840 3137 4882 DIVERSITAS
3186 4839 3302 4882 νΕῐ.
3343 4839 3548 4882 PUGNA
3595 4839 3897 4882 REPIRIL-

891 4937 1019 4979 TUR
1049 4936 1242 4979 INTER
1275 4935 1738 4979 EVANGELISTAS
1783 4936 1968 4980 CIRCA
2014 4938 2587 4982 BESURRECTIONEM
2632 4939 2856 4980 DOMINI

1909 5081 2167 5102 ——'*—
2188 5066 2344 5121 eam

2906 4940 3125 4982 NOSTBI
3169 4940 3316 4983 .IESU
3360 4940 3634 4983 CHRISTI.

3691 5059 3740 5108 κέ

2358 5089 2676 5108 Ἦ

2310 5193 2544 5262 singulos
2574 5196 2927 5268 evangelistas
2950 5198 3190 5268 isingulas
3231 5198 3590 5268 profectiones
3621 5202 3911 5256 mulierum

2311 5273 2365 5316 et
2408 5266 2772 5338 apostolorum
2815 5267 2881 5320 ad
2930 5266 3167 5322 divinum
3213 5266 3518 5338 sepulcrum
3563 5273 3907 5326 narravisse.

2310 5347 2429 5401 qua:
2457 5335 2701 5409 diversis
2750 5339 2896 5409 luere
2941 5335 3308 5409 temporibus;
3355 5341 3665 5409 nullumque
3715 5352 3909 5395 eorum

2310 5405 2617 5458 meminisse
2651 5421 2770 5474 qua:
2821 5408 2872 5459 in
2917 5405 3138 5463 alterius
3186 5411 3494 5464 narratione
3551 5405 3899 5473 ferebantur,

2309 5475 2645 5528 sanctissimo
2673 5477 2892 5548 Spiritu,
2923 5480 3009 5546 qui
3039 5494 3132 5547 per
3159 5479 3304 5547 ipsos
3330 5478 3668 5548 loquebatur,
3699 5481 3772 5535 ita
3803 5479 3899 5534 dis

2313 5553 2586 5609 pensante,
2640 5555 2695 5598 ut
2723 5547 2854 5618 nihil
2893 5556 3018 5601 tunc
3057 5559 3328 5618 gestorum
3373 5547 3900 5618 praetermitteretur,

2311 5621 2364 5664 et
2394 5629 2512 5666 cum
2545 5629 2733 5690 omnes
2771 5616 2965 5690 diversi
2999 5616 3254 5690 temporis
3295 5616 3572 5690 historiam
3621 5635 3900 5690 persequi).

2311 5694 2516 5744 rentur,
2550 5687 2724 5739 omnis
2753 5687 3072 5759 suspicionis
3113 5690 3390 5743 inatcriatn
3436 5687 3756 5761 etfugcrent.
3798 5687 3898 5744 Ve
