4086 6152
287 331 394 391 853

1173 330 1239 384 IN
1278 329 1727 386 CHANANIEAM
1763 329 1852 385 ET
1892 329 1959 385 IN
1998 326 2447 393 PllABAONEM,
2489 323 2640 382 ΕΠΖ.

3427 317 3532 380 683

289 473 3538 514 Μαι

1371 625 1450 694 ΙΝ
1493 624 1968 706 SEQUENTEM
2003 623 2471 694 SERMONEM.

288 801 494 867 horret,
531 799 603 854 ita
632 807 692 854 ut
715 812 816 852 nec
838 796 978 852 inter
998 787 1450 866 ἀμφιϐαλλόμενα
1478 793 1757 850 accenseri
1781 802 2071 857 mereatur,
2101 800 2160 846 ut
2187 793 2519 848 existimabit
2541 785 2684 848 haud
2709 793 2871 850 dubie
2899 787 3144 866 quisquis
3173 787 3540 866 Chrysostoml

291 895 561 952 orationes
586 894 670 950 vel
697 893 1024 964 primoribus
1062 890 1224 946 labris
1256 890 1491 962 attigerit
1525 908 1539 945 :
1573 905 1636 946 ac
1664 890 1748 944 vel
1775 905 1842 944 ex
1869 889 1988 960 ipso
2016 888 2261 943 ordiendi
2300 889 2459 943 modo
2487 890 2650 944 alium
2685 891 3056 960 deprehendet
3085 901 3375 946 oratorem.
3416 891 3538 945 Cte-

293 996 468 1043 terum
503 1001 611 1042 non
654 985 904 1041 indoctus
933 994 1016 1040 est
1047 985 1279 1053 scriptor
1307 983 1428 1047 iste,
1477 987 1532 1037 et
1580 981 1706 1037 licet
1745 978 2048 1036 innumeris
2089 979 2507 1051 repetitionibus
2555 992 2814 1036 nauseam
2847 983 3043 1052 pariat,
3082 993 3226 1038 recte
3254 985 3446 1053 probat
3476 1001 3542 1038 ex

294 1083 380 1136 his
411 1080 648 1150 Apostoli
679 1080 857 1136 verbis
889 1097 902 1134 :
934 1078 1056 1134 Non
1087 1089 1161 1134 est
1183 1077 1398 1133 volentis
1422 1088 1584 1148 neque
1607 1075 1883 1140 currentis,
1905 1076 1998 1130 sed
2023 1075 2316 1129 miserantis
2343 1085 2417 1128 est
2451 1067 2567 1142 Dei,
2599 1090 2709 1129 non
2732 1075 2883 1145 sequi
2915 1076 3186 1132 hominem
3214 1079 3306 1148 qui
3334 1088 3542 1149 peccat,

294 1173 450 1242 culpa
485 1172 714 1228 liberum
752 1185 906 1239 esse;
954 1171 1050 1227 sed
1079 1187 1145 1226 ex
1174 1169 1469 1227 voluntatis
1503 1183 1616 1224 suae
1661 1169 1959 1240 proposito,
1996 1168 2099 1224 sibi
2142 1167 2439 1239 perniciem
2470 1175 2527 1224 et
2568 1168 2848 1223 interitum
2881 1184 3107 1245 parere,
3155 1171 3302 1240 quod
3334 1187 3400 1226 ex
3429 1165 3546 1228 aliis

299 1265 592 1339 Scripturae
619 1264 778 1325 dictis
804 1275 860 1324 et
887 1267 1147 1340 exemplis
1169 1266 1470 1333 confirmat,
1515 1281 1579 1324 ac
1610 1265 1937 1340 syllogistico
1964 1281 2114 1322 more
2148 1262 2468 1336 plerumque
2505 1265 2767 1336 procedit.

309 1613 3526 1641 Μ*

285 1951 347 1995 ιιι
392 1949 798 1994 αιιΑιιΑΜεΑω
845 1948 924 1991 ar
967 1947 1027 1991 tu
1074 1939 1486 1998 PHARAONEM,
1517 1945 1597 1985 ετ
1639 1942 1809 1996 quon
1852 1941 1976 1986 tum
2008 1940 2310 1987 VOLEN'HS
2354 1943 2562 1997 NEQUE
2607 1945 2984 2004 connexus,
3017 1935 3135 1989 Sub
3181 1935 3553 1990 iusalterius

1286 2039 1384 2091 SIT
1426 2042 1533 2088 DEI
1580 2027 1838 2108 (Matth.
1869 2025 1968 2087 15.
1999 2024 2175 2087 Rom.
2221 2028 2284 2097 9,
2338 2027 2461 2108 16).

1560 2168 2277 2209 mumnmmm

357 2294 408 2350 l.
433 2293 648 2349 Etiamsi
667 2305 764 2348 nos
783 2293 1114 2362 vespertinus
1132 2291 1220 2346 ille
1240 2291 1494 2362 tumultus
1510 2292 1861 2362 perturbavit,

284 2372 337 2419 at
370 2365 688 2420 exhilaravit
729 2361 1099 2418 universorum
1145 2362 1398 2416 studium.
1428 2361 1544 2416 Non
1576 2364 1718 2418 enim
1752 2373 1865 2418 tur-

283 2437 469 2491 hat-nm
501 2433 868 2490 confusionem
891 2475 905 2496 ,
937 2433 1028 2487 sed
1057 2432 1360 2486 auditorum
1390 2433 1658 2487 fervorem
1690 2435 1861 2502 respi-

280 2508 485 2562 cit-ham
522 2513 930 2576 :spectatorque
958 2519 1106 2558 eram
1141 2503 1364 2576 forensis
1403 2504 1862 2576 etgpopularistu-

283 2579 500 2647 multus,
529 2573 1138 2647 simtthuediviniatque
1154 2573 1496 2647 prghistudii,
1521 2573 1590 2627 ita
1625 2583 1682 2630 ut
1719 2574 1865 2631 dice-

281 2661 395 2703 rent
418 2667 431 2702 :
458 2642 640 2716 Manus
657 2642 858 2716 quidem
875 2657 989 2700 sunt
1010 2642 1189 2716 manus
1206 2642 1364 2709 Esai't,
1383 2659 1481 2698 vos;
1495 2655 1663 2716 autem
1677 2661 1776 2716 eoa:
1789 2655 1862 2700 est

279 2716 459 2772 Jacobi
484 2719 502 2787 (
516 2713 645 2774 Gen.
670 2713 762 2772 Ἦ.
790 2718 914 2785 22).
938 2715 1209 2784 Popularis
1225 2722 1338 2770 erat
1361 2714 1634 2787 tumultus,
1665 2715 1759 2771 sed
1780 2716 1862 2771 di-

281 2790 463 2844 vinum
493 2785 764 2845 studium.
791 2787 1014 2860 Oportet
1039 2795 1223 2860 autem»
1258 2800 1364 2839 non
1394 2785 1618 2860 distrahi
1647 2802 1714 2842 ex
1734 2787 1860 2860 pcla-

281 2873 433 2916 more
477 2857 931 2926 tumultuantium,
963 2857 1055 2913 sed
1088 2858 1357 2924 respicere
1385 2857 1619 2912 studium
1645 2859 1858 2916 audito-

283 2945 422 2985 rum.
471 2929 600 2986 Nam
651 2930 950 2985 Cltananara
1007 2938 1128 2999 post
1175 2927 1512 2999 Servatorem
1559 2929 1854 2995 clamabat;

281 3015 465 3056 verum
498 3001 586 3056 ille
617 3012 720 3055 nOn
751 3000 816 3054 ad
844 2998 1133 3056 clamorem
1173 2998 1433 3061 attendit,
1464 2999 1559 3054 sed
1585 2999 1654 3054 ad
1695 3001 1858 3057 animi

281 3069 549 3127 allectum.
572 3070 849 3127 Clamabat
877 3085 1005 3141 ergo
1024 3110 1040 3134 ,
1065 3077 1121 3124 ιιι
1147 3069 1305 3122 modo
1324 3070 1564 3136 audistis,
1586 3071 1858 3128 Dominica

280 3154 511 3214 goquens
535 3143 752 3214 vestigia
778 3160 791 3214 ς
826 3141 931 3196 Fili
949 3140 1137 3214 David,
1157 3141 1390 3214 miserere
1411 3143 1507 3194 mei
1530 3141 1742 3214 (Matth.
1766 3143 1855 3199 15.

279 3209 398 3283 22).
410 3209 456 3268 Ο
471 3209 704 3283 gentium
724 3213 912 3268 ﬁdem!
933 3227 966 3266 ο
981 3211 1006 3267 .l
1016 3213 1286 3283 admorunt
1307 3209 1567 3283 ingratum
1580 3213 1815 3269 animum
1838 3215 1852 3270 !

282 3281 365 3338 Ab
394 3279 681 3338 Israelitico
707 3297 901 3353 genere
924 3283 1115 3343 aliena.
1141 3295 1241 3337 nec
1271 3281 1322 3335 in
1347 3279 1464 3352 lege
1488 3283 1732 3350 educata,
1757 3300 1857 3341 nec

280 3355 334 3424 in
379 3353 652 3424 prophetis
695 3363 942 3420 versata,
990 3354 1267 3407 veritatem
1311 3353 1598 3420 praedicat,
1629 3354 1851 3421 dicens,

282 3420 392 3478 Fili
431 3420 628 3486 David.
669 3425 902 3478 miserere
940 3424 1073 3488 mel,-
1113 3424 1202 3493 qni
1245 3436 1373 3478 vero
1417 3424 1612 3494 inlege
1640 3420 1853 3481 educati

283 3495 524 3566 fuerant,
546 3496 636 3566 qui
664 3495 969 3566 prophetas,
1001 3494 1280 3549 audierant
1297 3535 1310 3556 .
1335 3493 1670 3566 mendacium
1700 3504 1856 3551 tuen-

281 3572 368 3620 tur
392 3563 632 3623 dicentes
645 3563 680 3632 ,’
695 3563 810 3620 Non
855 3565 1099 3620 novimus
1143 3579 1265 3618 eum
1290 3577 1306 3627 ;
1337 3563 1702 3618 Samaritanus
1730 3575 1813 3620 est
1836 3607 1852 3631 ,

278 3645 333 3690 et
352 3633 673 3691 daemonium
696 3634 873 3690 habet.
893 3635 938 3691 Ο
961 3635 1118 3690 tidem
1142 3633 1412 3700 gentium!
1437 3649 1470 3687 ο
1493 3633 1853 3690 lsraelitarum

280 3704 544 3775 ingratum
561 3707 820 3760 animum!
839 3704 968 3775 Vide
989 3707 1153 3760 Deum
1170 3703 1569 3775 et_Servatorem
1590 3705 1850 3771 omnium,

277 3771 533 3846 quantum
551 3787 732 3846 genus
755 3774 881 3829 illud
904 3774 1152 3846 honoret.
1188 3771 1309 3846 Non
1327 3783 1401 3826 est
1414 3772 1607 3846 bonum
1625 3775 1854 3846 accipere

278 3842 461 3916 panem
502 3842 755 3915 ﬁli—orum,
787 3855 834 3898 et
877 3843 1367 3916 proﬁceret-auibus
1403 3842 1580 3914 (Ibid.
1613 3858 1661 3898 υ.
1700 3845 1770 3899 26
1808 3846 1850 3915 ).

277 3912 476 3971 Gentes
498 3912 650 3971 vocat
669 3929 829 3970 canes
849 3912 944 3980 ,ἐι
962 3912 1232 3969 Ἰδτιιειίιτιε
1260 3913 1398 3968 ﬁlios
1414 3912 1434 3966 ἐ
1469 3912 1853 3971 transmutattir

278 3986 453 4042 honor
478 4003 506 4041 a
539 4001 606 4055 po
646 3987 770 4050 nlo;
823 3996 876 4040 et
904 3987 994 4054 qui
1023 3984 1385 4050 honorantur,
1415 3984 1584 4054 ipsum
1617 3984 1853 4043 dehone-

278 4065 448 4111 stant:
473 4059 560 4111 aui
587 4001 994 4111 desoiciuntur.
1023 4056 1248 4111 adorant
1273 4069 1288 4107 :
1319 4055 1408 4111 oui
1437 4055 1530 4110 lilii
1559 4065 1846 4111 vocantur.

276 4065 448 4124 stant;
473 4059 560 4126 qui
587 4055 994 4126 deSpiciuntur,
1023 4056 1248 4111 adorant
1273 4069 1288 4107 :
1319 4055 1408 4125 qui
1437 4055 1530 4110 lilii
1559 4065 1846 4126 vocantur,

276 4125 727 4197 betteliciumrnon
759 4125 1054 4196 recipiunt;
1086 4125 1388 4197 Chanana'a
1419 4141 1544 4181 vero
1572 4125 1721 4183 canis
1748 4143 1849 4197 ap-

277 4199 503 4269 pellata,
533 4212 563 4254 a
603 4196 844 4253 benelico
872 4194 991 4269 Tuon
1037 4197 1255 4269 recedit.
1287 4194 1410 4250 Ideo
1455 4212 1680 4265 namque
1724 4194 1851 4254 Ser-

273 4268 426 4322 valor
471 4276 658 4324 canem
703 4268 912 4322 vocavit
955 4268 1232 4322 mulierem
1253 4307 1268 4328 ,
1299 4282 1404 4321 non
1435 4276 1494 4321 ut
1527 4270 1847 4324 contumelia

273 4339 533 4402 alliceret,
555 4344 649 4394 sed
674 4347 729 4393 nt
747 4339 861 4405 ejus
884 4337 1131 4393 allectum
1155 4336 1497 4405 patefaceret,
1515 4337 1850 4395 ostenderet-

271 4419 376 4480 que
408 4418 593 4479 gentes
621 4409 816 4480 probro
840 4407 1055 4480 allectas
1081 4424 1108 4460 a
1140 4407 1380 4480 benefica
1413 4423 1518 4462 non
1539 4408 1798 4465 absistere
1825 4452 1842 4476 ,

271 4478 528 4535 Israelem
558 4478 684 4534 vero
715 4478 973 4535 benelicio
992 4479 1237 4533 alieetum
1259 4478 1602 4549 Servatorem
1626 4494 1842 4549 negare.

273 4549 380 4606 Fili
411 4550 593 4616 David,
623 4551 854 4606 miserere
877 4552 993 4607 mei.
1022 4550 1090 4606 Et
1114 4549 1202 4618 qni
1224 4564 1411 4605 omnes
1428 4548 1661 4620 exaudit,
1685 4548 1844 4620 tacet,

269 4639 374 4677 non
407 4633 463 4676 ut
490 4631 793 4691 precantem
819 4630 1055 4692 respuat,
1074 4621 1166 4675 sed
1194 4630 1251 4674 ut
1278 4621 1394 4692 ejus
1421 4619 1578 4692 tidem
1604 4619 1844 4690 splendi;

265 4693 472 4749 diorem
492 4690 684 4751 reddat
705 4712 718 4747 :
739 4690 1039 4749 Cltana'ntea
1065 4707 1281 4758 genere,
1300 4690 1690 4746 Abrahamitica
1720 4692 1842 4748 fide.

271 4761 376 4818 Fili
405 4760 572 4820 David
594 4807 609 4832 ,
638 4766 868 4820 miserere
898 4765 1014 4818 mei.
1041 4763 1107 4817 Et
1131 4764 1220 4833 qui
1253 4762 1334 4816 vel
1363 4771 1485 4816 ante
1512 4763 1623 4818 oris
1643 4763 1844 4833 clamo-

268 4848 383 4906 rem
429 4837 589 4892 animi
639 4836 1053 4906 supplicationes
1105 4832 1516 4897 eiaudit,tacet
1547 4844 1605 4906 et
1627 4832 1836 4899 dili'ert;

270 4905 516 4987 visusque
543 4915 625 4987 est
663 4905 915 4974 apo'stolis
939 4905 1260 4987 inhumanus
1284 4918 1404 4987 esse
1427 4945 1442 4970 ,
1468 4905 1609 4987 quod
1639 4906 1842 4987 suppli-

267 4975 759 5045 cationcmtantam
790 4985 1085 5044 respueret.
1136 4975 1508 5045 Dicuntqueei
1551 4975 1796 5045 discipuli
1826 4997 1838 5031 ε

268 5042 477 5114 Dimitte
509 5044 652 5114 illam
689 5045 806 5112 quia
853 5042 1038 5098 clamat
1087 5057 1196 5112 post
1249 5042 1398 5113 ηοί(
1441 5044 1579 5098 Ibid.
1604 5061 1652 5097 υ.
1683 5042 1756 5098 95
1796 5046 1834 5114 ).

265 5113 401 5169 Num
426 5124 501 5179 ιιι,
526 5112 680 5169 Petre
704 5153 718 5176 ,
750 5127 876 5167 num
921 5123 993 5177 tn,
1029 5114 1239 5167 Andrea
1262 5155 1276 5177 ,
1305 5112 1397 5183 vel
1418 5114 1658 5183 Philippe
1677 5155 1692 5178 ,
1715 5112 1840 5169 Ser-

267 5194 449 5238 vatore
479 5184 1017 5252 humanioresestis?
1048 5198 1173 5235 mnn
1203 5198 1296 5236 vos
1323 5182 1470 5236 ﬂexit
1496 5182 1756 5252 precatio,
1783 5193 1838 5238 et

266 5255 604 5310 Servatorem
634 5270 738 5309 non
765 5249 940 5306 ali‘ecit
963 5253 1313 5322 supplicatio?
1341 5249 1622 5322 Certe'vos
1642 5267 1838 5308 secun-

264 5325 391 5379 dum
417 5326 492 5380 rei
523 5326 711 5380 faciem
739 5323 988 5390 judicatis
1009 5321 1153 5392 ,rgo
1179 5321 1471 5375 secundum
1513 5322 1674 5376 animi
1705 5322 1836 5378 aﬂ‘e-

263 5406 406 5450 ctum
438 5397 754 5451 sententiam
782 5393 929 5464 fero;
951 5395 1175 5464 gratiam
1195 5392 1403 5464 dilicro,
1428 5402 1484 5464 ut
1503 5393 1833 5464 splendidam

262 5467 421 5520 tidem
463 5479 792 5538 expromam.
829 5461 1098 5538 Νοιιίςιιηι
1137 5463 1320 5538 missus
1354 5463 1452 5538 nisi
1481 5461 1548 5516 ad
1576 5479 1689 5518 oves
1724 5481 1837 5534 quia

261 5533 724 5601 perierum'domus
770 5535 928 5590 Israel
957 5535 1118 5604 (Ibid.
1148 5549 1195 5586 υ.
1236 5533 1352 5604 24).
1381 5533 1516 5588 Num
1549 5542 1729 5605 pastor
1751 5545 1835 5590 est

267 5607 623 5662 lsraelitarnm
647 5608 667 5660 ‘l
693 5622 868 5660 annon
916 5606 1087 5676 totius
1117 5605 1263 5676 orbis
1292 5605 1544 5676 Dominus
1568 5648 1582 5669 ,
1613 5616 1828 5676 pastor,

261 5679 661 5732 administrator
679 5686 731 5730 et
754 5677 1027 5744 provisor?
1053 5675 1166 5730 Non
1191 5674 1344 5738 dixit,
1370 5675 1483 5730 Non
1512 5674 1628 5729 sum
1653 5688 1831 5744 pastor

259 5747 487 5804 aliorum
513 5763 528 5814 ;
561 5748 653 5800 sed
679 5788 694 5809 ,
723 5746 836 5800 Non
865 5760 982 5799 sum
1014 5747 1077 5799 ad
1107 5747 1207 5800 hoc
1235 5749 1464 5809 missus;
1500 5762 1604 5800 non
1632 5763 1826 5803 secun-

261 5821 388 5876 dum
415 5819 496 5878 rei
529 5819 804 5872 veritatem
849 5817 1070 5885 loquens
1093 5858 1106 5881 ,
1136 5815 1228 5870 sed
1258 5818 1513 5875 simulans
1539 5867 1554 5892 ,
1585 5833 1642 5878 nt
1669 5825 1825 5880 tidem

560 5907 828 5967 ΡΑτιιοι..
878 5909 991 5970 Gn.
1041 5909 1198 5972 LIX.

1972 2291 2273 2365 patefaciat.
2301 2294 2356 2351 Si
2387 2309 2490 2348 non
2518 2294 2623 2349 alio
2650 2296 2846 2350 missus
2872 2310 2950 2360 es,
2980 2291 3074 2351 sed
3103 2300 3304 2351 tantum
3329 2293 3395 2352 ad
3425 2313 3554 2353 oves

1971 2366 2164 2420 domus
2195 2366 2392 2434 Israel,
2425 2380 2520 2419 cur
2550 2366 2822 2434 apostolos
2867 2367 2933 2420 ad
2978 2367 3112 2431 lines
3153 2367 3299 2424 orbis
3341 2369 3509 2434 mittis
3534 2409 3550 2431 ,

1968 2436 2188 2508 dicens:
2203 2433 2402 2508 AEttutes
2420 2429 2602 2508 docete
2614 2453 2783 2508 attines
2801 2445 2990 2508 gentes,
3010 2429 3318 2506 baptizantes
3336 2429 3547 2508 (Matt/ti

1967 2507 2059 2562 28.
2083 2505 2303 2576 l9)?7Si
2333 2520 2436 2559 noa
2463 2505 2531 2560 ad
2559 2506 2711 2570 alias,
2741 2522 2899 2576 quam
2925 2505 3168 2574 lsraelis,
3199 2524 3326 2573 oves
3345 2505 3547 2564 missus

1969 2590 2029 2631 es
2053 2618 2067 2639 .
2095 2591 2190 2630 cur
2215 2575 2432 2650 dicebas
2457 2575 2767 2650 apostolis;
2790 2577 2856 2630 Et
2895 2577 3023 2631 alias
3057 2594 3170 2632 oves
3209 2579 3366 2635 habeo
3391 2623 3406 2646 ,
3437 2596 3552 2650 qua:

1969 2661 2069 2722 non
2095 2657 2210 2700 sunt
2231 2663 2293 2702 ea:
2320 2647 2414 2722 (tot:
2440 2648 2561 2700 ovili
2577 2687 2593 2711 ,
2617 2656 2664 2700 et
2684 2646 2803 2702 illas
2823 2656 3017 2722 oportet
3039 2666 3117 2722 me
3129 2646 3470 2722 _cong_regare,
3495 2661 3550 2702 ut

1970 2668 2069 2699 ηοη
2095 2668 2210 2700 ειιηι
2231 2668 2293 2702 ea;
2320 2668 2414 2701 1106
2440 2668 2558 2700 ουιιι
2577 2687 2593 2711 ,
2617 2668 2662 2700 ει
2684 2668 2803 2702 tuas
2823 2668 3017 2717 oportet
3039 2668 3117 2703 me
3142 2668 3235 2703 CON
3267 2668 3470 2722 _regare,
3495 2668 3550 2702 ιιι

1970 2718 2062 2785 ﬁat
2084 2734 2241 2771 unum
2261 2717 2391 2772 ovile
2409 2759 2424 2781 ,
2448 2726 2495 2771 et
2520 2734 2652 2791 unus
2675 2727 2846 2786 pastor
2866 2718 2884 2788 (
2903 2717 3062 2775 Joan.
3089 2713 3180 2775 ιθ.
3210 2668 3310 2791 1%)
3329 2723 3351 2776 ?
3373 2722 3550 2791 Quare

1968 2803 2074 2842 non
2100 2796 2345 2843 accurate
2368 2795 2422 2843 et
2449 2789 2742 2844 secundum
2769 2800 3011 2844 exactam
3043 2791 3119 2844 rei
3150 2789 3432 2847 veritatem
3464 2790 3548 2846 lu—

1967 2860 2149 2928 quitur
2166 2898 2182 2923 ,
2206 2859 2299 2914 sed
2320 2857 2387 2913 ad
2407 2859 2598 2913 animat
2622 2859 2990 2926 probationem
3011 2901 3026 2924 ,
3062 2851 3185 2916 Non
3209 2879 3321 2916 sum
3342 2857 3545 2918 missus.

1967 2928 2101 3004 Item
2119 2938 2313 3004 negat,
2332 2939 2387 3004 et
2408 2929 2599 3004 mulier
2624 2929 2919 3004 deprecans
2946 2947 3051 3004 non
3079 2932 3211 3003 fugit
3234 2949 3247 2986 :
3277 2933 3394 3004 ejus
3415 2945 3547 3000 sup-

1965 3001 2306 3072 plicationem
2353 3000 2576 3070 depellit
2611 3039 2628 3066 ,
2665 3009 2722 3054 et
2763 3000 3270 3072 adorationem'non
3307 3000 3548 3072 respuit.

1966 3071 2105 3145 Vere
2150 3071 2410 3145 Ecclesia;
2435 3073 2609 3145 imago
2636 3079 2722 3126 est
2758 3070 3060 3127 Cltananzea
3081 3113 3098 3140 ,
3131 3078 3252 3143 quae
3293 3070 3550 3145 periculis

1963 3143 2248 3215 probatur.
2281 3150 2336 3197 et
2384 3143 2664 3215 Dominum
2698 3156 2818 3215 non
2851 3153 3066 3215 negat;
3097 3143 3550 3215 quaa‘sexcen'as‘

1963 3208 2194 3285 sustinet
2204 3212 2493 3285 __procel|as
2518 3248 2534 3278 ο
2565 3221 2619 3268 et
2637 3213 2711 3285 ad
2742 3212 2864 3268 ﬁdei
2891 3208 3302 3285 piirtnm'oculis
3330 3215 3502 3271 tendit
3530 3229 3547 3268 :

1960 3298 2082 3408 gnat
2127 3283 2272 3366 mille
2319 3283 2571 3339 ﬂuctibus
2599 3283 2668 3338 ab
2714 3283 2982 3372 haereticis
3025 3286 3363 3356 exagitatur,
3391 3294 3450 3367 et
3477 3286 3550 3367 ob

2001 3354 2085 3408 det
2113 3354 2418 3408 firmitatem
2446 3369 2551 3408 non
2583 3363 2753 3408 nutat.
2782 3354 2980 3408 Confer
3007 3354 3164 3408 [idem
3207 3355 3546 3408 ecclesmstt-

2001 3354 2085 3410 dei
2113 3354 2418 3409 ﬁrmitatem
2446 3369 2551 3410 non
2583 3363 2753 3409 nutat.
2782 3354 2980 3409 Confer
3007 3354 3164 3411 [idem
3207 3355 3546 3413 ecclesiasti-

1961 3438 2077 3480 cam
2117 3439 2240 3496 cum
2286 3426 2495 3496 ingrato
2535 3423 2859 3496 Judazorium
2885 3425 3085 3496 animo.
3133 3414 3543 3496 Judaeimanna

1957 3495 2305 3550 comedentes
2333 3492 2703 3565 murmurant;
2739 3495 2977 3565 Ecclesia
3019 3495 3269 3565 jejunans
3316 3492 3546 3565 Domino

1957 3565 2158 3634 gratias
2182 3565 2328 3632 agit:
2359 3565 2435 3619 illi
2468 3564 2671 3618 honore
2696 3563 2870 3619 all‘ecti
2899 3604 2915 3630 ,
2962 3562 3154 3633 ingrati
3179 3572 3346 3634 sunt;
3382 3562 3542 3618 Chii-

1958 3633 2116 3688 Stiani
2141 3635 2192 3688 in
2217 3634 2719 3704 persequutiombus
2739 3633 2939 3704 gratias
2963 3645 3143 3704 agunt.
3170 3635 3340 3703 Quem
3364 3634 3543 3704 diligis

1956 3717 2185 3776 servum,
2218 3702 2234 3769 ,
2266 3703 2312 3758 si
2358 3704 2611 3776 dominus
2652 3704 2764 3776 sis?
2790 3720 2858 3776 es
2898 3702 3118 3776 duobus
3161 3702 3334 3760 servis
3382 3702 3541 3776 qncnt

1957 3773 2154 3843 accipis
2167 3775 2192 3827 ?
2210 3789 2405 3830 eumne
2423 3775 2513 3845 qui
2543 3783 2660 3845 post
2689 3773 2944 3845 beneﬁcia
2966 3774 3202 3845 ingratus
3214 3783 3316 3842 est,
3339 3773 3543 3831 auenm

1955 3845 2044 3918 qui
2065 3845 2352 3916 castigatus
2364 3843 2457 3918 ςγδι
2463 3844 2588 3918 tiam
2607 3843 2790 3918 habet?
2805 3843 3060 3918 Ecclesia:
3081 3844 3241 3918 igitur
3260 3847 3436 3916 imago
3459 3854 3546 3902 cst

1955 3915 2276 3987 Chanauaea,
2294 3915 2412 3987 qua:
2427 3915 2646 3986 depulsa
2661 3915 2946 3987 Dominum
2960 3931 3093 3987 knon
3108 3915 3303 3987 'negat.
3341 3915 3545 3973 Aderat

1954 3984 2328 4058 illum‘dicens,
2349 3984 2584 4053 Domine,
2601 3985 2789 4058 adjttlla
2823 4003 2924 4058 me.
2944 3984 3076 4058 Cum
3101 3984 3246 4058 prius
3274 3987 3496 4044 dixisset
3523 4025 3540 4051 ,

1955 4055 2061 4110 Fili
2090 4055 2277 4123 David,
2300 4059 2534 4112 miserere
2554 4056 2648 4110 mei
2664 4055 2878 4128 '(lllattlt.
2905 4055 3122 4128 15.25),
3149 4063 3341 4128 putans
3357 4074 3416 4114 se
3441 4059 3542 4112 mi-

1952 4141 2323 4197 norem,quam
2342 4143 2437 4197 par
2451 4129 2834 4194 crat,emisisse
2849 4127 3540 4197 deprecatio’nem,priorem

1951 4207 2170 4253 revocat
2190 4213 2400 4264 vocem,
2425 4198 2733 4254 etsecunda
2760 4197 2911 4267 probi
2935 4197 3534 4269 animisignil‘tcatione,

1952 4269 2196 4339 priorem,
2219 4269 2368 4339 tegit.
2396 4269 2514 4324 Non
2541 4269 2684 4323 enim
2710 4269 2847 4339 ultra
2876 4277 3031 4324 vocat
3056 4267 3208 4324 illum
3239 4269 3404 4324 lilium
3435 4269 3536 4323 Da-

1952 4328 2038 4394 vid
2065 4381 2081 4405 ,
2109 4338 2202 4394 sed
2236 4328 2519 4412 Dominum
2549 4339 2733 4412 dicens
2761 4357 2774 4392 :
2807 4328 3025 4412 Domine
3049 4381 3065 4408 ,
3095 4341 3283 4412 adjuoa
3309 4357 3411 4412 me.
3435 4339 3538 4395 Nee

1950 4425 2055 4478 que
2083 4419 2260 4465 tamen
2291 4410 2380 4464 ille
2407 4410 2734 4480 respondet,
2768 4409 2862 4463 sed
2891 4407 3069 4464 audita
3095 4407 3228 4465 vo'ce
3266 4411 3539 4466 concitant

1951 4481 2101 4552 illum
2128 4481 2356 4552 apostoli
2382 4479 2622 4552 dicentes
2646 4497 2661 4534 :
2691 4479 2888 4535 Clamat
2917 4491 3026 4552 post
3056 4498 3167 4536 nos.
3194 4481 3331 4552 Dens
3354 4490 3531 4552 tamen

1947 4551 2127 4608 dill‘ert
2148 4546 2347 4618 {tidem
2378 4551 2523 4606 illam
2546 4562 2815 4620 spectans,
2846 4546 3049 4620 etdicit
3076 4553 3165 4606 ei:
3199 4551 3321 4620 Non
3347 4562 3418 4606 est
3445 4548 3537 4603 ὁο-

1948 4639 2071 4695 itum
2098 4623 2328 4695 accipere
2354 4639 2535 4695 panem
2571 4622 2813 4695 ﬁliorum,
2833 4631 2880 4675 et
2912 4619 3155 4693 projicere
3181 4619 3410 4677 canibus.
3443 4620 3536 4676 Fi-

1949 4692 2051 4747 lios
2062 4703 2215 4749 vocat
2231 4692 2518 4758 Israelitas,
2539 4709 2645 4748 non
2669 4701 2775 4747 tam
2795 4692 3087 4758 honoratis,
3123 4709 3281 4762 quam
3305 4706 3536 4762 arguens

1948 4763 2210 4834 ingratum
2227 4763 2438 4819 illorum
2454 4763 2712 4819 animum.
2731 4763 2860 4818 Nam
2879 4779 3036 4834 quam
3056 4761 3214 4820 hodie
3233 4761 3539 4818 liliosvocat

1949 4830 2232 4901 Israelitas,
2254 4834 2396 4890 filius
2414 4835 2626 4904 estejus
2641 4835 2727 4904 qni
2749 4834 2880 4906 dicit
2899 4830 2918 4891 Ξ
2949 4830 3114 4906 Filios
3143 4836 3294 4906 genui
3317 4844 3364 4888 et
3388 4835 3532 4888 exal-

1947 4906 2066 4968 tavi,
2086 4907 2183 4973 ipsi
2203 4913 2370 4960 autem
2381 4903 2674 4973 spreverunt
2692 4921 2770 4976 nte
2787 4903 2836 4973 (l
2845 4906 2940 4959 sai.
2962 4907 3011 4959 l.
3028 4903 3106 4976 Ξ).
3127 4903 3422 4962 (ιιιιιιιιιιιωει
3441 4920 3534 4959 ca-
3553 4915 3559 4921 ‘

1946 4976 2027 5029 nis
2051 4986 2268 5030 vocatur
2284 5013 2300 5039 ,
2319 4984 2372 5030 et
2388 4991 2508 5034 cum
2530 4976 2695 5045 gratia
2721 4973 2822 5029 fert
2843 4973 3240 5032 contumeliam.
3265 4976 3532 5032 Caeterum

1944 5054 2071 5114 puto
2091 5045 2341 5112 etcredo,
2359 5046 2626 5101 Christum
2651 5045 2703 5099 in
2729 5047 2827 5101 hac
2855 5046 3173 5102 contumelia
3205 5045 3529 5114 benevolen-

1943 5113 2029 5169 tiae
2053 5117 2337 5186 imaginem
2351 5116 2620 5185 ‘posuisse,
2645 5131 2837 5185 nempe
2859 5115 3322 5181 canem,animalis
3341 5113 3530 5182 hujus-

1941 5199 2003 5238 ce
2032 5186 2456 5241 benevolentiam
2511 5187 2846 5255 exprimens.
2895 5186 3055 5240 Canis
3101 5186 3264 5239 millia
3292 5197 3483 5255 passus
3511 5223 3526 5249 ,

1941 5255 2009 5309 ab
2037 5256 2152 5310 heri
2179 5257 2264 5310 sui
2314 5257 2518 5312 aedibus
2548 5253 2654 5313 non
2697 5255 2972 5318 abscedit;
3006 5256 3154 5309 canis
3181 5253 3309 5309 cum
3338 5253 3526 5308 herum

1939 5325 2272 5393 gradientem
2305 5326 2480 5392 videt,
2515 5334 2695 5390 tacet,
2727 5340 2847 5380 cum
2879 5324 3206 5379 domesticos
3234 5337 3421 5379 servos
3450 5324 3527 5376 vi-

1939 5395 2028 5449 det
2055 5436 2071 5463 ,
2101 5397 2357 5464 quiescit;
2402 5412 2524 5450 cum
2555 5405 2842 5451 extraneos
2885 5394 3051 5461 videt,
3079 5396 3381 5464 exagitatur
3402 5432 3418 5458 ,
3442 5393 3526 5464 la-

1941 5473 2077 5527 trat,
2111 5463 2217 5521 non
2245 5467 2502 5550 quiescit,
2549 5466 2756 5521 nullum
2803 5465 3038 5550 alienum
3083 5463 3324 5550 resplcit:
3352 5463 3521 5550 Judaei

1937 5549 2066 5589 vero
2086 5533 2358 5603 quomodo
2377 5547 2659 5592 sescentas
2679 5546 2866 5591 contra
2893 5536 3059 5590 Deum
3079 5533 3251 5588 emitti
3274 5533 3522 5601 blasphe-

1936 5605 2072 5660 mias
2095 5606 2294 5669 vident,
2316 5621 2414 5660 nec
2436 5607 2749 5662 moventur?
2775 5605 2904 5662 Vide
2923 5605 3287 5661 Christianum
3304 5604 3526 5659 audien-

1937 5685 2044 5730 tem
2063 5675 2371 5730 hiereticam
2394 5677 2779 5748 blasphemiam
2811 5687 2904 5742 aut
2934 5677 3096 5731 alium
3118 5690 3380 5748 errorem,
3414 5687 3523 5748 sta-

1937 5748 2138 5814 timque
2194 5748 2461 5801 turbatum
2489 5746 2524 5808 ,⁷
2557 5746 2840 5802 latrantem
2867 5789 2882 5812 .
2943 5756 3131 5802 contra
3182 5746 3521 5800 adversarios

1934 5818 2273 5874 clamantem.
2301 5817 2415 5875 Non
2456 5819 2557 5874 fert
2595 5819 2925 5876 Christianus
2965 5821 3195 5874 alienam
3233 5817 3412 5874 videro
3440 5818 3516 5870 ia-

3053 5902 3128 5970 El
