4086 6152
416 351 514 409 661

415 479 509 519 nos
533 478 566 515 a
587 460 942 518 constitutione
962 462 1140 517 mundi
1159 461 1334 531 (Rom.
1357 461 1412 517 8.
1431 460 1521 516 29.
1549 467 1594 515 et
1615 457 1859 531 Ephes_._|
1906 456 2001 529 ψ

413 532 697 610 Jeremiam
727 533 795 587 ah
824 541 977 610 utero
1001 527 1176 597 novit,
1198 533 1468 610 apostolos
1480 539 1605 610 ante
1633 527 1816 610 mundi
1840 527 1994 610 crea-

413 603 616 658 tionem
670 603 955 671 priescivit.
1000 618 1102 659 nec
1147 598 1308 658 modo
1357 601 1643 671 praescivit,
1689 598 1784 653 sed
1833 600 1994 653 etiam

413 670 708 744 praelegit.
740 671 1027 744 Videamus
1051 688 1180 744 ergo
1207 689 1274 728 an
1299 670 1628 744 praiscientia
1647 681 1897 744 naturam
1920 670 1995 723 le-

413 740 564 820 cerit.
657 743 846 820 electio
868 740 1229 820 apostolgi-um
1245 740 1369 798 ante
1387 740 1819 820 constitutionem
1830 755 1995 820 inun-

415 813 488 878 di,
516 814 736 883 jusdtia:
766 810 1004 868 naturam
1035 813 1230 877 eﬂ'ecit,
1260 829 1368 868 non
1395 822 1575 867 autem
1606 810 1861 880 propositi
1887 810 1995 883 vir:

414 880 530 944 tusi
560 898 660 941 cur
683 884 740 946 ii,
770 886 856 952 qui
885 883 1151 952 publicani
1175 884 1332 940 futuri
1356 883 1790 952 priesciebantur,
1819 880 1991 952 vocati

413 955 572 1010 sunt?
595 969 691 1031 c_ur
719 946 1324 1031 _Pauliis_perseq1titur?
1349 946 1445 1031 cur
1471 952 1781 1031 meretrices
1808 946 1874 1031 ad
1902 965 1988 1004 re-

412 1039 578 1093 gnum
616 1023 897 1093 festinant?
922 1024 978 1080 Si
1007 1025 1149 1082 enim
1190 1024 1487 1093 praescitum
1516 1021 1616 1093 fuit
1651 1021 1989 1093 meretricem

413 1090 580 1164 regno
605 1093 817 1160 dignam
866 1092 998 1161 fore,
1028 1110 1125 1149 cur
1168 1090 1419 1151 meretrix
1464 1092 1595 1147 fuit?
1637 1091 1681 1145 si
1727 1090 1992 1159 DNBSCiVil

412 1163 633 1222 Paulum
666 1164 827 1229 Deus,
846 1178 956 1234 cur
982 1166 1313 1234 prtescientia
1355 1173 1597 1218 naturam
1633 1177 1739 1234 non
1771 1171 1986 1234 operata

411 1235 527 1289 est?
554 1251 650 1289 cur
679 1234 744 1296 is,
767 1233 857 1302 qui
886 1231 1159 1304 praiscitus
1181 1234 1350 1291 fuerat
1375 1244 1501 1288 ante
1525 1232 1706 1286 mundi
1733 1231 1989 1304 Constituf

411 1305 631 1377 [itineri],
647 1301 988 1377 blasphemus
1010 1306 1127 1369 fuit,
1160 1314 1528 1376 persequatur,
1543 1301 1987 1377 contumeliosus?

409 1373 598 1430 Viden'
627 1372 1010 1446 prarscientiain
1042 1391 1146 1429 non
1162 1372 1417 1431 naturam
1448 1377 1642 1446 facere,
1674 1373 1768 1446 sed
1786 1372 1988 1446 _volun-

410 1446 532 1501 tatis
571 1443 838 1513 proposita
872 1445 1194 1512 pet-videre?
1238 1447 1292 1501 Si
1342 1444 1672 1514 praescientia
1704 1443 1824 1514 fecit
1851 1457 1985 1510 apo-

407 1516 622 1579 SIOImII.
653 1530 749 1570 cur
775 1514 1051 1585 Mattliteus
1102 1513 1437 1584 publicanum
1467 1514 1613 1585 agit?
1641 1513 1983 1585 Publicanuui

406 1599 585 1649 agere,
610 1593 692 1638 est
719 1584 1050 1640 idololatram
1073 1583 1192 1640 esse
1212 1603 1226 1639 :
1248 1585 1378 1641 dicit
1401 1583 1544 1640 enim
1567 1584 1820 1638 Servator
1838 1600 1853 1637 :
1873 1583 1985 1637 Erit

406 1655 496 1707 tibi
523 1664 576 1707 ut
606 1654 923 1727 publicanus,
959 1664 1047 1727 aut
1073 1665 1129 1727 ut
1152 1657 1378 1727 ethnicus
1404 1655 1617 1727 (Matth.
1634 1653 1727 1727 718.
1758 1653 1865 1727 [7).
1895 1654 1984 1710 Sic

403 1737 587 1795 parem
608 1722 924 1795 idololatriae
947 1725 1215 1794 publicani
1237 1722 1453 1793 operam
1483 1726 1741 1780 delinivit.
1767 1722 1834 1780 Si
1854 1738 1982 1795 ergo

403 1792 682 1865 praescitus
720 1794 818 1848 fuit
865 1792 1165 1857 Matthaius.
1219 1792 1317 1851 cur
1359 1795 1689 1865 priescieutia
1723 1810 1828 1848 non
1856 1792 1982 1850 fecit

404 1863 551 1920 illum
580 1865 903 1931 apostolum,
931 1865 1024 1920 sed
1065 1866 1311 1921 voluntas
1348 1863 1412 1921 ad
1438 1865 1795 1922 obedientiam
1827 1865 1980 1919 incli-

405 1932 581 1988 navit?
608 1932 792 1988 llaliab
806 1941 1013 1990 servata
1034 1945 1087 1991 et
1107 1951 1230 1991 cum
1250 1937 1493 1991 lidelibus
1515 1944 1857 1993 annumerata
1876 1944 1978 1999 est.

402 2004 532 2059 Sine
560 2003 725 2076 dubio
751 2005 894 2059 illam
940 2019 1150 2076 quoque
1194 2006 1508 2075 priesciebat
1532 2006 1693 2062 Deus.
1721 2003 1831 2060 Cur
1857 2021 1979 2059 cum

402 2074 758 2158 purse-iretur,
802 2074 978 2158 tamen
1025 2074 1280 2158 iiii-nieata
1323 2077 1576 2158 esti-fur
1604 2090 1669 2158 ea
1695 2090 1812 2146 qua:
1841 2090 1980 2158 prae-

400 2141 533 2214 scita
563 2141 657 2198 fuit
697 2145 1002 2214 margarita,
1036 2146 1088 2199 in
1119 2147 1229 2201 luto
1253 2146 1402 2201 erat?
1428 2145 1554 2201 Hice
1584 2141 1779 2214 ubique
1807 2141 1976 2211 vides,

401 2213 633 2285 inediam
654 2213 924 2285 naturam,
948 2217 1272 2272 voluntatem
1302 2231 1432 2271 vero
1454 2217 1564 2270 Deo
1586 2213 1981 2285 praescitam,et

398 2283 453 2337 in
482 2284 605 2338 vitae
630 2284 858 2356 decursu
883 2294 1250 2355 apparentem.
1282 2286 1535 2341 Prrevidit
1560 2283 1699 2342 Deus
1726 2285 1868 2356 quod
1890 2284 1977 2340 fu-

399 2362 577 2408 turum
599 2364 732 2419 erat,
756 2362 811 2409 et
838 2355 1040 2410 fructus
1056 2357 1178 2410 vita:
1203 2356 1426 2412 instituti
1456 2366 1614 2412 notus
1640 2355 1758 2410 fuit.
1783 2358 1825 2410 A
1847 2370 1978 2412 voce

399 2422 546 2497 Pauli
572 2423 1138 2497 solutionemiaccipe:
1165 2427 1302 2492 Quos
1331 2428 1601 2497 praesciuit,
1642 2437 1688 2480 et
1713 2427 1978 2495 praedesti-

399 2496 569 2567 navit;
601 2510 727 2567 quos
773 2496 1363 2567 prindestinavittetiam
1391 2498 1624 2558 vocavit;
1659 2513 1786 2567 quos
1814 2507 1979 2567 autem

399 2565 607 2627 vocavit,
637 2564 730 2619 Iios
753 2564 1119 2639 et_justi_ﬁcavit
1140 2565 1325 2639 (Romi
1347 2567 1399 2622 8.
1426 2568 1519 2623 29.
1541 2566 1654 2639 30).
1671 2564 1783 2639 L‘ur
1807 2565 1979 2624 Judas

397 2645 640 2708 vocatus,
668 2651 773 2708 non
795 2636 1117 2704 justiﬁcatus
1142 2636 1432 2708 est2Quos
1475 2637 1723 2708 praesciuit
1763 2646 1811 2690 et
1839 2652 1976 2708 pra:-

398 2653 639 2700 vocatus,
668 2653 773 2690 non
795 2653 1117 2704 jUSllllcalllS
1142 2653 1260 2692 est!
1291 2653 1432 2704 quos
1475 2653 1723 2708 ριίεεειιιιι
1763 2653 1811 2690 ει
1839 2653 1976 2762 ἔξω·

397 2705 683 2777 destinavit,
716 2707 808 2760 Icos
831 2708 984 2777 etiam
1008 2710 1218 2762 vocavit.
1265 2707 1380 2762 Non
1420 2716 1505 2777 est
1544 2721 1675 2777 ergo
1702 2721 1836 2776 prop
1909 2716 1980 2763 tte

397 2775 768 2846 praerogativa,
797 2776 938 2846 quod
968 2777 1035 2832 ab
1057 2788 1209 2833 utero
1238 2787 1395 2832 notus
1420 2776 1598 2844 fuerit,
1613 2775 1840 2846 quando
1859 2792 1974 2844 eos,

396 2845 486 2915 qui
512 2856 636 2899 ante
663 2845 859 2902 saecula
900 2847 1054 2902 elceti
1080 2855 1223 2912 sunt,
1257 2861 1361 2902 non
1394 2859 1582 2902 natura
1621 2845 1843 2915 sequuta
1872 2857 1973 2913 est,

396 2914 492 2986 sed
529 2915 771 2973 voluntas
811 2918 1201 2986 priescientiam
1242 2918 1518 2973 testiﬁcata
1559 2927 1662 2974 est.
1693 2914 1976 2973 Osteusum

396 2984 558 3058 igitur
599 2994 701 3058 est,
750 2984 856 3041 non
909 2999 1154 3042 naturam
1208 2988 1594 3058 praescientiam
1638 2986 1841 3051 facere;
1876 2988 1977 3044 nisi

394 3056 517 3125 quis
545 3056 766 3112 omnino
789 3058 1155 3114 contentiosus
1184 3056 1274 3123 sit,
1298 3068 1351 3114 et
1370 3069 1555 3114 contra
1575 3059 1851 3113 veritatem
1872 3062 1973 3113 im-

395 3125 658 3196 pudenter
687 3127 946 3196 insurgat.
975 3128 1087 3183 Cur
1113 3139 1291 3184 autem
1331 3130 1383 3184 in
1412 3129 1746 3185 Pharaonem
1771 3143 1977 3184 sermo-

396 3212 521 3256 nem
549 3199 849 3252 convertit?
868 3197 999 3266 Quia
1026 3199 1224 3255 dictum
1254 3199 1427 3255 fuerat
1450 3198 1745 3255 Pharaoni:
1774 3197 1842 3253 In
1879 3201 1977 3255 Iioc

393 3267 562 3335 ipsum
581 3268 818 3321 suscitari
843 3278 911 3335 te,
938 3278 991 3322 ut
1016 3271 1326 3324 ostenderem
1352 3272 1402 3324 in
1434 3280 1482 3324 te
1519 3272 1749 3324 uirtutem
1787 3286 1972 3339 meum,

393 3347 441 3410 et
464 3339 850 3410 (irinuniiaretur
870 3354 1050 3393 nomen
1076 3357 1240 3394 meum
1270 3341 1323 3395 in
1360 3342 1591 3394 universa
1630 3351 1762 3394 terra
1792 3340 1971 3410 (Iiom.

393 3406 448 3461 9.
479 3407 588 3478 l7).
620 3406 689 3463 Ut
729 3416 871 3463 tuam
920 3411 1168 3466 ostendas
1214 3412 1483 3476 virtutem,
1517 3406 1978 3466 honiinem'casti-

392 3479 520 3547 gas?
551 3487 605 3530 nt
635 3478 890 3534 exhibeas
920 3481 1204 3548 potentiam
1229 3490 1393 3545 tuam,
1418 3481 1678 3534 insontem
1707 3478 1775 3533 de
1801 3481 1975 3535 medio

393 3548 570 3602 tollis?
597 3548 651 3604 Si
685 3550 874 3603 noxius
902 3551 990 3616 sit,
1023 3550 1354 3618 reprehende
1380 3551 1555 3615 illum;
1578 3553 1659 3603 sin
1687 3550 1888 3611 insons,
1908 3566 1976 3604 ne

392 3633 634 3673 accuses.
668 3619 802 3684 Quid
835 3621 934 3674 sibi
962 3620 1074 3673 vult
1097 3620 1249 3686 illud,
1283 3619 1350 3674 Ut
1375 3619 1636 3672 ostendam
1662 3618 1715 3670 in
1743 3627 1789 3669 te
1810 3620 1973 3672 uirtu-

392 3697 492 3740 tem
521 3691 720 3742 meam?
750 3688 873 3742 Mihi
901 3690 1134 3742 animum
1156 3690 1382 3742 adhibe:
1408 3696 1525 3741 utar
1548 3686 1793 3753 exemplo
1813 3697 1866 3741 et
1889 3704 1976 3743 ves

396 3758 493 3811 teri
521 3766 573 3811 ct
598 3772 745 3811 vero.
779 3760 882 3810 Ars
908 3758 1111 3812 medica
1136 3773 1256 3811 cum
1291 3758 1358 3813 ab
1380 3758 1529 3811 initio
1558 3758 1713 3810 vellet
1737 3765 1791 3811 et
1819 3769 1974 3811 natu-

394 3841 506 3880 ram
530 3834 585 3880 et
605 3827 806 3879 viscera
832 3827 1060 3881 hominis
1081 3828 1382 3895 explorare,
1410 3827 1736 3880 sectiooibus
1752 3836 1832 3880 est
1857 3843 1971 3892 usa,

393 3905 447 3966 et
466 3895 702 3949 viventes
721 3895 959 3966 homines
975 3897 1248 3961 dissecuit,
1269 3908 1325 3951 ut
1348 3897 1468 3951 aliis
1495 3896 1810 3951 medicinam
1836 3913 1973 3966 pm:-

298 4013 315 4027 ,
392 3964 562 4019 beret.
594 3966 663 4019 At
691 3965 818 4026 illud
845 3975 991 4021 certe
1019 3967 1253 4034 iniquum
1285 3978 1419 4033 erat,
1447 3967 1512 4021 ad
1557 3968 1779 4021 aliorum
1827 3964 1974 4022 Salu-

395 4043 509 4109 tem
531 4036 665 4109 alios
685 4037 930 4109 _vivcnt_es
958 4046 1210 4092 mactare.
1235 4037 1371 4109 Quid
1401 4053 1528 4109 ergo
1556 4037 1800 4109 fecerunt
1825 4046 1972 4093 vetc-

393 4107 515 4159 rcs?
544 4106 696 4160 Morti
740 4106 1061 4161 destinatum
1106 4109 1175 4161 ob
1220 4108 1437 4174 furtum,
1468 4106 1582 4163 'aut
1626 4108 1970 4176 adulterium,

393 4185 486 4246 aut
532 4177 867 4241 venelicium,
890 4178 1068 4237 vivum
1100 4177 1488 4241 dissecucrunt,
1521 4187 1572 4232 et
1599 4179 1716 4232 sine
1761 4179 1971 4246 injusti-

396 4245 467 4309 ti_a
509 4261 635 4316 erga
686 4262 833 4319 eum,
881 4248 972 4319 qui
1022 4248 1281 4316 supplicio
1327 4248 1676 4319 adiciebatur,
1730 4245 1974 4304 humana:

393 4324 596 4369 naturae
622 4332 779 4387 opem
812 4317 1072 4387 ferabant,
1100 4318 1232 4372 Eum
1264 4319 1427 4385 enim,
1452 4319 1539 4387 qui
1565 4317 1825 4373 scelerum
1847 4334 1971 4374 cau-

393 4399 450 4439 sa
482 4386 743 4455 supplicio
771 4385 1123 4453 afﬁciebatur,
1169 4389 1348 4442 vivum
1391 4385 1728 4442 diskecabant
1758 4405 1771 4441 :
1807 4397 1864 4443 ut
1891 4389 1971 4443 vi-

393 4455 633 4528 sceribus
659 4457 948 4511 etiamnum
987 4458 1199 4528 agitatis
1241 4473 1428 4515 eorum
1478 4467 1717 4512 naturam
1764 4459 1971 4513 edisce-

393 4534 531 4578 rent.
563 4526 704 4581 Deus
729 4528 904 4595 itaque
946 4537 1004 4582 ut
1024 4526 1475 4595 sapientissimus
1511 4528 1743 4582 medicus
1783 4528 1975 4596 (medi-

391 4609 489 4668 cus
515 4611 742 4664 namque
778 4606 860 4651 est
887 4598 930 4652 is
970 4599 1056 4668 qui
1088 4599 1245 4652 dicit:
1271 4597 1393 4652 Non
1429 4598 1539 4660 veni
1577 4615 1751 4652 vocare
1779 4599 1969 4667 justas,

391 4665 481 4744 sed
502 4677 789 4744 peccatores
820 4667 888 4721 ad
915 4665 1296 4744 paenitentiam;
1340 4678 1413 4744 et,
1462 4669 1608 4744 Nam
1627 4665 1855 4744 estopns
1883 4665 1972 4744 ita}

392 4736 605 4815 {antibus
632 4739 877 4815 medicus,
908 4736 997 4792 sed
1022 4736 1478 4815 maleliabentibus
1529 4736 1841 4815 utili.
1881 4741 1968 4797 i5.

393 4806 519 4885 [2])
549 4809 742 4885 accipit
769 4808 1122 4885 Pharaonem,
1147 4810 1257 4885 jam
1285 4810 1428 4885 inille
1457 4806 1973 4885 suppliciisdig‘num

392 4879 477 4950 ob
508 4880 709 4933 scelera
741 4896 833 4933 sua
861 4896 874 4932 :
908 4881 1090 4934 multis
1119 4882 1259 4934 enim
1291 4879 1697 4936 utinosius'crat
1734 4880 1968 4950 ﬁagiiiis.

392 4945 628 5020 Primum
657 4950 830 5020 scelus
855 4961 970 5020 erat
1010 4950 1335 5017 blasphemia
1362 4990 1378 5016 ,
1409 4950 1548 5020 quod
1573 4945 1831 5018 dixisset;
1852 4948 1974 5005 Non

394 5016 505 5090 novi
537 5014 826 5090 Dominum.
856 5014 1185 5088 Blasphem—ia
1209 5030 1321 5074 erat
1344 5014 1658 5090 principium
1687 5014 1969 5081 malorum,

392 5085 696 5139 Secundum
712 5126 735 5159 _,
766 5085 1066 5159 immanitas
1094 5102 1218 5159 erga
1251 5085 1539 5157 populum,
1576 5091 1715 5159 quod
1747 5090 1972 5159 liberum

392 5169 561 5231 gemis
587 5155 825 5231 servituti
868 5165 921 5211 et
951 5156 1191 5231 lateritio
1228 5155 1374 5227 ope—ri
1423 5155 1727 5231 tradidisset
1761 5158 1968 5231 _(E:rad.

394 5225 445 5280 5.
593 5224 833 5299 Tertium
859 5265 876 5290 ,
921 5222 1065 5295 quod
1097 5222 1410 5299 innocentes
1431 5243 1637 5299 pueros
1676 5229 1726 5282 in
1755 5222 1974 5286 iiuminc

394 5295 707 5358 suﬁ'ocaret.
761 5295 1053 5361 Quartum,
1108 5297 1249 5365 quod
1300 5298 1642 5366 praedicatum
1689 5299 1987 5355 Dominum-

394 5379 502 5427 non
534 5377 895 5438 revereretur.
929 5366 1182 5438 Quintum
1208 5406 1222 5430 ,
1252 5367 1391 5436 quod
1442 5369 1694 5438 miracula
1737 5371 1924 5425 videns
1953 5412 1971 5438 ,

393 5444 579 5506 contra
608 5437 854 5505 pietatem
885 5435 1220 5505 impudenter
1243 5435 1442 5506 ageret.
1476 5437 1653 5493 Multis
1682 5435 1970 5495 obnoxium

394 5504 617 5578 ﬂagitiis
639 5518 918 5561 assumens
944 5504 1085 5561 Deus
1105 5547 1120 5572 ,
1148 5517 1205 5578 ut
1240 5504 1473 5578 optimus
1502 5509 1740 5564 medicus
1759 5551 1774 5575 ,
1806 5513 1958 5566 inira-

396 5577 532 5629 culis
559 5576 844 5635 dissecuit:
891 5591 995 5631 non
1027 5577 1196 5632 semel
1244 5576 1518 5647 plectens,
1561 5589 1618 5633 ut
1661 5579 1967 5644 occideret;

396 5660 503 5699 non
537 5646 678 5699 enim
706 5648 794 5714 qui
825 5647 1092 5703 dissecant
1120 5646 1400 5703 confestim
1426 5649 1693 5716 occidunt,
1725 5652 1819 5707 sed
1843 5652 1967 5706 dum

396 5716 634 5791 membra
658 5728 839 5791 secant
857 5759 873 5785 ,
908 5720 1048 5791 lente
1075 5728 1256 5791 agunt,
1293 5728 1348 5774 ut
1375 5720 1610 5791 undique
1635 5721 1737 5779 vim
1767 5734 1970 5777 natura:

395 5787 724 5860 exploratam
749 5789 998 5853 habeant.
1021 5788 1247 5867 Subjicit
1273 5791 1422 5855 illum
1447 5787 1614 5862 ratiis,
1649 5803 1817 5850 armat
1842 5810 1970 5849 cou-

1277 349 1343 405 ΙΝ
1379 345 1821 405 (ΣΙΙΑΝΑΝεΕΑὶΙ
1865 344 1950 401 ΕΤ
1988 344 2055 403 ιΝ
2094 345 2535 419 ΡΗΑΒΑΟΝΙΞΜ,
2574 347 2730 407 ETC.

3755 426 3760 434 ι

2109 456 2366 545 iraiilum
2393 466 2677 545 extraneas
2701 460 2978 545 legiones,
3004 461 3242 545 lgiones
3276 479 3524 525 ranarum
3547 507 3562 531 ,
3582 464 3680 545 _lo'-

2101 536 2408 601 citatarum,
2456 539 2511 584 ut
2558 530 2828 601 ingentem
2873 530 3165 601 potentiam
3212 550 3364 590 suam
3405 530 3675 592 ostendat.

2099 594 2214 650 Non
2254 598 2397 654 misit
2439 594 2687 669 angelu'm
2715 600 2785 657 de
2805 594 2970 667 caelo,
3003 618 3110 659 non
3148 604 3366 660 ordines
3415 606 3678 663 Cherubi-

2098 680 2289 743 noruui
2310 709 2325 734 ,
2359 684 2465 724 non
2501 671 2663 743 mittit
2704 670 3028 743 Seraphinos
3056 684 3241 730 contra
3283 676 3547 742 rebelles;
3576 677 3673 733 sed

2097 737 2387 814 ostendens
2409 740 2699 814 potentiam
2716 737 2886 807 suam,
2903 744 3369 814 apparatlegiones
3383 737 3632 801 ranarum
3654 765 3669 802 :

2097 806 2320 886 aderani
2348 806 2617 886 exercitus
2661 806 3018 886 lgcustaruin,
3052 806 3400 886 nullo'duce;
3432 815 3525 871 sed
3575 817 3672 872 Dei

2090 876 2246 943 jussu
2287 876 2637 936 ducebantur.
2672 882 2904 937 Exibunt
2928 876 3011 938 ex,
3043 882 3266 939 ﬂumine
3310 876 3454 940 rana:
3481 895 3669 941 contra

2096 945 2187 1027 Dei
2205 947 2571 1027 adyersarium
2600 961 2946 1027 pugnatum:
2977 953 3259 1027 veniebant
3286 955 3505 1027 locusta:
3525 996 3542 1022 ,
3568 972 3666 1027 ra-

2096 1018 2295 1086 tiocinii
2318 1018 2523 1086 judicio
2564 1018 2970 1077 nou’instructa:
2995 1063 3011 1086 ,
3054 1023 3148 1078 sed
3192 1018 3537 1080 Dominicuni
3562 1026 3668 1080 iiii-

2094 1085 2301 1166 plentes
2323 1085 2687 1166 praeceptum.
2741 1091 3086 1166 ltisurgcbaul
3113 1094 3382 1166 sciniphes
3408 1106 3475 1166 et
3502 1110 3668 1166 cyno-

2093 1158 2250 1231 i_nyia:
2294 1173 2416 1231 :Aac
2446 1160 2608 1213 multa
2641 1174 2776 1215 nova
2804 1171 2989 1216 contra
3039 1163 3212 1231 ipsum
3253 1158 3367 1219 edit
3412 1158 3666 1222 inira-cuia

2093 1226 2234 1282 Deus
2251 1269 2269 1293 ,
2294 1229 2411 1303 ejus
2432 1231 2665 1303 animam
2690 1230 2963 1303 dissecaus
2991 1242 3043 1286 et
3062 1226 3303 1303 probans
3326 1249 3342 1290 :
3373 1235 3491 1301 ejus
3517 1250 3667 1290 men-

2092 1305 2196 1372 t_cm
2218 1300 2375 1372 variis
2394 1300 2565 1353 modis
2578 1300 2749 1372 impie
2768 1313 3033 1371 agentem,
3048 1300 3207 1358 v'ariis
3230 1300 3452 1372 puniens
3473 1306 3663 1362 modis.

2090 1366 2159 1423 Et
2179 1377 2235 1422 ut
2255 1369 2431 1444 discas
2451 1371 2593 1444 quod
2618 1366 2759 1444 Deus
2779 1366 2898 1426 ideo
2927 1366 3075 1427 illum
3099 1388 3193 1442 per
3215 1366 3392 1444 partes
3411 1375 3662 1440 dissecet,

2086 1446 2142 1492 et
2172 1454 2275 1513 non
2299 1439 2580 1513 confestim
2602 1442 2804 1513 puniat,
2826 1451 2884 1496 ut
2913 1458 3008 1513 per
3037 1439 3487 1513 ipsum'virtuteni
3512 1439 3662 1500 suam

2087 1509 2367 1583 ostendat;
2395 1511 2531 1583 dicit
2549 1509 2695 1565 omni
2723 1509 2927 1568 virtute
2948 1509 3133 1583 plenus
3158 1513 3447 1583 Sapientiae
3474 1514 3610 1570 liber
3642 1534 3658 1569 :

2089 1577 2211 1633 Non
2236 1581 2370 1634 enim
2396 1582 2597 1635 carebat
2623 1583 2847 1651 potentia
2885 1577 3200 1653 omnipotens
3234 1577 3425 1638 manus
3465 1595 3587 1645 tua.
3614 1594 3679 1640 et-

2085 1666 2198 1724 ιλιιω
2221 1653 2463 1724 mundum
2492 1663 2777 1724 creaverat,
2830 1662 2991 1724 atque
3031 1655 3410 1724 iuvestigabilis
3450 1656 3664 1723 sapien-

2087 1720 2158 1773 tia
2175 1761 2192 1786 ,
2221 1730 2276 1774 ut
2302 1721 2530 1792 injiceret
2552 1723 2605 1776 in
2626 1739 2710 1776 eos
2734 1720 2923 1792 feroces
2961 1726 3132 1778 leones
3151 1765 3168 1791 ,
3196 1720 3283 1779 aut
3307 1741 3481 1779 recens
3515 1720 3662 1779 crea-

2084 1799 2162 1843 tas
2199 1792 2390 1866 [urere
2412 1792 2588 1860 plenas
2614 1794 2813 1866 ignotas
2841 1799 2977 1866 [eras
3002 1794 3159 1866 (δίῳ.
3192 1795 3392 1866 ll.i8._
3415 1796 3528 1866 l9).
3555 1795 3659 1851 Sed

2084 1860 2263 1934 omnia
2294 1860 2420 1934 iecit
2461 1860 2750 1934 ostendens
2793 1860 3117 1934 patientiam
3147 1876 3323 1919 suam.
3374 1860 3498 1920 ldeo
3527 1866 3658 1921 dicit

2086 1931 2266 2005 Deiis_:_
2301 1930 2367 2005 Ut
2389 1931 2633 2005 enen-etis
2659 1930 3344 2005 ﬁliis'ﬁliorumivestroriim
3361 1977 3377 1998 ,
3405 1950 3656 2005 quacum-

2082 2016 2192 2084 qui
2206 1999 2347 2055 illusi
2392 1999 2876 2084 @pyptiisiExod.
2907 2004 3117 2084 ψῃ).
3164 1999 3662 2084 Pharaoiieincrgo

2083 2021 2180 2082 que
2206 2021 2346 2055 tuuu
2392 2021 2652 2084 φπριιισ
2682 2021 2876 2073 iuxoa.
2907 2021 2993 2089 ip.
3035 2021 3117 2075 κ).
3164 2021 3659 2130 ιιιιπιιιιιιειιιριῖο

2083 2071 2231 2145 inille
2261 2073 2782 2145 supplicusdignum
2824 2084 2975 2145 punit
3004 2075 3143 2130 Deus
3165 2114 3181 2141 ,
3210 2084 3265 2129 et
3285 2075 3413 2130 dicit
3439 2076 3512 2130 illi
3542 2091 3558 2128 :
3624 2094 3659 2132 it

2083 2140 2178 2193 Iioc
2213 2142 2381 2212 ipsum
2426 2140 2664 2196 suscitari
2685 2155 2760 2210 te,
2785 2140 2842 2199 sit
2879 2140 3188 2199 ostenderent
3215 2145 3269 2198 in
3307 2154 3356 2199 te
3388 2146 3661 2214 potentium

2081 2226 2244 2264 meum
2266 2252 2283 2278 ,
2311 2223 2359 2265 et
2382 2214 2769 2267 annuntiaretur
2791 2232 2973 2269 nomen
2999 2231 3166 2268 meum
3186 2217 3237 2268 in
3260 2215 3491 2270 uniuersa
3520 2226 3657 2272 terra

2292 2281 2348 2356 9_.
2381 2283 2473 2351 i7)
2500 2300 2516 2335 :
2548 2294 2605 2337 ut
2645 2299 2741 2353 per
2767 2297 2817 2340 te
2843 2286 2976 2340 alios
3001 2285 3327 2340 lucrifaciain
3352 2325 3368 2351 ,
3397 2294 3455 2340 ut
3482 2302 3576 2356 per
3607 2296 3660 2344 te

2081 2351 2216 2424 alios
2260 2352 2329 2406 ad
2375 2367 2559 2424 sanam
2592 2351 2839 2424 mentem
2870 2370 3115 2411 revocem
3140 2396 3156 2421 ,
3190 2364 3247 2408 ut
3274 2369 3371 2424 per
3419 2351 3496 2410 ιε’
3518 2357 3655 2414 alios

2081 2422 2359 2497 castigem.
2400 2422 2466 2497 Et
2491 2432 2549 2477 ut
2573 2422 2749 2497 discas
2768 2464 2784 2483 .
2814 2435 3073 2494 quantum
3103 2425 3227 2497 aliis
3257 2422 3511 2493 profuerit
3538 2427 3659 2497 ejus

2080 2489 2369 2566 dissectio,
2413 2495 2525 2566 vim
2562 2489 2854 2566 Scriptura:
2899 2497 3102 2564 accipe.
3157 2489 3326 2564 Rapta
3371 2489 3658 2566 aliquando

2081 2562 2189 2632 fuit
2210 2562 2305 2615 Dei
2334 2577 2459 2616 arca
2480 2564 2548 2617 ab
2575 2562 2908 2632 alienigenis.
2931 2575 2985 2620 et
3009 2562 3268 2621 venerunt
3296 2576 3445 2622 vates
3462 2562 3657 2624 omnes

2080 2646 2143 2686 ac
2172 2631 2289 2687 falsi
2291 2632 2596 2706 _prophetai
2619 2675 2636 2700 ,
2667 2631 3025 2706 dicebantque
3073 2637 3289 2706 regibus
3333 2637 3658 2706 alienigena-

2081 2718 2200 2757 rum
2236 2720 2249 2755 :
2280 2704 2587 2776 Emittamus
2627 2720 2801 2776 arcam
2843 2704 2955 2776 Dei,
2984 2704 3152 2760 Israel
3171 2722 3206 2760 a
3241 2706 3418 2776 nobis,
3444 2704 3558 2776 ante
3582 2717 3657 2762 est

2080 2788 2257 2848 manus
2283 2774 2392 2844 ejus
2403 2774 2560 2848 [ortis
2601 2776 2674 2848 (Ι.
2702 2773 2825 2848 Reg.
2855 2775 2994 2848 5._7.
3021 2789 3069 2831 et
3096 2775 3310 2848 διες-6.
3343 2776 3378 2848 6
3397 2778 3438 2848 )_.
3456 2773 3655 2831 Nesci-

2081 2843 2148 2896 tis
2181 2842 2372 2918 quanta
2396 2842 2583 2899 fecerit
2610 2842 2862 2918 Dominus
2883 2842 3144 2918 @gyptiis
3159 2846 3318 2918 ?_Cur
3345 2842 3677 2904 induramus

2079 2915 2244 2986 corda
2272 2923 2452 2968 nostra
2474 2954 2490 2977 ,
2523 2922 2587 2986 ut
2608 2915 2875 2970 induravit
2907 2915 3155 2971 Pharao?
3182 2915 3229 2972 0
3260 2918 3481 2986 probam
3518 2932 3653 2986 gen-

2080 2984 2249 3038 tilium
2277 2985 2544 3039 mentem!
2571 2985 2835 3058 [ieverere
2863 2995 2919 3040 tu
2938 3025 2955 3053 ,
2980 2987 3076 3058 qui
3089 2984 3440 3058 contradicis,
3466 2984 3658 3058 alieni-

2078 3068 2336 3127 genarum
2361 3069 2542 3110 voces.
2573 3054 2648 3111 Ne
2675 3054 3016 3127 induremus,
3046 3056 3295 3112 dicebant
3320 3056 3654 3127 alienigenas,

2078 3123 2239 3179 corda
2268 3135 2449 3180 nostra
2471 3164 2488 3191 ,
2519 3138 2576 3180 ut
2601 3126 2867 3182 induravit
2908 3127 3052 3181 Deus
3079 3140 3174 3181 cor
3198 3123 3514 3183 Pharaonis.
3547 3123 3655 3191 Ipsi

2079 3195 2343 3251 Pharaoni
2369 3196 2733 3267 stupiditatem
2759 3212 2910 3251 suam
2941 3197 3336 3252 adscribebaut.
3365 3198 3473 3253 Cur
3498 3195 3655 3254 indu-

2077 3281 2261 3321 remus
2282 3266 2445 3321 corda
2466 3266 2655 3323 nostra
2679 3307 2695 3334 ,
2739 3270 2879 3323 sicut
2905 3267 3172 3322 induravit
3200 3267 3449 3322 Pharao?
3474 3282 3653 3323 annon

2078 3350 2200 3390 cum
2250 3337 2538 3408 illudebant
2587 3339 2666 3392 eis
2689 3378 2704 3402 ,
2737 3347 2862 3392 tunc
2914 3339 3166 3408 populum
3196 3338 3560 3408 dimiserunt?
3591 3340 3657 3394 Et

2078 3422 2220 3461 nunc
2248 3407 2413 3461 Deum
2442 3408 2595 3463 nobis
2637 3409 2929 3477 propitium
2959 3407 3267 3464 reddamus.
3306 3407 3363 3462 In
3391 3409 3491 3462 alia
3517 3424 3655 3478 quo-

2077 3491 2184 3546 que
2209 3479 2695 3547 castrametatione,
2724 3478 2813 3531 ubi
2835 3478 3083 3532 viderunt.
3109 3493 3287 3531 arcam
3314 3478 3652 3547 alienigenas,

2078 3544 2331 3600 dixerunt
2357 3562 2372 3599 :
2409 3544 2502 3616 [te
2523 3547 2708 3601 nobis!
2740 3547 2825 3616 hic
2852 3556 2933 3616 cst
2963 3547 3102 3602 Deus
3147 3547 3238 3616 ille
3275 3544 3536 3616 acerbus,
3563 3544 3654 3616 qui

2078 3615 2341 3687 percussit
2380 3613 2674 3687 Egyptum
2716 3614 2889 3687 (Ibid.
2931 3615 3247 3687 4.8).4Vm
3288 3615 3474 3670 nobis!
3525 3613 3655 3672 erue

2079 3684 2736 3755 nostliomiueJVidete,‘
2764 3684 3032 3754 qttomOdo
3062 3685 3143 3739 vel
3165 3694 3289 3742 ante
3316 3687 3653 3755 experimen-

2079 3763 2189 3808 tum
2220 3754 2428 3809 Pharao
2451 3795 2468 3822 ,
2499 3765 2555 3808 ut
2582 3764 2832 3824 saperent
2856 3754 3053 3810 eﬁ'ecit.
3089 3755 3213 3811 Haec
3246 3756 3481 3810 clamant
3523 3758 3656 3812 alie-

2079 3824 2306 3898 nigenai.
2337 3825 2452 3878 Alia
2477 3840 2691 3895 quoque
2723 3824 3235 3898 mulicralicnigena
3257 3867 3270 3890 ,
3316 3825 3501 3882 [lahab
3526 3829 3655 3881 olim

2078 3896 2354 3968 meretrix,
2377 3910 2519 3968 nunc
2550 3905 2853 3968 temperans
2872 3937 2889 3963 ,
2919 3896 3006 3968 illa
3031 3896 3262 3952 celebris
3297 3898 3653 3968 exploraiori-

2078 3965 2177 4038 bus
2201 3966 2330 4038 dicit
2357 3984 2371 4020 :
2401 3966 2611 4038 Seinms
2635 3965 2755 4034 qua:
2793 3967 2995 4038 iecerit,
3029 3968 3284 4022 Dominus
3316 3965 3452 4021 Deus
3483 3967 3653 4038 Egy-

2079 4037 2201 4106 ptiis
2221 4078 2236 4099 ,
2272 4036 2337 4090 Et
2376 4036 2661 4089 audivimus
2682 4078 2697 4103 ,
2725 4046 2772 4092 et
2817 4036 3140 4090 Iiinniliatnm
3166 4046 3240 4091 est
3269 4053 3357 4106 cor
3387 4036 3615 4091 nostrum
3637 4077 3652 4099 ,

2077 4105 2125 4160 et
2150 4123 2252 4160 non
2290 4106 2495 4177 relictus
2526 4114 2597 4160 est
2626 4106 2677 4159 in
2706 4107 2849 4160 nobis
2889 4107 3098 4176 spiritus
3117 4148 3131 4173 ,
3158 4107 3277 4177 quia
3316 4105 3457 4161 Deus
3498 4117 3653 4177 vester

2076 4193 2289 4247 mugitus
2313 4176 2423 4247 ipse
2440 4177 2502 4247 in
2529 4177 2655 4247 ειειο
2693 4192 2918 4240 sursum,
2949 4186 2995 4230 et
3022 4176 3233 4247 interra
3258 4177 3492 4230 deorsum
3514 4176 3653 4246 (los.

2075 4247 2130 4317 2.
2164 4245 2251 4301 l0.
2292 4245 2396 4317 ll).
2439 4245 2626 4303 Viden’
2657 4263 2760 4300 non
2810 4247 3021 4317 mentiri
3070 4246 3236 4301 Deum
3262 4289 3277 4313 ,
3308 4261 3429 4301 cum
3476 4245 3604 4301 dicit
3638 4265 3651 4301 :

2077 4315 2142 4370 In
2164 4317 2257 4371 Iioc
2281 4315 2513 4371 suscitari
2539 4328 2604 4383 te,
2629 4326 2683 4370 ut
2703 4316 3014 4370 ostenderem
3035 4318 3086 4370 in
3110 4327 3155 4369 te
3173 4318 3443 4384 potentiam
3468 4333 3653 4383 meum,

2075 4397 2122 4441 et
2148 4388 2531 4441 annuntiarctur
2559 4402 2741 4441 nomen
2768 4402 2933 4439 ineunt
2956 4388 3007 4439 in
3038 4388 3270 4440 universa
3298 4399 3432 4441 terra
3456 4387 3480 4442 Ξ)
3506 4386 3657 4443 Finis

2074 4468 2254 4512 autem
2300 4459 2606 4527 apostolica:
2645 4456 2937 4527 doctrinae,
2972 4456 3089 4527 ﬁnis
3113 4458 3182 4512 sit
3207 4473 3516 4512 sermonum
3560 4473 3657 4512 no-

2075 4526 2494 4582 stroruin.’l)icit
2518 4528 2752 4582 Paulus:
2780 4526 2928 4592 Quod
2957 4527 3002 4580 si
3044 4526 3181 4583 Deus
3212 4529 3383 4583 volens
3399 4532 3658 4582 ostendere

2075 4598 2238 4662 iram,
2268 4606 2314 4652 et
2348 4606 2519 4652 notam
2547 4598 2715 4668 facere
2756 4597 3027 4668 potentiam
3057 4613 3205 4651 suam
3225 4640 3239 4656 .
3265 4599 3502 4652 sustinuit
3525 4599 3659 4652 imm

2075 4668 2129 4722 in
2157 4684 2275 4721 vasa
2296 4668 2388 4724 ira!
2404 4670 2457 4723 in
2484 4666 2645 4739 multa
2676 4668 2914 4739 patientia
2940 4666 3114 4739 (ﬂant.
3148 4669 3203 4724 9.
3234 4668 3351 4739 2‘2).
3383 4668 3496 4723 Non
3523 4670 3657 4724 sim-

2076 4739 2288 4807 pliciter
2326 4739 2493 4811 dixit,
2536 4738 2747 4811 ludusit
2789 4737 2959 4811 iram,
3001 4737 3093 4811 sed
3119 4778 3135 4804 ,
3169 4739 3223 4793 In
3268 4737 3415 4794 illum
3453 4741 3540 4811 qui
3580 4740 3656 4794 ira

2076 4811 2267 4878 dignus
2292 4818 2427 4863 erat.
2457 4809 2595 4876 Quid
2621 4809 2763 4864 enim
2795 4807 2966 4862 dixit?
3011 4807 3267 4863 Sustinuit
3295 4810 3348 4864 in
3383 4807 3543 4864 multa
3568 4828 3658 4876 pa-

2076 4880 2250 4933 tientia
2270 4879 2398 4932 iram
2424 4880 2475 4933 in
2502 4896 2621 4935 vasa
2656 4880 2765 4934 ine.
2815 4878 2947 4934 Nam
2987 4889 3047 4934 ut
3073 4889 3126 4934 tu
3166 4882 3341 4944 nosti,
3383 4896 3507 4938 vere
3533 4881 3659 4935 dicit

2058 4946 2351 5022 Apostolus
2376 4967 2387 5002 :
2416 4948 2495 5003 De
2518 4949 2943 5022 cietero_.r_fratres_
2963 4992 2977 5011 .
3002 4952 3385 5022 confortaniini,
3406 4950 3660 5022 corrobog

2075 5020 2280 5102 ramini,
2300 5023 2504 5102 perfecti
2510 5029 2678 5102 estote.
2693 5019 2906 5102 (Eplies.
2920 5020 2972 5074 6.
2994 5021 3076 5076 10.
3094 5019 3498 5102 ἐξῇ-ϐοντ-ιὸοῂί
3513 5021 3571 5102 Ι).
3602 5019 3657 5102 Si

2074 5100 2251 5149 autem
2269 5105 2333 5145 ex
2353 5088 2537 5145 natura
2561 5088 2778 5160 perfecti
2798 5105 3102 5153 suinus,cur
3121 5092 3253 5145 dicis
3267 5091 3418 5160 mihi,
3442 5088 3660 5160 Perfecti

2072 5171 2228 5220 estote
2247 5162 2272 5216 ?
2294 5161 2451 5217 Certe
2476 5159 2764 5232 perfectum
2784 5175 2924 5225 esse,
2951 5162 2998 5213 id
3017 5169 3119 5222 est,
3143 5177 3209 5215 ex
3232 5159 3468 5215 moribus
3489 5159 3549 5214 se
3574 5161 3658 5213 di-

2110 5231 2501 5290 numreddere.
2544 5231 2716 5302 ipsam
2732 5240 3188 5302 rerum__natnram
3234 5240 3427 5302 teSIeiii
3455 5232 3660 5298 accipe.

2110 5249 2233 5290 num
2257 5247 2501 5288 renuere.
2544 5247 2716 5302 ipsam
2732 5247 2909 5284 rerum
2945 5247 3188 5284 naturam
3238 5247 3427 5285 leSlelll
3455 5247 3660 5298 accipe.

2073 5247 2273 5361 ianam
2294 5302 2394 5356 fert
2411 5312 2618 5369 natura,
2638 5301 2891 5356 mulieres
2909 5299 3050 5353 illam
3066 5299 3366 5368 perﬁciunt.
3387 5299 3528 5354 Sane
3552 5316 3661 5368 per-

2075 5372 2354 5427 fectionem
2392 5384 2584 5428 vocant
2613 5374 2786 5442 ipsam
2810 5379 3095 5442 texturam,
3115 5371 3288 5438 ipsum
3323 5385 3477 5439 opus.
3510 5370 3662 5425 Sicut

2074 5458 2202 5511 ergo
2231 5452 2414 5501 natura
2443 5440 2902 5512 Ianain'producit
2922 5482 2938 5508 ,
2971 5455 3058 5495 ars
3086 5455 3214 5494 vero
3245 5455 3355 5494 rem
3376 5456 3433 5512 Ma
3473 5449 3662 5495 natura

2076 5509 2384 5585 productam
2411 5509 2749 5585 perfecitjita
2779 5511 2920 5585 Deus
2941 5511 3030 5581 qui
3064 5519 3304 5585 naturam
3331 5509 3660 5585 eﬂ‘orinavit,

2075 5577 2219 5637 illam
2244 5577 2499 5641 voluntati
2533 5582 2768 5636 tradidit.
2806 5577 3065 5637 Lana'est
3085 5577 3273 5635 ua'tiira
3297 5589 3511 5636 nostra:
3539 5583 3665 5637 inte

2075 5661 2156 5707 est
2179 5666 2244 5705 ex
2272 5666 2333 5706 ea
2359 5651 2574 5710 efﬁcere
2592 5662 2684 5709 aut
2704 5667 2799 5704 vas
2820 5652 3061 5720 honoris,
3081 5660 3174 5706 aut
3194 5667 3286 5706 vas
3301 5653 3663 5708 contumeliai.

2075 5722 2294 5778 Tinctor
2344 5737 2434 5786 es,
2483 5721 2735 5792 accepisti
2783 5737 2812 5774 a
2869 5732 3056 5776 natura
3121 5722 3300 5778 lanam
3333 5763 3350 5789 ,
3409 5723 3663 5792 accepisti

2079 5794 2411 5866 propositum
2454 5794 2605 5864 quasi
2637 5796 2928 5849 tincturam
2970 5793 3282 5865 quamdam.
3317 5792 3410 5850 Vis
3453 5796 3662 5864 tingere
