4028 6144
1927 597 2386 664 ADMONITIO

601 779 762 834 Putat
786 776 1017 832 Savilius
1046 776 1191 830 hunc
1220 785 1524 826 sermonem
1557 767 1784 836 alicuius
1814 761 2130 819 reecntioris
2171 773 2292 814 esse
2319 757 2510 820 fetum,
2549 753 2640 822 qui
2675 759 2796 821 post
2837 744 3138 836 secundum
3159 738 3471 836 _Conciliu_m
3501 733 3787 836 i‘licaznuin

532 823 828 939 scripserii:
860 868 1025 936 quue
1047 879 1269 936 prorsus
1289 862 1517 916 suadent
1545 875 1608 913 ea
1637 823 1757 928 quae
1780 856 1835 909 in
1862 851 2142 908 concionis
2170 849 2277 904 (ine
2307 848 2376 903 de
2398 844 2650 899 restituto
2679 849 2986 939 sanctarum
3014 831 3308 939 inlisian?
3334 827 3481 939 illi“!

531 923 603 1012 At
637 923 752 1012 haec
778 923 1016 1012 estrei-ua
1045 923 1169 1026 pars
1199 953 1434 1008 homilia:
1462 966 1584 1004 cum
1619 923 2047 1018 praecedentibus
2083 957 2190 996 non
2218 941 2474 1003 cohaeret,
2505 937 2579 992 ita
2609 944 2669 989 ut
2694 933 2940 989 videatur
2967 926 3033 980 ad
3070 924 3228 1026 aliain
3267 923 3588 1026 concionem

537 1069 689 1119 nere,
719 1064 778 1110 ut
811 1053 1007 1109 ibidem
1039 1003 1344 1108 monemus.
1389 1045 1574 1102 Oratio
1602 1059 1732 1100 vero
1765 1052 1874 1100 tota
1912 1039 2226 1113 praecedens
2255 1035 2486 1093 oratoris
2513 1042 2598 1088 est
2634 1030 2725 1101 qui
2763 1027 3043 1099 elegantia
3067 1021 3286 1080 studere
3315 1015 3551 1079 videtur,
3583 1017 3637 1065 et
3670 1003 3792 1075 epi-

547 1297 3791 1368 _______~_______________________________________

1711 1551 1771 1595 IN
1810 1549 2238 1594 VENERANDAM
2284 1545 2560 1590 CBLCESI.

1893 1726 2135 1741 .-——

599 1841 652 1894 ι.
696 1839 860 1893 Adest
893 1835 1054 1891 hodie
1080 1833 1257 1890 crucis
1284 1832 1591 1886 solemnitas
1614 1870 1630 1892 ,
1659 1830 1858 1884 chorus
1899 1825 2119 1892 angelo-

528 1926 647 1965 rum
675 1909 906 1962 exsultet
929 1922 944 1958 :
969 1905 1144 1960 crucis
1169 1903 1528 1972 spectaculum
1554 1899 1778 1972 accedit,
1813 1896 2118 1972 mortalium

530 1981 760 2048 populus
789 1977 969 2031 adoret
1001 1991 1015 2027 :
1047 1965 1282 2028 divinum
1312 1973 1497 2048 cru_cis_
1517 1970 1796 2048 imperium
1828 1965 2113 2030 exaltalur,

532 2039 729 2117 'fiig'iant
771 2050 1072 2117 dmmonum
1111 2054 1360 2098 catervze.
1385 2040 1500 2117 _Sed
1524 2081 1540 2106 ,
1573 2057 1605 2092 o
1634 2039 1810 2117 divina
1837 2052 1989 2117 erui,
2019 2050 2117 2116 an-

531 2107 772 2188 gelorum
819 2115 1082 2188 ineﬂ'abile
1133 2111 1491 2188 spectaculum
1518 2152 1532 2174 ,
1564 2110 1870 2188 mortalium
1909 2107 2116 2188 gloria,

531 2174 802 2256 sceptrum
823 2187 1024 2256 regium
1047 2185 1061 2238 !
1084 2193 1134 2236 te
1159 2174 1353 2256 quippe
1384 2191 1649 2256 tamquam
1680 2174 1967 2256 animatum
1995 2174 2122 2228 allo-

532 2249 687 2326 qna'r,
726 2272 846 2325 qua:
883 2249 1132 2326 gaudium
1161 2249 1213 2305 et
1239 2249 1514 2326 victoriam
1555 2249 1744 2302 salutis
1787 2255 2119 2326 nostrze‘ge-

533 2317 683 2392 s'tasj
710 2317 804 2395 per
833 2317 1102 2378 tc'clausre
1125 2321 1350 2395 paradisi
1380 2329 1543 2388 portae
1571 2333 1753 2371 rursus
1775 2317 2118 2395 aperiuntur;

535 2413 632 2467 per
655 2385 1012 2465 te'imperium
1039 2385 1228 2447 mortis
1259 2385 1480 2467 fractum
1513 2398 1632 2467 est;
1675 2395 1851 2467 perte
1882 2385 2121 2467 infernus

535 2458 942 2534 ipiiliatiis'est;
976 2478 1070 2532 per
1107 2471 1165 2534 te
1206 2461 1400 2534 mortui
1432 2460 1536 2512 vita
1578 2458 1898 2534 dignantur;
1933 2471 2028 2524 per
2071 2463 2122 2508 te

536 2530 674 2590 latro
703 2537 756 2589 in
799 2530 1042 2604 paradiso
1071 2532 1294 2604 choreas
1321 2531 1430 2599 agit
1457 2539 1511 2584 et
1535 2530 1809 2604 exsiiltat_;_
1826 2541 1920 2594 per
1946 2536 1997 2604 te
2025 2540 2120 2604 eo-

537 2595 1046 2676 pulantiir'cielestia
1097 2603 1326 2676 terrenis
1353 2595 1379 2664 ξ
1401 2615 1494 2676 per
1540 2610 1590 2652 te
1631 2595 2122 2676 acceditu'e'ritatis

537 2665 802 2743 cognitio;
834 2688 928 2743 per
954 2683 1005 2727 te
1027 2685 1237 2743 sacrum
1271 2665 1533 2738 baptisma
1565 2667 1988 2743 regenerationis
2017 2665 2082 2717 da

539 2736 650 2798 tum
674 2755 756 2800 est
785 2736 800 2809 ξ
835 2736 928 2812 per
955 2751 1006 2796 te
1033 2741 1277 2812 remissio
1303 2736 1643 2812 peccatorum
1669 2736 1974 2812 hominibus
1993 2749 2122 2789 con-

539 2829 722 2878 cessa;
757 2809 851 2880 per
879 2821 930 2867 te
955 2813 1155 2866 donum
1189 2809 1420 2879 Spiritus
1449 2809 1616 2880 saucii
1643 2809 1975 2876 obsignatum
2001 2814 2120 2867 est;

541 2899 640 2954 per
667 2893 718 2939 te
749 2878 1001 2937 Ecclesia:
1026 2878 1245 2954 signaue
1269 2881 1483 2954 Ado_m_us_
1508 2878 1599 2932 Dei
1633 2884 2124 2954 vocantursperﬁte

541 2945 770 3023 corpore
797 2962 850 3007 et
878 2945 1353 3023 sanguiueChristi
1383 2949 1642 3023 fruimur;
1689 2962 1784 3016 per
1825 2957 1876 3000 te
1913 2946 2004 2999 filii
2034 2945 2124 2998 Dei

541 3033 596 3078 et
627 3018 868 3078 liieredes
891 3018 1040 3088 regni
1066 3021 1315 3076 caelorum
1343 3018 1480 3073 effici
1504 3019 1812 3088 dignamur;
1848 3031 1940 3084 per
1944 3026 2014 3088 _te
2038 3030 2128 3070 oe-

543 3095 817 3149 Iebritates
859 3102 914 3147 et
952 3085 1088 3146 festa
1140 3090 1504 3144 exhilarantur
1551 3085 1608 3142 et
1667 3087 1888 3153 fulgent.
1944 3085 2123 3155 Ecqua

582 3165 713 3216 ossit
741 3165 914 3231 lingua
943 3175 1233 3231 recensere
1257 3170 1386 3231 quot
1411 3167 1465 3212 et
1491 3157 1956 3231 illiillilaAChl'iSlth
1985 3156 2125 3210 Deus

582 3179 713 3216 OSSII.
741 3179 914 3231 llngtta
943 3179 1224 3215 recensere
1257 3179 1386 3228 quot
1411 3179 1465 3212 el.
1491 3179 1683 3224 quanta
1713 3179 1956 3210 υιιτιδιυδ
1987 3179 2125 3210 ucus

543 3179 782 3286 liumano
807 3232 990 3300 generi
1018 3245 1123 3300 per?
1145 3239 1195 3300 te
1224 3229 1441 3300 largitus
1470 3229 1576 3281 sit?
1605 3227 1746 3300 Quia
1775 3241 1901 3300 vero
1929 3225 2062 3288 hinc,
2093 3241 2127 3280 ο

545 3302 700 3371 plebs
719 3296 900 3371 sancta
915 3308 978 3371 _et
995 3296 1320 3354 celebritatis
1339 3312 1548 3361 amans,
1577 3297 1728 3371 nobis
1748 3296 1958 3371 cognita
1975 3305 2122 3371 sunt,

544 3366 774 3424 candido
802 3369 965 3425 corde
1005 3378 1059 3422 et
1100 3383 1231 3437 puro
1268 3383 1363 3422 ore
1391 3367 1748 3421 venerandum
1778 3375 1833 3420 et
1860 3366 2126 3437 vivilicum

544 3441 746 3510 lignum
792 3435 1195 3508 amplectamur,
1230 3439 1431 3510 inhquo
1471 3439 1711 3510 conlisus
1755 3446 1853 3510 est__
1880 3435 2128 3504 Christus

548 3507 690 3566 Deus
719 3507 933 3574 noster,
964 3521 1018 3564 et
1052 3523 1239 3562 manus
1263 3507 1454 3562 divina:
1479 3507 1644 3562 clavis
1676 3507 1942 3560 transfixa:
1967 3517 2124 3566 Sunt.

547 3582 600 3636 in
629 3597 736 3651 quo
764 3582 944 3635 lancea
971 3581 1110 3651 latus
1136 3579 1472 3651 perioraruut
1501 3577 1804 3642 homicidze,
1834 3586 1890 3631 et
1916 3589 2128 3631 acetum

547 3648 672 3706 felle
713 3654 933 3704 mixtum
966 3649 1064 3720 ipsi
1097 3648 1481 3720 prapiiiarunt;
1530 3656 1921 3720 prrelereunies
1951 3657 2129 3720 autem

545 3721 834 3776 movebant
857 3716 1028 3789 capit'a
1053 3716 1146 3774 sua
1173 3716 1410 3773 ridentes
1438 3732 1502 3772 ac
1523 3718 1766 3789 dicentes
1790 3735 1802 3767 :
1831 3716 1964 3789 Vah,
1978 3717 2129 3789 filios

547 3791 712 3862 sulcos
734 3791 867 3862 fecit,
899 3785 1114 3862 seipsum
1135 3797 1422 3862 nonpotest
1451 3788 1645 3841 salvum
1671 3787 1836 3862 [dcere
1857 3785 2130 3862 :_s_i_f'itius

554 3859 646 3917 Dei
670 3856 761 3926 esi,
784 3856 1051 3914 descendat
1072 3875 1204 3911 nunc
1224 3856 1286 3911 de
1308 3873 1474 3922 cruce,
1498 3866 1545 3910 et
1569 3858 1818 3910 credimus
1843 3857 1888 3909 ei
1915 3856 2124 3926 (illattlt.

548 3929 638 3987 27.
669 3931 783 3997 η).
817 3930 942 3986 Haec
966 3928 1310 3982 Hebraeorum
1335 3935 1506 3997 cretus
1525 3968 1541 3991 ,
1573 3928 1889 3997 ingratuset
1917 3943 2090 3982 etei-us
2109 3966 2127 3992 ,

549 4001 638 4069 qui
679 3996 854 4054 divina
896 3999 1130 4068 prodigia
1175 3996 1436 4069 beneficii)
1477 4005 1775 4066 acceperat.
1817 3996 1924 4051 Nos
1949 4007 2128 4069 autem

547 4067 786 4125 vivifleas
808 4070 1008 4124 Christi
1040 4067 1314 4138 passiones
1353 4067 1674 4130 adoremus,
1709 4069 1883 4121 crucis
1923 4068 2128 4137 suppli-

549 4141 688 4194 cium
711 4181 726 4206 ,
753 4141 1102 4210 sepulturam,
1128 4138 1425 4192 triduauam
1454 4138 1901 4210 resurrectionem
1923 4153 1949 4188 a
1980 4153 2128 4210 rnor-

550 4211 688 4275 tuis;
723 4221 777 4264 ut
806 4207 908 4264 una
942 4209 1318 4264 resuscitemus
1343 4217 1400 4263 et
1427 4207 1806 4278 gloriﬁceuiur,
1839 4209 1882 4262 si
1911 4207 2131 4276 quidem

549 4281 922 4349 compatimu‘r,
956 4287 1013 4334 ut
1043 4279 1470 4349 prirsignilicavit
1495 4293 1586 4331 vas
1617 4278 1890 4349 electionis
1919 4279 2130 4334 divinus

551 4347 746 4405 Paulus
775 4349 962 4416 (Rom.
992 4347 1053 4404 8.
1080 4349 1145 4402 l7
1166 4347 1225 4419 ).'
1259 4348 1352 4419 Ad
1384 4349 1497 4402 hzec
1539 4364 1636 4402 nos
1679 4347 1836 4419 hodie
1875 4356 2132 4402 c0iivocat

551 4423 886 4474 sanctissima
911 4435 1065 4482 crux,
1093 4418 1613 4488 quamcelebramus
1634 4460 1650 4485 ,
1680 4429 1732 4471 et
1759 4418 1858 4471 hos
1888 4419 2129 4472 incorru-

553 4491 767 4559 ptibiles
807 4487 1124 4559 semperque
1169 4487 1407 4559 vivificos
1454 4489 1603 4559 cibos
1645 4488 1891 4559 omnibus
1935 4489 2134 4557 pariter

552 4557 709 4615 offert
732 4557 996 4623 domibus,
1024 4558 1174 4623 foris,
1207 4557 1473 4622 noctibus,
1505 4557 1709 4622 diebus,
1737 4557 1974 4619 urbibus,
2008 4559 2134 4612 soli-

557 4631 849 4684 tudinibus.
899 4630 1026 4683 Eam
1058 4643 1218 4697 ergo,
1255 4643 1376 4697 quae
1412 4636 1488 4681 tot
1526 4627 1677 4681 nobis
1707 4627 1843 4680 bona
1871 4627 2091 4697 largitur
2113 4669 2130 4693 ,

554 4700 660 4752 laeti
688 4700 1059 4769 suscipiamus,
1081 4697 1372 4769 secundum
1399 4698 1602 4769 Domini
1627 4697 1844 4769 verbum
1867 4713 1880 4769 ;
1914 4714 2017 4751 non
2043 4697 2134 4750 tri-

554 4776 667 4822 stes
691 4765 1179 4837 sicut’hypocritaﬁ
1217 4766 1399 4837 Matth,
1429 4768 1483 4820 6.
1510 4768 1576 4820 i6
1606 4768 1646 4835 ),
1673 4765 1766 4820 sed
1813 4767 2132 4822 hilaritatem

555 4840 716 4891 animi
738 4838 851 4892 sine
870 4835 989 4891 fuco
1011 4837 1340 4892 exhibentes.
1359 4835 1472 4890 Non
1499 4837 1627 4889 mihi
1661 4847 1859 4890 tantum
1890 4837 2135 4892 laborau-

557 4908 691 4978 dumr
712 4908 928 4978 putatis,
958 4916 1014 4978 ut
1034 4906 1296 4978 jejunium
1319 4906 1469 4978 vobis
1497 4907 1770 4978 suadeam,
1794 4916 2048 4976 quantum
2080 4918 2136 4962 ut

556 4993 654 5033 vos
684 4975 843 5034 hodie
868 4994 897 5031 a
927 4977 1054 5030 vitio
1090 4975 1362 5031 ebrietatis
1389 4986 1625 5030 avertam
1658 4995 1671 5030 :
1699 4975 1962 5045 jejunium
1993 4981 2133 5034 enim

556 5061 610 5103 et
627 5064 690 5104 ex
711 5047 1115 5112 consuetudine,
1129 5055 1183 5100 et
1204 5061 1272 5099 es
1293 5054 1476 5100 mutuo
1492 5047 1689 5115 pudore
1709 5048 1856 5102 inulti
1881 5061 2094 5103 servant
2119 5067 2131 5103 :

557 5120 721 5176 timeo
743 5128 919 5174 autem
945 5117 1254 5173 ebrietatem
1278 5157 1292 5181 ,
1317 5133 1476 5188 quam
1505 5132 1601 5171 ceu
1628 5126 1827 5188 sortem
1852 5119 2133 5188 quamdam

558 5201 834 5259 paternam
859 5188 966 5243 vini
994 5197 1260 5259 amatores
1283 5187 1381 5259 sibi
1406 5188 1672 5257 prOpriam
1691 5187 1910 5242 ducunt.
1940 5190 2137 5256 Quem-

557 5257 844 5314 admodum
867 5260 1007 5314 enitn
1039 5257 1092 5324 ii,
1121 5258 1208 5328 qui
1238 5257 1303 5311 ad
1335 5257 1543 5328 longam
1573 5259 2051 5328 peregrinationem
2079 5275 2136 5315 se

557 5339 898 5398 comparant;
931 5330 1001 5384 ita
1027 5327 1240 5398 quidam
1271 5327 1439 5383 insani
1469 5328 1624 5383 hodie
1652 5327 1717 5383 ad
1744 5329 1976 5398 quinque
1997 5329 2133 5398 jeju-

559 5400 634 5454 nii
677 5401 796 5455 dies
832 5401 1010 5454 vinum
1052 5407 1253 5469 potant.
1296 5398 1424 5464 Quis
1455 5400 1524 5452 ita
1553 5413 1738 5469 amens
1765 5408 1868 5464 est,
1903 5409 1958 5453 ut
1983 5411 2134 5456 ante-

556 5485 716 5538 quam
745 5469 927 5526 bibere
956 5468 1206 5538 incipiat,
1243 5469 1516 5523 ebriorum
1553 5468 1720 5523 instar
1759 5469 2028 5523 insaniat?
2068 5485 2134 5524 an

558 5536 771 5605 ignoras
799 5539 938 5608 quod
961 5536 1146 5593 venter
1169 5539 1467 5606 depositum
1491 5554 1594 5593 non
1615 5541 1823 5593 servet?
1856 5539 2054 5594 Venter
2083 5541 2134 5596 in

561 5618 743 5676 mutuo
771 5619 852 5663 est
879 5608 1272 5664 inﬁdelissimus
1291 5648 1307 5674 ,
1337 5624 1503 5676 penus
1531 5624 1634 5664 non
1665 5619 1772 5662 tuta
1810 5626 1929 5664 cuni
1971 5611 2133 5664 multa

565 5675 800 5745 deposita
847 5679 1037 5748 accipit
1079 5695 1092 5732 :
1135 5675 1388 5735 damnum
1433 5679 1692 5746 retinens,
1748 5681 1986 5753 deposita
2028 5698 2136 5738 non

2141 1712 2234 1754 OQ

2241 1725 2488 1736 ——

2227 1835 2465 1874 servans.
2497 1819 2664 1880 Cave,
2698 1834 2766 1873 ne
2802 1819 2892 1872 tibi
2922 1817 3152 1872 crastina
3189 1816 3280 1870 die
3317 1817 3386 1871 ab
3428 1817 3688 1871 ebrietate
3729 1834 3820 1868 re-

2226 1906 2405 1953 verso,
2431 1906 2492 1944 ea
2522 1905 2642 1959 quae
2671 1904 2824 1959 nunc
2841 1889 2974 1959 lecta
3005 1897 3147 1959 suni,
3172 1887 3420 1959 dicantur
3443 1908 3455 1942 :
3480 1885 3600 1940 Non
3621 1888 3718 1940 hoc
3735 1889 3821 1956 je-

2215 1961 2426 2030 junium
2463 1955 2608 2027 claui,
2637 1961 2758 2012 dicit
2799 1957 3047 2030 Dominus
3064 1955 3245 2030 _(lsai._
3260 1958 3347 2011 58.
3381 1958 3457 2026 5).
3485 1959 3592 2030 Cur
3619 1955 3817 2030 misces

2226 2027 2312 2094 ea,
2340 2046 2459 2098 qua:
2489 2047 2593 2082 non
2626 2027 2893 2082 miscenda
2921 2028 3081 2081 sunt?
3107 2027 3248 2096 quod
3269 2029 3599 2098 consortium
3624 2028 3818 2096 jejunii

2226 2097 2682 2154 cum’ebrietate?
2721 2113 2841 2167 quze
2877 2099 3290 2151 communicatio
3315 2097 3652 2167 ilemlllCIllitlt
3692 2113 3818 2151 cum

2230 2169 2616 2239 temperantia?
2649 2166 2773 2234 Quis
2797 2183 3070 2239 consensus
3095 2167 3269 2239 templi
3301 2166 3396 2239 (Dei
3415 2184 3526 2218 cum
3551 2167 3707 2220 idolis
3735 2167 3817 2237 (Ξ.

2227 2237 2354 2293 (Σοί-ξ
2399 2240 2451 2293 6.
2490 2238 2618 2305 16)?
2660 2238 2941 2306 Templum
2981 2237 3177 2307 quippe
3218 2238 3311 2291 Dei
3347 2246 3490 2301 sunt,
3529 2239 3582 2291 in
3621 2239 3820 2306 quibus

2229 2310 2459 2378 Spiritus
2491 2311 2582 2363 Dei
2613 2308 2852 2378 habitat;
2887 2308 3140 2374 templum
3167 2317 3344 2360 autem
3374 2307 3634 2378 idolorum
3665 2318 3816 2372 sunt,

2228 2377 2317 2448 qui
2345 2380 2415 2434 oh
2438 2379 2709 2434 ebrietatis
2731 2377 2920 2431 sordes
2947 2378 3371 2448 intemperantize
3395 2377 3700 2448 satietatem
3722 2380 3792 2431 ad
3809 2406 3822 2418 -

2230 2447 2464 2503 iiiittunt.
2515 2449 2780 2503 Hodierna
2816 2448 2934 2501 dies
2961 2447 3281 2502 vestibulum
3320 2456 3403 2501 est
3433 2447 3764 2516 jejuniorum
3801 2465 3817 2501 :

2229 2520 2320 2588 qui
2349 2521 2400 2574 in
2429 2519 2692 2574 vestibulo
2717 2517 3023 2589 profanatus
3052 2527 3158 2589 est,
3184 2533 3290 2589 non
3322 2529 3402 2572 est
3428 2519 3618 2587 dignus
3638 2520 3728 2586 qui
3761 2520 3818 2571 in

2229 2599 2413 2644 sancta
2441 2591 2619 2644 intret.
2647 2588 2836 2643 Nullus
2860 2602 3046 2641 servus
3074 2588 3162 2657 qui
3196 2588 3384 2642 herum
3415 2604 3568 2642 suum
3597 2589 3819 2657 placare

2229 2661 2378 2726 velit,
2422 2661 2637 2715 inimico
2678 2658 2792 2728 ejus
2837 2668 3063 2728 patrono
3099 2667 3190 2712 aut
3227 2658 3577 2714 conciliatore
3623 2660 3815 2713 utitur.

2231 2729 2478 2785 Ebrietas
2507 2729 2781 2784 inimicitia
2811 2738 2893 2782 est
2919 2729 2970 2782 in
3003 2728 3169 2782 Deum
3203 2746 3217 2782 :
3237 2729 3498 2798 jejunium
3529 2745 3681 2794 vero,
3710 2729 3818 2783 iiii-

2233 2802 2362 2854 tium
2405 2801 2765 2870 paenitentiam
2797 2798 2853 2852 Si
2895 2799 2976 2870 vis
3013 2813 3141 2868 ergo
3185 2813 3280 2868 per
3320 2798 3714 2854 confessionem
3747 2801 3819 2854 ad

2233 2868 2710 2933 Deiim‘revertere,
2743 2868 2875 2940 fuge
2889 2869 3234 2940 ebrietatem,
3268 2885 3334 2925 ne
3379 2870 3470 2925 tibi
3513 2872 3818 2940 graviorem

2231 2951 2382 3011 paret
2419 2938 2820 3011 alienationem.
2859 2938 2976 3011 Nec
3004 2939 3199 3011 suffit-it
3220 2941 3333 2994 sola
3367 2938 3547 3011 perse
3573 2942 3820 2996 ciborum

2231 3009 2551 3067 abstinentia
2573 3010 2640 3064 ad
2670 3009 2936 3063 laudatum
2957 3009 3258 3081 jejunium)
3287 3009 3383 3066 sed
3408 3010 3709 3080 jejuueinus
3734 3013 3824 3081 je-

2227 3082 2380 3151 junio
2412 3081 2760 3152 acceptabili,
2792 3081 2900 3134 Deo
2928 3082 3179 3148 placenti.
3213 3080 3413 3136 Verum
3440 3083 3705 3152 jejunium
3731 3080 3824 3137 est

2232 3150 2552 3207 abstinentia
2577 3167 2606 3206 a
2634 3150 2774 3207 vitiis
2792 3191 2806 3213 ,
2840 3152 3186 3221 temperantia
3229 3150 3463 3221 linguae,
3494 3153 3823 3208 abstinentia

2232 3221 2301 3275 ab
2328 3224 2426 3290 ira,
2449 3222 2713 3292 separatio
2732 3236 2760 3273 a
2786 3220 3183 3292 cupiditatibus,
3204 3236 3236 3275 a
3262 3220 3578 3290 maledictis,
3610 3238 3641 3276 a
3667 3240 3822 3278 men-

2233 3292 2406 3358 dacio,
2437 3309 2464 3345 a
2497 3291 2727 3361 perjurio
2755 3309 2768 3344 :
2788 3291 3114 3362 abstinentia
3141 3307 3171 3345 a
3200 3293 3363 3348 rebus
3392 3292 3697 3362 hiijusinodi
3728 3311 3825 3351 ve-

2233 3377 2353 3417 rum
2374 3359 2749 3430 estjejunium.
2785 3359 2842 3416 lii
2865 3361 2946 3415 his
2957 3362 3217 3431 jejunium
3237 3373 3322 3419 est
3343 3359 3561 3418 bonum.
3591 3364 3827 3421 Domitio

2235 3447 2356 3488 eum
2387 3433 2594 3505 deliciis
2619 3431 2856 3505 fruamur
2882 3433 2934 3485 iri
2957 3433 3305 3505 meditatiOne
3329 3435 3668 3504 eloquiorum
3694 3435 3825 3505 Spi-

2235 3505 2388 3567 ritus,
2411 3514 2465 3557 et
2491 3504 2542 3556 in
2568 3502 2930 3570 assumptione
2956 3503 3200 3572 legalium
3227 3502 3562 3569 salutarium,
3581 3502 3751 3573 atque
3768 3510 3824 3562 iu

2235 3575 2482 3628 omnibus
2516 3589 2635 3646 quin
2670 3576 2902 3626 animam
2934 3585 3171 3646 nostram
3194 3573 3428 3645 dirigunt
3455 3575 3824 3646 dogmatibus.

2235 3647 2278 3698 A
2319 3642 2702 3715 jejuiiio'elam
2743 3652 2962 3715 peracto
3005 3642 3266 3713 fugiamus
3293 3642 3480 3714 {quod
3523 3642 3826 3714 deprecans

2236 3712 2492 3784 propheta
2528 3713 2701 3768 dicit:
2732 3712 2851 3767 Non
2893 3719 3040 3784 fame
3069 3712 3262 3769 occidet
3302 3712 3550 3770 Dominus
3595 3712 3830 3772 animum

2225 3782 2358 3854 justi
2401 3784 2594 3855 (Prov.
2629 3785 2717 3839 10.
2749 3784 2849 3852 5);
2883 3782 2956 3846 et,
2990 3782 3109 3838 Non
3137 3787 3238 3838 uidi
3251 3787 3453 3850 justum
3487 3787 3828 3850 derelictum,

2174 3922 2178 3925 ι
2235 3871 2325 3908 nec
2349 3872 2514 3926 semen
2535 3855 2643 3926 ejus
2671 3871 2896 3926 quarens
2931 3871 3111 3924 panem
3144 3855 3328 3926 (Psal.
3354 3857 3445 3912 '56.
3475 3857 3604 3924 εδ).
3639 3857 3832 3924 Neque

2236 3926 2378 3978 enim
2405 3925 2834 3996 desensilipane
2855 3925 3107 3996 loquitur.
3133 3925 3222 3996 qui
3245 3927 3449 3981 sciebat
3475 3928 3612 3980 filios
3635 3926 3830 3982 Jacobi

2238 3995 2550 4066 patriarcha:
2568 3995 2721 4064 panis
2744 3995 3012 4064 quaerendi
3036 3995 3194 4050 causa
3219 3998 3269 4050 in
3283 3996 3567 4066 Egyptutn
3589 3997 3798 4052 deseen
3811 4029 3831 4039 -

2235 4064 2380 4137 disse
2398 4108 2412 4130 ,
2445 4065 2537 4137 sed
2564 4067 2630 4137 de
2657 4065 2915 4137 Spirituali
2943 4065 3064 4120 cibo
3097 4067 3254 4120 verba
3285 4064 3445 4132 facit,
3475 4083 3581 4136 quo
3609 4069 3832 4137 perﬁci-

2239 4145 2326 4189 tur
2364 4136 2586 4190 interior
2615 4134 2798 4191 homo.
2843 4135 2920 4190 Ne
2955 4137 3109 4205 nobis
3139 4137 3398 4205 jejunium
3429 4134 3555 4192 illud
3582 4134 3828 4201 eveniat,

2235 4206 2376 4274 quod
2401 4206 2598 4260 Judaeis
2623 4206 2981 4260 comminatur
3008 4204 3149 4260 Deus
3177 4204 3348 4262 {Ecce
3372 4209 3477 4261 dies
3505 4210 3730 4274 veniunt,
3757 4210 3833 4263 di-

2237 4277 2304 4329 cit
2329 4275 2597 4342 Dominus,
2629 4285 2676 4329 et
2708 4277 2945 4348 inducam
2967 4278 3150 4346 famem
3177 4294 3330 4347 super
3355 4287 3540 4332 terram
3571 4295 3588 4332 :
3614 4295 3714 4332 non
3747 4284 3834 4348 fa-

2237 4361 2365 4429 tuem
2381 4349 2553 4429 punis,
2571 4363 2726 4429 nequf
2749 4347 2883 4429 sitim
2907 4362 3067 4429 aqua},
3099 4349 3394 4429 sed‘fauieiu
3420 4350 3664 4429 audiendi
3690 4352 3833 4429 verbi

2239 4413 2448 4487 Domini
2479 4413 2670 4487 (Amos
2695 4417 2748 4472 8.
2779 4417 2836 4471 Η
2869 4417 2906 4485 ).
2948 4413 3116 4484 Quam
3149 4413 3268 4473 ideo
3292 4419 3495 4474 induxit
3519 4424 3696 4487 justus
3724 4420 3830 4474 Ju-

2237 4486 2362 4559 dﬁex,
2386 4486 2509 4558 quia
2538 4487 2749 4559 videbat
2777 4502 2960 4542 eorum
2993 4496 3224 4542 mentem
3255 4490 3308 4544 in
3338 4486 3576 4544 veritatis
3603 4490 3831 4559 dogma-

2242 4558 2382 4612 tibus
2405 4558 2622 4627 penuria
2652 4559 2818 4625 premi
2843 4598 2858 4622 ,
2888 4559 3014 4628 dum
3044 4559 3281 4614 exterior
3310 4560 3471 4613 homo
3499 4558 3708 4628 pinguis
3736 4575 3828 4616 se-

2238 4629 2466 4682 cundum
2489 4643 2704 4683 carnem
2728 4637 2888 4682 esset.
2917 4627 3145 4695 Spiritus
3169 4644 3298 4699 ergo
3321 4627 3537 4685 sanctus
3561 4627 3655 4684 vos
3685 4632 3832 4684 inse-

2238 4700 2418 4766 quenti
2467 4709 2707 4768 tempore
2754 4699 3025 4752 matutinis
3064 4708 3118 4753 et
3143 4701 3458 4768 vespertinis
3500 4700 3636 4754 cibis
3681 4701 3832 4755 laute

2241 4769 2462 4822 reficiet.
2488 4767 2657 4839 Nemo
2677 4783 2718 4839 ad
2738 4769 2997 4839 Spirituali
3023 4767 3266 4823 convivio
3287 4780 3476 4839 sponte
3501 4771 3641 4824 absit
3668 4788 3682 4822 :
3709 4785 3830 4824 omo

2241 4853 2336 4892 nes
2366 4838 2652 4909 participes
2680 4838 2846 4909 simus
2868 4838 3077 4906 jejunii,
3109 4856 3215 4909 quo
3237 4856 3268 4894 a
3297 4838 3463 4895 coctis
3491 4841 3627 4894 cibis
3652 4841 3830 4894 absti-

2241 4918 2416 4977 netur.
2456 4908 2703 4975 Quieseat
2731 4908 2942 4963 tandem
2968 4908 3158 4964 domus
3185 4925 3214 4964 a
3243 4911 3386 4965 inille
3413 4911 3734 4965 tumultibus
3755 4953 3772 4977 ,
3803 4928 3833 4966 a

2241 4976 2387 5033 fumo
2415 4989 2470 5033 et
2495 4978 2684 5050 nidore
2709 5019 2723 5041 ,
2753 4979 2821 5032 ab
2848 4979 2912 5033 iis
2939 4981 3026 5048 qui
3051 4981 3466 5050 circumquaque
3492 4976 3831 5048 discurrunt,

2241 5060 2294 5104 et
2327 5050 2492 5104 ventri
2553 5049 2666 5102 uasi
2693 5050 2979 5104 inevitabili
3002 5050 3218 5106 domino
3240 5049 3498 5105 serviunt.
3536 5054 3833 5106 Esactores

2241 5129 2388 5174 certe
2417 5066 2642 5174 subditis
2671 5121 2784 5173 suis
2812 5119 3010 5174 aliuuid
3043 5120 3303 5174 libertatis
3344 5122 3610 5174 interdum
3644 5123 3833 5174 indul-

2241 5129 2388 5174 certe
2417 5119 2642 5175 subditis
2671 5121 2784 5173 suis
2812 5119 3010 5188 aliquid
3043 5120 3303 5174 libertatis
3344 5122 3610 5176 interdum
3644 5123 3833 5176 indul-

2239 5201 2385 5259 gent.
2421 5191 2520 5244 Det
2547 5200 2731 5244 venter
2757 5191 3012 5260 quasdam
3042 5189 3202 5244 ferias
3229 5191 3308 5245 uri
3331 5210 3346 5246 :
3370 5191 3483 5257 det,
3507 5201 3560 5246 et
3588 5193 3836 5260 quinque

2242 5262 2450 5315 dierum
2480 5260 2718 5314 inducias
2744 5259 3020 5313 nobiscum
3045 5261 3362 5328 paciscatur,
3381 5262 3468 5328 qui
3494 5259 3716 5332 semper
3737 5280 3830 5332 ap-

2243 5333 2372 5399 petit
2391 5373 2406 5396 ,
2435 5341 2490 5386 et
2520 5345 2806 5399 numquam
2832 5333 3152 5402 cessataqui
3185 5332 3341 5386 hodie
3365 5332 3597 5402 accipit,
3627 5342 3685 5386 et
3710 5347 3840 5388 cras

2241 5403 2443 5471 accepti
2473 5402 2784 5456 oliviscitur.
2828 5401 2959 5454 Cum
3005 5400 3194 5470 plenus
3229 5411 3330 5464 est,
3366 5399 3434 5455 de
3475 5399 3838 5470 ieiupcrantia

2246 5473 2678 5541 philosophatur;
2719 5485 2843 5524 cum
2888 5485 3118 5533 vacuus,
3163 5471 3418 5526 doctrinae
3465 5471 3834 5528 obliviscitur.

2241 5540 2507 5610 Jejuniuiu
2552 5541 2770 5596 fcenoris
2813 5551 3052 5594 naturain
3094 5557 3200 5595 non
3249 5544 3427 5604 novit,
3459 5557 3677 5596 usaram
3726 5561 3838 5599 non

2243 5611 2353 5666 olet
2381 5627 2561 5666 mensa
2582 5612 2872 5680 jejunantis
2897 5653 2909 5674 ,
2940 5612 3194 5680 pupillum
3225 5628 3331 5666 non
3359 5614 3672 5681 opprimunt
3687 5614 3838 5683 jeju-

2247 5683 2421 5739 nantis
2448 5684 2560 5753 iilii,
2589 5697 2689 5739 nec
2728 5683 2864 5738 sicut
2898 5692 3176 5754 serpentes
3213 5683 3362 5740 illum
3396 5685 3841 5755 circumplicant.
