  <div class='ocr_page' id='page_1' title='image "/cluster/home/n/w/nwhite01/storage/ocr_20150623/59/mdp.39015009383640/681.png"; bbox 0 0 4028 6144; ppageno 0'>
   <div class='ocr_carea' id='block_1_1' title="bbox 410 368 515 425">
    <p class='ocr_par' dir='ltr' id='par_1_1' title="bbox 410 368 515 425">
     <span class='ocr_line' id='line_1_1' title="bbox 410 368 515 425; baseline 0 0"><span class='ocrx_word' id='word_1_1' title='bbox 410 368 515 425; x_wconf 71' lang='lat'><strong>683</strong></span> 
     </span>
    </p>
   </div>
   <div class='ocr_carea' id='block_1_2' title="bbox 409 479 1990 554">
    <p class='ocr_par' dir='ltr' id='par_1_2' title="bbox 409 479 1990 554">
     <span class='ocr_line' id='line_1_2' title="bbox 409 479 1990 554; baseline -0.003 -14"><span class='ocrx_word' id='word_1_2' title='bbox 409 489 605 543; x_wconf 89' lang='lat' dir='ltr'><strong>tionem</strong></span> <span class='ocrx_word' id='word_1_3' title='bbox 632 498 841 554; x_wconf 84' lang='lat' dir='ltr'><strong>quoque</strong></span> <span class='ocrx_word' id='word_1_4' title='bbox 867 482 1098 554; x_wconf 86' lang='lat' dir='ltr'><strong>divinam</strong></span> <span class='ocrx_word' id='word_1_5' title='bbox 1126 494 1194 535; x_wconf 86' lang='lat' dir='ltr'><strong>ex</strong></span> <span class='ocrx_word' id='word_1_6' title='bbox 1220 495 1314 535; x_wconf 91' lang='lat' dir='ltr'><strong>ore</strong></span> <span class='ocrx_word' id='word_1_7' title='bbox 1339 479 1454 554; x_wconf 81' lang='lat' dir='ltr'><strong>ejus</strong></span> <span class='ocrx_word' id='word_1_8' title='bbox 1475 480 1796 550; x_wconf 83' lang='lat' dir='ltr'><strong>accepimus,</strong></span> <span class='ocrx_word' id='word_1_9' title='bbox 1831 481 1990 554; x_wconf 76' lang='lat' dir='ltr'><strong>insuf-</strong></span> 
     </span>
    </p>
   </div>
   <div class='ocr_carea' id='block_1_3' title="bbox 409 551 1989 623">
    <p class='ocr_par' dir='ltr' id='par_1_3' title="bbox 409 551 1989 623">
     <span class='ocr_line' id='line_1_3' title="bbox 409 551 1989 623; baseline -0.004 -11"><span class='ocrx_word' id='word_1_10' title='bbox 409 551 677 612; x_wconf 80' lang='lat' dir='ltr'><strong>ﬂaiionem</strong></span> <span class='ocrx_word' id='word_1_11' title='bbox 723 551 1052 623; x_wconf 79' lang='lat' dir='ltr'><strong>spiritualetn</strong></span> <span class='ocrx_word' id='word_1_12' title='bbox 1080 593 1106 623; x_wconf 13' lang='grc' dir='ltr'><strong>,ί</strong></span> <span class='ocrx_word' id='word_1_13' title='bbox 1146 567 1262 623; x_wconf 75' lang='lat' dir='ltr'><strong>qua:</strong></span> <span class='ocrx_word' id='word_1_14' title='bbox 1301 551 1524 620; x_wconf 93' lang='lat' dir='ltr'><strong>gratiam</strong></span> <span class='ocrx_word' id='word_1_15' title='bbox 1571 567 1784 604; x_wconf 88' lang='lat' dir='ltr'><strong>omnem</strong></span> <span class='ocrx_word' id='word_1_16' title='bbox 1829 553 1989 606; x_wconf 84' lang='lat' dir='ltr'><strong>mini-</strong></span> 
     </span>
    </p>
   </div>
   <div class='ocr_carea' id='block_1_4' title="bbox 405 622 1988 690">
    <p class='ocr_par' dir='ltr' id='par_1_4' title="bbox 405 622 1988 690">
     <span class='ocr_line' id='line_1_4' title="bbox 405 622 1988 690; baseline -0.003 -9"><span class='ocrx_word' id='word_1_17' title='bbox 405 628 627 682; x_wconf 82' lang='lat' dir='ltr'><strong>strabat.</strong></span> <span class='ocrx_word' id='word_1_18' title='bbox 671 627 711 679; x_wconf 83' lang='grc' dir='ltr'><strong>Α</strong></span> <span class='ocrx_word' id='word_1_19' title='bbox 745 622 970 678; x_wconf 78' lang='lat' dir='ltr'><strong>Domino</strong></span> <span class='ocrx_word' id='word_1_20' title='bbox 1015 622 1242 676; x_wconf 92' lang='lat' dir='ltr'><strong>ordinati</strong></span> <span class='ocrx_word' id='word_1_21' title='bbox 1293 635 1506 684; x_wconf 87' lang='lat' dir='ltr'><strong>sumus,</strong></span> <span class='ocrx_word' id='word_1_22' title='bbox 1562 630 1620 674; x_wconf 89' lang='lat' dir='ltr'><strong>ut</strong></span> <span class='ocrx_word' id='word_1_23' title='bbox 1669 631 1988 690; x_wconf 84' lang='lat' dir='ltr'><strong>potestatem</strong></span> 
     </span>
    </p>
   </div>
   <div class='ocr_carea' id='block_1_5' title="bbox 409 691 1985 762">
    <p class='ocr_par' dir='ltr' id='par_1_5' title="bbox 409 691 1985 762">
     <span class='ocr_line' id='line_1_5' title="bbox 409 691 1985 762; baseline -0.003 -11"><span class='ocrx_word' id='word_1_24' title='bbox 409 698 702 751; x_wconf 78' lang='lat' dir='ltr'><strong>habeamus</strong></span> <span class='ocrx_word' id='word_1_25' title='bbox 727 692 1030 749; x_wconf 77' lang='lat' dir='ltr'><strong>dimittendi</strong></span> <span class='ocrx_word' id='word_1_26' title='bbox 1062 701 1312 762; x_wconf 89' lang='lat' dir='ltr'><strong>peccata;</strong></span> <span class='ocrx_word' id='word_1_27' title='bbox 1356 699 1405 746; x_wconf 92' lang='lat' dir='ltr'><strong>et</strong></span> <span class='ocrx_word' id='word_1_28' title='bbox 1443 691 1729 762; x_wconf 80' lang='lat' dir='ltr'><strong>judicandi</strong></span> <span class='ocrx_word' id='word_1_29' title='bbox 1770 702 1985 761; x_wconf 78' lang='lat' dir='ltr'><strong>peCcata</strong></span> 
     </span>
    </p>
   </div>
   <div class='ocr_carea' id='block_1_6' title="bbox 405 761 1984 832">
    <p class='ocr_par' dir='ltr' id='par_1_6' title="bbox 405 761 1984 832">
     <span class='ocr_line' id='line_1_6' title="bbox 405 761 1984 832; baseline -0.003 -10"><span class='ocrx_word' id='word_1_30' title='bbox 405 767 710 822; x_wconf 76' lang='lat' dir='ltr'><strong>facultatem</strong></span> <span class='ocrx_word' id='word_1_31' title='bbox 742 761 1080 832; x_wconf 75' lang='lat' dir='ltr'><strong>accepimus,</strong></span> <span class='ocrx_word' id='word_1_32' title='bbox 1113 761 1213 816; x_wconf 90' lang='lat' dir='ltr'><strong>hoc</strong></span> <span class='ocrx_word' id='word_1_33' title='bbox 1237 762 1380 816; x_wconf 91' lang='lat' dir='ltr'><strong>dicto</strong></span> <span class='ocrx_word' id='word_1_34' title='bbox 1422 775 1520 816; x_wconf 91' lang='lat' dir='ltr'><strong>nos</strong></span> <span class='ocrx_word' id='word_1_35' title='bbox 1564 761 1630 815; x_wconf 87' lang='lat' dir='ltr'><strong>ad</strong></span> <span class='ocrx_word' id='word_1_36' title='bbox 1685 761 1737 815; x_wconf 91' lang='lat' dir='ltr'><strong>id</strong></span> <span class='ocrx_word' id='word_1_37' title='bbox 1783 764 1984 817; x_wconf 86' lang='lat' dir='ltr'><strong>consti-</strong></span> 
     </span>
    </p>
   </div>
   <div class='ocr_carea' id='block_1_7' title="bbox 405 832 1981 902">
    <p class='ocr_par' dir='ltr' id='par_1_7' title="bbox 405 832 1981 902">
     <span class='ocr_line' id='line_1_7' title="bbox 405 832 1981 902; baseline -0.003 -11"><span class='ocrx_word' id='word_1_38' title='bbox 405 847 588 892; x_wconf 82' lang='lat' dir='ltr'><strong>tuente</strong></span> <span class='ocrx_word' id='word_1_39' title='bbox 619 853 632 888; x_wconf 92' lang='lat'><strong>:</strong></span> <span class='ocrx_word' id='word_1_40' title='bbox 665 835 895 902; x_wconf 82' lang='lat' dir='ltr'><strong>Quorum</strong></span> <span class='ocrx_word' id='word_1_41' title='bbox 919 833 1206 887; x_wconf 80' lang='lat' dir='ltr'><strong>remiscritis</strong></span> <span class='ocrx_word' id='word_1_42' title='bbox 1234 841 1473 902; x_wconf 74' lang='lat' dir='ltr'><strong>peccata,</strong></span> <span class='ocrx_word' id='word_1_43' title='bbox 1506 832 1831 886; x_wconf 88' lang='lat' dir='ltr'><strong>remittuntur</strong></span> <span class='ocrx_word' id='word_1_44' title='bbox 1874 835 1944 886; x_wconf 79' lang='lat' dir='ltr'><strong>eis</strong></span> <span class='ocrx_word' id='word_1_45' title='bbox 1965 873 1981 897; x_wconf 90' lang='lat'><strong>,</strong></span> 
     </span>
    </p>
   </div>
   <div class='ocr_carea' id='block_1_8' title="bbox 403 901 1985 979">
    <p class='ocr_par' dir='ltr' id='par_1_8' title="bbox 403 901 1985 979">
     <span class='ocr_line' id='line_1_8' title="bbox 403 901 1985 979; baseline -0.001 -19"><span class='ocrx_word' id='word_1_46' title='bbox 403 918 451 961; x_wconf 87' lang='lat' dir='ltr'><strong>et</strong></span> <span class='ocrx_word' id='word_1_47' title='bbox 479 901 700 979; x_wconf 78' lang='lat' dir='ltr'><strong>quarunt</strong></span> <span class='ocrx_word' id='word_1_48' title='bbox 720 905 1046 979; x_wconf 73' lang='lat' dir='ltr'><strong>retinueritt&#39;s,</strong></span> <span class='ocrx_word' id='word_1_49' title='bbox 1074 912 1266 979; x_wconf 74' lang='lat' dir='ltr'><strong>retenta</strong></span> <span class='ocrx_word' id='word_1_50' title='bbox 1287 911 1424 979; x_wconf 66' lang='lat' dir='ltr'><strong>sunt.</strong></span> <span class='ocrx_word' id='word_1_51' title='bbox 1442 901 1658 979; x_wconf 74' lang='lat' dir='ltr'><strong>Talibus</strong></span> <span class='ocrx_word' id='word_1_52' title='bbox 1683 902 1985 979; x_wconf 74' lang='lat' dir='ltr'><strong>Servaloris</strong></span> 
     </span>
    </p>
   </div>
   <div class='ocr_carea' id='block_1_9' title="bbox 401 972 1979 1044">
    <p class='ocr_par' dir='ltr' id='par_1_9' title="bbox 401 972 1979 1044">
     <span class='ocr_line' id='line_1_9' title="bbox 401 972 1979 1044; baseline -0.001 -14"><span class='ocrx_word' id='word_1_53' title='bbox 401 972 560 1032; x_wconf 70' lang='lat' dir='ltr'><strong>dictis</strong></span> <span class='ocrx_word' id='word_1_54' title='bbox 584 992 706 1030; x_wconf 90' lang='lat' dir='ltr'><strong>cum</strong></span> <span class='ocrx_word' id='word_1_55' title='bbox 736 975 932 1044; x_wconf 86' lang='lat' dir='ltr'><strong>gaudio</strong></span> <span class='ocrx_word' id='word_1_56' title='bbox 953 973 1204 1044; x_wconf 81' lang='lat' dir='ltr'><strong>acceptis,</strong></span> <span class='ocrx_word' id='word_1_57' title='bbox 1226 973 1370 1044; x_wconf 13' lang='lat' dir='ltr'><strong>italia,</strong></span> <span class='ocrx_word' id='word_1_58' title='bbox 1392 972 1532 1044; x_wconf 87' lang='lat' dir='ltr'><strong>nacti</strong></span> <span class='ocrx_word' id='word_1_59' title='bbox 1566 987 1761 1044; x_wconf 82' lang='lat' dir='ltr'><strong>sumus</strong></span> <span class='ocrx_word' id='word_1_60' title='bbox 1790 973 1932 1044; x_wconf 87' lang='lat' dir='ltr'><strong>dona</strong></span> <span class='ocrx_word' id='word_1_61' title='bbox 1964 992 1979 1029; x_wconf 90' lang='lat'><strong>:</strong></span> 
     </span>
    </p>
   </div>
   <div class='ocr_carea' id='block_1_10' title="bbox 403 1042 1983 1115">
    <p class='ocr_par' dir='ltr' id='par_1_10' title="bbox 403 1042 1983 1115">
     <span class='ocr_line' id='line_1_10' title="bbox 403 1042 1983 1115; baseline -0.002 -14"><span class='ocrx_word' id='word_1_62' title='bbox 403 1065 506 1103; x_wconf 88' lang='lat' dir='ltr'><strong>non</strong></span> <span class='ocrx_word' id='word_1_63' title='bbox 533 1047 675 1102; x_wconf 89' lang='lat' dir='ltr'><strong>enim</strong></span> <span class='ocrx_word' id='word_1_64' title='bbox 706 1042 1012 1115; x_wconf 82' lang='lat' dir='ltr'><strong>poteramus</strong></span> <span class='ocrx_word' id='word_1_65' title='bbox 1035 1057 1070 1115; x_wconf 77' lang='lat' dir='ltr'><strong>_a</strong></span> <span class='ocrx_word' id='word_1_66' title='bbox 1095 1043 1190 1115; x_wconf 62' lang='lat' dir='ltr'><strong>iali</strong></span> <span class='ocrx_word' id='word_1_67' title='bbox 1224 1043 1449 1115; x_wconf 80' lang='lat' dir='ltr'><strong>Domino</strong></span> <span class='ocrx_word' id='word_1_68' title='bbox 1481 1042 1602 1103; x_wconf 82' lang='lat' dir='ltr'><strong>frui,</strong></span> <span class='ocrx_word' id='word_1_69' title='bbox 1629 1043 1746 1098; x_wconf 85' lang='lat' dir='ltr'><strong>sine</strong></span> <span class='ocrx_word' id='word_1_70' title='bbox 1768 1043 1983 1098; x_wconf 89' lang='lat' dir='ltr'><strong>divitia-</strong></span> 
     </span>
    </p>
   </div>
   <div class='ocr_carea' id='block_1_11' title="bbox 401 1112 1980 1178">
    <p class='ocr_par' dir='ltr' id='par_1_11' title="bbox 401 1112 1980 1178">
     <span class='ocr_line' id='line_1_11' title="bbox 401 1112 1980 1178; baseline -0.001 -6"><span class='ocrx_word' id='word_1_71' title='bbox 401 1134 516 1172; x_wconf 89' lang='lat' dir='ltr'><strong>rum</strong></span> <span class='ocrx_word' id='word_1_72' title='bbox 545 1112 854 1172; x_wconf 74' lang='lat' dir='ltr'><strong>accessione</strong></span> <span class='ocrx_word' id='word_1_73' title='bbox 877 1155 891 1178; x_wconf 89' lang='lat'><strong>,</strong></span> <span class='ocrx_word' id='word_1_74' title='bbox 916 1128 944 1166; x_wconf 92' lang='lat' dir='ltr'><strong>a</strong></span> <span class='ocrx_word' id='word_1_75' title='bbox 977 1113 1068 1166; x_wconf 91' lang='lat' dir='ltr'><strong>tali</strong></span> <span class='ocrx_word' id='word_1_76' title='bbox 1093 1113 1315 1167; x_wconf 91' lang='lat' dir='ltr'><strong>Domino</strong></span> <span class='ocrx_word' id='word_1_77' title='bbox 1337 1112 1560 1174; x_wconf 87' lang='lat' dir='ltr'><strong>collata;</strong></span> <span class='ocrx_word' id='word_1_78' title='bbox 1590 1121 1643 1165; x_wconf 90' lang='lat' dir='ltr'><strong>tu</strong></span> <span class='ocrx_word' id='word_1_79' title='bbox 1667 1129 1792 1168; x_wconf 89' lang='lat' dir='ltr'><strong>vero</strong></span> <span class='ocrx_word' id='word_1_80' title='bbox 1835 1116 1980 1170; x_wconf 83' lang='lat' dir='ltr'><strong>solus</strong></span> 
     </span>
    </p>
   </div>
   <div class='ocr_carea' id='block_1_12' title="bbox 402 1182 1979 1259">
    <p class='ocr_par' dir='ltr' id='par_1_12' title="bbox 402 1182 1979 1259">
     <span class='ocr_line' id='line_1_12' title="bbox 402 1182 1979 1259; baseline 0 -19"><span class='ocrx_word' id='word_1_81' title='bbox 402 1204 600 1259; x_wconf 81' lang='lat' dir='ltr'><strong>pauper</strong></span> <span class='ocrx_word' id='word_1_82' title='bbox 618 1186 870 1259; x_wconf 73' lang='lat' dir='ltr'><strong>mansisti</strong></span> <span class='ocrx_word' id='word_1_83' title='bbox 891 1186 1023 1259; x_wconf 84' lang='lat' dir='ltr'><strong>,_qui</strong></span> <span class='ocrx_word' id='word_1_84' title='bbox 1055 1199 1159 1259; x_wconf 72' lang='lat' dir='ltr'><strong>non</strong></span> <span class='ocrx_word' id='word_1_85' title='bbox 1184 1183 1393 1259; x_wconf 69' lang='lat' dir='ltr'><strong>aderas.</strong></span> <span class='ocrx_word' id='word_1_86' title='bbox 1423 1182 1720 1259; x_wconf 76' lang='lat' dir='ltr'><strong>Statimque</strong></span> <span class='ocrx_word' id='word_1_87' title='bbox 1747 1184 1979 1240; x_wconf 87' lang='lat' dir='ltr'><strong>Thomas</strong></span> 
     </span>
    </p>
   </div>
   <div class='ocr_carea' id='block_1_13' title="bbox 401 1252 1979 1327">
    <p class='ocr_par' dir='ltr' id='par_1_13' title="bbox 401 1252 1979 1327">
     <span class='ocr_line' id='line_1_13' title="bbox 401 1252 1979 1327; baseline -0.004 -15"><span class='ocrx_word' id='word_1_88' title='bbox 401 1252 677 1327; x_wconf 77' lang='lat' dir='ltr'><strong>respondit</strong></span> <span class='ocrx_word' id='word_1_89' title='bbox 726 1255 873 1308; x_wconf 86' lang='lat' dir='ltr'><strong>illis:</strong></span> <span class='ocrx_word' id='word_1_90' title='bbox 903 1253 1158 1327; x_wconf 82' lang='lat' dir='ltr'><strong>Vos_soli</strong></span> <span class='ocrx_word' id='word_1_91' title='bbox 1208 1252 1766 1327; x_wconf 85' lang='lat' dir='ltr'><strong>Dominum__vidistis;</strong></span> <span class='ocrx_word' id='word_1_92' title='bbox 1809 1271 1979 1327; x_wconf 81' lang='lat' dir='ltr'><strong>egone</strong></span> 
     </span>
    </p>
   </div>
   <div class='ocr_carea' id='block_1_14' title="bbox 397 1321 1977 1396">
    <p class='ocr_par' dir='ltr' id='par_1_14' title="bbox 397 1321 1977 1396">
     <span class='ocr_line' id='line_1_14' title="bbox 397 1321 1977 1396; baseline -0.002 -15"><span class='ocrx_word' id='word_1_93' title='bbox 397 1321 544 1384; x_wconf 68' lang='lat' dir='ltr'><strong>solus</strong></span> <span class='ocrx_word' id='word_1_94' title='bbox 575 1327 822 1396; x_wconf 84' lang='lat' dir='ltr'><strong>indignus</strong></span> <span class='ocrx_word' id='word_1_95' title='bbox 850 1340 967 1378; x_wconf 88' lang='lat' dir='ltr'><strong>sum</strong></span> <span class='ocrx_word' id='word_1_96' title='bbox 995 1322 1112 1391; x_wconf 85' lang='lat' dir='ltr'><strong>ejus</strong></span> <span class='ocrx_word' id='word_1_97' title='bbox 1137 1323 1470 1396; x_wconf 71' lang='lat' dir='ltr'><strong>conspectu?</strong></span> <span class='ocrx_word' id='word_1_98' title='bbox 1497 1321 1684 1396; x_wconf 64' lang='lat' dir='ltr'><strong>Nonne</strong></span> <span class='ocrx_word' id='word_1_99' title='bbox 1723 1335 1780 1396; x_wconf 88' lang='lat' dir='ltr'><strong>ut</strong></span> <span class='ocrx_word' id='word_1_100' title='bbox 1805 1326 1977 1378; x_wconf 89' lang='lat' dir='ltr'><strong>vocati</strong></span> 
     </span>
    </p>
   </div>
   <div class='ocr_carea' id='block_1_15' title="bbox 395 1393 1973 1464">
    <p class='ocr_par' dir='ltr' id='par_1_15' title="bbox 395 1393 1973 1464">
     <span class='ocr_line' id='line_1_15' title="bbox 395 1393 1973 1464; baseline -0.005 -10"><span class='ocrx_word' id='word_1_101' title='bbox 395 1401 564 1460; x_wconf 86' lang='lat' dir='ltr'><strong>estis,</strong></span> <span class='ocrx_word' id='word_1_102' title='bbox 611 1406 667 1452; x_wconf 90' lang='lat' dir='ltr'><strong>et</strong></span> <span class='ocrx_word' id='word_1_103' title='bbox 695 1393 799 1464; x_wconf 79' lang='lat' dir='ltr'><strong>ego</strong></span> <span class='ocrx_word' id='word_1_104' title='bbox 837 1408 1055 1449; x_wconf 83' lang='lat' dir='ltr'><strong>vocatus</strong></span> <span class='ocrx_word' id='word_1_105' title='bbox 1090 1393 1359 1464; x_wconf 57' lang='lat' dir='ltr'><strong>suntiet</strong></span> <span class='ocrx_word' id='word_1_106' title='bbox 1410 1401 1466 1446; x_wconf 91' lang='lat' dir='ltr'><strong>ut</strong></span> <span class='ocrx_word' id='word_1_107' title='bbox 1511 1393 1754 1448; x_wconf 85' lang='lat' dir='ltr'><strong>honorati</strong></span> <span class='ocrx_word' id='word_1_108' title='bbox 1805 1396 1973 1460; x_wconf 83' lang='lat' dir='ltr'><strong>estis,</strong></span> 
     </span>
    </p>
   </div>
   <div class='ocr_carea' id='block_1_16' title="bbox 393 1463 1972 1538">
    <p class='ocr_par' dir='ltr' id='par_1_16' title="bbox 393 1463 1972 1538">
     <span class='ocr_line' id='line_1_16' title="bbox 393 1463 1972 1538; baseline -0.003 -15"><span class='ocrx_word' id='word_1_109' title='bbox 393 1485 494 1538; x_wconf 84' lang='lat' dir='ltr'><strong>ego</strong></span> <span class='ocrx_word' id='word_1_110' title='bbox 544 1463 835 1522; x_wconf 84' lang='lat' dir='ltr'><strong>honoratus</strong></span> <span class='ocrx_word' id='word_1_111' title='bbox 866 1481 1001 1538; x_wconf 72' lang='lat' dir='ltr'><strong>sum</strong></span> <span class='ocrx_word' id='word_1_112' title='bbox 1055 1463 1122 1518; x_wconf 90' lang='lat' dir='ltr'><strong>ab</strong></span> <span class='ocrx_word' id='word_1_113' title='bbox 1168 1463 1298 1518; x_wconf 78' lang='lat' dir='ltr'><strong>illo?</strong></span> <span class='ocrx_word' id='word_1_114' title='bbox 1351 1473 1655 1538; x_wconf 64' lang='lat' dir='ltr'><strong>nuntient</strong></span> <span class='ocrx_word' id='word_1_115' title='bbox 1689 1466 1972 1538; x_wconf 19' lang='lat' dir='ltr'><strong>vos‘vidi-</strong></span> 
     </span>
    </p>
   </div>
   <div class='ocr_carea' id='block_1_17' title="bbox 394 1534 1972 1602">
    <p class='ocr_par' dir='ltr' id='par_1_17' title="bbox 394 1534 1972 1602">
     <span class='ocr_line' id='line_1_17' title="bbox 394 1534 1972 1602; baseline -0.003 -8"><span class='ocrx_word' id='word_1_116' title='bbox 394 1534 491 1594; x_wconf 79' lang='lat' dir='ltr'><strong>siis</strong></span> <span class='ocrx_word' id='word_1_117' title='bbox 539 1539 685 1593; x_wconf 91' lang='lat' dir='ltr'><strong>illum</strong></span> <span class='ocrx_word' id='word_1_118' title='bbox 733 1534 1050 1590; x_wconf 79' lang='lat' dir='ltr'><strong>cruciﬁxum</strong></span> <span class='ocrx_word' id='word_1_119' title='bbox 1076 1574 1090 1599; x_wconf 90' lang='lat'><strong>,</strong></span> <span class='ocrx_word' id='word_1_120' title='bbox 1131 1549 1230 1602; x_wconf 89' lang='lat' dir='ltr'><strong>ego</strong></span> <span class='ocrx_word' id='word_1_121' title='bbox 1269 1548 1477 1602; x_wconf 90' lang='lat' dir='ltr'><strong>quoque</strong></span> <span class='ocrx_word' id='word_1_122' title='bbox 1516 1535 1660 1588; x_wconf 85' lang='lat' dir='ltr'><strong>vidi?</strong></span> <span class='ocrx_word' id='word_1_123' title='bbox 1692 1535 1972 1590; x_wconf 77' lang='lat' dir='ltr'><strong>Vobiscum</strong></span> 
     </span>
    </p>
   </div>
   <div class='ocr_carea' id='block_1_18' title="bbox 397 1603 1973 1670">
    <p class='ocr_par' dir='ltr' id='par_1_18' title="bbox 397 1603 1973 1670">
     <span class='ocr_line' id='line_1_18' title="bbox 397 1603 1973 1670; baseline -0.002 -7"><span class='ocrx_word' id='word_1_124' title='bbox 397 1611 564 1664; x_wconf 86' lang='lat' dir='ltr'><strong>tristia</strong></span> <span class='ocrx_word' id='word_1_125' title='bbox 594 1608 728 1670; x_wconf 87' lang='lat' dir='ltr'><strong>vidi,</strong></span> <span class='ocrx_word' id='word_1_126' title='bbox 758 1607 880 1660; x_wconf 91' lang='lat' dir='ltr'><strong>volo</strong></span> <span class='ocrx_word' id='word_1_127' title='bbox 905 1607 1067 1660; x_wconf 86' lang='lat' dir='ltr'><strong>etiam</strong></span> <span class='ocrx_word' id='word_1_128' title='bbox 1099 1607 1217 1658; x_wconf 79' lang='lat' dir='ltr'><strong>la-ta</strong></span> <span class='ocrx_word' id='word_1_129' title='bbox 1244 1606 1473 1658; x_wconf 88' lang='lat' dir='ltr'><strong>discere.</strong></span> <span class='ocrx_word' id='word_1_130' title='bbox 1505 1603 1571 1660; x_wconf 90' lang='lat' dir='ltr'><strong>Ut</strong></span> <span class='ocrx_word' id='word_1_131' title='bbox 1599 1605 1702 1659; x_wconf 85' lang='lat' dir='ltr'><strong>vidi</strong></span> <span class='ocrx_word' id='word_1_132' title='bbox 1745 1616 1973 1660; x_wconf 83' lang='lat' dir='ltr'><strong>mortem</strong></span> 
     </span>
    </p>
   </div>
   <div class='ocr_carea' id='block_1_19' title="bbox 395 1675 1972 1746">
    <p class='ocr_par' dir='ltr' id='par_1_19' title="bbox 395 1675 1972 1746">
     <span class='ocr_line' id='line_1_19' title="bbox 395 1675 1972 1746; baseline -0.003 -12"><span class='ocrx_word' id='word_1_133' title='bbox 395 1680 588 1734; x_wconf 80' lang='lat' dir='ltr'><strong>Christi</strong></span> <span class='ocrx_word' id='word_1_134' title='bbox 617 1721 630 1738; x_wconf 86' lang='lat'><strong>.</strong></span> <span class='ocrx_word' id='word_1_135' title='bbox 681 1677 804 1731; x_wconf 89' lang='lat' dir='ltr'><strong>volo</strong></span> <span class='ocrx_word' id='word_1_136' title='bbox 852 1689 1062 1744; x_wconf 89' lang='lat' dir='ltr'><strong>quoque</strong></span> <span class='ocrx_word' id='word_1_137' title='bbox 1102 1675 1547 1729; x_wconf 88' lang='lat' dir='ltr'><strong>resurrectionem</strong></span> <span class='ocrx_word' id='word_1_138' title='bbox 1597 1677 1711 1742; x_wconf 84' lang='lat' dir='ltr'><strong>ejus</strong></span> <span class='ocrx_word' id='word_1_139' title='bbox 1754 1678 1972 1746; x_wconf 86' lang='lat' dir='ltr'><strong>conspi-</strong></span> 
     </span>
    </p>
   </div>
   <div class='ocr_carea' id='block_1_20' title="bbox 393 1746 1975 1812">
    <p class='ocr_par' dir='ltr' id='par_1_20' title="bbox 393 1746 1975 1812">
     <span class='ocr_line' id='line_1_20' title="bbox 393 1746 1975 1812; baseline -0.004 -9"><span class='ocrx_word' id='word_1_140' title='bbox 393 1767 535 1806; x_wconf 89' lang='lat' dir='ltr'><strong>cere.</strong></span> <span class='ocrx_word' id='word_1_141' title='bbox 573 1748 692 1804; x_wconf 81' lang='lat' dir='ltr'><strong>Nisi</strong></span> <span class='ocrx_word' id='word_1_142' title='bbox 717 1749 847 1800; x_wconf 86' lang='lat' dir='ltr'><strong>enim</strong></span> <span class='ocrx_word' id='word_1_143' title='bbox 872 1747 1042 1799; x_wconf 82' lang='lat' dir='ltr'><strong>videro</strong></span> <span class='ocrx_word' id='word_1_144' title='bbox 1066 1746 1120 1798; x_wconf 87' lang='lat' dir='ltr'><strong>in</strong></span> <span class='ocrx_word' id='word_1_145' title='bbox 1149 1746 1377 1798; x_wconf 78' lang='lat' dir='ltr'><strong>manibus</strong></span> <span class='ocrx_word' id='word_1_146' title='bbox 1401 1747 1512 1812; x_wconf 81' lang='lat' dir='ltr'><strong>ejus</strong></span> <span class='ocrx_word' id='word_1_147' title='bbox 1543 1746 1761 1812; x_wconf 74' lang='lat' dir='ltr'><strong>ﬁxuram</strong></span> <span class='ocrx_word' id='word_1_148' title='bbox 1804 1748 1975 1801; x_wconf 83' lang='lat' dir='ltr'><strong>claro.</strong></span> 
     </span>
    </p>
   </div>
   <div class='ocr_carea' id='block_1_21' title="bbox 392 1816 1972 1886">
    <p class='ocr_par' dir='ltr' id='par_1_21' title="bbox 392 1816 1972 1886">
     <span class='ocr_line' id='line_1_21' title="bbox 392 1816 1972 1886; baseline -0.001 -12"><span class='ocrx_word' id='word_1_149' title='bbox 392 1838 503 1874; x_wconf 85' lang='lat' dir='ltr'><strong>rum</strong></span> <span class='ocrx_word' id='word_1_150' title='bbox 523 1863 538 1886; x_wconf 90' lang='lat'><strong>,</strong></span> <span class='ocrx_word' id='word_1_151' title='bbox 571 1829 617 1874; x_wconf 85' lang='lat' dir='ltr'><strong>et</strong></span> <span class='ocrx_word' id='word_1_152' title='bbox 639 1821 834 1872; x_wconf 87' lang='lat' dir='ltr'><strong>mittam</strong></span> <span class='ocrx_word' id='word_1_153' title='bbox 863 1818 1076 1886; x_wconf 79' lang='lat' dir='ltr'><strong>digitum</strong></span> <span class='ocrx_word' id='word_1_154' title='bbox 1103 1831 1263 1868; x_wconf 80' lang='lat' dir='ltr'><strong>meum</strong></span> <span class='ocrx_word' id='word_1_155' title='bbox 1310 1816 1362 1868; x_wconf 82' lang='lat' dir='ltr'><strong>in</strong></span> <span class='ocrx_word' id='word_1_156' title='bbox 1408 1816 1574 1868; x_wconf 80' lang='lat' dir='ltr'><strong>locum</strong></span> <span class='ocrx_word' id='word_1_157' title='bbox 1606 1818 1884 1879; x_wconf 80' lang='lat' dir='ltr'><strong>clavorum,</strong></span> <span class='ocrx_word' id='word_1_158' title='bbox 1922 1827 1972 1872; x_wconf 82' lang='lat' dir='ltr'><strong>et</strong></span> 
     </span>
    </p>
   </div>
   <div class='ocr_carea' id='block_1_22' title="bbox 392 1886 1967 1954">
    <p class='ocr_par' dir='ltr' id='par_1_22' title="bbox 392 1886 1967 1954">
     <span class='ocr_line' id='line_1_22' title="bbox 392 1886 1967 1954; baseline -0.001 -10"><span class='ocrx_word' id='word_1_159' title='bbox 392 1891 587 1945; x_wconf 86' lang='lat' dir='ltr'><strong>mittunt</strong></span> <span class='ocrx_word' id='word_1_160' title='bbox 617 1905 822 1941; x_wconf 86' lang='lat' dir='ltr'><strong>manum</strong></span> <span class='ocrx_word' id='word_1_161' title='bbox 852 1902 1012 1940; x_wconf 84' lang='lat' dir='ltr'><strong>meam</strong></span> <span class='ocrx_word' id='word_1_162' title='bbox 1033 1886 1088 1938; x_wconf 88' lang='lat' dir='ltr'><strong>in</strong></span> <span class='ocrx_word' id='word_1_163' title='bbox 1114 1886 1247 1938; x_wconf 74' lang='lat' dir='ltr'><strong>latus</strong></span> <span class='ocrx_word' id='word_1_164' title='bbox 1273 1886 1404 1952; x_wconf 77' lang='lat' dir='ltr'><strong>eius,</strong></span> <span class='ocrx_word' id='word_1_165' title='bbox 1433 1902 1532 1939; x_wconf 80' lang='lat' dir='ltr'><strong>non</strong></span> <span class='ocrx_word' id='word_1_166' title='bbox 1551 1887 1755 1939; x_wconf 75' lang='lat' dir='ltr'><strong>Credam</strong></span> <span class='ocrx_word' id='word_1_167' title='bbox 1785 1886 1967 1954; x_wconf 84' lang='lat' dir='ltr'><strong>(Joan.</strong></span> 
     </span>
    </p>
   </div>
   <div class='ocr_carea' id='block_1_23' title="bbox 392 1954 1966 2028">
    <p class='ocr_par' dir='ltr' id='par_1_23' title="bbox 392 1954 1966 2028">
     <span class='ocr_line' id='line_1_23' title="bbox 392 1954 1966 2028; baseline -0.001 -12"><span class='ocrx_word' id='word_1_168' title='bbox 392 1962 462 2016; x_wconf 75' lang='lat'><strong>20</strong></span> <span class='ocrx_word' id='word_1_169' title='bbox 511 1960 582 2016; x_wconf 76' lang='lat'><strong>25</strong></span> <span class='ocrx_word' id='word_1_170' title='bbox 601 1964 641 2028; x_wconf 89' lang='lat'><strong>).</strong></span> <span class='ocrx_word' id='word_1_171' title='bbox 667 1956 826 2012; x_wconf 86' lang='lat' dir='ltr'><strong>Certe</strong></span> <span class='ocrx_word' id='word_1_172' title='bbox 850 1973 947 2028; x_wconf 85' lang='lat' dir='ltr'><strong>vos</strong></span> <span class='ocrx_word' id='word_1_173' title='bbox 969 1971 1072 2009; x_wconf 91' lang='lat' dir='ltr'><strong>non</strong></span> <span class='ocrx_word' id='word_1_174' title='bbox 1095 1954 1499 2028; x_wconf 73' lang='lat' dir='ltr'><strong>credidissetis,</strong></span> <span class='ocrx_word' id='word_1_175' title='bbox 1529 1956 1628 2010; x_wconf 89' lang='lat' dir='ltr'><strong>nisi</strong></span> <span class='ocrx_word' id='word_1_176' title='bbox 1652 1958 1920 2013; x_wconf 89' lang='lat' dir='ltr'><strong>vidissetis</strong></span> <span class='ocrx_word' id='word_1_177' title='bbox 1951 1976 1966 2014; x_wconf 89' lang='lat'><strong>:</strong></span> 
     </span>
    </p>
   </div>
   <div class='ocr_carea' id='block_1_24' title="bbox 391 2025 1969 2100">
    <p class='ocr_par' dir='ltr' id='par_1_24' title="bbox 391 2025 1969 2100">
     <span class='ocr_line' id='line_1_24' title="bbox 391 2025 1969 2100; baseline -0.002 -14"><span class='ocrx_word' id='word_1_178' title='bbox 391 2033 468 2086; x_wconf 90' lang='lat' dir='ltr'><strong>sic</strong></span> <span class='ocrx_word' id='word_1_179' title='bbox 489 2041 544 2086; x_wconf 91' lang='lat' dir='ltr'><strong>et</strong></span> <span class='ocrx_word' id='word_1_180' title='bbox 563 2025 662 2100; x_wconf 81' lang='lat' dir='ltr'><strong>ego</strong></span> <span class='ocrx_word' id='word_1_181' title='bbox 688 2028 789 2082; x_wconf 90' lang='lat' dir='ltr'><strong>nisi</strong></span> <span class='ocrx_word' id='word_1_182' title='bbox 822 2027 1026 2100; x_wconf 82' lang='lat' dir='ltr'><strong>videro,</strong></span> <span class='ocrx_word' id='word_1_183' title='bbox 1058 2025 1435 2100; x_wconf 84' lang='lat' dir='ltr'><strong>no_n_credam.</strong></span> <span class='ocrx_word' id='word_1_184' title='bbox 1465 2025 1752 2100; x_wconf 71' lang='lat' dir='ltr'><strong>Persevera</strong></span> <span class='ocrx_word' id='word_1_185' title='bbox 1775 2070 1799 2091; x_wconf 91' lang='lat'><strong>,.</strong></span> <span class='ocrx_word' id='word_1_186' title='bbox 1825 2029 1969 2083; x_wconf 89' lang='lat' dir='ltr'><strong>Tho-</strong></span> 
     </span>
    </p>
   </div>
   <div class='ocr_carea' id='block_1_25' title="bbox 391 2094 1966 2170">
    <p class='ocr_par' dir='ltr' id='par_1_25' title="bbox 391 2094 1966 2170">
     <span class='ocr_line' id='line_1_25' title="bbox 391 2094 1966 2170; baseline -0.001 -15"><span class='ocrx_word' id='word_1_187' title='bbox 391 2117 474 2156; x_wconf 91' lang='lat' dir='ltr'><strong>ma</strong></span> <span class='ocrx_word' id='word_1_188' title='bbox 495 2141 510 2166; x_wconf 90' lang='lat'><strong>,</strong></span> <span class='ocrx_word' id='word_1_189' title='bbox 541 2094 818 2170; x_wconf 64' lang='lat' dir='ltr'><strong>persevera</strong></span> <span class='ocrx_word' id='word_1_190' title='bbox 845 2098 896 2152; x_wconf 90' lang='lat' dir='ltr'><strong>in</strong></span> <span class='ocrx_word' id='word_1_191' title='bbox 927 2098 1024 2170; x_wconf 80' lang='lat' dir='ltr'><strong>hac</strong></span> <span class='ocrx_word' id='word_1_192' title='bbox 1052 2094 1268 2166; x_wconf 84' lang='lat' dir='ltr'><strong>pulchra</strong></span> <span class='ocrx_word' id='word_1_193' title='bbox 1299 2096 1666 2170; x_wconf 79' lang='lat' dir='ltr'><strong>incredulitate</strong></span> <span class='ocrx_word' id='word_1_194' title='bbox 1693 2108 1780 2151; x_wconf 88' lang='lat' dir='ltr'><strong>tua</strong></span> <span class='ocrx_word' id='word_1_195' title='bbox 1807 2114 1822 2164; x_wconf 93' lang='lat'><strong>;</strong></span> <span class='ocrx_word' id='word_1_196' title='bbox 1849 2107 1966 2154; x_wconf 85' lang='lat' dir='ltr'><strong>stu-</strong></span> 
     </span>
    </p>
   </div>
   <div class='ocr_carea' id='block_1_26' title="bbox 389 2165 1962 2240">
    <p class='ocr_par' dir='ltr' id='par_1_26' title="bbox 389 2165 1962 2240">
     <span class='ocr_line' id='line_1_26' title="bbox 389 2165 1962 2240; baseline -0.001 -15"><span class='ocrx_word' id='word_1_197' title='bbox 389 2165 556 2226; x_wconf 60' lang='lat' dir='ltr'><strong>diose&#39;</strong></span> <span class='ocrx_word' id='word_1_198' title='bbox 595 2184 875 2240; x_wconf 89' lang='lat' dir='ltr'><strong>persevera</strong></span> <span class='ocrx_word' id='word_1_199' title='bbox 913 2208 929 2234; x_wconf 91' lang='lat'><strong>,</strong></span> <span class='ocrx_word' id='word_1_200' title='bbox 983 2165 1157 2240; x_wconf 83' lang='lat' dir='ltr'><strong>donec</strong></span> <span class='ocrx_word' id='word_1_201' title='bbox 1185 2175 1395 2240; x_wconf 85' lang='lat' dir='ltr'><strong>_teneas</strong></span> <span class='ocrx_word' id='word_1_202' title='bbox 1450 2165 1591 2240; x_wconf 77' lang='lat' dir='ltr'><strong>fidei</strong></span> <span class='ocrx_word' id='word_1_203' title='bbox 1623 2171 1913 2240; x_wconf 84' lang='lat' dir='ltr'><strong>anchoram</strong></span> <span class='ocrx_word' id='word_1_204' title='bbox 1945 2187 1962 2235; x_wconf 91' lang='lat'><strong>;</strong></span> 
     </span>
    </p>
   </div>
   <div class='ocr_carea' id='block_1_27' title="bbox 391 2235 1965 2309">
    <p class='ocr_par' dir='ltr' id='par_1_27' title="bbox 391 2235 1965 2309">
     <span class='ocr_line' id='line_1_27' title="bbox 391 2235 1965 2309; baseline 0.001 -16"><span class='ocrx_word' id='word_1_205' title='bbox 391 2235 756 2296; x_wconf 79' lang='lat' dir='ltr'><strong>vehementius</strong></span> <span class='ocrx_word' id='word_1_206' title='bbox 787 2237 1152 2309; x_wconf 85' lang='lat' dir='ltr'><strong>persevera-in</strong></span> <span class='ocrx_word' id='word_1_207' title='bbox 1185 2235 1285 2309; x_wconf 89' lang='lat' dir='ltr'><strong>hoc</strong></span> <span class='ocrx_word' id='word_1_208' title='bbox 1313 2246 1403 2292; x_wconf 92' lang='lat' dir='ltr'><strong>tuo</strong></span> <span class='ocrx_word' id='word_1_209' title='bbox 1446 2237 1747 2309; x_wconf 86' lang='lat' dir='ltr'><strong>desiderio,</strong></span> <span class='ocrx_word' id='word_1_210' title='bbox 1792 2239 1965 2295; x_wconf 91' lang='lat' dir='ltr'><strong>donec</strong></span> 
     </span>
    </p>
   </div>
   <div class='ocr_carea' id='block_1_28' title="bbox 391 2308 1963 2379">
    <p class='ocr_par' dir='ltr' id='par_1_28' title="bbox 391 2308 1963 2379">
     <span class='ocr_line' id='line_1_28' title="bbox 391 2308 1963 2379; baseline -0.001 -14"><span class='ocrx_word' id='word_1_211' title='bbox 391 2312 571 2367; x_wconf 86' lang='lat' dir='ltr'><strong>videas</strong></span> <span class='ocrx_word' id='word_1_212' title='bbox 600 2326 720 2366; x_wconf 88' lang='lat' dir='ltr'><strong>eum</strong></span> <span class='ocrx_word' id='word_1_213' title='bbox 749 2308 908 2379; x_wconf 89' lang='lat' dir='ltr'><strong>quem</strong></span> <span class='ocrx_word' id='word_1_214' title='bbox 937 2308 1227 2363; x_wconf 87' lang='lat' dir='ltr'><strong>desideras.</strong></span> <span class='ocrx_word' id='word_1_215' title='bbox 1261 2308 1409 2379; x_wconf 12' lang='lat' dir='ltr'><strong>Amo;</strong></span> <span class='ocrx_word' id='word_1_216' title='bbox 1423 2308 1802 2376; x_wconf 87' lang='lat' dir='ltr'><strong>cogitationum</strong></span> <span class='ocrx_word' id='word_1_217' title='bbox 1845 2320 1963 2364; x_wconf 86' lang='lat' dir='ltr'><strong>tua-</strong></span> 
     </span>
    </p>
   </div>
   <div class='ocr_carea' id='block_1_29' title="bbox 389 2377 1961 2447">
    <p class='ocr_par' dir='ltr' id='par_1_29' title="bbox 389 2377 1961 2447">
     <span class='ocr_line' id='line_1_29' title="bbox 389 2377 1961 2447; baseline -0.001 -10"><span class='ocrx_word' id='word_1_218' title='bbox 389 2399 505 2437; x_wconf 91' lang='lat' dir='ltr'><strong>rum</strong></span> <span class='ocrx_word' id='word_1_219' title='bbox 533 2377 946 2443; x_wconf 84' lang='lat' dir='ltr'><strong>dubitationem,</strong></span> <span class='ocrx_word' id='word_1_220' title='bbox 972 2393 1092 2447; x_wconf 70' lang='lat' dir='ltr'><strong>qua:</strong></span> <span class='ocrx_word' id='word_1_221' title='bbox 1121 2393 1335 2432; x_wconf 91' lang='lat' dir='ltr'><strong>omnem</strong></span> <span class='ocrx_word' id='word_1_222' title='bbox 1380 2377 1767 2434; x_wconf 90' lang='lat' dir='ltr'><strong>dubitationem</strong></span> <span class='ocrx_word' id='word_1_223' title='bbox 1811 2395 1961 2436; x_wconf 80' lang='lat' dir='ltr'><strong>rese-</strong></span> 
     </span>
    </p>
   </div>
   <div class='ocr_carea' id='block_1_30' title="bbox 389 2449 1961 2508">
    <p class='ocr_par' dir='ltr' id='par_1_30' title="bbox 389 2449 1961 2508">
     <span class='ocr_line' id='line_1_30' title="bbox 389 2449 1961 2508; baseline -0.001 0"><span class='ocrx_word' id='word_1_224' title='bbox 389 2464 518 2508; x_wconf 89' lang='lat' dir='ltr'><strong>cet:</strong></span> <span class='ocrx_word' id='word_1_225' title='bbox 555 2451 714 2506; x_wconf 84' lang='lat' dir='ltr'><strong>laudo</strong></span> <span class='ocrx_word' id='word_1_226' title='bbox 764 2450 977 2504; x_wconf 89' lang='lat' dir='ltr'><strong>modum</strong></span> <span class='ocrx_word' id='word_1_227' title='bbox 1028 2449 1175 2502; x_wconf 91' lang='lat' dir='ltr'><strong>illum</strong></span> <span class='ocrx_word' id='word_1_228' title='bbox 1223 2450 1615 2502; x_wconf 85' lang='lat' dir='ltr'><strong>contentiosum</strong></span> <span class='ocrx_word' id='word_1_229' title='bbox 1662 2459 1718 2504; x_wconf 91' lang='lat' dir='ltr'><strong>et</strong></span> <span class='ocrx_word' id='word_1_230' title='bbox 1761 2449 1961 2506; x_wconf 86' lang='lat' dir='ltr'><strong>Christi</strong></span> 
     </span>
    </p>
   </div>
   <div class='ocr_carea' id='block_1_31' title="bbox 385 2519 1958 2588">
    <p class='ocr_par' dir='ltr' id='par_1_31' title="bbox 385 2519 1958 2588">
     <span class='ocr_line' id='line_1_31' title="bbox 385 2519 1958 2588; baseline 0 -12"><span class='ocrx_word' id='word_1_231' title='bbox 385 2533 652 2578; x_wconf 79' lang='lat' dir='ltr'><strong>amantem</strong></span> <span class='ocrx_word' id='word_1_232' title='bbox 680 2561 696 2586; x_wconf 93' lang='lat'><strong>,</strong></span> <span class='ocrx_word' id='word_1_233' title='bbox 728 2530 787 2575; x_wconf 90' lang='lat' dir='ltr'><strong>ut</strong></span> <span class='ocrx_word' id='word_1_234' title='bbox 809 2522 896 2588; x_wconf 87' lang='lat' dir='ltr'><strong>qui</strong></span> <span class='ocrx_word' id='word_1_235' title='bbox 923 2534 1138 2573; x_wconf 89' lang='lat' dir='ltr'><strong>onmem</strong></span> <span class='ocrx_word' id='word_1_236' title='bbox 1164 2519 1535 2573; x_wconf 78' lang='lat' dir='ltr'><strong>htereticorum</strong></span> <span class='ocrx_word' id='word_1_237' title='bbox 1561 2522 1958 2576; x_wconf 86' lang='lat' dir='ltr'><strong>contentionem</strong></span> 
     </span>
    </p>
   </div>
   <div class='ocr_carea' id='block_1_32' title="bbox 385 2589 1960 2661">
    <p class='ocr_par' dir='ltr' id='par_1_32' title="bbox 385 2589 1960 2661">
     <span class='ocr_line' id='line_1_32' title="bbox 385 2589 1960 2661; baseline -0.001 -13"><span class='ocrx_word' id='word_1_238' title='bbox 385 2595 614 2648; x_wconf 79' lang='lat' dir='ltr'><strong>auferat.</strong></span> <span class='ocrx_word' id='word_1_239' title='bbox 652 2592 728 2646; x_wconf 83' lang='lat' dir='ltr'><strong>Ne</strong></span> <span class='ocrx_word' id='word_1_240' title='bbox 754 2591 941 2645; x_wconf 86' lang='lat' dir='ltr'><strong>credas</strong></span> <span class='ocrx_word' id='word_1_241' title='bbox 965 2630 979 2653; x_wconf 87' lang='lat'><strong>,</strong></span> <span class='ocrx_word' id='word_1_242' title='bbox 1005 2589 1311 2661; x_wconf 71' lang='lat' dir='ltr'><strong>jam_magis</strong></span> <span class='ocrx_word' id='word_1_243' title='bbox 1340 2589 1498 2644; x_wconf 83' lang='lat' dir='ltr'><strong>[idem</strong></span> <span class='ocrx_word' id='word_1_244' title='bbox 1527 2606 1688 2657; x_wconf 84' lang='lat' dir='ltr'><strong>neges</strong></span> <span class='ocrx_word' id='word_1_245' title='bbox 1707 2631 1724 2650; x_wconf 88' lang='lat'><strong>,</strong></span> <span class='ocrx_word' id='word_1_246' title='bbox 1766 2601 1822 2644; x_wconf 90' lang='lat' dir='ltr'><strong>ut</strong></span> <span class='ocrx_word' id='word_1_247' title='bbox 1860 2607 1960 2661; x_wconf 82' lang='lat' dir='ltr'><strong>ego</strong></span> 
     </span>
    </p>
   </div>
   <div class='ocr_carea' id='block_1_33' title="bbox 386 2659 1959 2728">
    <p class='ocr_par' dir='ltr' id='par_1_33' title="bbox 386 2659 1959 2728">
     <span class='ocr_line' id='line_1_33' title="bbox 386 2659 1959 2728; baseline -0.001 -12"><span class='ocrx_word' id='word_1_248' title='bbox 386 2665 609 2718; x_wconf 89' lang='lat' dir='ltr'><strong>lirmiter</strong></span> <span class='ocrx_word' id='word_1_249' title='bbox 643 2662 878 2716; x_wconf 87' lang='lat' dir='ltr'><strong>credam.</strong></span> <span class='ocrx_word' id='word_1_250' title='bbox 909 2661 1100 2726; x_wconf 73' lang='lat' dir='ltr'><strong>Qumre</strong></span> <span class='ocrx_word' id='word_1_251' title='bbox 1128 2659 1408 2713; x_wconf 89' lang='lat' dir='ltr'><strong>Dominum</strong></span> <span class='ocrx_word' id='word_1_252' title='bbox 1434 2700 1448 2721; x_wconf 92' lang='lat'><strong>,</strong></span> <span class='ocrx_word' id='word_1_253' title='bbox 1480 2667 1534 2713; x_wconf 87' lang='lat' dir='ltr'><strong>et</strong></span> <span class='ocrx_word' id='word_1_254' title='bbox 1561 2675 1689 2714; x_wconf 89' lang='lat' dir='ltr'><strong>voca</strong></span> <span class='ocrx_word' id='word_1_255' title='bbox 1721 2659 1959 2728; x_wconf 60' lang='lat' dir='ltr'><strong>praesen-</strong></span> 
     </span>
    </p>
   </div>
   <div class='ocr_carea' id='block_1_34' title="bbox 387 2730 1958 2799">
    <p class='ocr_par' dir='ltr' id='par_1_34' title="bbox 387 2730 1958 2799">
     <span class='ocr_line' id='line_1_34' title="bbox 387 2730 1958 2799; baseline 0 -13"><span class='ocrx_word' id='word_1_256' title='bbox 387 2743 493 2788; x_wconf 91' lang='lat' dir='ltr'><strong>tem</strong></span> <span class='ocrx_word' id='word_1_257' title='bbox 516 2775 531 2799; x_wconf 89' lang='lat'><strong>,</strong></span> <span class='ocrx_word' id='word_1_258' title='bbox 571 2743 628 2786; x_wconf 90' lang='lat' dir='ltr'><strong>ut</strong></span> <span class='ocrx_word' id='word_1_259' title='bbox 658 2742 710 2786; x_wconf 91' lang='lat' dir='ltr'><strong>te</strong></span> <span class='ocrx_word' id='word_1_260' title='bbox 741 2740 1013 2799; x_wconf 71' lang='lat' dir='ltr'><strong>qumrente</strong></span> <span class='ocrx_word' id='word_1_261' title='bbox 1037 2744 1100 2784; x_wconf 88' lang='lat' dir='ltr'><strong>ac</strong></span> <span class='ocrx_word' id='word_1_262' title='bbox 1129 2738 1352 2784; x_wconf 89' lang='lat' dir='ltr'><strong>vocante</strong></span> <span class='ocrx_word' id='word_1_263' title='bbox 1377 2772 1390 2793; x_wconf 91' lang='lat'><strong>,</strong></span> <span class='ocrx_word' id='word_1_264' title='bbox 1419 2745 1517 2799; x_wconf 89' lang='lat' dir='ltr'><strong>ego</strong></span> <span class='ocrx_word' id='word_1_265' title='bbox 1546 2730 1958 2798; x_wconf 83' lang='lat' dir='ltr'><strong>Redemptorem</strong></span> 
     </span>
    </p>
   </div>
   <div class='ocr_carea' id='block_1_35' title="bbox 315 2800 1953 2871">
    <p class='ocr_par' dir='ltr' id='par_1_35' title="bbox 315 2800 1953 2871">
     <span class='ocr_line' id='line_1_35' title="bbox 315 2800 1953 2871; baseline -0.002 -14"><span class='ocrx_word' id='word_1_266' title='bbox 315 2805 317 2807; x_wconf 78' lang='grc'><strong>’</strong></span> <span class='ocrx_word' id='word_1_267' title='bbox 385 2820 561 2859; x_wconf 90' lang='lat' dir='ltr'><strong>meum</strong></span> <span class='ocrx_word' id='word_1_268' title='bbox 585 2803 897 2871; x_wconf 88' lang='lat' dir='ltr'><strong>amplectar.</strong></span> <span class='ocrx_word' id='word_1_269' title='bbox 929 2803 1214 2871; x_wconf 78' lang='lat' dir='ltr'><strong>Persevera</strong></span> <span class='ocrx_word' id='word_1_270' title='bbox 1240 2800 1382 2871; x_wconf 85' lang='lat' dir='ltr'><strong>illum</strong></span> <span class='ocrx_word' id='word_1_271' title='bbox 1405 2815 1644 2871; x_wconf 66' lang='lat' dir='ltr'><strong>quu&#39;rere</strong></span> <span class='ocrx_word' id='word_1_272' title='bbox 1669 2801 1756 2868; x_wconf 87' lang='lat' dir='ltr'><strong>qui</strong></span> <span class='ocrx_word' id='word_1_273' title='bbox 1785 2802 1953 2855; x_wconf 83' lang='lat' dir='ltr'><strong>dixit:</strong></span> 
     </span>
    </p>
   </div>
   <div class='ocr_carea' id='block_1_36' title="bbox 385 2869 1958 2940">
    <p class='ocr_par' dir='ltr' id='par_1_36' title="bbox 385 2869 1958 2940">
     <span class='ocr_line' id='line_1_36' title="bbox 385 2869 1958 2940; baseline -0.001 -14"><span class='ocrx_word' id='word_1_274' title='bbox 385 2875 640 2940; x_wconf 75' lang='lat' dir='ltr'><strong>Quwrite,</strong></span> <span class='ocrx_word' id='word_1_275' title='bbox 679 2869 733 2925; x_wconf 72' lang='lat' dir='ltr'><strong>et</strong></span> <span class='ocrx_word' id='word_1_276' title='bbox 764 2871 1022 2925; x_wconf 77' lang='lat' dir='ltr'><strong>invenietis</strong></span> <span class='ocrx_word' id='word_1_277' title='bbox 1069 2869 1300 2937; x_wconf 83' lang='lat' dir='ltr'><strong>(Matth.</strong></span> <span class='ocrx_word' id='word_1_278' title='bbox 1331 2870 1383 2922; x_wconf 91' lang='lat'><strong>7.</strong></span> <span class='ocrx_word' id='word_1_279' title='bbox 1421 2869 1513 2938; x_wconf 87' lang='lat'><strong>7).</strong></span> <span class='ocrx_word' id='word_1_280' title='bbox 1556 2869 1632 2924; x_wconf 84' lang='lat' dir='ltr'><strong>Ne</strong></span> <span class='ocrx_word' id='word_1_281' title='bbox 1671 2879 1958 2939; x_wconf 74' lang='lat' dir='ltr'><strong>przetereas</strong></span> 
     </span>
    </p>
   </div>
   <div class='ocr_carea' id='block_1_37' title="bbox 382 2939 1954 3013">
    <p class='ocr_par' dir='ltr' id='par_1_37' title="bbox 382 2939 1954 3013">
     <span class='ocr_line' id='line_1_37' title="bbox 382 2939 1954 3013; baseline -0.003 -14"><span class='ocrx_word' id='word_1_282' title='bbox 382 2939 695 3013; x_wconf 83' lang='lat' dir='ltr'><strong>simpliciter</strong></span> <span class='ocrx_word' id='word_1_283' title='bbox 746 2943 1063 3013; x_wconf 69' lang='lat' dir='ltr'><strong>exlilorans,</strong></span> <span class='ocrx_word' id='word_1_284' title='bbox 1115 2940 1158 2992; x_wconf 88' lang='lat' dir='ltr'><strong>si</strong></span> <span class='ocrx_word' id='word_1_285' title='bbox 1209 2955 1327 3013; x_wconf 76' lang='lat' dir='ltr'><strong>non</strong></span> <span class='ocrx_word' id='word_1_286' title='bbox 1357 2939 1593 3013; x_wconf 81' lang='lat' dir='ltr'><strong>reperias</strong></span> <span class='ocrx_word' id='word_1_287' title='bbox 1645 2943 1954 2995; x_wconf 85' lang='lat' dir='ltr'><strong>thesaurum</strong></span> 
     </span>
    </p>
   </div>
   <div class='ocr_carea' id='block_1_38' title="bbox 383 3009 1955 3084">
    <p class='ocr_par' dir='ltr' id='par_1_38' title="bbox 383 3009 1955 3084">
     <span class='ocr_line' id='line_1_38' title="bbox 383 3009 1955 3084; baseline -0.001 -18"><span class='ocrx_word' id='word_1_288' title='bbox 383 3009 540 3084; x_wconf 81' lang='lat' dir='ltr'><strong>quem</strong></span> <span class='ocrx_word' id='word_1_289' title='bbox 597 3012 1188 3084; x_wconf 27' lang='lat' dir='ltr'><strong>inquirisaPersevera</strong></span> <span class='ocrx_word' id='word_1_290' title='bbox 1217 3009 1460 3084; x_wconf 79' lang='lat' dir='ltr'><strong>_pu_lsans</strong></span> <span class='ocrx_word' id='word_1_291' title='bbox 1495 3009 1725 3084; x_wconf 72' lang='lat' dir='ltr'><strong>januam</strong></span> <span class='ocrx_word' id='word_1_292' title='bbox 1773 3013 1955 3084; x_wconf 59' lang='lat' dir='ltr'><strong>cognio</strong></span> 
     </span>
    </p>
   </div>
   <div class='ocr_carea' id='block_1_39' title="bbox 382 3078 1957 3152">
    <p class='ocr_par' dir='ltr' id='par_1_39' title="bbox 382 3078 1957 3152">
     <span class='ocr_line' id='line_1_39' title="bbox 382 3078 1957 3152; baseline 0 -15"><span class='ocrx_word' id='word_1_293' title='bbox 382 3078 578 3147; x_wconf 79' lang='lat' dir='ltr'><strong>tionis,</strong></span> <span class='ocrx_word' id='word_1_294' title='bbox 603 3078 723 3152; x_wconf 62' lang='lat' dir='ltr'><strong>quin</strong></span> <span class='ocrx_word' id='word_1_295' title='bbox 753 3083 882 3152; x_wconf 83' lang='lat' dir='ltr'><strong>nulli</strong></span> <span class='ocrx_word' id='word_1_296' title='bbox 915 3082 985 3152; x_wconf 81' lang='lat' dir='ltr'><strong>sit</strong></span> <span class='ocrx_word' id='word_1_297' title='bbox 1008 3078 1419 3152; x_wconf 76' lang='lat' dir='ltr'><strong>contradictioni</strong></span> <span class='ocrx_word' id='word_1_298' title='bbox 1460 3079 1688 3152; x_wconf 87' lang='lat' dir='ltr'><strong>obnoxia</strong></span> <span class='ocrx_word' id='word_1_299' title='bbox 1715 3122 1729 3145; x_wconf 95' lang='lat'><strong>,</strong></span> <span class='ocrx_word' id='word_1_300' title='bbox 1783 3078 1957 3137; x_wconf 81' lang='lat' dir='ltr'><strong>donec</strong></span> 
     </span>
    </p>
   </div>
   <div class='ocr_carea' id='block_1_40' title="bbox 382 3147 1952 3223">
    <p class='ocr_par' dir='ltr' id='par_1_40' title="bbox 382 3147 1952 3223">
     <span class='ocr_line' id='line_1_40' title="bbox 382 3147 1952 3223; baseline 0 -17"><span class='ocrx_word' id='word_1_301' title='bbox 382 3155 525 3207; x_wconf 81' lang='lat' dir='ltr'><strong>illam</strong></span> <span class='ocrx_word' id='word_1_302' title='bbox 569 3147 888 3223; x_wconf 63' lang='lat' dir='ltr'><strong>operiatqui</strong></span> <span class='ocrx_word' id='word_1_303' title='bbox 915 3150 1049 3204; x_wconf 85' lang='lat' dir='ltr'><strong>dixit</strong></span> <span class='ocrx_word' id='word_1_304' title='bbox 1081 3164 1095 3202; x_wconf 91' lang='lat'><strong>:</strong></span> <span class='ocrx_word' id='word_1_305' title='bbox 1132 3147 1343 3223; x_wconf 73' lang='lat' dir='ltr'><strong>Puisate</strong></span> <span class='ocrx_word' id='word_1_306' title='bbox 1366 3188 1380 3211; x_wconf 88' lang='lat'><strong>,</strong></span> <span class='ocrx_word' id='word_1_307' title='bbox 1432 3158 1479 3203; x_wconf 85' lang='lat' dir='ltr'><strong>et</strong></span> <span class='ocrx_word' id='word_1_308' title='bbox 1504 3151 1952 3223; x_wconf 60' lang='lat' dir='ltr'><strong>aperiant-vobis.</strong></span> 
     </span>
    </p>
   </div>
   <div class='ocr_carea' id='block_1_41' title="bbox 383 3218 1956 3285">
    <p class='ocr_par' dir='ltr' id='par_1_41' title="bbox 383 3218 1956 3285">
     <span class='ocr_line' id='line_1_41' title="bbox 383 3218 1956 3285; baseline -0.001 -7"><span class='ocrx_word' id='word_1_309' title='bbox 383 3218 636 3278; x_wconf 74' lang='lat' dir='ltr'><strong>Libenter</strong></span> <span class='ocrx_word' id='word_1_310' title='bbox 687 3218 847 3274; x_wconf 87' lang='lat' dir='ltr'><strong>audio</strong></span> <span class='ocrx_word' id='word_1_311' title='bbox 897 3229 948 3273; x_wconf 90' lang='lat' dir='ltr'><strong>te</strong></span> <span class='ocrx_word' id='word_1_312' title='bbox 997 3234 1139 3285; x_wconf 73' lang='lat' dir='ltr'><strong>smpe</strong></span> <span class='ocrx_word' id='word_1_313' title='bbox 1186 3218 1450 3273; x_wconf 88' lang='lat' dir='ltr'><strong>dicentem</strong></span> <span class='ocrx_word' id='word_1_314' title='bbox 1483 3237 1496 3273; x_wconf 90' lang='lat'><strong>:</strong></span> <span class='ocrx_word' id='word_1_315' title='bbox 1529 3218 1645 3273; x_wconf 77' lang='lat' dir='ltr'><strong>Nisi</strong></span> <span class='ocrx_word' id='word_1_316' title='bbox 1693 3221 1864 3274; x_wconf 81' lang='lat' dir='ltr'><strong>videro</strong></span> <span class='ocrx_word' id='word_1_317' title='bbox 1901 3225 1956 3276; x_wconf 83' lang='lat' dir='ltr'><strong>in</strong></span> 
     </span>
    </p>
   </div>
   <div class='ocr_carea' id='block_1_42' title="bbox 379 3288 1956 3362">
    <p class='ocr_par' dir='ltr' id='par_1_42' title="bbox 379 3288 1956 3362">
     <span class='ocr_line' id='line_1_42' title="bbox 379 3288 1956 3362; baseline -0.001 -18"><span class='ocrx_word' id='word_1_318' title='bbox 379 3295 610 3348; x_wconf 77' lang='lat' dir='ltr'><strong>manibus</strong></span> <span class='ocrx_word' id='word_1_319' title='bbox 638 3293 747 3360; x_wconf 75' lang='lat' dir='ltr'><strong>ejus</strong></span> <span class='ocrx_word' id='word_1_320' title='bbox 770 3293 988 3360; x_wconf 72' lang='lat' dir='ltr'><strong>ﬁxuram</strong></span> <span class='ocrx_word' id='word_1_321' title='bbox 1012 3289 1282 3362; x_wconf 68' lang='lat' dir='ltr'><strong>cinnorum,</strong></span> <span class='ocrx_word' id='word_1_322' title='bbox 1309 3305 1406 3342; x_wconf 90' lang='lat' dir='ltr'><strong>non</strong></span> <span class='ocrx_word' id='word_1_323' title='bbox 1425 3291 1646 3362; x_wconf 80' lang='lat' dir='ltr'><strong>credam.</strong></span> <span class='ocrx_word' id='word_1_324' title='bbox 1669 3288 1746 3345; x_wconf 87' lang='lat' dir='ltr'><strong>Te</strong></span> <span class='ocrx_word' id='word_1_325' title='bbox 1762 3293 1956 3362; x_wconf 80' lang='lat' dir='ltr'><strong>quippe</strong></span> 
     </span>
    </p>
   </div>
   <div class='ocr_carea' id='block_1_43' title="bbox 379 3357 1954 3432">
    <p class='ocr_par' dir='ltr' id='par_1_43' title="bbox 379 3357 1954 3432">
     <span class='ocr_line' id='line_1_43' title="bbox 379 3357 1954 3432; baseline -0.001 -13"><span class='ocrx_word' id='word_1_326' title='bbox 379 3380 485 3419; x_wconf 87' lang='lat' dir='ltr'><strong>non</strong></span> <span class='ocrx_word' id='word_1_327' title='bbox 511 3357 784 3432; x_wconf 70' lang='lat' dir='ltr'><strong>credente,</strong></span> <span class='ocrx_word' id='word_1_328' title='bbox 815 3375 914 3432; x_wconf 83' lang='lat' dir='ltr'><strong>ego</strong></span> <span class='ocrx_word' id='word_1_329' title='bbox 955 3358 1177 3432; x_wconf 78' lang='lat' dir='ltr'><strong>credere</strong></span> <span class='ocrx_word' id='word_1_330' title='bbox 1207 3357 1371 3432; x_wconf 13' lang='lat' dir='ltr'><strong>ndisco</strong></span> <span class='ocrx_word' id='word_1_331' title='bbox 1398 3376 1410 3412; x_wconf 92' lang='lat'>:</span> <span class='ocrx_word' id='word_1_332' title='bbox 1443 3368 1494 3412; x_wconf 91' lang='lat' dir='ltr'><strong>te</strong></span> <span class='ocrx_word' id='word_1_333' title='bbox 1539 3360 1713 3429; x_wconf 89' lang='lat' dir='ltr'><strong>ligone</strong></span> <span class='ocrx_word' id='word_1_334' title='bbox 1763 3357 1954 3432; x_wconf 74' lang='lat' dir='ltr'><strong>linguae</strong></span> 
     </span>
    </p>
   </div>
   <div class='ocr_carea' id='block_1_44' title="bbox 379 3428 1956 3500">
    <p class='ocr_par' dir='ltr' id='par_1_44' title="bbox 379 3428 1956 3500">
     <span class='ocr_line' id='line_1_44' title="bbox 379 3428 1956 3500; baseline -0.001 -10"><span class='ocrx_word' id='word_1_335' title='bbox 379 3444 485 3490; x_wconf 75' lang='lat' dir='ltr'><strong>tua:</strong></span> <span class='ocrx_word' id='word_1_336' title='bbox 515 3449 639 3488; x_wconf 87' lang='lat' dir='ltr'><strong>arva</strong></span> <span class='ocrx_word' id='word_1_337' title='bbox 670 3431 836 3486; x_wconf 84' lang='lat' dir='ltr'><strong>divini</strong></span> <span class='ocrx_word' id='word_1_338' title='bbox 857 3428 1107 3500; x_wconf 77' lang='lat' dir='ltr'><strong>corporis</strong></span> <span class='ocrx_word' id='word_1_339' title='bbox 1136 3428 1372 3500; x_wconf 77' lang='lat' dir='ltr'><strong>fodiente</strong></span> <span class='ocrx_word' id='word_1_340' title='bbox 1393 3470 1407 3494; x_wconf 93' lang='lat'><strong>,</strong></span> <span class='ocrx_word' id='word_1_341' title='bbox 1440 3444 1540 3500; x_wconf 82' lang='lat' dir='ltr'><strong>ego</strong></span> <span class='ocrx_word' id='word_1_342' title='bbox 1570 3428 1794 3485; x_wconf 76' lang='lat' dir='ltr'><strong>fructum</strong></span> <span class='ocrx_word' id='word_1_343' title='bbox 1840 3428 1956 3489; x_wconf 76' lang='lat' dir='ltr'><strong>sine</strong></span> 
     </span>
    </p>
   </div>
   <div class='ocr_carea' id='block_1_45' title="bbox 377 3498 1955 3571">
    <p class='ocr_par' dir='ltr' id='par_1_45' title="bbox 377 3498 1955 3571">
     <span class='ocr_line' id='line_1_45' title="bbox 377 3498 1955 3571; baseline -0.001 -12"><span class='ocrx_word' id='word_1_344' title='bbox 377 3505 560 3559; x_wconf 87' lang='lat' dir='ltr'><strong>labore</strong></span> <span class='ocrx_word' id='word_1_345' title='bbox 582 3504 817 3571; x_wconf 90' lang='lat' dir='ltr'><strong>decerpo</strong></span> <span class='ocrx_word' id='word_1_346' title='bbox 845 3510 902 3556; x_wconf 90' lang='lat' dir='ltr'><strong>et</strong></span> <span class='ocrx_word' id='word_1_347' title='bbox 949 3498 1078 3553; x_wconf 86' lang='lat' dir='ltr'><strong>mihi</strong></span> <span class='ocrx_word' id='word_1_348' title='bbox 1130 3498 1433 3571; x_wconf 74' lang='lat' dir='ltr'><strong>accumula.</strong></span> <span class='ocrx_word' id='word_1_349' title='bbox 1483 3498 1595 3553; x_wconf 85' lang='lat' dir='ltr'><strong>Nisi</strong></span> <span class='ocrx_word' id='word_1_350' title='bbox 1636 3501 1822 3556; x_wconf 90' lang='lat' dir='ltr'><strong>videro</strong></span> <span class='ocrx_word' id='word_1_351' title='bbox 1871 3503 1955 3558; x_wconf 89' lang='lat' dir='ltr'><strong>his</strong></span> 
     </span>
    </p>
   </div>
   <div class='ocr_carea' id='block_1_46' title="bbox 377 3569 1954 3642">
    <p class='ocr_par' dir='ltr' id='par_1_46' title="bbox 377 3569 1954 3642">
     <span class='ocr_line' id='line_1_46' title="bbox 377 3569 1954 3642; baseline -0.001 -12"><span class='ocrx_word' id='word_1_352' title='bbox 377 3575 512 3630; x_wconf 87' lang='lat' dir='ltr'><strong>meis</strong></span> <span class='ocrx_word' id='word_1_353' title='bbox 536 3575 709 3630; x_wconf 83' lang='lat' dir='ltr'><strong>oculis</strong></span> <span class='ocrx_word' id='word_1_354' title='bbox 737 3569 918 3627; x_wconf 81' lang='lat' dir='ltr'><strong>sulcos</strong></span> <span class='ocrx_word' id='word_1_355' title='bbox 946 3571 1000 3626; x_wconf 90' lang='lat' dir='ltr'><strong>iu</strong></span> <span class='ocrx_word' id='word_1_356' title='bbox 1027 3569 1229 3624; x_wconf 85' lang='lat' dir='ltr'><strong>sanctis</strong></span> <span class='ocrx_word' id='word_1_357' title='bbox 1252 3570 1496 3642; x_wconf 90' lang='lat' dir='ltr'><strong>manibus</strong></span> <span class='ocrx_word' id='word_1_358' title='bbox 1525 3571 1660 3640; x_wconf 87' lang='lat' dir='ltr'><strong>ejus,</strong></span> <span class='ocrx_word' id='word_1_359' title='bbox 1690 3587 1824 3642; x_wconf 88' lang='lat' dir='ltr'><strong>quos</strong></span> <span class='ocrx_word' id='word_1_360' title='bbox 1846 3575 1954 3629; x_wconf 91' lang='lat' dir='ltr'><strong>sul-</strong></span> 
     </span>
    </p>
   </div>
   <div class='ocr_carea' id='block_1_47' title="bbox 375 3641 1951 3713">
    <p class='ocr_par' dir='ltr' id='par_1_47' title="bbox 375 3641 1951 3713">
     <span class='ocr_line' id='line_1_47' title="bbox 375 3641 1951 3713; baseline -0.001 -13"><span class='ocrx_word' id='word_1_361' title='bbox 375 3654 565 3701; x_wconf 90' lang='lat' dir='ltr'><strong>carunt</strong></span> <span class='ocrx_word' id='word_1_362' title='bbox 592 3644 760 3713; x_wconf 82' lang='lat' dir='ltr'><strong>impii,</strong></span> <span class='ocrx_word' id='word_1_363' title='bbox 790 3656 1078 3713; x_wconf 80' lang='lat' dir='ltr'><strong>numquam</strong></span> <span class='ocrx_word' id='word_1_364' title='bbox 1104 3641 1295 3713; x_wconf 82' lang='lat' dir='ltr'><strong>vestris</strong></span> <span class='ocrx_word' id='word_1_365' title='bbox 1316 3641 1906 3713; x_wconf 38' lang='lat' dir='ltr'><strong>obtemperabo’verbis</strong></span> <span class='ocrx_word' id='word_1_366' title='bbox 1937 3663 1951 3698; x_wconf 93' lang='lat'><strong>:</strong></span> 
     </span>
    </p>
   </div>
   <div class='ocr_carea' id='block_1_48' title="bbox 381 3710 1954 3781">
    <p class='ocr_par' dir='ltr' id='par_1_48' title="bbox 381 3710 1954 3781">
     <span class='ocr_line' id='line_1_48' title="bbox 381 3710 1954 3781; baseline -0.001 -12"><span class='ocrx_word' id='word_1_367' title='bbox 381 3717 478 3770; x_wconf 90' lang='lat' dir='ltr'><strong>nisi</strong></span> <span class='ocrx_word' id='word_1_368' title='bbox 513 3717 653 3768; x_wconf 89' lang='lat' dir='ltr'><strong>hunc</strong></span> <span class='ocrx_word' id='word_1_369' title='bbox 671 3710 851 3767; x_wconf 83' lang='lat' dir='ltr'><strong>meum</strong></span> <span class='ocrx_word' id='word_1_370' title='bbox 880 3710 1102 3781; x_wconf 82' lang='lat' dir='ltr'><strong>digitum</strong></span> <span class='ocrx_word' id='word_1_371' title='bbox 1133 3711 1338 3765; x_wconf 89' lang='lat' dir='ltr'><strong>mittam</strong></span> <span class='ocrx_word' id='word_1_372' title='bbox 1370 3712 1420 3764; x_wconf 89' lang='lat' dir='ltr'><strong>in</strong></span> <span class='ocrx_word' id='word_1_373' title='bbox 1471 3710 1730 3767; x_wconf 77' lang='lat' dir='ltr'><strong>fut-amina</strong></span> <span class='ocrx_word' id='word_1_374' title='bbox 1779 3714 1954 3768; x_wconf 82' lang='lat' dir='ltr'><strong>clavo-</strong></span> 
     </span>
    </p>
   </div>
   <div class='ocr_carea' id='block_1_49' title="bbox 377 3781 1956 3851">
    <p class='ocr_par' dir='ltr' id='par_1_49' title="bbox 377 3781 1956 3851">
     <span class='ocr_line' id='line_1_49' title="bbox 377 3781 1956 3851; baseline 0.001 -11"><span class='ocrx_word' id='word_1_375' title='bbox 377 3801 514 3843; x_wconf 88' lang='lat' dir='ltr'><strong>rum.</strong></span> <span class='ocrx_word' id='word_1_376' title='bbox 533 3785 674 3839; x_wconf 88' lang='lat' dir='ltr'><strong>hunc</strong></span> <span class='ocrx_word' id='word_1_377' title='bbox 691 3794 925 3838; x_wconf 90' lang='lat' dir='ltr'><strong>vestrum</strong></span> <span class='ocrx_word' id='word_1_378' title='bbox 948 3787 1142 3835; x_wconf 88' lang='lat' dir='ltr'><strong>bonum</strong></span> <span class='ocrx_word' id='word_1_379' title='bbox 1161 3781 1403 3834; x_wconf 90' lang='lat' dir='ltr'><strong>nuntium</strong></span> <span class='ocrx_word' id='word_1_380' title='bbox 1423 3798 1526 3837; x_wconf 87' lang='lat' dir='ltr'><strong>non</strong></span> <span class='ocrx_word' id='word_1_381' title='bbox 1547 3783 1802 3851; x_wconf 85' lang='lat' dir='ltr'><strong>accipiam</strong></span> <span class='ocrx_word' id='word_1_382' title='bbox 1824 3785 1956 3841; x_wconf 89' lang='lat' dir='ltr'><strong>:nisi</strong></span> 
     </span>
    </p>
   </div>
   <div class='ocr_carea' id='block_1_50' title="bbox 375 3851 1952 3925">
    <p class='ocr_par' dir='ltr' id='par_1_50' title="bbox 375 3851 1952 3925">
     <span class='ocr_line' id='line_1_50' title="bbox 375 3851 1952 3925; baseline -0.001 -14"><span class='ocrx_word' id='word_1_383' title='bbox 375 3866 588 3925; x_wconf 72' lang='lat' dir='ltr'><strong>tangam</strong></span> <span class='ocrx_word' id='word_1_384' title='bbox 629 3854 746 3925; x_wconf 11' lang='lat' dir='ltr'><strong>hac,</strong></span> <span class='ocrx_word' id='word_1_385' title='bbox 769 3867 928 3906; x_wconf 91' lang='lat' dir='ltr'><strong>manu</strong></span> <span class='ocrx_word' id='word_1_386' title='bbox 973 3866 1091 3907; x_wconf 88' lang='lat' dir='ltr'><strong>mea</strong></span> <span class='ocrx_word' id='word_1_387' title='bbox 1129 3851 1268 3904; x_wconf 91' lang='lat' dir='ltr'><strong>latus</strong></span> <span class='ocrx_word' id='word_1_388' title='bbox 1293 3851 1463 3925; x_wconf 88' lang='lat' dir='ltr'><strong>_illud,</strong></span> <span class='ocrx_word' id='word_1_389' title='bbox 1501 3868 1608 3925; x_wconf 83' lang='lat' dir='ltr'><strong>non</strong></span> <span class='ocrx_word' id='word_1_390' title='bbox 1647 3867 1952 3925; x_wconf 87' lang='lat' dir='ltr'><strong>suspectum</strong></span> 
     </span>
    </p>
   </div>
   <div class='ocr_carea' id='block_1_51' title="bbox 375 3919 1951 3992">
    <p class='ocr_par' dir='ltr' id='par_1_51' title="bbox 375 3919 1951 3992">
     <span class='ocr_line' id='line_1_51' title="bbox 375 3919 1951 3992; baseline -0.002 -9"><span class='ocrx_word' id='word_1_391' title='bbox 375 3919 781 3983; x_wconf 73' lang='lat' dir='ltr'><strong>resurrectionis</strong></span> <span class='ocrx_word' id='word_1_392' title='bbox 804 3931 992 3977; x_wconf 76' lang='lat' dir='ltr'><strong>teSIem</strong></span> <span class='ocrx_word' id='word_1_393' title='bbox 1011 3962 1026 3988; x_wconf 90' lang='lat'><strong>,</strong></span> <span class='ocrx_word' id='word_1_394' title='bbox 1057 3935 1160 3976; x_wconf 89' lang='lat' dir='ltr'><strong>non</strong></span> <span class='ocrx_word' id='word_1_395' title='bbox 1181 3919 1396 3975; x_wconf 82' lang='lat' dir='ltr'><strong>credant</strong></span> <span class='ocrx_word' id='word_1_396' title='bbox 1426 3923 1729 3977; x_wconf 87' lang='lat' dir='ltr'><strong>testimonio</strong></span> <span class='ocrx_word' id='word_1_397' title='bbox 1746 3919 1951 3992; x_wconf 72' lang='lat' dir='ltr'><strong>vestro.</strong></span> 
     </span>
    </p>
   </div>
   <div class='ocr_carea' id='block_1_52' title="bbox 442 3992 1954 4064">
    <p class='ocr_par' dir='ltr' id='par_1_52' title="bbox 442 3992 1954 4064">
     <span class='ocr_line' id='line_1_52' title="bbox 442 3992 1954 4064; baseline 0 -14"><span class='ocrx_word' id='word_1_398' title='bbox 442 3995 499 4051; x_wconf 73' lang='lat'><strong>2.</strong></span> <span class='ocrx_word' id='word_1_399' title='bbox 527 3995 730 4051; x_wconf 80' lang='lat' dir='ltr'><strong>Videbo</strong></span> <span class='ocrx_word' id='word_1_400' title='bbox 755 3993 924 4048; x_wconf 90' lang='lat' dir='ltr'><strong>oculis</strong></span> <span class='ocrx_word' id='word_1_401' title='bbox 949 3992 1083 4047; x_wconf 87' lang='lat' dir='ltr'><strong>meis</strong></span> <span class='ocrx_word' id='word_1_402' title='bbox 1110 4007 1194 4056; x_wconf 90' lang='lat' dir='ltr'><strong>ea,</strong></span> <span class='ocrx_word' id='word_1_403' title='bbox 1222 4007 1461 4064; x_wconf 65' lang='lat' dir='ltr'><strong>quievos</strong></span> <span class='ocrx_word' id='word_1_404' title='bbox 1487 3993 1785 4062; x_wconf 84' lang='lat' dir='ltr'><strong>praedicatis</strong></span> <span class='ocrx_word' id='word_1_405' title='bbox 1809 3997 1954 4064; x_wconf 92' lang='lat' dir='ltr'><strong>(nam</strong></span> 
     </span>
    </p>
   </div>
   <div class='ocr_carea' id='block_1_53' title="bbox 374 4061 1954 4133">
    <p class='ocr_par' dir='ltr' id='par_1_53' title="bbox 374 4061 1954 4133">
     <span class='ocr_line' id='line_1_53' title="bbox 374 4061 1954 4133; baseline -0.001 -11"><span class='ocrx_word' id='word_1_406' title='bbox 374 4082 500 4122; x_wconf 75' lang='lat' dir='ltr'><strong>Iure</strong></span> <span class='ocrx_word' id='word_1_407' title='bbox 539 4066 797 4122; x_wconf 88' lang='lat' dir='ltr'><strong>certiores</strong></span> <span class='ocrx_word' id='word_1_408' title='bbox 842 4070 967 4118; x_wconf 89' lang='lat' dir='ltr'><strong>sunt</strong></span> <span class='ocrx_word' id='word_1_409' title='bbox 1007 4073 1170 4118; x_wconf 82' lang='lat' dir='ltr'><strong>testes</strong></span> <span class='ocrx_word' id='word_1_410' title='bbox 1215 4061 1424 4133; x_wconf 91' lang='lat' dir='ltr'><strong>oculi);</strong></span> <span class='ocrx_word' id='word_1_411' title='bbox 1461 4061 1514 4118; x_wconf 86' lang='lat' dir='ltr'><strong>et</strong></span> <span class='ocrx_word' id='word_1_412' title='bbox 1556 4073 1680 4118; x_wconf 88' lang='lat' dir='ltr'><strong>tunc</strong></span> <span class='ocrx_word' id='word_1_413' title='bbox 1718 4061 1954 4120; x_wconf 83' lang='lat' dir='ltr'><strong>vestrum</strong></span> 
     </span>
    </p>
   </div>
   <div class='ocr_carea' id='block_1_54' title="bbox 374 4133 1956 4206">
    <p class='ocr_par' dir='ltr' id='par_1_54' title="bbox 374 4133 1956 4206">
     <span class='ocr_line' id='line_1_54' title="bbox 374 4133 1956 4206; baseline -0.001 -14"><span class='ocrx_word' id='word_1_414' title='bbox 374 4138 627 4206; x_wconf 84' lang='lat' dir='ltr'><strong>recipiam</strong></span> <span class='ocrx_word' id='word_1_415' title='bbox 656 4135 879 4206; x_wconf 78' lang='lat' dir='ltr'><strong>dictum.</strong></span> <span class='ocrx_word' id='word_1_416' title='bbox 905 4134 1077 4206; x_wconf 81' lang='lat' dir='ltr'><strong>()mnc</strong></span> <span class='ocrx_word' id='word_1_417' title='bbox 1109 4133 1306 4206; x_wconf 87' lang='lat' dir='ltr'><strong>quippe</strong></span> <span class='ocrx_word' id='word_1_418' title='bbox 1337 4133 1557 4206; x_wconf 85' lang='lat' dir='ltr'><strong>verbum</strong></span> <span class='ocrx_word' id='word_1_419' title='bbox 1581 4149 1613 4188; x_wconf 87' lang='lat' dir='ltr'><strong>a</strong></span> <span class='ocrx_word' id='word_1_420' title='bbox 1643 4135 1805 4190; x_wconf 88' lang='lat' dir='ltr'><strong>rebus</strong></span> <span class='ocrx_word' id='word_1_421' title='bbox 1827 4136 1956 4204; x_wconf 87' lang='lat' dir='ltr'><strong>ipsis</strong></span> 
     </span>
    </p>
   </div>
   <div class='ocr_carea' id='block_1_55' title="bbox 371 4205 1957 4276">
    <p class='ocr_par' dir='ltr' id='par_1_55' title="bbox 371 4205 1957 4276">
     <span class='ocr_line' id='line_1_55' title="bbox 371 4205 1957 4276; baseline 0 -15"><span class='ocrx_word' id='word_1_422' title='bbox 371 4205 768 4271; x_wconf 71' lang='lat' dir='ltr'><strong>confirmatum,</strong></span> <span class='ocrx_word' id='word_1_423' title='bbox 789 4205 1024 4260; x_wconf 88' lang='lat' dir='ltr'><strong>validum</strong></span> <span class='ocrx_word' id='word_1_424' title='bbox 1050 4213 1106 4258; x_wconf 92' lang='lat' dir='ltr'><strong>et</strong></span> <span class='ocrx_word' id='word_1_425' title='bbox 1128 4205 1337 4276; x_wconf 88' lang='lat' dir='ltr'><strong>lirmnm</strong></span> <span class='ocrx_word' id='word_1_426' title='bbox 1362 4212 1473 4268; x_wconf 90' lang='lat' dir='ltr'><strong>est;</strong></span> <span class='ocrx_word' id='word_1_427' title='bbox 1501 4205 1583 4276; x_wconf 89' lang='lat' dir='ltr'><strong>sin</strong></span> <span class='ocrx_word' id='word_1_428' title='bbox 1615 4221 1792 4260; x_wconf 91' lang='lat' dir='ltr'><strong>rerum</strong></span> <span class='ocrx_word' id='word_1_429' title='bbox 1816 4207 1957 4276; x_wconf 87' lang='lat' dir='ltr'><strong>ipsa-</strong></span> 
     </span>
    </p>
   </div>
   <div class='ocr_carea' id='block_1_56' title="bbox 373 4274 1954 4345">
    <p class='ocr_par' dir='ltr' id='par_1_56' title="bbox 373 4274 1954 4345">
     <span class='ocr_line' id='line_1_56' title="bbox 373 4274 1954 4345; baseline 0 -13"><span class='ocrx_word' id='word_1_430' title='bbox 373 4294 488 4332; x_wconf 86' lang='lat' dir='ltr'><strong>rum</strong></span> <span class='ocrx_word' id='word_1_431' title='bbox 519 4276 923 4332; x_wconf 88' lang='lat' dir='ltr'><strong>conlirmationc</strong></span> <span class='ocrx_word' id='word_1_432' title='bbox 948 4276 1201 4345; x_wconf 84' lang='lat' dir='ltr'><strong>privetur,</strong></span> <span class='ocrx_word' id='word_1_433' title='bbox 1227 4274 1454 4328; x_wconf 90' lang='lat' dir='ltr'><strong>inaniter</strong></span> <span class='ocrx_word' id='word_1_434' title='bbox 1473 4288 1502 4327; x_wconf 88' lang='lat' dir='ltr'><strong>a</strong></span> <span class='ocrx_word' id='word_1_435' title='bbox 1523 4275 1676 4330; x_wconf 86' lang='lat' dir='ltr'><strong>labiis</strong></span> <span class='ocrx_word' id='word_1_436' title='bbox 1702 4277 1753 4330; x_wconf 91' lang='lat' dir='ltr'><strong>in</strong></span> <span class='ocrx_word' id='word_1_437' title='bbox 1773 4274 1954 4332; x_wconf 76' lang='lat' dir='ltr'><strong>aerem</strong></span> 
     </span>
    </p>
   </div>
   <div class='ocr_carea' id='block_1_57' title="bbox 373 4345 1955 4417">
    <p class='ocr_par' dir='ltr' id='par_1_57' title="bbox 373 4345 1955 4417">
     <span class='ocr_line' id='line_1_57' title="bbox 373 4345 1955 4417; baseline 0.001 -16"><span class='ocrx_word' id='word_1_438' title='bbox 373 4347 712 4402; x_wconf 83' lang='lat' dir='ltr'><strong>ddl&#39;unditur.</strong></span> <span class='ocrx_word' id='word_1_439' title='bbox 744 4347 990 4401; x_wconf 85' lang='lat' dir='ltr'><strong>Doetoris</strong></span> <span class='ocrx_word' id='word_1_440' title='bbox 1018 4345 1198 4417; x_wconf 81' lang='lat' dir='ltr'><strong>nostri</strong></span> <span class='ocrx_word' id='word_1_441' title='bbox 1215 4345 1468 4417; x_wconf 89' lang='lat' dir='ltr'><strong>miracula</strong></span> <span class='ocrx_word' id='word_1_442' title='bbox 1498 4347 1799 4402; x_wconf 90' lang='lat' dir='ltr'><strong>hominibus</strong></span> <span class='ocrx_word' id='word_1_443' title='bbox 1818 4361 1955 4417; x_wconf 72' lang='lat' dir='ltr'><strong>pra:-</strong></span> 
     </span>
    </p>
   </div>
   <div class='ocr_carea' id='block_1_58' title="bbox 372 4414 1954 4485">
    <p class='ocr_par' dir='ltr' id='par_1_58' title="bbox 372 4414 1954 4485">
     <span class='ocr_line' id='line_1_58' title="bbox 372 4414 1954 4485; baseline -0.001 -12"><span class='ocrx_word' id='word_1_444' title='bbox 372 4419 648 4473; x_wconf 88' lang='lat' dir='ltr'><strong>dicaturus</strong></span> <span class='ocrx_word' id='word_1_445' title='bbox 691 4431 807 4470; x_wconf 89' lang='lat' dir='ltr'><strong>sum</strong></span> <span class='ocrx_word' id='word_1_446' title='bbox 835 4434 850 4471; x_wconf 90' lang='lat'><strong>:</strong></span> <span class='ocrx_word' id='word_1_447' title='bbox 876 4415 1144 4485; x_wconf 90' lang='lat' dir='ltr'><strong>quomodo</strong></span> <span class='ocrx_word' id='word_1_448' title='bbox 1187 4414 1345 4483; x_wconf 90' lang='lat' dir='ltr'><strong>igitur</strong></span> <span class='ocrx_word' id='word_1_449' title='bbox 1382 4430 1442 4468; x_wconf 90' lang='lat' dir='ltr'><strong>ea</strong></span> <span class='ocrx_word' id='word_1_450' title='bbox 1463 4429 1595 4485; x_wconf 75' lang='lat' dir='ltr'><strong>qua:</strong></span> <span class='ocrx_word' id='word_1_451' title='bbox 1638 4432 1744 4470; x_wconf 88' lang='lat' dir='ltr'><strong>non</strong></span> <span class='ocrx_word' id='word_1_452' title='bbox 1785 4414 1954 4472; x_wconf 73' lang='lat' dir='ltr'><strong>oculis</strong></span> 
     </span>
    </p>
   </div>
   <div class='ocr_carea' id='block_1_59' title="bbox 373 4483 1955 4557">
    <p class='ocr_par' dir='ltr' id='par_1_59' title="bbox 373 4483 1955 4557">
     <span class='ocr_line' id='line_1_59' title="bbox 373 4483 1955 4557; baseline 0.003 -19"><span class='ocrx_word' id='word_1_453' title='bbox 373 4491 616 4557; x_wconf 78' lang='lat' dir='ltr'><strong>percepi,</strong></span> <span class='ocrx_word' id='word_1_454' title='bbox 663 4487 838 4541; x_wconf 78' lang='lat' dir='ltr'><strong>verbis</strong></span> <span class='ocrx_word' id='word_1_455' title='bbox 884 4483 1202 4557; x_wconf 79' lang='lat' dir='ltr'><strong>proferam?</strong></span> <span class='ocrx_word' id='word_1_456' title='bbox 1246 4483 1524 4557; x_wconf 80' lang='lat' dir='ltr'><strong>quomon</strong></span> <span class='ocrx_word' id='word_1_457' title='bbox 1540 4484 1848 4557; x_wconf 68' lang='lat' dir='ltr'><strong>incredulis</strong></span> <span class='ocrx_word' id='word_1_458' title='bbox 1891 4503 1955 4543; x_wconf 87' lang='lat' dir='ltr'><strong>ea</strong></span> 
     </span>
    </p>
   </div>
   <div class='ocr_carea' id='block_1_60' title="bbox 371 4553 1955 4625">
    <p class='ocr_par' dir='ltr' id='par_1_60' title="bbox 371 4553 1955 4625">
     <span class='ocr_line' id='line_1_60' title="bbox 371 4553 1955 4625; baseline 0.001 -14"><span class='ocrx_word' id='word_1_459' title='bbox 371 4553 608 4613; x_wconf 62' lang='lat' dir='ltr'><strong>credere</strong></span> <span class='ocrx_word' id='word_1_460' title='bbox 638 4557 873 4612; x_wconf 89' lang='lat' dir='ltr'><strong>suadebo</strong></span> <span class='ocrx_word' id='word_1_461' title='bbox 888 4553 909 4617; x_wconf 59' lang='grc'><strong>“,</strong></span> <span class='ocrx_word' id='word_1_462' title='bbox 936 4555 1128 4624; x_wconf 89' lang='lat' dir='ltr'><strong>quibus</strong></span> <span class='ocrx_word' id='word_1_463' title='bbox 1156 4554 1269 4623; x_wconf 84' lang='lat' dir='ltr'><strong>ipse</strong></span> <span class='ocrx_word' id='word_1_464' title='bbox 1313 4570 1418 4608; x_wconf 89' lang='lat' dir='ltr'><strong>non</strong></span> <span class='ocrx_word' id='word_1_465' title='bbox 1451 4553 1648 4625; x_wconf 74' lang='lat' dir='ltr'><strong>adfui?</strong></span> <span class='ocrx_word' id='word_1_466' title='bbox 1687 4558 1955 4625; x_wconf 91' lang='lat' dir='ltr'><strong>quomodo</strong></span> 
     </span>
    </p>
   </div>
   <div class='ocr_carea' id='block_1_61' title="bbox 370 4623 1953 4696">
    <p class='ocr_par' dir='ltr' id='par_1_61' title="bbox 370 4623 1953 4696">
     <span class='ocr_line' id='line_1_61' title="bbox 370 4623 1953 4696; baseline -0.001 -14"><span class='ocrx_word' id='word_1_467' title='bbox 370 4627 572 4683; x_wconf 68' lang='lat' dir='ltr'><strong>iudicis</strong></span> <span class='ocrx_word' id='word_1_468' title='bbox 616 4642 680 4680; x_wconf 90' lang='lat' dir='ltr'><strong>ac</strong></span> <span class='ocrx_word' id='word_1_469' title='bbox 723 4623 1012 4696; x_wconf 73' lang='lat' dir='ltr'><strong>gentilibus</strong></span> <span class='ocrx_word' id='word_1_470' title='bbox 1055 4625 1229 4678; x_wconf 87' lang='lat' dir='ltr'><strong>dicam</strong></span> <span class='ocrx_word' id='word_1_471' title='bbox 1261 4641 1276 4679; x_wconf 90' lang='lat'><strong>:</strong></span> <span class='ocrx_word' id='word_1_472' title='bbox 1307 4623 1626 4696; x_wconf 83' lang='lat' dir='ltr'><strong>Cruciftxum</strong></span> <span class='ocrx_word' id='word_1_473' title='bbox 1658 4623 1953 4696; x_wconf 79' lang='lat' dir='ltr'><strong>Dominum</strong></span> 
     </span>
    </p>
   </div>
   <div class='ocr_carea' id='block_1_62' title="bbox 370 4694 1956 4760">
    <p class='ocr_par' dir='ltr' id='par_1_62' title="bbox 370 4694 1956 4760">
     <span class='ocr_line' id='line_1_62' title="bbox 370 4694 1956 4760; baseline 0 -8"><span class='ocrx_word' id='word_1_474' title='bbox 370 4713 549 4752; x_wconf 87' lang='lat' dir='ltr'><strong>meum</strong></span> <span class='ocrx_word' id='word_1_475' title='bbox 580 4697 684 4750; x_wconf 87' lang='lat' dir='ltr'><strong>vidi</strong></span> <span class='ocrx_word' id='word_1_476' title='bbox 710 4694 748 4760; x_wconf 68' lang='grc'><strong>,“</strong></span> <span class='ocrx_word' id='word_1_477' title='bbox 769 4694 1144 4749; x_wconf 87' lang='lat' dir='ltr'><strong>resuscitatum</strong></span> <span class='ocrx_word' id='word_1_478' title='bbox 1187 4710 1293 4748; x_wconf 89' lang='lat' dir='ltr'><strong>non</strong></span> <span class='ocrx_word' id='word_1_479' title='bbox 1322 4695 1464 4759; x_wconf 90' lang='lat' dir='ltr'><strong>vidi,</strong></span> <span class='ocrx_word' id='word_1_480' title='bbox 1493 4694 1587 4748; x_wconf 90' lang='lat' dir='ltr'><strong>sed</strong></span> <span class='ocrx_word' id='word_1_481' title='bbox 1621 4695 1688 4750; x_wconf 89' lang='lat' dir='ltr'><strong>ab</strong></span> <span class='ocrx_word' id='word_1_482' title='bbox 1717 4697 1833 4750; x_wconf 88' lang='lat' dir='ltr'><strong>aliis</strong></span> <span class='ocrx_word' id='word_1_483' title='bbox 1861 4713 1956 4752; x_wconf 87' lang='lat' dir='ltr'><strong>au-</strong></span> 
     </span>
    </p>
   </div>
   <div class='ocr_carea' id='block_1_63' title="bbox 371 4764 1954 4835">
    <p class='ocr_par' dir='ltr' id='par_1_63' title="bbox 371 4764 1954 4835">
     <span class='ocr_line' id='line_1_63' title="bbox 371 4764 1954 4835; baseline -0.001 -14"><span class='ocrx_word' id='word_1_484' title='bbox 371 4767 518 4821; x_wconf 83' lang='lat' dir='ltr'><strong>divi?</strong></span> <span class='ocrx_word' id='word_1_485' title='bbox 547 4766 744 4834; x_wconf 86' lang='lat' dir='ltr'><strong>Ecquis</strong></span> <span class='ocrx_word' id='word_1_486' title='bbox 772 4764 888 4818; x_wconf 66' lang='lat' dir='ltr'><strong>htec</strong></span> <span class='ocrx_word' id='word_1_487' title='bbox 914 4764 1176 4835; x_wconf 84' lang='lat' dir='ltr'><strong>dicentem</strong></span> <span class='ocrx_word' id='word_1_488' title='bbox 1210 4764 1636 4835; x_wconf 15' lang='lat' dir='ltr'><strong>nonrirridebit?</strong></span> <span class='ocrx_word' id='word_1_489' title='bbox 1665 4767 1785 4834; x_wconf 86' lang='lat' dir='ltr'><strong>quis</strong></span> <span class='ocrx_word' id='word_1_490' title='bbox 1819 4783 1954 4835; x_wconf 48' lang='lat' dir='ltr'><strong>pra}:</strong></span> 
     </span>
    </p>
   </div>
   <div class='ocr_carea' id='block_1_64' title="bbox 371 4834 1955 4903">
    <p class='ocr_par' dir='ltr' id='par_1_64' title="bbox 371 4834 1955 4903">
     <span class='ocr_line' id='line_1_64' title="bbox 371 4834 1955 4903; baseline -0.001 -11"><span class='ocrx_word' id='word_1_491' title='bbox 371 4838 693 4892; x_wconf 87' lang='lat' dir='ltr'><strong>dicationem</strong></span> <span class='ocrx_word' id='word_1_492' title='bbox 740 4849 846 4888; x_wconf 88' lang='lat' dir='ltr'><strong>non</strong></span> <span class='ocrx_word' id='word_1_493' title='bbox 887 4834 1338 4903; x_wconf 69' lang='lat' dir='ltr'><strong>respuetiAliud</strong></span> <span class='ocrx_word' id='word_1_494' title='bbox 1365 4845 1449 4888; x_wconf 87' lang='lat' dir='ltr'><strong>est</strong></span> <span class='ocrx_word' id='word_1_495' title='bbox 1476 4834 1742 4890; x_wconf 87' lang='lat' dir='ltr'><strong>audivisse</strong></span> <span class='ocrx_word' id='word_1_496' title='bbox 1762 4877 1778 4901; x_wconf 94' lang='lat'><strong>,</strong></span> <span class='ocrx_word' id='word_1_497' title='bbox 1810 4834 1955 4890; x_wconf 86' lang='lat' dir='ltr'><strong>aliud</strong></span> 
     </span>
    </p>
   </div>
   <div class='ocr_carea' id='block_1_65' title="bbox 371 4902 1958 4972">
    <p class='ocr_par' dir='ltr' id='par_1_65' title="bbox 371 4902 1958 4972">
     <span class='ocr_line' id='line_1_65' title="bbox 371 4902 1958 4972; baseline -0.003 -10"><span class='ocrx_word' id='word_1_498' title='bbox 371 4907 614 4962; x_wconf 87' lang='lat' dir='ltr'><strong>vidisse:</strong></span> <span class='ocrx_word' id='word_1_499' title='bbox 641 4905 782 4960; x_wconf 89' lang='lat' dir='ltr'><strong>aliud</strong></span> <span class='ocrx_word' id='word_1_500' title='bbox 826 4902 988 4958; x_wconf 85' lang='lat' dir='ltr'><strong>verba</strong></span> <span class='ocrx_word' id='word_1_501' title='bbox 1034 4902 1308 4972; x_wconf 89' lang='lat' dir='ltr'><strong>percipere</strong></span> <span class='ocrx_word' id='word_1_502' title='bbox 1332 4943 1348 4969; x_wconf 94' lang='lat'><strong>,</strong></span> <span class='ocrx_word' id='word_1_503' title='bbox 1380 4904 1522 4958; x_wconf 89' lang='lat' dir='ltr'><strong>aliud</strong></span> <span class='ocrx_word' id='word_1_504' title='bbox 1555 4906 1734 4960; x_wconf 88' lang='lat' dir='ltr'><strong>videre</strong></span> <span class='ocrx_word' id='word_1_505' title='bbox 1773 4917 1826 4960; x_wconf 89' lang='lat' dir='ltr'><strong>et</strong></span> <span class='ocrx_word' id='word_1_506' title='bbox 1862 4921 1958 4961; x_wconf 87' lang='lat' dir='ltr'><strong>ex-</strong></span> 
     </span>
    </p>
   </div>
   <div class='ocr_carea' id='block_1_66' title="bbox 371 4974 1954 5049">
    <p class='ocr_par' dir='ltr' id='par_1_66' title="bbox 371 4974 1954 5049">
     <span class='ocr_line' id='line_1_66' title="bbox 371 4974 1954 5049; baseline -0.003 -15"><span class='ocrx_word' id='word_1_507' title='bbox 371 4979 561 5049; x_wconf 80' lang='lat' dir='ltr'><strong>periri.</strong></span> <span class='ocrx_word' id='word_1_508' title='bbox 589 4976 715 5030; x_wconf 76' lang='lat' dir='ltr'><strong>Haec</strong></span> <span class='ocrx_word' id='word_1_509' title='bbox 742 4984 797 5030; x_wconf 90' lang='lat' dir='ltr'><strong>et</strong></span> <span class='ocrx_word' id='word_1_510' title='bbox 833 4974 1025 5028; x_wconf 79' lang='lat' dir='ltr'><strong>similia</strong></span> <span class='ocrx_word' id='word_1_511' title='bbox 1058 4990 1179 5028; x_wconf 91' lang='lat' dir='ltr'><strong>cum</strong></span> <span class='ocrx_word' id='word_1_512' title='bbox 1206 4975 1529 5049; x_wconf 77' lang='lat' dir='ltr'><strong>coapostolis</strong></span> <span class='ocrx_word' id='word_1_513' title='bbox 1565 4974 1768 5049; x_wconf 82' lang='lat' dir='ltr'><strong>diceret</strong></span> <span class='ocrx_word' id='word_1_514' title='bbox 1787 4976 1954 5049; x_wconf 77' lang='lat' dir='ltr'><strong>_&#39;l‘ho-</strong></span> 
     </span>
    </p>
   </div>
   <div class='ocr_carea' id='block_1_67' title="bbox 371 5043 1955 5119">
    <p class='ocr_par' dir='ltr' id='par_1_67' title="bbox 371 5043 1955 5119">
     <span class='ocr_line' id='line_1_67' title="bbox 371 5043 1955 5119; baseline 0 -17"><span class='ocrx_word' id='word_1_515' title='bbox 371 5043 485 5104; x_wconf 78' lang='lat' dir='ltr'><strong>iuas</strong></span> <span class='ocrx_word' id='word_1_516' title='bbox 507 5090 522 5115; x_wconf 93' lang='lat'><strong>,</strong></span> <span class='ocrx_word' id='word_1_517' title='bbox 555 5049 823 5119; x_wconf 87' lang='lat' dir='ltr'><strong>ingressus</strong></span> <span class='ocrx_word' id='word_1_518' title='bbox 849 5056 932 5100; x_wconf 85' lang='lat' dir='ltr'><strong>est</strong></span> <span class='ocrx_word' id='word_1_519' title='bbox 960 5061 1168 5119; x_wconf 69' lang='lat' dir='ltr'><strong>rursum</strong></span> <span class='ocrx_word' id='word_1_520' title='bbox 1197 5043 1355 5119; x_wconf 79' lang='lat' dir='ltr'><strong>Jesus</strong></span> <span class='ocrx_word' id='word_1_521' title='bbox 1379 5044 1447 5098; x_wconf 89' lang='lat' dir='ltr'><strong>ad</strong></span> <span class='ocrx_word' id='word_1_522' title='bbox 1475 5044 1762 5119; x_wconf 76' lang='lat' dir='ltr'><strong>discipulos</strong></span> <span class='ocrx_word' id='word_1_523' title='bbox 1780 5046 1955 5115; x_wconf 88' lang='lat' dir='ltr'><strong>januis</strong></span> 
     </span>
    </p>
   </div>
   <div class='ocr_carea' id='block_1_68' title="bbox 368 5114 1950 5186">
    <p class='ocr_par' dir='ltr' id='par_1_68' title="bbox 368 5114 1950 5186">
     <span class='ocr_line' id='line_1_68' title="bbox 368 5114 1950 5186; baseline -0.002 -13"><span class='ocrx_word' id='word_1_524' title='bbox 368 5114 588 5175; x_wconf 75' lang='lat' dir='ltr'><strong>clausis.</strong></span> <span class='ocrx_word' id='word_1_525' title='bbox 614 5114 868 5186; x_wconf 69' lang='lat' dir='ltr'><strong>ingressa</strong></span> <span class='ocrx_word' id='word_1_526' title='bbox 897 5125 980 5170; x_wconf 89' lang='lat' dir='ltr'><strong>est</strong></span> <span class='ocrx_word' id='word_1_527' title='bbox 1005 5114 1178 5170; x_wconf 79' lang='lat' dir='ltr'><strong>Janua</strong></span> <span class='ocrx_word' id='word_1_528' title='bbox 1209 5115 1332 5170; x_wconf 73' lang='lat' dir='ltr'><strong>vita:</strong></span> <span class='ocrx_word' id='word_1_529' title='bbox 1361 5129 1457 5186; x_wconf 84' lang='lat' dir='ltr'><strong>per</strong></span> <span class='ocrx_word' id='word_1_530' title='bbox 1480 5114 1691 5169; x_wconf 87' lang='lat' dir='ltr'><strong>clausas</strong></span> <span class='ocrx_word' id='word_1_531' title='bbox 1716 5114 1906 5186; x_wconf 83' lang='lat' dir='ltr'><strong>januas</strong></span> <span class='ocrx_word' id='word_1_532' title='bbox 1937 5135 1950 5170; x_wconf 90' lang='lat'><strong>:</strong></span> 
     </span>
    </p>
   </div>
   <div class='ocr_carea' id='block_1_69' title="bbox 368 5185 1953 5257">
    <p class='ocr_par' dir='ltr' id='par_1_69' title="bbox 368 5185 1953 5257">
     <span class='ocr_line' id='line_1_69' title="bbox 368 5185 1953 5257; baseline -0.001 -13"><span class='ocrx_word' id='word_1_533' title='bbox 368 5205 436 5244; x_wconf 75' lang='lat' dir='ltr'><strong>eo</strong></span> <span class='ocrx_word' id='word_1_534' title='bbox 465 5190 625 5245; x_wconf 91' lang='lat' dir='ltr'><strong>modo</strong></span> <span class='ocrx_word' id='word_1_535' title='bbox 651 5185 922 5257; x_wconf 84' lang='lat' dir='ltr'><strong>ingressus</strong></span> <span class='ocrx_word' id='word_1_536' title='bbox 958 5198 1060 5252; x_wconf 87' lang='lat' dir='ltr'><strong>est,</strong></span> <span class='ocrx_word' id='word_1_537' title='bbox 1099 5201 1204 5256; x_wconf 89' lang='lat' dir='ltr'><strong>quo</strong></span> <span class='ocrx_word' id='word_1_538' title='bbox 1245 5187 1392 5240; x_wconf 90' lang='lat' dir='ltr'><strong>novit</strong></span> <span class='ocrx_word' id='word_1_539' title='bbox 1430 5185 1601 5257; x_wconf 85' lang='lat' dir='ltr'><strong>ipsum</strong></span> <span class='ocrx_word' id='word_1_540' title='bbox 1643 5185 1816 5257; x_wconf 82' lang='lat' dir='ltr'><strong>solum</strong></span> <span class='ocrx_word' id='word_1_541' title='bbox 1860 5188 1953 5243; x_wconf 90' lang='lat' dir='ltr'><strong>Dei</strong></span> 
     </span>
    </p>
   </div>
   <div class='ocr_carea' id='block_1_70' title="bbox 372 5256 1953 5326">
    <p class='ocr_par' dir='ltr' id='par_1_70' title="bbox 372 5256 1953 5326">
     <span class='ocr_line' id='line_1_70' title="bbox 372 5256 1953 5326; baseline 0 -14"><span class='ocrx_word' id='word_1_542' title='bbox 372 5259 626 5316; x_wconf 85' lang='lat' dir='ltr'><strong>Verbum.</strong></span> <span class='ocrx_word' id='word_1_543' title='bbox 666 5256 814 5314; x_wconf 86' lang='lat' dir='ltr'><strong>Sicut</strong></span> <span class='ocrx_word' id='word_1_544' title='bbox 840 5256 982 5312; x_wconf 90' lang='lat' dir='ltr'><strong>enim</strong></span> <span class='ocrx_word' id='word_1_545' title='bbox 1015 5272 1136 5312; x_wconf 90' lang='lat' dir='ltr'><strong>cum</strong></span> <span class='ocrx_word' id='word_1_546' title='bbox 1177 5268 1332 5312; x_wconf 90' lang='lat' dir='ltr'><strong>natus</strong></span> <span class='ocrx_word' id='word_1_547' title='bbox 1372 5266 1489 5320; x_wconf 91' lang='lat' dir='ltr'><strong>est,</strong></span> <span class='ocrx_word' id='word_1_548' title='bbox 1521 5256 1838 5326; x_wconf 69' lang='lat' dir='ltr'><strong>virginitatis</strong></span> <span class='ocrx_word' id='word_1_549' title='bbox 1867 5259 1953 5326; x_wconf 85' lang='lat' dir='ltr'><strong>ja-</strong></span> 
     </span>
    </p>
   </div>
   <div class='ocr_carea' id='block_1_71' title="bbox 371 5327 1950 5397">
    <p class='ocr_par' dir='ltr' id='par_1_71' title="bbox 371 5327 1950 5397">
     <span class='ocr_line' id='line_1_71' title="bbox 371 5327 1950 5397; baseline -0.001 -15"><span class='ocrx_word' id='word_1_550' title='bbox 371 5344 506 5384; x_wconf 84' lang='lat' dir='ltr'><strong>nuas</strong></span> <span class='ocrx_word' id='word_1_551' title='bbox 534 5345 638 5385; x_wconf 88' lang='lat' dir='ltr'><strong>non</strong></span> <span class='ocrx_word' id='word_1_552' title='bbox 672 5330 807 5383; x_wconf 74' lang='lat' dir='ltr'><strong>lazsit</strong></span> <span class='ocrx_word' id='word_1_553' title='bbox 825 5369 841 5394; x_wconf 93' lang='lat'><strong>,</strong></span> <span class='ocrx_word' id='word_1_554' title='bbox 869 5328 948 5382; x_wconf 89' lang='lat' dir='ltr'><strong>sic</strong></span> <span class='ocrx_word' id='word_1_555' title='bbox 973 5330 1132 5382; x_wconf 87' lang='lat' dir='ltr'><strong>etiam</strong></span> <span class='ocrx_word' id='word_1_556' title='bbox 1167 5329 1303 5382; x_wconf 83' lang='lat' dir='ltr'><strong>intra</strong></span> <span class='ocrx_word' id='word_1_557' title='bbox 1331 5327 1549 5382; x_wconf 88' lang='lat' dir='ltr'><strong>domum</strong></span> <span class='ocrx_word' id='word_1_558' title='bbox 1577 5338 1822 5397; x_wconf 87' lang='lat' dir='ltr'><strong>repertus</strong></span> <span class='ocrx_word' id='word_1_559' title='bbox 1847 5337 1950 5393; x_wconf 88' lang='lat' dir='ltr'><strong>est,</strong></span> 
     </span>
    </p>
   </div>
   <div class='ocr_carea' id='block_1_72' title="bbox 369 5397 1955 5468">
    <p class='ocr_par' dir='ltr' id='par_1_72' title="bbox 369 5397 1955 5468">
     <span class='ocr_line' id='line_1_72' title="bbox 369 5397 1955 5468; baseline -0.002 -13"><span class='ocrx_word' id='word_1_560' title='bbox 369 5413 423 5455; x_wconf 87' lang='lat' dir='ltr'><strong>et</strong></span> <span class='ocrx_word' id='word_1_561' title='bbox 449 5401 681 5455; x_wconf 86' lang='lat' dir='ltr'><strong>claustra</strong></span> <span class='ocrx_word' id='word_1_562' title='bbox 721 5414 826 5452; x_wconf 88' lang='lat' dir='ltr'><strong>non</strong></span> <span class='ocrx_word' id='word_1_563' title='bbox 873 5397 1045 5468; x_wconf 81' lang='lat' dir='ltr'><strong>fregit.</strong></span> <span class='ocrx_word' id='word_1_564' title='bbox 1079 5399 1159 5452; x_wconf 86' lang='lat' dir='ltr'><strong>Ac</strong></span> <span class='ocrx_word' id='word_1_565' title='bbox 1184 5411 1404 5464; x_wconf 87' lang='lat' dir='ltr'><strong>rursus,</strong></span> <span class='ocrx_word' id='word_1_566' title='bbox 1433 5407 1492 5452; x_wconf 92' lang='lat' dir='ltr'><strong>ut</strong></span> <span class='ocrx_word' id='word_1_567' title='bbox 1525 5398 1657 5452; x_wconf 87' lang='lat' dir='ltr'><strong>exiit</strong></span> <span class='ocrx_word' id='word_1_568' title='bbox 1679 5414 1745 5453; x_wconf 86' lang='lat' dir='ltr'><strong>ex</strong></span> <span class='ocrx_word' id='word_1_569' title='bbox 1771 5399 1955 5466; x_wconf 86' lang='lat' dir='ltr'><strong>sepul-</strong></span> 
     </span>
    </p>
   </div>
   <div class='ocr_carea' id='block_1_73' title="bbox 367 5467 1952 5538">
    <p class='ocr_par' dir='ltr' id='par_1_73' title="bbox 367 5467 1952 5538">
     <span class='ocr_line' id='line_1_73' title="bbox 367 5467 1952 5538; baseline 0.001 -16"><span class='ocrx_word' id='word_1_570' title='bbox 367 5482 465 5524; x_wconf 85' lang='lat' dir='ltr'><strong>cro</strong></span> <span class='ocrx_word' id='word_1_571' title='bbox 509 5471 692 5524; x_wconf 88' lang='lat' dir='ltr'><strong>clauso</strong></span> <span class='ocrx_word' id='word_1_572' title='bbox 743 5477 797 5522; x_wconf 93' lang='lat' dir='ltr'><strong>et</strong></span> <span class='ocrx_word' id='word_1_573' title='bbox 845 5467 1147 5537; x_wconf 78' lang='lat' dir='ltr'><strong>obsignato,</strong></span> <span class='ocrx_word' id='word_1_574' title='bbox 1195 5467 1274 5522; x_wconf 90' lang='lat' dir='ltr'><strong>sic</strong></span> <span class='ocrx_word' id='word_1_575' title='bbox 1317 5469 1594 5538; x_wconf 86' lang='lat' dir='ltr'><strong>ingressus</strong></span> <span class='ocrx_word' id='word_1_576' title='bbox 1644 5478 1728 5523; x_wconf 88' lang='lat' dir='ltr'><strong>est</strong></span> <span class='ocrx_word' id='word_1_577' title='bbox 1771 5468 1952 5538; x_wconf 87' lang='lat' dir='ltr'><strong>jauuis</strong></span> 
     </span>
    </p>
   </div>
   <div class='ocr_carea' id='block_1_74' title="bbox 369 5539 1948 5608">
    <p class='ocr_par' dir='ltr' id='par_1_74' title="bbox 369 5539 1948 5608">
     <span class='ocr_line' id='line_1_74' title="bbox 369 5539 1948 5608; baseline 0.001 -18"><span class='ocrx_word' id='word_1_578' title='bbox 369 5540 588 5594; x_wconf 84' lang='lat' dir='ltr'><strong>clausis.</strong></span> <span class='ocrx_word' id='word_1_579' title='bbox 634 5539 910 5608; x_wconf 83' lang='lat' dir='ltr'><strong>Ingressus</strong></span> <span class='ocrx_word' id='word_1_580' title='bbox 939 5553 1004 5593; x_wconf 88' lang='lat' dir='ltr'><strong>eo</strong></span> <span class='ocrx_word' id='word_1_581' title='bbox 1034 5548 1116 5592; x_wconf 88' lang='lat' dir='ltr'><strong>est</strong></span> <span class='ocrx_word' id='word_1_582' title='bbox 1143 5552 1305 5608; x_wconf 86' lang='lat' dir='ltr'><strong>carne</strong></span> <span class='ocrx_word' id='word_1_583' title='bbox 1327 5577 1345 5605; x_wconf 89' lang='lat'><strong>,</strong></span> <span class='ocrx_word' id='word_1_584' title='bbox 1378 5539 1467 5592; x_wconf 86' lang='lat' dir='ltr'><strong>ubi</strong></span> <span class='ocrx_word' id='word_1_585' title='bbox 1492 5547 1606 5591; x_wconf 90' lang='lat' dir='ltr'><strong>erat</strong></span> <span class='ocrx_word' id='word_1_586' title='bbox 1631 5539 1910 5592; x_wconf 80' lang='lat' dir='ltr'><strong>divinitate</strong></span> <span class='ocrx_word' id='word_1_587' title='bbox 1932 5579 1948 5604; x_wconf 94' lang='lat'><strong>,</strong></span> 
     </span>
    </p>
   </div>
   <div class='ocr_carea' id='block_1_75' title="bbox 367 5607 1952 5679">
    <p class='ocr_par' dir='ltr' id='par_1_75' title="bbox 367 5607 1952 5679">
     <span class='ocr_line' id='line_1_75' title="bbox 367 5607 1952 5679; baseline 0.002 -20"><span class='ocrx_word' id='word_1_588' title='bbox 367 5617 424 5660; x_wconf 90' lang='lat' dir='ltr'><strong>et</strong></span> <span class='ocrx_word' id='word_1_589' title='bbox 447 5607 772 5679; x_wconf 9' lang='lat' dir='ltr'><strong>januasgnon</strong></span> <span class='ocrx_word' id='word_1_590' title='bbox 801 5608 1034 5679; x_wconf 83' lang='lat' dir='ltr'><strong>aperuit.</strong></span> <span class='ocrx_word' id='word_1_591' title='bbox 1069 5607 1245 5662; x_wconf 88' lang='lat' dir='ltr'><strong>Voluit</strong></span> <span class='ocrx_word' id='word_1_592' title='bbox 1271 5612 1449 5672; x_wconf 91' lang='lat' dir='ltr'><strong>enim,</strong></span> <span class='ocrx_word' id='word_1_593' title='bbox 1479 5616 1534 5662; x_wconf 89' lang='lat' dir='ltr'><strong>et</strong></span> <span class='ocrx_word' id='word_1_594' title='bbox 1564 5607 1693 5679; x_wconf 84' lang='lat' dir='ltr'><strong>nihil</strong></span> <span class='ocrx_word' id='word_1_595' title='bbox 1722 5608 1952 5679; x_wconf 85' lang='lat' dir='ltr'><strong>impedi-</strong></span> 
     </span>
    </p>
   </div>
   <div class='ocr_carea' id='block_1_76' title="bbox 368 5675 1954 5743">
    <p class='ocr_par' dir='ltr' id='par_1_76' title="bbox 368 5675 1954 5743">
     <span class='ocr_line' id='line_1_76' title="bbox 368 5675 1954 5743; baseline 0.002 -14"><span class='ocrx_word' id='word_1_596' title='bbox 368 5675 490 5730; x_wconf 65' lang='lat' dir='ltr'><strong>vit&#39;:</strong></span> <span class='ocrx_word' id='word_1_597' title='bbox 523 5675 710 5740; x_wconf 82' lang='lat' dir='ltr'><strong>voluit,</strong></span> <span class='ocrx_word' id='word_1_598' title='bbox 742 5684 799 5729; x_wconf 91' lang='lat' dir='ltr'><strong>et</strong></span> <span class='ocrx_word' id='word_1_599' title='bbox 828 5675 1004 5730; x_wconf 71' lang='lat' dir='ltr'><strong>Omnia</strong></span> <span class='ocrx_word' id='word_1_600' title='bbox 1035 5688 1424 5732; x_wconf 88' lang='lat' dir='ltr'><strong>concurrerunt</strong></span> <span class='ocrx_word' id='word_1_601' title='bbox 1456 5696 1470 5731; x_wconf 88' lang='lat'>:</span> <span class='ocrx_word' id='word_1_602' title='bbox 1503 5678 1692 5743; x_wconf 91' lang='lat' dir='ltr'><strong>voluit,</strong></span> <span class='ocrx_word' id='word_1_603' title='bbox 1721 5688 1776 5731; x_wconf 91' lang='lat' dir='ltr'><strong>et</strong></span> <span class='ocrx_word' id='word_1_604' title='bbox 1797 5675 1954 5732; x_wconf 61' lang='lat' dir='ltr'><strong>creat.</strong></span> 
     </span>
    </p>
   </div>
   <div class='ocr_carea' id='block_1_77' title="bbox 371 5744 1949 5812">
    <p class='ocr_par' dir='ltr' id='par_1_77' title="bbox 371 5744 1949 5812">
     <span class='ocr_line' id='line_1_77' title="bbox 371 5744 1949 5812; baseline 0.003 -15"><span class='ocrx_word' id='word_1_605' title='bbox 371 5754 487 5799; x_wconf 88' lang='lat' dir='ltr'><strong>tura</strong></span> <span class='ocrx_word' id='word_1_606' title='bbox 533 5744 634 5812; x_wconf 83' lang='lat' dir='ltr'><strong>ipsi</strong></span> <span class='ocrx_word' id='word_1_607' title='bbox 673 5745 963 5812; x_wconf 85' lang='lat' dir='ltr'><strong>obseqnuta</strong></span> <span class='ocrx_word' id='word_1_608' title='bbox 994 5757 1076 5800; x_wconf 90' lang='lat' dir='ltr'><strong>est</strong></span> <span class='ocrx_word' id='word_1_609' title='bbox 1105 5763 1118 5798; x_wconf 92' lang='lat'><strong>:</strong></span> <span class='ocrx_word' id='word_1_610' title='bbox 1151 5748 1404 5800; x_wconf 89' lang='lat' dir='ltr'><strong>voluntati</strong></span> <span class='ocrx_word' id='word_1_611' title='bbox 1437 5747 1554 5812; x_wconf 87' lang='lat' dir='ltr'><strong>ejus</strong></span> <span class='ocrx_word' id='word_1_612' title='bbox 1594 5747 1772 5801; x_wconf 89' lang='lat' dir='ltr'><strong>omnia</strong></span> <span class='ocrx_word' id='word_1_613' title='bbox 1816 5763 1949 5801; x_wconf 84' lang='lat' dir='ltr'><strong>con-</strong></span> 
     </span>
    </p>
   </div>
   <div class='ocr_carea' id='block_1_78' title="bbox 370 5813 1997 5888">
    <p class='ocr_par' dir='ltr' id='par_1_78' title="bbox 370 5813 1997 5888">
     <span class='ocr_line' id='line_1_78' title="bbox 370 5813 1997 5888; baseline 0.004 -20"><span class='ocrx_word' id='word_1_614' title='bbox 370 5822 676 5880; x_wconf 84' lang='lat' dir='ltr'><strong>currerunt,</strong></span> <span class='ocrx_word' id='word_1_615' title='bbox 727 5813 869 5878; x_wconf 88' lang='lat' dir='ltr'><strong>quod</strong></span> <span class='ocrx_word' id='word_1_616' title='bbox 917 5829 1042 5870; x_wconf 88' lang='lat' dir='ltr'><strong>vere</strong></span> <span class='ocrx_word' id='word_1_617' title='bbox 1088 5815 1228 5870; x_wconf 89' lang='lat' dir='ltr'><strong>Deus</strong></span> <span class='ocrx_word' id='word_1_618' title='bbox 1255 5826 1421 5871; x_wconf 78' lang='lat' dir='ltr'><strong>esset.</strong></span> <span class='ocrx_word' id='word_1_619' title='bbox 1467 5816 1557 5871; x_wconf 90' lang='lat' dir='ltr'><strong>Sic</strong></span> <span class='ocrx_word' id='word_1_620' title='bbox 1594 5828 1648 5874; x_wconf 85' lang='lat' dir='ltr'><strong>et</strong></span> <span class='ocrx_word' id='word_1_621' title='bbox 1678 5820 1951 5887; x_wconf 76' lang='lat' dir='ltr'><strong>generatio</strong></span> <span class='ocrx_word' id='word_1_622' title='bbox 1991 5881 1997 5888; x_wconf 47' lang='grc'><em>,</em></span> 
     </span>
    </p>
   </div>
   <div class='ocr_carea' id='block_1_79' title="bbox 1891 360 2161 418">
    <p class='ocr_par' dir='ltr' id='par_1_79' title="bbox 1891 360 2161 418">
     <span class='ocr_line' id='line_1_79' title="bbox 1891 360 2161 418; baseline 0.004 -1"><span class='ocrx_word' id='word_1_623' title='bbox 1891 360 2161 418; x_wconf 76' lang='lat' dir='ltr'><strong>SPURIA.</strong></span> 
     </span>
    </p>
   </div>
   <div class='ocr_carea' id='block_1_80' title="bbox 3576 373 3683 433">
    <p class='ocr_par' dir='ltr' id='par_1_80' title="bbox 3576 373 3683 433">
     <span class='ocr_line' id='line_1_80' title="bbox 3576 373 3683 433; baseline 0.056 -6"><span class='ocrx_word' id='word_1_624' title='bbox 3576 373 3683 433; x_wconf 70' lang='lat'><strong>684</strong></span> 
     </span>
    </p>
   </div>
   <div class='ocr_carea' id='block_1_81' title="bbox 2096 482 3686 555">
    <p class='ocr_par' dir='ltr' id='par_1_81' title="bbox 2096 482 3686 555">
     <span class='ocr_line' id='line_1_81' title="bbox 2096 482 3686 555; baseline 0.008 -21"><span class='ocrx_word' id='word_1_625' title='bbox 2096 482 2209 548; x_wconf 88' lang='lat' dir='ltr'><strong>ejus</strong></span> <span class='ocrx_word' id='word_1_626' title='bbox 2238 494 2451 536; x_wconf 90' lang='lat' dir='ltr'><strong>omnem</strong></span> <span class='ocrx_word' id='word_1_627' title='bbox 2491 495 2792 538; x_wconf 81' lang='lat' dir='ltr'><strong>sermonem</strong></span> <span class='ocrx_word' id='word_1_628' title='bbox 2820 495 3059 555; x_wconf 85' lang='lat' dir='ltr'><strong>superat,</strong></span> <span class='ocrx_word' id='word_1_629' title='bbox 3099 495 3154 542; x_wconf 89' lang='lat' dir='ltr'><strong>et</strong></span> <span class='ocrx_word' id='word_1_630' title='bbox 3191 489 3366 544; x_wconf 79' lang='lat' dir='ltr'><strong>exitus</strong></span> <span class='ocrx_word' id='word_1_631' title='bbox 3391 504 3454 544; x_wconf 83' lang='lat' dir='ltr'><strong>ex</strong></span> <span class='ocrx_word' id='word_1_632' title='bbox 3489 506 3686 548; x_wconf 72' lang='lat' dir='ltr'><strong>nionu-</strong></span> 
     </span>
    </p>
   </div>
   <div class='ocr_carea' id='block_1_82' title="bbox 2094 558 3683 634">
    <p class='ocr_par' dir='ltr' id='par_1_82' title="bbox 2094 558 3683 634">
     <span class='ocr_line' id='line_1_82' title="bbox 2094 558 3683 634; baseline 0.01 -31"><span class='ocrx_word' id='word_1_633' title='bbox 2094 562 2274 632; x_wconf 86' lang='lat' dir='ltr'><strong>mento</strong></span> <span class='ocrx_word' id='word_1_634' title='bbox 2300 560 2843 634; x_wconf 43' lang='lat' dir='ltr'><strong>une-ntemmmnetn</strong></span> <span class='ocrx_word' id='word_1_635' title='bbox 2873 558 3205 634; x_wconf 66' lang='lat' dir='ltr'><strong>transcendit</strong></span> <span class='ocrx_word' id='word_1_636' title='bbox 3229 598 3260 623; x_wconf 92' lang='lat'><strong>,.</strong></span> <span class='ocrx_word' id='word_1_637' title='bbox 3293 560 3683 634; x_wconf 70' lang='lat' dir='ltr'><strong>ingressusqu</strong></span> 
     </span>
    </p>
   </div>
   <div class='ocr_carea' id='block_1_83' title="bbox 2091 620 3677 701">
    <p class='ocr_par' dir='ltr' id='par_1_83' title="bbox 2091 620 3677 701">
     <span class='ocr_line' id='line_1_83' title="bbox 2091 620 3677 701; baseline 0.011 -30"><span class='ocrx_word' id='word_1_638' title='bbox 2091 620 2316 701; x_wconf 44' lang='lat' dir='ltr'><strong>ejus.ad</strong></span> <span class='ocrx_word' id='word_1_639' title='bbox 2346 621 2661 701; x_wconf 59' lang='lat' dir='ltr'><strong>discipulos</strong></span> <span class='ocrx_word' id='word_1_640' title='bbox 2709 620 3521 701; x_wconf 57' lang='lat' dir='ltr'><strong>ineffabilia__ittenarrabiﬁsque</strong></span> <span class='ocrx_word' id='word_1_641' title='bbox 3568 620 3677 690; x_wconf 60' lang='lat' dir='ltr'><strong>e&#39;st.</strong></span> 
     </span>
    </p>
   </div>
   <div class='ocr_carea' id='block_1_84' title="bbox 2088 691 3678 772">
    <p class='ocr_par' dir='ltr' id='par_1_84' title="bbox 2088 691 3678 772">
     <span class='ocr_line' id='line_1_84' title="bbox 2088 691 3678 772; baseline 0.01 -29"><span class='ocrx_word' id='word_1_642' title='bbox 2088 691 2240 772; x_wconf 76' lang='lat' dir='ltr'><strong>Quod</strong></span> <span class='ocrx_word' id='word_1_643' title='bbox 2271 691 2483 761; x_wconf 87' lang='lat' dir='ltr'><strong>quidem</strong></span> <span class='ocrx_word' id='word_1_644' title='bbox 2513 693 2782 772; x_wconf 82' lang='lat' dir='ltr'><strong>ingressus</strong></span> <span class='ocrx_word' id='word_1_645' title='bbox 2807 695 2876 772; x_wconf 81' lang='lat' dir='ltr'><strong>sit</strong></span> <span class='ocrx_word' id='word_1_646' title='bbox 2899 695 2964 750; x_wconf 87' lang='lat' dir='ltr'><strong>ad</strong></span> <span class='ocrx_word' id='word_1_647' title='bbox 2990 697 3304 772; x_wconf 85' lang='lat' dir='ltr'><strong>discipulos,</strong></span> <span class='ocrx_word' id='word_1_648' title='bbox 3336 691 3678 772; x_wconf 65' lang='lat' dir='ltr'><strong>hoc&#39;quidem</strong></span> 
     </span>
    </p>
   </div>
   <div class='ocr_carea' id='block_1_85' title="bbox 2088 761 3672 834">
    <p class='ocr_par' dir='ltr' id='par_1_85' title="bbox 2088 761 3672 834">
     <span class='ocr_line' id='line_1_85' title="bbox 2088 761 3672 834; baseline 0.009 -21"><span class='ocrx_word' id='word_1_649' title='bbox 2088 761 2310 834; x_wconf 79' lang='lat' dir='ltr'><strong>edoctus</strong></span> <span class='ocrx_word' id='word_1_650' title='bbox 2337 777 2454 834; x_wconf 85' lang='lat' dir='ltr'><strong>sum</strong></span> <span class='ocrx_word' id='word_1_651' title='bbox 2480 779 2496 816; x_wconf 73' lang='grc' dir='ltr'>ι</span> <span class='ocrx_word' id='word_1_652' title='bbox 2522 761 2792 831; x_wconf 85' lang='lat' dir='ltr'><strong>quomodo</strong></span> <span class='ocrx_word' id='word_1_653' title='bbox 2813 766 3084 834; x_wconf 87' lang='lat' dir='ltr'><strong>ingressus</strong></span> <span class='ocrx_word' id='word_1_654' title='bbox 3104 761 3203 831; x_wconf 83' lang='lat' dir='ltr'><strong>sit,</strong></span> <span class='ocrx_word' id='word_1_655' title='bbox 3229 761 3463 825; x_wconf 87' lang='lat' dir='ltr'><strong>nondum</strong></span> <span class='ocrx_word' id='word_1_656' title='bbox 3475 761 3672 830; x_wconf 63' lang='lat' dir='ltr'><strong>&#39;didici.</strong></span> 
     </span>
    </p>
   </div>
   <div class='ocr_carea' id='block_1_86' title="bbox 2087 832 3675 914">
    <p class='ocr_par' dir='ltr' id='par_1_86' title="bbox 2087 832 3675 914">
     <span class='ocr_line' id='line_1_86' title="bbox 2087 832 3675 914; baseline 0.011 -31"><span class='ocrx_word' id='word_1_657' title='bbox 2087 832 2237 910; x_wconf 78' lang='lat' dir='ltr'><strong>Quod</strong></span> <span class='ocrx_word' id='word_1_658' title='bbox 2272 848 2374 885; x_wconf 88' lang='lat' dir='ltr'><strong>non</strong></span> <span class='ocrx_word' id='word_1_659' title='bbox 2408 833 2521 914; x_wconf 87' lang='lat' dir='ltr'><strong>ipse</strong></span> <span class='ocrx_word' id='word_1_660' title='bbox 2553 837 2793 914; x_wconf 55' lang='lat' dir='ltr'><strong>percepi,</strong></span> <span class='ocrx_word' id='word_1_661' title='bbox 2835 832 2934 891; x_wconf 77' lang='lat' dir='ltr'><strong>nec</strong></span> <span class='ocrx_word' id='word_1_662' title='bbox 2970 837 3151 893; x_wconf 88' lang='lat' dir='ltr'><strong>dicere</strong></span> <span class='ocrx_word' id='word_1_663' title='bbox 3179 840 3370 914; x_wconf 81' lang='lat' dir='ltr'><strong>audeo.</strong></span> <span class='ocrx_word' id='word_1_664' title='bbox 3406 841 3540 896; x_wconf 90' lang='lat' dir='ltr'><strong>Eum</strong></span> <span class='ocrx_word' id='word_1_665' title='bbox 3580 847 3675 914; x_wconf 87' lang='lat' dir='ltr'><strong>qui</strong></span> 
     </span>
    </p>
   </div>
   <div class='ocr_carea' id='block_1_87' title="bbox 2089 903 3676 974">
    <p class='ocr_par' dir='ltr' id='par_1_87' title="bbox 2089 903 3676 974">
     <span class='ocr_line' id='line_1_87' title="bbox 2089 903 3676 974; baseline 0.009 -20"><span class='ocrx_word' id='word_1_666' title='bbox 2089 903 2362 974; x_wconf 84' lang='lat' dir='ltr'><strong>ingressus</strong></span> <span class='ocrx_word' id='word_1_667' title='bbox 2385 913 2464 957; x_wconf 89' lang='lat' dir='ltr'><strong>est</strong></span> <span class='ocrx_word' id='word_1_668' title='bbox 2494 903 2745 974; x_wconf 88' lang='lat' dir='ltr'><strong>celebro,</strong></span> <span class='ocrx_word' id='word_1_669' title='bbox 2782 906 3054 974; x_wconf 82' lang='lat' dir='ltr'><strong>ingressas</strong></span> <span class='ocrx_word' id='word_1_670' title='bbox 3081 909 3296 963; x_wconf 88' lang='lat' dir='ltr'><strong>modum</strong></span> <span class='ocrx_word' id='word_1_671' title='bbox 3325 928 3432 965; x_wconf 91' lang='lat' dir='ltr'><strong>non</strong></span> <span class='ocrx_word' id='word_1_672' title='bbox 3456 903 3676 970; x_wconf 71' lang='lat' dir='ltr'><strong>curiose</strong></span> 
     </span>
    </p>
   </div>
   <div class='ocr_carea' id='block_1_88' title="bbox 2086 971 3675 1052">
    <p class='ocr_par' dir='ltr' id='par_1_88' title="bbox 2086 971 3675 1052">
     <span class='ocr_line' id='line_1_88' title="bbox 2086 971 3675 1052; baseline 0.009 -28"><span class='ocrx_word' id='word_1_673' title='bbox 2086 971 2300 1052; x_wconf 73' lang='lat' dir='ltr'><strong>inquiro</strong></span> <span class='ocrx_word' id='word_1_674' title='bbox 2332 992 2344 1026; x_wconf 91' lang='lat'><strong>:</strong></span> <span class='ocrx_word' id='word_1_675' title='bbox 2379 973 2616 1052; x_wconf 65' lang='lat' dir='ltr'><strong>praedico</strong></span> <span class='ocrx_word' id='word_1_676' title='bbox 2640 971 2951 1052; x_wconf 82' lang='lat' dir='ltr'><strong>mysterium</strong></span> <span class='ocrx_word' id='word_1_677' title='bbox 2972 1018 2986 1040; x_wconf 90' lang='lat'><strong>,</strong></span> <span class='ocrx_word' id='word_1_678' title='bbox 3031 994 3133 1052; x_wconf 83' lang='lat' dir='ltr'><strong>nec</strong></span> <span class='ocrx_word' id='word_1_679' title='bbox 3166 980 3376 1052; x_wconf 82' lang='lat' dir='ltr'><strong>explico</strong></span> <span class='ocrx_word' id='word_1_680' title='bbox 3407 983 3545 1052; x_wconf 89' lang='lat' dir='ltr'><strong>quod</strong></span> <span class='ocrx_word' id='word_1_681' title='bbox 3577 1000 3675 1039; x_wconf 83' lang='lat' dir='ltr'><strong>ex-</strong></span> 
     </span>
    </p>
   </div>
   <div class='ocr_carea' id='block_1_89' title="bbox 2087 1042 3672 1122">
    <p class='ocr_par' dir='ltr' id='par_1_89' title="bbox 2087 1042 3672 1122">
     <span class='ocr_line' id='line_1_89' title="bbox 2087 1042 3672 1122; baseline 0.013 -32"><span class='ocrx_word' id='word_1_682' title='bbox 2087 1042 2268 1122; x_wconf 73' lang='lat' dir='ltr'><strong>plicari</strong></span> <span class='ocrx_word' id='word_1_683' title='bbox 2316 1044 2491 1122; x_wconf 77' lang='lat' dir='ltr'><strong>nequit</strong></span> <span class='ocrx_word' id='word_1_684' title='bbox 2528 1063 2541 1098; x_wconf 91' lang='lat'>:</span> <span class='ocrx_word' id='word_1_685' title='bbox 2574 1042 2780 1114; x_wconf 75' lang='lat' dir='ltr'><strong>signum</strong></span> <span class='ocrx_word' id='word_1_686' title='bbox 2827 1045 3027 1122; x_wconf 80' lang='lat' dir='ltr'><strong>editum</strong></span> <span class='ocrx_word' id='word_1_687' title='bbox 3071 1042 3346 1122; x_wconf 77' lang='lat' dir='ltr'><strong>admiror,</strong></span> <span class='ocrx_word' id='word_1_688' title='bbox 3395 1042 3672 1122; x_wconf 71' lang='lat' dir='ltr'><strong>quomodo</strong></span> 
     </span>
    </p>
   </div>
   <div class='ocr_carea' id='block_1_90' title="bbox 2087 1111 3668 1191">
    <p class='ocr_par' dir='ltr' id='par_1_90' title="bbox 2087 1111 3668 1191">
     <span class='ocr_line' id='line_1_90' title="bbox 2087 1111 3668 1191; baseline 0.009 -28"><span class='ocrx_word' id='word_1_689' title='bbox 2087 1111 2280 1166; x_wconf 79' lang='lat' dir='ltr'><strong>factum</strong></span> <span class='ocrx_word' id='word_1_690' title='bbox 2310 1111 2416 1191; x_wconf 33' lang='lat' dir='ltr'><strong>_sit’</strong></span> <span class='ocrx_word' id='word_1_691' title='bbox 2435 1111 2766 1191; x_wconf 55' lang='lat' dir='ltr'><strong>nouauit-ro</strong></span> <span class='ocrx_word' id='word_1_692' title='bbox 2798 1139 2810 1170; x_wconf 87' lang='lat'><strong>:</strong></span> <span class='ocrx_word' id='word_1_693' title='bbox 2843 1115 2912 1191; x_wconf 81' lang='lat' dir='ltr'><strong>iis</strong></span> <span class='ocrx_word' id='word_1_694' title='bbox 2933 1132 3051 1185; x_wconf 79' lang='lat' dir='ltr'><strong>qua:</strong></span> <span class='ocrx_word' id='word_1_695' title='bbox 3081 1120 3280 1188; x_wconf 88' lang='lat' dir='ltr'><strong>scripta</strong></span> <span class='ocrx_word' id='word_1_696' title='bbox 3308 1111 3430 1175; x_wconf 81' lang='lat' dir='ltr'><strong>suni</strong></span> <span class='ocrx_word' id='word_1_697' title='bbox 3456 1125 3622 1178; x_wconf 90' lang='lat' dir='ltr'><strong>credo</strong></span> <span class='ocrx_word' id='word_1_698' title='bbox 3651 1166 3668 1191; x_wconf 93' lang='lat'><strong>,</strong></span> 
     </span>
    </p>
   </div>
   <div class='ocr_carea' id='block_1_91' title="bbox 2084 1184 3671 1260">
    <p class='ocr_par' dir='ltr' id='par_1_91' title="bbox 2084 1184 3671 1260">
     <span class='ocr_line' id='line_1_91' title="bbox 2084 1184 3671 1260; baseline 0.009 -25"><span class='ocrx_word' id='word_1_699' title='bbox 2084 1197 2180 1260; x_wconf 77' lang='lat' dir='ltr'><strong>nec</strong></span> <span class='ocrx_word' id='word_1_700' title='bbox 2209 1184 2419 1236; x_wconf 86' lang='lat' dir='ltr'><strong>curiose</strong></span> <span class='ocrx_word' id='word_1_701' title='bbox 2446 1185 2707 1260; x_wconf 68' lang='lat' dir='ltr'><strong>exploro,</strong></span> <span class='ocrx_word' id='word_1_702' title='bbox 2737 1196 2790 1239; x_wconf 89' lang='lat' dir='ltr'><strong>et</strong></span> <span class='ocrx_word' id='word_1_703' title='bbox 2835 1184 3059 1260; x_wconf 74' lang='lat' dir='ltr'><strong>salutem</strong></span> <span class='ocrx_word' id='word_1_704' title='bbox 3088 1184 3408 1260; x_wconf 76' lang='lat' dir='ltr'><strong>consequor.</strong></span> <span class='ocrx_word' id='word_1_705' title='bbox 3441 1184 3671 1249; x_wconf 78' lang='lat' dir='ltr'><strong>Auditor</strong></span> 
     </span>
    </p>
   </div>
   <div class='ocr_carea' id='block_1_92' title="bbox 2081 1253 3668 1323">
    <p class='ocr_par' dir='ltr' id='par_1_92' title="bbox 2081 1253 3668 1323">
     <span class='ocr_line' id='line_1_92' title="bbox 2081 1253 3668 1323; baseline 0.011 -21"><span class='ocrx_word' id='word_1_706' title='bbox 2081 1253 2277 1322; x_wconf 87' lang='lat' dir='ltr'><strong>quippe</strong></span> <span class='ocrx_word' id='word_1_707' title='bbox 2321 1270 2437 1308; x_wconf 91' lang='lat' dir='ltr'><strong>sum</strong></span> <span class='ocrx_word' id='word_1_708' title='bbox 2478 1255 2854 1309; x_wconf 82' lang='lat' dir='ltr'><strong>miraculorum</strong></span> <span class='ocrx_word' id='word_1_709' title='bbox 2885 1257 3114 1323; x_wconf 88' lang='lat' dir='ltr'><strong>Domini,</strong></span> <span class='ocrx_word' id='word_1_710' title='bbox 3149 1253 3469 1317; x_wconf 49' lang='lat' dir='ltr'><strong>notuaulem</strong></span> <span class='ocrx_word' id='word_1_711' title='bbox 3500 1265 3552 1317; x_wconf 90' lang='lat' dir='ltr'><strong>in</strong></span> <span class='ocrx_word' id='word_1_712' title='bbox 3579 1265 3668 1318; x_wconf 79' lang='lat' dir='ltr'><strong>di-</strong></span> 
     </span>
    </p>
   </div>
   <div class='ocr_carea' id='block_1_93' title="bbox 2081 1323 3665 1402">
    <p class='ocr_par' dir='ltr' id='par_1_93' title="bbox 2081 1323 3665 1402">
     <span class='ocr_line' id='line_1_93' title="bbox 2081 1323 3665 1402; baseline 0.009 -28"><span class='ocrx_word' id='word_1_713' title='bbox 2081 1323 2219 1402; x_wconf 70' lang='lat' dir='ltr'><strong>vinis</strong></span> <span class='ocrx_word' id='word_1_714' title='bbox 2272 1324 2376 1377; x_wconf 94' lang='lat' dir='ltr'><strong>illis</strong></span> <span class='ocrx_word' id='word_1_715' title='bbox 2422 1325 2821 1402; x_wconf 74' lang='lat' dir='ltr'><strong>operationibus</strong></span> <span class='ocrx_word' id='word_1_716' title='bbox 2871 1340 3114 1402; x_wconf 72' lang='lat' dir='ltr'><strong>versatus</strong></span> <span class='ocrx_word' id='word_1_717' title='bbox 3160 1346 3300 1383; x_wconf 89' lang='lat' dir='ltr'><strong>sum.</strong></span> <span class='ocrx_word' id='word_1_718' title='bbox 3348 1333 3412 1387; x_wconf 77' lang='lat' dir='ltr'><strong>Et</strong></span> <span class='ocrx_word' id='word_1_719' title='bbox 3455 1334 3498 1387; x_wconf 91' lang='lat' dir='ltr'><strong>si</strong></span> <span class='ocrx_word' id='word_1_720' title='bbox 3544 1336 3665 1402; x_wconf 84' lang='lat' dir='ltr'><strong>quis</strong></span> 
     </span>
    </p>
   </div>
   <div class='ocr_carea' id='block_1_94' title="bbox 2079 1391 3666 1466">
    <p class='ocr_par' dir='ltr' id='par_1_94' title="bbox 2079 1391 3666 1466">
     <span class='ocr_line' id='line_1_94' title="bbox 2079 1391 3666 1466; baseline 0.009 -21"><span class='ocrx_word' id='word_1_721' title='bbox 2079 1391 2383 1466; x_wconf 65' lang='lat' dir='ltr'><strong>Judmorum</strong></span> <span class='ocrx_word' id='word_1_722' title='bbox 2432 1391 2626 1448; x_wconf 75' lang='lat' dir='ltr'><strong>dixerit</strong></span> <span class='ocrx_word' id='word_1_723' title='bbox 2673 1397 2800 1449; x_wconf 91' lang='lat' dir='ltr'><strong>mihi</strong></span> <span class='ocrx_word' id='word_1_724' title='bbox 2845 1413 2858 1448; x_wconf 89' lang='lat'><strong>:</strong></span> <span class='ocrx_word' id='word_1_725' title='bbox 2905 1397 3011 1452; x_wconf 83' lang='lat' dir='ltr'><strong>Res</strong></span> <span class='ocrx_word' id='word_1_726' title='bbox 3058 1415 3274 1466; x_wconf 86' lang='lat' dir='ltr'><strong>prorsus</strong></span> <span class='ocrx_word' id='word_1_727' title='bbox 3323 1391 3666 1460; x_wconf 80' lang='lat' dir='ltr'><strong>incredibiles</strong></span> 
     </span>
    </p>
   </div>
   <div class='ocr_carea' id='block_1_95' title="bbox 2082 1465 3664 1539">
    <p class='ocr_par' dir='ltr' id='par_1_95' title="bbox 2082 1465 3664 1539">
     <span class='ocr_line' id='line_1_95' title="bbox 2082 1465 3664 1539; baseline 0.009 -23"><span class='ocrx_word' id='word_1_728' title='bbox 2082 1465 2338 1539; x_wconf 70' lang='lat' dir='ltr'><strong>prmdicns</strong></span> <span class='ocrx_word' id='word_1_729' title='bbox 2367 1474 2421 1539; x_wconf 81' lang='lat' dir='ltr'><strong>et</strong></span> <span class='ocrx_word' id='word_1_730' title='bbox 2466 1465 2860 1539; x_wconf 79' lang='lat' dir='ltr'><strong>impossibiles;</strong></span> <span class='ocrx_word' id='word_1_731' title='bbox 2889 1465 3157 1539; x_wconf 82' lang='lat' dir='ltr'><strong>quonme</strong></span> <span class='ocrx_word' id='word_1_732' title='bbox 3203 1473 3373 1538; x_wconf 88' lang='lat' dir='ltr'><strong>potuit</strong></span> <span class='ocrx_word' id='word_1_733' title='bbox 3419 1477 3664 1539; x_wconf 81' lang='lat' dir='ltr'><strong>corporis</strong></span> 
     </span>
    </p>
   </div>
   <div class='ocr_carea' id='block_1_96' title="bbox 2080 1535 3661 1609">
    <p class='ocr_par' dir='ltr' id='par_1_96' title="bbox 2080 1535 3661 1609">
     <span class='ocr_line' id='line_1_96' title="bbox 2080 1535 3661 1609; baseline 0.007 -23"><span class='ocrx_word' id='word_1_734' title='bbox 2080 1536 2250 1609; x_wconf 82' lang='lat' dir='ltr'><strong>moles</strong></span> <span class='ocrx_word' id='word_1_735' title='bbox 2271 1535 2447 1609; x_wconf 84' lang='lat' dir='ltr'><strong>jauuis</strong></span> <span class='ocrx_word' id='word_1_736' title='bbox 2473 1535 2667 1609; x_wconf 73' lang='lat' dir='ltr'><strong>clausis</strong></span> <span class='ocrx_word' id='word_1_737' title='bbox 2689 1535 2930 1590; x_wconf 84' lang='lat' dir='ltr'><strong>intrare?</strong></span> <span class='ocrx_word' id='word_1_738' title='bbox 2959 1539 3131 1592; x_wconf 88' lang='lat' dir='ltr'><strong>dicam</strong></span> <span class='ocrx_word' id='word_1_739' title='bbox 3157 1535 3217 1593; x_wconf 72' lang='lat' dir='ltr'><strong>et</strong></span> <span class='ocrx_word' id='word_1_740' title='bbox 3237 1555 3338 1609; x_wconf 86' lang='lat' dir='ltr'><strong>ego</strong></span> <span class='ocrx_word' id='word_1_741' title='bbox 3365 1541 3440 1596; x_wconf 88' lang='lat' dir='ltr'><strong>illi</strong></span> <span class='ocrx_word' id='word_1_742' title='bbox 3469 1561 3482 1597; x_wconf 89' lang='lat'><strong>:</strong></span> <span class='ocrx_word' id='word_1_743' title='bbox 3506 1535 3661 1609; x_wconf 80' lang='lat' dir='ltr'><strong>Quo-</strong></span> 
     </span>
    </p>
   </div>
   <div class='ocr_carea' id='block_1_97' title="bbox 2081 1607 3658 1676">
    <p class='ocr_par' dir='ltr' id='par_1_97' title="bbox 2081 1607 3658 1676">
     <span class='ocr_line' id='line_1_97' title="bbox 2081 1607 3658 1676; baseline 0.01 -23"><span class='ocrx_word' id='word_1_744' title='bbox 2081 1607 2240 1676; x_wconf 82' lang='lat' dir='ltr'><strong>modo</strong></span> <span class='ocrx_word' id='word_1_745' title='bbox 2272 1607 2441 1674; x_wconf 90' lang='lat' dir='ltr'><strong>potuit</strong></span> <span class='ocrx_word' id='word_1_746' title='bbox 2472 1607 2806 1660; x_wconf 87' lang='lat' dir='ltr'><strong>Habacueum</strong></span> <span class='ocrx_word' id='word_1_747' title='bbox 2837 1609 3057 1676; x_wconf 84' lang='lat' dir='ltr'><strong>angelus</strong></span> <span class='ocrx_word' id='word_1_748' title='bbox 3085 1607 3354 1670; x_wconf 68' lang='lat' dir='ltr'><strong>deducere</strong></span> <span class='ocrx_word' id='word_1_749' title='bbox 3398 1613 3447 1666; x_wconf 93' lang='lat' dir='ltr'><strong>in</strong></span> <span class='ocrx_word' id='word_1_750' title='bbox 3484 1607 3658 1670; x_wconf 77' lang='lat' dir='ltr'><strong>lacum</strong></span> 
     </span>
    </p>
   </div>
   <div class='ocr_carea' id='block_1_98' title="bbox 2079 1673 3658 1752">
    <p class='ocr_par' dir='ltr' id='par_1_98' title="bbox 2079 1673 3658 1752">
     <span class='ocr_line' id='line_1_98' title="bbox 2079 1673 3658 1752; baseline 0.008 -26"><span class='ocrx_word' id='word_1_751' title='bbox 2079 1673 2370 1752; x_wconf 78' lang='lat' dir='ltr'><strong>leonnm,et</strong></span> <span class='ocrx_word' id='word_1_752' title='bbox 2390 1690 2596 1729; x_wconf 88' lang='lat' dir='ltr'><strong>rursum</strong></span> <span class='ocrx_word' id='word_1_753' title='bbox 2611 1676 2744 1752; x_wconf 80' lang='lat' dir='ltr'><strong>inde</strong></span> <span class='ocrx_word' id='word_1_754' title='bbox 2762 1673 3036 1752; x_wconf 46' lang='lat' dir='ltr'><strong>reducere,</strong></span> <span class='ocrx_word' id='word_1_755' title='bbox 3059 1689 3114 1752; x_wconf 87' lang='lat' dir='ltr'><strong>et</strong></span> <span class='ocrx_word' id='word_1_756' title='bbox 3133 1682 3372 1752; x_wconf 87' lang='lat' dir='ltr'><strong>apposita</strong></span> <span class='ocrx_word' id='word_1_757' title='bbox 3391 1683 3658 1752; x_wconf 84' lang='lat' dir='ltr'><strong>signacula</strong></span> 
     </span>
    </p>
   </div>
   <div class='ocr_carea' id='block_1_99' title="bbox 2075 1745 3659 1823">
    <p class='ocr_par' dir='ltr' id='par_1_99' title="bbox 2075 1745 3659 1823">
     <span class='ocr_line' id='line_1_99' title="bbox 2075 1745 3659 1823; baseline 0.007 -26"><span class='ocrx_word' id='word_1_758' title='bbox 2075 1745 2220 1823; x_wconf 77' lang='lat' dir='ltr'><strong>saiva</strong></span> <span class='ocrx_word' id='word_1_759' title='bbox 2250 1755 2304 1800; x_wconf 92' lang='lat' dir='ltr'><strong>et</strong></span> <span class='ocrx_word' id='word_1_760' title='bbox 2306 1748 2523 1823; x_wconf 57' lang='lat' dir='ltr'><strong>integra</strong></span> <span class='ocrx_word' id='word_1_761' title='bbox 2549 1747 2847 1823; x_wconf 67' lang='lat' dir='ltr'><strong>relinquere</strong></span> <span class='ocrx_word' id='word_1_762' title='bbox 2874 1747 3034 1818; x_wconf 88' lang='lat' dir='ltr'><strong>(Dan.</strong></span> <span class='ocrx_word' id='word_1_763' title='bbox 3065 1745 3266 1823; x_wconf 39' lang='lat'><strong>6,52)?</strong></span> <span class='ocrx_word' id='word_1_764' title='bbox 3293 1745 3491 1823; x_wconf 74' lang='lat' dir='ltr'><strong>Servus</strong></span> <span class='ocrx_word' id='word_1_765' title='bbox 3513 1755 3659 1823; x_wconf 88' lang='lat' dir='ltr'><strong>quod</strong></span> 
     </span>
    </p>
   </div>
   <div class='ocr_carea' id='block_1_100' title="bbox 2076 1816 3657 1892">
    <p class='ocr_par' dir='ltr' id='par_1_100' title="bbox 2076 1816 3657 1892">
     <span class='ocr_line' id='line_1_100' title="bbox 2076 1816 3657 1892; baseline 0.008 -26"><span class='ocrx_word' id='word_1_766' title='bbox 2076 1816 2243 1892; x_wconf 55' lang='lat' dir='ltr'><strong>voluit</strong></span> <span class='ocrx_word' id='word_1_767' title='bbox 2266 1817 2460 1892; x_wconf 58' lang='lat' dir='ltr'><strong>ell‘ecit,</strong></span> <span class='ocrx_word' id='word_1_768' title='bbox 2487 1827 2542 1870; x_wconf 82' lang='lat' dir='ltr'><strong>et</strong></span> <span class='ocrx_word' id='word_1_769' title='bbox 2568 1817 2826 1892; x_wconf 76' lang='lat' dir='ltr'><strong>Dominus</strong></span> <span class='ocrx_word' id='word_1_770' title='bbox 2857 1816 3179 1892; x_wconf 71' lang='lat' dir='ltr'><strong>nonpotuil,</strong></span> <span class='ocrx_word' id='word_1_771' title='bbox 3215 1816 3270 1874; x_wconf 83' lang='lat' dir='ltr'><strong>ut</strong></span> <span class='ocrx_word' id='word_1_772' title='bbox 3298 1822 3398 1892; x_wconf 82' lang='lat' dir='ltr'><strong>sibi</strong></span> <span class='ocrx_word' id='word_1_773' title='bbox 3423 1816 3657 1892; x_wconf 44' lang='lat' dir='ltr'><strong>plac-uit?</strong></span> 
     </span>
    </p>
   </div>
   <div class='ocr_carea' id='block_1_101' title="bbox 2073 1885 3654 1956">
    <p class='ocr_par' dir='ltr' id='par_1_101' title="bbox 2073 1885 3654 1956">
     <span class='ocr_line' id='line_1_101' title="bbox 2073 1885 3654 1956; baseline 0.006 -17"><span class='ocrx_word' id='word_1_774' title='bbox 2073 1885 2529 1956; x_wconf 82' lang='lat' dir='ltr'><strong>Quemadmodum</strong></span> <span class='ocrx_word' id='word_1_775' title='bbox 2574 1903 2701 1956; x_wconf 86' lang='lat' dir='ltr'><strong>ergo</strong></span> <span class='ocrx_word' id='word_1_776' title='bbox 2744 1887 2870 1941; x_wconf 89' lang='lat' dir='ltr'><strong>illud</strong></span> <span class='ocrx_word' id='word_1_777' title='bbox 2902 1885 3113 1945; x_wconf 80' lang='lat' dir='ltr'><strong>volettte</strong></span> <span class='ocrx_word' id='word_1_778' title='bbox 3159 1892 3268 1945; x_wconf 89' lang='lat' dir='ltr'><strong>Deo</strong></span> <span class='ocrx_word' id='word_1_779' title='bbox 3304 1885 3501 1946; x_wconf 75' lang='lat' dir='ltr'><strong>factum</strong></span> <span class='ocrx_word' id='word_1_780' title='bbox 3551 1906 3654 1955; x_wconf 86' lang='lat' dir='ltr'><strong>est,</strong></span> 
     </span>
    </p>
   </div>
   <div class='ocr_carea' id='block_1_102' title="bbox 2073 1955 3653 2029">
    <p class='ocr_par' dir='ltr' id='par_1_102' title="bbox 2073 1955 3653 2029">
     <span class='ocr_line' id='line_1_102' title="bbox 2073 1955 3653 2029; baseline 0.006 -21"><span class='ocrx_word' id='word_1_781' title='bbox 2073 1955 2144 2010; x_wconf 90' lang='lat' dir='ltr'><strong>ita</strong></span> <span class='ocrx_word' id='word_1_782' title='bbox 2179 1968 2245 2029; x_wconf 27' lang='lat' dir='ltr'><strong>Aet</strong></span> <span class='ocrx_word' id='word_1_783' title='bbox 2290 1957 2390 2012; x_wconf 89' lang='lat' dir='ltr'><strong>hoc</strong></span> <span class='ocrx_word' id='word_1_784' title='bbox 2407 1957 2630 2029; x_wconf 66' lang='lat' dir='ltr'><strong>volente</strong></span> <span class='ocrx_word' id='word_1_785' title='bbox 2645 1955 2766 2012; x_wconf 88' lang='lat' dir='ltr'><strong>Deo</strong></span> <span class='ocrx_word' id='word_1_786' title='bbox 2795 1957 2970 2012; x_wconf 91' lang='lat' dir='ltr'><strong>Verbo</strong></span> <span class='ocrx_word' id='word_1_787' title='bbox 2993 2000 3006 2020; x_wconf 90' lang='lat'><strong>,</strong></span> <span class='ocrx_word' id='word_1_788' title='bbox 3037 1961 3125 2028; x_wconf 91' lang='lat' dir='ltr'><strong>qui</strong></span> <span class='ocrx_word' id='word_1_789' title='bbox 3155 1959 3316 2015; x_wconf 87' lang='lat' dir='ltr'><strong>homo</strong></span> <span class='ocrx_word' id='word_1_790' title='bbox 3342 1963 3510 2016; x_wconf 83' lang='lat' dir='ltr'><strong>factus</strong></span> <span class='ocrx_word' id='word_1_791' title='bbox 3530 1975 3612 2018; x_wconf 86' lang='lat' dir='ltr'><strong>est</strong></span> <span class='ocrx_word' id='word_1_792' title='bbox 3638 2005 3653 2029; x_wconf 90' lang='lat'><strong>,</strong></span> 
     </span>
    </p>
   </div>
   <div class='ocr_carea' id='block_1_103' title="bbox 2074 2025 3656 2101">
    <p class='ocr_par' dir='ltr' id='par_1_103' title="bbox 2074 2025 3656 2101">
     <span class='ocr_line' id='line_1_103' title="bbox 2074 2025 3656 2101; baseline 0.005 -21"><span class='ocrx_word' id='word_1_793' title='bbox 2074 2025 2364 2101; x_wconf 70' lang='lat' dir='ltr'><strong>perfectum</strong></span> <span class='ocrx_word' id='word_1_794' title='bbox 2399 2027 2529 2101; x_wconf 69' lang='lat' dir='ltr'><strong>fuit._</strong></span> <span class='ocrx_word' id='word_1_795' title='bbox 2549 2026 2824 2101; x_wconf 72' lang='lat' dir='ltr'><strong>ingressus</strong></span> <span class='ocrx_word' id='word_1_796' title='bbox 2857 2040 2939 2083; x_wconf 90' lang='lat' dir='ltr'><strong>est</strong></span> <span class='ocrx_word' id='word_1_797' title='bbox 2967 2025 3092 2098; x_wconf 82' lang='lat' dir='ltr'><strong>ergo</strong></span> <span class='ocrx_word' id='word_1_798' title='bbox 3121 2031 3187 2085; x_wconf 91' lang='lat' dir='ltr'><strong>ad</strong></span> <span class='ocrx_word' id='word_1_799' title='bbox 3213 2031 3503 2101; x_wconf 88' lang='lat' dir='ltr'><strong>discipulos</strong></span> <span class='ocrx_word' id='word_1_800' title='bbox 3528 2025 3656 2089; x_wconf 84' lang='lat' dir='ltr'><strong>suos</strong></span> 
     </span>
    </p>
   </div>
   <div class='ocr_carea' id='block_1_104' title="bbox 2071 2095 3657 2166">
    <p class='ocr_par' dir='ltr' id='par_1_104' title="bbox 2071 2095 3657 2166">
     <span class='ocr_line' id='line_1_104' title="bbox 2071 2095 3657 2166; baseline 0.004 -16"><span class='ocrx_word' id='word_1_801' title='bbox 2071 2095 2349 2158; x_wconf 84' lang='lat' dir='ltr'><strong>Servatur,</strong></span> <span class='ocrx_word' id='word_1_802' title='bbox 2384 2106 2443 2151; x_wconf 91' lang='lat' dir='ltr'><strong>ut</strong></span> <span class='ocrx_word' id='word_1_803' title='bbox 2467 2098 2567 2151; x_wconf 84' lang='lat' dir='ltr'><strong>sibi</strong></span> <span class='ocrx_word' id='word_1_804' title='bbox 2601 2095 2818 2166; x_wconf 90' lang='lat' dir='ltr'><strong>placuit,</strong></span> <span class='ocrx_word' id='word_1_805' title='bbox 2851 2108 2904 2153; x_wconf 93' lang='lat' dir='ltr'><strong>et</strong></span> <span class='ocrx_word' id='word_1_806' title='bbox 2927 2095 3072 2154; x_wconf 76' lang='lat' dir='ltr'><strong>stetit</strong></span> <span class='ocrx_word' id='word_1_807' title='bbox 3103 2101 3153 2154; x_wconf 91' lang='lat' dir='ltr'><strong>iu</strong></span> <span class='ocrx_word' id='word_1_808' title='bbox 3183 2095 3382 2166; x_wconf 81' lang='lat' dir='ltr'><strong>medio,</strong></span> <span class='ocrx_word' id='word_1_809' title='bbox 3407 2112 3463 2157; x_wconf 91' lang='lat' dir='ltr'><strong>ut</strong></span> <span class='ocrx_word' id='word_1_810' title='bbox 3481 2106 3657 2157; x_wconf 82' lang='lat' dir='ltr'><strong>omni-</strong></span> 
     </span>
    </p>
   </div>
   <div class='ocr_carea' id='block_1_105' title="bbox 2069 2166 3655 2237">
    <p class='ocr_par' dir='ltr' id='par_1_105' title="bbox 2069 2166 3655 2237">
     <span class='ocr_line' id='line_1_105' title="bbox 2069 2166 3655 2237; baseline 0.004 -16"><span class='ocrx_word' id='word_1_811' title='bbox 2069 2166 2168 2237; x_wconf 85' lang='lat' dir='ltr'><strong>bus</strong></span> <span class='ocrx_word' id='word_1_812' title='bbox 2215 2169 2326 2237; x_wconf 89' lang='lat' dir='ltr'><strong>pari</strong></span> <span class='ocrx_word' id='word_1_813' title='bbox 2377 2167 2536 2222; x_wconf 90' lang='lat' dir='ltr'><strong>modo</strong></span> <span class='ocrx_word' id='word_1_814' title='bbox 2582 2177 2884 2236; x_wconf 84' lang='lat' dir='ltr'><strong>appareret,</strong></span> <span class='ocrx_word' id='word_1_815' title='bbox 2930 2177 2984 2223; x_wconf 89' lang='lat' dir='ltr'><strong>et</strong></span> <span class='ocrx_word' id='word_1_816' title='bbox 3027 2169 3162 2226; x_wconf 76' lang='lat' dir='ltr'><strong>dixit</strong></span> <span class='ocrx_word' id='word_1_817' title='bbox 3200 2173 3324 2226; x_wconf 87' lang='lat' dir='ltr'><strong>eis:</strong></span> <span class='ocrx_word' id='word_1_818' title='bbox 3359 2171 3475 2229; x_wconf 77' lang='lat' dir='ltr'><strong>Paa:</strong></span> <span class='ocrx_word' id='word_1_819' title='bbox 3514 2174 3655 2228; x_wconf 77' lang='lat' dir='ltr'><strong>vobis</strong></span> 
     </span>
    </p>
   </div>
   <div class='ocr_carea' id='block_1_106' title="bbox 2073 2236 3650 2310">
    <p class='ocr_par' dir='ltr' id='par_1_106' title="bbox 2073 2236 3650 2310">
     <span class='ocr_line' id='line_1_106' title="bbox 2073 2236 3650 2310; baseline 0.006 -20"><span class='ocrx_word' id='word_1_820' title='bbox 2073 2236 2250 2310; x_wconf 76' lang='lat' dir='ltr'><strong>(Joan.</strong></span> <span class='ocrx_word' id='word_1_821' title='bbox 2278 2237 2366 2293; x_wconf 69' lang='lat'><strong>20.</strong></span> <span class='ocrx_word' id='word_1_822' title='bbox 2396 2237 2655 2310; x_wconf 71' lang='lat' dir='ltr'><strong>26)._Pax_</strong></span> <span class='ocrx_word' id='word_1_823' title='bbox 2689 2238 2832 2310; x_wconf 83' lang='lat' dir='ltr'><strong>enim</strong></span> <span class='ocrx_word' id='word_1_824' title='bbox 2872 2253 3013 2303; x_wconf 89' lang='lat' dir='ltr'><strong>sum,</strong></span> <span class='ocrx_word' id='word_1_825' title='bbox 3058 2250 3112 2294; x_wconf 83' lang='lat' dir='ltr'><strong>et</strong></span> <span class='ocrx_word' id='word_1_826' title='bbox 3155 2256 3338 2310; x_wconf 82' lang='lat' dir='ltr'><strong>pacem</strong></span> <span class='ocrx_word' id='word_1_827' title='bbox 3377 2242 3448 2298; x_wconf 88' lang='lat' dir='ltr'><strong>do</strong></span> <span class='ocrx_word' id='word_1_828' title='bbox 3477 2244 3650 2300; x_wconf 91' lang='lat' dir='ltr'><strong>vobis.</strong></span> 
     </span>
    </p>
   </div>
   <div class='ocr_carea' id='block_1_107' title="bbox 2067 2307 3652 2380">
    <p class='ocr_par' dir='ltr' id='par_1_107' title="bbox 2067 2307 3652 2380">
     <span class='ocr_line' id='line_1_107' title="bbox 2067 2307 3652 2380; baseline 0.004 -19"><span class='ocrx_word' id='word_1_829' title='bbox 2067 2309 2219 2380; x_wconf 77' lang='lat' dir='ltr'><strong>Quod</strong></span> <span class='ocrx_word' id='word_1_830' title='bbox 2260 2323 2398 2372; x_wconf 90' lang='lat' dir='ltr'><strong>sum,</strong></span> <span class='ocrx_word' id='word_1_831' title='bbox 2430 2309 2480 2361; x_wconf 89' lang='lat' dir='ltr'><strong>id</strong></span> <span class='ocrx_word' id='word_1_832' title='bbox 2508 2308 2598 2362; x_wconf 93' lang='lat' dir='ltr'><strong>do.</strong></span> <span class='ocrx_word' id='word_1_833' title='bbox 2624 2308 2735 2380; x_wconf 81' lang='lat' dir='ltr'><strong>Pax</strong></span> <span class='ocrx_word' id='word_1_834' title='bbox 2764 2307 2877 2380; x_wconf 64' lang='lat' dir='ltr'><strong>haec</strong></span> <span class='ocrx_word' id='word_1_835' title='bbox 2907 2325 3095 2365; x_wconf 91' lang='lat' dir='ltr'><strong>omnes</strong></span> <span class='ocrx_word' id='word_1_836' title='bbox 3122 2307 3366 2367; x_wconf 80' lang='lat' dir='ltr'><strong>inimicos</strong></span> <span class='ocrx_word' id='word_1_837' title='bbox 3399 2314 3652 2380; x_wconf 79' lang='lat' dir='ltr'><strong>subjiciat</strong></span> 
     </span>
    </p>
   </div>
   <div class='ocr_carea' id='block_1_108' title="bbox 2066 2378 3654 2450">
    <p class='ocr_par' dir='ltr' id='par_1_108' title="bbox 2066 2378 3654 2450">
     <span class='ocr_line' id='line_1_108' title="bbox 2066 2378 3654 2450; baseline 0.004 -19"><span class='ocrx_word' id='word_1_838' title='bbox 2066 2379 2166 2432; x_wconf 87' lang='lat' dir='ltr'><strong>sub</strong></span> <span class='ocrx_word' id='word_1_839' title='bbox 2211 2380 2432 2446; x_wconf 86' lang='lat' dir='ltr'><strong>pedibus</strong></span> <span class='ocrx_word' id='word_1_840' title='bbox 2474 2378 2665 2450; x_wconf 82' lang='lat' dir='ltr'><strong>vestris</strong></span> <span class='ocrx_word' id='word_1_841' title='bbox 2695 2396 2707 2431; x_wconf 90' lang='lat'>:</span> <span class='ocrx_word' id='word_1_842' title='bbox 2737 2394 2834 2450; x_wconf 86' lang='lat' dir='ltr'><strong>pax</strong></span> <span class='ocrx_word' id='word_1_843' title='bbox 2867 2379 2982 2433; x_wconf 62' lang='lat' dir='ltr'><strong>haec</strong></span> <span class='ocrx_word' id='word_1_844' title='bbox 3023 2397 3212 2436; x_wconf 80' lang='lat' dir='ltr'><strong>omnes</strong></span> <span class='ocrx_word' id='word_1_845' title='bbox 3242 2378 3567 2450; x_wconf 82' lang='lat' dir='ltr'><strong>principatus</strong></span> <span class='ocrx_word' id='word_1_846' title='bbox 3596 2395 3654 2438; x_wconf 91' lang='lat' dir='ltr'><strong>ct</strong></span> 
     </span>
    </p>
   </div>
   <div class='ocr_carea' id='block_1_109' title="bbox 2066 2449 3649 2522">
    <p class='ocr_par' dir='ltr' id='par_1_109' title="bbox 2066 2449 3649 2522">
     <span class='ocr_line' id='line_1_109' title="bbox 2066 2449 3649 2522; baseline 0.004 -21"><span class='ocrx_word' id='word_1_847' title='bbox 2066 2459 2360 2522; x_wconf 88' lang='lat' dir='ltr'><strong>potestates</strong></span> <span class='ocrx_word' id='word_1_848' title='bbox 2412 2449 2653 2504; x_wconf 88' lang='lat' dir='ltr'><strong>subditas</strong></span> <span class='ocrx_word' id='word_1_849' title='bbox 2698 2449 2850 2522; x_wconf 86' lang='lat' dir='ltr'><strong>vobis</strong></span> <span class='ocrx_word' id='word_1_850' title='bbox 2893 2450 3047 2522; x_wconf 78' lang='lat' dir='ltr'><strong>faciet</strong></span> <span class='ocrx_word' id='word_1_851' title='bbox 3092 2468 3105 2503; x_wconf 89' lang='lat'><strong>:</strong></span> <span class='ocrx_word' id='word_1_852' title='bbox 3157 2449 3259 2522; x_wconf 79' lang='lat' dir='ltr'><strong>pax</strong></span> <span class='ocrx_word' id='word_1_853' title='bbox 3298 2449 3427 2506; x_wconf 73' lang='lat' dir='ltr'><strong>haec</strong></span> <span class='ocrx_word' id='word_1_854' title='bbox 3462 2465 3649 2508; x_wconf 89' lang='lat' dir='ltr'><strong>contra</strong></span> 
     </span>
    </p>
   </div>
   <div class='ocr_carea' id='block_1_110' title="bbox 2067 2519 3651 2592">
    <p class='ocr_par' dir='ltr' id='par_1_110' title="bbox 2067 2519 3651 2592">
     <span class='ocr_line' id='line_1_110' title="bbox 2067 2519 3651 2592; baseline 0.003 -18"><span class='ocrx_word' id='word_1_855' title='bbox 2067 2528 2232 2592; x_wconf 78' lang='lat' dir='ltr'><strong>totum</strong></span> <span class='ocrx_word' id='word_1_856' title='bbox 2255 2521 2439 2592; x_wconf 68' lang='lat' dir='ltr'><strong>urbem</strong></span> <span class='ocrx_word' id='word_1_857' title='bbox 2463 2528 2720 2592; x_wconf 73' lang='lat' dir='ltr'><strong>tropwum</strong></span> <span class='ocrx_word' id='word_1_858' title='bbox 2744 2519 2936 2592; x_wconf 74' lang='lat' dir='ltr'><strong>eriget.</strong></span> <span class='ocrx_word' id='word_1_859' title='bbox 2977 2519 3305 2576; x_wconf 51' lang='lat' dir='ltr'><strong>Gavisi&#39;sunt</strong></span> <span class='ocrx_word' id='word_1_860' title='bbox 3333 2537 3459 2592; x_wconf 70' lang='lat' dir='ltr'><strong>ergo</strong></span> <span class='ocrx_word' id='word_1_861' title='bbox 3488 2524 3651 2578; x_wconf 86' lang='lat' dir='ltr'><strong>disci-</strong></span> 
     </span>
    </p>
   </div>
   <div class='ocr_carea' id='block_1_111' title="bbox 2066 2589 3651 2657">
    <p class='ocr_par' dir='ltr' id='par_1_111' title="bbox 2066 2589 3651 2657">
     <span class='ocr_line' id='line_1_111' title="bbox 2066 2589 3651 2657; baseline 0.005 -19"><span class='ocrx_word' id='word_1_862' title='bbox 2066 2590 2195 2657; x_wconf 87' lang='lat' dir='ltr'><strong>puli,</strong></span> <span class='ocrx_word' id='word_1_863' title='bbox 2224 2604 2342 2643; x_wconf 91' lang='lat' dir='ltr'><strong>cum</strong></span> <span class='ocrx_word' id='word_1_864' title='bbox 2378 2589 2584 2643; x_wconf 90' lang='lat' dir='ltr'><strong>Domini</strong></span> <span class='ocrx_word' id='word_1_865' title='bbox 2624 2590 2703 2644; x_wconf 91' lang='lat' dir='ltr'><strong>sui</strong></span> <span class='ocrx_word' id='word_1_866' title='bbox 2737 2589 2904 2643; x_wconf 83' lang='lat' dir='ltr'><strong>forma</strong></span> <span class='ocrx_word' id='word_1_867' title='bbox 2931 2599 2988 2644; x_wconf 89' lang='lat' dir='ltr'><strong>et</strong></span> <span class='ocrx_word' id='word_1_868' title='bbox 3026 2606 3155 2646; x_wconf 89' lang='lat' dir='ltr'><strong>voce</strong></span> <span class='ocrx_word' id='word_1_869' title='bbox 3184 2592 3377 2646; x_wconf 90' lang='lat' dir='ltr'><strong>iterum</strong></span> <span class='ocrx_word' id='word_1_870' title='bbox 3398 2589 3651 2648; x_wconf 77' lang='lat' dir='ltr'><strong>irueren-</strong></span> 
     </span>
    </p>
   </div>
   <div class='ocr_carea' id='block_1_112' title="bbox 2065 2659 3649 2730">
    <p class='ocr_par' dir='ltr' id='par_1_112' title="bbox 2065 2659 3649 2730">
     <span class='ocr_line' id='line_1_112' title="bbox 2065 2659 3649 2730; baseline 0.003 -20"><span class='ocrx_word' id='word_1_871' title='bbox 2065 2669 2168 2730; x_wconf 84' lang='lat' dir='ltr'><strong>tur,</strong></span> <span class='ocrx_word' id='word_1_872' title='bbox 2203 2672 2255 2713; x_wconf 90' lang='lat' dir='ltr'><strong>et</strong></span> <span class='ocrx_word' id='word_1_873' title='bbox 2285 2659 2545 2712; x_wconf 86' lang='lat' dir='ltr'><strong>Thomam</strong></span> <span class='ocrx_word' id='word_1_874' title='bbox 2571 2660 2763 2714; x_wconf 87' lang='lat' dir='ltr'><strong>cubitis</strong></span> <span class='ocrx_word' id='word_1_875' title='bbox 2790 2660 3072 2729; x_wconf 87' lang='lat' dir='ltr'><strong>pulsabant</strong></span> <span class='ocrx_word' id='word_1_876' title='bbox 3096 2678 3109 2725; x_wconf 93' lang='lat'><strong>;</strong></span> <span class='ocrx_word' id='word_1_877' title='bbox 3139 2661 3237 2730; x_wconf 89' lang='lat' dir='ltr'><strong>ipsi</strong></span> <span class='ocrx_word' id='word_1_878' title='bbox 3261 2663 3430 2716; x_wconf 89' lang='lat' dir='ltr'><strong>oculis</strong></span> <span class='ocrx_word' id='word_1_879' title='bbox 3453 2678 3649 2717; x_wconf 83' lang='lat' dir='ltr'><strong>annue-</strong></span> 
     </span>
    </p>
   </div>
   <div class='ocr_carea' id='block_1_113' title="bbox 2062 2729 3651 2799">
    <p class='ocr_par' dir='ltr' id='par_1_113' title="bbox 2062 2729 3651 2799">
     <span class='ocr_line' id='line_1_113' title="bbox 2062 2729 3651 2799; baseline 0.005 -18"><span class='ocrx_word' id='word_1_880' title='bbox 2062 2729 2210 2799; x_wconf 88' lang='lat' dir='ltr'><strong>banl,</strong></span> <span class='ocrx_word' id='word_1_881' title='bbox 2249 2744 2312 2783; x_wconf 91' lang='lat' dir='ltr'><strong>ac</strong></span> <span class='ocrx_word' id='word_1_882' title='bbox 2346 2731 2726 2798; x_wconf 80' lang='lat' dir='ltr'><strong>prepemodum</strong></span> <span class='ocrx_word' id='word_1_883' title='bbox 2781 2729 3187 2799; x_wconf 85' lang='lat' dir='ltr'><strong>superciliorum</strong></span> <span class='ocrx_word' id='word_1_884' title='bbox 3228 2744 3358 2786; x_wconf 90' lang='lat' dir='ltr'><strong>nutu</strong></span> <span class='ocrx_word' id='word_1_885' title='bbox 3398 2733 3651 2789; x_wconf 84' lang='lat' dir='ltr'><strong>dicebant</strong></span> 
     </span>
    </p>
   </div>
   <div class='ocr_carea' id='block_1_114' title="bbox 2063 2798 3644 2871">
    <p class='ocr_par' dir='ltr' id='par_1_114' title="bbox 2063 2798 3644 2871">
     <span class='ocr_line' id='line_1_114' title="bbox 2063 2798 3644 2871; baseline 0.003 -19"><span class='ocrx_word' id='word_1_886' title='bbox 2063 2798 2136 2852; x_wconf 89' lang='lat' dir='ltr'><strong>illi</strong></span> <span class='ocrx_word' id='word_1_887' title='bbox 2164 2816 2178 2852; x_wconf 88' lang='lat'>:</span> <span class='ocrx_word' id='word_1_888' title='bbox 2211 2801 2400 2871; x_wconf 82' lang='lat' dir='ltr'><strong>Annon</strong></span> <span class='ocrx_word' id='word_1_889' title='bbox 2431 2800 2663 2871; x_wconf 83' lang='lat' dir='ltr'><strong>diximus</strong></span> <span class='ocrx_word' id='word_1_890' title='bbox 2687 2798 3018 2871; x_wconf 10' lang='lat' dir='ltr'><strong>tibign’uper,</strong></span> <span class='ocrx_word' id='word_1_891' title='bbox 3067 2800 3295 2856; x_wconf 80' lang='lat' dir='ltr'><strong>Vidimus</strong></span> <span class='ocrx_word' id='word_1_892' title='bbox 3331 2803 3644 2871; x_wconf 83' lang='lat' dir='ltr'><strong>Dominum,</strong></span> 
     </span>
    </p>
   </div>
   <div class='ocr_carea' id='block_1_115' title="bbox 2061 2869 3641 2941">
    <p class='ocr_par' dir='ltr' id='par_1_115' title="bbox 2061 2869 3641 2941">
     <span class='ocr_line' id='line_1_115' title="bbox 2061 2869 3641 2941; baseline 0.003 -19"><span class='ocrx_word' id='word_1_893' title='bbox 2061 2881 2112 2941; x_wconf 87' lang='lat' dir='ltr'><strong>et</strong></span> <span class='ocrx_word' id='word_1_894' title='bbox 2141 2884 2244 2941; x_wconf 86' lang='lat' dir='ltr'><strong>non</strong></span> <span class='ocrx_word' id='word_1_895' title='bbox 2271 2870 2541 2924; x_wconf 90' lang='lat' dir='ltr'><strong>credidisti</strong></span> <span class='ocrx_word' id='word_1_896' title='bbox 2576 2870 2764 2924; x_wconf 85' lang='lat' dir='ltr'><strong>nobis?</strong></span> <span class='ocrx_word' id='word_1_897' title='bbox 2793 2869 2932 2926; x_wconf 88' lang='lat' dir='ltr'><strong>Ecce</strong></span> <span class='ocrx_word' id='word_1_898' title='bbox 2961 2871 3110 2925; x_wconf 91' lang='lat' dir='ltr'><strong>adest</strong></span> <span class='ocrx_word' id='word_1_899' title='bbox 3141 2872 3253 2941; x_wconf 90' lang='lat' dir='ltr'><strong>ipse</strong></span> <span class='ocrx_word' id='word_1_900' title='bbox 3282 2869 3641 2936; x_wconf 74' lang='lat' dir='ltr'><strong>desideratus,</strong></span> 
     </span>
    </p>
   </div>
   <div class='ocr_carea' id='block_1_116' title="bbox 2062 2938 3644 3006">
    <p class='ocr_par' dir='ltr' id='par_1_116' title="bbox 2062 2938 3644 3006">
     <span class='ocr_line' id='line_1_116' title="bbox 2062 2938 3644 3006; baseline 0.003 -13"><span class='ocrx_word' id='word_1_901' title='bbox 2062 2939 2178 3006; x_wconf 87' lang='lat' dir='ltr'><strong>ipso</strong></span> <span class='ocrx_word' id='word_1_902' title='bbox 2205 2938 2383 2992; x_wconf 86' lang='lat' dir='ltr'><strong>fruere</strong></span> <span class='ocrx_word' id='word_1_903' title='bbox 2415 2950 2469 2992; x_wconf 92' lang='lat' dir='ltr'><strong>ut</strong></span> <span class='ocrx_word' id='word_1_904' title='bbox 2495 2941 2593 3003; x_wconf 90' lang='lat' dir='ltr'><strong>vis,</strong></span> <span class='ocrx_word' id='word_1_905' title='bbox 2624 2941 2888 2994; x_wconf 87' lang='lat' dir='ltr'><strong>delectare</strong></span> <span class='ocrx_word' id='word_1_906' title='bbox 2921 2951 2976 2994; x_wconf 93' lang='lat' dir='ltr'><strong>ut</strong></span> <span class='ocrx_word' id='word_1_907' title='bbox 3006 2938 3279 2997; x_wconf 80' lang='lat' dir='ltr'><strong>desideras</strong></span> <span class='ocrx_word' id='word_1_908' title='bbox 3311 2960 3324 2995; x_wconf 92' lang='lat'>:</span> <span class='ocrx_word' id='word_1_909' title='bbox 3350 2945 3547 2998; x_wconf 87' lang='lat' dir='ltr'><strong>accede</strong></span> <span class='ocrx_word' id='word_1_910' title='bbox 3573 2945 3644 2998; x_wconf 83' lang='lat' dir='ltr'><strong>ad</strong></span> 
     </span>
    </p>
   </div>
   <div class='ocr_carea' id='block_1_117' title="bbox 2060 3011 3641 3081">
    <p class='ocr_par' dir='ltr' id='par_1_117' title="bbox 2060 3011 3641 3081">
     <span class='ocr_line' id='line_1_117' title="bbox 2060 3011 3641 3081; baseline 0.001 -16"><span class='ocrx_word' id='word_1_911' title='bbox 2060 3026 2205 3075; x_wconf 87' lang='lat' dir='ltr'><strong>eum,</strong></span> <span class='ocrx_word' id='word_1_912' title='bbox 2236 3012 2325 3079; x_wconf 91' lang='lat' dir='ltr'><strong>qui</strong></span> <span class='ocrx_word' id='word_1_913' title='bbox 2361 3021 2576 3079; x_wconf 87' lang='lat' dir='ltr'><strong>propter</strong></span> <span class='ocrx_word' id='word_1_914' title='bbox 2603 3012 2826 3063; x_wconf 92' lang='lat' dir='ltr'><strong>salutem</strong></span> <span class='ocrx_word' id='word_1_915' title='bbox 2858 3019 2999 3064; x_wconf 90' lang='lat' dir='ltr'><strong>tuam</strong></span> <span class='ocrx_word' id='word_1_916' title='bbox 3025 3011 3091 3066; x_wconf 93' lang='lat' dir='ltr'><strong>ad</strong></span> <span class='ocrx_word' id='word_1_917' title='bbox 3107 3027 3215 3081; x_wconf 83' lang='lat' dir='ltr'><strong>nos</strong></span> <span class='ocrx_word' id='word_1_918' title='bbox 3240 3012 3512 3081; x_wconf 87' lang='lat' dir='ltr'><strong>ingressus</strong></span> <span class='ocrx_word' id='word_1_919' title='bbox 3535 3024 3641 3078; x_wconf 86' lang='lat' dir='ltr'><strong>est,</strong></span> 
     </span>
    </p>
   </div>
   <div class='ocr_carea' id='block_1_118' title="bbox 2058 3079 3642 3150">
    <p class='ocr_par' dir='ltr' id='par_1_118' title="bbox 2058 3079 3642 3150">
     <span class='ocr_line' id='line_1_118' title="bbox 2058 3079 3642 3150; baseline 0.002 -16"><span class='ocrx_word' id='word_1_920' title='bbox 2058 3089 2113 3134; x_wconf 92' lang='lat' dir='ltr'><strong>et</strong></span> <span class='ocrx_word' id='word_1_921' title='bbox 2138 3082 2318 3148; x_wconf 89' lang='lat' dir='ltr'><strong>accipe</strong></span> <span class='ocrx_word' id='word_1_922' title='bbox 2343 3081 2696 3149; x_wconf 58' lang='lat' dir='ltr'><strong>quaestionum</strong></span> <span class='ocrx_word' id='word_1_923' title='bbox 2727 3081 3071 3134; x_wconf 88' lang='lat' dir='ltr'><strong>solutionem.</strong></span> <span class='ocrx_word' id='word_1_924' title='bbox 3103 3079 3219 3150; x_wconf 90' lang='lat' dir='ltr'><strong>Ipse</strong></span> <span class='ocrx_word' id='word_1_925' title='bbox 3251 3079 3378 3136; x_wconf 82' lang='lat' dir='ltr'><strong>vero</strong></span> <span class='ocrx_word' id='word_1_926' title='bbox 3403 3082 3642 3138; x_wconf 88' lang='lat' dir='ltr'><strong>Thomas</strong></span> 
     </span>
    </p>
   </div>
   <div class='ocr_carea' id='block_1_119' title="bbox 2059 3151 3644 3218">
    <p class='ocr_par' dir='ltr' id='par_1_119' title="bbox 2059 3151 3644 3218">
     <span class='ocr_line' id='line_1_119' title="bbox 2059 3151 3644 3218; baseline 0.002 -15"><span class='ocrx_word' id='word_1_927' title='bbox 2059 3151 2234 3205; x_wconf 85' lang='lat' dir='ltr'><strong>stabat</strong></span> <span class='ocrx_word' id='word_1_928' title='bbox 2276 3151 2443 3205; x_wconf 90' lang='lat' dir='ltr'><strong>oculis</strong></span> <span class='ocrx_word' id='word_1_929' title='bbox 2485 3152 2919 3218; x_wconf 79' lang='lat' dir='ltr'><strong>circumSpiciens</strong></span> <span class='ocrx_word' id='word_1_930' title='bbox 2946 3151 3120 3209; x_wconf 79' lang='lat' dir='ltr'><strong>omnia</strong></span> <span class='ocrx_word' id='word_1_931' title='bbox 3151 3151 3448 3208; x_wconf 84' lang='lat' dir='ltr'><strong>Servatoris</strong></span> <span class='ocrx_word' id='word_1_932' title='bbox 3473 3169 3644 3208; x_wconf 82' lang='lat' dir='ltr'><strong>mem-</strong></span> 
     </span>
    </p>
   </div>
   <div class='ocr_carea' id='block_1_120' title="bbox 2059 3219 3644 3292">
    <p class='ocr_par' dir='ltr' id='par_1_120' title="bbox 2059 3219 3644 3292">
     <span class='ocr_line' id='line_1_120' title="bbox 2059 3219 3644 3292; baseline 0.002 -18"><span class='ocrx_word' id='word_1_933' title='bbox 2059 3219 2175 3286; x_wconf 91' lang='lat' dir='ltr'><strong>bra,</strong></span> <span class='ocrx_word' id='word_1_934' title='bbox 2200 3230 2253 3274; x_wconf 91' lang='lat' dir='ltr'><strong>et</strong></span> <span class='ocrx_word' id='word_1_935' title='bbox 2272 3221 2476 3292; x_wconf 84' lang='lat' dir='ltr'><strong>singula</strong></span> <span class='ocrx_word' id='word_1_936' title='bbox 2499 3225 2710 3292; x_wconf 88' lang='lat' dir='ltr'><strong>curiose</strong></span> <span class='ocrx_word' id='word_1_937' title='bbox 2734 3221 3036 3288; x_wconf 88' lang='lat' dir='ltr'><strong>explorans,</strong></span> <span class='ocrx_word' id='word_1_938' title='bbox 3058 3236 3124 3274; x_wconf 87' lang='lat' dir='ltr'><strong>an</strong></span> <span class='ocrx_word' id='word_1_939' title='bbox 3147 3238 3271 3277; x_wconf 88' lang='lat' dir='ltr'><strong>vere</strong></span> <span class='ocrx_word' id='word_1_940' title='bbox 3291 3225 3377 3292; x_wconf 90' lang='lat' dir='ltr'><strong>qui</strong></span> <span class='ocrx_word' id='word_1_941' title='bbox 3402 3236 3644 3278; x_wconf 87' lang='lat' dir='ltr'><strong>mortuus</strong></span> 
     </span>
    </p>
   </div>
   <div class='ocr_carea' id='block_1_121' title="bbox 2058 3291 3646 3359">
    <p class='ocr_par' dir='ltr' id='par_1_121' title="bbox 2058 3291 3646 3359">
     <span class='ocr_line' id='line_1_121' title="bbox 2058 3291 3646 3359; baseline 0.004 -16"><span class='ocrx_word' id='word_1_942' title='bbox 2058 3300 2190 3355; x_wconf 86' lang='lat' dir='ltr'><strong>erat,</strong></span> <span class='ocrx_word' id='word_1_943' title='bbox 2221 3291 2565 3344; x_wconf 85' lang='lat' dir='ltr'><strong>resuscitatus</strong></span> <span class='ocrx_word' id='word_1_944' title='bbox 2593 3291 2821 3345; x_wconf 83' lang='lat' dir='ltr'><strong>adesset.</strong></span> <span class='ocrx_word' id='word_1_945' title='bbox 2845 3291 2980 3356; x_wconf 83' lang='lat' dir='ltr'><strong>Quid</strong></span> <span class='ocrx_word' id='word_1_946' title='bbox 3001 3305 3128 3359; x_wconf 86' lang='lat' dir='ltr'><strong>ergo</strong></span> <span class='ocrx_word' id='word_1_947' title='bbox 3144 3292 3278 3346; x_wconf 82' lang='lat' dir='ltr'><strong>dixit</strong></span> <span class='ocrx_word' id='word_1_948' title='bbox 3305 3291 3352 3346; x_wconf 83' lang='lat' dir='ltr'><strong>ei</strong></span> <span class='ocrx_word' id='word_1_949' title='bbox 3387 3294 3473 3348; x_wconf 90' lang='lat' dir='ltr'><strong>ille</strong></span> <span class='ocrx_word' id='word_1_950' title='bbox 3494 3293 3646 3348; x_wconf 88' lang='lat' dir='ltr'><strong>solus</strong></span> 
     </span>
    </p>
   </div>
   <div class='ocr_carea' id='block_1_122' title="bbox 2060 3361 3644 3431">
    <p class='ocr_par' dir='ltr' id='par_1_122' title="bbox 2060 3361 3644 3431">
     <span class='ocr_line' id='line_1_122' title="bbox 2060 3361 3644 3431; baseline 0.001 -16"><span class='ocrx_word' id='word_1_951' title='bbox 2060 3361 2230 3415; x_wconf 88' lang='lat' dir='ltr'><strong>bonus</strong></span> <span class='ocrx_word' id='word_1_952' title='bbox 2249 3402 2265 3426; x_wconf 92' lang='lat'><strong>,</strong></span> <span class='ocrx_word' id='word_1_953' title='bbox 2296 3361 2443 3414; x_wconf 77' lang='lat' dir='ltr'><strong>Solus</strong></span> <span class='ocrx_word' id='word_1_954' title='bbox 2471 3361 2773 3415; x_wconf 83' lang='lat' dir='ltr'><strong>utisericors</strong></span> <span class='ocrx_word' id='word_1_955' title='bbox 2803 3371 2854 3414; x_wconf 87' lang='lat' dir='ltr'><strong>et</strong></span> <span class='ocrx_word' id='word_1_956' title='bbox 2882 3361 3140 3431; x_wconf 88' lang='lat' dir='ltr'><strong>benignus</strong></span> <span class='ocrx_word' id='word_1_957' title='bbox 3160 3403 3173 3426; x_wconf 93' lang='lat'><strong>,</strong></span> <span class='ocrx_word' id='word_1_958' title='bbox 3209 3362 3312 3428; x_wconf 82' lang='lat' dir='ltr'><strong>Qui</strong></span> <span class='ocrx_word' id='word_1_959' title='bbox 3339 3365 3442 3416; x_wconf 84' lang='lat' dir='ltr'><strong>vult</strong></span> <span class='ocrx_word' id='word_1_960' title='bbox 3470 3381 3644 3417; x_wconf 77' lang='lat' dir='ltr'><strong>omnes</strong></span> 
     </span>
    </p>
   </div>
   <div class='ocr_carea' id='block_1_123' title="bbox 2058 3431 3646 3501">
    <p class='ocr_par' dir='ltr' id='par_1_123' title="bbox 2058 3431 3646 3501">
     <span class='ocr_line' id='line_1_123' title="bbox 2058 3431 3646 3501; baseline 0.003 -18"><span class='ocrx_word' id='word_1_961' title='bbox 2058 3431 2284 3484; x_wconf 82' lang='lat' dir='ltr'><strong>homines</strong></span> <span class='ocrx_word' id='word_1_962' title='bbox 2326 3432 2490 3484; x_wconf 78' lang='lat' dir='ltr'><strong>salvos</strong></span> <span class='ocrx_word' id='word_1_963' title='bbox 2535 3431 2665 3497; x_wconf 81' lang='lat' dir='ltr'><strong>ﬁeri,</strong></span> <span class='ocrx_word' id='word_1_964' title='bbox 2703 3441 2749 3484; x_wconf 87' lang='lat' dir='ltr'><strong>et</strong></span> <span class='ocrx_word' id='word_1_965' title='bbox 2786 3431 2854 3484; x_wconf 80' lang='lat' dir='ltr'><strong>ad</strong></span> <span class='ocrx_word' id='word_1_966' title='bbox 2893 3434 3198 3501; x_wconf 81' lang='lat' dir='ltr'><strong>agnitionem</strong></span> <span class='ocrx_word' id='word_1_967' title='bbox 3229 3434 3449 3486; x_wconf 80' lang='lat' dir='ltr'><strong>veritatis</strong></span> <span class='ocrx_word' id='word_1_968' title='bbox 3478 3436 3646 3488; x_wconf 71' lang='lat' dir='ltr'><strong>venire</strong></span> 
     </span>
    </p>
   </div>
   <div class='ocr_carea' id='block_1_124' title="bbox 2062 3501 3644 3572">
    <p class='ocr_par' dir='ltr' id='par_1_124' title="bbox 2062 3501 3644 3572">
     <span class='ocr_line' id='line_1_124' title="bbox 2062 3501 3644 3572; baseline 0.001 -16"><span class='ocrx_word' id='word_1_969' title='bbox 2062 3501 2136 3572; x_wconf 81' lang='grc'><strong>(1.</strong></span> <span class='ocrx_word' id='word_1_970' title='bbox 2169 3501 2298 3572; x_wconf 83' lang='lat' dir='ltr'><strong>Tim.</strong></span> <span class='ocrx_word' id='word_1_971' title='bbox 2330 3501 2387 3555; x_wconf 76' lang='grc'><strong>2.</strong></span> <span class='ocrx_word' id='word_1_972' title='bbox 2416 3501 2507 3571; x_wconf 69' lang='lat'><strong>4)?</strong></span> <span class='ocrx_word' id='word_1_973' title='bbox 2533 3501 2679 3572; x_wconf 76' lang='lat' dir='ltr'><strong>Infer</strong></span> <span class='ocrx_word' id='word_1_974' title='bbox 2703 3501 2913 3570; x_wconf 87' lang='lat' dir='ltr'><strong>digitum</strong></span> <span class='ocrx_word' id='word_1_975' title='bbox 2943 3511 3086 3554; x_wconf 90' lang='lat' dir='ltr'><strong>tuum</strong></span> <span class='ocrx_word' id='word_1_976' title='bbox 3106 3503 3224 3567; x_wconf 88' lang='lat' dir='ltr'><strong>Ituc,</strong></span> <span class='ocrx_word' id='word_1_977' title='bbox 3251 3513 3297 3556; x_wconf 85' lang='lat' dir='ltr'><strong>et</strong></span> <span class='ocrx_word' id='word_1_978' title='bbox 3326 3504 3436 3556; x_wconf 72' lang='lat' dir='ltr'><strong>vide</strong></span> <span class='ocrx_word' id='word_1_979' title='bbox 3461 3520 3644 3558; x_wconf 69' lang='lat' dir='ltr'><strong>atauus</strong></span> 
     </span>
    </p>
   </div>
   <div class='ocr_carea' id='block_1_125' title="bbox 2058 3571 3642 3641">
    <p class='ocr_par' dir='ltr' id='par_1_125' title="bbox 2058 3571 3642 3641">
     <span class='ocr_line' id='line_1_125' title="bbox 2058 3571 3642 3641; baseline 0.001 -15"><span class='ocrx_word' id='word_1_980' title='bbox 2058 3571 2214 3628; x_wconf 80' lang='lat' dir='ltr'><strong>meas.</strong></span> <span class='ocrx_word' id='word_1_981' title='bbox 2245 3571 2289 3627; x_wconf 92' lang='grc'>0</span> <span class='ocrx_word' id='word_1_982' title='bbox 2315 3571 2655 3641; x_wconf 83' lang='lat' dir='ltr'><strong>benignitatis</strong></span> <span class='ocrx_word' id='word_1_983' title='bbox 2681 3575 2891 3625; x_wconf 89' lang='lat' dir='ltr'><strong>culmen</strong></span> <span class='ocrx_word' id='word_1_984' title='bbox 2913 3573 3236 3641; x_wconf 12' lang='lat' dir='ltr'><strong>iimtneusum</strong></span> <span class='ocrx_word' id='word_1_985' title='bbox 3262 3573 3276 3626; x_wconf 87' lang='lat'><strong>!</strong></span> <span class='ocrx_word' id='word_1_986' title='bbox 3305 3588 3338 3627; x_wconf 94' lang='lat' dir='ltr'><strong>o</strong></span> <span class='ocrx_word' id='word_1_987' title='bbox 3365 3574 3642 3641; x_wconf 85' lang='lat' dir='ltr'><strong>indulgen-</strong></span> 
     </span>
    </p>
   </div>
   <div class='ocr_carea' id='block_1_126' title="bbox 2059 3640 3640 3711">
    <p class='ocr_par' dir='ltr' id='par_1_126' title="bbox 2059 3640 3640 3711">
     <span class='ocr_line' id='line_1_126' title="bbox 2059 3640 3640 3711; baseline 0 -15"><span class='ocrx_word' id='word_1_988' title='bbox 2059 3643 2146 3696; x_wconf 64' lang='lat' dir='ltr'><strong>tiae</strong></span> <span class='ocrx_word' id='word_1_989' title='bbox 2192 3640 2588 3696; x_wconf 81' lang='lat' dir='ltr'><strong>interminatam</strong></span> <span class='ocrx_word' id='word_1_990' title='bbox 2622 3642 2864 3710; x_wconf 82' lang='lat' dir='ltr'><strong>pelagus!</strong></span> <span class='ocrx_word' id='word_1_991' title='bbox 2910 3640 3022 3695; x_wconf 86' lang='lat' dir='ltr'><strong>Non</strong></span> <span class='ocrx_word' id='word_1_992' title='bbox 3071 3644 3398 3711; x_wconf 84' lang='lat' dir='ltr'><strong>exspectavit</strong></span> <span class='ocrx_word' id='word_1_993' title='bbox 3439 3640 3640 3697; x_wconf 85' lang='lat' dir='ltr'><strong>aditum</strong></span> 
     </span>
    </p>
   </div>
   <div class='ocr_carea' id='block_1_127' title="bbox 2059 3711 3638 3782">
    <p class='ocr_par' dir='ltr' id='par_1_127' title="bbox 2059 3711 3638 3782">
     <span class='ocr_line' id='line_1_127' title="bbox 2059 3711 3638 3782; baseline -0.001 -16"><span class='ocrx_word' id='word_1_994' title='bbox 2059 3713 2336 3780; x_wconf 80' lang='lat' dir='ltr'><strong>discipuli,</strong></span> <span class='ocrx_word' id='word_1_995' title='bbox 2368 3728 2472 3766; x_wconf 88' lang='lat' dir='ltr'><strong>non</strong></span> <span class='ocrx_word' id='word_1_996' title='bbox 2501 3713 2827 3780; x_wconf 81' lang='lat' dir='ltr'><strong>exspectavit</strong></span> <span class='ocrx_word' id='word_1_997' title='bbox 2855 3711 3026 3766; x_wconf 87' lang='lat' dir='ltr'><strong>donec</strong></span> <span class='ocrx_word' id='word_1_998' title='bbox 3064 3712 3288 3782; x_wconf 85' lang='lat' dir='ltr'><strong>supplex</strong></span> <span class='ocrx_word' id='word_1_999' title='bbox 3326 3714 3638 3775; x_wconf 87' lang='lat' dir='ltr'><strong>accederet,</strong></span> 
     </span>
    </p>
   </div>
   <div class='ocr_carea' id='block_1_128' title="bbox 2057 3785 3640 3851">
    <p class='ocr_par' dir='ltr' id='par_1_128' title="bbox 2057 3785 3640 3851">
     <span class='ocr_line' id='line_1_128' title="bbox 2057 3785 3640 3851; baseline 0.001 -15"><span class='ocrx_word' id='word_1_1000' title='bbox 2057 3797 2122 3836; x_wconf 89' lang='lat' dir='ltr'><strong>ac</strong></span> <span class='ocrx_word' id='word_1_1001' title='bbox 2167 3791 2373 3851; x_wconf 88' lang='lat' dir='ltr'><strong>peteret</strong></span> <span class='ocrx_word' id='word_1_1002' title='bbox 2413 3793 2470 3836; x_wconf 93' lang='lat' dir='ltr'><strong>ut</strong></span> <span class='ocrx_word' id='word_1_1003' title='bbox 2510 3792 2747 3851; x_wconf 85' lang='lat' dir='ltr'><strong>optatqu</strong></span> <span class='ocrx_word' id='word_1_1004' title='bbox 2784 3794 3195 3851; x_wconf 86' lang='lat' dir='ltr'><strong>assequeretur,</strong></span> <span class='ocrx_word' id='word_1_1005' title='bbox 3239 3798 3410 3851; x_wconf 88' lang='lat' dir='ltr'><strong>neque</strong></span> <span class='ocrx_word' id='word_1_1006' title='bbox 3449 3785 3528 3837; x_wconf 86' lang='lat' dir='ltr'><strong>vel</strong></span> <span class='ocrx_word' id='word_1_1007' title='bbox 3573 3785 3640 3837; x_wconf 93' lang='lat' dir='ltr'><strong>ad</strong></span> 
     </span>
    </p>
   </div>
   <div class='ocr_carea' id='block_1_129' title="bbox 2059 3852 3641 3921">
    <p class='ocr_par' dir='ltr' id='par_1_129' title="bbox 2059 3852 3641 3921">
     <span class='ocr_line' id='line_1_129' title="bbox 2059 3852 3641 3921; baseline -0.001 -13"><span class='ocrx_word' id='word_1_1008' title='bbox 2059 3853 2220 3908; x_wconf 87' lang='lat' dir='ltr'><strong>breve</strong></span> <span class='ocrx_word' id='word_1_1009' title='bbox 2250 3864 2458 3920; x_wconf 89' lang='lat' dir='ltr'><strong>tempus</strong></span> <span class='ocrx_word' id='word_1_1010' title='bbox 2503 3852 2745 3915; x_wconf 86' lang='lat' dir='ltr'><strong>distulit;</strong></span> <span class='ocrx_word' id='word_1_1011' title='bbox 2790 3853 2882 3906; x_wconf 92' lang='lat' dir='ltr'><strong>sed</strong></span> <span class='ocrx_word' id='word_1_1012' title='bbox 2929 3855 3042 3921; x_wconf 88' lang='lat' dir='ltr'><strong>ipse</strong></span> <span class='ocrx_word' id='word_1_1013' title='bbox 3083 3867 3318 3921; x_wconf 70' lang='lat' dir='ltr'><strong>prmsens</strong></span> <span class='ocrx_word' id='word_1_1014' title='bbox 3347 3861 3641 3909; x_wconf 90' lang='lat' dir='ltr'><strong>amatorem</strong></span> 
     </span>
    </p>
   </div>
   <div class='ocr_carea' id='block_1_130' title="bbox 2059 3922 3642 3992">
    <p class='ocr_par' dir='ltr' id='par_1_130' title="bbox 2059 3922 3642 3992">
     <span class='ocr_line' id='line_1_130' title="bbox 2059 3922 3642 3992; baseline 0.001 -16"><span class='ocrx_word' id='word_1_1015' title='bbox 2059 3923 2125 3977; x_wconf 88' lang='lat' dir='ltr'><strong>ad</strong></span> <span class='ocrx_word' id='word_1_1016' title='bbox 2163 3923 2525 3992; x_wconf 88' lang='lat' dir='ltr'><strong>desideratum</strong></span> <span class='ocrx_word' id='word_1_1017' title='bbox 2564 3922 2613 3974; x_wconf 92' lang='lat' dir='ltr'><strong>vi</strong></span> <span class='ocrx_word' id='word_1_1018' title='bbox 2653 3923 2930 3991; x_wconf 88' lang='lat' dir='ltr'><strong>compulit,</strong></span> <span class='ocrx_word' id='word_1_1019' title='bbox 2979 3924 3094 3992; x_wconf 89' lang='lat' dir='ltr'><strong>ipse</strong></span> <span class='ocrx_word' id='word_1_1020' title='bbox 3123 3938 3253 3977; x_wconf 89' lang='lat' dir='ltr'><strong>voce</strong></span> <span class='ocrx_word' id='word_1_1021' title='bbox 3281 3938 3375 3976; x_wconf 90' lang='lat' dir='ltr'><strong>sua</strong></span> <span class='ocrx_word' id='word_1_1022' title='bbox 3418 3924 3642 3992; x_wconf 88' lang='lat' dir='ltr'><strong>digitum</strong></span> 
     </span>
    </p>
   </div>
   <div class='ocr_carea' id='block_1_131' title="bbox 2057 3991 3643 4062">
    <p class='ocr_par' dir='ltr' id='par_1_131' title="bbox 2057 3991 3643 4062">
     <span class='ocr_line' id='line_1_131' title="bbox 2057 3991 3643 4062; baseline -0.001 -15"><span class='ocrx_word' id='word_1_1023' title='bbox 2057 3993 2412 4048; x_wconf 88' lang='lat' dir='ltr'><strong>desiderantis</strong></span> <span class='ocrx_word' id='word_1_1024' title='bbox 2465 3991 2531 4046; x_wconf 88' lang='lat' dir='ltr'><strong>ad</strong></span> <span class='ocrx_word' id='word_1_1025' title='bbox 2584 3995 2900 4062; x_wconf 10' lang='lat' dir='ltr'><strong>sentraxit,</strong></span> <span class='ocrx_word' id='word_1_1026' title='bbox 2956 3991 3071 4061; x_wconf 64' lang='lat' dir='ltr'><strong>ipse</strong></span> <span class='ocrx_word' id='word_1_1027' title='bbox 3135 3992 3406 4048; x_wconf 85' lang='lat' dir='ltr'><strong>Dominica</strong></span> <span class='ocrx_word' id='word_1_1028' title='bbox 3466 3991 3643 4062; x_wconf 86' lang='lat' dir='ltr'><strong>lingua</strong></span> 
     </span>
    </p>
   </div>
   <div class='ocr_carea' id='block_1_132' title="bbox 2057 4061 3647 4133">
    <p class='ocr_par' dir='ltr' id='par_1_132' title="bbox 2057 4061 3647 4133">
     <span class='ocr_line' id='line_1_132' title="bbox 2057 4061 3647 4133; baseline -0.002 -17"><span class='ocrx_word' id='word_1_1029' title='bbox 2057 4065 2308 4117; x_wconf 86' lang='lat' dir='ltr'><strong>servilem</strong></span> <span class='ocrx_word' id='word_1_1030' title='bbox 2351 4078 2565 4116; x_wconf 87' lang='lat' dir='ltr'><strong>manum</strong></span> <span class='ocrx_word' id='word_1_1031' title='bbox 2605 4061 2672 4115; x_wconf 88' lang='lat' dir='ltr'><strong>ad</strong></span> <span class='ocrx_word' id='word_1_1032' title='bbox 2711 4077 2770 4133; x_wconf 83' lang='lat' dir='ltr'><strong>se</strong></span> <span class='ocrx_word' id='word_1_1033' title='bbox 2814 4064 3105 4132; x_wconf 84' lang='lat' dir='ltr'><strong>pertraxit,</strong></span> <span class='ocrx_word' id='word_1_1034' title='bbox 3135 4063 3319 4117; x_wconf 90' lang='lat' dir='ltr'><strong>dicens</strong></span> <span class='ocrx_word' id='word_1_1035' title='bbox 3349 4063 3422 4118; x_wconf 90' lang='lat' dir='ltr'><strong>illi</strong></span> <span class='ocrx_word' id='word_1_1036' title='bbox 3452 4080 3466 4116; x_wconf 91' lang='lat'><strong>:</strong></span> <span class='ocrx_word' id='word_1_1037' title='bbox 3496 4061 3647 4133; x_wconf 55' lang='lat' dir='ltr'><strong>tum</strong></span> 
     </span>
    </p>
   </div>
   <div class='ocr_carea' id='block_1_133' title="bbox 2058 4131 3642 4202">
    <p class='ocr_par' dir='ltr' id='par_1_133' title="bbox 2058 4131 3642 4202">
     <span class='ocr_line' id='line_1_133' title="bbox 2058 4131 3642 4202; baseline 0 -16"><span class='ocrx_word' id='word_1_1038' title='bbox 2058 4133 2270 4202; x_wconf 86' lang='lat' dir='ltr'><strong>digitum</strong></span> <span class='ocrx_word' id='word_1_1039' title='bbox 2293 4142 2434 4186; x_wconf 88' lang='lat' dir='ltr'><strong>tuum</strong></span> <span class='ocrx_word' id='word_1_1040' title='bbox 2455 4132 2574 4198; x_wconf 80' lang='lat' dir='ltr'><strong>huc,</strong></span> <span class='ocrx_word' id='word_1_1041' title='bbox 2593 4142 2640 4184; x_wconf 84' lang='lat' dir='ltr'><strong>et</strong></span> <span class='ocrx_word' id='word_1_1042' title='bbox 2665 4131 2776 4185; x_wconf 82' lang='lat' dir='ltr'><strong>vide</strong></span> <span class='ocrx_word' id='word_1_1043' title='bbox 2799 4131 2978 4185; x_wconf 78' lang='lat' dir='ltr'><strong>manus</strong></span> <span class='ocrx_word' id='word_1_1044' title='bbox 3002 4149 3158 4187; x_wconf 87' lang='lat' dir='ltr'><strong>meas.</strong></span> <span class='ocrx_word' id='word_1_1045' title='bbox 3177 4133 3403 4201; x_wconf 85' lang='lat' dir='ltr'><strong>PrOpter</strong></span> <span class='ocrx_word' id='word_1_1046' title='bbox 3425 4143 3476 4187; x_wconf 90' lang='lat' dir='ltr'><strong>te</strong></span> <span class='ocrx_word' id='word_1_1047' title='bbox 3499 4131 3642 4187; x_wconf 86' lang='lat' dir='ltr'><strong>enim</strong></span> 
     </span>
    </p>
   </div>
   <div class='ocr_carea' id='block_1_134' title="bbox 2062 4203 3640 4272">
    <p class='ocr_par' dir='ltr' id='par_1_134' title="bbox 2062 4203 3640 4272">
     <span class='ocr_line' id='line_1_134' title="bbox 2062 4203 3640 4272; baseline 0 -15"><span class='ocrx_word' id='word_1_1048' title='bbox 2062 4213 2113 4258; x_wconf 91' lang='lat' dir='ltr'><strong>te</strong></span> <span class='ocrx_word' id='word_1_1049' title='bbox 2155 4204 2282 4268; x_wconf 88' lang='lat' dir='ltr'><strong>adii,</strong></span> <span class='ocrx_word' id='word_1_1050' title='bbox 2331 4213 2548 4272; x_wconf 88' lang='lat' dir='ltr'><strong>propter</strong></span> <span class='ocrx_word' id='word_1_1051' title='bbox 2593 4212 2644 4256; x_wconf 92' lang='lat' dir='ltr'><strong>te</strong></span> <span class='ocrx_word' id='word_1_1052' title='bbox 2683 4216 2893 4256; x_wconf 87' lang='lat' dir='ltr'><strong>rursum</strong></span> <span class='ocrx_word' id='word_1_1053' title='bbox 2925 4203 3028 4256; x_wconf 91' lang='lat' dir='ltr'><strong>huc</strong></span> <span class='ocrx_word' id='word_1_1054' title='bbox 3056 4204 3280 4269; x_wconf 87' lang='lat' dir='ltr'><strong>accessi,</strong></span> <span class='ocrx_word' id='word_1_1055' title='bbox 3312 4203 3451 4257; x_wconf 85' lang='lat' dir='ltr'><strong>unde</strong></span> <span class='ocrx_word' id='word_1_1056' title='bbox 3481 4220 3640 4257; x_wconf 87' lang='lat' dir='ltr'><strong>nunt-</strong></span> 
     </span>
    </p>
   </div>
   <div class='ocr_carea' id='block_1_135' title="bbox 2059 4272 3646 4344">
    <p class='ocr_par' dir='ltr' id='par_1_135' title="bbox 2059 4272 3646 4344">
     <span class='ocr_line' id='line_1_135' title="bbox 2059 4272 3646 4344; baseline 0.001 -20"><span class='ocrx_word' id='word_1_1057' title='bbox 2059 4288 2219 4343; x_wconf 90' lang='lat' dir='ltr'><strong>quam</strong></span> <span class='ocrx_word' id='word_1_1058' title='bbox 2261 4276 2554 4344; x_wconf 86' lang='lat' dir='ltr'><strong>secundum</strong></span> <span class='ocrx_word' id='word_1_1059' title='bbox 2601 4273 2954 4344; x_wconf 80' lang='lat' dir='ltr'><strong>divinitatem</strong></span> <span class='ocrx_word' id='word_1_1060' title='bbox 2979 4272 3250 4328; x_wconf 77' lang='lat' dir='ltr'><strong>abfueram</strong></span> <span class='ocrx_word' id='word_1_1061' title='bbox 3286 4291 3299 4326; x_wconf 92' lang='lat'><strong>:</strong></span> <span class='ocrx_word' id='word_1_1062' title='bbox 3330 4282 3545 4344; x_wconf 89' lang='lat' dir='ltr'><strong>propter</strong></span> <span class='ocrx_word' id='word_1_1063' title='bbox 3593 4284 3646 4326; x_wconf 89' lang='lat' dir='ltr'><strong>te</strong></span> 
     </span>
    </p>
   </div>
   <div class='ocr_carea' id='block_1_136' title="bbox 2059 4342 3648 4412">
    <p class='ocr_par' dir='ltr' id='par_1_136' title="bbox 2059 4342 3648 4412">
     <span class='ocr_line' id='line_1_136' title="bbox 2059 4342 3648 4412; baseline 0 -14"><span class='ocrx_word' id='word_1_1064' title='bbox 2059 4342 2249 4398; x_wconf 86' lang='lat' dir='ltr'><strong>manus</strong></span> <span class='ocrx_word' id='word_1_1065' title='bbox 2285 4343 2444 4398; x_wconf 89' lang='lat' dir='ltr'><strong>hasce</strong></span> <span class='ocrx_word' id='word_1_1066' title='bbox 2481 4343 2645 4398; x_wconf 87' lang='lat' dir='ltr'><strong>clavis</strong></span> <span class='ocrx_word' id='word_1_1067' title='bbox 2683 4342 3022 4410; x_wconf 87' lang='lat' dir='ltr'><strong>conligendas</strong></span> <span class='ocrx_word' id='word_1_1068' title='bbox 3047 4345 3292 4412; x_wconf 86' lang='lat' dir='ltr'><strong>porrexi,</strong></span> <span class='ocrx_word' id='word_1_1069' title='bbox 3323 4342 3378 4398; x_wconf 87' lang='lat' dir='ltr'><strong>ut</strong></span> <span class='ocrx_word' id='word_1_1070' title='bbox 3410 4342 3500 4398; x_wconf 81' lang='lat' dir='ltr'><strong>tibi</strong></span> <span class='ocrx_word' id='word_1_1071' title='bbox 3528 4347 3648 4398; x_wconf 88' lang='lat' dir='ltr'><strong>sine</strong></span> 
     </span>
    </p>
   </div>
   <div class='ocr_carea' id='block_1_137' title="bbox 2060 4413 3642 4484">
    <p class='ocr_par' dir='ltr' id='par_1_137' title="bbox 2060 4413 3642 4484">
     <span class='ocr_line' id='line_1_137' title="bbox 2060 4413 3642 4484; baseline 0.001 -18"><span class='ocrx_word' id='word_1_1072' title='bbox 2060 4415 2297 4484; x_wconf 89' lang='lat' dir='ltr'><strong>periculo</strong></span> <span class='ocrx_word' id='word_1_1073' title='bbox 2325 4426 2414 4467; x_wconf 89' lang='lat' dir='ltr'><strong>tuo</strong></span> <span class='ocrx_word' id='word_1_1074' title='bbox 2437 4415 2658 4484; x_wconf 85' lang='lat' dir='ltr'><strong>salutem</strong></span> <span class='ocrx_word' id='word_1_1075' title='bbox 2678 4427 2942 4483; x_wconf 84' lang='lat' dir='ltr'><strong>parerem.</strong></span> <span class='ocrx_word' id='word_1_1076' title='bbox 2969 4413 3183 4468; x_wconf 86' lang='lat' dir='ltr'><strong>Accede</strong></span> <span class='ocrx_word' id='word_1_1077' title='bbox 3198 4414 3263 4467; x_wconf 90' lang='lat' dir='ltr'><strong>ad</strong></span> <span class='ocrx_word' id='word_1_1078' title='bbox 3288 4430 3374 4469; x_wconf 91' lang='lat' dir='ltr'><strong>me</strong></span> <span class='ocrx_word' id='word_1_1079' title='bbox 3395 4429 3642 4484; x_wconf 79' lang='lat' dir='ltr'><strong>corpore,</strong></span> 
     </span>
    </p>
   </div>
   <div class='ocr_carea' id='block_1_138' title="bbox 2059 4483 3642 4554">
    <p class='ocr_par' dir='ltr' id='par_1_138' title="bbox 2059 4483 3642 4554">
     <span class='ocr_line' id='line_1_138' title="bbox 2059 4483 3642 4554; baseline -0.001 -16"><span class='ocrx_word' id='word_1_1080' title='bbox 2059 4483 2269 4554; x_wconf 71' lang='lat' dir='ltr'><strong>Spiritu,</strong></span> <span class='ocrx_word' id='word_1_1081' title='bbox 2322 4484 2458 4547; x_wconf 86' lang='lat' dir='ltr'><strong>lide,</strong></span> <span class='ocrx_word' id='word_1_1082' title='bbox 2506 4492 2562 4538; x_wconf 89' lang='lat' dir='ltr'><strong>et</strong></span> <span class='ocrx_word' id='word_1_1083' title='bbox 2602 4483 2747 4538; x_wconf 89' lang='lat' dir='ltr'><strong>clare</strong></span> <span class='ocrx_word' id='word_1_1084' title='bbox 2787 4483 2932 4537; x_wconf 83' lang='lat' dir='ltr'><strong>disce</strong></span> <span class='ocrx_word' id='word_1_1085' title='bbox 2963 4498 3080 4551; x_wconf 77' lang='lat' dir='ltr'><strong>qua:</strong></span> <span class='ocrx_word' id='word_1_1086' title='bbox 3109 4485 3318 4539; x_wconf 81' lang='lat' dir='ltr'><strong>discere</strong></span> <span class='ocrx_word' id='word_1_1087' title='bbox 3351 4485 3642 4554; x_wconf 85' lang='lat' dir='ltr'><strong>cupiebas:</strong></span> 
     </span>
    </p>
   </div>
   <div class='ocr_carea' id='block_1_139' title="bbox 2061 4554 3646 4625">
    <p class='ocr_par' dir='ltr' id='par_1_139' title="bbox 2061 4554 3646 4625">
     <span class='ocr_line' id='line_1_139' title="bbox 2061 4554 3646 4625; baseline 0 -18"><span class='ocrx_word' id='word_1_1088' title='bbox 2061 4572 2157 4625; x_wconf 88' lang='lat' dir='ltr'><strong>pro</strong></span> <span class='ocrx_word' id='word_1_1089' title='bbox 2187 4555 2352 4609; x_wconf 91' lang='lat' dir='ltr'><strong>lubito</strong></span> <span class='ocrx_word' id='word_1_1090' title='bbox 2381 4563 2471 4608; x_wconf 89' lang='lat' dir='ltr'><strong>tuo</strong></span> <span class='ocrx_word' id='word_1_1091' title='bbox 2499 4565 2759 4618; x_wconf 89' lang='lat' dir='ltr'><strong>scrutare,</strong></span> <span class='ocrx_word' id='word_1_1092' title='bbox 2792 4554 2958 4618; x_wconf 91' lang='lat' dir='ltr'><strong>disce,</strong></span> <span class='ocrx_word' id='word_1_1093' title='bbox 2990 4564 3145 4624; x_wconf 87' lang='lat' dir='ltr'><strong>tange</strong></span> <span class='ocrx_word' id='word_1_1094' title='bbox 3178 4570 3191 4606; x_wconf 92' lang='lat'>:</span> <span class='ocrx_word' id='word_1_1095' title='bbox 3216 4556 3364 4624; x_wconf 88' lang='lat' dir='ltr'><strong>quasi</strong></span> <span class='ocrx_word' id='word_1_1096' title='bbox 3394 4555 3567 4608; x_wconf 82' lang='lat' dir='ltr'><strong>infans</strong></span> <span class='ocrx_word' id='word_1_1097' title='bbox 3594 4558 3646 4607; x_wconf 90' lang='lat' dir='ltr'><strong>in</strong></span> 
     </span>
    </p>
   </div>
   <div class='ocr_carea' id='block_1_140' title="bbox 2060 4625 3647 4694">
    <p class='ocr_par' dir='ltr' id='par_1_140' title="bbox 2060 4625 3647 4694">
     <span class='ocr_line' id='line_1_140' title="bbox 2060 4625 3647 4694; baseline -0.001 -16"><span class='ocrx_word' id='word_1_1098' title='bbox 2060 4627 2304 4680; x_wconf 88' lang='lat' dir='ltr'><strong>manibus</strong></span> <span class='ocrx_word' id='word_1_1099' title='bbox 2335 4627 2467 4694; x_wconf 89' lang='lat' dir='ltr'><strong>meis</strong></span> <span class='ocrx_word' id='word_1_1100' title='bbox 2493 4626 2686 4694; x_wconf 86' lang='lat' dir='ltr'><strong>scripta</strong></span> <span class='ocrx_word' id='word_1_1101' title='bbox 2719 4625 2835 4694; x_wconf 87' lang='lat' dir='ltr'><strong>lege</strong></span> <span class='ocrx_word' id='word_1_1102' title='bbox 2861 4625 3173 4678; x_wconf 70' lang='lat' dir='ltr'><strong>voluntariae</strong></span> <span class='ocrx_word' id='word_1_1103' title='bbox 3212 4625 3477 4694; x_wconf 86' lang='lat' dir='ltr'><strong>passionis</strong></span> <span class='ocrx_word' id='word_1_1104' title='bbox 3512 4641 3647 4679; x_wconf 77' lang='lat' dir='ltr'><strong>mea:</strong></span> 
     </span>
    </p>
   </div>
   <div class='ocr_carea' id='block_1_141' title="bbox 2060 4693 3646 4749">
    <p class='ocr_par' dir='ltr' id='par_1_141' title="bbox 2060 4693 3646 4749">
     <span class='ocr_line' id='line_1_141' title="bbox 2060 4693 3646 4749; baseline -0.001 0"><span class='ocrx_word' id='word_1_1105' title='bbox 2060 4695 2299 4749; x_wconf 89' lang='lat' dir='ltr'><strong>vulnera.</strong></span> <span class='ocrx_word' id='word_1_1106' title='bbox 2331 4693 2520 4749; x_wconf 89' lang='lat' dir='ltr'><strong>Omnia</strong></span> <span class='ocrx_word' id='word_1_1107' title='bbox 2562 4693 2653 4748; x_wconf 91' lang='lat' dir='ltr'><strong>tibi</strong></span> <span class='ocrx_word' id='word_1_1108' title='bbox 2681 4693 2920 4747; x_wconf 89' lang='lat' dir='ltr'><strong>membra</strong></span> <span class='ocrx_word' id='word_1_1109' title='bbox 2955 4694 3020 4749; x_wconf 84' lang='lat' dir='ltr'><strong>ad</strong></span> <span class='ocrx_word' id='word_1_1110' title='bbox 3051 4695 3395 4749; x_wconf 86' lang='lat' dir='ltr'><strong>scrutandum</strong></span> <span class='ocrx_word' id='word_1_1111' title='bbox 3431 4695 3600 4749; x_wconf 85' lang='lat' dir='ltr'><strong>oll&#39;ero</strong></span> <span class='ocrx_word' id='word_1_1112' title='bbox 3631 4713 3646 4748; x_wconf 91' lang='lat'><strong>:</strong></span> 
     </span>
    </p>
   </div>
   <div class='ocr_carea' id='block_1_142' title="bbox 2060 4764 3646 4833">
    <p class='ocr_par' dir='ltr' id='par_1_142' title="bbox 2060 4764 3646 4833">
     <span class='ocr_line' id='line_1_142' title="bbox 2060 4764 3646 4833; baseline -0.001 -14"><span class='ocrx_word' id='word_1_1113' title='bbox 2060 4782 2164 4819; x_wconf 89' lang='lat' dir='ltr'><strong>non</strong></span> <span class='ocrx_word' id='word_1_1114' title='bbox 2211 4765 2469 4818; x_wconf 85' lang='lat' dir='ltr'><strong>erubesco</strong></span> <span class='ocrx_word' id='word_1_1115' title='bbox 2512 4766 2752 4833; x_wconf 82' lang='lat' dir='ltr'><strong>corporis</strong></span> <span class='ocrx_word' id='word_1_1116' title='bbox 2787 4764 3016 4827; x_wconf 88' lang='lat' dir='ltr'><strong>livores,</strong></span> <span class='ocrx_word' id='word_1_1117' title='bbox 3058 4779 3157 4819; x_wconf 92' lang='lat' dir='ltr'><strong>nec</strong></span> <span class='ocrx_word' id='word_1_1118' title='bbox 3185 4765 3362 4819; x_wconf 87' lang='lat' dir='ltr'><strong>carnis</strong></span> <span class='ocrx_word' id='word_1_1119' title='bbox 3386 4767 3606 4820; x_wconf 84' lang='lat' dir='ltr'><strong>vulnera</strong></span> <span class='ocrx_word' id='word_1_1120' title='bbox 3630 4806 3646 4826; x_wconf 90' lang='lat'><strong>,</strong></span> 
     </span>
    </p>
   </div>
   <div class='ocr_carea' id='block_1_143' title="bbox 2058 4835 3650 4904">
    <p class='ocr_par' dir='ltr' id='par_1_143' title="bbox 2058 4835 3650 4904">
     <span class='ocr_line' id='line_1_143' title="bbox 2058 4835 3650 4904; baseline 0.001 -18"><span class='ocrx_word' id='word_1_1121' title='bbox 2058 4851 2178 4903; x_wconf 71' lang='lat' dir='ltr'><strong>quae</strong></span> <span class='ocrx_word' id='word_1_1122' title='bbox 2219 4845 2434 4904; x_wconf 88' lang='lat' dir='ltr'><strong>propter</strong></span> <span class='ocrx_word' id='word_1_1123' title='bbox 2477 4837 2693 4888; x_wconf 86' lang='lat' dir='ltr'><strong>vulnera</strong></span> <span class='ocrx_word' id='word_1_1124' title='bbox 2743 4845 2918 4888; x_wconf 85' lang='lat' dir='ltr'><strong>vestra</strong></span> <span class='ocrx_word' id='word_1_1125' title='bbox 2965 4836 3152 4904; x_wconf 85' lang='lat' dir='ltr'><strong>excepi</strong></span> <span class='ocrx_word' id='word_1_1126' title='bbox 3182 4851 3195 4889; x_wconf 93' lang='lat'><strong>:</strong></span> <span class='ocrx_word' id='word_1_1127' title='bbox 3225 4849 3330 4889; x_wconf 87' lang='lat' dir='ltr'><strong>non</strong></span> <span class='ocrx_word' id='word_1_1128' title='bbox 3375 4835 3650 4889; x_wconf 87' lang='lat' dir='ltr'><strong>abscondo</strong></span> 
     </span>
    </p>
   </div>
   <div class='ocr_carea' id='block_1_144' title="bbox 2059 4905 3652 4975">
    <p class='ocr_par' dir='ltr' id='par_1_144' title="bbox 2059 4905 3652 4975">
     <span class='ocr_line' id='line_1_144' title="bbox 2059 4905 3652 4975; baseline 0.001 -19"><span class='ocrx_word' id='word_1_1129' title='bbox 2059 4906 2240 4974; x_wconf 74' lang='lat' dir='ltr'><strong>gloriae</strong></span> <span class='ocrx_word' id='word_1_1130' title='bbox 2280 4905 2622 4972; x_wconf 62' lang='lat' dir='ltr'><strong>victoriisque</strong></span> <span class='ocrx_word' id='word_1_1131' title='bbox 2670 4919 2802 4958; x_wconf 70' lang='lat' dir='ltr'><strong>mete</strong></span> <span class='ocrx_word' id='word_1_1132' title='bbox 2848 4913 3085 4974; x_wconf 60' lang='lat' dir='ltr'><strong>tropea:</strong></span> <span class='ocrx_word' id='word_1_1133' title='bbox 3117 4905 3289 4973; x_wconf 84' lang='lat' dir='ltr'><strong>palam</strong></span> <span class='ocrx_word' id='word_1_1134' title='bbox 3323 4907 3521 4975; x_wconf 90' lang='lat' dir='ltr'><strong>prodeo</strong></span> <span class='ocrx_word' id='word_1_1135' title='bbox 3546 4947 3562 4970; x_wconf 91' lang='lat'><strong>,</strong></span> <span class='ocrx_word' id='word_1_1136' title='bbox 3595 4915 3652 4958; x_wconf 80' lang='lat' dir='ltr'><strong>et</strong></span> 
     </span>
    </p>
   </div>
   <div class='ocr_carea' id='block_1_145' title="bbox 2058 4975 3651 5044">
    <p class='ocr_par' dir='ltr' id='par_1_145' title="bbox 2058 4975 3651 5044">
     <span class='ocr_line' id='line_1_145' title="bbox 2058 4975 3651 5044; baseline 0.001 -17"><span class='ocrx_word' id='word_1_1137' title='bbox 2058 4976 2202 5028; x_wconf 89' lang='lat' dir='ltr'><strong>omni</strong></span> <span class='ocrx_word' id='word_1_1138' title='bbox 2247 4986 2506 5029; x_wconf 66' lang='lat' dir='ltr'><strong>creatura:</strong></span> <span class='ocrx_word' id='word_1_1139' title='bbox 2550 4975 2635 5028; x_wconf 89' lang='lat' dir='ltr'><strong>illa</strong></span> <span class='ocrx_word' id='word_1_1140' title='bbox 2683 4977 2855 5044; x_wconf 88' lang='lat' dir='ltr'><strong>palam</strong></span> <span class='ocrx_word' id='word_1_1141' title='bbox 2889 4977 3044 5030; x_wconf 81' lang='lat' dir='ltr'><strong>facio.</strong></span> <span class='ocrx_word' id='word_1_1142' title='bbox 3079 4975 3221 5030; x_wconf 85' lang='lat' dir='ltr'><strong>Vidit</strong></span> <span class='ocrx_word' id='word_1_1143' title='bbox 3259 4977 3344 5029; x_wconf 91' lang='lat' dir='ltr'><strong>illa</strong></span> <span class='ocrx_word' id='word_1_1144' title='bbox 3386 4977 3499 5041; x_wconf 82' lang='lat' dir='ltr'><strong>Sol;</strong></span> <span class='ocrx_word' id='word_1_1145' title='bbox 3530 4977 3651 5028; x_wconf 72' lang='lat' dir='ltr'><strong>ideo</strong></span> 
     </span>
    </p>
   </div>
   <div class='ocr_carea' id='block_1_146' title="bbox 2059 5045 3654 5110">
    <p class='ocr_par' dir='ltr' id='par_1_146' title="bbox 2059 5045 3654 5110">
     <span class='ocr_line' id='line_1_146' title="bbox 2059 5045 3654 5110; baseline -0.003 -10"><span class='ocrx_word' id='word_1_1146' title='bbox 2059 5050 2281 5100; x_wconf 87' lang='lat' dir='ltr'><strong>secessit</strong></span> <span class='ocrx_word' id='word_1_1147' title='bbox 2303 5054 2356 5099; x_wconf 92' lang='lat' dir='ltr'><strong>et</strong></span> <span class='ocrx_word' id='word_1_1148' title='bbox 2378 5045 2518 5099; x_wconf 91' lang='lat' dir='ltr'><strong>diem</strong></span> <span class='ocrx_word' id='word_1_1149' title='bbox 2546 5045 2598 5099; x_wconf 90' lang='lat' dir='ltr'><strong>in</strong></span> <span class='ocrx_word' id='word_1_1150' title='bbox 2632 5055 2842 5100; x_wconf 91' lang='lat' dir='ltr'><strong>noctem</strong></span> <span class='ocrx_word' id='word_1_1151' title='bbox 2867 5048 3094 5100; x_wconf 86' lang='lat' dir='ltr'><strong>mutavit</strong></span> <span class='ocrx_word' id='word_1_1152' title='bbox 3119 5065 3133 5101; x_wconf 89' lang='lat'><strong>:</strong></span> <span class='ocrx_word' id='word_1_1153' title='bbox 3163 5046 3291 5100; x_wconf 90' lang='lat' dir='ltr'><strong>vidit</strong></span> <span class='ocrx_word' id='word_1_1154' title='bbox 3322 5055 3495 5110; x_wconf 85' lang='lat' dir='ltr'><strong>terra;</strong></span> <span class='ocrx_word' id='word_1_1155' title='bbox 3530 5045 3654 5098; x_wconf 84' lang='lat' dir='ltr'><strong>ideo</strong></span> 
     </span>
    </p>
   </div>
   <div class='ocr_carea' id='block_1_147' title="bbox 2059 5115 3655 5186">
    <p class='ocr_par' dir='ltr' id='par_1_147' title="bbox 2059 5115 3655 5186">
     <span class='ocr_line' id='line_1_147' title="bbox 2059 5115 3655 5186; baseline -0.001 -15"><span class='ocrx_word' id='word_1_1156' title='bbox 2059 5118 2194 5186; x_wconf 71' lang='lat' dir='ltr'><strong>fugae</strong></span> <span class='ocrx_word' id='word_1_1157' title='bbox 2243 5117 2416 5170; x_wconf 89' lang='lat' dir='ltr'><strong>locum</strong></span> <span class='ocrx_word' id='word_1_1158' title='bbox 2463 5116 2707 5185; x_wconf 78' lang='lat' dir='ltr'><strong>qutesivit</strong></span> <span class='ocrx_word' id='word_1_1159' title='bbox 2746 5133 2761 5168; x_wconf 91' lang='lat'><strong>:</strong></span> <span class='ocrx_word' id='word_1_1160' title='bbox 2794 5115 2908 5170; x_wconf 65' lang='lat' dir='ltr'><strong>haec</strong></span> <span class='ocrx_word' id='word_1_1161' title='bbox 2951 5120 3129 5170; x_wconf 91' lang='lat' dir='ltr'><strong>sciunt</strong></span> <span class='ocrx_word' id='word_1_1162' title='bbox 3171 5127 3376 5185; x_wconf 69' lang='lat' dir='ltr'><strong>petrae;</strong></span> <span class='ocrx_word' id='word_1_1163' title='bbox 3424 5115 3655 5184; x_wconf 81' lang='lat' dir='ltr'><strong>ideoque</strong></span> 
     </span>
    </p>
   </div>
   <div class='ocr_carea' id='block_1_148' title="bbox 2057 5187 3651 5256">
    <p class='ocr_par' dir='ltr' id='par_1_148' title="bbox 2057 5187 3651 5256">
     <span class='ocr_line' id='line_1_148' title="bbox 2057 5187 3651 5256; baseline -0.003 -15"><span class='ocrx_word' id='word_1_1164' title='bbox 2057 5187 2238 5241; x_wconf 62' lang='lat' dir='ltr'><strong>scisse</strong></span> <span class='ocrx_word' id='word_1_1165' title='bbox 2267 5196 2412 5250; x_wconf 88' lang='lat' dir='ltr'><strong>sunt,</strong></span> <span class='ocrx_word' id='word_1_1166' title='bbox 2441 5196 2494 5240; x_wconf 90' lang='lat' dir='ltr'><strong>et</strong></span> <span class='ocrx_word' id='word_1_1167' title='bbox 2523 5187 2783 5241; x_wconf 89' lang='lat' dir='ltr'><strong>scissione</strong></span> <span class='ocrx_word' id='word_1_1168' title='bbox 2813 5187 3114 5256; x_wconf 88' lang='lat' dir='ltr'><strong>passionem</strong></span> <span class='ocrx_word' id='word_1_1169' title='bbox 3154 5202 3326 5240; x_wconf 90' lang='lat' dir='ltr'><strong>meam</strong></span> <span class='ocrx_word' id='word_1_1170' title='bbox 3359 5188 3608 5239; x_wconf 85' lang='lat' dir='ltr'><strong>luxerunt</strong></span> <span class='ocrx_word' id='word_1_1171' title='bbox 3637 5204 3651 5238; x_wconf 96' lang='lat'>:</span> 
     </span>
    </p>
   </div>
   <div class='ocr_carea' id='block_1_149' title="bbox 2060 5257 3656 5326">
    <p class='ocr_par' dir='ltr' id='par_1_149' title="bbox 2060 5257 3656 5326">
     <span class='ocr_line' id='line_1_149' title="bbox 2060 5257 3656 5326; baseline -0.003 -14"><span class='ocrx_word' id='word_1_1172' title='bbox 2060 5258 2174 5312; x_wconf 77' lang='lat' dir='ltr'><strong>[nec</strong></span> <span class='ocrx_word' id='word_1_1173' title='bbox 2197 5258 2373 5310; x_wconf 88' lang='lat' dir='ltr'><strong>sciunt</strong></span> <span class='ocrx_word' id='word_1_1174' title='bbox 2397 5259 2623 5324; x_wconf 90' lang='lat' dir='ltr'><strong>mortui;</strong></span> <span class='ocrx_word' id='word_1_1175' title='bbox 2653 5272 2775 5310; x_wconf 90' lang='lat' dir='ltr'><strong>nam</strong></span> <span class='ocrx_word' id='word_1_1176' title='bbox 2812 5266 3090 5326; x_wconf 90' lang='lat' dir='ltr'><strong>propterea</strong></span> <span class='ocrx_word' id='word_1_1177' title='bbox 3128 5272 3194 5312; x_wconf 83' lang='lat' dir='ltr'><strong>ex</strong></span> <span class='ocrx_word' id='word_1_1178' title='bbox 3230 5257 3488 5326; x_wconf 81' lang='lat' dir='ltr'><strong>sepulcris</strong></span> <span class='ocrx_word' id='word_1_1179' title='bbox 3527 5271 3656 5324; x_wconf 83' lang='lat' dir='ltr'><strong>pro-</strong></span> 
     </span>
    </p>
   </div>
   <div class='ocr_carea' id='block_1_150' title="bbox 2057 5325 3658 5398">
    <p class='ocr_par' dir='ltr' id='par_1_150' title="bbox 2057 5325 3658 5398">
     <span class='ocr_line' id='line_1_150' title="bbox 2057 5325 3658 5398; baseline -0.002 -16"><span class='ocrx_word' id='word_1_1180' title='bbox 2057 5329 2206 5383; x_wconf 90' lang='lat' dir='ltr'><strong>diere</strong></span> <span class='ocrx_word' id='word_1_1181' title='bbox 2251 5337 2528 5398; x_wconf 77' lang='lat' dir='ltr'><strong>currentes</strong></span> <span class='ocrx_word' id='word_1_1182' title='bbox 2565 5345 2581 5382; x_wconf 87' lang='lat'><strong>:</strong></span> <span class='ocrx_word' id='word_1_1183' title='bbox 2619 5329 2733 5382; x_wconf 77' lang='lat' dir='ltr'><strong>lucc</strong></span> <span class='ocrx_word' id='word_1_1184' title='bbox 2761 5325 2933 5398; x_wconf 12' lang='lat' dir='ltr'><strong>nevit,</strong></span> <span class='ocrx_word' id='word_1_1185' title='bbox 2951 5329 3125 5382; x_wconf 89' lang='lat' dir='ltr'><strong>velum</strong></span> <span class='ocrx_word' id='word_1_1186' title='bbox 3169 5327 3386 5398; x_wconf 82' lang='lat' dir='ltr'><strong>templi;</strong></span> <span class='ocrx_word' id='word_1_1187' title='bbox 3419 5325 3658 5394; x_wconf 85' lang='lat' dir='ltr'><strong>ideoque</strong></span> 
     </span>
    </p>
   </div>
   <div class='ocr_carea' id='block_1_151' title="bbox 2058 5396 3659 5467">
    <p class='ocr_par' dir='ltr' id='par_1_151' title="bbox 2058 5396 3659 5467">
     <span class='ocr_line' id='line_1_151' title="bbox 2058 5396 3659 5467; baseline -0.003 -14"><span class='ocrx_word' id='word_1_1188' title='bbox 2058 5398 2338 5454; x_wconf 89' lang='lat' dir='ltr'><strong>discissum</strong></span> <span class='ocrx_word' id='word_1_1189' title='bbox 2384 5396 2690 5452; x_wconf 71' lang='lat' dir='ltr'><strong>Judazorum</strong></span> <span class='ocrx_word' id='word_1_1190' title='bbox 2738 5397 3028 5467; x_wconf 86' lang='lat' dir='ltr'><strong>perniciem</strong></span> <span class='ocrx_word' id='word_1_1191' title='bbox 3075 5399 3223 5452; x_wconf 86' lang='lat' dir='ltr'><strong>luxit.</strong></span> <span class='ocrx_word' id='word_1_1192' title='bbox 3282 5396 3422 5450; x_wconf 65' lang='lat' dir='ltr'><strong>Vide</strong></span> <span class='ocrx_word' id='word_1_1193' title='bbox 3467 5412 3659 5467; x_wconf 68' lang='lat' dir='ltr'><strong>uiantis</strong></span> 
     </span>
    </p>
   </div>
   <div class='ocr_carea' id='block_1_152' title="bbox 2057 5466 3657 5538">
    <p class='ocr_par' dir='ltr' id='par_1_152' title="bbox 2057 5466 3657 5538">
     <span class='ocr_line' id='line_1_152' title="bbox 2057 5466 3657 5538; baseline -0.002 -17"><span class='ocrx_word' id='word_1_1194' title='bbox 2057 5484 2215 5532; x_wconf 81' lang='lat' dir='ltr'><strong>meas,</strong></span> <span class='ocrx_word' id='word_1_1195' title='bbox 2245 5477 2304 5520; x_wconf 91' lang='lat' dir='ltr'><strong>ut</strong></span> <span class='ocrx_word' id='word_1_1196' title='bbox 2331 5467 2539 5521; x_wconf 87' lang='lat' dir='ltr'><strong>voluisti</strong></span> <span class='ocrx_word' id='word_1_1197' title='bbox 2575 5484 2587 5519; x_wconf 88' lang='lat'>:</span> <span class='ocrx_word' id='word_1_1198' title='bbox 2624 5466 2845 5538; x_wconf 80' lang='lat' dir='ltr'><strong>digitum</strong></span> <span class='ocrx_word' id='word_1_1199' title='bbox 2877 5479 3025 5522; x_wconf 90' lang='lat' dir='ltr'><strong>tuum</strong></span> <span class='ocrx_word' id='word_1_1200' title='bbox 3055 5469 3282 5524; x_wconf 86' lang='lat' dir='ltr'><strong>immitte</strong></span> <span class='ocrx_word' id='word_1_1201' title='bbox 3307 5467 3362 5521; x_wconf 85' lang='lat' dir='ltr'><strong>in</strong></span> <span class='ocrx_word' id='word_1_1202' title='bbox 3389 5466 3657 5538; x_wconf 80' lang='lat' dir='ltr'><strong>profunda</strong></span> 
     </span>
    </p>
   </div>
   <div class='ocr_carea' id='block_1_153' title="bbox 2060 5536 3664 5608">
    <p class='ocr_par' dir='ltr' id='par_1_153' title="bbox 2060 5536 3664 5608">
     <span class='ocr_line' id='line_1_153' title="bbox 2060 5536 3664 5608; baseline 0.001 -19"><span class='ocrx_word' id='word_1_1203' title='bbox 2060 5539 2330 5608; x_wconf 86' lang='lat' dir='ltr'><strong>plagarum</strong></span> <span class='ocrx_word' id='word_1_1204' title='bbox 2360 5551 2624 5608; x_wconf 84' lang='lat' dir='ltr'><strong>mearum.</strong></span> <span class='ocrx_word' id='word_1_1205' title='bbox 2661 5536 2750 5592; x_wconf 86' lang='lat' dir='ltr'><strong>Vis</strong></span> <span class='ocrx_word' id='word_1_1206' title='bbox 2785 5555 2999 5608; x_wconf 85' lang='lat' dir='ltr'><strong>quoque</strong></span> <span class='ocrx_word' id='word_1_1207' title='bbox 3028 5541 3164 5593; x_wconf 85' lang='lat' dir='ltr'><strong>latus</strong></span> <span class='ocrx_word' id='word_1_1208' title='bbox 3190 5553 3367 5592; x_wconf 90' lang='lat' dir='ltr'><strong>meum</strong></span> <span class='ocrx_word' id='word_1_1209' title='bbox 3405 5536 3664 5590; x_wconf 87' lang='lat' dir='ltr'><strong>conside-</strong></span> 
     </span>
    </p>
   </div>
   <div class='ocr_carea' id='block_1_154' title="bbox 2057 5607 3660 5676">
    <p class='ocr_par' dir='ltr' id='par_1_154' title="bbox 2057 5607 3660 5676">
     <span class='ocr_line' id='line_1_154' title="bbox 2057 5607 3660 5676; baseline -0.001 -14"><span class='ocrx_word' id='word_1_1210' title='bbox 2057 5607 2178 5662; x_wconf 86' lang='lat' dir='ltr'><strong>rare</strong></span> <span class='ocrx_word' id='word_1_1211' title='bbox 2210 5624 2225 5661; x_wconf 91' lang='lat'><strong>:</strong></span> <span class='ocrx_word' id='word_1_1212' title='bbox 2257 5623 2384 5661; x_wconf 90' lang='lat' dir='ltr'><strong>ecce</strong></span> <span class='ocrx_word' id='word_1_1213' title='bbox 2429 5607 2556 5661; x_wconf 91' lang='lat' dir='ltr'><strong>illud</strong></span> <span class='ocrx_word' id='word_1_1214' title='bbox 2604 5607 2848 5676; x_wconf 82' lang='lat' dir='ltr'><strong>expaudo</strong></span> <span class='ocrx_word' id='word_1_1215' title='bbox 2879 5611 2993 5665; x_wconf 88' lang='lat' dir='ltr'><strong>tibi.</strong></span> <span class='ocrx_word' id='word_1_1216' title='bbox 3047 5610 3187 5664; x_wconf 72' lang='lat' dir='ltr'><strong>Inter</strong></span> <span class='ocrx_word' id='word_1_1217' title='bbox 3235 5622 3451 5663; x_wconf 82' lang='lat' dir='ltr'><strong>manum</strong></span> <span class='ocrx_word' id='word_1_1218' title='bbox 3504 5613 3660 5660; x_wconf 85' lang='lat' dir='ltr'><strong>tuam</strong></span> 
     </span>
    </p>
   </div>
   <div class='ocr_carea' id='block_1_155' title="bbox 2059 5678 3663 5744">
    <p class='ocr_par' dir='ltr' id='par_1_155' title="bbox 2059 5678 3663 5744">
     <span class='ocr_line' id='line_1_155' title="bbox 2059 5678 3663 5744; baseline -0.002 -12"><span class='ocrx_word' id='word_1_1219' title='bbox 2059 5678 2204 5732; x_wconf 85' lang='lat' dir='ltr'><strong>illam</strong></span> <span class='ocrx_word' id='word_1_1220' title='bbox 2234 5678 2497 5731; x_wconf 88' lang='lat' dir='ltr'><strong>curiosam</strong></span> <span class='ocrx_word' id='word_1_1221' title='bbox 2519 5718 2534 5744; x_wconf 91' lang='lat'><strong>,</strong></span> <span class='ocrx_word' id='word_1_1222' title='bbox 2569 5689 2623 5732; x_wconf 90' lang='lat' dir='ltr'><strong>et</strong></span> <span class='ocrx_word' id='word_1_1223' title='bbox 2653 5678 2804 5732; x_wconf 91' lang='lat' dir='ltr'><strong>mitte</strong></span> <span class='ocrx_word' id='word_1_1224' title='bbox 2832 5680 2886 5733; x_wconf 88' lang='lat' dir='ltr'><strong>in</strong></span> <span class='ocrx_word' id='word_1_1225' title='bbox 2923 5681 3060 5734; x_wconf 89' lang='lat' dir='ltr'><strong>latus</strong></span> <span class='ocrx_word' id='word_1_1226' title='bbox 3087 5694 3265 5734; x_wconf 88' lang='lat' dir='ltr'><strong>meum</strong></span> <span class='ocrx_word' id='word_1_1227' title='bbox 3300 5696 3313 5732; x_wconf 93' lang='lat'><strong>:</strong></span> <span class='ocrx_word' id='word_1_1228' title='bbox 3344 5687 3500 5744; x_wconf 85' lang='lat' dir='ltr'><strong>tange</strong></span> <span class='ocrx_word' id='word_1_1229' title='bbox 3527 5692 3663 5730; x_wconf 88' lang='lat' dir='ltr'><strong>cor-</strong></span> 
     </span>
    </p>
   </div>
   <div class='ocr_carea' id='block_1_156' title="bbox 2061 5748 3661 5818">
    <p class='ocr_par' dir='ltr' id='par_1_156' title="bbox 2061 5748 3661 5818">
     <span class='ocr_line' id='line_1_156' title="bbox 2061 5748 3661 5818; baseline 0.001 -17"><span class='ocrx_word' id='word_1_1230' title='bbox 2061 5762 2161 5817; x_wconf 90' lang='lat' dir='ltr'><strong>pus</strong></span> <span class='ocrx_word' id='word_1_1231' title='bbox 2189 5762 2364 5801; x_wconf 91' lang='lat' dir='ltr'><strong>meum</strong></span> <span class='ocrx_word' id='word_1_1232' title='bbox 2385 5788 2401 5813; x_wconf 94' lang='lat'><strong>,</strong></span> <span class='ocrx_word' id='word_1_1233' title='bbox 2433 5749 2574 5818; x_wconf 91' lang='lat' dir='ltr'><strong>quod</strong></span> <span class='ocrx_word' id='word_1_1234' title='bbox 2603 5748 2720 5803; x_wconf 90' lang='lat' dir='ltr'><strong>sine</strong></span> <span class='ocrx_word' id='word_1_1235' title='bbox 2745 5750 2950 5804; x_wconf 90' lang='lat' dir='ltr'><strong>semine</strong></span> <span class='ocrx_word' id='word_1_1236' title='bbox 2981 5750 3120 5803; x_wconf 90' lang='lat' dir='ltr'><strong>virili</strong></span> <span class='ocrx_word' id='word_1_1237' title='bbox 3146 5750 3494 5818; x_wconf 89' lang='lat' dir='ltr'><strong>constitutum</strong></span> <span class='ocrx_word' id='word_1_1238' title='bbox 3523 5758 3612 5802; x_wconf 83' lang='lat' dir='ltr'><strong>est</strong></span> <span class='ocrx_word' id='word_1_1239' title='bbox 3646 5764 3661 5802; x_wconf 91' lang='lat'><strong>:</strong></span> 
     </span>
    </p>
   </div>
   <div class='ocr_carea' id='block_1_157' title="bbox 2063 5817 3662 5889">
    <p class='ocr_par' dir='ltr' id='par_1_157' title="bbox 2063 5817 3662 5889">
     <span class='ocr_line' id='line_1_157' title="bbox 2063 5817 3662 5889; baseline 0.001 -17"><span class='ocrx_word' id='word_1_1240' title='bbox 2063 5828 2220 5888; x_wconf 77' lang='lat' dir='ltr'><strong>tange</strong></span> <span class='ocrx_word' id='word_1_1241' title='bbox 2242 5832 2435 5886; x_wconf 84' lang='lat' dir='ltr'><strong>corpus</strong></span> <span class='ocrx_word' id='word_1_1242' title='bbox 2453 5817 2638 5874; x_wconf 83' lang='lat' dir='ltr'><strong>meum</strong></span> <span class='ocrx_word' id='word_1_1243' title='bbox 2665 5831 2982 5889; x_wconf 82' lang='lat' dir='ltr'><strong>conceptum</strong></span> <span class='ocrx_word' id='word_1_1244' title='bbox 3015 5836 3084 5875; x_wconf 85' lang='lat' dir='ltr'><strong>ex</strong></span> <span class='ocrx_word' id='word_1_1245' title='bbox 3120 5819 3282 5874; x_wconf 77' lang='lat' dir='ltr'><strong>Maria</strong></span> <span class='ocrx_word' id='word_1_1246' title='bbox 3316 5817 3536 5889; x_wconf 84' lang='lat' dir='ltr'><strong>Virgine</strong></span> <span class='ocrx_word' id='word_1_1247' title='bbox 3557 5857 3573 5885; x_wconf 89' lang='lat'><strong>,</strong></span> <span class='ocrx_word' id='word_1_1248' title='bbox 3597 5830 3662 5874; x_wconf 86' lang='lat' dir='ltr'><strong>et</strong></span> 
     </span>
    </p>
   </div>
  </div>
