4028 6144
443 382 547 459 sas

440 507 512 550 est
536 493 767 549 Christus
806 492 1068 557 Dominus,
1100 493 1150 545 in
1173 492 1373 546 civitate
1399 491 1561 544 David
1590 489 1813 555 (ικαὶ.
1844 503 1890 540 v.
1926 488 2009 544 10.

442 566 553 636 Η).
586 562 745 636 Quod
781 565 851 618 sit
877 564 1120 636 Christus
1157 562 1482 636 et‘Salvator
1519 570 1573 636 et
1612 560 1887 636 Dominus,
1919 561 2020 636 huc

441 631 661 689 scimus.
694 634 749 688 Si
782 645 960 710 autem
1001 633 1201 710 dixeris
1228 633 1334 685 illis
1361 650 1374 686 :
1423 632 1589 710 Dicite
1617 631 1769 685 nobis
1796 645 1913 710 qua:
1952 631 2022 710 sit

441 706 559 773 ejus
602 716 785 773 natura
830 704 912 756 vel
943 703 1214 771 quomodo
1255 710 1411 757 natus
1440 703 1526 766 sit,
1553 717 1615 756 ac
1640 701 2021 773 quomodo__sit

443 769 540 842 ipsi
566 789 684 827 cum
718 772 871 827 Patre
896 769 1227 827 indivisibilis
1250 783 1518 842 potestas;
1547 774 1724 826 dicent
1757 771 1869 831 tibi,
1904 769 2017 842 Non

442 840 634 897 audisti
670 846 979 910 prophetam
1027 840 1288 898 dicentem
1316 861 1329 895 :
1362 842 1593 895 Laudate
1641 842 1911 894 Dominum
1959 840 2021 892 de

444 914 602 976 telis,
627 915 830 966 laudate
856 931 968 967 eum
996 914 1049 967 in
1075 914 1320 977 excelsis;
1352 913 1556 965 laudate
1583 929 1693 964 cum
1724 928 1893 963 omnes
1921 926 2013 961 an-

443 985 539 1053 geli
567 983 694 1049 eius,
729 985 933 1038 laudate
961 1001 1073 1037 eum
1112 1001 1281 1038 omnes
1308 984 1511 1036 virtutes
1554 983 1661 1052 ejus
1689 980 1868 1053 (P_sal._
1892 979 2015 1053 138.

448 1049 496 1108 ἰ.
534 1053 611 1120 9),
648 1055 871 1107 ministri
902 1055 1016 1119 ejus
1056 1055 1309 1108 facientes
1338 1049 1662 1105 voluntatem
1694 1049 1873 1104 illius?
1912 1049 2019 1102 Nos

445 1125 771 1177 Voluntatth
793 1124 911 1190 ejus
938 1125 1110 1178 facere
1133 1124 1261 1191 jnssi
1293 1137 1494 1186 sumus,
1526 1140 1629 1174 non
1660 1130 1897 1175 naturam
1928 1136 2020 1171 cx-

445 1192 679 1264 plorare.
715 1196 781 1246 At
809 1210 935 1264 num
960 1196 1128 1262 angeli
1155 1195 1333 1257 silent,
1364 1192 1636 1260 ρι’(ηιιιριιιι
1677 1208 1779 1244 non
1811 1205 2005 1264 annuu-

448 1261 599 1327 iiant,
636 1263 860 1331 apostoli
895 1261 1145 1318 arcanum
1174 1266 1423 1326 retinent,
1459 1264 1611 1315 l’atcr
1640 1277 1766 1315 vero
1809 1261 1895 1328 qui
1923 1274 2016 1328 ge-

445 1335 559 1388 nuit
591 1333 863 1403 quomodo
904 1334 1147 1401 genuerit
1191 1333 1485 1401 prmdical?
1537 1331 1716 1400 Neque
1766 1333 1886 1403 ipse
1919 1345 2017 1381 an-
2054 1400 2059 1403 μ

447 1397 673 1464 nuntiat.
723 1419 827 1457 non
858 1397 1003 1472 quod
1046 1397 1278 1471 ignoret,
1318 1404 1409 1455 sed
1450 1403 1586 1468 quod
1627 1397 1729 1454 non
1763 1397 2017 1472 proferat.

444 1474 595 1549 Qitotl
620 1469 1032 1549 genuerit—dicit,
1064 1469 1144 1526 Ex
1174 1484 1321 1549 utero
1352 1483 1477 1549 ante
1496 1472 1759 1538 luciferum
1787 1469 1942 1549 genui
1972 1479 2021 1521 te

445 1540 774 1614 (Psalin9.
807 1544 882 1610 5).
926 1543 1074 1610 Quod
1104 1545 1348 1609 genuerit
1377 1543 1525 1604 dicit,
1558 1558 1622 1594 tto
1647 1540 1882 1594 occultat
1913 1540 2015 1614 im-

443 1607 721 1667 inortaleut
776 1607 914 1666 illam
949 1607 1282 1682 igeuituram,
1311 1630 1427 1682 qua?
1471 1628 1535 1666 ex
1580 1620 1779 1665 a-tcrna
1839 1607 2018 1682 radice

444 1684 659 1751 prodiit,
695 1693 746 1738 ιιι
778 1678 1088 1738 testiﬁcatur
1114 1684 1178 1737 de
1208 1678 1342 1736 Filio
1389 1684 1545 1737 Pater
1573 1702 1585 1734 ε
1623 1682 1722 1734 llic
1751 1690 1821 1733 est
1853 1678 2018 1751 Filius

441 1749 579 1806 incus
604 1754 837 1815 dilectus,
881 1755 931 1807 in
964 1771 1061 1821 quo
1094 1754 1216 1806 nti/ti
1248 1754 1533 1820 catttplacui
1559 1752 1770 1822 (.llau/t.
1813 1751 1865 1805 5.
1898 1749 2011 1822 i7).

442 1822 543 1893 Ipsi
586 1823 714 1893 dicit
744 1845 756 1878 :
790 1823 873 1878 Ea:
894 1819 1032 1876 utero
1060 1835 1175 1876 ante
1209 1819 1471 1892 luciferum
1500 1819 1647 1893 genui
1690 1833 1774 1883 te;
1818 1819 2016 1893 mundo

440 1892 589 1957 dicit,
612 1892 805 1957 Genui,
839 1904 892 1947 et
933 1905 1171 1947 naturam
1199 1890 1411 1962 quidem
1443 1890 1739 1955 annuntiat,
1764 1890 1855 1945 sed
1902 1905 2017 1962 mo-

442 1965 568 2017 dum
598 1978 702 2018 non
732 1964 978 2031 explicat.
1012 1965 1143 2032 Quia
1174 1959 1331 2033 igitur
1359 1964 1625 2032 proposita
1662 1964 1814 2017 nobis
1843 1969 1927 2033 est
1948 1959 2016 2013 de

442 2033 654 2087 Christo
683 2030 978 2088 necessaria
1007 2030 1250 2103 quaestio,
1273 2035 1339 2088 ab
1359 2030 1672 2102 apostolicis
1698 2044 1751 2086 et
1783 2030 2015 2103 prophe-

444 2104 563 2180 ticis
603 2103 836 2180 fontibus
879 2120 942 2158 ne
967 2096 1437 2180 excedattiusrseil
1467 2096 2015 2180 cxiperenuihus—illis

441 2172 672 2250 ﬂuentis
698 2184 750 2227 et
783 2175 1165 2250 imtnortalihus
1195 2176 1497 2250 [luminibus
1535 2176 1837 2250 hauriamns
1874 2172 2010 2250 divi:

442 2257 540 2298 nos
568 2243 1050 2322 diviptedoctrime
1093 2247 1255 2299 rivos.
1300 2245 1434 2322 ilum
1481 2249 1621 2322 enim
1669 2261 1731 2297 ea
1758 2258 1875 2322 quae
1922 2242 2012 2322 Dei

441 2323 567 2367 sunt
608 2314 868 2383 quispiam
914 2315 1162 2383 loquitur,
1192 2332 1254 2370 ex
1300 2317 1427 2381 Deo,
1460 2318 1609 2384 quasi
1651 2329 1719 2369 ex
1762 2316 1903 2384 fonte
1935 2314 2008 2363 vi«

441 2393 619 2449 vente,
648 2385 761 2438 viva
786 2385 962 2438 haurit
990 2387 1203 2444 ﬂuenta.
1235 2383 1529 2440 secundum
1560 2386 1685 2439 illud
1716 2402 1729 2438 :
1764 2383 1847 2437 ille
1872 2383 2014 2435 derc-

441 2454 689 2526 liqucrunt
730 2458 919 2526 fontem
959 2471 1103 2523 aqua:
1144 2457 1266 2509 viva:
1291 2455 1422 2525 (λεν.
1449 2455 1653 2526 2.13);
1698 2464 1749 2509 et
1779 2468 2011 2526 rursum,

444 2523 564 2602 _I_3_tbe
604 2523 759 2602 aquas
800 2542 864 2602 ex
894 2523 1378 2602 fontibussalularis
1422 2527 1559 2579 illius
1607 2524 1758 2593 (lsai.
1793 2523 1947 2602 5.
1974 2525 2009 2589 ).

443 2596 497 2648 Si
526 2611 672 2663 ergo,
700 2596 989 2663 Seripturis
1035 2596 1256 2659 relictis,
1307 2596 1660 2649 humanorum
1711 2594 2013 2647 ratiocinio-

442 2665 1032 2734 rumconcupiscentiis
1071 2668 1385 2731 serviamus,
1423 2666 1509 2718 illa
1557 2666 1850 2735 cogitantes
1896 2679 2014 2731 qua:

441 2744 760 2790 succurrunt
791 2737 976 2799 tuenti,
1006 2750 1156 2804 aquzu
1196 2737 1451 2790 doctrina:
1488 2748 1704 2798 uostrm,
1744 2750 1893 2802 aqum
1923 2735 2016 2785 ilc—

442 2808 566 2859 sorti
595 2821 714 2860 esse
751 2808 1119 2870 inveniuntur,
1140 2822 1241 2859 non
1268 2806 1492 2860 viventis
1527 2805 1778 2869 ﬂuminis,
1802 2804 1894 2857 sed
1915 2805 2010 2856 (le-

442 2878 591 2940 serti,
620 2887 679 2930 ut
720 2877 1069 2947 Jcrosolymze
1097 2876 1307 2929 diccbat
1350 2877 1535 2931 beatus
1570 2876 1829 2930 Jeremias
1861 2892 1872 2926 :
1913 2872 2011 2925 Di-

443 2948 618 3000 latavit
643 2948 749 3000 vias
778 2964 897 3001 suas
924 2946 992 3000 ad
1025 2962 1183 3016 aquas
1217 2947 1397 3001 deserti
1420 2962 1442 3012 ;
1462 2958 1509 3001 et
1556 2959 1607 3000 ut
1634 2946 1829 3001 dictum
1859 2960 2012 2999 suum

444 3019 839 3085 interpretetur,
876 3015 1094 3088 adjicit:
1125 3015 1191 3088 In
1238 3018 1649 3087 concupiscentiis
1696 3018 1878 3088 anima:
1911 3031 2016 3088 sate

443 3088 621 3155 spiritu
666 3089 917 3158 ferebatur
947 3087 1105 3159 '(Jer.
1150 3087 1203 3141 2.
1248 3088 1375 3157 24);
1420 3090 1469 3142 id
1502 3099 1605 3154 est,
1636 3088 1712 3142 Ea
1759 3087 2011 3159 loqueba-

445 3167 528 3209 tur
563 3157 680 3228 quge
721 3160 894 3212 anima
927 3157 1020 3214 sua
1050 3160 1478 3226 concupiscebat,
1509 3177 1612 3213 non
1643 3174 1760 3228 quae
1802 3157 2018 3211 volebat

448 3228 605 3281 Deus.
639 3227 710 3281 Ita
736 3239 789 3282 et
820 3245 960 3284 nunc
988 3231 1076 3298 qtti
1100 3230 1585 3297 concupiscentiam
1614 3227 2014 3284 ratiociniorum

444 3313 666 3370 suorum
713 3300 922 3367 implet,
954 3315 1050 3353 nec
1080 3302 1269 3366 (titilll‘il
1310 3316 1368 3354 ea
1398 3317 1515 3370 quae
1566 3301 1654 3355 Dei
1714 3308 1869 3363 sunt,
1925 3315 2017 3368 per

443 3382 611 3435 aquas
636 3366 830 3423 deserti
867 3381 1026 3425 errat.
1055 3370 1198 3425 Nihil
1245 3374 1314 3425 ita
1350 3366 1602 3426 Ecclesia:
1635 3372 1881 3427 decorem
1919 3366 2016 3423 an-

447 3439 570 3502 fert,
602 3447 658 3492 ttt
683 3438 716 3492 ii
745 3443 830 3508 qui
877 3443 1361 3509 concupiscentiam
1411 3441 1763 3497 humanorum
1799 3443 2014 3495 ratioci-

447 3509 652 3562 uiornm
692 3513 1030 3565 cnttlirntaut.
1078 3512 1199 3567 Ideo
1228 3513 1421 3566 Paulus
1458 3514 1524 3565 de
1575 3511 1837 3566 lia-reticis
1870 3513 2015 3564 dice-

417 3579 535 3642 ,bat
560 3595 571 3630 :
612 3580 905 3634 Secundum
926 3584 1174 3636 desideria
1201 3599 1293 3635 sua
1316 3600 1353 3634 ca
1376 3594 1607 3635 acervant
1633 3583 1727 3634 sibi
1754 3582 2018 3647 magistros

447 3650 521 3718 (2.
539 3648 672 3702 Tim.
692 3653 745 3704 4.
765 3653 841 3719 5).
864 3652 1148 3706 Veniamus
1163 3667 1291 3719 ergo
1312 3652 1376 3704 ad
1395 3652 1655 3704 debitum.
1677 3652 1799 3704 Ilzvc
1830 3661 2018 3702 vestra:

446 3719 651 3772 caritati
678 3723 978 3774 necessario
1007 3724 1057 3775 in
1101 3733 1333 3774 utentem
1375 3723 1758 3789 pneutisiutus,
1792 3730 1847 3773 ut
1880 3720 2017 3774 dicta

447 3790 624 3840 omnia
655 3800 904 3843 accurate
933 3792 1294 3859 exploremus,
1322 3808 1426 3844 non
1450 3807 1513 3845 ex
1545 3792 1694 3844 nobis
1726 3791 1804 3843 vel
1832 3806 1896 3843 cx
1931 3808 2016 3843 ra-

449 3859 677 3913 tiociniis
701 3860 917 3924 nostris,
935 3862 1026 3913 sed
1050 3877 1111 3914 ex
1134 3861 1329 3914 divinis
1353 3862 1663 3930 Scripluris.
1684 3862 2017 3929 Propositum

451 3929 602 3981 nobis
619 3940 725 3983 erat
747 3931 947 3983 οειοιιιιτ
973 3947 1029 3983 re
1044 3933 1309 3999 qumnodo
1323 3929 1564 3985 Christus
1588 3933 1839 3984 mundum
1860 3948 2016 3985 reno-

448 4009 554 4063 vet,
577 4000 841 4066 quomodo
859 4016 949 4066 per
976 4001 1393 4055 incarnationem
1425 4017 1573 4055 suam
1594 4013 1814 4056 renovet
1851 4004 2019 4056 homi-

450 4086 568 4123 nent
598 4072 949 4124 inveteratum
974 4073 1022 4123 in
1045 4071 1289 4139 paradiso
1312 4081 1527 4140 propter
1546 4085 1817 4140 peccatum
1842 4089 2013 4128 situm.

518 4140 572 4194 ‘2.
609 4142 717 4194 lloc
747 4141 960 4208 polliciti
991 4155 1173 4194 Sttttttts
1206 4143 1254 4193 in
1277 4144 1443 4197 sacris
1472 4145 1834 4211 apostolorum
1861 4146 2016 4211 aulis,

449 4226 669 4281 remque
715 4211 1033 4274 distulimus,
1071 4227 1135 4264 eo
1179 4213 1318 4278 quod
1371 4230 1474 4266 non
1521 4230 1706 4267 omnes
1749 4214 2015 4268 adessent.

449 4281 738 4335 Exordium
790 4298 914 4335 vero
962 4282 1217 4335 ducmnus
1266 4284 1489 4336 orationi
1536 4283 2016 4350 accommodatum,

450 4366 642 4423 nempe
667 4353 1010 4423 creationem.
1048 4352 1184 4404 Fecit
1214 4352 1347 4405 Deus
1378 4356 1552 4406 ctelunt
1574 4365 1618 4405 et
1653 4365 1833 4407 terram
1866 4355 2015 4423 (lien.

449 4421 590 4492 1.1).
613 4422 927 4488 Principium
943 4422 1289 4476 dicemlorum
1311 4424 1557 4477 idoneum
1577 4434 1676 4481 est.
1695 4424 1858 4493 prima
1875 4421 2019 4483 basis

448 4495 652 4556 mundi,
689 4493 911 4559 primum
944 4494 1229 4546 creationis
1266 4493 1682 4550 fundamentum.
1717 4494 1856 4547 Fecit
1888 4495 2020 4551 Dens

447 4563 627 4633 cadant
666 4573 708 4615 et
747 4572 930 4633 terram
972 4572 1015 4616 et
1054 4580 1225 4628 mare,
1269 4574 1313 4616 et
1352 4566 1520 4617 omnia
1558 4581 1669 4633 qua:
1704 4566 1755 4617 in
1796 4566 1865 4617 cis
1905 4578 2019 4621 sunt

448 4631 623 4702 (Psal.
657 4633 775 4687 145.
801 4632 877 4701 ti).
911 4634 977 4688 lit
1020 4634 1200 4702 paucis
1225 4636 1420 4697 dicam,
1459 4631 1808 4702 alia-quidem
1840 4640 2017 4691 omnia

447 4702 608 4757 verbo
635 4703 899 4770 pt’t‘duxil,
926 4704 1066 4773 quod
1093 4706 1209 4771 ejus
1236 4706 1382 4759 uului
1413 4705 1541 4757 nihil
1569 4706 1809 4769 obsistat,
1839 4722 1935 4760 nec
1956 4724 2017 4762 ea

448 4775 497 4827 in
529 4789 587 4828 re
614 4774 868 4828 laboravit
900 4777 976 4827 vel
1005 4776 1234 4839 Sudavit,
1255 4775 1394 4843 qttod
1426 4775 1625 4828 dictum
1655 4776 1816 4843 ipsius
1839 4792 2015 4832 rerum

447 4854 633 4898 natura
680 4857 1012 4914 sequeretur.
1062 4846 1210 4899 Fecit
1259 4861 1344 4899 res
1389 4860 1576 4897 orsacs
1623 4856 1849 4909 creatas,
1879 4860 1933 4902 et
1965 4851 2015 4903 in

449 4915 552 4968 lina
603 4914 870 4970 hominem
916 4917 1110 4984 Opilieii
1157 4917 1425 4970 decorem.
1478 4916 1625 4969 Sicut
1663 4918 1803 4969 enim
1851 4929 2016 4974 totout

446 4999 639 5054 corpus
684 4996 921 5040 nostrum
965 4996 1160 5054 praeter
1208 4988 1432 5051 vultum,
1473 5000 1737 5040 mortuum
1772 4988 2012 5045 videtur:

445 5053 524 5104 sic
553 5054 726 5107 omnis
750 5053 989 5108 creatura
1020 5057 1239 5109 visibilis
1276 5072 1392 5109 ειιιο
1421 5058 1634 5110 homine
1662 5068 1866 5112 mortua
1899 5073 2013 5115 est:

446 5121 715 5196 quatuodo
735 5125 1090 5196 antennandi.
1108 5126 1426 5196 splendidus
1447 5136 1529 5179 est
1549 5127 1651 5189 sol,
1666 5127 1759 5180 sed
1782 5131 2015 5196 seipsnm

445 5191 750 5246 dCSCrihere
798 5193 1019 5262 nequit:
1053 5191 1327 5260 splendida
1374 5205 1456 5248 est
1486 5196 1629 5259 luna,
1656 5196 1749 5249 sed
1795 5191 2015 5254 Conver-

447 5263 627 5337 sioncs
654 5276 775 5337 suas
806 5278 931 5337 non
953 5264 1061 5331 ipsa
1090 5263 1293 5337 docuit,
1317 5264 1409 5317 sed
1438 5264 1656 5337 verbum
1700 5266 1817 5320 illas
1842 5271 2012 5337 θκιιιί-

447 5331 635 5385 cavit:
691 5332 1001 5400 splendidus
1043 5334 1313 5387 stellarum
1357 5333 1509 5397 ordo,
1557 5334 1652 5390 sed
1698 5331 2013 5395 concinnam

447 5401 654 5455 illarum
708 5403 969 5475 rationem
1024 5402 1264 5475 doctrina
1316 5403 1530 5457 tradidit
1575 5421 1589 5458 :
1636 5421 1881 5475 maguum
1933 5420 2015 5466 est

446 5486 626 5544 mare,
676 5472 770 5526 scd
819 5473 960 5526 illius
1002 5473 1150 5526 sinus
1212 5472 1443 5529 humana
1501 5476 1674 5544 ltngua
1723 5472 2010 5536 enarravit.

443 5540 692 5610 Nihilque
716 5553 796 5596 est
824 5544 873 5596 in
910 5558 1085 5597 rerum
1116 5551 1300 5597 natura
1324 5544 1462 5613 quod
1492 5540 1720 5600 humana
1754 5564 1880 5604 voce
1908 5566 2010 5603 non

442 5621 592 5684 egeat
615 5613 919 5680 interprete.
949 5614 1057 5669 Hoc
1080 5613 1218 5678 facit,
1245 5624 1303 5668 ιιι
1321 5616 1458 5683 quod
1483 5616 1741 5671 absintum
1767 5628 1868 5684 est,
1888 5635 2012 5674 vere

440 5682 637 5753 malum
669 5684 997 5753 ostendatur,
1029 5685 1245 5753 etquod
1292 5682 1486 5739 bunum
1529 5696 1629 5747 est,
1661 5703 1782 5742 vere
1814 5682 2009 5744 bonum

443 5751 727 5819 probetur.
751 5754 897 5827 Nam
947 5751 1194 5825 aspectus
1223 5770 1365 5826 smpe
1412 5756 1561 5817 fallit,
1594 5767 1929 5827 mentemque
1960 5763 2009 5815 in

439 5837 676 5880 errorem
731 5825 983 5892 deducit,
1033 5827 1123 5881 sed
1179 5825 1397 5882 verbum
1447 5829 1704 5883 accedens
1765 5825 2005 5885 naturam

1504 375 1566 432 IN
1608 373 2164 432 tNCARNATlONEM
2207 374 2462 441 DOMINI,
2497 373 2646 429 ETC.

3603 381 3711 433 690

2128 488 2366 560 exhibet,
2397 488 2659 560 virtutem
2689 486 2931 560 subjicit,
2968 488 3260 560 doctrinam
3309 491 3704 560 interpretatur.

2129 558 2376 631 Animum
2404 574 2533 627 ergo
2576 556 2790 631 adhibe.
2827 557 2985 631 Fecit.
3020 559 3163 613 Dcus
3211 556 3705 631 totnmsopilicium,

2127 637 2180 681 ct
2210 629 2274 704 in_
2306 627 2409 704 line
2439 628 2724 704 creationis
2768 627 3058 704 hominem,
3087 631 3396 704 secundum
3425 627 3704 704 imaginem

2126 707 2179 750 ct
2235 699 2633 770 similitudinem
2686 712 2879 762 suam;
2952 700 3355 770 imaginemque'
3388 702 3503 770 ipsi,
3533 699 3705 770 dedit,

2128 783 2234 841 non
2276 770 2515 841 corporis
2546 768 2788 838 ﬁguram,
2840 770 2935 823 δοιι
2991 768 3310 839 ιιι-ειξοῑριιειιιι
3365 768 3701 841 dignitatem,

2125 837 2464 891 discernendi
2514 837 2639 899 vim,
2670 850 2723 890 et
2770 854 2863 906 per
2893 841 3112 894 virtutes
3151 837 3553 897 ὲὶιιιίιιιιιιιῖιιθιιι
3582 837 3702 899 cum

2124 908 2327 979 Opilice
2373 907 2565 961 Factus
2591 918 2671 979 est
2698 908 3040 979 igiturhomo
3063 911 3128 965 ad
3158 912 3437 979 imaginem
3463 923 3515 966 et
3547 916 3701 969 sinti~

2125 978 2401 1031 litudincm
2447 980 2573 1041 Dei,
2616 978 3126 1047 εἰιιιὶιιιιιιιῑυθιιιιίιιθ
3167 978 3285 1034 sine
3324 982 3481 1035 modo
3521 999 3700 1038 cxten-

2123 1047 2218 1101 dit.
2260 1048 2337 1120 N3
2380 1056 2739 1120 putes__autetn
2765 1089 2778 1111 ,
2825 1048 2941 1103 haec
2977 1064 3097 1103 esse
3134 1051 3202 1103 ah
3253 1065 3564 1120 argumento
3602 1071 3700 1109 nu-

2123 1127 2236 1171 stro
2274 1101 2469 1170 εΠὲιιιιςι.
2529 1117 2660 1171 Nam
2700 1101 2790 1179 ea,
2827 1133 2950 1184 qum
2991 1135 3131 1172 nunc
3169 1101 3504 1187 ιὶἱεδρῗίῐιιιις,
3549 1126 3698 1179 radix

2128 1195 2249 1240 cunt
2286 1203 2488 1251 eorum,
2514 1205 2632 1256 qua:
2671 1188 2865 1244 dicturi
2902 1204 3107 1244 sumus.
3139 1189 3286 1244 Fecit
3327 1194 3593 1247 hominem
3635 1196 3699 1247 ad

2120 1258 2404 1326 imaginem
2435 1269 2483 1312 el
2527 1258 2927 1312 similitudinem
2969 1274 3139 1313 suam.
3178 1260 3353 1314 Voluit
3391 1276 3513 1316 cum
3540 1280 3700 1318 cursu

2125 1327 2342 1403 tendere
2380 1328 2443 1380 ad
2488 1328 2692 1403 Domini
2733 1330 2812 1382 sui
2852 1329 3160 1403 dignitatem
3198 1346 3212 1392 ;
3271 1332 3364 1403 sed
3404 1348 3525 1386 eum
3566 1350 3689 1403 qua-

2121 1397 2515 1485 damlmenlsnra
2540 1439 2553 1459 ,
2586 1398 3041 1485 seriel_ct.ordiue.
3075 1399 3317 1485 Exempli
3343 1417 3501 1485 causa
3533 1397 3698 1485 (nam

2123 1479 2151 1516 a
2183 1468 2485 1543 vulgaribus
2527 1471 2785 1536 exctnplis
2817 1468 3430 1543 ha'oStatueuila—sunl)
3468 1491 3481 1527 :
3510 1468 3552 1526 si
3579 1477 3698 1543 quis

2121 1536 2258 1610 apud
2289 1552 2385 1610 nos
2415 1539 2574 1591 h~-rns
2615 1553 2827 1610 servum
2863 1540 3073 1602 haheat,
3108 1536 3548 1610 videritquc'etun
3584 1536 3699 1597 iini-

2124 1605 2221 1677 tari
2250 1608 2580 1674 prudentiam
2604 1609 2966 1677 suannipsum
2995 1622 3133 1663 amat
3155 1624 3208 1663 et
3236 1605 3490 1675 honorat;
3515 1614 3558 1666 si
3583 1616 3701 1667 inti-

2123 1676 2222 1749 tari
2246 1677 2583 1749 clementiam
2608 1695 2755 1731 suam
2789 1676 3050 1749 advertat,
3075 1682 3292 1748 perinde
3323 1682 3595 1749 lzttttttltttu,
3617 1685 3698 1741 di-

2120 1742 2273 1823 βεῖις
2305 1748 2351 1801 si
2384 1750 2574 1823 viderit
2608 1749 2883 1802 ecclesiam
2914 1742 3269 1823 frequentare.
3297 1753 3378 1818 l’ic
3405 1742 3699 1823 “Sereije'

2115 1814 2306 1889 jutiare
2325 1858 2341 1882 ,
2372 1818 2739 1889 eicetnosynas
2764 1814 3023 1889 erogare,
3052 1822 3189 1875 hanc
3217 1814 3538 1888 probam'sm
3571 1814 3697 1878 imi-

2121 1886 2372 1957 tationem
2401 1886 2560 1942 herus
2587 1886 3089 1957 a‘pprobatherum
3117 1891 3160 1943 si
3188 1886 3374 1945 servus
3398 1893 3488 1947 ille
3519 1894 3694 1947 imita-

2121 1956 2318 2010 tionem
2350 1957 2489 2009 illam
2523 1957 2659 2011 ultra
2688 1959 2903 2012 modum
2928 1961 3179 2014 extendat
3202 2001 3215 2023 ,
3247 1961 3292 2016 si
3320 1963 3696 2018 auctoritatem

2119 2023 2232 2100 heri
2265 2027 2347 2081 sui
2387 2028 2620 2100 imitetur
2641 2030 2969 2100 ,conservis
2999 2029 3267 2100 imperans
3300 2042 3355 2086 ut
3386 2033 3580 2099 herus,
3615 2034 3696 2088 fa-

2119 2096 2344 2151 cultates
2374 2109 2429 2151 ttt
2457 2098 2615 2151 herus
2637 2098 2902 2167 dissipans
2925 2139 2940 2165 ,
2974 2096 3092 2154 ιιοη⁷
3107 2100 3249 2155 ultra
3273 2096 3699 2159 laudabilis—inti-

2122 2167 2253 2239 tatio
2295 2177 2408 2232 est,
2456 2167 2549 2223 sed
2592 2168 2974 2237 vituperabilis.
3026 2172 3251 2239 Oportet
3288 2176 3429 2228 enim
3479 2189 3694 2229 servum

2120 2236 2313 2313 imitari
2341 2239 2452 2293 lteri
2477 2239 2554 2292 sui
2577 2242 2878 2313 atquitatcm
2897 2281 2912 2305 ,
2945 2236 3392 2311 temperantiam,
3426 2246 3691 2313 pietatem,

2115 2308 2409 2375 justitiam,
2443 2325 2546 2363 non
2577 2310 2948 2365 auctoritatem
2972 2353 2986 2374 ,
3020 2308 3073 2365 et
3100 2308 3538 2370 dominationem.
3570 2308 3689 2370 Jusé

2118 2394 2208 2430 sus
2234 2394 2360 2449 ergo
2394 2381 2551 2433 homo
2595 2380 2686 2433 Dei
2731 2381 3018 2435 bonitatem
3063 2381 3296 2446 imitari,
3345 2385 3693 2441 imitatiOneut

2120 2450 2252 2501 ultra
2283 2450 2494 2503 modum
2518 2450 2786 2514 extendit;
2822 2452 3089 2519 voluitque
3116 2454 3328 2507 demum
3360 2455 3452 2510 Dei
3479 2457 3695 2510 temnla-

2121 2528 2205 2571 tor
2243 2535 2394 2583 esse,
2452 2535 2555 2573 non
2596 2522 2886 2576 secundum
2932 2523 3211 2587 virtutem,
3262 2525 3355 2579 sed
3404 2527 3694 2581 secundum

2117 2590 2506 2664 auctoritatem.
2553 2590 2684 2644 Nam
2717 2591 2905 2664 hacin
2937 2608 2992 2645 re
3023 2592 3167 2664 illum
3200 2608 3422 2663 serpens
3447 2594 3652 2664 decepit
3678 2639 3692 2659 ,

2116 2658 2301 2712 dicens
2325 2678 2336 2716 :
2363 2658 2427 2730 lu
2458 2676 2770 2730 quacumque
2796 2662 2877 2714 die
2907 2663 3244 2729 comedet-itis,
3274 2658 3413 2719 eritis
3442 2658 3690 2727 sicut'dii.

2116 2730 2326 2805 scientes
2354 2728 2537 2805 bonum
2565 2740 2610 2784 et
2640 2728 2845 2805 malum,
2868 2731 2885 2802 (
2908 2730 3035 2805 Gen.
3065 2735 3119 2788 5.
3151 2734 3242 2805 5).
3287 2734 3489 2789 Laudat
3512 2745 3691 2791 autem

2120 2799 2258 2853 Deus
2287 2801 2657 2867 imitationem,
2674 2799 2885 2869 quando
2912 2803 3125 2858 modum
3149 2799 3346 2865 servat;
3368 2807 3455 2859 sin
3477 2806 3692 2861 modum

2120 2871 2378 2940 excedat,
2424 2873 2656 2926 imitator
2686 2873 3112 2940 reprehenditur.
3162 2874 3314 2930 Unde
3344 2876 3482 2931 hoc?
3512 2878 3645 2931 Dicit
3680 2897 3690 2929 :

2123 2938 2397 3015 Faciamus
2420 2942 2671 3015 hominem
2697 2938 2763 2996 ad
2792 2944 3061 3015 imaginem
3101 2956 3146 2999 et
3177 2945 3556 3001 similitudinem
3601 2966 3693 3001 no-

2120 3012 2570 3087 strant-(dbidal.
2603 3015 2673 3068 26
2699 3014 2851 3087 Dei
2882 3012 3082 3087 similes
3112 3016 3231 3070 lacti
3261 3027 3380 3070 sunt
3421 3019 3650 3087 apostoli
3677 3059 3690 3080 ,

2121 3097 2219 3135 nec
2246 3083 2504 3151 ohjurgati
2536 3093 2659 3157 sunt
2681 3083 2706 3149 ς’
2732 3085 2820 3138 Dei
2852 3084 3053 3139 similes
3087 3091 3204 3140 lat-ti
3233 3097 3355 3140 sunt
3381 3083 3651 3157 prophetae
3676 3131 3690 3151 ,

2123 3166 2221 3227 nec
2253 3155 2560 3227 reprehensi
2592 3165 2735 3227 sunt.
2786 3157 2973 3209 lmitati
3005 3167 3126 3210 sunt
3170 3159 3284 3227 ejus
3312 3155 3650 3213 clementiam
3677 3199 3691 3220 ,

2122 3223 2537 3277 misericordiam
2560 3266 2573 3288 ,
2598 3225 2856 3294 justitiam
2883 3267 2896 3286 ,
2935 3223 3213 3293 pietatcmf
3233 3229 3467 3283 Similem
3495 3242 3555 3283 se
3588 3230 3694 3280 Deo

2120 3293 2379 3361 quispam
2413 3293 2651 3350 exhibuit
2690 3296 2980 3350 secundum
3009 3298 3241 3351 divinam
3277 3300 3644 3353 auctoritawm
3672 3339 3687 3360 ,

2121 3371 2175 3437 et
2200 3366 2400 3437 statim
2444 3368 2627 3434 plenus
2657 3379 2758 3422 est.
2794 3368 2923 3420 Dicit
2957 3369 3117 3422 Isaias
3143 3369 3348 3421 cuidam
3383 3377 3610 3437 tyranno
3644 3370 3694 3423 itt

2122 3432 2391 3507 l_iah)lune
2417 3432 2535 3499 [se
2565 3453 2745 3507 parent
2785 3440 2893 3507 Deo
2936 3438 3157 3491 l'urcttis
3194 3455 3340 3491 more
3379 3432 3645 3493 eitbilreuti
3678 3456 3690 3491 :

2124 3501 2201 3555 Tu
2233 3501 2411 3559 dixisti.
2433 3509 2482 3560 in
2513 3501 2673 3560 incute
2702 3517 2788 3559 tua
2821 3523 2838 3559 :
2870 3506 2933 3559 In
2959 3509 3136 3561 cu'lum
3174 3511 3441 3560 ascendam
3466 3550 3480 3571 ,
3526 3521 3573 3562 et
3618 3528 3692 3562 se-

2122 3574 2248 3626 debo
2293 3576 2345 3627 in
2389 3578 2638 3647 montibus
2686 3577 2935 3640 excelsis,
2979 3578 3065 3646 qui
3105 3588 3220 3630 sunt
3270 3581 3337 3630 ad
3371 3581 3688 3647 aquilonem,

2123 3659 2279 3711 supra
2308 3645 2461 3697 nubes
2486 3648 2815 3699 conscendam
2839 3686 2853 3709 ,
2885 3657 2929 3699 et
2959 3645 3115 3714 supra
3142 3649 3315 3700 stellas
3345 3645 3527 3715 ponant
3555 3653 3691 3703 tlu'o-

2124 3728 2244 3764 nam
2292 3730 2489 3779 meum,
2532 3725 2580 3768 et
2609 3732 2693 3768 ero
2721 3717 2900 3768 similis
2929 3717 3183 3771 Allissinto
3212 3734 3230 3772 :
3273 3735 3404 3771 nunc
3432 3729 3596 3772 autent
3628 3721 3693 3771 ad

2123 3783 2377 3856 infernum
2403 3785 2670 3856 descendas
2688 3827 2702 3849 ,
2735 3797 2783 3839 et
2808 3786 2874 3838 ad
2902 3790 3231 3856 fundamenta
3259 3799 3402 3842 terra:
3427 3786 3581 3855 (lsai.
3610 3791 3686 3843 l4.

2128 3852 2356 3940 its-15).
2400 3852 3214 3940 ‘iidth’AQUItntOdD'CDt‘ll,nqul
3259 3852 3502 3940 superbia
3559 3860 3690 3940 υιιιε-

2126 3936 2292 3993 ratur,
2322 3926 2548 4000 puniat?
2577 3927 2831 4000 Quantam
2866 3927 3060 4000 invidia
3090 3926 3275 3983 fuisset
3303 3926 3570 4000 opiﬁcium
3619 3932 3695 3984 si-

2123 4000 2249 4053 mile
2273 4014 2393 4052 esse
2418 3997 2654 4052 Creatori
2680 4038 2701 4063 ,
2723 3998 2765 4051 si
2794 3998 3086 4068 secundum
3119 3997 3398 4068 imaginem
3424 4008 3477 4053 et
3506 4002 3663 4055 simili
3680 4032 3693 4041 -

2127 4069 2362 4125 tudinem
2393 4069 2508 4138 ejus
2539 4069 2732 4122 laetum
2763 4070 2949 4122 esset?
2982 4067 3174 4141 Verum
3205 4067 3550 4125 immoderata
3580 4072 3695 4141 ejus

2124 4140 2343 4194 audacia
2386 4141 2601 4194 modum
2634 4154 2736 4192 non
2766 4141 3012 4193 servavit.
3048 4139 3176 4192 Nam
3209 4142 3418 4195 virtutis
3446 4139 3693 4194 similitu-

2125 4210 2303 4265 dinem
2343 4211 2590 4277 reliquit,
2640 4220 2694 4264 et
2736 4210 2801 4263 ad
2831 4226 2950 4264 eam
3003 4209 3270 4264 festinavit
3296 4211 3691 4266 similitudinem

2122 4292 2242 4346 qu:e
2267 4280 2556 4335 secundum
2584 4282 2949 4335 auctoritatem
2979 4291 3114 4334 erat.
3143 4281 3214 4334 Ita
3245 4281 3320 4335 de
3340 4281 3533 4336 Dat-ide
3562 4282 3693 4336 dici-

2127 4361 2215 4405 tur
2242 4369 2254 4403 :
2288 4350 2468 4404 Inveni
2497 4350 2661 4403 David
2689 4351 2851 4418 ﬁlium
2877 4351 3041 4405 Jesste
3063 4392 3077 4414 ,
3112 4353 3270 4404 virum
3296 4352 3568 4405 secundum
3607 4368 3694 4405 cor

2124 4437 2286 4493 meum
2322 4424 2338 4493 (
2365 4422 2475 4473 Act.
2508 4422 2594 4493 15.
2628 4421 2697 4493 2ίὲ
2722 4423 2758 4488 ).
2790 4421 2931 4493 Ecce
2972 4422 3370 4493 similitudinem
3402 4423 3693 4477 secundum

2126 4491 2428 4558 imaginem.
2477 4491 2607 4556 Quia
2656 4491 2866 4545 Davidis
2904 4494 3154 4560 Cogitatio
3199 4492 3263 4547 ad
3313 4493 3474 4546 Deum
3522 4496 3693 4560 resne

2123 4564 2327 4626 ciebat,
2360 4561 2500 4630 quod
2528 4570 2670 4616 esset
2694 4563 2879 4629 plenus
2908 4564 3163 4617 modestia
3188 4603 3203 4628 ,
3257 4563 3570 4628 humilitate,
3606 4564 3693 4631 ju-

2123 4634 2280 4687 Stitia:
2301 4634 2533 4687 ettltoret
2549 4632 2888 4686 humanitatis
2914 4650 2926 4685 :
2954 4631 3126 4687 Inveni
3153 4635 3317 4687 David
3328 4633 3492 4702 [ilium
3511 4633 3694 4698 lesste.

2124 4705 2283 4756 virum
2310 4703 2585 4758 secundum
2614 4721 2700 4757 cor
2723 4719 2905 4755 nteant.
2939 4704 3070 4758 luunt
3096 4704 3344 4773 quidem,
3373 4705 3470 4773 qui
3488 4720 3581 4759 cor
3605 4706 3693 4760 Dei

2124 4785 2268 4827 recte
2299 4775 2532 4828 imitatus
2561 4784 2674 4845 erat
2697 4816 2711 4839 ,
2754 4773 3018 4840 laudavit;
3053 4774 3199 4828 illutn
3233 4791 3357 4830 vero
3387 4785 3689 4845 tyrannum,

2124 4846 2210 4913 qui
2242 4860 2336 4898 cor
2370 4846 2458 4899 Dei
2490 4844 2719 4898 imitatus
2749 4853 2896 4909 erat,
2950 4862 3053 4898 non
3100 4844 3692 4912 secundumvirtutem,

2122 4916 2213 4968 scd
2254 4918 2545 4969 secundum
2586 4914 3033 4987 dominationem,
3069 4917 3417 4987 vituperavit,
3451 4918 3557 4972 imo
3598 4936 3695 4987 pu-

2125 4988 2274 5040 nivit.
2311 4987 2548 5054 Dicitque
2582 4986 2717 5056 Deus
2749 5003 2842 5054 per
2874 4988 3204 5041 lizechiclctn
3250 4986 3360 5040 :Et
3391 4998 3465 5053 tu,
3499 4988 3576 5056 ﬁli
3604 4986 3695 5042 lto-

2121 5058 2269 5111 ntinis
2288 5096 2305 5120 ,
2333 5057 2413 5128 dic
2437 5056 2654 5128 principi
2681 5055 2801 5128 Tyri
2825 5072 2841 5109 :
2863 5057 2994 5121 Quia
3013 5057 3289 5111 exaltatum
3317 5066 3387 5110 est
3414 5055 3505 5112 cor
3530 5068 3693 5125 tuum,

2119 5139 2165 5198 et
2195 5127 2408 5191 dixisti,
2452 5127 2587 5198 Deus
2617 5127 2733 5179 sunt
2767 5143 2896 5198 ego;
2939 5138 2992 5180 tu
3040 5144 3154 5181 vero
3182 5131 3329 5179 homo
3372 5143 3461 5192 es,
3511 5137 3556 5180 et
3596 5145 3696 5182 non

2121 5197 2245 5270 deus
2275 5213 2293 5251 :
2321 5206 2366 5251 et
2395 5197 2577 5250 dedisti
2604 5197 2911 5270 cor_tuain,_
2941 5208 2995 5251 ut
3025 5216 3112 5251 cor
3144 5198 3225 5249 dei
3253 5213 3272 5251 :
3301 5198 3416 5270 ideo
3458 5213 3570 5251 ecce
3605 5216 3696 5270 ego

2120 5267 2357 5340 inducant
2382 5283 2538 5340 super
2567 5277 2613 5320 te
2638 5268 2855 5322 alienam
2886 5268 3071 5335 [autem
3100 5285 3130 5319 a
3154 5267 3413 5340 gentibus,
3458 5278 3504 5340 et
3531 5267 3696 5340 evani-

2121 5338 2310 5391 nabunt
2334 5339 2534 5407 gladios
2560 5354 2677 5392 suos
2705 5346 2878 5407 contra
2908 5348 2972 5397 te,
3004 5347 3047 5390 et
3070 5350 3242 5390 contra
3268 5338 3694 5407 pulchritudinem

2120 5406 2351 5463 scientiis
2388 5419 2491 5479 tua:
2531 5407 2751 5479 (Bacch.
2795 5406 2885 5461 28.
2934 5407 2987 5460 2.
3021 5408 3126 5471 7i;
3176 5417 3337 5476 utque
3375 5412 3694 5476 compendio

2119 5480 2314 5544 dicam,
2332 5478 2513 5547 adjicit
2535 5478 2549 5532 ἑ
2576 5478 2640 5531 Et
2663 5480 2889 5532 morieris
2913 5488 3069 5532 ntorte
3090 5495 3151 5533 ea:
3173 5479 3457 5532 vulneribus
3474 5479 3526 5532 in
3543 5487 3694 5537 corde

2121 5552 2297 5605 maris.
2335 5548 2596 5620 Numquid
2625 5550 2759 5603 dices
2780 5589 2796 5613 ,
2832 5549 2969 5620 Dens
2997 5567 3105 5601 sunt
3136 5567 3223 5620 ego
3243 5591 3257 5609 ,
3307 5565 3474 5601 rerum
3502 5552 3694 5619 inter/i~

2120 5622 2361 5674 cientibus
2379 5629 2424 5672 le
2450 5618 2609 5688 (Ibid.
2638 5637 2685 5674 v.
2710 5623 2759 5675 8.
2792 5619 2887 5690 9)?
2918 5620 3122 5685 Vidcn‘,
3149 5618 3413 5688 quomodo
3441 5620 3526 5674 illa
3559 5618 3689 5679 ultra

2120 5691 2333 5745 modum
2368 5690 2590 5745 imitatio
2634 5692 2917 5760 puniatur?
2967 5692 3133 5744 llomo
3164 5694 3337 5758 itaque
3370 5707 3651 5759 pervorsus
3676 5737 3690 5755 ,

2122 5764 2173 5815 in
2211 5763 2350 5816 illam
2399 5761 2534 5814 ultra
2569 5763 2785 5817 modum
2819 5762 3164 5816 imitationem
3194 5763 3464 5831 delapsus,
3515 5767 3582 5815 ab
3631 5765 3692 5817 iis

2121 5849 2237 5903 quae
2283 5831 2505 5886 habebat
2551 5832 2776 5887 nudatus
2826 5835 3069 5887 iuventus
3121 5842 3219 5886 cst.
3269 5834 3457 5888 Omnis
3499 5838 3692 5901 quippe
