4028 6144
416 288 519 341 103

408 416 598 471 gnam,
631 396 881 471 mu.i_eres
914 412 1035 452 cum
1064 396 1193 471 viris
1232 405 1564 471 concertant,
1599 396 1806 451 infirma
1835 396 1992 471 femi-

408 468 516 525 nea
544 479 727 524 natura
753 469 803 522 in
832 483 1003 537 pugna
1027 468 1251 523 viriliter
1271 469 1398 538 agit.
1427 468 1681 522 Liberum
1709 477 1790 521 est
1812 468 1996 521 volen-

402 543 560 595 tibus
583 538 769 608 jejunii
792 538 1043 591 stadium.
1065 537 1738 608 Christus’enitnchpiosus
1760 538 1998 608 praemio-

416 625 534 665 rum
580 606 800 677 largitor
843 607 1015 663 sedet.
1047 607 1384 663 Festinemus
1427 606 1493 662 ad
1546 608 1778 662 medium
1805 607 1994 675 jejuuii

413 689 904 736 certamenznemo
954 679 1055 733 hoc
1100 678 1375 748 spirituale
1416 686 1687 732 certamen
1728 677 1994 746 deturpet,

411 766 573 805 nemo
596 749 836 803 ordinem
864 749 1154 817 deseratin
1181 749 1546 817 spiritualibus
1569 749 1715 803 hisee
1742 748 1998 801 certami-

416 823 592 875 nibus.
628 818 877 873 luimicus
902 820 1043 875 enim
1075 816 1327 874 ferociam
1368 818 1605 884 demisit,
1652 832 1840 886 magna
1873 833 1994 887 pars

414 890 724 947 certaminis
750 889 971 958 sublata
998 898 1100 950 est,
1148 906 1213 944 ex
1264 891 1354 943 Dei
1394 889 1595 958 judicio
1634 889 1874 943 devictus
1916 895 1999 942 est

413 962 680 1018 inimicus.
734 959 787 1013 in
839 957 1145 1015 servitutem
1192 957 1438 1013 redactus
1481 969 1580 1022 est,
1635 959 1887 1027 depulsus
1916 967 1998 1013 est

408 1049 512 1104 per
532 1030 818 1104 jejunium,
872 1047 900 1081 a
939 1028 1239 1104 ridentibus
1287 1029 1522 1104 puerulis
1566 1029 1711 1104 humi
1744 1028 1999 1104 deiectus

415 1099 932 1170 estfepitaphioque
963 1101 1100 1167 turpi
1148 1100 1198 1152 iu
1231 1101 1576 1170 opprobrium
1626 1103 1694 1153 ah
1741 1100 1871 1170 ipsis
1899 1099 1995 1170 dos

414 1168 604 1225 natus.
622 1168 794 1225 Nemo
822 1168 982 1237 igitur
1025 1170 1236 1233 titubet,
1282 1170 1485 1231 dilecti,
1534 1169 1587 1223 in
1636 1169 1870 1221 medium
1916 1168 1994 1234 je-

412 1241 687 1311 juniorum
720 1254 1064 1309 progressus;
1094 1256 1254 1311 nemo
1280 1241 1527 1311 segniter
1552 1247 1675 1311 agat
1687 1310 1694 1311 ί
1715 1238 1766 1292 in
1810 1240 2000 1311 mediis

410 1309 836 1366 certaminibus:
870 1326 901 1363 n
927 1319 1048 1364 nstra
1097 1310 1240 1363 enim
1286 1310 1618 1379 generositas
1663 1309 1805 1362 illius
1849 1309 1998 1362 exci-

419 1382 565 1436 dium
594 1392 696 1436 est.
727 1379 781 1435 Si
829 1381 946 1449 quis
979 1381 1165 1450 ignave
1204 1389 1433 1449 pugnet,
1466 1380 1541 1432 illi
1574 1380 1713 1432 vires
1740 1379 1925 1432 addit:
1956 1379 1998 1432 si

415 1453 535 1520 quis
556 1453 783 1521 remisse
814 1449 1075 1516 decertet,
1112 1449 1263 1521 illum
1299 1450 1794 1521 roboratrb‘trenue
1824 1449 2001 1517 itaque

417 1518 620 1576 stemus
642 1523 693 1575 in
724 1521 1036 1583 certamine,
1068 1530 1124 1574 ut
1150 1520 1393 1574 inimicus
1413 1520 1625 1588 gravius
1646 1519 1821 1573 cadat.
1845 1521 2003 1574 Cibo-

414 1608 536 1646 rum
564 1591 887 1646 desiderium
922 1589 1206 1660 fugiamus,
1242 1591 1511 1660 paululum
1535 1604 1959 1660 perseveremus
1983 1631 1999 1655 ,

418 1674 475 1718 ut
515 1662 868 1716 immortalem
893 1658 1118 1730 gratiam
1146 1658 1491 1730 accipiamus.
1518 1658 1766 1714 Comedit
1789 1660 1959 1713 Adam
1983 1700 1999 1730 ,

417 1744 471 1786 et
502 1743 674 1787 n.orte
712 1729 997 1785 damnatus
1026 1742 1107 1786 est
1139 1748 1153 1785 :
1180 1729 1441 1799 jejunavit
1473 1730 1644 1792 Elius,
1676 1741 1729 1784 et
1771 1730 1845 1785 illi
1885 1729 2001 1783 caeli

406 1804 599 1857 claves
622 1800 942 1857 concredita:
964 1810 1088 1855 sunt
1115 1818 1129 1858 :
1166 1800 1296 1854 bibit
1327 1799 1458 1863 Noe,
1483 1810 1533 1853 et
1563 1811 1742 1853 mente
1772 1808 2004 1852 mutatus

418 1882 540 1927 est:
567 1883 929 1939 temperanter
950 1871 1058 1939 egit
1089 1870 1294 1932 Enuelt,
1319 1880 1374 1924 et
1394 1871 1462 1924 ab
1491 1870 2001 1938 angelistranslatus

418 1953 542 1998 est:
578 1938 801 1997 satiatus
823 1952 905 1996 est
955 1938 1162 1994 Pharao
1189 1980 1205 2005 ,
1237 1951 1293 1994 et
1334 1942 1386 1994 in
1428 1940 1559 1993 mari
1598 1956 1718 1993 cum
1760 1938 2005 1993 curribus

417 2013 699 2068 demersus
728 2020 810 2065 est
843 2030 856 2063 :
885 2012 1151 2081 jejunavit
1187 2009 1396 2079 Moyses
1421 2051 1435 2072 ,
1475 2019 1531 2063 et
1573 2023 1724 2063 mare
1755 2010 1963 2081 trajecit
1987 2049 2002 2072 ,

419 2098 692 2153 novosque
714 2097 898 2136 muros
918 2098 979 2136 ex
1011 2081 1171 2135 lluida
1193 2089 1655 2153 aquaruntnatura
1682 2080 2001 2153 construxit,

420 2163 476 2207 et
507 2150 818 2223 per'novam
851 2161 1047 2206 terram
1077 2151 1331 2274 populum
1362 2151 1634 2204 deducvns
1656 2191 1672 2213 ,
1703 2151 1846 2204 sicco
1874 2150 2006 2216 pede

420 2238 517 2274 per
543 2237 691 2274 mare
729 2222 1041 2274 transmisit.
1110 2221 1331 2274 llicitum
1357 2221 1535 2274 cibum
1576 2220 1690 2274 Eva
1738 2220 2002 2274 comedit.

420 2220 691 2294 perlitare
729 2222 1041 2294 transmisit.
1082 2220 1331 2294 Illicitum
1357 2221 1535 2294 cibum
1576 2220 1690 2274 Eva
1738 2220 2002 2294 comedit,

419 2290 472 2347 et
502 2307 687 2347 omnes
714 2308 778 2347 ex
806 2292 896 2346 illa
928 2291 1141 2346 oriundi
1168 2292 1325 2345 morti
1358 2290 1638 2345 traduntur
1663 2307 1676 2343 :
1707 2291 1796 2359 qui
1820 2301 1998 2343 autem

419 2380 486 2417 ex
529 2364 688 2416 Maria
731 2373 885 2416 natus
913 2370 997 2418 est
1042 2362 1299 2417 Dominus
1337 2377 1365 2414 a
1406 2361 1528 2415 cibo
1568 2360 1726 2430 etiam
1770 2360 2009 2430 legitimo

419 2434 715 2497 abstinuit,
751 2441 805 2487 et
832 2447 1020 2487 omnes
1053 2447 1083 2485 a
1125 2432 1314 2486 mortis
1350 2429 1693 2485 damnatione
1735 2429 2000 2485 liberavit.

421 2502 663 2559 Paradisi
693 2502 891 2573 lignum
914 2512 1103 2573 gustus
1124 2509 1178 2555 et
1204 2501 1512 2573 alimentum
1542 2499 1750 2573 Aniortis
1768 2509 1907 2555 erat.
1941 2498 2009 2553 In

420 2570 876 2644 quacumque'dje,
908 2570 1041 2644 dicit
1068 2572 1225 2644 Deus
1253 2612 1268 2635 ,
1300 2570 1617 2644 comederitis
1644 2586 1707 2624 ea:
1730 2586 1822 2637 eo,
1848 2580 2011 2644 morte

423 2639 712 2699 moriemini
756 2639 908 2713 (Gen.
939 2641 996 2696 2.
1030 2643 1144 2711 l7).
1180 2640 1326 2712 Fuga
1366 2642 1557 2696 mortis
1583 2652 1697 2695 erat
1736 2642 1916 2697 crucis
1943 2641 2008 2694 li-

1892 281 2166 338 SPURIA.

3183 230 3211 254 Ι

3591 289 3697 341 τρι

2101 410 2299 466 gnum;
2349 393 2471 451 inde
2520 410 2750 465 namque
2798 397 3072 450 seaturivit
3120 397 3434 454 immortalis
3476 400 3605 454 vita.
3648 407 3692 457 Α

2100 466 2360 538 παρείη
2404 467 2712 538 paradisum
2762 466 3267 538 latrupertransivit
3294 509 3309 529 ,
3356 478 3697 538 mortemque

2100 552 2221 589 cum
2252 537 2354 590 vita
2386 536 2756 592 commutavit.
2803 535 3029 591 Fruetus
3061 538 3273 591 invidiae
3304 538 3403 593 fuit
3427 535 3697 596 comestis

2102 607 2186 659 illa
2215 605 2282 659 de
2312 606 2454 674 ligno
2490 607 2542 660 in
2571 606 2817 674 paradiso
2843 609 3018 677 posito
3044 647 3059 668 ,
3084 617 3139 661 et
3180 609 3434 663 invidiam
3472 614 3700 666 sustulit

2101 677 2302 730 fructus
2342 677 2517 749 crucis
2554 676 2987 749 communicatio.
3038 676 3092 731 Si
3130 678 3427 749 jejuuasset
3472 682 3648 737 Adam
3673 726 3693 749 ,

2102 762 2206 799 non
2247 755 2417 800 morte
2447 746 2731 800 damnatus
2773 747 2994 809 fuisset,
3040 765 3144 801 non
3185 746 3261 801 ah
3305 751 3450 802 omni
3507 746 3701 810 labore

2101 832 2264 889 vacua
2318 820 2587 889 voluptate
2625 817 2863 889 ejectus,
2902 834 3007 871 non
3030 819 3377 889 corruptioni
3416 821 3700 889 subjecuts

2103 887 2324 941 fuisset:
2355 887 2431 941 ait
2465 889 2660 956 quippe
2698 887 2876 940 divina
2923 887 3242 955 Scriptura:
3272 888 3410 943 Deus
3437 887 3699 946 hominem

2102 957 2283 1009 creari:
2313 957 2380 1008 ad
2409 956 2833 1025 incorruptionem
2856 972 2875 1021 ;
2917 958 3105 1010 invidia
3143 969 3309 1013 autem
3338 960 3529 1013 diaboli
3556 980 3702 1016 mors

2102 1028 2307 1098 intravi!
2336 1027 2389 1080 in
2414 1028 2662 1080 mundum
2690 1027 2848 1096 (Sap.
2875 1026 2931 1081 2.
2960 1029 3048 1082 25.
3078 1027 3195 1098 24).
3241 1030 3348 1085 Sed
3377 1033 3522 1084 venit
3543 1032 3706 1086 Chri-

2102 1108 2237 1159 stus,
2273 1095 2387 1150 Pam
2412 1107 2605 1162 nostra,
2628 1106 2676 1150 et
2701 1095 2922 1150 inediam
2950 1095 3189 1166 parietem
3216 1102 3450 1154 maceria:
3474 1103 3700 1160 solvens.

2100 1168 2415 1240 inimicitiam
2436 1168 2487 1240 in
2513 1182 2665 1240 carne
2684 1184 2776 1221 sua
2800 1167 3013 1240 (Ephes.
3028 1168 3083 1222 2.
3106 1170 3219 1240 Η),
3253 1172 3550 1233 rescriptum
3580 1189 3708 1240 ρκ’

2102 1238 2205 1290 cati
2240 1238 2375 1290 cruci
2404 1236 2866 1309 aﬁixittaltrogpns
2892 1236 3285 1309 chirographum
3311 1243 3486 1294 mortis
3513 1236 3703 1295 contra

2105 1324 2196 1361 nos
2248 1311 2491 1374 scriptum
2548 1306 2688 1374 (Col.
2741 1306 2809 1360 ’2.
2859 1309 2969 1376 li).
3014 1306 3224 1363 Clamat
3278 1326 3404 1364 vero
3451 1312 3645 1368 Paulus
3676 1331 3696 1367 :

2105 1377 2332 1451 Chiistus
2358 1394 2450 1451 nos
2473 1377 2688 1451 redemit
2718 1379 2781 1451 de
2808 1378 3073 1451 maledicto
3094 1380 3218 1451 legis
3242 1422 3257 1443 ,
3288 1382 3450 1451 [actm
3479 1398 3572 1451 pro
3597 1401 3704 1435 no-

2105 1448 2179 1519 lgis
2205 1447 2526 1519 maledictum
2554 1446 2699 1519 (Gal.
2731 1450 2784 1501 5.
2818 1449 2929 1516 15).
2965 1449 3067 1502 Pro
3096 1446 3298 1504 viribus
3340 1446 3488 1519 ergo'
3516 1453 3703 1507 Bene-

2107 1516 2294 1571 factori
2322 1518 2491 1572 vicem
2522 1518 2833 1590 reddamus,
2857 1519 3036 1573 dilecti
3062 1536 3077 1584 ;
3106 1522 3317 1590 exiguis
3347 1516 3518 1575 obolis
3542 1524 3700 1575 cula-

2106 1603 2225 1642 mus
2248 1603 2368 1641 eum
2395 1628 2409 1649 ,
2454 1588 2541 1655 qui
2584 1588 2735 1642 dives
2771 1600 2851 1641 est
2895 1589 2946 1643 in
2993 1588 3380 1645 misericordia.
3432 1593 3705 1645 Domian

2107 1669 2293 1713 uoster
2331 1674 2428 1727 pro
2463 1659 2617 1729 nobis
2647 1656 2933 1712 crucifixus
2964 1670 3085 1723 est;
3120 1677 3216 1714 nos
3244 1678 3369 1713 vero
3401 1676 3700 1729 pauperem

2107 1729 2356 1793 alamus,
2403 1728 2493 1797 qui
2539 1729 2606 1780 ad
2648 1729 2767 1796 ejus
2806 1730 3092 1797 imaginum
3132 1741 3343 1783 creatus
3364 1728 3445 1786 est
3479 1728 3615 1786 :ille
3642 1738 3703 1784 in

2108 1808 2282 1852 morte
2320 1805 2561 1851 versatus
2585 1808 2689 1860 est,
2732 1810 2787 1851 ut
2831 1814 2928 1852 nos
2970 1815 3000 1852 a
3048 1809 3222 1855 morte
3261 1800 3554 1863 liberaret;
3594 1818 3702 1856 nos

2108 1878 2326 1937 propter
2365 1869 2537 1936 ipsum
2569 1869 2776 1937 exiguis
2814 1869 2986 1923 obolis
3024 1873 3092 1924 ab
3121 1872 3347 1925 exitiosa
3391 1874 3527 1926 fatue
3567 1888 3707 1927 cou-

2104 1953 2336 2008 generes
2364 1948 2582 2011 nostros
2599 1952 2869 2011 eruamus.
2905 1938 3019 2005 Ipse
3047 1955 3299 2010 namque,
3333 1943 3446 2008 ipse
3474 1952 3580 2000 est.
3605 1943 3705 2011 qui

2110 2024 2204 2078 per
2234 2022 2493 2080 pauperes
2533 2008 2585 2060 id
2628 2008 2770 2075 quod
2802 2020 3072 2077 erogatur,
3103 2008 3317 2078 accipit.
3355 2011 3435 2066 Ne
3473 2008 3706 2080 prmer-

2108 2093 2317 2152 curras,
2350 2092 2384 2131 o
2414 2078 2755 2152 homo,_cuiu
2787 2095 3000 2133 manum
3052 2080 3296 2135 extendit
3327 2078 3561 2152 panper,
3606 2097 3704 2135 re-

2109 2148 2345 2223 spiciens
2380 2148 2446 2201 ad
2481 2149 2783 2223 Dominum,
2818 2165 2974 2223 quem
2996 2166 3102 2223 per
3130 2151 3302 2223 ipsum
3316 2148 3573 2223 excipis;
3604 2153 3708 2205 sed

2110 2222 2180 2291 sit
2203 2219 2297 2272 tibi
2326 2232 2517 2291 manus
2545 2219 2794 2291 pauperis
2815 2261 2830 2283 ,
2867 2219 3191 2291 thurihulum
3222 2222 3272 2274 iu
3305 2222 3421 2275 foro
3445 2219 3708 2291 positum.

2111 2288 2255 2343 Loco
2282 2289 2426 2342 enim
2466 2290 2602 2357 ignis
2625 2290 2885 2342 carbones
2926 2290 3081 2344 famis
3110 2292 3270 2345 habet
3294 2308 3354 2347 se
3379 2288 3711 2347 consumen—

2113 2369 2215 2413 tes.
2262 2358 2472 2413 Incensi
2512 2360 2848 2427 itaquesloco
2878 2359 3177 2429 injiciamus
3205 2362 3395 2416 obolos
3427 2362 3560 2416 duos
3584 2403 3602 2426 ,
3644 2373 3710 2415 et

2112 2430 2255 2483 bono
2275 2429 2443 2482 odore
2469 2430 2660 2482 cadum
2708 2429 3032 2497 repleamus,
3064 2442 3119 2484 ut
3151 2431 3220 2484 de
3248 2433 3393 2485 caelis
3422 2432 3708 2485 audiamu~

2114 2499 2387 2555 Christum
2427 2499 2745 2569 clamantem
2826 2498 2890 2569 lu
2917 2511 3163 2569 quantum
3194 2503 3380 2565 fecistis
3416 2503 3504 2555 uni
3533 2517 3598 2556 es
3624 2503 3712 2555 his

2115 2569 2339 2643 minimis
2365 2609 2382 2632 ,
2409 2568 2746 2643 mihifecistis
2760 2568 2974 2643 (Matth.
3012 2571 3105 2625 25.
3133 2570 3227 2643 40)
3260 2589 3275 2627 :
3305 2573 3405 2643 ipsi
3442 2573 3610 2643 gloria
3650 2582 3713 2626 et

2118 2640 2401 2708 imperium
2431 2640 2482 2693 in
2509 2644 2705 2695 sa‘cula
2734 2641 3073 2695 saeculorum.

2377 2772 2714 2782 *σα

1526 2907 2575 3025 ΔυΜθΝιτιο

1503 3102 1580 3162 ΙΝ
1628 3098 2106 3160 ORATIONEM
2149 3098 2651 3174 SEQUENTEM.

500 3244 729 3300 Graeculi
772 3213 1069 3312 cuiuspiam
1114 3252 1198 3295 est
1236 3241 1322 3295 hic
1368 3255 1547 3295 sermo
1588 3282 1605 3305 ,
1656 3242 1745 3309 qui
1791 3239 2014 3294 Joannis

429 3314 799 3386 tlltrysostomi
839 3327 1037 3368 nomen
1081 3312 1182 3382 ipsi
1210 3313 1501 3381 praeposuit
1543 3322 1599 3364 ut
1645 3327 1849 3363 merces
1889 3326 2015 3365 suas

2122 3240 2437 3296 venditaret.
2468 3243 2597 3317 Tam
2637 3243 2906 3317 inficetum
2933 3244 3257 3317 opusculum
3282 3244 3445 3317 edere
3473 3262 3537 3301 ne
3561 3248 3715 3317 cogi-

2126 3322 2391 3366 tassemus
2416 3313 2664 3382 quidem,
2699 3315 2798 3368 nisi
2825 3315 3054 3370 Savilius
3082 3317 3227 3385 prior
3256 3315 3530 3371 edidisset.

1699 3537 1762 3578 IN
1797 3534 2003 3579 RAMOS
2048 3536 2422 3580 PALMARUM.

1835 3677 2293 3704 -——-:==-———-

508 3775 560 3828 1.
602 3771 682 3827 Ex
711 3767 981 3825 miraculis
1015 3768 1068 3822 in
1112 3766 1369 3840 miracula
1413 3767 1623 3823 Domini
1668 3772 2013 3840 gradiantur,

436 3847 650 3908 fratres,
682 3850 738 3897 et
764 3853 951 3895 eamus
978 3838 1129 3906 quasi
1156 3836 1224 3891 de
1253 3838 1448 3891 virtute
1481 3840 1535 3892 itt
1562 3836 1835 3896 virtutem.
1866 3836 2019 3899 Sicut

434 3917 578 3972 enim
608 3913 662 3968 in
686 3921 873 3966 catena
899 3922 1058 3962 aurea
1102 3908 1312 3962 aunulis
1346 3908 1453 3961 alio
1494 3910 1582 3963 alii
1632 3911 1846 3966 insertis
1892 3929 2024 3968 cou-

437 3992 636 4060 stante.
653 3996 789 4036 unus
813 3980 903 4033 alii
930 3978 1231 4060 copulatur,
1250 3988 1304 4032 et
1329 3978 1524 4047 singuli
1555 3981 1863 4060 inseruntur
1884 3988 2023 4040 alter

439 4057 493 4110 in
514 4055 741 4108 alterum
780 4048 1082 4104 successive
1109 4065 1123 4102 :
1152 4048 1231 4103 sic
1259 4059 1570 4121 sanctorum
1609 4049 2021 4121 Evangeliormn

437 4124 694 4180 miracula
739 4131 924 4176 mutuo
952 4129 1006 4174 et
1048 4120 1349 4173 successive
1392 4120 1635 4185 capulata
1667 4162 1681 4184 ,
1727 4123 2022 4178 Ecclesiam

438 4195 539 4251 Dei
559 4191 887 4248 celebritatis
915 4201 1183 4260 amantem
1204 4188 1479 4260 deducunt
1492 4200 1546 4244 et
1572 4191 1844 4247 hetilieaut
1866 4234 1883 4260 ,
1915 4210 2020 4250 non

437 4260 565 4321 cibo
589 4264 681 4334 qui
710 4263 887 4332 perit,
929 4259 1169 4334 sedcibo
1200 4260 1433 4334 manenti
1471 4259 1524 4314 in
1557 4263 1720 4334 vitam
1742 4259 2023 4320 aeternam.

440 4336 554 4405 Age
577 4329 727 4404 ergo;
759 4341 964 4405 ethos,
992 4329 1205 4405 dilecti,
1251 4330 1934 4405 iu_pr:eparationegcordis
1971 4346 2026 4389 et

440 4399 664 4461 sitientis
704 4403 923 4457 auribus
941 4399 1219 4454 audiamus
1239 4399 1364 4469 quid
1391 4399 1639 4469 loquatur
1660 4403 1813 4457 nobis
1843 4406 2024 4458 Domi-

445 4491 547 4532 nus
576 4475 719 4530 Deus
774 4473 825 4525 in
869 4470 1147 4542 prophetis
1176 4477 1230 4523 et
1264 4472 1553 4540 evangeliis
1577 4471 1645 4526 de
1674 4473 1775 4527 hac
1799 4473 2025 4528 divinis-

442 4549 579 4602 sima
614 4540 917 4600 festivitate.
948 4540 1204 4611 Loquetur
1227 4554 1378 4621 sane
1405 4556 1577 4621 pacem
1604 4559 1757 4621 super
1780 4544 2027 4614 populum

444 4632 595 4672 suum
618 4656 635 4681 ,
682 4625 728 4668 et
756 4628 908 4681 super
939 4622 1140 4681 sanctos
1168 4626 1304 4681 suos.
1326 4619 1379 4681 iet
1416 4614 1470 4663 in
1498 4627 1581 4664 eos
1605 4652 1618 4672 .
1648 4614 1734 4680 qui
1764 4630 1850 4667 cor
1882 4631 2028 4669 suum

446 4679 739 4741 convertunt
767 4679 834 4735 ad
868 4683 1039 4751 ipsum
1069 4679 1245 4748 (Psal.
1276 4680 1363 4752 84.
1394 4679 1673 4752 9).7Hodie
1704 4684 2029 4752 proiiheticae

450 4757 589 4811 tubre
615 4755 805 4824 orbem
839 4755 1141 4807 excitarunt
1162 4792 1178 4816 ,
1207 4761 1263 4805 et
1293 4751 1559 4806 Ecclesias
1590 4751 1815 4824 Domini
1837 4755 2031 4824 ubique

449 4829 600 4883 ltetas
626 4822 971 4879 reddiderunt
989 4832 1045 4877 et
1067 4830 1413 4879 coronarunt.
1442 4831 1600 4890 atque
1623 4822 1748 4877 dum
1770 4839 1836 4878 ex
1858 4822 2032 4879 stadio

448 4909 726 4953 sacrorum
752 4893 1077 4963 jejuniormu
1104 4932 1121 4959 ,
1150 4906 1326 4960 exque
1362 4891 1457 4963 illa
1489 4892 1731 4963 palaestra
1772 4895 2032 4949 adversus

450 4969 575 5022 vitia
609 4960 1094 5043 ﬁdeles—excipiunt
1115 5002 1129 5025 ,
1161 4960 1766 5043 triumphalecantieum
1804 4982 2027 5043 novum

450 5053 553 5109 que
582 5037 727 5109 pacis
744 5030 1120 5109 spectaculum
1154 5030 1343 5085 victori
1373 5030 1806 5109 _Christo_eane_re
1834 5036 2033 5109 docue—

453 5101 598 5164 runt:
625 5101 816 5162 Venite
846 5121 975 5174 ergo
997 5118 1208 5174 omnes.
1239 5101 1569 5174 exsultetnus
1598 5103 1822 5174 Domino
1848 5124 1862 5159 :
1892 5106 2034 5159 veni.

452 5192 504 5235 te
532 5191 721 5234 omnes
746 5171 953 5241 gentes,
986 5171 1298 5243 plaudamus
1326 5172 1589 5243 manibus,
1614 5172 1900 5243 juliilemus
1927 5176 2036 5231 Deo

452 5247 725 5306 Servaturi
757 5256 943 5301 nostro
970 5242 1022 5298 in
1052 5258 1180 5297 voce
1205 5242 1598 5316 exsultationis.
1629 5242 1796 5298 Nemo
1816 5247 1884 5300 sit
1906 5261 2037 5316 gau-

452 5323 544 5376 dio
566 5333 763 5374 vacuus
788 5359 803 5380 ,
846 5330 1004 5373 nemo
1055 5316 1336 5369 Vocatione
1367 5314 1649 5386 privetur;
1687 5317 1811 5386 quia
1850 5314 2034 5372 seinen

454 5388 918 5460 inobsequentiuut
962 5385 1014 5440 iu
1043 5385 1338 5460 perniciem
1365 5383 1497 5438 ivit:
1519 5399 1680 5460 nemo
1708 5383 1944 5457 ingratus
1967 5388 2039 5440 sit

454 5465 597 5516 circa
622 5454 793 5530 Regis
807 5472 1120 5530 occursum,
1144 5472 1210 5510 ne
1232 5454 1468 5530 thalamo
1484 5454 1805 5530 excludatur
1831 5475 1844 5510 :
1871 5472 2037 5530 nemo

456 5532 596 5601 apud
627 5525 729 5585 nos
754 5529 837 5601 sit
854 5528 1025 5601 tristis
1041 5528 1126 5580 vel
1153 5533 1379 5601 nitestus
1405 5525 1458 5578 in
1484 5525 1576 5601 illo
1604 5527 1946 5601 excipiendo,
1958 5543 2039 5601 ne

456 5595 578 5654 cum
614 5599 873 5667 improbis
906 5598 1113 5652 civibus
1142 5597 1445 5667 damnetur.
1490 5595 1646 5649 Cives
1690 5607 1869 5652 autem
1917 5599 2037 5651 illos

458 5670 580 5739 dico
604 5710 621 5733 ,
650 5666 741 5739 qui
782 5668 973 5739 nolunt
1011 5668 1287 5720 dominum
1326 5666 1525 5735 Regem
1563 5668 1620 5739 in
1666 5681 1724 5739 se
1777 5670 2035 5737 recipere.

460 5736 659 5793 Omnes
689 5738 797 5792 laeti
828 5753 931 5792 una
959 5751 1237 5792 curramus
1260 5776 1277 5795 .
1312 5751 1501 5789 onines
1527 5736 1773 5792 alacriter
1803 5736 2037 5808 excipia-

2126 3793 2243 3831 mus
2267 3815 2282 3838 ,
2318 3784 2372 3829 et
2414 3772 2758 3827 ornatissime
2797 3769 2992 3825 festum
3033 3772 3388 3837 celebremus.
3423 3773 3527 3828 Pro
3551 3773 3721 3829 vesti-

2128 3847 2322 3901 meutis
2369 3844 2530 3897 corda
2587 3850 2768 3895 nostra
2829 3841 3194 3907 expandamus
3250 3854 3380 3897 ante
3430 3844 3618 3907 illum;
3668 3846 3722 3897 iu

2130 3916 2350 3986 psalmis
2389 3924 2443 3966 et
2472 3912 2763 3986 hymniset
2787 3911 3080 3986 gratiarum
3109 3913 3410 3986 actionibus
3436 3913 3502 3986 ad
3544 3913 3722 3981 ipsum

2126 3981 2550 4047 contendamus;
2583 3991 2637 4036 et
2673 3982 2824 4045 illud,
2854 3981 3159 4036 Benedictus
3178 3984 3266 4043 qui
3292 3987 3426 4036 uertit
3447 3984 3500 4036 in
3516 3994 3727 4035 neruine

2129 4057 2334 4110 Domini
2381 4055 2401 4124 (
2433 4051 2621 4124 Matth.
2654 4052 2753 4124 2t.
2776 4053 2829 4107 9.
2877 4052 3001 4124 Luc.
3035 4052 3124 4108 l9.
3161 4052 3232 4109 38
3256 4054 3304 4124 ),
3354 4053 3729 4124 indesinenter

2127 4122 2441 4181 clamcmus.
2470 4122 2600 4175 Nam
2625 4123 2714 4191 qui
2744 4123 3068 4176 benedicuut
3108 4124 3229 4191 ipsi,
3257 4122 3528 4177 benedicti
3555 4132 3725 4185 sunt;

2129 4208 2183 4251 et
2212 4197 2302 4261 qui
2331 4194 2673 4257 maledicunt,
2701 4192 2992 4245 maledicti.
3014 4192 3246 4246 Rursum
3273 4192 3413 4257 dico,
3443 4207 3543 4246 nec
3562 4194 3726 4246 linem

2129 4267 2320 4322 faciant
2349 4262 2667 4318 adhortandi
2692 4262 2758 4316 ad
2792 4263 2987 4316 bonum
3021 4279 3035 4318 :
3065 4262 3405 4317 benedictum
3434 4262 3725 4317 benedica-

2130 4353 2271 4395 mus.
2304 4346 2361 4388 ut
2389 4335 2456 4386 ab
2484 4334 2573 4387 illo
2603 4333 3001 4387 benedicamur.
3031 4332 3219 4387 Omnis
3248 4342 3379 4386 mtas
3408 4344 3462 4387 et
3488 4332 3728 4401 dignitas

2130 4409 2196 4460 ad
2230 4406 2438 4460 Domini
2482 4405 2665 4457 laudes
2701 4405 2994 4467 invitatur;
3040 4402 3201 4473 Reges
3244 4412 3429 4467 terra,
3474 4412 3520 4455 et
3547 4418 3723 4454 autne:

2132 4477 2344 4547 populi,
2388 4475 2646 4547 principes
2664 4482 2951 4547 _etAonm_es
2986 4473 3186 4547 judices
3217 4482 3363 4547 terris
3385 4514 3400 4538 ,
3444 4473 3651 4547 iuuenes
3674 4481 3729 4547 et

2131 4542 2350 4615 uirgines
2384 4542 2557 4615 (Paul.
2587 4544 2710 4598 MS.
2741 4544 2854 4615 ll).
2887 4544 2951 4596 Et
2979 4542 3120 4611 quod
3151 4553 3237 4597 est
3261 4543 3314 4615 in
3338 4544 3438 4615 hoc
3462 4542 3727 4615 miraculo

2134 4611 2354 4681 novum,
2382 4611 2579 4670 tenera:
2606 4624 2659 4667 et
2688 4614 2934 4682 nequitim
2960 4615 3167 4682 experti
3212 4611 3494 4666 infantium
3539 4623 3593 4664 et
3640 4613 3725 4682 la-

2133 4688 2391 4743 ctentiqu
2421 4686 2563 4739 aetati
2597 4681 2795 4753 primas
2823 4683 3010 4747 dedit,
3038 4681 3099 4737 ut
3133 4683 3390 4752 iucipiattt
3412 4683 3638 4736 Domino
3669 4681 3726 4735 in

2134 4756 2492 4819 confessione,
2522 4755 2650 4808 illud
2680 4771 2709 4808 a
2743 4754 2858 4807 Deo
2886 4754 3065 4808 datum
3100 4754 3367 4808 canticum
3396 4767 3593 4806 canere
3621 4792 3637 4813 ,
3670 4763 3728 4803 ut

2134 4829 2261 4883 olim
2303 4826 2514 4895 Moyses
2549 4825 2747 4894 populo
2764 4838 2992 4895 egresso
3017 4840 3083 4895 ex
3113 4824 3352 4895 Egypto
3380 4840 3400 4895 :_
3423 4821 3728 4895 Benedictus

2135 4898 2220 4966 qui
2247 4892 2468 4949 venit'in
2506 4892 2720 4966 nomine
2749 4894 2978 4966 Domini.
3013 4894 3179 4966 Hodie
3197 4892 3724 4966 'admodumqgaudet

2139 4962 2330 5021 beatus
2366 4966 2552 5030 David,
2581 4964 2724 5034 quod
2754 4964 2987 5019 infames
3017 4964 3279 5019 citharam
3311 4963 3421 5034 ipsi,
3441 4962 3729 5030 subripue—

2139 5039 2244 5092 rint
2268 5053 2282 5099 ;
2305 5051 2427 5090 cum
2471 5033 2664 5105 quibus
2689 5036 2879 5104 spiritu
2921 5036 3149 5089 choreas
3190 5043 3248 5089 et
3269 5033 3516 5105 convivia
3537 5045 3728 5100 agens.

2140 5118 2197 5161 ιιι
2222 5108 2348 5159 υΙςιη
2379 5102 2503 5161 ante
2526 5102 2846 5167 aream‘Dei,
2875 5120 2996 5159 cum
3028 5106 3133 5174 illis
3155 5105 3360 5174 placide
3395 5102 3728 5160 modulatur,

2139 5189 2194 5233 et
2215 5178 2478 5239 balbutit,
2521 5178 2646 5230 illud
2696 5176 2991 5244 proferens,
3019 5173 3322 5228 Benedictus
3366 5174 3454 5242 qui
3492 5174 3628 5244 uenit
3669 5174 3733 5244 in

2139 5249 2343 5303 nomine
2371 5247 2593 5300 Domini.
2628 5242 2726 5301 Cui
2757 5247 3035 5301 dicemus:
3068 5245 3148 5299 'l‘u
3173 5245 3329 5298 nobis
3353 5242 3731 5312 prophetam—

2139 5319 2266 5382 eito,
2299 5318 2430 5386 Quis
2456 5328 2541 5372 est
2569 5317 2654 5370 hic
2673 5358 2688 5381 ,
2712 5317 2799 5384 qui
2823 5315 2970 5370 venit
2996 5316 3050 5369 in
3073 5314 3295 5386 nomine
3329 5310 3543 5386 Domini
3564 5313 3590 5364 ἲ
3611 5310 3732 5386 ﬁeri

2142 5380 2281 5449 mea,
2310 5380 2555 5455 inquiet,
2585 5396 2671 5441 est
2699 5380 2977 5441 doctrina:
3005 5399 3129 5440 nam
3160 5385 3215 5455 id
3250 5382 3410 5455 hodie
3433 5380 3733 5455 infantibus

2143 5453 2455 5527 deputatum
2487 5467 2569 5512 est
2594 5460 2662 5510 ab
2682 5470 2768 5519 eo,
2800 5456 2887 5526 qui
2913 5471 2978 5527 ex
3000 5470 3096 5510 ore
3121 5454 3400 5527 infantium
3439 5462 3497 5506 et
3524 5453 3733 5527 lacten-

2146 5523 2271 5582 tiuin
2306 5527 2529 5596 perfecit
2569 5523 2890 5591 laudem,'ut
2915 5526 3155 5580 destruat
3185 5523 3470 5596 inimicum
3492 5534 3547 5576 et
3588 5524 3732 5576 ulto-

2144 5612 2255 5651 rem
2284 5591 2399 5659 {Ut
2427 5613 2515 5666 per
2540 5598 2633 5649 hoc
2653 5597 2955 5650 miraculum
2976 5604 3330 5649 convertantur
3346 5591 3503 5647 corda
3524 5602 3733 5666 patrum

2142 5669 2197 5723 in
2212 5668 2367 5736 ﬁlios,
2396 5661 2443 5721 el
2470 5666 2844 5720 incredulorum
2864 5667 2931 5718 ad
2953 5666 3278 5736 prudentiain
3291 5669 3548 5736 jusserunt
3570 5661 3733 5736 (an.

2146 5733 2342 5794 l.'l7t.
2367 5738 2535 5792 Dicite
2560 5779 2575 5805 ,
2607 5753 2641 5792 ο
2679 5737 2831 5806 pueri
2857 5777 2870 5803 ,
2915 5737 3058 5793 unde
3086 5735 3238 5790 vobis
3268 5734 3427 5789 hodie
3474 5733 3581 5787 hoc
3607 5733 3729 5801 pul-
