4028 6144
302 340 406 399 709

303 453 479 522 dinem
506 452 833 522 ignoramus,
857 450 951 506 sed
978 466 1069 506 eas
1103 461 1280 506 tamen
1311 448 1381 504 ob
1406 448 1711 522 splendoris
1752 448 1872 519 pul-

305 521 657 577 chritudinem
697 521 1024 574 admiramur
1052 539 1064 571 :
1093 523 1172 577 sic
1205 530 1331 574 sunt
1365 521 1524 574 etiam
1569 528 1871 573 sanctorum

306 592 518 661 singuli.
560 591 671 645 Etsi
701 594 842 644 enim
893 591 1129 660 ipsorum
1159 591 1644 661 reliquiaeginclusie
1686 590 1791 661 sint
1823 592 1873 661 in

305 659 581 730 sepulcris.
609 676 791 716 carum
822 659 995 714 tamen
1024 662 1192 715 virtus
1218 659 1321 714 non
1347 659 1493 714 Orbis
1519 671 1673 730 terra:
1700 659 1877 730 limiti-

308 728 406 785 bus
433 732 903 785 circumscribitur.
930 732 993 784 Et
1015 731 1113 785 hoc
1136 746 1317 785 verum
1342 745 1459 784 esse
1481 745 1547 783 ex
1570 728 1729 782 rebus
1749 728 1876 796 ipsis

307 800 513 856 discere
543 811 712 870 potes.
744 800 1021 855 Palmstina
1043 800 1281 854 'Abrahze
1332 801 1585 868 reliquias
1616 799 1791 870 habet,
1824 806 1879 870 et

310 867 572 941 tugurium
599 869 714 940 ejus
735 886 854 924 cum
879 870 1121 939 paradiso
1139 871 1413 941 contendit
1437 867 1462 921 :’
1472 884 1598 941 nam
1626 869 1763 921 Deus
1777 867 1876 941 qui

311 937 419 994 illic
447 937 640 994 contra
664 937 919 994 Adamum
949 941 1266 995 sententiam
1297 939 1432 1001 tulit,
1471 937 1561 992 hic
1597 954 1626 991 a
1656 937 1878 1006 patriar-

311 1010 409 1064 cha
441 1010 667 1079 hospitio
695 1020 945 1078 receptus
987 1019 1086 1064 est.
1137 1009 1351 1079 .Iosephi
1380 1022 1500 1079 ossa
1530 1023 1695 1061 unum
1733 1020 1880 1060 com-

314 1076 558 1149 plectitur
581 1076 905 1148 sepulcrum,
935 1088 990 1133 et
1018 1080 1134 1148 ejus
1157 1076 1339 1132 contra
1367 1076 1668 1149 Egyptian]
1707 1086 1877 1149 certa-

314 1146 434 1205 inen
464 1151 609 1203 orbis
637 1146 845 1204 termini
871 1163 990 1204 cum
1035 1146 1251 1218 stupore
1278 1146 1558 1202 mirantur.
1593 1146 1785 1217 Moysis
1814 1161 1880 1198 ne

313 1220 615 1286 sepulcrum
662 1219 875 1288 quidem
924 1218 1203 1286 reperitur,
1252 1227 1306 1272 et
1356 1218 1451 1288 ille,
1489 1225 1608 1285 post
1656 1225 1878 1288 mortem

317 1289 568 1355 prmdicat
614 1285 774 1351 eum,
826 1290 914 1356 qui
971 1285 1114 1357 virga
1165 1303 1308 1342 mare
1357 1287 1595 1341 Rubrum
1647 1285 1877 1357 discidit.

316 1358 476 1412 Isaias
505 1359 590 1413 ubi
623 1355 861 1424 sepultus
885 1358 953 1411 sit
984 1355 1319 1426 ignoramus;
1350 1368 1403 1411 et
1432 1357 1607 1410 omnis
1647 1355 1879 1426 Ecclesia

317 1445 411 1496 per
437 1428 910 1498 prophetiamiejns
936 1424 1132 1498 clamat
1157 1443 1185 1498 :7
1208 1425 1342 1498 Ecce»
1370 1425 1598 1498 Virgoin
1621 1434 1759 1498 nter?
1785 1424 1881 1498 lia-

315 1494 463 1563 bebitﬁ,
503 1494 550 1550 ei
579 1499 735 1565 pariet
763 1494 952 1550 Filium
999 1496 1149 1568 (Isai.
1179 1497 1228 1550 7.
1266 1496 1375 1566 M).
1412 1494 1590 1548 Daniel
1624 1494 1692 1568 iu_
1716 1494 1884 1562 Baby-

316 1569 438 1621 lone
466 1564 704 1637 sepultus
745 1578 847 1630 est,
892 1576 947 1619 et
989 1564 1079 1621 ille
1123 1582 1215 1637 per
1240 1564 1400 1637 totam
1430 1574 1622 1637 terrain
1649 1564 1839 1637 clamat
1867 1579 1881 1616 :

320 1638 448 1691 Ecce
482 1631 542 1691 iii
577 1637 788 1691 nubibus
808 1637 939 1701 caeli,
970 1637 1112 1705 quasi
1123 1631 1189 1687 'F
1190 1636 1307 1689 ilius
1333 1634 1549 1705 hominis
1569 1634 1696 1687 venit
1719 1631 1882 1705 (Dan.

315 1708 509 1777 7.15).
555 1709 787 1761 Ananias
836 1716 889 1761 et
935 1704 1062 1760 secii
1114 1707 1257 1774 pueri
1299 1706 1349 1759 in
1382 1704 1651 1777 Babylone
1693 1704 1887 1777 ιιιοινιιιί

316 1787 440 1830 sunt
468 1771 481 1830 ξ
509 1793 570 1830 ac
614 1793 706 1845 per
748 1778 866 1830 illos
910 1786 1049 1829 totus
1078 1771 1237 1845 orbis,
1258 1771 1509 1843 quotidie
1529 1774 1723 1845 clamat
1748 1771 1888 1845 ξιξε-

317 1848 527 1899 nedicite
556 1841 725 1899 omnia
766 1863 918 1915 opera
962 1841 1169 1899 Domini
1209 1841 1425 1897 Domino
1464 1845 1622 1912 (Dan.
1772 1844 1883 1909 57).

324 1916 564 1970 Ezechiel
597 1917 735 1981 apud
765 1912 953 1969 Persas
998 1915 1283 1968 tumulatus
1310 1925 1413 1976 est.
1443 1924 1496 1967 et
1524 1929 1642 1968 cum
1685 1912 1889 1966 Cheru-

319 1986 459 2039 binis
488 1989 750 2039 exclamat
781 2002 795 2039 :
823 1983 1090 2038 Benedicta
1121 1985 1283 2054 gloria
1315 1984 1519 2036 Domini
1558 1984 1620 2034 de
1648 1983 1757 2054 loco
1798 1998 1889 2035 suo

319 2056 533 2122 (lz'zeclt.
560 2057 618 2127 5.
653 2056 761 2127 12).
795 2055 870 2108 lta
899 2056 1026 2127 nihil
1056 2056 1252 2127 profuit
1278 2054 1507 2127 diabolo,
1535 2053 1686 2127 quod
1708 2053 1757 2104 in
1799 2056 1890 2120 pa-

318 2127 496 2180 radiso
542 2123 800 2179 Adanmm
840 2126 996 2179 morti
1047 2123 1320 2180 tradiderit
1362 2142 1376 2177 :
1419 2125 1555 2177 Deus
1602 2123 1743 2177 enim
1798 2137 1891 2189 per

320 2206 544 2250 mortem
563 2197 720 2265 justis
734 2198 951 2265 januatu
973 2197 1178 2264 aperuit
1197 2196 1262 2249 ad
1289 2193 1556 2248 ﬁduciam.
1577 2192 1680 2247 Sed
1704 2206 1891 2244 omnes

316 2266 533 2333 quidem
571 2276 878 2320 sanctorum
908 2266 1177 2320 memoria:
1216 2265 1483 2318 mirabiles
1522 2273 1677 2326 sunt;
1708 2276 1890 2333 verum

321 2332 449 2389 nihil
481 2336 550 2389 ita
579 2336 890 2405 gloriosum,
932 2335 1146 2405 utihzec
1188 2335 1515 2405 Solemnjtas.
1546 2333 1676 2405 Abel
1708 2332 1778 2405 ob
1803 2345 1890 2383 sa-

320 2403 950 2469 crilicium'menioratur,
982 2404 1163 2459 Enoch
1201 2404 1341 2472 quod
1382 2403 1497 2472 Deo
1522 2403 1781 2472 placuerit
1804 2416 1892 2453 ce-

322 2474 576 2538 lebratur,
600 2475 951 2529 Melchisedec
973 2484 1028 2527 ut
1046 2471 1231 2542 imago
1248 2475 1338 2526 Dei
1362 2471 1698 2542 priedicatur,
1722 2471 1893 2542 Abra-

324 2545 445 2595 ham
494 2553 712 2613 propter
759 2543 915 2597 [idem
960 2539 1223 2613 laudatur,
1271 2539 1418 2595 Isaae
1458 2541 1599 2613 quod
1632 2543 1794 2613 ligura
1825 2539 1896 2613 sit

322 2608 617 2677 extollitur,
639 2612 803 2667 Jacob
822 2613 1108 2666 obluctam
1136 2611 1317 2664 beatus
1342 2610 1673 2679 praedicatur,
1697 2608 1893 2677 Joscph

321 2683 391 2735 ob
420 2688 716 2737 castitatem
745 2685 1052 2747 honoratur,
1073 2680 1173 2735 Job
1197 2681 1460 2749 patientize
1484 2679 1691 2734 laudem
1714 2679 1892 2749 habet,

322 2751 530 2821 Moyses
581 2762 636 2805 ut
685 2752 953 2821 legislator
996 2748 1344 2821 benedicitur.
1376 2749 1710 2821 Jesushtilius
1752 2748 1895 2802 Nave

325 2770 406 2806 tuo
428 2770 530 2806 'ses
581 2770 636 2805 ut
685 2770 953 2821 tegismtor
996 2770 1344 2811 ucueuicuur.
1376 2770 1532 2804 Jcsus
1571 2770 1710 2802 unus
1752 2770 1894 2802 nave

325 2832 381 2874 ιιι
410 2770 532 2877 iii-Ili
578 2822 683 2875 dux
728 2822 1050 2885 celebratur,
1091 2820 1314 2873 Samson
1354 2836 1417 2873 ex
1471 2819 1735 2887 colloquio
1775 2834 1894 2873 cum

326 2893 434 2945 Deo
463 2892 647 2945 beatus
698 2893 911 2957 dicitur,
945 2891 1120 2944 Helias
1162 2890 1258 2942 zcli
1306 2888 1666 2951 testimonium
1716 2887 1894 2953 habet,

326 2961 488 3015 Isaias
528 2961 804 3030 theologus
834 2976 955 3015 esse
997 2961 1267 3023 scribitur,
1323 2959 1506 3013 Daniel
1560 2966 1614 3011 ut
1665 2958 1898 3028 prudens

328 3032 664 3100 itaedicatur,
698 3029 940 3085 Ezechiel
973 3039 1030 3084 ut
1071 3045 1384 3083 arcanorum
1429 3038 1696 3100 spectator
1731 3029 1899 3100 admi~

329 3098 517 3155 rationi
550 3103 791 3167 habetur,
827 3101 986 3154 David
1033 3111 1089 3154 ut
1127 3111 1278 3169 pater
1324 3098 1562 3169 mysterii
1609 3099 1898 3152 secundum

326 3188 541 3225 carnem
569 3172 887 3232 celebratur,
932 3168 1184 3224 Salomon
1232 3180 1287 3223 ιιι
1316 3170 1529 3237 sapiens
1571 3168 1895 3236 suspicitur;

328 3241 421 3294 sed
450 3240 581 3294 nihil
606 3240 986 3310 extaquaudum
1014 3240 1247 3308 Deiparae
1272 3239 1466 3293 Mariz‘e.
1491 3236 1621 3310 Nam
1643 3252 1802 3305 quem
1825 3237 1899 3289 illi

329 3326 514 3365 omnes
535 3327 585 3363 ιιι
608 3307 886 3379 aenigmate
908 3307 1167 3373 viderunt,
1194 3311 1301 3378 ipsa
1329 3311 1376 3361 iu
1401 3319 1551 3362 utero
1572 3307 1899 3379 incarnatum

329 3382 574 3504 gestavit,
614 3396 678 3434 ac
717 3377 850 3434 nihil
882 3379 1154 3448 impedivit
1200 3377 1519 3432 inellabilem
1551 3377 1900 3432 (Bconomiatn

380 3451 492 3504 erbi
533 3452 647 3504 Dei.
677 3449 984 3504 Tumorue?
1028 3451 1097 3503 At
1144 3450 1430 3502 tnaterialis
1473 3457 1554 3501 est
1600 3448 1773 3504 DaSsio
1803 3463 1816 3499 :
1850 3456 1900 3500 at

380 3451 492 3504 erbi
533 3452 647 3505 Dei.
677 3449 984 3505 Tumorue?
1028 3451 1097 3503 At
1144 3450 1430 3502 tnaterialis
1473 3457 1554 3501 est
1600 3448 1773 3505 DaSsio
1803 3463 1816 3499 :
1850 3456 1905 3500 at

333 3530 537 3575 tumore
581 3529 634 3574 et
678 3522 922 3590 passione
950 3534 1171 3590 vacuum
1201 3528 1294 3590 est
1317 3519 1564 3571 Verbum.
1598 3515 1783 3590 Tanta:
1810 3515 1905 3590 de-

334 3590 602 3645 missioiiis
631 3586 981 3660 magnitudo?
1006 3589 1110 3643 Sed
1137 3588 1385 3641 divinitas
1430 3601 1534 3640 non
1565 3586 1902 3660 circumscri-

332 3660 493 3712 bitur.
520 3654 790 3713 Piaculum
811 3660 834 3712 ?
858 3659 963 3712 Sed
989 3673 1106 3712 eam
1136 3660 1423 3711 etl’ormans
1450 3671 1554 3708 non
1587 3654 1821 3716 undavit,
1853 3664 1907 3706 et

242 3776 249 3785 .
334 3729 387 3782 in
439 3729 524 3782 illa
578 3730 900 3789 incarnatus,
932 3735 986 3780 ct
1026 3742 1093 3781 ex
1124 3726 1210 3779 illa
1240 3727 1472 3795 genitus,
1523 3740 1627 3795 non
1677 3723 1907 3795 pollutus

333 3808 417 3853 est
441 3816 456 3862 ;
490 3800 595 3852 imo
619 3800 841 3866 gloriam
872 3798 1000 3865 ltcgi
1022 3797 1174 3849 aﬂ'ert
1203 3794 1780 3866 benignitas._l’artus_?
1804 3794 1907 3866 red

336 3885 440 3921 non
471 3863 654 3921 minuit
689 3877 866 3935 partus
892 3863 1034 3926 cuin.
1065 3868 1152 3935 qui
1179 3867 1294 3918 sine
1322 3863 1579 3934 principio
1603 3874 1703 3917 est.
1722 3863 1906 3915 'Partui

334 3938 512 4007 juncta
566 3939 902 3991 incarnatio?
952 3937 1056 3990 Sed
1100 3935 1447 4007 mutationem
1495 3935 1675 3988 divina
1720 3942 1906 4007 natura

337 4002 445 4062 non
478 4022 628 4076 passa
656 4016 757 4060 est.
787 4007 1006 4060 Matrem
1040 4005 1196 4059 habet
1226 4005 1518 4058 secundum
1548 4019 1784 4076 carnem,
1814 4002 1907 4076 sed

338 4094 445 4131 non
469 4074 647 4132 amisit
675 4078 815 4147 quod
856 4087 998 4131 esset
1026 4078 1139 4129 sine
1170 4085 1340 4128 matre
1387 4075 1679 4129 secundum
1718 4074 1912 4147 (Ιίνιιιὶ-

339 4157 521 4202 tatem.
574 4144 863 4216 PI‘KUSCDC?
915 4148 1019 4199 Sed
1072 4148 1241 4199 Patris
1284 4147 1455 4198 sinum
1509 4160 1614 4197 non
1665 4144 1906 4216 nudavit.

337 4218 635 4286 Spelunca?
664 4213 769 4273 Sed
812 4218 1041 4271 Trinitas
1079 4230 1377 4286 numquant
1403 4222 1661 4286 thronum
1681 4213 1910 4286 reliquit.

338 4282 477 4343 Nihil
516 4304 644 4358 ergo
687 4290 738 4342 iu
781 4289 1050 4341 hominum
1093 4290 1195 4340 vita
1224 4282 1418 4339 simile
1467 4283 1664 4353 Virgini
1713 4282 1907 4358 Mariae.

339 4358 513 4425 Mente
544 4354 740 4427 itaque.
782 4374 815 4409 o
844 4358 1025 4422 homo,
1061 4367 1219 4410 totam
1260 4354 1908 4427 creaturampercurrito,

339 4441 393 4483 et
419 4431 537 4483 vide
564 4423 685 4481 uuin
711 4428 837 4497 quid
864 4437 955 4480 aut
979 4428 1180 4495 aequale
1206 4428 1274 4480 sit
1306 4426 1542 4497 Deiparae
1576 4423 1792 4491 Virgini,
1824 4432 1916 4475 aut

341 4499 510 4565 majus
554 4499 639 4551 illa
671 4512 684 4549 :
721 4495 913 4551 terram
953 4498 1193 4559 circumi,
1236 4510 1381 4549 mare
1416 4495 1693 4563 perlustra,
1736 4508 1913 4546 aerem

339 4581 600 4633 scrutare,
631 4570 789 4637 caelos
815 4578 993 4622 mente
1031 4568 1319 4637 perpende,
1354 4565 1644 4637 invisibiles
1665 4572 1914 4637 inueste-

343 4649 422 4693 tes
441 4632 714 4709 cogita,‘et
743 4639 859 4691 vide
899 4632 1260 4691 mnu-induta
1292 4646 1476 4709 natura
1519 4632 1769 4709 sit_al_iud
1815 4633 1917 4709 tale

340 4705 719 4778 Specta'culum.
751 4709 878 4763 Nam
910 4709 1022 4762 caeli
1058 4719 1306 4764 cuarraut
1337 4707 1557 4778 gloriam
1600 4705 1713 4769 Dei,
1745 4705 1917 4771 angeli

341 4776 460 4833 cum
492 4783 679 4835 timore
714 4780 1035 4842 ministrant,
1068 4778 1370 4847 archangeli
1402 4776 1624 4829 adorant
1661 4790 1785 4847 cum
1815 4784 1919 4826 tre-

345 4867 512 4915 more,
556 4850 838 4904 bberubini
880 4868 981 4904 non
1025 4846 1705 4907 ferentes’cxltorrescuut,
1757 4846 1917 4897 Scra-

347 4922 488 4987 pliini
520 4936 620 4973 ιιοιι
644 4923 919 4985 accedunt,
952 4921 1043 4975 sed
1065 4922 1509 4973 circumvolanlcs
1537 4932 1659 4970 cunt
1687 4925 1917 4970 tremore

1020 372 1044 383 -
1077 338 1349 397 CONTRA
1390 334 1793 394 ΙΙΛΕΒΕΤΙΟΟΞ
1831 335 1917 392 ΕΤ
1958 335 2019 389 IN
2058 333 2374 392 SANCTAM
2412 336 2784 392 DEIPARAM.

3427 343 3553 398 -ῗίτι

1979 451 2206 504 clamant
2232 466 2247 503 :
2275 448 2513 513 Sanctus,
2540 460 2762 515 sanctus,
2785 461 2986 504 sanctus
3012 448 3258 506 Dominus
3281 454 3505 508 Sabaoth
3542 500 3551 510 .

1980 522 2180 589 plenum
2210 530 2282 573 est
2309 521 2484 573 actum
2503 532 2557 591 et
2579 528 2708 591 terra
2732 521 2898 574 laudis
2928 523 3037 589 ejus
3066 520 3218 589 (lsai.
3258 524 3311 578 6.
3339 525 3417 591 '5).
3447 521 3553 578 La-

1979 605 2072 643 cus
2100 605 2288 643 sonum
2313 605 2417 661 non
2443 589 2579 652 tulit,
2611 590 2777 661 nubes
2797 592 3144 661 assuutptioni
3173 609 3291 644 cum
3322 589 3554 647 tremore

1981 661 2236 713 vehentes
2274 660 2659 724 ministrarum,
2697 660 2774 710 sol
2808 660 3180 713 contumeliam
3230 678 3332 715 non
3379 663 3552 717 ferens

1981 730 2277 793 inhorruit,
2323 728 2560 781 infernus
2615 740 2850 783 mortuos
2896 746 3014 783 cum
3067 731 3252 785 timore
3299 739 3552 787 evomuit.

1981 799 2192 853 Ustiarii
2229 807 2278 852 te
2305 798 2543 851 videntes
2577 799 2919 861 exlmrruere.
2962 815 3115 853 mons
3154 815 3436 857 asrensum
3465 819 3558 857 ex-

1980 870 2184 935 cipiens
2214 868 2508 935 fumigavit,
2551 869 2717 921 rulms
2747 868 3002 922 visionem
3040 886 3142 921 non
3189 872 3365 925 ferens
3399 888 3558 926 exar-

1981 940 2069 1000 sit,
2113 938 2359 992 Jordauis
2403 952 2510 1005 pra:
2551 937 2774 991 horrore
2807 952 3095 992 conversus
3122 949 3204 993 est
3241 951 3555 1003 retrorsum,

1986 1023 2131 1063 mare
2158 1009 2356 1077 virgam
2395 1018 2637 1078 metuens
2678 1007 2963 1061 dissectum
2993 1017 3076 1062 est
3106 1024 3200 1078 per
3233 1011 3555 1065 Dominieam

1984 1080 2201 1142 ligarant
2232 1076 2670 1149 mansuefactum,
2709 1078 2857 1149 virga
2887 1076 3119 1149 Aaronis‘
3138 1091 3350 1144 propter
3375 1082 3558 1149 imagi-

1985 1163 2105 1200 nem
2129 1158 2323 1215 pra-ter
2353 1157 2593 1200 naturam
2620 1146 2816 1211 ﬂoruit,
2846 1147 2979 1206 ignis
3010 1148 3060 1199 in
3088 1147 3356 1215 Babylone
3386 1146 3560 1205 Triui-

1987 1219 2108 1272 tatis
2132 1208 2418 1271 numerum
2447 1218 2704 1270 reveritus
2730 1208 2828 1270 est.
2860 1217 3127 1284 Stupenda
3160 1208 3244 1271 illa
3285 1236 3558 1286 enumera,

1985 1298 2036 1340 et
2066 1286 2290 1355 Virginis
2318 1289 2587 1340 victoriam
2620 1287 2813 1341 mirare
2845 1303 2859 1356 ξ
2886 1289 3006 1355 quia
3035 1303 3189 1356 quem
3213 1291 3386 1343 omnis
3410 1306 3558 1345 crea-

1988 1367 2103 1410 tura
2131 1373 2252 1411 cum
2293 1358 2484 1410 timore
2509 1365 2563 1409 et
2588 1366 2818 1410 tremore
2850 1355 3063 1422 hymnis
3087 1358 3397 1417 eelebravit.
3439 1377 3559 1414 eum

1990 1428 2075 1480 illa
2105 1427 2215 1481 sola
2240 1426 2397 1479 modo
2419 1425 2772 1494 inexplicabili
2804 1428 2852 1479 in
2883 1426 3114 1479 thalamo
3138 1430 3359 1495 recepit.
3388 1430 3563 1484 Beata:

1988 1507 2204 1566 propter
2231 1498 2370 1550 illam
2415 1511 2602 1548 omnes
2637 1495 2884 1566 mulieres
2925 1514 2939 1549 :
2969 1510 3072 1549 noo
3100 1498 3233 1550 ultra
3276 1500 3560 1552 femineum

1987 1565 2155 1636 genus
2179 1567 2229 1620 iit
2263 1566 2761 1637 maletlictioneest.
2792 1565 3232 1637 Seixnmgltabuit,
3265 1585 3370 1637 quo
3403 1585 3566 1637 ange-

1991 1633 2070 1690 los
2109 1637 2273 1704 gloria
2316 1635 2605 1704 superabit.
2633 1633 2822 1704 Curata
2854 1636 2949 1688 fuit
2991 1635 3123 1698 Eva,
3166 1633 3378 1691 silentio
3402 1633 3562 1693 missa

1989 1716 2073 1760 est
2101 1703 2604 1776 Egyptia,septilta
2642 1703 2741 1757 fuit
2782 1705 2969 1768 Dalila,
3008 1706 3262 1761 oblivioni
3316 1709 3434 1763 data
3483 1718 3567 1763 est

1990 1776 2238 1841 Jezabo-l,
2285 1776 2454 1829 deleta
2507 1785 2589 1828 est
2637 1776 2890 1828 memoria
2946 1776 3259 1830 llerodiadis
3291 1794 3304 1832 :
3334 1790 3388 1832 et
3427 1795 3567 1833 nunc

1993 1848 2269 1902 mulierum
2291 1847 2561 1914 catalogus
2586 1845 2638 1898 in
2661 1845 3007 1898 admiratione
3032 1846 3277 1899 habetur.
3302 1848 3567 1902 Laudatur

1991 1915 2145 1971 Sarra
2171 1927 2226 1969 ut
2246 1932 2429 1969 arvum
2462 1916 2773 1983 pepulorum
2800 1914 2941 1968 ferax
2969 1932 2981 1977 ;
3013 1918 3302 1970 honoratur
3328 1918 3566 1973 Rebecca

1996 1996 2053 2039 ut
2103 1987 2291 2041 callida
2343 1986 2767 2038 benedictionum
2818 1987 3177 2053 procuratrix;
3230 1987 3567 2040 admirationi

1994 2055 2219 2110 habetur
2250 2056 2358 2119 Lia,
2406 2065 2464 2108 ut
2505 2063 2672 2108 mater
2718 2057 3070 2123 progenitoris
3116 2057 3404 2110 secundum
3444 2074 3565 2110 car-

1995 2142 2147 2191 nem;
2173 2127 2472 2181 celebratur
2495 2125 2721 2188 Debora,
2755 2136 2807 2177 ιιι
2830 2141 2946 2193 quia
2972 2140 3128 2191 supra
3158 2138 3396 2180 naturam
3422 2143 3571 2182 exer-

1993 2197 2130 2250 citus
2159 2198 2260 2249 dus
2295 2196 2485 2259 luerit;
2520 2194 2671 2248 beata
2702 2196 3019 2266 pra-dicatur
3063 2195 3316 2261 Elisabct,
3360 2207 3417 2250 ut
3451 2214 3571 2266 qua:

1996 2266 2271 2321 Prodromi
2298 2266 2482 2335 gratia:
2509 2266 2916 2318 exsultationem
2939 2264 3256 2329 disposuerit
3281 2282 3295 2327 ;
3320 2264 3573 2320 adorator

1995 2345 2049 2390 et
2075 2337 2256 2398 Maria,
2287 2334 2409 2405 quia
2438 2334 2533 2387 luit
2563 2346 2750 2398 mater,
2776 2343 2829 2388 et
2852 2335 3062 2393 ancilla,
3090 2344 3144 2388 et
3172 2336 3358 2399 nubes,
3385 2346 3439 2390 et
3460 2340 3574 2390 tha-

1997 2407 2186 2465 lamus.
2220 2415 2274 2458 et
2316 2420 2439 2458 arca
2484 2405 2713 2457 Domini.
2762 2405 2963 2466 Mater;
3021 2405 3225 2472 peperit
3270 2408 3410 2459 enim
3450 2422 3571 2460 eum

1996 2475 2084 2544 qui
2112 2476 2253 2529 nasi‘i
2285 2476 2447 2527 voluit
2479 2491 2492 2528 :
2519 2475 2709 2527 ancilla
2738 2491 2752 2535 ;
2786 2484 3026 2527 naturam
3070 2475 3264 2542 quippe
3291 2477 3571 2542 conﬁteor,
3626 2533 3631 2537 _

1996 2555 2050 2599 et
2082 2546 2313 2612 prmdico
2341 2544 2562 2612 gratiam
2598 2561 2612 2597 :
2646 2546 2841 2607 nubes;
2876 2558 2995 2596 nam
3038 2558 3104 2597 ex
3150 2544 3347 2613 Spiritu
3391 2558 3576 2600 sancto

1997 2616 2235 2682 concepit
2263 2630 2403 2677 eum,
2429 2629 2584 2683 quem
2608 2615 2722 2668 sine
2744 2613 2986 2683 passione
3014 2619 3215 2681 peperit
3238 2632 3252 2668 :
3279 2616 3574 2681 thalamus;

1999 2688 2052 2737 in
2081 2685 2168 2737 illa
2194 2685 2333 2738 enim
2363 2682 2512 2751 quasi
2547 2700 2596 2735 ιιι
2631 2682 2851 2750 nuptiali
2897 2682 3130 2736 thalamo
3177 2686 3310 2737 Deus
3342 2684 3573 2739 Verbum

2002 2754 2259 2808 habitavit
2289 2772 2303 2808 :
2330 2769 2451 2807 arca
2479 2768 2494 2814 ;
2530 2769 2634 2807 non
2684 2755 2854 2822 legem
2883 2761 3121 2821 portans,
3162 2754 3255 2808 sed
3284 2754 3581 2822 Legislato-

2003 2839 2117 2878 rem
2144 2834 2295 2878 utero
2334 2833 2568 2893 gestans.
2612 2823 2965 2893 Quamobrem
2994 2822 3244 2893 dicamus
3290 2824 3384 2888 illi,
3430 2824 3580 2879 Bene-

2001 2894 2135 2946 dicta
2164 2904 2216 2947 tu
2258 2893 2313 2946 in
2342 2892 2658 2947 intulien'bus.
2687 2892 2767 2946 Tu
2795 2893 2846 2945 in
2877 2892 3188 2964 mulieribus
3213 2894 3323 2947 sola
3350 2910 3431 2960 es,
3461 2911 3581 2964 quas

2004 2964 2129 3036 Eva:
2157 2978 2441 3036 minrorem
2464 2964 2682 3036 curasti,
2706 2978 2823 3036 quze
2847 2963 2962 3036 sola
2992 2962 3293 3036 plangentis
3318 2962 3581 3036 lacrynias

2002 3034 2316 3097 abstersisti,
2371 3049 2488 3101 qua:
2541 3033 2653 3086 sola
2705 3032 3085 3101 redemptionis
3116 3034 3298 3086 mundi
3349 3032 3580 3099 pretium

2004 3103 2190 3169 tulisti,
2223 3104 2308 3157 cui
2337 3103 2435 3155 soli
2480 3102 2778 3170 margarita:
2809 3102 3086 3156 thesaurus
3111 3103 3449 3159 concreditus
3475 3115 3581 3169 est,

2004 3187 2123 3241 quae
2151 3173 2264 3225 sola
2304 3172 2421 3226 sine
2448 3174 2717 3239 voluptate
2746 3186 3024 3240 praegnans
3055 3170 3219 3236 fuisti,
3259 3181 3314 3226 et
3341 3175 3458 3228 sine
3483 3175 3582 3228 do-

1936 3290 1939 3293 .
2006 3242 2119 3296 lore
2148 3242 2415 3310 peperisti,
2457 3257 2575 3309 quae
2604 3242 2715 3296 sola
2744 3241 3145 3295 Emmanuelem
3193 3254 3252 3295 ut
3292 3244 3408 3311 ipse
3434 3244 3582 3299 vole-

2005 3312 2095 3366 bat
2118 3312 2365 3380 genuisti.
2414 3311 2682 3364 Benedicta
2730 3322 2783 3364 tu
2810 3311 2863 3363 in
2902 3310 3192 3365 mulieribus
3218 3323 3263 3370 et
3296 3312 3584 3369 benedictus

2006 3384 2198 3452 fructus
2224 3381 2375 3448 (Luc.
2405 3383 2455 3435 l.
2487 3380 2603 3450 28),
2639 3397 2742 3435 non
2786 3395 3006 3452 semen;
3040 3379 3166 3452 llos,
3210 3398 3312 3436 non
3364 3387 3582 3451 passio;

2007 3451 2278 3519 Splendor,
2327 3467 2431 3503 non
2457 3461 2737 3512 creatum;
2769 3466 2886 3504 cum
2936 3451 3089 3504 Patre
3132 3451 3306 3504 throni
3338 3467 3581 3520 consors,

2011 3535 2114 3572 non
2141 3534 2327 3573 servus
2350 3535 2365 3583 ;
2389 3521 2489 3585 sol,
2520 3535 2624 3573 non
2654 3535 2812 3572 arena
2844 3535 2858 3582 ;
2888 3520 2977 3588 qui
3005 3520 3274 3576 aduratur.
3302 3537 3406 3574 non
3430 3537 3584 3575 crea-

2011 3599 2127 3653 tus;
2159 3589 2540 3658 redemptionis
2564 3591 2815 3658 pretium,
2844 3604 2948 3641 non
2979 3588 3205 3642 debitor.
3236 3588 3508 3644 Benedicta
3530 3601 3586 3645 tu

2009 3661 2064 3711 in
2093 3658 2400 3721 mulieribus,
2430 3667 2476 3711 et
2502 3658 2781 3728 benedictus
2802 3662 2998 3728 fructus
3023 3660 3204 3712 ventris
3224 3662 3316 3713 tui.
3344 3661 3445 3714 Pro
3467 3676 3586 3714 om-

2011 3728 2167 3800 nibus
2193 3728 2258 3781 ad
2291 3736 2408 3800 tuas
2433 3727 2701 3800 canendas
2726 3727 2907 3781 laudes
2937 3728 3067 3800 satis
3095 3729 3183 3782 tibi
3210 3738 3297 3800 est
3330 3730 3585 3800 propheta

2013 3799 2290 3868 clamans:
2322 3796 2452 3868 Ecce
2485 3796 2638 3867 Virgo
2667 3799 2719 3850 in
2750 3808 2890 3850 utero
2934 3796 3441 3868 Ιιιιὺιῖιθιιί(ΙιςίιὶξἼ.⁷
3473 3803 3586 3867 Η).

2015 3867 2154 3939 Dixit
2190 3866 2525 3933 miraculum,
2554 3866 2604 3921 et
2638 3868 2851 3939 modum
2884 3869 3067 3921 tacuit.
3108 3866 3187 3920 Et
3214 3870 3371 3936 pariet
3403 3866 3587 3939 ﬁlium.

2014 3937 2228 4007 {artum
2261 3940 2584 4006 praedicavit,
2609 3946 2661 3991 et
2686 3937 2900 4007 modum
2932 3952 3035 3991 non
3067 3940 3302 4007 Spurium
3337 3937 3586 3995 reddidit.

2015 4006 2082 4060 Et
2106 4007 2352 4080 vocabunt
2374 4024 2552 4060 nomen
2588 4008 2698 4076 ejus
2722 4006 3043 4080 Enniianuel.
3061 4008 3588 4080 _Dixit_mysterium,

2014 4087 2067 4132 et
2106 4076 2515 4145 appellationem
2545 4079 2692 4146 quasi
2728 4077 2924 4129 tonitru
2970 4077 3165 4131 emisit.
3208 4076 3355 4142 Quod
3393 4091 3463 4133 est
3506 4082 3587 4132 iu-

2017 4156 2362 4218 lerprelatum,
2410 4146 2890 4218 Nobiscnnt_Deus.
2921 4147 3293 4218 Dcuutuatum
3336 4151 3587 4218 pratdica-

2017 4218 2110 4280 vit,
2139 4225 2195 4270 et
2241 4217 2548 4271 Judaiorum
2575 4234 2666 4270 ora
2695 4215 2955 4286 frenavit.
2989 4215 3265 4270 Nobiscum
3296 4215 3456 4286 Deus,
3492 4236 3586 4272 ex-

2017 4287 2241 4340 stincttts
2269 4297 2352 4341 est
2388 4302 2582 4341 error:
2615 4287 2891 4340 nobiscum
2943 4285 3106 4350 Deus,
3153 4298 3208 4340 et
3258 4285 3591 4343 circumcisio

2018 4356 2247 4411 cessavit
2278 4372 2290 4408 :
2324 4357 2597 4411 nobiscurn
2627 4358 2786 4421 Deus,
2815 4364 2870 4410 ct
2907 4356 3180 4411 dictitantes
3218 4356 3380 4426 fugati
3423 4369 3546 4414 sunt
3572 4377 3586 4412 :

2020 4426 2294 4480 nobiscum
2320 4427 2477 4491 Deus,
2501 4436 2558 4481 et
2573 4426 2814 4481 diabolus
2840 4435 3134 4494 prostratus
3155 4437 3237 4481 est
3264 4443 3278 4479 :
3315 4428 3587 4483 nobiscum

2025 4498 2183 4561 Deus,
2209 4508 2263 4550 ct
2293 4497 2489 4564 piscina
2522 4512 2708 4565 parere
2739 4512 2841 4551 ιιοιι
2866 4504 3039 4551 cessat
3068 4514 3082 4549 :
3112 4497 3387 4559 nobiscum
3432 4499 3590 4565 Deus,

2021 4576 2076 4620 et
2103 4579 2254 4635 reges
2280 4568 2529 4634 pietatem
2555 4568 2737 4622 colunt
2765 4584 2778 4619 :
2809 4567 3082 4621 nobiscum
3127 4568 3283 4632 Deos,
3320 4578 3373 4622 et
3413 4567 3596 4623 Eccle-

2022 4636 2115 4690 sia:
2139 4650 2376 4704 angusta:
2401 4638 2632 4691 evadunt
2661 4655 2674 4690 :
2708 4638 2982 4691 nobiscum
3020 4636 3177 4701 Deus,
3209 4647 3263 4691 et
3286 4653 3429 4693 mors
3460 4638 3594 4693 facta

2024 4715 2106 4760 cst
2131 4721 2349 4760 somnus
2377 4723 2391 4761 ε
2423 4708 2695 4763 uobiscum
2742 4708 2900 4773 Deus,
2931 4715 2987 4760 et
3028 4708 3223 4761 mortui
3250 4708 3318 4761 de
3351 4708 3596 4763 libertate

2025 4776 2352 4848 exsultantes
2390 4777 2659 4832 clamant:
2693 4776 2815 4831 Non
2844 4778 3073 4848 angelus.
3120 4794 3218 4830 non
3265 4779 3476 4848 legatus,
3508 4780 3599 4831 sed

2024 4845 2144 4929 ipse.
2161 4842 2296 4899 Deus
2320 4848 2469 4968 venit,
2496 4859 2544 4902 et
2572 4848 2779 4902 saluauit
2806 4864 2895 4902 nos
2912 4842 3079 4919 ⁷(Ιδιιί.
3108 4848 3195 4902 05.
3227 4848 3281 4919 9)
3311 4842 3331 4901 ἶ
3364 4850 3461 4918 ipsi
3492 4850 3598 4918 glo-

2029 4933 2104 4968 ria
2135 4933 2185 4968 ιιι
2211 4932 2349 4968 εωριι
2374 4934 2424 4968 a.

2029 4933 2104 4970 ῐῚὶΙ
2135 4933 2185 4970 Ill
2211 4932 2424 4970 Stccma.

1162 5125 1408 5165 (ηΝΤιιΑ
1456 5118 1820 5164 [LERETICOS
1870 5117 1951 5159 ΕΤ
1994 5116 2056 5158 IN
2112 5116 2397 5161 SANCTAM
2436 5119 2781 5162 DEIPARAM.

1833 5255 2085 5277 -ο-

426 5362 473 5416 ι.
502 5360 705 5414 Rursus
745 5355 963 5425 Spiritui
1009 5364 1192 5408 sancto
1221 5353 1408 5416 lidens,
1436 5352 1745 5425 ignorantne
1772 5362 1920 5407 cate-

352 5448 445 5488 nas
474 5432 752 5482 avulsurus
781 5423 830 5480 in
860 5426 1113 5478 doctrina:
1141 5424 1329 5476 solium
1349 5423 1600 5487 ascemlo,
1625 5438 1724 5476 nec
1747 5438 1918 5476 meam

351 5501 611 5557 reveritus
634 5499 882 5566 inopiam.
909 5495 1041 5549 Cum
1073 5494 1534 5566 enimpauperum
1563 5504 1802 5547 amantes
1825 5493 1919 5566 si-

352 5574 439 5636 tis,
467 5571 687 5625 caritate
717 5563 842 5621 moti
870 5567 971 5620 mei
999 5564 1397 5636 iuiscrchimini.
1424 5565 1769 5636 l’aupercunt
1792 5563 1915 5636 sim,

350 5633 540 5696 divites
564 5639 718 5704 adeo,
753 5652 849 5690 nec
873 5636 1186 5704 arrogantiae
1218 5634 1402 5686 morbo
1433 5634 1615 5704 laboro
1639 5650 1653 5697 ;
1680 5633 1773 5686 sed
1797 5635 1920 5687 reli-

349 5713 483 5780 giosi
527 5702 712 5762 animi
740 5707 899 5780 vestri
936 5702 1259 5760 desiderium
1296 5704 1518 5780 impleo,
1558 5702 1685 5780 Nam
1732 5714 1785 5756 et
1814 5719 1920 5780 vos

351 5772 623 5838 sermones
671 5778 796 5844 mei,
841 5787 893 5831 et
940 5792 1024 5830 me
1066 5790 1244 5829 mores
1286 5776 1443 5828 vestri
1490 5774 1771 5829 delectant.
1814 5772 1921 5827 Nec

2032 5359 2547 5420 paupertatcm,_nec
2573 5346 2623 5398 in
2661 5344 2887 5420 dicendo
2916 5344 3144 5420 inopiam
3191 5359 3362 5398 meatu
3405 5348 3600 5420 sentio,

2025 5414 2153 5476 cuni
2180 5421 2281 5471 hoc
2313 5415 2588 5485 pulchrum
2616 5425 2672 5468 et
2701 5414 3055 5485 desiderabile
3102 5416 3363 5485 theatrum
3394 5417 3605 5484 conspi-

2026 5491 2131 5545 cio.
2160 5490 2284 5543 Scio
2311 5484 2527 5554 quippe,
2563 5498 2657 5537 vos
2683 5500 2786 5537 non
2816 5484 3077 5537 dictorum
3099 5484 3323 5553 judices.
3358 5500 3458 5539 nec
3482 5501 3607 5555 ago-

2029 5577 2153 5614 num
2185 5566 2512 5625 spectatores
2539 5555 2642 5608 huc
2681 5555 2984 5619 convenire,
3023 5556 3116 5608 sed
3143 5554 3387 5625 utiquasi
3430 5554 3605 5624 patres

2027 5647 2146 5685 cum
2176 5624 2284 5680 lilio
2310 5625 2747 5678 corroboremini.
2781 5626 2891 5693 Ego
2919 5640 3147 5693 namque
3191 5624 3368 5694 lingua
3395 5625 3602 5693 loipior,

2030 5717 2126 5753 vos
2151 5708 2326 5750 autem
2358 5695 2518 5748 corde
2565 5694 2738 5763 petitis
2767 5711 2795 5747 a
2830 5701 2955 5756 Deo,
2990 5704 3046 5748 ut
3070 5696 3224 5749 detur
3251 5697 3403 5748 nobis
3432 5710 3607 5748 sermo

2033 5773 2082 5824 in
2110 5769 2385 5839 apertione
2424 5766 2532 5818 oris
2581 5763 2795 5834 (Ep/tes.
2828 5768 2878 5821 li.
2911 5765 3004 5833 £9)
3038 5782 3049 5817 :
3083 5782 3202 5821 nam
3227 5780 3348 5821 cum
3380 5765 3606 5821 ﬁliorum
