  <div class='ocr_page' id='page_1' title='image "/cluster/home/n/w/nwhite01/storage/ocr_20150623/59/mdp.39015009383640/711.png"; bbox 0 0 4028 6144; ppageno 0'>
   <div class='ocr_carea' id='block_1_1' title="bbox 391 319 495 374">
    <p class='ocr_par' dir='ltr' id='par_1_1' title="bbox 391 319 495 374">
     <span class='ocr_line' id='line_1_1' title="bbox 391 319 495 374; baseline 0.038 -4"><span class='ocrx_word' id='word_1_1' title='bbox 391 319 495 374; x_wconf 78' lang='grc'>713</span> 
     </span>
    </p>
   </div>
   <div class='ocr_carea' id='block_1_2' title="bbox 390 426 2055 501">
    <p class='ocr_par' dir='ltr' id='par_1_2' title="bbox 390 426 2055 501">
     <span class='ocr_line' id='line_1_2' title="bbox 390 426 2055 501; baseline -0.001 -20"><span class='ocrx_word' id='word_1_2' title='bbox 390 430 633 493; x_wconf 88' lang='grc' dir='ltr'>παινίδος</span> <span class='ocrx_word' id='word_1_3' title='bbox 663 430 814 495; x_wconf 77' lang='grc' dir='ltr'>τάξιν</span> <span class='ocrx_word' id='word_1_4' title='bbox 848 431 1116 501; x_wconf 80' lang='grc' dir='ltr'>ἐπέχουσα</span> <span class='ocrx_word' id='word_1_5' title='bbox 1146 426 1287 483; x_wconf 88' lang='grc' dir='ltr'>κατά</span> <span class='ocrx_word' id='word_1_6' title='bbox 1311 427 1472 497; x_wconf 88' lang='grc' dir='ltr'>φύσιν</span> <span class='ocrx_word' id='word_1_7' title='bbox 1500 431 1748 492; x_wconf 83' lang='grc' dir='ltr'>κινεῖται,</span> <span class='ocrx_word' id='word_1_8' title='bbox 1775 428 1868 481; x_wconf 72' lang='grc' dir='ltr'>καὶ</span> <span class='ocrx_word' id='word_1_9' title='bbox 1903 426 2055 498; x_wconf 88' lang='grc' dir='ltr'>παρά</span> 
     </span>
    </p>
   </div>
   <div class='ocr_carea' id='block_1_3' title="bbox 390 506 1625 580">
    <p class='ocr_par' dir='ltr' id='par_1_3' title="bbox 390 506 1625 580">
     <span class='ocr_line' id='line_1_3' title="bbox 390 506 1625 580; baseline 0 -20"><span class='ocrx_word' id='word_1_10' title='bbox 390 509 554 576; x_wconf 89' lang='grc' dir='ltr'>φύσιν</span> <span class='ocrx_word' id='word_1_11' title='bbox 567 509 769 579; x_wconf 81' lang='grc' dir='ltr'>τρέχει,</span> <span class='ocrx_word' id='word_1_12' title='bbox 803 511 1134 580; x_wconf 77' lang='grc' dir='ltr'>πρόσταγμα</span> <span class='ocrx_word' id='word_1_13' title='bbox 1165 506 1444 577; x_wconf 75' lang='grc' dir='ltr'>πληροῦσα</span> <span class='ocrx_word' id='word_1_14' title='bbox 1469 506 1625 560; x_wconf 88' lang='grc' dir='ltr'>Θεοῦ.</span> 
     </span>
    </p>
   </div>
   <div class='ocr_carea' id='block_1_4' title="bbox 459 583 2051 657">
    <p class='ocr_par' dir='ltr' id='par_1_4' title="bbox 459 583 2051 657">
     <span class='ocr_line' id='line_1_4' title="bbox 459 583 2051 657; baseline -0.002 -19"><span class='ocrx_word' id='word_1_15' title='bbox 459 593 530 654; x_wconf 80' lang='grc' dir='ltr'>γ’.</span> <span class='ocrx_word' id='word_1_16' title='bbox 565 588 698 639; x_wconf 79' lang='grc' dir='ltr'>Εἰπὲ</span> <span class='ocrx_word' id='word_1_17' title='bbox 729 587 806 649; x_wconf 86' lang='grc' dir='ltr'>δὲ,</span> <span class='ocrx_word' id='word_1_18' title='bbox 836 588 863 639; x_wconf 98' lang='lat'>6</span> <span class='ocrx_word' id='word_1_19' title='bbox 896 586 1074 657; x_wconf 79' lang='grc' dir='ltr'>ζητῶν</span> <span class='ocrx_word' id='word_1_20' title='bbox 1096 627 1112 652; x_wconf 95' lang='grc'>,</span> <span class='ocrx_word' id='word_1_21' title='bbox 1147 585 1265 649; x_wconf 86' lang='grc' dir='ltr'>πῶς</span> <span class='ocrx_word' id='word_1_22' title='bbox 1296 588 1325 638; x_wconf 91' lang='lat'>6</span> <span class='ocrx_word' id='word_1_23' title='bbox 1360 584 1590 655; x_wconf 83' lang='grc' dir='ltr'>Χριστὸς</span> <span class='ocrx_word' id='word_1_24' title='bbox 1627 586 1691 637; x_wconf 82' lang='grc' dir='ltr'>ἐκ</span> <span class='ocrx_word' id='word_1_25' title='bbox 1720 584 1816 653; x_wconf 82' lang='grc' dir='ltr'>τῆς</span> <span class='ocrx_word' id='word_1_26' title='bbox 1854 583 2051 636; x_wconf 89' lang='grc' dir='ltr'>ἀλύτου</span> 
     </span>
    </p>
   </div>
   <div class='ocr_carea' id='block_1_5' title="bbox 392 663 2051 735">
    <p class='ocr_par' dir='ltr' id='par_1_5' title="bbox 392 663 2051 735">
     <span class='ocr_line' id='line_1_5' title="bbox 392 663 2051 735; baseline 0.001 -20"><span class='ocrx_word' id='word_1_27' title='bbox 392 664 603 733; x_wconf 84' lang='grc' dir='ltr'>μήτρας</span> <span class='ocrx_word' id='word_1_28' title='bbox 622 664 894 733; x_wconf 84' lang='grc' dir='ltr'>προελθὼν</span> <span class='ocrx_word' id='word_1_29' title='bbox 916 666 1015 718; x_wconf 83' lang='grc' dir='ltr'>οὑκ</span> <span class='ocrx_word' id='word_1_30' title='bbox 1036 665 1266 733; x_wconf 79' lang='grc' dir='ltr'>ἠφάνισε</span> <span class='ocrx_word' id='word_1_31' title='bbox 1294 664 1394 735; x_wconf 78' lang='grc' dir='ltr'>τὴν</span> <span class='ocrx_word' id='word_1_32' title='bbox 1429 665 1695 734; x_wconf 84' lang='grc' dir='ltr'>σφραγῖδα</span> <span class='ocrx_word' id='word_1_33' title='bbox 1730 666 1828 732; x_wconf 80' lang='grc' dir='ltr'>τῆς</span> <span class='ocrx_word' id='word_1_34' title='bbox 1849 663 2051 734; x_wconf 85' lang='grc' dir='ltr'>παρθε-</span> 
     </span>
    </p>
   </div>
   <div class='ocr_carea' id='block_1_6' title="bbox 387 740 2053 812">
    <p class='ocr_par' dir='ltr' id='par_1_6' title="bbox 387 740 2053 812">
     <span class='ocr_line' id='line_1_6' title="bbox 387 740 2053 812; baseline -0.001 -17"><span class='ocrx_word' id='word_1_35' title='bbox 387 745 527 806; x_wconf 87' lang='grc' dir='ltr'>νίας,</span> <span class='ocrx_word' id='word_1_36' title='bbox 558 745 674 806; x_wconf 82' lang='grc' dir='ltr'>πώς</span> <span class='ocrx_word' id='word_1_37' title='bbox 713 747 778 796; x_wconf 80' lang='grc' dir='ltr'>ὲκ</span> <span class='ocrx_word' id='word_1_38' title='bbox 829 743 918 796; x_wconf 93' lang='grc' dir='ltr'>τοῦ</span> <span class='ocrx_word' id='word_1_39' title='bbox 964 741 1294 811; x_wconf 80' lang='grc' dir='ltr'>παρθενικοῦ</span> <span class='ocrx_word' id='word_1_40' title='bbox 1343 741 1515 811; x_wconf 79' lang='grc' dir='ltr'>Ἀδάμ</span> <span class='ocrx_word' id='word_1_41' title='bbox 1558 744 1591 812; x_wconf 85' lang='grc' dir='ltr'>ή</span> <span class='ocrx_word' id='word_1_42' title='bbox 1638 742 1901 812; x_wconf 83' lang='grc' dir='ltr'>παρθένος</span> <span class='ocrx_word' id='word_1_43' title='bbox 1939 740 2053 793; x_wconf 79' lang='grc' dir='ltr'>Εὕα</span> 
     </span>
    </p>
   </div>
   <div class='ocr_carea' id='block_1_7' title="bbox 389 820 2049 892">
    <p class='ocr_par' dir='ltr' id='par_1_7' title="bbox 389 820 2049 892">
     <span class='ocr_line' id='line_1_7' title="bbox 389 820 2049 892; baseline -0.001 -18"><span class='ocrx_word' id='word_1_44' title='bbox 389 822 650 892; x_wconf 78' lang='grc' dir='ltr'>προῆλθε.</span> <span class='ocrx_word' id='word_1_45' title='bbox 689 822 752 873; x_wconf 84' lang='grc' dir='ltr'><strong>Ἠ</strong></span> <span class='ocrx_word' id='word_1_46' title='bbox 808 821 1067 884; x_wconf 85' lang='grc' dir='ltr'>Θεοτόκος</span> <span class='ocrx_word' id='word_1_47' title='bbox 1104 820 1213 890; x_wconf 84' lang='grc' dir='ltr'>γὰρ</span> <span class='ocrx_word' id='word_1_48' title='bbox 1251 820 1437 890; x_wconf 84' lang='grc' dir='ltr'>Μαρία</span> <span class='ocrx_word' id='word_1_49' title='bbox 1488 821 1561 889; x_wconf 80' lang='grc' dir='ltr'>μὴ</span> <span class='ocrx_word' id='word_1_50' title='bbox 1601 820 1804 887; x_wconf 83' lang='grc' dir='ltr'>γνοῦσα</span> <span class='ocrx_word' id='word_1_51' title='bbox 1850 820 2049 889; x_wconf 81' lang='grc' dir='ltr'>ἄνδρα.</span> 
     </span>
    </p>
   </div>
   <div class='ocr_carea' id='block_1_8' title="bbox 389 899 2050 971">
    <p class='ocr_par' dir='ltr' id='par_1_8' title="bbox 389 899 2050 971">
     <span class='ocr_line' id='line_1_8' title="bbox 389 899 2050 971; baseline -0.002 -17"><span class='ocrx_word' id='word_1_52' title='bbox 389 901 558 971; x_wconf 82' lang='grc' dir='ltr'>ἀνδρα</span> <span class='ocrx_word' id='word_1_53' title='bbox 601 900 819 962; x_wconf 87' lang='grc' dir='ltr'>ἔτεκεν,</span> <span class='ocrx_word' id='word_1_54' title='bbox 866 901 895 952; x_wconf 92' lang='lat'>6</span> <span class='ocrx_word' id='word_1_55' title='bbox 949 900 1369 970; x_wconf 86' lang='grc' dir='ltr'>πρωτόπλαστος</span> <span class='ocrx_word' id='word_1_56' title='bbox 1414 900 1584 968; x_wconf 77' lang='grc' dir='ltr'>’Λδάμ</span> <span class='ocrx_word' id='word_1_57' title='bbox 1634 899 1708 969; x_wconf 80' lang='grc' dir='ltr'>μὴ</span> <span class='ocrx_word' id='word_1_58' title='bbox 1751 900 1911 965; x_wconf 84' lang='grc' dir='ltr'>γνοὺς</span> <span class='ocrx_word' id='word_1_59' title='bbox 1951 916 2050 966; x_wconf 82' lang='grc' dir='ltr'>γυ-</span> 
     </span>
    </p>
   </div>
   <div class='ocr_carea' id='block_1_9' title="bbox 388 976 2053 1048">
    <p class='ocr_par' dir='ltr' id='par_1_9' title="bbox 388 976 2053 1048">
     <span class='ocr_line' id='line_1_9' title="bbox 388 976 2053 1048; baseline -0.002 -16"><span class='ocrx_word' id='word_1_60' title='bbox 388 980 573 1041; x_wconf 89' lang='grc' dir='ltr'>ναῖκα,</span> <span class='ocrx_word' id='word_1_61' title='bbox 604 981 838 1045; x_wconf 89' lang='grc' dir='ltr'>γυναῖκα</span> <span class='ocrx_word' id='word_1_62' title='bbox 864 978 1210 1047; x_wconf 79' lang='grc' dir='ltr'>ἐϐλάστησεν.</span> <span class='ocrx_word' id='word_1_63' title='bbox 1239 976 1398 1030; x_wconf 83' lang='grc' dir='ltr'>Ἀλλά</span> <span class='ocrx_word' id='word_1_64' title='bbox 1429 978 1487 1029; x_wconf 77' lang='grc' dir='ltr'>τὸ</span> <span class='ocrx_word' id='word_1_65' title='bbox 1515 977 1612 1047; x_wconf 85' lang='grc' dir='ltr'>μὲν</span> <span class='ocrx_word' id='word_1_66' title='bbox 1643 976 1906 1048; x_wconf 79' lang='grc' dir='ltr'>παρθένον</span> <span class='ocrx_word' id='word_1_67' title='bbox 1934 994 2053 1044; x_wconf 84' lang='grc' dir='ltr'>γεν-</span> 
     </span>
    </p>
   </div>
   <div class='ocr_carea' id='block_1_10' title="bbox 389 1054 2053 1126">
    <p class='ocr_par' dir='ltr' id='par_1_10' title="bbox 389 1054 2053 1126">
     <span class='ocr_line' id='line_1_10' title="bbox 389 1054 2053 1126; baseline -0.001 -17"><span class='ocrx_word' id='word_1_68' title='bbox 389 1057 572 1126; x_wconf 86' lang='grc' dir='ltr'>νῆσαι,</span> <span class='ocrx_word' id='word_1_69' title='bbox 599 1059 647 1108; x_wconf 87' lang='grc' dir='ltr'>εί</span> <span class='ocrx_word' id='word_1_70' title='bbox 668 1058 764 1109; x_wconf 76' lang='grc' dir='ltr'>καὶ</span> <span class='ocrx_word' id='word_1_71' title='bbox 796 1054 1116 1125; x_wconf 84' lang='grc' dir='ltr'>παράδοξον,</span> <span class='ocrx_word' id='word_1_72' title='bbox 1144 1055 1258 1109; x_wconf 79' lang='grc' dir='ltr'>ἀλλ’</span> <span class='ocrx_word' id='word_1_73' title='bbox 1283 1057 1431 1125; x_wconf 84' lang='grc' dir='ltr'>ὅμως</span> <span class='ocrx_word' id='word_1_74' title='bbox 1459 1055 1638 1124; x_wconf 87' lang='grc' dir='ltr'>ἔχεται</span> <span class='ocrx_word' id='word_1_75' title='bbox 1669 1056 1847 1123; x_wconf 81' lang='grc' dir='ltr'>λόγου,</span> <span class='ocrx_word' id='word_1_76' title='bbox 1875 1055 1996 1109; x_wconf 81' lang='grc' dir='ltr'>καθ’</span> <span class='ocrx_word' id='word_1_77' title='bbox 2024 1054 2053 1107; x_wconf 86' lang='grc' dir='ltr'>ὃ</span> 
     </span>
    </p>
   </div>
   <div class='ocr_carea' id='block_1_11' title="bbox 389 1133 2051 1205">
    <p class='ocr_par' dir='ltr' id='par_1_11' title="bbox 389 1133 2051 1205">
     <span class='ocr_line' id='line_1_11' title="bbox 389 1133 2051 1205; baseline -0.002 -18"><span class='ocrx_word' id='word_1_78' title='bbox 389 1134 602 1204; x_wconf 82' lang='grc' dir='ltr'>γαστὴρ</span> <span class='ocrx_word' id='word_1_79' title='bbox 632 1134 726 1187; x_wconf 77' lang='grc' dir='ltr'>καὶ</span> <span class='ocrx_word' id='word_1_80' title='bbox 761 1136 942 1205; x_wconf 81' lang='grc' dir='ltr'><strong>μήτρα</strong></span> <span class='ocrx_word' id='word_1_81' title='bbox 966 1134 1067 1186; x_wconf 70' lang='grc' dir='ltr'>καὶ</span> <span class='ocrx_word' id='word_1_82' title='bbox 1100 1133 1307 1202; x_wconf 83' lang='grc' dir='ltr'>φυσικὴ</span> <span class='ocrx_word' id='word_1_83' title='bbox 1335 1136 1447 1196; x_wconf 91' lang='grc' dir='ltr'>τοῖς</span> <span class='ocrx_word' id='word_1_84' title='bbox 1484 1134 1824 1203; x_wconf 86' lang='grc' dir='ltr'>τικτομένοις</span> <span class='ocrx_word' id='word_1_85' title='bbox 1856 1150 2051 1203; x_wconf 90' lang='grc' dir='ltr'>προτε-</span> 
     </span>
    </p>
   </div>
   <div class='ocr_carea' id='block_1_12' title="bbox 390 1210 2052 1280">
    <p class='ocr_par' dir='ltr' id='par_1_12' title="bbox 390 1210 2052 1280">
     <span class='ocr_line' id='line_1_12' title="bbox 390 1210 2052 1280; baseline -0.003 -13"><span class='ocrx_word' id='word_1_86' title='bbox 390 1213 635 1267; x_wconf 88' lang='grc' dir='ltr'>τύπωται</span> <span class='ocrx_word' id='word_1_87' title='bbox 672 1212 788 1275; x_wconf 88' lang='grc' dir='ltr'>ὁδός</span> <span class='ocrx_word' id='word_1_88' title='bbox 808 1227 821 1241; x_wconf 91' lang='grc'>·</span> <span class='ocrx_word' id='word_1_89' title='bbox 857 1213 948 1264; x_wconf 79' lang='grc' dir='ltr'>ἐπὶ</span> <span class='ocrx_word' id='word_1_90' title='bbox 978 1212 1033 1264; x_wconf 88' lang='grc' dir='ltr'>δὲ</span> <span class='ocrx_word' id='word_1_91' title='bbox 1079 1211 1172 1264; x_wconf 90' lang='grc' dir='ltr'>τοῦ</span> <span class='ocrx_word' id='word_1_92' title='bbox 1223 1210 1392 1280; x_wconf 85' lang='grc' dir='ltr'>Ἀδάμ</span> <span class='ocrx_word' id='word_1_93' title='bbox 1424 1213 1601 1264; x_wconf 87' lang='grc' dir='ltr'>πάντα</span> <span class='ocrx_word' id='word_1_94' title='bbox 1633 1211 1778 1275; x_wconf 82' lang='grc' dir='ltr'>ξένα.</span> <span class='ocrx_word' id='word_1_95' title='bbox 1816 1210 1912 1273; x_wconf 90' lang='grc' dir='ltr'>Τίς</span> <span class='ocrx_word' id='word_1_96' title='bbox 1942 1210 2052 1279; x_wconf 86' lang='grc' dir='ltr'>γάρ</span> 
     </span>
    </p>
   </div>
   <div class='ocr_carea' id='block_1_13' title="bbox 391 1288 2052 1359">
    <p class='ocr_par' dir='ltr' id='par_1_13' title="bbox 391 1288 2052 1359">
     <span class='ocr_line' id='line_1_13' title="bbox 391 1288 2052 1359; baseline -0.002 -15"><span class='ocrx_word' id='word_1_97' title='bbox 391 1289 530 1344; x_wconf 82' lang='grc' dir='ltr'>εἶδεν</span> <span class='ocrx_word' id='word_1_98' title='bbox 582 1290 690 1342; x_wconf 87' lang='grc' dir='ltr'>ἀπὸ</span> <span class='ocrx_word' id='word_1_99' title='bbox 742 1290 981 1359; x_wconf 82' lang='grc' dir='ltr'>πλευρᾶς</span> <span class='ocrx_word' id='word_1_100' title='bbox 1039 1289 1359 1358; x_wconf 86' lang='grc' dir='ltr'><strong>τικτόμενον</strong></span> <span class='ocrx_word' id='word_1_101' title='bbox 1423 1289 1739 1357; x_wconf 83' lang='grc' dir='ltr'>ἄνθρωπον;</span> <span class='ocrx_word' id='word_1_102' title='bbox 1802 1288 1932 1341; x_wconf 91' lang='grc' dir='ltr'>πότε</span> <span class='ocrx_word' id='word_1_103' title='bbox 1996 1288 2052 1341; x_wconf 85' lang='lat'>66</span> 
     </span>
    </p>
   </div>
   <div class='ocr_carea' id='block_1_14' title="bbox 392 1367 2053 1439">
    <p class='ocr_par' dir='ltr' id='par_1_14' title="bbox 392 1367 2053 1439">
     <span class='ocr_line' id='line_1_14' title="bbox 392 1367 2053 1439; baseline 0.001 -20"><span class='ocrx_word' id='word_1_104' title='bbox 392 1368 600 1437; x_wconf 85' lang='grc' dir='ltr'>πλευρά</span> <span class='ocrx_word' id='word_1_105' title='bbox 630 1368 1012 1436; x_wconf 84' lang='grc' dir='ltr'>συνεισήνεγκε</span> <span class='ocrx_word' id='word_1_106' title='bbox 1042 1368 1445 1437; x_wconf 86' lang='grc' dir='ltr'>καρποφορίαν;</span> <span class='ocrx_word' id='word_1_107' title='bbox 1474 1368 1678 1419; x_wconf 82' lang='grc' dir='ltr'>’Ύπνον</span> <span class='ocrx_word' id='word_1_108' title='bbox 1710 1367 2053 1439; x_wconf 82' lang='grc' dir='ltr'>έπέϐαλε’τῷ</span> 
     </span>
    </p>
   </div>
   <div class='ocr_carea' id='block_1_15' title="bbox 404 1445 2052 1517">
    <p class='ocr_par' dir='ltr' id='par_1_15' title="bbox 404 1445 2052 1517">
     <span class='ocr_line' id='line_1_15' title="bbox 404 1445 2052 1517; baseline 0.021 -50"><span class='ocrx_word' id='word_1_109' title='bbox 404 1448 574 1516; x_wconf 61' lang='grc' dir='ltr'>,Αδὰμ</span> <span class='ocrx_word' id='word_1_110' title='bbox 606 1449 635 1499; x_wconf 69' lang='grc' dir='ltr'>ὁ</span> <span class='ocrx_word' id='word_1_111' title='bbox 670 1446 834 1508; x_wconf 55' lang='grc' dir='ltr'>Θεὸς,</span> <span class='ocrx_word' id='word_1_112' title='bbox 878 1447 967 1499; x_wconf 68' lang='grc' dir='ltr'>ἵνα</span> <span class='ocrx_word' id='word_1_113' title='bbox 1021 1445 1094 1516; x_wconf 67' lang='grc' dir='ltr'>μὴ</span> <span class='ocrx_word' id='word_1_114' title='bbox 1122 1447 1334 1517; x_wconf 76' lang='grc' dir='ltr'>λυπηθῇ</span> <span class='ocrx_word' id='word_1_115' title='bbox 1372 1446 1459 1498; x_wconf 80' lang='grc' dir='ltr'>διὰ</span> <span class='ocrx_word' id='word_1_116' title='bbox 1495 1445 1592 1515; x_wconf 80' lang='grc' dir='ltr'>τὴν</span> <span class='ocrx_word' id='word_1_117' title='bbox 1628 1447 1914 1516; x_wconf 76' lang='grc' dir='ltr'>ἀφαίρεσιν</span> <span class='ocrx_word' id='word_1_118' title='bbox 1953 1448 2052 1517; x_wconf 82' lang='grc' dir='ltr'>τῆς</span> 
     </span>
    </p>
   </div>
   <div class='ocr_carea' id='block_1_16' title="bbox 391 1523 2053 1596">
    <p class='ocr_par' dir='ltr' id='par_1_16' title="bbox 391 1523 2053 1596">
     <span class='ocr_line' id='line_1_16' title="bbox 391 1523 2053 1596; baseline 0.001 -19"><span class='ocrx_word' id='word_1_119' title='bbox 391 1526 651 1593; x_wconf 80' lang='grc' dir='ltr'>πλευρᾶς,</span> <span class='ocrx_word' id='word_1_120' title='bbox 691 1525 804 1577; x_wconf 88' lang='grc' dir='ltr'>ἀλλ’</span> <span class='ocrx_word' id='word_1_121' title='bbox 850 1526 998 1593; x_wconf 84' lang='grc' dir='ltr'>ὅμως</span> <span class='ocrx_word' id='word_1_122' title='bbox 1034 1523 1280 1581; x_wconf 71' lang='grc' dir='ltr'>ὕπνωσεν</span> <span class='ocrx_word' id='word_1_123' title='bbox 1319 1523 1481 1576; x_wconf 85' lang='grc' dir='ltr'>αὑτοῦ</span> <span class='ocrx_word' id='word_1_124' title='bbox 1521 1524 1587 1577; x_wconf 83' lang='grc' dir='ltr'>τά</span> <span class='ocrx_word' id='word_1_125' title='bbox 1630 1524 1834 1594; x_wconf 88' lang='grc' dir='ltr'>δεσμά·</span> <span class='ocrx_word' id='word_1_126' title='bbox 1878 1525 2053 1596; x_wconf 85' lang='grc' dir='ltr'>δεσμά</span> 
     </span>
    </p>
   </div>
   <div class='ocr_carea' id='block_1_17' title="bbox 390 1601 2051 1675">
    <p class='ocr_par' dir='ltr' id='par_1_17' title="bbox 390 1601 2051 1675">
     <span class='ocr_line' id='line_1_17' title="bbox 390 1601 2051 1675; baseline 0 -19"><span class='ocrx_word' id='word_1_127' title='bbox 390 1603 497 1675; x_wconf 86' lang='grc' dir='ltr'>γάρ</span> <span class='ocrx_word' id='word_1_128' title='bbox 519 1606 624 1655; x_wconf 90' lang='grc' dir='ltr'>εἰσι</span> <span class='ocrx_word' id='word_1_129' title='bbox 644 1603 743 1671; x_wconf 72' lang='grc' dir='ltr'>τῆς</span> <span class='ocrx_word' id='word_1_130' title='bbox 765 1601 979 1672; x_wconf 90' lang='grc' dir='ltr'>φύσεως</span> <span class='ocrx_word' id='word_1_131' title='bbox 999 1607 1066 1655; x_wconf 81' lang='grc' dir='ltr'>τά</span> <span class='ocrx_word' id='word_1_132' title='bbox 1082 1602 1267 1672; x_wconf 87' lang='grc' dir='ltr'>νεῦρα.</span> <span class='ocrx_word' id='word_1_133' title='bbox 1288 1603 1397 1655; x_wconf 78' lang='grc' dir='ltr'>Καὶ</span> <span class='ocrx_word' id='word_1_134' title='bbox 1424 1603 1631 1671; x_wconf 86' lang='grc' dir='ltr'>μάρτυς</span> <span class='ocrx_word' id='word_1_135' title='bbox 1644 1601 1838 1669; x_wconf 84' lang='grc' dir='ltr'>Δανιὴλ</span> <span class='ocrx_word' id='word_1_136' title='bbox 1856 1602 2051 1671; x_wconf 87' lang='grc' dir='ltr'>λέγων,</span> 
     </span>
    </p>
   </div>
   <div class='ocr_carea' id='block_1_18' title="bbox 390 1676 2056 1745">
    <p class='ocr_par' dir='ltr' id='par_1_18' title="bbox 390 1676 2056 1745">
     <span class='ocr_line' id='line_1_18' title="bbox 390 1676 2056 1745; baseline 0.001 -13"><span class='ocrx_word' id='word_1_137' title='bbox 390 1679 498 1732; x_wconf 72' lang='grc' dir='ltr'>Καὶ</span> <span class='ocrx_word' id='word_1_138' title='bbox 529 1676 691 1734; x_wconf 77' lang='grc' dir='ltr'>εἶδον</span> <span class='ocrx_word' id='word_1_139' title='bbox 728 1677 843 1745; x_wconf 80' lang='grc' dir='ltr'>τὴν</span> <span class='ocrx_word' id='word_1_140' title='bbox 882 1679 1199 1738; x_wconf 80' lang='grc' dir='ltr'>ὀπτασίαν.</span> <span class='ocrx_word' id='word_1_141' title='bbox 1228 1681 1323 1732; x_wconf 83' lang='grc' dir='ltr'>καὶ</span> <span class='ocrx_word' id='word_1_142' title='bbox 1357 1680 1550 1731; x_wconf 77' lang='grc' dir='ltr'>ἔπεσα</span> <span class='ocrx_word' id='word_1_143' title='bbox 1569 1695 1583 1708; x_wconf 87' lang='grc'>·</span> <span class='ocrx_word' id='word_1_144' title='bbox 1613 1680 1712 1732; x_wconf 79' lang='grc' dir='ltr'>καὶ</span> <span class='ocrx_word' id='word_1_145' title='bbox 1743 1683 1795 1733; x_wconf 89' lang='grc' dir='ltr'>οἰ</span> <span class='ocrx_word' id='word_1_146' title='bbox 1837 1681 2056 1734; x_wconf 83' lang='grc' dir='ltr'>σύνδε-</span> 
     </span>
    </p>
   </div>
   <div class='ocr_carea' id='block_1_19' title="bbox 392 1755 2058 1829">
    <p class='ocr_par' dir='ltr' id='par_1_19' title="bbox 392 1755 2058 1829">
     <span class='ocr_line' id='line_1_19' title="bbox 392 1755 2058 1829; baseline 0.002 -20"><span class='ocrx_word' id='word_1_147' title='bbox 392 1757 536 1825; x_wconf 80' lang='grc' dir='ltr'>σμοι</span> <span class='ocrx_word' id='word_1_148' title='bbox 566 1774 668 1826; x_wconf 80' lang='grc' dir='ltr'>μοι</span> <span class='ocrx_word' id='word_1_149' title='bbox 701 1755 810 1824; x_wconf 85' lang='grc' dir='ltr'>τῆς</span> <span class='ocrx_word' id='word_1_150' title='bbox 836 1757 1073 1824; x_wconf 68' lang='grc' dir='ltr'>ὀσφύος</span> <span class='ocrx_word' id='word_1_151' title='bbox 1102 1756 1491 1824; x_wconf 78' lang='grc' dir='ltr'>διελύθησαν.</span> <span class='ocrx_word' id='word_1_152' title='bbox 1516 1758 1763 1827; x_wconf 86' lang='grc' dir='ltr'>Πλευράν</span> <span class='ocrx_word' id='word_1_153' title='bbox 1794 1755 1886 1812; x_wconf 82' lang='grc' dir='ltr'>οὖν</span> <span class='ocrx_word' id='word_1_154' title='bbox 1910 1760 2058 1829; x_wconf 85' lang='grc' dir='ltr'>νόμῳ</span> 
     </span>
    </p>
   </div>
   <div class='ocr_carea' id='block_1_20' title="bbox 392 1834 2057 1906">
    <p class='ocr_par' dir='ltr' id='par_1_20' title="bbox 392 1834 2057 1906">
     <span class='ocr_line' id='line_1_20' title="bbox 392 1834 2057 1906; baseline 0.001 -19"><span class='ocrx_word' id='word_1_155' title='bbox 392 1834 607 1904; x_wconf 87' lang='grc' dir='ltr'>φύσεως</span> <span class='ocrx_word' id='word_1_156' title='bbox 654 1834 1086 1903; x_wconf 71' lang='grc' dir='ltr'>ἠσφαλισμένην,</span> <span class='ocrx_word' id='word_1_157' title='bbox 1122 1834 1340 1904; x_wconf 74' lang='grc' dir='ltr'>δεσμοῖς</span> <span class='ocrx_word' id='word_1_158' title='bbox 1380 1834 1588 1906; x_wconf 80' lang='grc' dir='ltr'>νεύρων</span> <span class='ocrx_word' id='word_1_159' title='bbox 1632 1837 2057 1906; x_wconf 88' lang='grc' dir='ltr'>συμπεπλεγμέ-</span> 
     </span>
    </p>
   </div>
   <div class='ocr_carea' id='block_1_21' title="bbox 390 1912 2054 1984">
    <p class='ocr_par' dir='ltr' id='par_1_21' title="bbox 390 1912 2054 1984">
     <span class='ocr_line' id='line_1_21' title="bbox 390 1912 2054 1984; baseline 0.002 -21"><span class='ocrx_word' id='word_1_160' title='bbox 390 1929 508 1979; x_wconf 87' lang='grc' dir='ltr'>νην,</span> <span class='ocrx_word' id='word_1_161' title='bbox 536 1912 724 1983; x_wconf 75' lang='grc' dir='ltr'>σαρξὶν</span> <span class='ocrx_word' id='word_1_162' title='bbox 771 1912 1109 1981; x_wconf 77' lang='grc' dir='ltr'>ὑφασμένην,</span> <span class='ocrx_word' id='word_1_163' title='bbox 1155 1913 1346 1981; x_wconf 74' lang='grc' dir='ltr'>φλεψὶν</span> <span class='ocrx_word' id='word_1_164' title='bbox 1377 1913 1660 1984; x_wconf 82' lang='grc' dir='ltr'>ἡνωμένην</span> <span class='ocrx_word' id='word_1_165' title='bbox 1695 1914 1811 1977; x_wconf 88' lang='grc' dir='ltr'>πῶς</span> <span class='ocrx_word' id='word_1_166' title='bbox 1848 1914 2054 1980; x_wconf 80' lang='grc' dir='ltr'>ὲξείλε;</span> 
     </span>
    </p>
   </div>
   <div class='ocr_carea' id='block_1_22' title="bbox 391 1987 2057 2061">
    <p class='ocr_par' dir='ltr' id='par_1_22' title="bbox 391 1987 2057 2061">
     <span class='ocr_line' id='line_1_22' title="bbox 391 1987 2057 2061; baseline 0.002 -22"><span class='ocrx_word' id='word_1_167' title='bbox 391 1987 510 2050; x_wconf 89' lang='grc' dir='ltr'>πῶς</span> <span class='ocrx_word' id='word_1_168' title='bbox 539 1990 861 2051; x_wconf 85' lang='grc' dir='ltr'>άπέσπασε;</span> <span class='ocrx_word' id='word_1_169' title='bbox 895 1988 1010 2051; x_wconf 86' lang='grc' dir='ltr'>πῶς</span> <span class='ocrx_word' id='word_1_170' title='bbox 1036 1989 1129 2041; x_wconf 82' lang='grc' dir='ltr'>καὶ</span> <span class='ocrx_word' id='word_1_171' title='bbox 1158 1991 1191 2060; x_wconf 86' lang='grc' dir='ltr'>ή</span> <span class='ocrx_word' id='word_1_172' title='bbox 1225 1990 1432 2061; x_wconf 84' lang='grc' dir='ltr'>πλευρά</span> <span class='ocrx_word' id='word_1_173' title='bbox 1464 1990 1674 2059; x_wconf 83' lang='grc' dir='ltr'>ἐξῆλθε,</span> <span class='ocrx_word' id='word_1_174' title='bbox 1709 1992 1802 2043; x_wconf 77' lang='grc' dir='ltr'>καὶ</span> <span class='ocrx_word' id='word_1_175' title='bbox 1824 1991 1853 2043; x_wconf 98' lang='lat'>6</span> <span class='ocrx_word' id='word_1_176' title='bbox 1888 1991 2057 2060; x_wconf 78' lang='grc' dir='ltr'>Ἀδὰμ</span> 
     </span>
    </p>
   </div>
   <div class='ocr_carea' id='block_1_23' title="bbox 393 2064 2051 2139">
    <p class='ocr_par' dir='ltr' id='par_1_23' title="bbox 393 2064 2051 2139">
     <span class='ocr_line' id='line_1_23' title="bbox 393 2064 2051 2139; baseline 0.002 -21"><span class='ocrx_word' id='word_1_177' title='bbox 393 2066 532 2129; x_wconf 90' lang='grc' dir='ltr'>σῶος</span> <span class='ocrx_word' id='word_1_178' title='bbox 562 2067 780 2136; x_wconf 72' lang='grc' dir='ltr'>ἕμεινες</span> <span class='ocrx_word' id='word_1_179' title='bbox 818 2065 970 2130; x_wconf 85' lang='grc' dir='ltr'>Πῶς;</span> <span class='ocrx_word' id='word_1_180' title='bbox 1001 2069 1058 2119; x_wconf 88' lang='grc' dir='ltr'><strong>Ὀ</strong></span> <span class='ocrx_word' id='word_1_181' title='bbox 1083 2066 1247 2131; x_wconf 87' lang='grc' dir='ltr'>λύσας</span> <span class='ocrx_word' id='word_1_182' title='bbox 1274 2064 1409 2121; x_wconf 83' lang='grc' dir='ltr'>οἶδεν</span> <span class='ocrx_word' id='word_1_183' title='bbox 1431 2085 1443 2098; x_wconf 89' lang='grc'>·</span> <span class='ocrx_word' id='word_1_184' title='bbox 1475 2070 1503 2121; x_wconf 94' lang='lat'>6</span> <span class='ocrx_word' id='word_1_185' title='bbox 1530 2068 1695 2128; x_wconf 85' lang='grc' dir='ltr'>λύσας</span> <span class='ocrx_word' id='word_1_186' title='bbox 1723 2070 1815 2122; x_wconf 71' lang='grc' dir='ltr'>καὶ</span> <span class='ocrx_word' id='word_1_187' title='bbox 1844 2068 2051 2139; x_wconf 90' lang='grc' dir='ltr'>ἔδησεν.</span> 
     </span>
    </p>
   </div>
   <div class='ocr_carea' id='block_1_24' title="bbox 392 2142 2057 2216">
    <p class='ocr_par' dir='ltr' id='par_1_24' title="bbox 392 2142 2057 2216">
     <span class='ocr_line' id='line_1_24' title="bbox 392 2142 2057 2216; baseline 0.001 -20"><span class='ocrx_word' id='word_1_188' title='bbox 392 2143 457 2196; x_wconf 82' lang='grc' dir='ltr'>Εἰ</span> <span class='ocrx_word' id='word_1_189' title='bbox 502 2143 600 2214; x_wconf 85' lang='grc' dir='ltr'>μὲν</span> <span class='ocrx_word' id='word_1_190' title='bbox 630 2142 739 2214; x_wconf 82' lang='grc' dir='ltr'>γὰρ</span> <span class='ocrx_word' id='word_1_191' title='bbox 776 2142 933 2204; x_wconf 76' lang='grc' dir='ltr'>ἄλλος</span> <span class='ocrx_word' id='word_1_192' title='bbox 962 2144 991 2195; x_wconf 92' lang='lat'>6</span> <span class='ocrx_word' id='word_1_193' title='bbox 1031 2143 1222 2212; x_wconf 82' lang='grc' dir='ltr'>δήσας,</span> <span class='ocrx_word' id='word_1_194' title='bbox 1248 2144 1343 2196; x_wconf 72' lang='grc' dir='ltr'>καὶ</span> <span class='ocrx_word' id='word_1_195' title='bbox 1366 2144 1521 2206; x_wconf 82' lang='grc' dir='ltr'>ἄλλος</span> <span class='ocrx_word' id='word_1_196' title='bbox 1550 2147 1578 2197; x_wconf 93' lang='lat'>6</span> <span class='ocrx_word' id='word_1_197' title='bbox 1614 2144 1802 2210; x_wconf 89' lang='grc' dir='ltr'>λύσας,</span> <span class='ocrx_word' id='word_1_198' title='bbox 1837 2146 2057 2216; x_wconf 78' lang='grc' dir='ltr'>ζήτημα</span> 
     </span>
    </p>
   </div>
   <div class='ocr_carea' id='block_1_25' title="bbox 390 2218 2054 2293">
    <p class='ocr_par' dir='ltr' id='par_1_25' title="bbox 390 2218 2054 2293">
     <span class='ocr_line' id='line_1_25' title="bbox 390 2218 2054 2293; baseline 0.001 -20"><span class='ocrx_word' id='word_1_199' title='bbox 390 2218 461 2291; x_wconf 80' lang='grc' dir='ltr'>ἦν</span> <span class='ocrx_word' id='word_1_200' title='bbox 482 2238 494 2249; x_wconf 92' lang='grc'>·</span> <span class='ocrx_word' id='word_1_201' title='bbox 531 2222 579 2274; x_wconf 88' lang='grc' dir='ltr'>εἰ</span> <span class='ocrx_word' id='word_1_202' title='bbox 600 2220 656 2273; x_wconf 85' lang='lat'>66</span> <span class='ocrx_word' id='word_1_203' title='bbox 678 2223 706 2273; x_wconf 89' lang='lat'>6</span> <span class='ocrx_word' id='word_1_204' title='bbox 725 2220 970 2291; x_wconf 81' lang='grc' dir='ltr'>ἁρμόσας</span> <span class='ocrx_word' id='word_1_205' title='bbox 992 2219 1170 2285; x_wconf 90' lang='grc' dir='ltr'>ἔλυσε,</span> <span class='ocrx_word' id='word_1_206' title='bbox 1193 2223 1286 2274; x_wconf 79' lang='grc' dir='ltr'>καὶ</span> <span class='ocrx_word' id='word_1_207' title='bbox 1306 2225 1333 2274; x_wconf 92' lang='grc' dir='ltr'>ὁ</span> <span class='ocrx_word' id='word_1_208' title='bbox 1355 2221 1593 2292; x_wconf 83' lang='grc' dir='ltr'>πλευρὰν</span> <span class='ocrx_word' id='word_1_209' title='bbox 1617 2224 1682 2275; x_wconf 86' lang='grc' dir='ltr'>ὲκ</span> <span class='ocrx_word' id='word_1_210' title='bbox 1699 2223 1800 2293; x_wconf 82' lang='grc' dir='ltr'>γῆς</span> <span class='ocrx_word' id='word_1_211' title='bbox 1826 2224 2054 2287; x_wconf 84' lang='grc' dir='ltr'>πλάσας,</span> 
     </span>
    </p>
   </div>
   <div class='ocr_carea' id='block_1_26' title="bbox 390 2294 2059 2371">
    <p class='ocr_par' dir='ltr' id='par_1_26' title="bbox 390 2294 2059 2371">
     <span class='ocr_line' id='line_1_26' title="bbox 390 2294 2059 2371; baseline 0.001 -19"><span class='ocrx_word' id='word_1_212' title='bbox 390 2300 489 2370; x_wconf 84' lang='grc' dir='ltr'>τὴν</span> <span class='ocrx_word' id='word_1_213' title='bbox 517 2299 763 2371; x_wconf 86' lang='grc' dir='ltr'>πλευρὰν</span> <span class='ocrx_word' id='word_1_214' title='bbox 790 2299 1072 2367; x_wconf 85' lang='grc' dir='ltr'>ἀφείλατο,</span> <span class='ocrx_word' id='word_1_215' title='bbox 1103 2300 1305 2363; x_wconf 75' lang='grc' dir='ltr'>ἐκεῖνος</span> <span class='ocrx_word' id='word_1_216' title='bbox 1347 2300 1505 2369; x_wconf 88' lang='grc' dir='ltr'>μόνος</span> <span class='ocrx_word' id='word_1_217' title='bbox 1534 2294 1663 2363; x_wconf 75' lang='grc' dir='ltr'>οἶδε,</span> <span class='ocrx_word' id='word_1_218' title='bbox 1701 2301 1817 2362; x_wconf 89' lang='grc' dir='ltr'>πῶς</span> <span class='ocrx_word' id='word_1_219' title='bbox 1851 2301 2059 2366; x_wconf 86' lang='grc' dir='ltr'>ἔλυσεν,</span> 
     </span>
    </p>
   </div>
   <div class='ocr_carea' id='block_1_27' title="bbox 389 2377 2059 2449">
    <p class='ocr_par' dir='ltr' id='par_1_27' title="bbox 389 2377 2059 2449">
     <span class='ocr_line' id='line_1_27' title="bbox 389 2377 2059 2449; baseline 0 -17"><span class='ocrx_word' id='word_1_220' title='bbox 389 2382 419 2432; x_wconf 91' lang='lat'>6</span> <span class='ocrx_word' id='word_1_221' title='bbox 449 2379 544 2431; x_wconf 74' lang='grc' dir='ltr'>καὶ</span> <span class='ocrx_word' id='word_1_222' title='bbox 571 2378 733 2448; x_wconf 88' lang='grc' dir='ltr'>μόνος</span> <span class='ocrx_word' id='word_1_223' title='bbox 761 2377 1141 2445; x_wconf 74' lang='grc' dir='ltr'>ἐπιστάμενος,</span> <span class='ocrx_word' id='word_1_224' title='bbox 1183 2377 1301 2439; x_wconf 89' lang='grc' dir='ltr'>πῶς</span> <span class='ocrx_word' id='word_1_225' title='bbox 1328 2378 1426 2448; x_wconf 85' lang='grc' dir='ltr'>τὴν</span> <span class='ocrx_word' id='word_1_226' title='bbox 1453 2377 1559 2429; x_wconf 84' lang='grc' dir='ltr'>τῶν</span> <span class='ocrx_word' id='word_1_227' title='bbox 1589 2378 1763 2447; x_wconf 81' lang='grc' dir='ltr'>μελῶν</span> <span class='ocrx_word' id='word_1_228' title='bbox 1792 2379 2059 2449; x_wconf 80' lang='grc' dir='ltr'>ἁρμονίαν</span> 
     </span>
    </p>
   </div>
   <div class='ocr_carea' id='block_1_28' title="bbox 392 2450 2060 2526">
    <p class='ocr_par' dir='ltr' id='par_1_28' title="bbox 392 2450 2060 2526">
     <span class='ocr_line' id='line_1_28' title="bbox 392 2450 2060 2526; baseline -0.002 -15"><span class='ocrx_word' id='word_1_229' title='bbox 392 2456 708 2525; x_wconf 78' lang='grc' dir='ltr'>συνέθηκεν.</span> <span class='ocrx_word' id='word_1_230' title='bbox 757 2455 966 2525; x_wconf 85' lang='grc' dir='ltr'>’Ὠσπερ</span> <span class='ocrx_word' id='word_1_231' title='bbox 1014 2450 1107 2509; x_wconf 82' lang='grc' dir='ltr'>οὖν</span> <span class='ocrx_word' id='word_1_232' title='bbox 1160 2456 1253 2509; x_wconf 76' lang='grc' dir='ltr'>καὶ</span> <span class='ocrx_word' id='word_1_233' title='bbox 1304 2456 1442 2525; x_wconf 84' lang='grc' dir='ltr'>μετὰ</span> <span class='ocrx_word' id='word_1_234' title='bbox 1488 2456 1586 2525; x_wconf 80' lang='grc' dir='ltr'>τὴν</span> <span class='ocrx_word' id='word_1_235' title='bbox 1625 2456 1913 2524; x_wconf 80' lang='grc' dir='ltr'>ἀφαίρεσιν</span> <span class='ocrx_word' id='word_1_236' title='bbox 1960 2456 2060 2526; x_wconf 84' lang='grc' dir='ltr'>τῆς</span> 
     </span>
    </p>
   </div>
   <div class='ocr_carea' id='block_1_29' title="bbox 391 2535 2057 2608">
    <p class='ocr_par' dir='ltr' id='par_1_29' title="bbox 391 2535 2057 2608">
     <span class='ocr_line' id='line_1_29' title="bbox 391 2535 2057 2608; baseline 0.001 -21"><span class='ocrx_word' id='word_1_237' title='bbox 391 2536 631 2608; x_wconf 79' lang='grc' dir='ltr'>πλευρᾶς</span> <span class='ocrx_word' id='word_1_238' title='bbox 681 2535 818 2597; x_wconf 88' lang='grc' dir='ltr'>σῶος</span> <span class='ocrx_word' id='word_1_239' title='bbox 866 2535 1079 2604; x_wconf 76' lang='grc' dir='ltr'>ἔμεινεν</span> <span class='ocrx_word' id='word_1_240' title='bbox 1124 2537 1151 2587; x_wconf 87' lang='lat'>6</span> <span class='ocrx_word' id='word_1_241' title='bbox 1203 2535 1404 2603; x_wconf 80' lang='grc' dir='ltr'>Ἀδάμ,</span> <span class='ocrx_word' id='word_1_242' title='bbox 1445 2535 1586 2587; x_wconf 74' lang='grc' dir='ltr'>οὕτω</span> <span class='ocrx_word' id='word_1_243' title='bbox 1629 2537 1721 2587; x_wconf 79' lang='grc' dir='ltr'>καὶ</span> <span class='ocrx_word' id='word_1_244' title='bbox 1772 2536 1911 2604; x_wconf 86' lang='grc' dir='ltr'>μετὰ</span> <span class='ocrx_word' id='word_1_245' title='bbox 1959 2538 2057 2607; x_wconf 80' lang='grc' dir='ltr'>τὴν</span> 
     </span>
    </p>
   </div>
   <div class='ocr_carea' id='block_1_30' title="bbox 392 2612 2055 2685">
    <p class='ocr_par' dir='ltr' id='par_1_30' title="bbox 392 2612 2055 2685">
     <span class='ocr_line' id='line_1_30' title="bbox 392 2612 2055 2685; baseline 0.001 -20"><span class='ocrx_word' id='word_1_246' title='bbox 392 2612 618 2684; x_wconf 81' lang='grc' dir='ltr'>πρόοδον</span> <span class='ocrx_word' id='word_1_247' title='bbox 643 2612 738 2665; x_wconf 84' lang='grc' dir='ltr'>τοῦ</span> <span class='ocrx_word' id='word_1_248' title='bbox 764 2612 995 2683; x_wconf 75' lang='grc' dir='ltr'>βρέφους</span> <span class='ocrx_word' id='word_1_249' title='bbox 1028 2612 1257 2683; x_wconf 82' lang='grc' dir='ltr'>ἄφθορος</span> <span class='ocrx_word' id='word_1_250' title='bbox 1280 2615 1493 2683; x_wconf 79' lang='grc' dir='ltr'>ἔμεινεν</span> <span class='ocrx_word' id='word_1_251' title='bbox 1515 2617 1546 2682; x_wconf 85' lang='grc' dir='ltr'>ή</span> <span class='ocrx_word' id='word_1_252' title='bbox 1580 2612 1732 2685; x_wconf 71' lang='grc'>[241]</span> <span class='ocrx_word' id='word_1_253' title='bbox 1760 2615 2055 2685; x_wconf 85' lang='grc' dir='ltr'>Παρθένος.</span> 
     </span>
    </p>
   </div>
   <div class='ocr_carea' id='block_1_31' title="bbox 392 2689 2065 2762">
    <p class='ocr_par' dir='ltr' id='par_1_31' title="bbox 392 2689 2065 2762">
     <span class='ocr_line' id='line_1_31' title="bbox 392 2689 2065 2762; baseline 0.001 -20"><span class='ocrx_word' id='word_1_254' title='bbox 392 2690 532 2743; x_wconf 84' lang='grc' dir='ltr'>υὺτε</span> <span class='ocrx_word' id='word_1_255' title='bbox 583 2689 690 2760; x_wconf 87' lang='grc' dir='ltr'>γὰρ</span> <span class='ocrx_word' id='word_1_256' title='bbox 722 2691 756 2758; x_wconf 83' lang='grc' dir='ltr'>ἠ</span> <span class='ocrx_word' id='word_1_257' title='bbox 783 2690 890 2741; x_wconf 91' lang='grc' dir='ltr'>τῶν</span> <span class='ocrx_word' id='word_1_258' title='bbox 923 2690 1015 2743; x_wconf 87' lang='grc' dir='ltr'>τοῦ</span> <span class='ocrx_word' id='word_1_259' title='bbox 1057 2691 1227 2758; x_wconf 72' lang='grc' dir='ltr'>Ἀδάμ</span> <span class='ocrx_word' id='word_1_260' title='bbox 1250 2691 1448 2761; x_wconf 85' lang='grc' dir='ltr'>ἐϐλάϐη</span> <span class='ocrx_word' id='word_1_261' title='bbox 1472 2692 1726 2761; x_wconf 80' lang='grc' dir='ltr'>ἁρμονία,</span> <span class='ocrx_word' id='word_1_262' title='bbox 1766 2692 2065 2762; x_wconf 72' lang='grc' dir='ltr'>ληφθείσης</span> 
     </span>
    </p>
   </div>
   <div class='ocr_carea' id='block_1_32' title="bbox 390 2768 2064 2843">
    <p class='ocr_par' dir='ltr' id='par_1_32' title="bbox 390 2768 2064 2843">
     <span class='ocr_line' id='line_1_32' title="bbox 390 2768 2064 2843; baseline 0.002 -21"><span class='ocrx_word' id='word_1_263' title='bbox 390 2771 491 2840; x_wconf 83' lang='grc' dir='ltr'>τῆς</span> <span class='ocrx_word' id='word_1_264' title='bbox 528 2772 792 2839; x_wconf 84' lang='grc' dir='ltr'>πλευρᾶς,</span> <span class='ocrx_word' id='word_1_265' title='bbox 836 2768 959 2820; x_wconf 76' lang='grc' dir='ltr'>οὔτε</span> <span class='ocrx_word' id='word_1_266' title='bbox 1002 2770 1099 2837; x_wconf 74' lang='grc' dir='ltr'>τῆς</span> <span class='ocrx_word' id='word_1_267' title='bbox 1140 2771 1438 2839; x_wconf 84' lang='grc' dir='ltr'>παρθενίας</span> <span class='ocrx_word' id='word_1_268' title='bbox 1468 2770 1761 2840; x_wconf 83' lang='grc' dir='ltr'>ὑϐρίσθηή</span> <span class='ocrx_word' id='word_1_269' title='bbox 1809 2774 2064 2843; x_wconf 73' lang='grc' dir='ltr'>σφραγὶς,</span> 
     </span>
    </p>
   </div>
   <div class='ocr_carea' id='block_1_33' title="bbox 392 2847 2063 2919">
    <p class='ocr_par' dir='ltr' id='par_1_33' title="bbox 392 2847 2063 2919">
     <span class='ocr_line' id='line_1_33' title="bbox 392 2847 2063 2919; baseline 0.003 -19"><span class='ocrx_word' id='word_1_270' title='bbox 392 2848 750 2916; x_wconf 85' lang='grc' dir='ltr'>προελθόντος</span> <span class='ocrx_word' id='word_1_271' title='bbox 789 2847 884 2900; x_wconf 95' lang='grc' dir='ltr'>τοῦ</span> <span class='ocrx_word' id='word_1_272' title='bbox 920 2848 1174 2917; x_wconf 79' lang='grc' dir='ltr'>βρέφους.</span> <span class='ocrx_word' id='word_1_273' title='bbox 1210 2848 1477 2918; x_wconf 80' lang='grc' dir='ltr'>Καθάπερ</span> <span class='ocrx_word' id='word_1_274' title='bbox 1515 2851 1623 2918; x_wconf 88' lang='grc' dir='ltr'>γάρ</span> <span class='ocrx_word' id='word_1_275' title='bbox 1656 2851 1748 2915; x_wconf 58' lang='grc' dir='ltr'>ἐφ’Δ</span> <span class='ocrx_word' id='word_1_276' title='bbox 1771 2851 1928 2919; x_wconf 85' lang='grc' dir='ltr'>ήμῶν</span> <span class='ocrx_word' id='word_1_277' title='bbox 1967 2852 2063 2905; x_wconf 81' lang='grc' dir='ltr'>ὲάν</span> 
     </span>
    </p>
   </div>
   <div class='ocr_carea' id='block_1_34' title="bbox 392 2925 2063 2999">
    <p class='ocr_par' dir='ltr' id='par_1_34' title="bbox 392 2925 2063 2999">
     <span class='ocr_line' id='line_1_34' title="bbox 392 2925 2063 2999; baseline 0 -20"><span class='ocrx_word' id='word_1_278' title='bbox 392 2945 478 2991; x_wconf 84' lang='grc' dir='ltr'>τις</span> <span class='ocrx_word' id='word_1_279' title='bbox 505 2928 785 2999; x_wconf 86' lang='grc' dir='ltr'>ἀλλότριον</span> <span class='ocrx_word' id='word_1_280' title='bbox 812 2925 1009 2996; x_wconf 85' lang='grc' dir='ltr'>δεσμὸν</span> <span class='ocrx_word' id='word_1_281' title='bbox 1044 2925 1202 2978; x_wconf 89' lang='grc' dir='ltr'>λῦσαι</span> <span class='ocrx_word' id='word_1_282' title='bbox 1228 2927 1449 2997; x_wconf 77' lang='grc' dir='ltr'>θελήσῃ,</span> <span class='ocrx_word' id='word_1_283' title='bbox 1481 2928 1733 2994; x_wconf 77' lang='grc' dir='ltr'>ἀφανίζει</span> <span class='ocrx_word' id='word_1_284' title='bbox 1758 2928 1941 2995; x_wconf 86' lang='grc' dir='ltr'>αὑτὸν,</span> <span class='ocrx_word' id='word_1_285' title='bbox 1967 2929 2063 2982; x_wconf 73' lang='grc' dir='ltr'>καὶ</span> 
     </span>
    </p>
   </div>
   <div class='ocr_carea' id='block_1_35' title="bbox 396 3004 2062 3078">
    <p class='ocr_par' dir='ltr' id='par_1_35' title="bbox 396 3004 2062 3078">
     <span class='ocr_line' id='line_1_35' title="bbox 396 3004 2062 3078; baseline 0 -18"><span class='ocrx_word' id='word_1_286' title='bbox 396 3008 694 3075; x_wconf 89' lang='grc' dir='ltr'>συγκόπτει</span> <span class='ocrx_word' id='word_1_287' title='bbox 722 3006 789 3058; x_wconf 85' lang='grc' dir='ltr'>δι’</span> <span class='ocrx_word' id='word_1_288' title='bbox 819 3007 1098 3075; x_wconf 84' lang='grc' dir='ltr'>ἀπειρίαν,</span> <span class='ocrx_word' id='word_1_289' title='bbox 1138 3012 1166 3059; x_wconf 88' lang='lat'>6</span> <span class='ocrx_word' id='word_1_290' title='bbox 1202 3007 1257 3058; x_wconf 84' lang='grc' dir='ltr'>δὲ</span> <span class='ocrx_word' id='word_1_291' title='bbox 1295 3007 1461 3076; x_wconf 89' lang='grc' dir='ltr'>δήσας</span> <span class='ocrx_word' id='word_1_292' title='bbox 1506 3008 1725 3069; x_wconf 84' lang='grc' dir='ltr'>ἀκόπως</span> <span class='ocrx_word' id='word_1_293' title='bbox 1771 3006 1887 3060; x_wconf 87' lang='grc' dir='ltr'>λύει</span> <span class='ocrx_word' id='word_1_294' title='bbox 1920 3004 2062 3078; x_wconf 79' lang='grc' dir='ltr'>(οἶδε</span> 
     </span>
    </p>
   </div>
   <div class='ocr_carea' id='block_1_36' title="bbox 394 3084 2061 3159">
    <p class='ocr_par' dir='ltr' id='par_1_36' title="bbox 394 3084 2061 3159">
     <span class='ocr_line' id='line_1_36' title="bbox 394 3084 2061 3159; baseline 0.001 -20"><span class='ocrx_word' id='word_1_295' title='bbox 394 3088 504 3159; x_wconf 86' lang='grc' dir='ltr'>γὰρ</span> <span class='ocrx_word' id='word_1_296' title='bbox 535 3084 610 3139; x_wconf 81' lang='grc' dir='ltr'>ὧν</span> <span class='ocrx_word' id='word_1_297' title='bbox 636 3087 793 3156; x_wconf 89' lang='grc' dir='ltr'>ἔδησε</span> <span class='ocrx_word' id='word_1_298' title='bbox 821 3087 920 3156; x_wconf 84' lang='grc' dir='ltr'>τὴν</span> <span class='ocrx_word' id='word_1_299' title='bbox 951 3086 1250 3157; x_wconf 85' lang='grc' dir='ltr'>ἁρμονίαν)</span> <span class='ocrx_word' id='word_1_300' title='bbox 1270 3102 1285 3116; x_wconf 88' lang='grc'>·</span> <span class='ocrx_word' id='word_1_301' title='bbox 1319 3085 1462 3139; x_wconf 81' lang='grc' dir='ltr'>οὓτω</span> <span class='ocrx_word' id='word_1_302' title='bbox 1493 3087 1584 3139; x_wconf 79' lang='grc' dir='ltr'>καί</span> <span class='ocrx_word' id='word_1_303' title='bbox 1617 3088 1645 3139; x_wconf 91' lang='lat'>6</span> <span class='ocrx_word' id='word_1_304' title='bbox 1676 3087 1806 3151; x_wconf 86' lang='grc' dir='ltr'>Θεὸς</span> <span class='ocrx_word' id='word_1_305' title='bbox 1835 3091 1864 3140; x_wconf 90' lang='lat'>6</span> <span class='ocrx_word' id='word_1_306' title='bbox 1892 3089 2061 3159; x_wconf 84' lang='grc' dir='ltr'>ἁρμό-</span> 
     </span>
    </p>
   </div>
   <div class='ocr_carea' id='block_1_37' title="bbox 396 3162 2059 3234">
    <p class='ocr_par' dir='ltr' id='par_1_37' title="bbox 396 3162 2059 3234">
     <span class='ocr_line' id='line_1_37' title="bbox 396 3162 2059 3234; baseline 0.001 -17"><span class='ocrx_word' id='word_1_307' title='bbox 396 3182 515 3228; x_wconf 90' lang='grc' dir='ltr'>σας,</span> <span class='ocrx_word' id='word_1_308' title='bbox 544 3167 572 3217; x_wconf 85' lang='grc' dir='ltr'>ὁ</span> <span class='ocrx_word' id='word_1_309' title='bbox 602 3164 922 3231; x_wconf 81' lang='grc' dir='ltr'>συσφίγξας,</span> <span class='ocrx_word' id='word_1_310' title='bbox 958 3167 986 3216; x_wconf 93' lang='lat'>6</span> <span class='ocrx_word' id='word_1_311' title='bbox 1012 3162 1305 3233; x_wconf 79' lang='grc' dir='ltr'>κομίώσας</span> <span class='ocrx_word' id='word_1_312' title='bbox 1340 3165 1403 3216; x_wconf 89' lang='lat'>16</span> <span class='ocrx_word' id='word_1_313' title='bbox 1432 3164 1609 3234; x_wconf 88' lang='grc' dir='ltr'>σῶμα,</span> <span class='ocrx_word' id='word_1_314' title='bbox 1644 3166 1738 3217; x_wconf 75' lang='grc' dir='ltr'>καὶ</span> <span class='ocrx_word' id='word_1_315' title='bbox 1782 3168 1905 3228; x_wconf 77' lang='grc' dir='ltr'>τοὺς</span> <span class='ocrx_word' id='word_1_316' title='bbox 1939 3184 2059 3219; x_wconf 78' lang='grc' dir='ltr'>συνο</span> 
     </span>
    </p>
   </div>
   <div class='ocr_carea' id='block_1_38' title="bbox 393 3242 2067 3314">
    <p class='ocr_par' dir='ltr' id='par_1_38' title="bbox 393 3242 2067 3314">
     <span class='ocr_line' id='line_1_38' title="bbox 393 3242 2067 3314; baseline 0 -19"><span class='ocrx_word' id='word_1_317' title='bbox 393 3243 629 3312; x_wconf 83' lang='grc' dir='ltr'>δέσμους</span> <span class='ocrx_word' id='word_1_318' title='bbox 653 3243 760 3294; x_wconf 89' lang='grc' dir='ltr'>τῶν</span> <span class='ocrx_word' id='word_1_319' title='bbox 788 3242 994 3312; x_wconf 86' lang='grc' dir='ltr'>νεύρων</span> <span class='ocrx_word' id='word_1_320' title='bbox 1015 3243 1151 3312; x_wconf 71' lang='grc' dir='ltr'>ᾔδει,</span> <span class='ocrx_word' id='word_1_321' title='bbox 1177 3242 1271 3294; x_wconf 85' lang='grc' dir='ltr'>καὶ</span> <span class='ocrx_word' id='word_1_322' title='bbox 1299 3242 1416 3305; x_wconf 88' lang='grc' dir='ltr'>πῶς</span> <span class='ocrx_word' id='word_1_323' title='bbox 1440 3242 1641 3313; x_wconf 81' lang='grc' dir='ltr'>συνῆψε</span> <span class='ocrx_word' id='word_1_324' title='bbox 1664 3242 1902 3313; x_wconf 87' lang='grc' dir='ltr'>πλευράν</span> <span class='ocrx_word' id='word_1_325' title='bbox 1929 3244 2067 3314; x_wconf 82' lang='grc' dir='ltr'>πρὸς</span> 
     </span>
    </p>
   </div>
   <div class='ocr_carea' id='block_1_39' title="bbox 394 3315 2067 3390">
    <p class='ocr_par' dir='ltr' id='par_1_39' title="bbox 394 3315 2067 3390">
     <span class='ocr_line' id='line_1_39' title="bbox 394 3315 2067 3390; baseline 0.001 -18"><span class='ocrx_word' id='word_1_326' title='bbox 394 3320 661 3390; x_wconf 83' lang='grc' dir='ltr'>πλευράν,</span> <span class='ocrx_word' id='word_1_327' title='bbox 701 3319 793 3372; x_wconf 76' lang='grc' dir='ltr'>καὶ</span> <span class='ocrx_word' id='word_1_328' title='bbox 821 3319 1042 3390; x_wconf 81' lang='grc' dir='ltr'>ἄρθρον,</span> <span class='ocrx_word' id='word_1_329' title='bbox 1075 3320 1168 3372; x_wconf 73' lang='grc' dir='ltr'>καὶ</span> <span class='ocrx_word' id='word_1_330' title='bbox 1200 3318 1386 3388; x_wconf 87' lang='grc' dir='ltr'>μέλος·</span> <span class='ocrx_word' id='word_1_331' title='bbox 1421 3320 1516 3373; x_wconf 79' lang='grc' dir='ltr'>καὶ</span> <span class='ocrx_word' id='word_1_332' title='bbox 1545 3321 1603 3385; x_wconf 77' lang='grc' dir='ltr'>ἐξ</span> <span class='ocrx_word' id='word_1_333' title='bbox 1633 3315 1707 3373; x_wconf 83' lang='grc' dir='ltr'>ὧν</span> <span class='ocrx_word' id='word_1_334' title='bbox 1743 3321 2067 3389; x_wconf 74' lang='grc' dir='ltr'>παρέδησεν,</span> 
     </span>
    </p>
   </div>
   <div class='ocr_carea' id='block_1_40' title="bbox 397 3397 2071 3471">
    <p class='ocr_par' dir='ltr' id='par_1_40' title="bbox 397 3397 2071 3471">
     <span class='ocr_line' id='line_1_40' title="bbox 397 3397 2071 3471; baseline 0.001 -20"><span class='ocrx_word' id='word_1_335' title='bbox 397 3398 783 3471; x_wconf 76' lang='grc' dir='ltr'>ἐπιστημόνως</span> <span class='ocrx_word' id='word_1_336' title='bbox 836 3397 930 3449; x_wconf 79' lang='grc' dir='ltr'>καὶ</span> <span class='ocrx_word' id='word_1_337' title='bbox 966 3398 1256 3466; x_wconf 83' lang='grc' dir='ltr'>πανσόφως</span> <span class='ocrx_word' id='word_1_338' title='bbox 1302 3397 1473 3467; x_wconf 81' lang='grc' dir='ltr'>ἐπῆρε</span> <span class='ocrx_word' id='word_1_339' title='bbox 1519 3398 1792 3469; x_wconf 85' lang='grc' dir='ltr'>πλευρὰν,</span> <span class='ocrx_word' id='word_1_340' title='bbox 1845 3403 1939 3452; x_wconf 77' lang='grc' dir='ltr'>καὶ</span> <span class='ocrx_word' id='word_1_341' title='bbox 1971 3399 2071 3452; x_wconf 86' lang='grc' dir='ltr'>οὐκ</span> 
     </span>
    </p>
   </div>
   <div class='ocr_carea' id='block_1_41' title="bbox 398 3467 2069 3547">
    <p class='ocr_par' dir='ltr' id='par_1_41' title="bbox 398 3467 2069 3547">
     <span class='ocr_line' id='line_1_41' title="bbox 398 3467 2069 3547; baseline 0.001 -17"><span class='ocrx_word' id='word_1_342' title='bbox 398 3467 635 3546; x_wconf 76' lang='grc' dir='ltr'>ἐμείωσε</span> <span class='ocrx_word' id='word_1_343' title='bbox 673 3478 764 3530; x_wconf 77' lang='grc' dir='ltr'>τὸν</span> <span class='ocrx_word' id='word_1_344' title='bbox 797 3477 986 3546; x_wconf 78' lang='grc' dir='ltr'>Ἀδάμ.</span> <span class='ocrx_word' id='word_1_345' title='bbox 1027 3476 1299 3531; x_wconf 85' lang='grc' dir='ltr'>Ἔπλασεν</span> <span class='ocrx_word' id='word_1_346' title='bbox 1343 3478 1506 3529; x_wconf 74' lang='grc' dir='ltr'>αὑτὸν</span> <span class='ocrx_word' id='word_1_347' title='bbox 1545 3478 1574 3529; x_wconf 85' lang='lat'>6</span> <span class='ocrx_word' id='word_1_348' title='bbox 1618 3467 1915 3547; x_wconf 76' lang='grc' dir='ltr'>μονογενής</span> <span class='ocrx_word' id='word_1_349' title='bbox 1944 3478 2069 3542; x_wconf 76' lang='grc' dir='ltr'>Υἱὸς</span> 
     </span>
    </p>
   </div>
   <div class='ocr_carea' id='block_1_42' title="bbox 398 3554 2069 3626">
    <p class='ocr_par' dir='ltr' id='par_1_42' title="bbox 398 3554 2069 3626">
     <span class='ocr_line' id='line_1_42' title="bbox 398 3554 2069 3626; baseline 0 -17"><span class='ocrx_word' id='word_1_350' title='bbox 398 3557 493 3609; x_wconf 89' lang='grc' dir='ltr'>τοῦ</span> <span class='ocrx_word' id='word_1_351' title='bbox 530 3557 664 3609; x_wconf 77' lang='grc' dir='ltr'>Θεοῦ</span> <span class='ocrx_word' id='word_1_352' title='bbox 693 3558 750 3609; x_wconf 80' lang='grc' dir='ltr'>ἐν</span> <span class='ocrx_word' id='word_1_353' title='bbox 778 3559 845 3626; x_wconf 78' lang='grc' dir='ltr'>τῇ</span> <span class='ocrx_word' id='word_1_354' title='bbox 871 3554 1151 3625; x_wconf 83' lang='grc' dir='ltr'>Παρθένῳ,</span> <span class='ocrx_word' id='word_1_355' title='bbox 1183 3555 1276 3608; x_wconf 78' lang='grc' dir='ltr'>καὶ</span> <span class='ocrx_word' id='word_1_356' title='bbox 1303 3554 1425 3609; x_wconf 79' lang='grc' dir='ltr'>οὔτε</span> <span class='ocrx_word' id='word_1_357' title='bbox 1452 3555 1549 3626; x_wconf 82' lang='grc' dir='ltr'>τὴν</span> <span class='ocrx_word' id='word_1_358' title='bbox 1579 3555 1874 3626; x_wconf 88' lang='grc' dir='ltr'>παρθενίαν</span> <span class='ocrx_word' id='word_1_359' title='bbox 1897 3557 2069 3610; x_wconf 89' lang='grc' dir='ltr'>πλάτ-</span> 
     </span>
    </p>
   </div>
   <div class='ocr_carea' id='block_1_43' title="bbox 395 3634 2069 3707">
    <p class='ocr_par' dir='ltr' id='par_1_43' title="bbox 395 3634 2069 3707">
     <span class='ocr_line' id='line_1_43' title="bbox 395 3634 2069 3707; baseline 0.003 -21"><span class='ocrx_word' id='word_1_360' title='bbox 395 3652 505 3687; x_wconf 89' lang='grc' dir='ltr'>των</span> <span class='ocrx_word' id='word_1_361' title='bbox 537 3635 799 3699; x_wconf 80' lang='grc' dir='ltr'>διέλυσεν,</span> <span class='ocrx_word' id='word_1_362' title='bbox 820 3634 943 3688; x_wconf 83' lang='grc' dir='ltr'>ούτε</span> <span class='ocrx_word' id='word_1_363' title='bbox 974 3635 1059 3688; x_wconf 81' lang='grc' dir='ltr'>διὰ</span> <span class='ocrx_word' id='word_1_364' title='bbox 1080 3636 1175 3704; x_wconf 84' lang='grc' dir='ltr'>τῆς</span> <span class='ocrx_word' id='word_1_365' title='bbox 1205 3637 1413 3706; x_wconf 86' lang='grc' dir='ltr'>μήτρας</span> <span class='ocrx_word' id='word_1_366' title='bbox 1438 3635 1714 3706; x_wconf 86' lang='grc' dir='ltr'>προελθὼν</span> <span class='ocrx_word' id='word_1_367' title='bbox 1734 3638 1832 3706; x_wconf 80' lang='grc' dir='ltr'>τὴν</span> <span class='ocrx_word' id='word_1_368' title='bbox 1855 3639 2069 3707; x_wconf 85' lang='grc' dir='ltr'>μήτραν</span> 
     </span>
    </p>
   </div>
   <div class='ocr_carea' id='block_1_44' title="bbox 397 3710 2062 3785">
    <p class='ocr_par' dir='ltr' id='par_1_44' title="bbox 397 3710 2062 3785">
     <span class='ocr_line' id='line_1_44' title="bbox 397 3710 2062 3785; baseline 0.002 -21"><span class='ocrx_word' id='word_1_369' title='bbox 397 3713 723 3783; x_wconf 90' lang='grc' dir='ltr'>διέφθειρεν.</span> <span class='ocrx_word' id='word_1_370' title='bbox 761 3715 897 3768; x_wconf 78' lang='grc' dir='ltr'><strong>Εἰπὲ</strong></span> <span class='ocrx_word' id='word_1_371' title='bbox 932 3712 1043 3782; x_wconf 83' lang='grc' dir='ltr'>οὖν,</span> <span class='ocrx_word' id='word_1_372' title='bbox 1073 3710 1117 3769; x_wconf 81' lang='grc' dir='ltr'><strong>ὦ</strong></span> <span class='ocrx_word' id='word_1_373' title='bbox 1151 3715 1279 3782; x_wconf 83' lang='grc' dir='ltr'>σοφὲ</span> <span class='ocrx_word' id='word_1_374' title='bbox 1314 3716 1407 3766; x_wconf 80' lang='grc' dir='ltr'>καὶ</span> <span class='ocrx_word' id='word_1_375' title='bbox 1437 3717 1758 3785; x_wconf 78' lang='grc' dir='ltr'>ἐπιστήμων</span> <span class='ocrx_word' id='word_1_376' title='bbox 1816 3716 1869 3768; x_wconf 90' lang='grc' dir='ltr'>τί</span> <span class='ocrx_word' id='word_1_377' title='bbox 1901 3717 2062 3768; x_wconf 87' lang='grc' dir='ltr'>εὑκο-</span> 
     </span>
    </p>
   </div>
   <div class='ocr_carea' id='block_1_45' title="bbox 398 3789 2069 3866">
    <p class='ocr_par' dir='ltr' id='par_1_45' title="bbox 398 3789 2069 3866">
     <span class='ocr_line' id='line_1_45' title="bbox 398 3789 2069 3866; baseline 0.004 -24"><span class='ocrx_word' id='word_1_378' title='bbox 398 3789 642 3859; x_wconf 86' lang='grc' dir='ltr'>πώτερόν</span> <span class='ocrx_word' id='word_1_379' title='bbox 669 3793 805 3855; x_wconf 82' lang='grc' dir='ltr'>ἐστι,</span> <span class='ocrx_word' id='word_1_380' title='bbox 834 3793 1100 3863; x_wconf 80' lang='grc' dir='ltr'>παρθένον</span> <span class='ocrx_word' id='word_1_381' title='bbox 1132 3795 1331 3855; x_wconf 85' lang='grc' dir='ltr'>τεκεῖν,</span> <span class='ocrx_word' id='word_1_382' title='bbox 1353 3793 1447 3846; x_wconf 73' lang='grc' dir='ltr'>καὶ</span> <span class='ocrx_word' id='word_1_383' title='bbox 1478 3794 1616 3862; x_wconf 87' lang='grc' dir='ltr'>μετά</span> <span class='ocrx_word' id='word_1_384' title='bbox 1637 3795 1698 3845; x_wconf 81' lang='grc' dir='ltr'><strong>τὸ</strong></span> <span class='ocrx_word' id='word_1_385' title='bbox 1723 3796 1900 3845; x_wconf 85' lang='grc' dir='ltr'>τεκεῖν</span> <span class='ocrx_word' id='word_1_386' title='bbox 1931 3813 2069 3866; x_wconf 86' lang='grc' dir='ltr'>παρ-</span> 
     </span>
    </p>
   </div>
   <div class='ocr_carea' id='block_1_46' title="bbox 399 3868 2068 3943">
    <p class='ocr_par' dir='ltr' id='par_1_46' title="bbox 399 3868 2068 3943">
     <span class='ocr_line' id='line_1_46' title="bbox 399 3868 2068 3943; baseline 0.002 -22"><span class='ocrx_word' id='word_1_387' title='bbox 399 3870 565 3923; x_wconf 84' lang='grc' dir='ltr'>θένον·</span> <span class='ocrx_word' id='word_1_388' title='bbox 583 3868 744 3922; x_wconf 89' lang='grc' dir='ltr'>πάλιν</span> <span class='ocrx_word' id='word_1_389' title='bbox 778 3873 955 3939; x_wconf 89' lang='grc' dir='ltr'>μεῖναι</span> <span class='ocrx_word' id='word_1_390' title='bbox 977 3888 991 3901; x_wconf 92' lang='grc'>·</span> <span class='ocrx_word' id='word_1_391' title='bbox 1023 3873 1055 3943; x_wconf 80' lang='grc' dir='ltr'>ἦ</span> <span class='ocrx_word' id='word_1_392' title='bbox 1088 3871 1281 3943; x_wconf 90' lang='grc' dir='ltr'>ῥάϐδον</span> <span class='ocrx_word' id='word_1_393' title='bbox 1321 3874 1400 3934; x_wconf 85' lang='grc' dir='ltr'>εἰς</span> <span class='ocrx_word' id='word_1_394' title='bbox 1436 3872 1573 3935; x_wconf 75' lang='grc' dir='ltr'>ζῶον</span> <span class='ocrx_word' id='word_1_395' title='bbox 1607 3871 1944 3941; x_wconf 79' lang='grc' dir='ltr'>ψυχωθῆναι,</span> <span class='ocrx_word' id='word_1_396' title='bbox 1976 3875 2068 3925; x_wconf 76' lang='grc' dir='ltr'>καὶ</span> 
     </span>
    </p>
   </div>
   <div class='ocr_carea' id='block_1_47' title="bbox 396 3947 2069 4019">
    <p class='ocr_par' dir='ltr' id='par_1_47' title="bbox 396 3947 2069 4019">
     <span class='ocr_line' id='line_1_47' title="bbox 396 3947 2069 4019; baseline 0.001 -18"><span class='ocrx_word' id='word_1_397' title='bbox 396 3948 507 4001; x_wconf 77' lang='grc' dir='ltr'>ἀπὸ</span> <span class='ocrx_word' id='word_1_398' title='bbox 527 3947 667 4012; x_wconf 80' lang='grc' dir='ltr'>ζώου</span> <span class='ocrx_word' id='word_1_399' title='bbox 690 3948 849 4001; x_wconf 81' lang='grc' dir='ltr'>πάλιν</span> <span class='ocrx_word' id='word_1_400' title='bbox 872 3949 1063 4019; x_wconf 88' lang='grc' dir='ltr'>ῥάϐδον</span> <span class='ocrx_word' id='word_1_401' title='bbox 1082 3949 1363 4018; x_wconf 85' lang='grc' dir='ltr'>γενέσθαι;</span> <span class='ocrx_word' id='word_1_402' title='bbox 1387 3950 1508 4012; x_wconf 85' lang='grc' dir='ltr'>Πῶς</span> <span class='ocrx_word' id='word_1_403' title='bbox 1530 3951 1562 4018; x_wconf 87' lang='grc' dir='ltr'>ή</span> <span class='ocrx_word' id='word_1_404' title='bbox 1586 3949 1778 4019; x_wconf 88' lang='grc' dir='ltr'>ῥάϐδος</span> <span class='ocrx_word' id='word_1_405' title='bbox 1793 3951 2069 4015; x_wconf 86' lang='grc' dir='ltr'>Μωῦσέως</span> 
     </span>
    </p>
   </div>
   <div class='ocr_carea' id='block_1_48' title="bbox 398 4026 2066 4099">
    <p class='ocr_par' dir='ltr' id='par_1_48' title="bbox 398 4026 2066 4099">
     <span class='ocr_line' id='line_1_48' title="bbox 398 4026 2066 4099; baseline 0.001 -18"><span class='ocrx_word' id='word_1_406' title='bbox 398 4029 480 4091; x_wconf 89' lang='grc' dir='ltr'>εἰς</span> <span class='ocrx_word' id='word_1_407' title='bbox 504 4028 770 4097; x_wconf 87' lang='grc' dir='ltr'>δράκοντα</span> <span class='ocrx_word' id='word_1_408' title='bbox 812 4029 1150 4099; x_wconf 80' lang='grc' dir='ltr'>μετεϐλήθης</span> <span class='ocrx_word' id='word_1_409' title='bbox 1182 4028 1296 4092; x_wconf 87' lang='grc' dir='ltr'>πῶς</span> <span class='ocrx_word' id='word_1_410' title='bbox 1332 4029 1391 4082; x_wconf 87' lang='lat'>16</span> <span class='ocrx_word' id='word_1_411' title='bbox 1431 4026 1632 4099; x_wconf 66' lang='grc' dir='ltr'>ἄψυχον</span> <span class='ocrx_word' id='word_1_412' title='bbox 1666 4028 1843 4098; x_wconf 80' lang='grc' dir='ltr'>ψυχὴν</span> <span class='ocrx_word' id='word_1_413' title='bbox 1871 4029 2066 4094; x_wconf 80' lang='grc' dir='ltr'>ἔλαϐε;</span> 
     </span>
    </p>
   </div>
   <div class='ocr_carea' id='block_1_49' title="bbox 399 4100 2068 4178">
    <p class='ocr_par' dir='ltr' id='par_1_49' title="bbox 399 4100 2068 4178">
     <span class='ocr_line' id='line_1_49' title="bbox 399 4100 2068 4178; baseline 0.002 -20"><span class='ocrx_word' id='word_1_414' title='bbox 399 4105 516 4169; x_wconf 84' lang='grc' dir='ltr'>πῶς</span> <span class='ocrx_word' id='word_1_415' title='bbox 540 4104 600 4157; x_wconf 88' lang='grc' dir='ltr'>τὸ</span> <span class='ocrx_word' id='word_1_416' title='bbox 622 4100 875 4175; x_wconf 79' lang='grc' dir='ltr'>ἀκίνητον</span> <span class='ocrx_word' id='word_1_417' title='bbox 907 4109 997 4161; x_wconf 74' lang='grc' dir='ltr'>ἐπὶ</span> <span class='ocrx_word' id='word_1_418' title='bbox 1021 4109 1121 4176; x_wconf 77' lang='grc' dir='ltr'>γῆς</span> <span class='ocrx_word' id='word_1_419' title='bbox 1150 4102 1305 4178; x_wconf 83' lang='grc' dir='ltr'>εἷρπε</span> <span class='ocrx_word' id='word_1_420' title='bbox 1326 4124 1340 4171; x_wconf 91' lang='grc'>;</span> <span class='ocrx_word' id='word_1_421' title='bbox 1384 4108 1496 4169; x_wconf 84' lang='grc' dir='ltr'>πῶς</span> <span class='ocrx_word' id='word_1_422' title='bbox 1521 4109 1575 4160; x_wconf 83' lang='grc' dir='ltr'>δὲ</span> <span class='ocrx_word' id='word_1_423' title='bbox 1609 4109 1773 4161; x_wconf 88' lang='grc' dir='ltr'>πάλιν</span> <span class='ocrx_word' id='word_1_424' title='bbox 1810 4107 1918 4162; x_wconf 80' lang='grc' dir='ltr'>ἀπὸ</span> <span class='ocrx_word' id='word_1_425' title='bbox 1939 4109 2068 4178; x_wconf 84' lang='grc' dir='ltr'>δρά-</span> 
     </span>
    </p>
   </div>
   <div class='ocr_carea' id='block_1_50' title="bbox 399 4185 2068 4256">
    <p class='ocr_par' dir='ltr' id='par_1_50' title="bbox 399 4185 2068 4256">
     <span class='ocr_line' id='line_1_50' title="bbox 399 4185 2068 4256; baseline 0.002 -20"><span class='ocrx_word' id='word_1_426' title='bbox 399 4200 585 4249; x_wconf 84' lang='grc' dir='ltr'>κοντος</span> <span class='ocrx_word' id='word_1_427' title='bbox 620 4185 810 4254; x_wconf 90' lang='grc' dir='ltr'>ῥάϐδος</span> <span class='ocrx_word' id='word_1_428' title='bbox 838 4187 1046 4254; x_wconf 86' lang='grc' dir='ltr'>γέγονε,</span> <span class='ocrx_word' id='word_1_429' title='bbox 1076 4186 1171 4256; x_wconf 80' lang='grc' dir='ltr'>τὴν</span> <span class='ocrx_word' id='word_1_430' title='bbox 1198 4186 1401 4239; x_wconf 87' lang='grc' dir='ltr'>οἰκείαν</span> <span class='ocrx_word' id='word_1_431' title='bbox 1434 4188 1684 4254; x_wconf 80' lang='grc' dir='ltr'>ἐπιγνοὺς</span> <span class='ocrx_word' id='word_1_432' title='bbox 1709 4186 1903 4255; x_wconf 88' lang='grc' dir='ltr'>φύσιν;</span> <span class='ocrx_word' id='word_1_433' title='bbox 1930 4189 2068 4241; x_wconf 82' lang='grc' dir='ltr'>Ποτὲ</span> 
     </span>
    </p>
   </div>
   <div class='ocr_carea' id='block_1_51' title="bbox 403 4262 2068 4335">
    <p class='ocr_par' dir='ltr' id='par_1_51' title="bbox 403 4262 2068 4335">
     <span class='ocr_line' id='line_1_51' title="bbox 403 4262 2068 4335; baseline 0.002 -21"><span class='ocrx_word' id='word_1_434' title='bbox 403 4263 501 4332; x_wconf 82' lang='grc' dir='ltr'>μὲν</span> <span class='ocrx_word' id='word_1_435' title='bbox 520 4262 628 4335; x_wconf 82' lang='grc' dir='ltr'>γὰρ</span> <span class='ocrx_word' id='word_1_436' title='bbox 656 4264 764 4317; x_wconf 82' lang='grc' dir='ltr'>ἀπὸ</span> <span class='ocrx_word' id='word_1_437' title='bbox 794 4264 986 4334; x_wconf 85' lang='grc' dir='ltr'>ῥάϐδου</span> <span class='ocrx_word' id='word_1_438' title='bbox 1005 4263 1240 4335; x_wconf 85' lang='grc' dir='ltr'>δράκων,</span> <span class='ocrx_word' id='word_1_439' title='bbox 1261 4264 1389 4316; x_wconf 83' lang='grc' dir='ltr'>ποτὲ</span> <span class='ocrx_word' id='word_1_440' title='bbox 1409 4263 1466 4315; x_wconf 83' lang='grc' dir='ltr'>δὲ</span> <span class='ocrx_word' id='word_1_441' title='bbox 1494 4265 1601 4317; x_wconf 81' lang='grc' dir='ltr'>ἀπὸ</span> <span class='ocrx_word' id='word_1_442' title='bbox 1621 4266 1911 4335; x_wconf 84' lang='grc' dir='ltr'>δράκοντος</span> <span class='ocrx_word' id='word_1_443' title='bbox 1937 4266 2068 4335; x_wconf 88' lang='grc' dir='ltr'>ῥάϐ-</span> 
     </span>
    </p>
   </div>
   <div class='ocr_carea' id='block_1_52' title="bbox 398 4338 2064 4414">
    <p class='ocr_par' dir='ltr' id='par_1_52' title="bbox 398 4338 2064 4414">
     <span class='ocr_line' id='line_1_52' title="bbox 398 4338 2064 4414; baseline 0.002 -21"><span class='ocrx_word' id='word_1_444' title='bbox 398 4339 486 4403; x_wconf 90' lang='grc' dir='ltr'>δος</span> <span class='ocrx_word' id='word_1_445' title='bbox 525 4342 757 4409; x_wconf 78' lang='grc' dir='ltr'>ἐγένετο.</span> <span class='ocrx_word' id='word_1_446' title='bbox 782 4343 991 4412; x_wconf 81' lang='grc' dir='ltr'>’Ὠσπερ</span> <span class='ocrx_word' id='word_1_447' title='bbox 1032 4338 1125 4395; x_wconf 85' lang='grc' dir='ltr'>οῦν</span> <span class='ocrx_word' id='word_1_448' title='bbox 1161 4343 1194 4410; x_wconf 88' lang='grc' dir='ltr'>ή</span> <span class='ocrx_word' id='word_1_449' title='bbox 1224 4342 1498 4405; x_wconf 80' lang='grc' dir='ltr'>Μωῦσέως</span> <span class='ocrx_word' id='word_1_450' title='bbox 1536 4343 1749 4411; x_wconf 86' lang='grc' dir='ltr'>ῥάϐδος,</span> <span class='ocrx_word' id='word_1_451' title='bbox 1787 4343 2064 4414; x_wconf 80' lang='grc' dir='ltr'>ἄνθρωπε,</span> 
     </span>
    </p>
   </div>
   <div class='ocr_carea' id='block_1_53' title="bbox 402 4415 2059 4494">
    <p class='ocr_par' dir='ltr' id='par_1_53' title="bbox 402 4415 2059 4494">
     <span class='ocr_line' id='line_1_53' title="bbox 402 4415 2059 4494; baseline 0.004 -23"><span class='ocrx_word' id='word_1_452' title='bbox 402 4419 542 4473; x_wconf 76' lang='grc' dir='ltr'>κατὰ</span> <span class='ocrx_word' id='word_1_453' title='bbox 572 4419 734 4488; x_wconf 88' lang='grc' dir='ltr'>φύσιν</span> <span class='ocrx_word' id='word_1_454' title='bbox 770 4420 869 4490; x_wconf 84' lang='grc' dir='ltr'>μὲν</span> <span class='ocrx_word' id='word_1_455' title='bbox 897 4415 964 4493; x_wconf 77' lang='grc' dir='ltr'>ἦν</span> <span class='ocrx_word' id='word_1_456' title='bbox 1016 4419 1227 4491; x_wconf 89' lang='grc' dir='ltr'>ῥάϐδος,</span> <span class='ocrx_word' id='word_1_457' title='bbox 1256 4422 1376 4474; x_wconf 86' lang='grc' dir='ltr'>κατ’</span> <span class='ocrx_word' id='word_1_458' title='bbox 1404 4422 1711 4490; x_wconf 81' lang='grc' dir='ltr'>οἰκονομίαν</span> <span class='ocrx_word' id='word_1_459' title='bbox 1733 4422 1790 4475; x_wconf 86' lang='grc' dir='ltr'>δὲ</span> <span class='ocrx_word' id='word_1_460' title='bbox 1813 4422 2059 4494; x_wconf 85' lang='grc' dir='ltr'>δράκων·</span> 
     </span>
    </p>
   </div>
   <div class='ocr_carea' id='block_1_54' title="bbox 1505 5166 1731 5182">
    <p class='ocr_par' dir='ltr' id='par_1_54' title="bbox 1505 5166 1731 5182">
     <span class='ocr_line' id='line_1_54' title="bbox 1505 5166 1731 5182; baseline -0.004 -3"><span class='ocrx_word' id='word_1_461' title='bbox 1505 5166 1731 5182; x_wconf 62' lang='grc' dir='ltr'>-υ-</span> 
     </span>
    </p>
   </div>
   <div class='ocr_carea' id='block_1_55' title="bbox 1733 5163 2153 5178">
    <p class='ocr_par' dir='ltr' id='par_1_55' title="bbox 1733 5163 2153 5178">
     <span class='ocr_line' id='line_1_55' title="bbox 1733 5163 2153 5178; baseline 0 0"><span class='ocrx_word' id='word_1_462' title='bbox 1733 5163 2153 5178; x_wconf 76' lang='lat'>-—————————</span> 
     </span>
    </p>
   </div>
   <div class='ocr_carea' id='block_1_56' title="bbox 1983 315 3802 375">
    <p class='ocr_par' dir='ltr' id='par_1_56' title="bbox 1983 315 3802 375">
     <span class='ocr_line' id='line_1_56' title="bbox 1983 315 3802 375; baseline -0.002 -2"><span class='ocrx_word' id='word_1_463' title='bbox 1983 316 2254 375; x_wconf 74' lang='lat' dir='ltr'>SPURIA.</span> <span class='ocrx_word' id='word_1_464' title='bbox 3719 315 3802 369; x_wconf 77' lang='lat' dir='ltr'>7H</span> 
     </span>
    </p>
   </div>
   <div class='ocr_carea' id='block_1_57' title="bbox 2153 422 3804 498">
    <p class='ocr_par' dir='ltr' id='par_1_57' title="bbox 2153 422 3804 498">
     <span class='ocr_line' id='line_1_57' title="bbox 2153 422 3804 498; baseline 0 -20"><span class='ocrx_word' id='word_1_465' title='bbox 2153 426 2294 478; x_wconf 61' lang='grc' dir='ltr'>οὕτω</span> <span class='ocrx_word' id='word_1_466' title='bbox 2322 426 2414 475; x_wconf 79' lang='grc' dir='ltr'>καὶ</span> <span class='ocrx_word' id='word_1_467' title='bbox 2440 426 2472 492; x_wconf 83' lang='grc' dir='ltr'>ή</span> <span class='ocrx_word' id='word_1_468' title='bbox 2498 424 2684 495; x_wconf 83' lang='grc' dir='ltr'>Μαρία</span> <span class='ocrx_word' id='word_1_469' title='bbox 2716 425 2852 479; x_wconf 83' lang='grc' dir='ltr'>κατά</span> <span class='ocrx_word' id='word_1_470' title='bbox 2885 428 3044 496; x_wconf 85' lang='grc' dir='ltr'>φύσιν</span> <span class='ocrx_word' id='word_1_471' title='bbox 3074 427 3169 497; x_wconf 76' lang='grc' dir='ltr'>μὲν</span> <span class='ocrx_word' id='word_1_472' title='bbox 3188 422 3253 495; x_wconf 83' lang='grc' dir='ltr'>ἦν</span> <span class='ocrx_word' id='word_1_473' title='bbox 3276 426 3567 498; x_wconf 73' lang='grc' dir='ltr'>παρθένος,</span> <span class='ocrx_word' id='word_1_474' title='bbox 3603 437 3721 486; x_wconf 67' lang='grc' dir='ltr'>κατ’</span> <span class='ocrx_word' id='word_1_475' title='bbox 3743 440 3804 489; x_wconf 65' lang='grc' dir='ltr'>οἱ-</span> 
     </span>
    </p>
   </div>
   <div class='ocr_carea' id='block_1_58' title="bbox 2157 502 3805 573">
    <p class='ocr_par' dir='ltr' id='par_1_58' title="bbox 2157 502 3805 573">
     <span class='ocr_line' id='line_1_58' title="bbox 2157 502 3805 573; baseline 0.007 -18"><span class='ocrx_word' id='word_1_476' title='bbox 2157 502 2411 572; x_wconf 85' lang='grc' dir='ltr'>κονομίαν</span> <span class='ocrx_word' id='word_1_477' title='bbox 2441 502 2498 554; x_wconf 84' lang='grc' dir='ltr'>δὲ</span> <span class='ocrx_word' id='word_1_478' title='bbox 2544 504 2726 573; x_wconf 86' lang='grc' dir='ltr'>μήτηρ</span> <span class='ocrx_word' id='word_1_479' title='bbox 2767 505 3001 572; x_wconf 76' lang='grc' dir='ltr'>ἐγένετο,</span> <span class='ocrx_word' id='word_1_480' title='bbox 3042 507 3125 557; x_wconf 76' lang='grc' dir='ltr'>ἵνα</span> <span class='ocrx_word' id='word_1_481' title='bbox 3168 505 3499 560; x_wconf 69' lang='grc' dir='ltr'>πιστεύσωσί</span> <span class='ocrx_word' id='word_1_482' title='bbox 3538 511 3651 563; x_wconf 84' lang='grc' dir='ltr'>τῶν</span> <span class='ocrx_word' id='word_1_483' title='bbox 3684 516 3805 566; x_wconf 75' lang='grc' dir='ltr'>Χαλ-</span> 
     </span>
    </p>
   </div>
   <div class='ocr_carea' id='block_1_59' title="bbox 2153 582 3806 661">
    <p class='ocr_par' dir='ltr' id='par_1_59' title="bbox 2153 582 3806 661">
     <span class='ocr_line' id='line_1_59' title="bbox 2153 582 3806 661; baseline 0.005 -26"><span class='ocrx_word' id='word_1_484' title='bbox 2153 582 2317 661; x_wconf 84' lang='grc' dir='ltr'>δαίων</span> <span class='ocrx_word' id='word_1_485' title='bbox 2338 583 2386 633; x_wconf 86' lang='grc' dir='ltr'>οί</span> <span class='ocrx_word' id='word_1_486' title='bbox 2412 582 2593 649; x_wconf 86' lang='grc' dir='ltr'>μάγοι.</span> <span class='ocrx_word' id='word_1_487' title='bbox 2622 583 2891 653; x_wconf 86' lang='grc' dir='ltr'>καθάπερ,</span> <span class='ocrx_word' id='word_1_488' title='bbox 2911 586 2994 636; x_wconf 84' lang='grc' dir='ltr'>ῖνα</span> <span class='ocrx_word' id='word_1_489' title='bbox 3018 584 3224 653; x_wconf 80' lang='grc' dir='ltr'>φοϐηθῇ</span> <span class='ocrx_word' id='word_1_490' title='bbox 3252 584 3549 651; x_wconf 75' lang='grc' dir='ltr'>Αἴγυπτος,</span> <span class='ocrx_word' id='word_1_491' title='bbox 3575 592 3609 660; x_wconf 79' lang='grc' dir='ltr'>η</span> <span class='ocrx_word' id='word_1_492' title='bbox 3637 593 3806 661; x_wconf 74' lang='grc' dir='ltr'>ῥάϐδος</span> 
     </span>
    </p>
   </div>
   <div class='ocr_carea' id='block_1_60' title="bbox 2153 659 3808 737">
    <p class='ocr_par' dir='ltr' id='par_1_60' title="bbox 2153 659 3808 737">
     <span class='ocr_line' id='line_1_60' title="bbox 2153 659 3808 737; baseline 0.006 -25"><span class='ocrx_word' id='word_1_493' title='bbox 2153 659 2370 729; x_wconf 90' lang='grc' dir='ltr'>δράκων</span> <span class='ocrx_word' id='word_1_494' title='bbox 2401 660 2635 725; x_wconf 74' lang='grc' dir='ltr'>ἐγένετο.</span> <span class='ocrx_word' id='word_1_495' title='bbox 2666 662 2967 732; x_wconf 81' lang='grc' dir='ltr'>Τοιγαροῦν</span> <span class='ocrx_word' id='word_1_496' title='bbox 3001 663 3087 714; x_wconf 77' lang='grc' dir='ltr'>ἵνα</span> <span class='ocrx_word' id='word_1_497' title='bbox 3122 662 3266 731; x_wconf 77' lang='grc' dir='ltr'>σωθῇ</span> <span class='ocrx_word' id='word_1_498' title='bbox 3309 663 3341 726; x_wconf 84' lang='grc' dir='ltr'><strong>ἡ</strong></span> <span class='ocrx_word' id='word_1_499' title='bbox 3374 659 3700 737; x_wconf 72' lang='grc' dir='ltr'>οἰκουμένη.</span> <span class='ocrx_word' id='word_1_500' title='bbox 3726 671 3808 722; x_wconf 79' lang='grc' dir='ltr'>οὑκ</span> 
     </span>
    </p>
   </div>
   <div class='ocr_carea' id='block_1_61' title="bbox 2155 737 3807 814">
    <p class='ocr_par' dir='ltr' id='par_1_61' title="bbox 2155 737 3807 814">
     <span class='ocr_line' id='line_1_61' title="bbox 2155 737 3807 814; baseline 0.005 -25"><span class='ocrx_word' id='word_1_501' title='bbox 2155 738 2343 808; x_wconf 84' lang='grc' dir='ltr'>ήθελες</span> <span class='ocrx_word' id='word_1_502' title='bbox 2375 739 2439 789; x_wconf 78' lang='grc' dir='ltr'>σὺ</span> <span class='ocrx_word' id='word_1_503' title='bbox 2466 738 2563 805; x_wconf 80' lang='grc' dir='ltr'>τὴν</span> <span class='ocrx_word' id='word_1_504' title='bbox 2591 739 2862 808; x_wconf 79' lang='grc' dir='ltr'>Παρθένον</span> <span class='ocrx_word' id='word_1_505' title='bbox 2889 740 3156 807; x_wconf 75' lang='grc' dir='ltr'>φανῆναις</span> <span class='ocrx_word' id='word_1_506' title='bbox 3186 737 3315 794; x_wconf 81' lang='grc' dir='ltr'>Εἶτα</span> <span class='ocrx_word' id='word_1_507' title='bbox 3334 741 3392 794; x_wconf 83' lang='grc' dir='ltr'>δὲ</span> <span class='ocrx_word' id='word_1_508' title='bbox 3417 746 3667 813; x_wconf 82' lang='grc' dir='ltr'>σεισμῶν</span> <span class='ocrx_word' id='word_1_509' title='bbox 3693 766 3807 814; x_wconf 76' lang='grc' dir='ltr'>γινο-</span> 
     </span>
    </p>
   </div>
   <div class='ocr_carea' id='block_1_62' title="bbox 2158 814 3808 893">
    <p class='ocr_par' dir='ltr' id='par_1_62' title="bbox 2158 814 3808 893">
     <span class='ocr_line' id='line_1_62' title="bbox 2158 814 3808 893; baseline 0.008 -27"><span class='ocrx_word' id='word_1_510' title='bbox 2158 815 2333 884; x_wconf 86' lang='grc' dir='ltr'>μένων</span> <span class='ocrx_word' id='word_1_511' title='bbox 2371 814 2702 885; x_wconf 84' lang='grc' dir='ltr'>διαιροῦνται</span> <span class='ocrx_word' id='word_1_512' title='bbox 2733 819 2898 886; x_wconf 83' lang='grc' dir='ltr'>τοῖχοι</span> <span class='ocrx_word' id='word_1_513' title='bbox 2932 818 3025 870; x_wconf 75' lang='grc' dir='ltr'>καὶ</span> <span class='ocrx_word' id='word_1_514' title='bbox 3065 819 3457 872; x_wconf 84' lang='grc' dir='ltr'>συνάπτονται·</span> <span class='ocrx_word' id='word_1_515' title='bbox 3498 823 3741 893; x_wconf 79' lang='grc' dir='ltr'>Χριστοῦ</span> <span class='ocrx_word' id='word_1_516' title='bbox 3764 826 3808 879; x_wconf 69' lang='grc' dir='ltr'>δὲ</span> 
     </span>
    </p>
   </div>
   <div class='ocr_carea' id='block_1_63' title="bbox 2152 892 3808 969">
    <p class='ocr_par' dir='ltr' id='par_1_63' title="bbox 2152 892 3808 969">
     <span class='ocr_line' id='line_1_63' title="bbox 2152 892 3808 969; baseline 0.008 -26"><span class='ocrx_word' id='word_1_517' title='bbox 2152 892 2472 961; x_wconf 85' lang='grc' dir='ltr'>τικτομένου</span> <span class='ocrx_word' id='word_1_518' title='bbox 2510 894 2610 945; x_wconf 81' lang='grc' dir='ltr'>οὑκ</span> <span class='ocrx_word' id='word_1_519' title='bbox 2655 894 2899 964; x_wconf 86' lang='grc' dir='ltr'>ήνοίγετο</span> <span class='ocrx_word' id='word_1_520' title='bbox 2944 897 3148 966; x_wconf 85' lang='grc' dir='ltr'>μήτρα,</span> <span class='ocrx_word' id='word_1_521' title='bbox 3182 897 3272 948; x_wconf 76' lang='grc' dir='ltr'>καὶ</span> <span class='ocrx_word' id='word_1_522' title='bbox 3304 898 3464 951; x_wconf 88' lang='grc' dir='ltr'>πάλιν</span> <span class='ocrx_word' id='word_1_523' title='bbox 3500 892 3808 969; x_wconf 76' lang='grc' dir='ltr'>ὑφαίνεταις</span> 
     </span>
    </p>
   </div>
   <div class='ocr_carea' id='block_1_64' title="bbox 2156 969 3814 1044">
    <p class='ocr_par' dir='ltr' id='par_1_64' title="bbox 2156 969 3814 1044">
     <span class='ocr_line' id='line_1_64' title="bbox 2156 969 3814 1044; baseline 0.007 -24"><span class='ocrx_word' id='word_1_524' title='bbox 2156 969 2264 1022; x_wconf 97' lang='lat' dir='ltr'>Kal</span> <span class='ocrx_word' id='word_1_525' title='bbox 2295 971 2354 1020; x_wconf 85' lang='grc' dir='ltr'>ὲν</span> <span class='ocrx_word' id='word_1_526' title='bbox 2399 972 2642 1039; x_wconf 75' lang='grc' dir='ltr'>σεισμοῖς</span> <span class='ocrx_word' id='word_1_527' title='bbox 2690 970 2789 1038; x_wconf 82' lang='grc' dir='ltr'>μὲν</span> <span class='ocrx_word' id='word_1_528' title='bbox 2824 970 2966 1024; x_wconf 79' lang='grc' dir='ltr'>οὑτω</span> <span class='ocrx_word' id='word_1_529' title='bbox 3001 972 3330 1042; x_wconf 87' lang='grc' dir='ltr'>διαιροῦνται</span> <span class='ocrx_word' id='word_1_530' title='bbox 3368 978 3541 1044; x_wconf 83' lang='grc' dir='ltr'>τοῖχοι</span> <span class='ocrx_word' id='word_1_531' title='bbox 3564 1019 3579 1040; x_wconf 92' lang='grc'>,</span> <span class='ocrx_word' id='word_1_532' title='bbox 3624 979 3699 1041; x_wconf 86' lang='grc' dir='ltr'>ὡς</span> <span class='ocrx_word' id='word_1_533' title='bbox 3736 985 3814 1034; x_wconf 78' lang='grc' dir='ltr'>καὶ</span> 
     </span>
    </p>
   </div>
   <div class='ocr_carea' id='block_1_65' title="bbox 2157 1046 3813 1127">
    <p class='ocr_par' dir='ltr' id='par_1_65' title="bbox 2157 1046 3813 1127">
     <span class='ocr_line' id='line_1_65' title="bbox 2157 1046 3813 1127; baseline 0.005 -28"><span class='ocrx_word' id='word_1_534' title='bbox 2157 1046 2385 1127; x_wconf 78' lang='grc' dir='ltr'>θάνατον</span> <span class='ocrx_word' id='word_1_535' title='bbox 2417 1047 2657 1127; x_wconf 76' lang='grc' dir='ltr'>ἀπειλεῖν</span> <span class='ocrx_word' id='word_1_536' title='bbox 2678 1064 2690 1076; x_wconf 95' lang='grc'>·</span> <span class='ocrx_word' id='word_1_537' title='bbox 2731 1047 2873 1127; x_wconf 75' lang='grc' dir='ltr'>οὕτω</span> <span class='ocrx_word' id='word_1_538' title='bbox 2912 1048 2971 1127; x_wconf 74' lang='grc' dir='ltr'>δε</span> <span class='ocrx_word' id='word_1_539' title='bbox 3008 1049 3271 1113; x_wconf 77' lang='grc' dir='ltr'>ὲνοῦνται,</span> <span class='ocrx_word' id='word_1_540' title='bbox 3300 1051 3375 1113; x_wconf 84' lang='grc' dir='ltr'>ὼς</span> <span class='ocrx_word' id='word_1_541' title='bbox 3408 1054 3547 1122; x_wconf 85' lang='grc' dir='ltr'>μηδὲ</span> <span class='ocrx_word' id='word_1_542' title='bbox 3583 1057 3813 1127; x_wconf 67' lang='grc' dir='ltr'>σχῆμασζ</span> 
     </span>
    </p>
   </div>
   <div class='ocr_carea' id='block_1_66' title="bbox 2157 1124 3814 1203">
    <p class='ocr_par' dir='ltr' id='par_1_66' title="bbox 2157 1124 3814 1203">
     <span class='ocr_line' id='line_1_66' title="bbox 2157 1124 3814 1203; baseline 0.006 -27"><span class='ocrx_word' id='word_1_543' title='bbox 2157 1124 2302 1193; x_wconf 85' lang='grc' dir='ltr'>ίχνος</span> <span class='ocrx_word' id='word_1_544' title='bbox 2346 1125 2632 1193; x_wconf 86' lang='grc' dir='ltr'>φαίνεσθαι</span> <span class='ocrx_word' id='word_1_545' title='bbox 2676 1128 2771 1194; x_wconf 78' lang='grc' dir='ltr'>τῆς</span> <span class='ocrx_word' id='word_1_546' title='bbox 2804 1125 3148 1199; x_wconf 87' lang='grc' dir='ltr'>διαιρέσεως·</span> <span class='ocrx_word' id='word_1_547' title='bbox 3195 1129 3286 1181; x_wconf 77' lang='grc' dir='ltr'>ἐπὶ</span> <span class='ocrx_word' id='word_1_548' title='bbox 3319 1127 3377 1179; x_wconf 84' lang='grc' dir='ltr'>δὲ</span> <span class='ocrx_word' id='word_1_549' title='bbox 3408 1131 3504 1197; x_wconf 80' lang='grc' dir='ltr'>τῆς</span> <span class='ocrx_word' id='word_1_550' title='bbox 3553 1124 3814 1203; x_wconf 62' lang='grc' dir='ltr'>ἀφθάρτου</span> 
     </span>
    </p>
   </div>
   <div class='ocr_carea' id='block_1_67' title="bbox 2155 1203 3819 1281">
    <p class='ocr_par' dir='ltr' id='par_1_67' title="bbox 2155 1203 3819 1281">
     <span class='ocr_line' id='line_1_67' title="bbox 2155 1203 3819 1281; baseline 0.007 -28"><span class='ocrx_word' id='word_1_551' title='bbox 2155 1204 2368 1273; x_wconf 77' lang='grc' dir='ltr'>ἐκείνης</span> <span class='ocrx_word' id='word_1_552' title='bbox 2406 1204 2709 1273; x_wconf 84' lang='grc' dir='ltr'>γεννήσεως</span> <span class='ocrx_word' id='word_1_553' title='bbox 2738 1204 2839 1256; x_wconf 83' lang='grc' dir='ltr'>οὑκ</span> <span class='ocrx_word' id='word_1_554' title='bbox 2872 1203 3062 1274; x_wconf 69' lang='grc' dir='ltr'>ἤθελες</span> <span class='ocrx_word' id='word_1_555' title='bbox 3098 1203 3319 1273; x_wconf 79' lang='grc' dir='ltr'>λυθῆναι</span> <span class='ocrx_word' id='word_1_556' title='bbox 3348 1207 3446 1274; x_wconf 78' lang='grc' dir='ltr'>μὲν</span> <span class='ocrx_word' id='word_1_557' title='bbox 3478 1209 3585 1278; x_wconf 81' lang='grc' dir='ltr'>τὴν</span> <span class='ocrx_word' id='word_1_558' title='bbox 3623 1213 3819 1281; x_wconf 82' lang='grc' dir='ltr'>μήτραν</span> 
     </span>
    </p>
   </div>
   <div class='ocr_carea' id='block_1_68' title="bbox 2162 1281 3820 1358">
    <p class='ocr_par' dir='ltr' id='par_1_68' title="bbox 2162 1281 3820 1358">
     <span class='ocr_line' id='line_1_68' title="bbox 2162 1281 3820 1358; baseline 0.007 -27"><span class='ocrx_word' id='word_1_559' title='bbox 2162 1281 2297 1349; x_wconf 82' lang='grc' dir='ltr'>πρὸς</span> <span class='ocrx_word' id='word_1_560' title='bbox 2338 1284 2502 1351; x_wconf 68' lang='grc' dir='ltr'>τιμὴν</span> <span class='ocrx_word' id='word_1_561' title='bbox 2530 1281 2622 1334; x_wconf 88' lang='grc' dir='ltr'>τοῦ</span> <span class='ocrx_word' id='word_1_562' title='bbox 2650 1283 2989 1351; x_wconf 87' lang='grc' dir='ltr'>τικτομένου,</span> <span class='ocrx_word' id='word_1_563' title='bbox 3040 1282 3311 1335; x_wconf 87' lang='grc' dir='ltr'>συνελθεῖν</span> <span class='ocrx_word' id='word_1_564' title='bbox 3338 1283 3395 1335; x_wconf 82' lang='lat'>66</span> <span class='ocrx_word' id='word_1_565' title='bbox 3425 1287 3523 1337; x_wconf 77' lang='grc' dir='ltr'>καὶ</span> <span class='ocrx_word' id='word_1_566' title='bbox 3570 1288 3820 1358; x_wconf 67' lang='grc' dir='ltr'>ἑνωθίγδιι</span> 
     </span>
    </p>
   </div>
   <div class='ocr_carea' id='block_1_69' title="bbox 2154 1358 3819 1434">
    <p class='ocr_par' dir='ltr' id='par_1_69' title="bbox 2154 1358 3819 1434">
     <span class='ocr_line' id='line_1_69' title="bbox 2154 1358 3819 1434; baseline 0.005 -23"><span class='ocrx_word' id='word_1_567' title='bbox 2154 1360 2342 1412; x_wconf 79' lang='grc' dir='ltr'>καὶτὸ</span> <span class='ocrx_word' id='word_1_568' title='bbox 2392 1360 2489 1429; x_wconf 82' lang='grc' dir='ltr'>τῆς</span> <span class='ocrx_word' id='word_1_569' title='bbox 2538 1358 2830 1429; x_wconf 81' lang='grc' dir='ltr'>παρθενίας</span> <span class='ocrx_word' id='word_1_570' title='bbox 2880 1359 3171 1412; x_wconf 84' lang='grc' dir='ltr'>ἀπολαϐεῖν</span> <span class='ocrx_word' id='word_1_571' title='bbox 3226 1361 3413 1431; x_wconf 80' lang='grc' dir='ltr'>σχῆμα</span> <span class='ocrx_word' id='word_1_572' title='bbox 3460 1365 3697 1434; x_wconf 84' lang='grc' dir='ltr'>δυνάμει</span> <span class='ocrx_word' id='word_1_573' title='bbox 3738 1368 3819 1420; x_wconf 83' lang='grc' dir='ltr'>τοῦ</span> 
     </span>
    </p>
   </div>
   <div class='ocr_carea' id='block_1_70' title="bbox 2155 1437 3820 1511">
    <p class='ocr_par' dir='ltr' id='par_1_70' title="bbox 2155 1437 3820 1511">
     <span class='ocr_line' id='line_1_70' title="bbox 2155 1437 3820 1511; baseline 0.007 -24"><span class='ocrx_word' id='word_1_574' title='bbox 2155 1437 2507 1511; x_wconf 81' lang='grc' dir='ltr'>ἐνεργοῦντος</span> <span class='ocrx_word' id='word_1_575' title='bbox 2534 1454 2548 1502; x_wconf 91' lang='grc'><strong>;</strong></span> <span class='ocrx_word' id='word_1_576' title='bbox 2576 1440 2683 1491; x_wconf 88' lang='lat' dir='ltr'>Kal</span> <span class='ocrx_word' id='word_1_577' title='bbox 2710 1438 2783 1508; x_wconf 87' lang='grc' dir='ltr'>μή</span> <span class='ocrx_word' id='word_1_578' title='bbox 2817 1453 2908 1508; x_wconf 90' lang='grc' dir='ltr'>μοι</span> <span class='ocrx_word' id='word_1_579' title='bbox 2937 1437 3093 1505; x_wconf 87' lang='grc' dir='ltr'>λέγε·</span> <span class='ocrx_word' id='word_1_580' title='bbox 3125 1438 3295 1492; x_wconf 88' lang='grc' dir='ltr'>Πόθεν</span> <span class='ocrx_word' id='word_1_581' title='bbox 3328 1441 3552 1511; x_wconf 66' lang='grc' dir='ltr'>ὑπέστη</span> <span class='ocrx_word' id='word_1_582' title='bbox 3570 1443 3712 1511; x_wconf 78' lang='grc' dir='ltr'>σάρξ</span> <span class='ocrx_word' id='word_1_583' title='bbox 3738 1446 3820 1497; x_wconf 81' lang='grc' dir='ltr'>καὶ</span> 
     </span>
    </p>
   </div>
   <div class='ocr_carea' id='block_1_71' title="bbox 2155 1510 3822 1592">
    <p class='ocr_par' dir='ltr' id='par_1_71' title="bbox 2155 1510 3822 1592">
     <span class='ocr_line' id='line_1_71' title="bbox 2155 1510 3822 1592; baseline 0.005 -25"><span class='ocrx_word' id='word_1_584' title='bbox 2155 1510 2331 1584; x_wconf 76' lang='grc' dir='ltr'>αἷμα,</span> <span class='ocrx_word' id='word_1_585' title='bbox 2363 1517 2673 1587; x_wconf 82' lang='grc' dir='ltr'>σπέρματος</span> <span class='ocrx_word' id='word_1_586' title='bbox 2722 1518 2796 1586; x_wconf 88' lang='grc' dir='ltr'>μὴ</span> <span class='ocrx_word' id='word_1_587' title='bbox 2845 1517 3232 1586; x_wconf 88' lang='grc' dir='ltr'>ὑποκειμένου;</span> <span class='ocrx_word' id='word_1_588' title='bbox 3277 1518 3434 1572; x_wconf 79' lang='grc' dir='ltr'>Ἐστι</span> <span class='ocrx_word' id='word_1_589' title='bbox 3472 1510 3588 1592; x_wconf 77' lang='grc' dir='ltr'>γὰρ</span> <span class='ocrx_word' id='word_1_590' title='bbox 3619 1525 3683 1575; x_wconf 79' lang='grc' dir='ltr'>ἐκ</span> <span class='ocrx_word' id='word_1_591' title='bbox 3728 1525 3822 1576; x_wconf 88' lang='grc' dir='ltr'>τῶν</span> 
     </span>
    </p>
   </div>
   <div class='ocr_carea' id='block_1_72' title="bbox 2157 1595 3824 1671">
    <p class='ocr_par' dir='ltr' id='par_1_72' title="bbox 2157 1595 3824 1671">
     <span class='ocr_line' id='line_1_72' title="bbox 2157 1595 3824 1671; baseline 0.005 -24"><span class='ocrx_word' id='word_1_592' title='bbox 2157 1596 2278 1647; x_wconf 87' lang='grc' dir='ltr'>καθ’</span> <span class='ocrx_word' id='word_1_593' title='bbox 2329 1598 2477 1665; x_wconf 79' lang='grc' dir='ltr'>ἡμᾶς</span> <span class='ocrx_word' id='word_1_594' title='bbox 2526 1595 2715 1666; x_wconf 87' lang='grc' dir='ltr'>μαθεῖν</span> <span class='ocrx_word' id='word_1_595' title='bbox 2760 1596 2821 1648; x_wconf 82' lang='lat'>16</span> <span class='ocrx_word' id='word_1_596' title='bbox 2852 1596 2991 1665; x_wconf 84' lang='grc' dir='ltr'>ὑπὲρ</span> <span class='ocrx_word' id='word_1_597' title='bbox 3028 1598 3195 1666; x_wconf 80' lang='grc' dir='ltr'>ἡμᾶς.</span> <span class='ocrx_word' id='word_1_598' title='bbox 3248 1598 3358 1650; x_wconf 89' lang='lat' dir='ltr'>Kal</span> <span class='ocrx_word' id='word_1_599' title='bbox 3397 1599 3557 1653; x_wconf 83' lang='grc' dir='ltr'>κάλει</span> <span class='ocrx_word' id='word_1_600' title='bbox 3620 1620 3710 1671; x_wconf 88' lang='grc' dir='ltr'>μοι</span> <span class='ocrx_word' id='word_1_601' title='bbox 3756 1605 3824 1665; x_wconf 88' lang='grc' dir='ltr'>εἰς</span> 
     </span>
    </p>
   </div>
   <div class='ocr_carea' id='block_1_73' title="bbox 2162 1672 3823 1746">
    <p class='ocr_par' dir='ltr' id='par_1_73' title="bbox 2162 1672 3823 1746">
     <span class='ocr_line' id='line_1_73' title="bbox 2162 1672 3823 1746; baseline 0.005 -22"><span class='ocrx_word' id='word_1_602' title='bbox 2162 1672 2373 1736; x_wconf 87' lang='grc' dir='ltr'>εἰκόνας</span> <span class='ocrx_word' id='word_1_603' title='bbox 2402 1674 2508 1725; x_wconf 84' lang='grc' dir='ltr'>τῶν</span> <span class='ocrx_word' id='word_1_604' title='bbox 2544 1673 2847 1740; x_wconf 88' lang='grc' dir='ltr'>λεγομένων</span> <span class='ocrx_word' id='word_1_605' title='bbox 2874 1676 2999 1735; x_wconf 80' lang='grc' dir='ltr'>τοὺς</span> <span class='ocrx_word' id='word_1_606' title='bbox 3041 1674 3148 1726; x_wconf 88' lang='grc' dir='ltr'>τῶν</span> <span class='ocrx_word' id='word_1_607' title='bbox 3184 1674 3489 1746; x_wconf 75' lang='grc' dir='ltr'>ζωγράφων</span> <span class='ocrx_word' id='word_1_608' title='bbox 3538 1679 3755 1743; x_wconf 86' lang='grc' dir='ltr'>παῖδας,</span> <span class='ocrx_word' id='word_1_609' title='bbox 3780 1680 3823 1732; x_wconf 77' lang='grc' dir='ltr'>οἵ</span> 
     </span>
    </p>
   </div>
   <div class='ocr_carea' id='block_1_74' title="bbox 2163 1751 3823 1823">
    <p class='ocr_par' dir='ltr' id='par_1_74' title="bbox 2163 1751 3823 1823">
     <span class='ocr_line' id='line_1_74' title="bbox 2163 1751 3823 1823; baseline -0.002 -21"><span class='ocrx_word' id='word_1_610' title='bbox 2163 1752 2421 1813; x_wconf 82' lang='grc' dir='ltr'>πολλάκις</span> <span class='ocrx_word' id='word_1_611' title='bbox 2456 1753 2548 1804; x_wconf 79' lang='grc' dir='ltr'>καὶ</span> <span class='ocrx_word' id='word_1_612' title='bbox 2576 1753 2718 1820; x_wconf 88' lang='grc' dir='ltr'>φυτά</span> <span class='ocrx_word' id='word_1_613' title='bbox 2747 1753 2841 1803; x_wconf 82' lang='grc' dir='ltr'>καὶ</span> <span class='ocrx_word' id='word_1_614' title='bbox 2878 1751 3071 1821; x_wconf 86' lang='grc' dir='ltr'>δένδρα</span> <span class='ocrx_word' id='word_1_615' title='bbox 3102 1752 3197 1804; x_wconf 76' lang='grc' dir='ltr'>καὶ</span> <span class='ocrx_word' id='word_1_616' title='bbox 3236 1752 3504 1823; x_wconf 87' lang='grc' dir='ltr'>λειμῶνας</span> <span class='ocrx_word' id='word_1_617' title='bbox 3538 1759 3636 1809; x_wconf 71' lang='grc' dir='ltr'>καὶ</span> <span class='ocrx_word' id='word_1_618' title='bbox 3668 1775 3823 1811; x_wconf 73' lang='grc' dir='ltr'>ποτα-</span> 
     </span>
    </p>
   </div>
   <div class='ocr_carea' id='block_1_75' title="bbox 2168 1829 3826 1907">
    <p class='ocr_par' dir='ltr' id='par_1_75' title="bbox 2168 1829 3826 1907">
     <span class='ocr_line' id='line_1_75' title="bbox 2168 1829 3826 1907; baseline 0.006 -28"><span class='ocrx_word' id='word_1_619' title='bbox 2168 1829 2300 1897; x_wconf 73' lang='grc' dir='ltr'>μους</span> <span class='ocrx_word' id='word_1_620' title='bbox 2336 1829 2739 1898; x_wconf 81' lang='grc' dir='ltr'>ζωγραφοῦσιν.</span> <span class='ocrx_word' id='word_1_621' title='bbox 2760 1831 2852 1881; x_wconf 84' lang='grc' dir='ltr'>καὶ</span> <span class='ocrx_word' id='word_1_622' title='bbox 2880 1829 3097 1907; x_wconf 58' lang='grc' dir='ltr'>ἐπειδὰν</span> <span class='ocrx_word' id='word_1_623' title='bbox 3132 1831 3196 1899; x_wconf 82' lang='grc' dir='ltr'>δὴ</span> <span class='ocrx_word' id='word_1_624' title='bbox 3222 1831 3320 1901; x_wconf 79' lang='grc' dir='ltr'>τὴν</span> <span class='ocrx_word' id='word_1_625' title='bbox 3349 1833 3509 1901; x_wconf 82' lang='grc' dir='ltr'>φύσιν</span> <span class='ocrx_word' id='word_1_626' title='bbox 3542 1836 3826 1907; x_wconf 80' lang='grc' dir='ltr'>συνεργοῦ-</span> 
     </span>
    </p>
   </div>
   <div class='ocr_carea' id='block_1_76' title="bbox 2169 1906 3827 1984">
    <p class='ocr_par' dir='ltr' id='par_1_76' title="bbox 2169 1906 3827 1984">
     <span class='ocr_line' id='line_1_76' title="bbox 2169 1906 3827 1984; baseline 0.005 -27"><span class='ocrx_word' id='word_1_627' title='bbox 2169 1923 2266 1957; x_wconf 90' lang='grc' dir='ltr'>σαν</span> <span class='ocrx_word' id='word_1_628' title='bbox 2305 1907 2407 1957; x_wconf 78' lang='grc' dir='ltr'>ούκ</span> <span class='ocrx_word' id='word_1_629' title='bbox 2439 1908 2641 1975; x_wconf 78' lang='grc' dir='ltr'>ἔχουσι,</span> <span class='ocrx_word' id='word_1_630' title='bbox 2680 1906 2841 1978; x_wconf 79' lang='grc' dir='ltr'>τέχνη</span> <span class='ocrx_word' id='word_1_631' title='bbox 2871 1906 3145 1976; x_wconf 74' lang='grc' dir='ltr'>βιάζονται</span> <span class='ocrx_word' id='word_1_632' title='bbox 3167 1911 3233 1978; x_wconf 80' lang='grc' dir='ltr'>τῇ</span> <span class='ocrx_word' id='word_1_633' title='bbox 3258 1912 3450 1979; x_wconf 87' lang='grc' dir='ltr'>κράσει</span> <span class='ocrx_word' id='word_1_634' title='bbox 3474 1911 3591 1964; x_wconf 87' lang='grc' dir='ltr'>τῶν</span> <span class='ocrx_word' id='word_1_635' title='bbox 3623 1906 3827 1984; x_wconf 88' lang='grc' dir='ltr'>χρωμά-</span> 
     </span>
    </p>
   </div>
   <div class='ocr_carea' id='block_1_77' title="bbox 2162 1985 3827 2061">
    <p class='ocr_par' dir='ltr' id='par_1_77' title="bbox 2162 1985 3827 2061">
     <span class='ocr_line' id='line_1_77' title="bbox 2162 1985 3827 2061; baseline 0.005 -26"><span class='ocrx_word' id='word_1_636' title='bbox 2162 2000 2268 2035; x_wconf 86' lang='grc' dir='ltr'>των</span> <span class='ocrx_word' id='word_1_637' title='bbox 2294 1986 2390 2046; x_wconf 74' lang='grc' dir='ltr'>τὰς</span> <span class='ocrx_word' id='word_1_638' title='bbox 2416 1985 2523 2036; x_wconf 88' lang='grc' dir='ltr'>τῶν</span> <span class='ocrx_word' id='word_1_639' title='bbox 2554 1986 2895 2054; x_wconf 77' lang='grc' dir='ltr'>πραγμάτων</span> <span class='ocrx_word' id='word_1_640' title='bbox 2920 1987 3192 2057; x_wconf 79' lang='grc' dir='ltr'>παριστᾷν</span> <span class='ocrx_word' id='word_1_641' title='bbox 3217 1988 3451 2052; x_wconf 89' lang='grc' dir='ltr'>είκόνας.</span> <span class='ocrx_word' id='word_1_642' title='bbox 3481 1991 3708 2044; x_wconf 83' lang='grc' dir='ltr'>Ποιοῦσι</span> <span class='ocrx_word' id='word_1_643' title='bbox 3730 1993 3827 2061; x_wconf 81' lang='grc' dir='ltr'>γάρ</span> 
     </span>
    </p>
   </div>
   <div class='ocr_carea' id='block_1_78' title="bbox 2162 2062 3827 2138">
    <p class='ocr_par' dir='ltr' id='par_1_78' title="bbox 2162 2062 3827 2138">
     <span class='ocr_line' id='line_1_78' title="bbox 2162 2062 3827 2138; baseline 0.006 -25"><span class='ocrx_word' id='word_1_644' title='bbox 2162 2079 2297 2114; x_wconf 82' lang='grc' dir='ltr'>ποτα</span> <span class='ocrx_word' id='word_1_645' title='bbox 2306 2063 2425 2132; x_wconf 64' lang='grc' dir='ltr'>μὲν,</span> <span class='ocrx_word' id='word_1_646' title='bbox 2447 2064 2597 2133; x_wconf 88' lang='grc' dir='ltr'>παρά</span> <span class='ocrx_word' id='word_1_647' title='bbox 2620 2062 2876 2133; x_wconf 82' lang='grc' dir='ltr'>ποταμῶν</span> <span class='ocrx_word' id='word_1_648' title='bbox 2896 2062 2971 2133; x_wconf 76' lang='grc' dir='ltr'>μὴ</span> <span class='ocrx_word' id='word_1_649' title='bbox 2989 2063 3355 2135; x_wconf 75' lang='grc' dir='ltr'>δανειζόμενοι</span> <span class='ocrx_word' id='word_1_650' title='bbox 3378 2067 3597 2138; x_wconf 86' lang='grc' dir='ltr'>ῥεῖθρον</span> <span class='ocrx_word' id='word_1_651' title='bbox 3617 2085 3631 2098; x_wconf 90' lang='grc'>·</span> <span class='ocrx_word' id='word_1_652' title='bbox 3660 2069 3827 2122; x_wconf 65' lang='grc' dir='ltr'>ποιοῦν</span> 
     </span>
    </p>
   </div>
   <div class='ocr_carea' id='block_1_79' title="bbox 2167 2141 3828 2219">
    <p class='ocr_par' dir='ltr' id='par_1_79' title="bbox 2167 2141 3828 2219">
     <span class='ocr_line' id='line_1_79' title="bbox 2167 2141 3828 2219; baseline 0.005 -26"><span class='ocrx_word' id='word_1_653' title='bbox 2167 2159 2248 2193; x_wconf 90' lang='grc' dir='ltr'>σιν</span> <span class='ocrx_word' id='word_1_654' title='bbox 2270 2141 2573 2211; x_wconf 79' lang='grc' dir='ltr'>ἄνθρωπον,</span> <span class='ocrx_word' id='word_1_655' title='bbox 2602 2142 2770 2211; x_wconf 79' lang='grc' dir='ltr'>μηδὲν</span> <span class='ocrx_word' id='word_1_656' title='bbox 2796 2143 2945 2212; x_wconf 75' lang='grc' dir='ltr'>παρὰ</span> <span class='ocrx_word' id='word_1_657' title='bbox 2964 2146 3062 2213; x_wconf 82' lang='grc' dir='ltr'>τῆς</span> <span class='ocrx_word' id='word_1_658' title='bbox 3080 2144 3428 2215; x_wconf 82' lang='grc' dir='ltr'>ἀνθρωπίνης</span> <span class='ocrx_word' id='word_1_659' title='bbox 3461 2149 3828 2219; x_wconf 73' lang='grc' dir='ltr'>ἔρανιζόμενοι</span> 
     </span>
    </p>
   </div>
   <div class='ocr_carea' id='block_1_80' title="bbox 2163 2219 3829 2297">
    <p class='ocr_par' dir='ltr' id='par_1_80' title="bbox 2163 2219 3829 2297">
     <span class='ocr_line' id='line_1_80' title="bbox 2163 2219 3829 2297; baseline 0.004 -25"><span class='ocrx_word' id='word_1_660' title='bbox 2163 2223 2398 2287; x_wconf 79' lang='grc' dir='ltr'>φύσεως.</span> <span class='ocrx_word' id='word_1_661' title='bbox 2423 2222 2635 2292; x_wconf 82' lang='grc' dir='ltr'>’Ὠσπερ</span> <span class='ocrx_word' id='word_1_662' title='bbox 2656 2219 2748 2274; x_wconf 86' lang='grc' dir='ltr'>οὖν</span> <span class='ocrx_word' id='word_1_663' title='bbox 2777 2223 2826 2274; x_wconf 85' lang='grc' dir='ltr'>οἱ</span> <span class='ocrx_word' id='word_1_664' title='bbox 2852 2222 3131 2291; x_wconf 75' lang='grc' dir='ltr'>ζωγράφοι</span> <span class='ocrx_word' id='word_1_665' title='bbox 3159 2223 3248 2277; x_wconf 85' lang='grc' dir='ltr'>διά</span> <span class='ocrx_word' id='word_1_666' title='bbox 3273 2225 3383 2278; x_wconf 89' lang='grc' dir='ltr'>τῶν</span> <span class='ocrx_word' id='word_1_667' title='bbox 3410 2228 3722 2297; x_wconf 85' lang='grc' dir='ltr'>χρωμάτων</span> <span class='ocrx_word' id='word_1_668' title='bbox 3741 2227 3829 2280; x_wconf 80' lang='grc' dir='ltr'>καὶ</span> 
     </span>
    </p>
   </div>
   <div class='ocr_carea' id='block_1_81' title="bbox 2158 2299 3827 2375">
    <p class='ocr_par' dir='ltr' id='par_1_81' title="bbox 2158 2299 3827 2375">
     <span class='ocr_line' id='line_1_81' title="bbox 2158 2299 3827 2375; baseline 0.001 -22"><span class='ocrx_word' id='word_1_669' title='bbox 2158 2299 2445 2369; x_wconf 77' lang='grc' dir='ltr'>ἄνθρωπον</span> <span class='ocrx_word' id='word_1_670' title='bbox 2475 2300 2569 2352; x_wconf 83' lang='grc' dir='ltr'>καὶ</span> <span class='ocrx_word' id='word_1_671' title='bbox 2602 2299 2784 2370; x_wconf 75' lang='grc' dir='ltr'>πηγὴν</span> <span class='ocrx_word' id='word_1_672' title='bbox 2832 2300 2927 2353; x_wconf 82' lang='grc' dir='ltr'>καὶ</span> <span class='ocrx_word' id='word_1_673' title='bbox 2973 2301 3218 2371; x_wconf 79' lang='grc' dir='ltr'>ποταμὸν</span> <span class='ocrx_word' id='word_1_674' title='bbox 3247 2300 3600 2371; x_wconf 78' lang='grc' dir='ltr'>ζωγραφοῦσι</span> <span class='ocrx_word' id='word_1_675' title='bbox 3621 2344 3636 2369; x_wconf 92' lang='grc'>,</span> <span class='ocrx_word' id='word_1_676' title='bbox 3673 2306 3827 2375; x_wconf 84' lang='grc' dir='ltr'>μηδὲν</span> 
     </span>
    </p>
   </div>
   <div class='ocr_carea' id='block_1_82' title="bbox 2164 2376 3827 2450">
    <p class='ocr_par' dir='ltr' id='par_1_82' title="bbox 2164 2376 3827 2450">
     <span class='ocr_line' id='line_1_82' title="bbox 2164 2376 3827 2450; baseline 0.003 -22"><span class='ocrx_word' id='word_1_677' title='bbox 2164 2378 2315 2448; x_wconf 81' lang='grc' dir='ltr'>παρὰ</span> <span class='ocrx_word' id='word_1_678' title='bbox 2349 2378 2533 2446; x_wconf 82' lang='grc' dir='ltr'>πηγῆς</span> <span class='ocrx_word' id='word_1_679' title='bbox 2565 2376 2597 2446; x_wconf 78' lang='grc' dir='ltr'>ἢ</span> <span class='ocrx_word' id='word_1_680' title='bbox 2641 2376 2884 2447; x_wconf 88' lang='grc' dir='ltr'>ποταμοῦ</span> <span class='ocrx_word' id='word_1_681' title='bbox 2912 2377 2945 2448; x_wconf 82' lang='grc' dir='ltr'>ἢ</span> <span class='ocrx_word' id='word_1_682' title='bbox 2978 2377 3269 2448; x_wconf 60' lang='grc' dir='ltr'>άνθριίέπου</span> <span class='ocrx_word' id='word_1_683' title='bbox 3303 2380 3710 2450; x_wconf 88' lang='grc' dir='ltr'>λαμϐάνοντες·</span> <span class='ocrx_word' id='word_1_684' title='bbox 3743 2383 3827 2435; x_wconf 78' lang='grc' dir='ltr'>τὸν</span> 
     </span>
    </p>
   </div>
   <div class='ocr_carea' id='block_1_83' title="bbox 2167 2454 3822 2532">
    <p class='ocr_par' dir='ltr' id='par_1_83' title="bbox 2167 2454 3822 2532">
     <span class='ocr_line' id='line_1_83' title="bbox 2167 2454 3822 2532; baseline 0.005 -27"><span class='ocrx_word' id='word_1_685' title='bbox 2167 2454 2329 2532; x_wconf 81' lang='grc' dir='ltr'>αὑτὸν</span> <span class='ocrx_word' id='word_1_686' title='bbox 2355 2456 2556 2527; x_wconf 86' lang='grc' dir='ltr'>τρόπον</span> <span class='ocrx_word' id='word_1_687' title='bbox 2586 2456 2678 2509; x_wconf 77' lang='grc' dir='ltr'>καὶ</span> <span class='ocrx_word' id='word_1_688' title='bbox 2700 2455 2760 2507; x_wconf 83' lang='lat'>16</span> <span class='ocrx_word' id='word_1_689' title='bbox 2778 2454 3004 2525; x_wconf 90' lang='grc' dir='ltr'>Πνεῦμα</span> <span class='ocrx_word' id='word_1_690' title='bbox 3029 2457 3091 2510; x_wconf 89' lang='lat'>16</span> <span class='ocrx_word' id='word_1_691' title='bbox 3117 2457 3272 2526; x_wconf 82' lang='grc' dir='ltr'>ἆγιον</span> <span class='ocrx_word' id='word_1_692' title='bbox 3302 2458 3361 2509; x_wconf 85' lang='grc' dir='ltr'>ἔν</span> <span class='ocrx_word' id='word_1_693' title='bbox 3388 2461 3455 2529; x_wconf 84' lang='grc' dir='ltr'>τῇ</span> <span class='ocrx_word' id='word_1_694' title='bbox 3479 2460 3740 2532; x_wconf 83' lang='grc' dir='ltr'>Παρθένῳ</span> <span class='ocrx_word' id='word_1_695' title='bbox 3766 2462 3822 2514; x_wconf 89' lang='grc' dir='ltr'>ού</span> 
     </span>
    </p>
   </div>
   <div class='ocr_carea' id='block_1_84' title="bbox 2167 2530 3823 2609">
    <p class='ocr_par' dir='ltr' id='par_1_84' title="bbox 2167 2530 3823 2609">
     <span class='ocr_line' id='line_1_84' title="bbox 2167 2530 3823 2609; baseline 0.005 -26"><span class='ocrx_word' id='word_1_696' title='bbox 2167 2530 2469 2601; x_wconf 88' lang='grc' dir='ltr'>χρώμασιν,</span> <span class='ocrx_word' id='word_1_697' title='bbox 2490 2532 2624 2585; x_wconf 84' lang='grc' dir='ltr'>ἀλλὰ</span> <span class='ocrx_word' id='word_1_698' title='bbox 2646 2532 2807 2603; x_wconf 80' lang='grc' dir='ltr'>βουλῇ</span> <span class='ocrx_word' id='word_1_699' title='bbox 2834 2533 3074 2603; x_wconf 71' lang='grc' dir='ltr'>ἔμψυχον</span> <span class='ocrx_word' id='word_1_700' title='bbox 3100 2534 3504 2589; x_wconf 85' lang='grc' dir='ltr'>κατεσκεύασεν</span> <span class='ocrx_word' id='word_1_701' title='bbox 3526 2530 3823 2609; x_wconf 73' lang='grc' dir='ltr'>ἄνθρωπον,</span> 
     </span>
    </p>
   </div>
   <div class='ocr_carea' id='block_1_85' title="bbox 2169 2610 3824 2687">
    <p class='ocr_par' dir='ltr' id='par_1_85' title="bbox 2169 2610 3824 2687">
     <span class='ocr_line' id='line_1_85' title="bbox 2169 2610 3824 2687; baseline 0.005 -25"><span class='ocrx_word' id='word_1_702' title='bbox 2169 2610 2318 2679; x_wconf 85' lang='grc' dir='ltr'>παρά</span> <span class='ocrx_word' id='word_1_703' title='bbox 2350 2610 2448 2680; x_wconf 84' lang='grc' dir='ltr'>τῆς</span> <span class='ocrx_word' id='word_1_704' title='bbox 2482 2610 2825 2682; x_wconf 86' lang='grc' dir='ltr'>ἀνθρωπίνης</span> <span class='ocrx_word' id='word_1_705' title='bbox 2852 2610 3066 2681; x_wconf 85' lang='grc' dir='ltr'>φύσεως</span> <span class='ocrx_word' id='word_1_706' title='bbox 3093 2613 3169 2682; x_wconf 83' lang='grc' dir='ltr'>μὴ</span> <span class='ocrx_word' id='word_1_707' title='bbox 3191 2613 3587 2684; x_wconf 80' lang='grc' dir='ltr'>ἔρανισάμενος</span> <span class='ocrx_word' id='word_1_708' title='bbox 3618 2617 3824 2687; x_wconf 85' lang='grc' dir='ltr'>σπέρμα</span> 
     </span>
    </p>
   </div>
   <div class='ocr_carea' id='block_1_86' title="bbox 2169 2688 3822 2762">
    <p class='ocr_par' dir='ltr' id='par_1_86' title="bbox 2169 2688 3822 2762">
     <span class='ocr_line' id='line_1_86' title="bbox 2169 2688 3822 2762; baseline 0.005 -22"><span class='ocrx_word' id='word_1_709' title='bbox 2169 2690 2248 2750; x_wconf 88' lang='grc' dir='ltr'>είς</span> <span class='ocrx_word' id='word_1_710' title='bbox 2279 2688 2536 2743; x_wconf 89' lang='grc' dir='ltr'>σύστασιν</span> <span class='ocrx_word' id='word_1_711' title='bbox 2566 2690 2658 2742; x_wconf 93' lang='grc' dir='ltr'>τοῦ</span> <span class='ocrx_word' id='word_1_712' title='bbox 2688 2690 3078 2761; x_wconf 88' lang='grc' dir='ltr'>πλαττομένου.</span> <span class='ocrx_word' id='word_1_713' title='bbox 3116 2693 3173 2745; x_wconf 84' lang='lat'>&#39;0</span> <span class='ocrx_word' id='word_1_714' title='bbox 3200 2692 3332 2755; x_wconf 84' lang='grc' dir='ltr'>Θεὸς</span> <span class='ocrx_word' id='word_1_715' title='bbox 3361 2693 3493 2762; x_wconf 81' lang='grc' dir='ltr'>χοῦν</span> <span class='ocrx_word' id='word_1_716' title='bbox 3522 2694 3702 2748; x_wconf 86' lang='grc' dir='ltr'>λαϐὼν</span> <span class='ocrx_word' id='word_1_717' title='bbox 3727 2694 3822 2747; x_wconf 80' lang='grc' dir='ltr'>ἀπὸ</span> 
     </span>
    </p>
   </div>
   <div class='ocr_carea' id='block_1_87' title="bbox 2169 2768 3822 2844">
    <p class='ocr_par' dir='ltr' id='par_1_87' title="bbox 2169 2768 3822 2844">
     <span class='ocr_line' id='line_1_87' title="bbox 2169 2768 3822 2844; baseline 0.005 -26"><span class='ocrx_word' id='word_1_718' title='bbox 2169 2768 2268 2836; x_wconf 79' lang='grc' dir='ltr'>τῆς</span> <span class='ocrx_word' id='word_1_719' title='bbox 2300 2769 2424 2836; x_wconf 79' lang='grc' dir='ltr'>γῆς,</span> <span class='ocrx_word' id='word_1_720' title='bbox 2473 2769 2534 2821; x_wconf 87' lang='grc' dir='ltr'>οὑ</span> <span class='ocrx_word' id='word_1_721' title='bbox 2585 2770 2772 2841; x_wconf 83' lang='grc' dir='ltr'>χερσὶν</span> <span class='ocrx_word' id='word_1_722' title='bbox 2815 2768 3183 2842; x_wconf 83' lang='grc' dir='ltr'>ἀνθρωπίναις</span> <span class='ocrx_word' id='word_1_723' title='bbox 3223 2770 3556 2838; x_wconf 82' lang='grc' dir='ltr'>(ἀσύνθετος</span> <span class='ocrx_word' id='word_1_724' title='bbox 3604 2774 3709 2844; x_wconf 78' lang='grc' dir='ltr'>γὰρ</span> <span class='ocrx_word' id='word_1_725' title='bbox 3735 2773 3822 2842; x_wconf 79' lang='grc' dir='ltr'>τῆς</span> 
     </span>
    </p>
   </div>
   <div class='ocr_carea' id='block_1_88' title="bbox 2173 2843 3819 2922">
    <p class='ocr_par' dir='ltr' id='par_1_88' title="bbox 2173 2843 3819 2922">
     <span class='ocr_line' id='line_1_88' title="bbox 2173 2843 3819 2922; baseline 0.007 -26"><span class='ocrx_word' id='word_1_726' title='bbox 2173 2843 2423 2915; x_wconf 89' lang='grc' dir='ltr'>θεότητος</span> <span class='ocrx_word' id='word_1_727' title='bbox 2452 2847 2486 2914; x_wconf 87' lang='grc' dir='ltr'>ή</span> <span class='ocrx_word' id='word_1_728' title='bbox 2518 2847 2711 2914; x_wconf 84' lang='grc' dir='ltr'>φύσις)</span> <span class='ocrx_word' id='word_1_729' title='bbox 2756 2846 2848 2900; x_wconf 84' lang='grc' dir='ltr'>τὸν</span> <span class='ocrx_word' id='word_1_730' title='bbox 2886 2848 3057 2919; x_wconf 82' lang='grc' dir='ltr'>Ἀδὰμ</span> <span class='ocrx_word' id='word_1_731' title='bbox 3098 2848 3420 2918; x_wconf 83' lang='grc' dir='ltr'>ἔμόρφωσεν</span> <span class='ocrx_word' id='word_1_732' title='bbox 3460 2853 3538 2915; x_wconf 88' lang='grc' dir='ltr'>ὼς</span> <span class='ocrx_word' id='word_1_733' title='bbox 3570 2843 3819 2922; x_wconf 80' lang='grc' dir='ltr'>ἠθέλησε·</span> 
     </span>
    </p>
   </div>
   <div class='ocr_carea' id='block_1_89' title="bbox 2168 2922 3826 3003">
    <p class='ocr_par' dir='ltr' id='par_1_89' title="bbox 2168 2922 3826 3003">
     <span class='ocr_line' id='line_1_89' title="bbox 2168 2922 3826 3003; baseline 0.008 -29"><span class='ocrx_word' id='word_1_734' title='bbox 2168 2922 2228 2975; x_wconf 89' lang='lat'>16</span> <span class='ocrx_word' id='word_1_735' title='bbox 2255 2922 2558 3003; x_wconf 31' lang='grc' dir='ltr'>δὲᾹΠνεῦμα</span> <span class='ocrx_word' id='word_1_736' title='bbox 2586 2924 2648 2976; x_wconf 90' lang='lat'>16</span> <span class='ocrx_word' id='word_1_737' title='bbox 2679 2924 2833 3003; x_wconf 75' lang='grc' dir='ltr'>άγιον</span> <span class='ocrx_word' id='word_1_738' title='bbox 2857 2926 2918 2979; x_wconf 88' lang='grc' dir='ltr'>οὑ</span> <span class='ocrx_word' id='word_1_739' title='bbox 2948 2928 3076 2996; x_wconf 86' lang='grc' dir='ltr'>χοῦν</span> <span class='ocrx_word' id='word_1_740' title='bbox 3110 2928 3321 2990; x_wconf 84' lang='grc' dir='ltr'>ἔλαϐεν,</span> <span class='ocrx_word' id='word_1_741' title='bbox 3349 2929 3411 2982; x_wconf 87' lang='grc' dir='ltr'>οὑ</span> <span class='ocrx_word' id='word_1_742' title='bbox 3442 2932 3659 3003; x_wconf 84' lang='grc' dir='ltr'>φυσικῷ</span> <span class='ocrx_word' id='word_1_743' title='bbox 3687 2933 3826 3001; x_wconf 72' lang='grc' dir='ltr'>νόμῳ</span> 
     </span>
    </p>
   </div>
   <div class='ocr_carea' id='block_1_90' title="bbox 2169 3000 3820 3079">
    <p class='ocr_par' dir='ltr' id='par_1_90' title="bbox 2169 3000 3820 3079">
     <span class='ocr_line' id='line_1_90' title="bbox 2169 3000 3820 3079; baseline 0.005 -27"><span class='ocrx_word' id='word_1_744' title='bbox 2169 3000 2572 3079; x_wconf 78' lang='grc' dir='ltr'>καταϐληθῆναι</span> <span class='ocrx_word' id='word_1_745' title='bbox 2604 3001 2825 3073; x_wconf 81' lang='grc' dir='ltr'>σπέρμα</span> <span class='ocrx_word' id='word_1_746' title='bbox 2870 3004 3267 3077; x_wconf 88' lang='grc' dir='ltr'>συνεχώρησεν,</span> <span class='ocrx_word' id='word_1_747' title='bbox 3340 3007 3480 3062; x_wconf 84' lang='grc' dir='ltr'>ἀλλά</span> <span class='ocrx_word' id='word_1_748' title='bbox 3535 3000 3696 3079; x_wconf 78' lang='grc' dir='ltr'>μόνον</span> <span class='ocrx_word' id='word_1_749' title='bbox 3734 3000 3820 3062; x_wconf 80' lang='grc' dir='ltr'>έπ-</span> 
     </span>
    </p>
   </div>
   <div class='ocr_carea' id='block_1_91' title="bbox 2169 3077 3819 3159">
    <p class='ocr_par' dir='ltr' id='par_1_91' title="bbox 2169 3077 3819 3159">
     <span class='ocr_line' id='line_1_91' title="bbox 2169 3077 3819 3159; baseline 0.007 -31"><span class='ocrx_word' id='word_1_750' title='bbox 2169 3077 2519 3159; x_wconf 15' lang='grc' dir='ltr'>έλαμψε,ᾲκαὶ</span> <span class='ocrx_word' id='word_1_751' title='bbox 2544 3080 2709 3159; x_wconf 78' lang='grc' dir='ltr'>ὀστέα</span> <span class='ocrx_word' id='word_1_752' title='bbox 2734 3081 2922 3151; x_wconf 87' lang='grc' dir='ltr'>ἔπηξε,</span> <span class='ocrx_word' id='word_1_753' title='bbox 2956 3085 3049 3136; x_wconf 76' lang='grc' dir='ltr'>καὶ</span> <span class='ocrx_word' id='word_1_754' title='bbox 3072 3084 3239 3156; x_wconf 87' lang='grc' dir='ltr'>νεῦρα</span> <span class='ocrx_word' id='word_1_755' title='bbox 3250 3085 3441 3153; x_wconf 85' lang='grc' dir='ltr'>ἔτεινε,</span> <span class='ocrx_word' id='word_1_756' title='bbox 3473 3077 3567 3141; x_wconf 80' lang='grc' dir='ltr'>καὶ</span> <span class='ocrx_word' id='word_1_757' title='bbox 3600 3091 3719 3159; x_wconf 90' lang='grc' dir='ltr'>ῥῖνα</span> <span class='ocrx_word' id='word_1_758' title='bbox 3740 3089 3819 3141; x_wconf 81' lang='grc' dir='ltr'>καὶ</span> 
     </span>
    </p>
   </div>
   <div class='ocr_carea' id='block_1_92' title="bbox 2169 3152 3821 3237">
    <p class='ocr_par' dir='ltr' id='par_1_92' title="bbox 2169 3152 3821 3237">
     <span class='ocr_line' id='line_1_92' title="bbox 2169 3152 3821 3237; baseline 0.007 -28"><span class='ocrx_word' id='word_1_759' title='bbox 2169 3152 2305 3237; x_wconf 77' lang='grc' dir='ltr'>ὦτα,</span> <span class='ocrx_word' id='word_1_760' title='bbox 2328 3157 2638 3237; x_wconf 72' lang='grc' dir='ltr'>ὀφθαλμούς</span> <span class='ocrx_word' id='word_1_761' title='bbox 2659 3176 2719 3212; x_wconf 90' lang='grc' dir='ltr'>τε</span> <span class='ocrx_word' id='word_1_762' title='bbox 2742 3162 2836 3214; x_wconf 80' lang='grc' dir='ltr'>καὶ</span> <span class='ocrx_word' id='word_1_763' title='bbox 2855 3161 3098 3231; x_wconf 87' lang='grc' dir='ltr'>γλῶτταν</span> <span class='ocrx_word' id='word_1_764' title='bbox 3123 3152 3311 3234; x_wconf 80' lang='grc' dir='ltr'>χεῖρας</span> <span class='ocrx_word' id='word_1_765' title='bbox 3331 3166 3426 3218; x_wconf 76' lang='grc' dir='ltr'>καὶ</span> <span class='ocrx_word' id='word_1_766' title='bbox 3447 3152 3638 3231; x_wconf 77' lang='grc' dir='ltr'>πόδας,</span> <span class='ocrx_word' id='word_1_767' title='bbox 3660 3166 3821 3237; x_wconf 78' lang='grc' dir='ltr'>ψυχὴν</span> 
     </span>
    </p>
   </div>
   <div class='ocr_carea' id='block_1_93' title="bbox 2174 3233 3821 3315">
    <p class='ocr_par' dir='ltr' id='par_1_93' title="bbox 2174 3233 3821 3315">
     <span class='ocr_line' id='line_1_93' title="bbox 2174 3233 3821 3315; baseline 0.007 -28"><span class='ocrx_word' id='word_1_768' title='bbox 2174 3235 2277 3315; x_wconf 53' lang='grc' dir='ltr'>καί</span> <span class='ocrx_word' id='word_1_769' title='bbox 2311 3233 2435 3287; x_wconf 90' lang='grc' dir='ltr'>νοῦν</span> <span class='ocrx_word' id='word_1_770' title='bbox 2459 3236 2553 3315; x_wconf 70' lang='grc' dir='ltr'>καί</span> <span class='ocrx_word' id='word_1_771' title='bbox 2587 3234 2845 3308; x_wconf 72' lang='grc' dir='ltr'>λογισμὸν</span> <span class='ocrx_word' id='word_1_772' title='bbox 2886 3240 2981 3293; x_wconf 74' lang='grc' dir='ltr'>καὶ</span> <span class='ocrx_word' id='word_1_773' title='bbox 3007 3233 3161 3309; x_wconf 87' lang='grc' dir='ltr'>λόγον</span> <span class='ocrx_word' id='word_1_774' title='bbox 3201 3233 3591 3313; x_wconf 85' lang='grc' dir='ltr'>συνεστήσατο,</span> <span class='ocrx_word' id='word_1_775' title='bbox 3625 3233 3821 3315; x_wconf 59' lang='grc' dir='ltr'>κάνμή</span> 
     </span>
    </p>
   </div>
   <div class='ocr_carea' id='block_1_94' title="bbox 2172 3312 3821 3393">
    <p class='ocr_par' dir='ltr' id='par_1_94' title="bbox 2172 3312 3821 3393">
     <span class='ocr_line' id='line_1_94' title="bbox 2172 3312 3821 3393; baseline 0.007 -30"><span class='ocrx_word' id='word_1_776' title='bbox 2172 3312 2467 3393; x_wconf 83' lang='grc' dir='ltr'>βούλωνται</span> <span class='ocrx_word' id='word_1_777' title='bbox 2504 3314 2553 3365; x_wconf 91' lang='grc' dir='ltr'>οἱ</span> <span class='ocrx_word' id='word_1_778' title='bbox 2587 3316 2877 3384; x_wconf 90' lang='grc' dir='ltr'>αἰρετικῶν</span> <span class='ocrx_word' id='word_1_779' title='bbox 2910 3318 3117 3382; x_wconf 87' lang='grc' dir='ltr'>παῖδες.</span> <span class='ocrx_word' id='word_1_780' title='bbox 3157 3320 3368 3391; x_wconf 82' lang='grc' dir='ltr'>Ὠσπερ</span> <span class='ocrx_word' id='word_1_781' title='bbox 3398 3312 3508 3393; x_wconf 85' lang='grc' dir='ltr'>γάρ</span> <span class='ocrx_word' id='word_1_782' title='bbox 3536 3323 3589 3375; x_wconf 82' lang='grc' dir='ltr'>οῖ</span> <span class='ocrx_word' id='word_1_783' title='bbox 3617 3327 3674 3377; x_wconf 76' lang='grc' dir='ltr'>ὲν</span> <span class='ocrx_word' id='word_1_784' title='bbox 3706 3312 3821 3377; x_wconf 39' lang='grc' dir='ltr'>κατε</span> 
     </span>
    </p>
   </div>
   <div class='ocr_carea' id='block_1_95' title="bbox 2170 3391 3822 3473">
    <p class='ocr_par' dir='ltr' id='par_1_95' title="bbox 2170 3391 3822 3473">
     <span class='ocr_line' id='line_1_95' title="bbox 2170 3391 3822 3473; baseline 0.007 -31"><span class='ocrx_word' id='word_1_785' title='bbox 2170 3391 2355 3473; x_wconf 73' lang='grc' dir='ltr'>ὀπτριρ</span> <span class='ocrx_word' id='word_1_786' title='bbox 2378 3392 2744 3473; x_wconf 82' lang='grc' dir='ltr'>ὲγκύπτοντες</span> <span class='ocrx_word' id='word_1_787' title='bbox 2772 3395 2958 3451; x_wconf 87' lang='grc' dir='ltr'>εἰκόνα</span> <span class='ocrx_word' id='word_1_788' title='bbox 2984 3398 3439 3470; x_wconf 79' lang='grc' dir='ltr'>ἀντεγειρομένην</span> <span class='ocrx_word' id='word_1_789' title='bbox 3468 3391 3648 3455; x_wconf 83' lang='grc' dir='ltr'>αὐτῶν</span> <span class='ocrx_word' id='word_1_790' title='bbox 3669 3402 3822 3473; x_wconf 85' lang='grc' dir='ltr'>ὁρῶσι</span> 
     </span>
    </p>
   </div>
   <div class='ocr_carea' id='block_1_96' title="bbox 2168 3468 3822 3545">
    <p class='ocr_par' dir='ltr' id='par_1_96' title="bbox 2168 3468 3822 3545">
     <span class='ocr_line' id='line_1_96' title="bbox 2168 3468 3822 3545; baseline 0.009 -26"><span class='ocrx_word' id='word_1_791' title='bbox 2168 3472 2236 3539; x_wconf 81' lang='grc' dir='ltr'>τῇ</span> <span class='ocrx_word' id='word_1_792' title='bbox 2271 3468 2390 3537; x_wconf 75' lang='grc' dir='ltr'>ὕψει</span> <span class='ocrx_word' id='word_1_793' title='bbox 2413 3472 2476 3522; x_wconf 81' lang='grc' dir='ltr'>ὲκ</span> <span class='ocrx_word' id='word_1_794' title='bbox 2498 3474 2594 3542; x_wconf 79' lang='grc' dir='ltr'>τῆς</span> <span class='ocrx_word' id='word_1_795' title='bbox 2625 3473 2874 3543; x_wconf 86' lang='grc' dir='ltr'>ἀμόρφου</span> <span class='ocrx_word' id='word_1_796' title='bbox 2907 3474 3058 3545; x_wconf 86' lang='grc' dir='ltr'>ῦλης,</span> <span class='ocrx_word' id='word_1_797' title='bbox 3087 3468 3533 3545; x_wconf 18' lang='grc' dir='ltr'>εἰκόναίγελῶσαν</span> <span class='ocrx_word' id='word_1_798' title='bbox 3556 3468 3822 3545; x_wconf 79' lang='grc' dir='ltr'>πολλάκις,</span> 
     </span>
    </p>
   </div>
   <div class='ocr_carea' id='block_1_97' title="bbox 2172 3546 3822 3629">
    <p class='ocr_par' dir='ltr' id='par_1_97' title="bbox 2172 3546 3822 3629">
     <span class='ocr_line' id='line_1_97' title="bbox 2172 3546 3822 3629; baseline 0.007 -29"><span class='ocrx_word' id='word_1_799' title='bbox 2172 3548 2263 3600; x_wconf 78' lang='grc' dir='ltr'>καὶ</span> <span class='ocrx_word' id='word_1_800' title='bbox 2294 3546 2617 3629; x_wconf 77' lang='grc' dir='ltr'>κλαίουσαν,</span> <span class='ocrx_word' id='word_1_801' title='bbox 2658 3552 2981 3629; x_wconf 86' lang='grc' dir='ltr'>κινουμένην</span> <span class='ocrx_word' id='word_1_802' title='bbox 3008 3570 3069 3605; x_wconf 91' lang='grc' dir='ltr'>τε</span> <span class='ocrx_word' id='word_1_803' title='bbox 3103 3556 3198 3608; x_wconf 79' lang='grc' dir='ltr'>καὶ</span> <span class='ocrx_word' id='word_1_804' title='bbox 3239 3555 3595 3627; x_wconf 66' lang='grc' dir='ltr'>πολυτρόπως</span> <span class='ocrx_word' id='word_1_805' title='bbox 3636 3575 3822 3629; x_wconf 86' lang='grc' dir='ltr'>μετερ-</span> 
     </span>
    </p>
   </div>
   <div class='ocr_carea' id='block_1_98' title="bbox 2171 3626 3821 3708">
    <p class='ocr_par' dir='ltr' id='par_1_98' title="bbox 2171 3626 3821 3708">
     <span class='ocr_line' id='line_1_98' title="bbox 2171 3626 3821 3708; baseline 0.009 -30"><span class='ocrx_word' id='word_1_806' title='bbox 2171 3626 2571 3708; x_wconf 48' lang='grc' dir='ltr'>χομένην,-κα“ι</span> <span class='ocrx_word' id='word_1_807' title='bbox 2626 3629 2743 3708; x_wconf 75' lang='grc' dir='ltr'>τῆς</span> <span class='ocrx_word' id='word_1_808' title='bbox 2775 3628 2955 3701; x_wconf 81' lang='grc' dir='ltr'>ζώσης</span> <span class='ocrx_word' id='word_1_809' title='bbox 2984 3633 3197 3704; x_wconf 83' lang='grc' dir='ltr'>μορφῆς</span> <span class='ocrx_word' id='word_1_810' title='bbox 3224 3635 3293 3688; x_wconf 83' lang='grc' dir='ltr'>τά</span> <span class='ocrx_word' id='word_1_811' title='bbox 3334 3626 3590 3707; x_wconf 91' lang='grc' dir='ltr'>σχήματα</span> <span class='ocrx_word' id='word_1_812' title='bbox 3634 3626 3821 3708; x_wconf 72' lang='grc' dir='ltr'>μιμοῦ·</span> 
     </span>
    </p>
   </div>
   <div class='ocr_carea' id='block_1_99' title="bbox 2173 3702 3824 3786">
    <p class='ocr_par' dir='ltr' id='par_1_99' title="bbox 2173 3702 3824 3786">
     <span class='ocr_line' id='line_1_99' title="bbox 2173 3702 3824 3786; baseline 0.008 -33"><span class='ocrx_word' id='word_1_813' title='bbox 2173 3704 2372 3786; x_wconf 83' lang='grc' dir='ltr'>μένην·</span> <span class='ocrx_word' id='word_1_814' title='bbox 2403 3702 2546 3786; x_wconf 68' lang='grc' dir='ltr'>οῦτω</span> <span class='ocrx_word' id='word_1_815' title='bbox 2581 3706 2673 3786; x_wconf 75' lang='grc' dir='ltr'>καὶ</span> <span class='ocrx_word' id='word_1_816' title='bbox 2698 3706 2761 3758; x_wconf 92' lang='lat'>16</span> <span class='ocrx_word' id='word_1_817' title='bbox 2792 3709 3029 3786; x_wconf 63' lang='lat' dir='ltr'>ﬂveﬁpa</span> <span class='ocrx_word' id='word_1_818' title='bbox 3054 3702 3117 3764; x_wconf 80' lang='grc' dir='ltr'>τὸ</span> <span class='ocrx_word' id='word_1_819' title='bbox 3147 3702 3300 3780; x_wconf 78' lang='grc' dir='ltr'>άγιον</span> <span class='ocrx_word' id='word_1_820' title='bbox 3337 3702 3400 3767; x_wconf 65' lang='grc' dir='ltr'>ἐν</span> <span class='ocrx_word' id='word_1_821' title='bbox 3424 3702 3661 3786; x_wconf 63' lang='grc' dir='ltr'>’καθαρῷ</span> <span class='ocrx_word' id='word_1_822' title='bbox 3699 3702 3824 3769; x_wconf 67' lang='grc' dir='ltr'>κατα</span> 
     </span>
    </p>
   </div>
   <div class='ocr_carea' id='block_1_100' title="bbox 2169 3780 3825 3863">
    <p class='ocr_par' dir='ltr' id='par_1_100' title="bbox 2169 3780 3825 3863">
     <span class='ocr_line' id='line_1_100' title="bbox 2169 3780 3825 3863; baseline 0.009 -31"><span class='ocrx_word' id='word_1_823' title='bbox 2169 3780 2473 3863; x_wconf 34' lang='grc' dir='ltr'>όπτρῳ,.τῷ</span> <span class='ocrx_word' id='word_1_824' title='bbox 2494 3782 2719 3863; x_wconf 71' lang='grc' dir='ltr'>ἀσπίλιμ</span> <span class='ocrx_word' id='word_1_825' title='bbox 2736 3784 2948 3855; x_wconf 84' lang='grc' dir='ltr'>σώματι</span> <span class='ocrx_word' id='word_1_826' title='bbox 2969 3787 3068 3858; x_wconf 83' lang='grc' dir='ltr'>τῆς</span> <span class='ocrx_word' id='word_1_827' title='bbox 3085 3789 3361 3860; x_wconf 85' lang='grc' dir='ltr'>Παρθένου</span> <span class='ocrx_word' id='word_1_828' title='bbox 3379 3780 3610 3863; x_wconf 56' lang='grc' dir='ltr'>ἔλαμψε,</span> <span class='ocrx_word' id='word_1_829' title='bbox 3628 3780 3825 3847; x_wconf 80' lang='grc' dir='ltr'>τέλειον</span> 
     </span>
    </p>
   </div>
   <div class='ocr_carea' id='block_1_101' title="bbox 2169 3858 3826 3943">
    <p class='ocr_par' dir='ltr' id='par_1_101' title="bbox 2169 3858 3826 3943">
     <span class='ocr_line' id='line_1_101' title="bbox 2169 3858 3826 3943; baseline 0.009 -33"><span class='ocrx_word' id='word_1_830' title='bbox 2169 3858 2596 3943; x_wconf 73' lang='grc' dir='ltr'>ἐδημιούργησεν</span> <span class='ocrx_word' id='word_1_831' title='bbox 2634 3860 2919 3943; x_wconf 74' lang='grc' dir='ltr'>ἄνθρωπον</span> <span class='ocrx_word' id='word_1_832' title='bbox 2957 3864 3030 3943; x_wconf 11' lang='grc' dir='ltr'>οὑξ</span> <span class='ocrx_word' id='word_1_833' title='bbox 3054 3858 3212 3943; x_wconf 72' lang='grc' dir='ltr'>νόμω</span> <span class='ocrx_word' id='word_1_834' title='bbox 3246 3858 3494 3936; x_wconf 67' lang='grc' dir='ltr'>φύσεως,</span> <span class='ocrx_word' id='word_1_835' title='bbox 3534 3858 3596 3922; x_wconf 82' lang='grc' dir='ltr'>οὑ</span> <span class='ocrx_word' id='word_1_836' title='bbox 3636 3872 3826 3943; x_wconf 81' lang='grc' dir='ltr'>χρόνῳ,</span> 
     </span>
    </p>
   </div>
   <div class='ocr_carea' id='block_1_102' title="bbox 2174 3937 3826 4020">
    <p class='ocr_par' dir='ltr' id='par_1_102' title="bbox 2174 3937 3826 4020">
     <span class='ocr_line' id='line_1_102' title="bbox 2174 3937 3826 4020; baseline 0.007 -33"><span class='ocrx_word' id='word_1_837' title='bbox 2174 3937 2275 4020; x_wconf 81' lang='grc' dir='ltr'>οὐκ</span> <span class='ocrx_word' id='word_1_838' title='bbox 2308 3938 2635 4020; x_wconf 80' lang='grc' dir='ltr'>ἀνθρωπίνῳ</span> <span class='ocrx_word' id='word_1_839' title='bbox 2659 3939 2952 4011; x_wconf 87' lang='grc' dir='ltr'>σπέρματι.</span> <span class='ocrx_word' id='word_1_840' title='bbox 2983 3941 3097 3995; x_wconf 78' lang='grc' dir='ltr'>ἀλλ’</span> <span class='ocrx_word' id='word_1_841' title='bbox 3115 3943 3235 4014; x_wconf 70' lang='grc' dir='ltr'>ὄψει</span> <span class='ocrx_word' id='word_1_842' title='bbox 3266 3945 3448 4016; x_wconf 88' lang='grc' dir='ltr'>μόνον,</span> <span class='ocrx_word' id='word_1_843' title='bbox 3472 3937 3719 4020; x_wconf 64' lang='grc' dir='ltr'>νοερᾷτε</span> <span class='ocrx_word' id='word_1_844' title='bbox 3739 3937 3826 4002; x_wconf 77' lang='grc' dir='ltr'>καὶ</span> 
     </span>
    </p>
   </div>
   <div class='ocr_carea' id='block_1_103' title="bbox 2170 4017 3826 4100">
    <p class='ocr_par' dir='ltr' id='par_1_103' title="bbox 2170 4017 3826 4100">
     <span class='ocr_line' id='line_1_103' title="bbox 2170 4017 3826 4100; baseline 0.01 -35"><span class='ocrx_word' id='word_1_845' title='bbox 2170 4017 2301 4100; x_wconf 76' lang='grc' dir='ltr'>ἀγίᾳ</span> <span class='ocrx_word' id='word_1_846' title='bbox 2328 4018 2553 4100; x_wconf 83' lang='grc' dir='ltr'>δυνάμει</span> <span class='ocrx_word' id='word_1_847' title='bbox 2577 4020 2713 4100; x_wconf 64' lang='grc' dir='ltr'>προς</span> <span class='ocrx_word' id='word_1_848' title='bbox 2733 4020 2925 4100; x_wconf 86' lang='grc' dir='ltr'>ώδῖνας</span> <span class='ocrx_word' id='word_1_849' title='bbox 2945 4022 3045 4093; x_wconf 82' lang='grc' dir='ltr'>τὴν</span> <span class='ocrx_word' id='word_1_850' title='bbox 3067 4023 3341 4096; x_wconf 86' lang='grc' dir='ltr'>Παρθένον</span> <span class='ocrx_word' id='word_1_851' title='bbox 3363 4017 3635 4096; x_wconf 74' lang='grc' dir='ltr'>ἐκίνησεν,</span> <span class='ocrx_word' id='word_1_852' title='bbox 3662 4029 3826 4100; x_wconf 74' lang='grc' dir='ltr'>άπιορ-</span> 
     </span>
    </p>
   </div>
   <div class='ocr_carea' id='block_1_104' title="bbox 2169 4097 3819 4176">
    <p class='ocr_par' dir='ltr' id='par_1_104' title="bbox 2169 4097 3819 4176">
     <span class='ocr_line' id='line_1_104' title="bbox 2169 4097 3819 4176; baseline 0.008 -30"><span class='ocrx_word' id='word_1_853' title='bbox 2169 4097 2346 4176; x_wconf 84' lang='grc' dir='ltr'>ῥήτως</span> <span class='ocrx_word' id='word_1_854' title='bbox 2382 4099 2440 4176; x_wconf 68' lang='grc' dir='ltr'>ἐν</span> <span class='ocrx_word' id='word_1_855' title='bbox 2465 4098 2602 4168; x_wconf 88' lang='grc' dir='ltr'>αὑτῇ</span> <span class='ocrx_word' id='word_1_856' title='bbox 2631 4098 2691 4150; x_wconf 88' lang='lat'>16</span> <span class='ocrx_word' id='word_1_857' title='bbox 2729 4099 2927 4170; x_wconf 86' lang='grc' dir='ltr'>βρέφος</span> <span class='ocrx_word' id='word_1_858' title='bbox 2957 4103 3185 4171; x_wconf 86' lang='grc' dir='ltr'>ὑφάνας,</span> <span class='ocrx_word' id='word_1_859' title='bbox 3212 4106 3288 4168; x_wconf 85' lang='grc' dir='ltr'>ὡς</span> <span class='ocrx_word' id='word_1_860' title='bbox 3323 4107 3555 4176; x_wconf 81' lang='grc' dir='ltr'>ἱμάτιον,</span> <span class='ocrx_word' id='word_1_861' title='bbox 3603 4109 3698 4161; x_wconf 68' lang='grc' dir='ltr'>ἐπὶ</span> <span class='ocrx_word' id='word_1_862' title='bbox 3728 4097 3819 4159; x_wconf 79' lang='grc' dir='ltr'>σώ-</span> 
     </span>
    </p>
   </div>
   <div class='ocr_carea' id='block_1_105' title="bbox 2165 4173 3823 4255">
    <p class='ocr_par' dir='ltr' id='par_1_105' title="bbox 2165 4173 3823 4255">
     <span class='ocr_line' id='line_1_105' title="bbox 2165 4173 3823 4255; baseline 0.01 -32"><span class='ocrx_word' id='word_1_863' title='bbox 2165 4173 2329 4255; x_wconf 79' lang='grc' dir='ltr'>τηρία</span> <span class='ocrx_word' id='word_1_864' title='bbox 2357 4174 2464 4227; x_wconf 90' lang='grc' dir='ltr'>τῶν</span> <span class='ocrx_word' id='word_1_865' title='bbox 2490 4175 2818 4255; x_wconf 87' lang='grc' dir='ltr'>ἀνθρώπων.</span> <span class='ocrx_word' id='word_1_866' title='bbox 2854 4178 3037 4232; x_wconf 87' lang='grc' dir='ltr'>Ταῦτα</span> <span class='ocrx_word' id='word_1_867' title='bbox 3068 4182 3164 4251; x_wconf 85' lang='grc' dir='ltr'>μὲν</span> <span class='ocrx_word' id='word_1_868' title='bbox 3187 4173 3386 4247; x_wconf 77' lang='grc' dir='ltr'>οὕτως·</span> <span class='ocrx_word' id='word_1_869' title='bbox 3416 4185 3577 4255; x_wconf 89' lang='grc' dir='ltr'>ήμεῖς</span> <span class='ocrx_word' id='word_1_870' title='bbox 3606 4186 3665 4239; x_wconf 74' lang='grc' dir='ltr'>δὲ</span> <span class='ocrx_word' id='word_1_871' title='bbox 3689 4184 3823 4254; x_wconf 81' lang='grc' dir='ltr'>ὑπὲρ</span> 
     </span>
    </p>
   </div>
   <div class='ocr_carea' id='block_1_106' title="bbox 2168 4252 3821 4334">
    <p class='ocr_par' dir='ltr' id='par_1_106' title="bbox 2168 4252 3821 4334">
     <span class='ocr_line' id='line_1_106' title="bbox 2168 4252 3821 4334; baseline 0.008 -31"><span class='ocrx_word' id='word_1_872' title='bbox 2168 4252 2274 4334; x_wconf 84' lang='grc' dir='ltr'>τῶν</span> <span class='ocrx_word' id='word_1_873' title='bbox 2303 4254 2605 4334; x_wconf 76' lang='grc' dir='ltr'>εἰρημένων</span> <span class='ocrx_word' id='word_1_874' title='bbox 2637 4255 2901 4327; x_wconf 63' lang='grc' dir='ltr'>δόξανιτῷ</span> <span class='ocrx_word' id='word_1_875' title='bbox 2927 4257 2992 4311; x_wconf 86' lang='grc' dir='ltr'>δι’</span> <span class='ocrx_word' id='word_1_876' title='bbox 3025 4261 3174 4329; x_wconf 77' lang='grc' dir='ltr'>ἡμᾶς</span> <span class='ocrx_word' id='word_1_877' title='bbox 3196 4252 3680 4334; x_wconf 71' lang='grc' dir='ltr'>ὲνανθρωπήσαντι</span> <span class='ocrx_word' id='word_1_878' title='bbox 3710 4252 3821 4331; x_wconf 76' lang='grc' dir='ltr'>Θεῷ</span> 
     </span>
    </p>
   </div>
   <div class='ocr_carea' id='block_1_107' title="bbox 2166 4331 3825 4412">
    <p class='ocr_par' dir='ltr' id='par_1_107' title="bbox 2166 4331 3825 4412">
     <span class='ocr_line' id='line_1_107' title="bbox 2166 4331 3825 4412; baseline 0.008 -31"><span class='ocrx_word' id='word_1_879' title='bbox 2166 4331 2595 4412; x_wconf 76' lang='grc' dir='ltr'>ἀναπέμψωμεν,</span> <span class='ocrx_word' id='word_1_880' title='bbox 2627 4335 2707 4387; x_wconf 83' lang='grc' dir='ltr'>ὅτι</span> <span class='ocrx_word' id='word_1_881' title='bbox 2745 4335 2895 4405; x_wconf 88' lang='grc' dir='ltr'>αύτῷ</span> <span class='ocrx_word' id='word_1_882' title='bbox 2931 4338 2965 4406; x_wconf 89' lang='grc' dir='ltr'>ή</span> <span class='ocrx_word' id='word_1_883' title='bbox 2997 4336 3124 4402; x_wconf 83' lang='grc' dir='ltr'>δόξα</span> <span class='ocrx_word' id='word_1_884' title='bbox 3166 4341 3262 4393; x_wconf 80' lang='grc' dir='ltr'>καὶ</span> <span class='ocrx_word' id='word_1_885' title='bbox 3305 4331 3384 4411; x_wconf 84' lang='grc' dir='ltr'><strong>τῷ</strong></span> <span class='ocrx_word' id='word_1_886' title='bbox 3417 4331 3593 4412; x_wconf 80' lang='grc' dir='ltr'>Πατρὶ</span> <span class='ocrx_word' id='word_1_887' title='bbox 3620 4343 3717 4395; x_wconf 83' lang='grc' dir='ltr'>καὶ</span> <span class='ocrx_word' id='word_1_888' title='bbox 3749 4340 3825 4412; x_wconf 73' lang='grc' dir='ltr'>τῷ</span> 
     </span>
    </p>
   </div>
   <div class='ocr_carea' id='block_1_108' title="bbox 2169 4409 3721 4494">
    <p class='ocr_par' dir='ltr' id='par_1_108' title="bbox 2169 4409 3721 4494">
     <span class='ocr_line' id='line_1_108' title="bbox 2169 4409 3721 4494; baseline 0.006 -29"><span class='ocrx_word' id='word_1_889' title='bbox 2169 4410 2307 4483; x_wconf 79' lang='grc' dir='ltr'>ἁγίῳ</span> <span class='ocrx_word' id='word_1_890' title='bbox 2326 4409 2625 4485; x_wconf 83' lang='grc' dir='ltr'>Πνεύματι,</span> <span class='ocrx_word' id='word_1_891' title='bbox 2653 4416 2734 4480; x_wconf 86' lang='grc' dir='ltr'>εἰς</span> <span class='ocrx_word' id='word_1_892' title='bbox 2753 4417 2879 4481; x_wconf 87' lang='grc' dir='ltr'>τοὺς</span> <span class='ocrx_word' id='word_1_893' title='bbox 2910 4417 3113 4484; x_wconf 90' lang='grc' dir='ltr'>αἰῶνας</span> <span class='ocrx_word' id='word_1_894' title='bbox 3132 4420 3240 4474; x_wconf 88' lang='grc' dir='ltr'>τῶν</span> <span class='ocrx_word' id='word_1_895' title='bbox 3266 4409 3499 4477; x_wconf 80' lang='grc' dir='ltr'>αἰώνων.</span> <span class='ocrx_word' id='word_1_896' title='bbox 3526 4409 3721 4494; x_wconf 53' lang='grc' dir='ltr'>’Ἀμήι</span> 
     </span>
    </p>
   </div>
   <div class='ocr_carea' id='block_1_109' title="bbox 2156 5165 3696 5195">
    <p class='ocr_par' dir='ltr' id='par_1_109' title="bbox 2156 5165 3696 5195">
     <span class='ocr_line' id='line_1_109' title="bbox 2156 5165 3696 5195; baseline 0.003 -21"><span class='ocrx_word' id='word_1_897' title='bbox 2156 5165 3696 5195; x_wconf 77' lang='lat'>____________________________</span> 
     </span>
    </p>
   </div>
   <div class='ocr_carea' id='block_1_110' title="bbox 1292 5281 2953 5359">
    <p class='ocr_par' dir='ltr' id='par_1_110' title="bbox 1292 5281 2953 5359">
     <span class='ocr_line' id='line_1_110' title="bbox 1292 5281 2953 5359; baseline 0.006 -22"><span class='ocrx_word' id='word_1_898' title='bbox 1292 5281 1444 5356; x_wconf 70' lang='lat'>[242]</span> <span class='ocrx_word' id='word_1_899' title='bbox 1479 5285 1582 5349; x_wconf 80' lang='lat' dir='ltr'>El;</span> <span class='ocrx_word' id='word_1_900' title='bbox 1613 5283 1729 5352; x_wconf 79' lang='grc' dir='ltr'>τὴν</span> <span class='ocrx_word' id='word_1_901' title='bbox 1752 5281 2086 5353; x_wconf 79' lang='grc' dir='ltr'>προδοσίαν</span> <span class='ocrx_word' id='word_1_902' title='bbox 2113 5282 2220 5338; x_wconf 84' lang='grc' dir='ltr'>τοῦ</span> <span class='ocrx_word' id='word_1_903' title='bbox 2249 5282 2540 5351; x_wconf 83' lang='grc' dir='ltr'>Σωτῆρος,</span> <span class='ocrx_word' id='word_1_904' title='bbox 2565 5288 2662 5342; x_wconf 75' lang='grc' dir='ltr'>καί</span> <span class='ocrx_word' id='word_1_905' title='bbox 2690 5290 2766 5343; x_wconf 81' lang='grc' dir='ltr'>τὰ</span> <span class='ocrx_word' id='word_1_906' title='bbox 2788 5289 2953 5359; x_wconf 71' lang='grc' dir='ltr'>ἑξῆς.</span> 
     </span>
    </p>
   </div>
   <div class='ocr_carea' id='block_1_111' title="bbox 472 5514 3821 5603">
    <p class='ocr_par' dir='ltr' id='par_1_111' title="bbox 472 5514 3821 5603">
     <span class='ocr_line' id='line_1_111' title="bbox 472 5514 3821 5603; baseline 0.004 -34"><span class='ocrx_word' id='word_1_907' title='bbox 472 5522 571 5603; x_wconf 78' lang='grc' dir='ltr'>α’.⁹</span> <span class='ocrx_word' id='word_1_908' title='bbox 593 5514 926 5603; x_wconf 50' lang='grc' dir='ltr'>Ἐϐουλόμην</span> <span class='ocrx_word' id='word_1_909' title='bbox 957 5516 1229 5597; x_wconf 52' lang='grc' dir='ltr'>εἰς-τέλος</span> <span class='ocrx_word' id='word_1_910' title='bbox 1272 5516 1521 5601; x_wconf 79' lang='grc' dir='ltr'>διανύσαι</span> <span class='ocrx_word' id='word_1_911' title='bbox 1560 5517 1655 5572; x_wconf 92' lang='grc' dir='ltr'>τοῦ</span> <span class='ocrx_word' id='word_1_912' title='bbox 1689 5521 2048 5603; x_wconf 45' lang='grc' dir='ltr'>,σταυροῇτά</span> <span class='ocrx_word' id='word_1_913' title='bbox 2148 5539 2295 5603; x_wconf 50' lang='lat'><em>10;;</em></span> <span class='ocrx_word' id='word_1_914' title='bbox 2308 5522 2406 5603; x_wconf 77' lang='grc' dir='ltr'>οὑχ</span> <span class='ocrx_word' id='word_1_915' title='bbox 2433 5524 2550 5603; x_wconf 50' lang='grc' dir='ltr'>ὅσα</span> <span class='ocrx_word' id='word_1_916' title='bbox 2563 5522 2784 5603; x_wconf 76' lang='grc' dir='ltr'>δύναται</span> <span class='ocrx_word' id='word_1_917' title='bbox 2811 5525 2991 5603; x_wconf 80' lang='grc' dir='ltr'>δοῦναι</span> <span class='ocrx_word' id='word_1_918' title='bbox 3024 5530 3054 5582; x_wconf 92' lang='lat'>6</span> <span class='ocrx_word' id='word_1_919' title='bbox 3090 5527 3283 5603; x_wconf 60' lang='lat'><em>61606;,</em></span> <span class='ocrx_word' id='word_1_920' title='bbox 3320 5530 3438 5603; x_wconf 74' lang='grc' dir='ltr'>ἀλλ’</span> <span class='ocrx_word' id='word_1_921' title='bbox 3465 5532 3568 5603; x_wconf 75' lang='grc' dir='ltr'>ὅσα</span> <span class='ocrx_word' id='word_1_922' title='bbox 3597 5534 3767 5603; x_wconf 88' lang='grc' dir='ltr'>χωρεῖ</span> <span class='ocrx_word' id='word_1_923' title='bbox 3793 5534 3821 5585; x_wconf 88' lang='lat'>6</span> 
     </span>
    </p>
   </div>
   <div class='ocr_carea' id='block_1_112' title="bbox 402 5584 3821 5673">
    <p class='ocr_par' dir='ltr' id='par_1_112' title="bbox 402 5584 3821 5673">
     <span class='ocr_line' id='line_1_112' title="bbox 402 5584 3821 5673; baseline 0.006 -38"><span class='ocrx_word' id='word_1_924' title='bbox 402 5584 879 5673; x_wconf 48' lang='grc' dir='ltr'>θεωρήμαέτα,⁹οὑχ</span> <span class='ocrx_word' id='word_1_925' title='bbox 896 5587 973 5673; x_wconf 86' lang='grc' dir='ltr'>ώς</span> <span class='ocrx_word' id='word_1_926' title='bbox 1132 5588 1418 5673; x_wconf 49' lang='grc' dir='ltr'>νοημάτων</span> <span class='ocrx_word' id='word_1_927' title='bbox 1452 5584 2048 5673; x_wconf 39' lang='grc' dir='ltr'>περιγενόμενρςηάλλά</span> <span class='ocrx_word' id='word_1_928' title='bbox 2149 5584 2457 5673; x_wconf 67' lang='grc' dir='ltr'>λαμϐάνων.</span> <span class='ocrx_word' id='word_1_929' title='bbox 2486 5594 2697 5673; x_wconf 58' lang='grc' dir='ltr'>ςΠσπερ</span> <span class='ocrx_word' id='word_1_930' title='bbox 2724 5594 2832 5673; x_wconf 64' lang='grc' dir='ltr'>γάρ</span> <span class='ocrx_word' id='word_1_931' title='bbox 2856 5598 3036 5669; x_wconf 86' lang='grc' dir='ltr'>μήτηρ</span> <span class='ocrx_word' id='word_1_932' title='bbox 3049 5584 3324 5669; x_wconf 70' lang='grc' dir='ltr'>τῴβρέφει</span> <span class='ocrx_word' id='word_1_933' title='bbox 3350 5584 3821 5673; x_wconf 45' lang='grc' dir='ltr'>τετελαῖιτὸτροζ</span> 
     </span>
    </p>
   </div>
   <div class='ocr_carea' id='block_1_113' title="bbox 401 5653 2576 5733">
    <p class='ocr_par' dir='ltr' id='par_1_113' title="bbox 401 5653 2576 5733">
     <span class='ocr_line' id='line_1_113' title="bbox 401 5653 2576 5733; baseline 0.004 -27"><span class='ocrx_word' id='word_1_934' title='bbox 401 5655 473 5706; x_wconf 79' lang='grc' dir='ltr'>τά</span> <span class='ocrx_word' id='word_1_935' title='bbox 484 5653 681 5733; x_wconf 66' lang='grc' dir='ltr'>δυναξά</span> <span class='ocrx_word' id='word_1_936' title='bbox 698 5657 810 5716; x_wconf 85' lang='grc' dir='ltr'>τοῖς</span> <span class='ocrx_word' id='word_1_937' title='bbox 827 5653 1037 5733; x_wconf 66' lang='grc' dir='ltr'>πιστοῖς</span> <span class='ocrx_word' id='word_1_938' title='bbox 1060 5653 1423 5733; x_wconf 69' lang='grc' dir='ltr'>έκτιθέμενος.</span> <span class='ocrx_word' id='word_1_939' title='bbox 1585 5653 1746 5733; x_wconf 69' lang='grc' dir='ltr'>ἀργεῖ</span> <span class='ocrx_word' id='word_1_940' title='bbox 1766 5653 1884 5733; x_wconf 69' lang='grc' dir='ltr'>γάρ⁷</span> <span class='ocrx_word' id='word_1_941' title='bbox 1896 5660 2053 5733; x_wconf 84' lang='grc' dir='ltr'>λόγος</span> <span class='ocrx_word' id='word_1_942' title='bbox 2154 5653 2254 5729; x_wconf 70' lang='grc' dir='ltr'>φοῦ</span> <span class='ocrx_word' id='word_1_943' title='bbox 2262 5663 2408 5733; x_wconf 81' lang='grc' dir='ltr'>μένῳ</span> <span class='ocrx_word' id='word_1_944' title='bbox 2440 5663 2576 5733; x_wconf 83' lang='grc' dir='ltr'>αὑτὴ</span> 
     </span>
    </p>
   </div>
   <div class='ocr_carea' id='block_1_114' title="bbox 404 5721 2054 5801">
    <p class='ocr_par' dir='ltr' id='par_1_114' title="bbox 404 5721 2054 5801">
     <span class='ocr_line' id='line_1_114' title="bbox 404 5721 2054 5801; baseline 0.007 -28"><span class='ocrx_word' id='word_1_945' title='bbox 404 5723 539 5801; x_wconf 78' lang='grc' dir='ltr'>πρὸς</span> <span class='ocrx_word' id='word_1_946' title='bbox 574 5721 828 5801; x_wconf 68' lang='grc' dir='ltr'>ἐξήγησιν</span> <span class='ocrx_word' id='word_1_947' title='bbox 859 5725 966 5801; x_wconf 68' lang='grc' dir='ltr'>τῶν</span> <span class='ocrx_word' id='word_1_948' title='bbox 999 5724 1157 5801; x_wconf 78' lang='grc' dir='ltr'>θείων</span> <span class='ocrx_word' id='word_1_949' title='bbox 1187 5721 1410 5801; x_wconf 79' lang='grc' dir='ltr'>λογίων,</span> <span class='ocrx_word' id='word_1_950' title='bbox 1445 5726 1579 5801; x_wconf 77' lang='grc' dir='ltr'>ἀλλὰ</span> <span class='ocrx_word' id='word_1_951' title='bbox 1600 5721 1932 5801; x_wconf 61' lang='grc' dir='ltr'>ἀνθρωπίνῃ</span> <span class='ocrx_word' id='word_1_952' title='bbox 1961 5721 2054 5784; x_wconf 57' lang='grc' dir='ltr'>δυλ</span> 
     </span>
    </p>
   </div>
   <div class='ocr_carea' id='block_1_115' title="bbox 404 5788 2055 5868">
    <p class='ocr_par' dir='ltr' id='par_1_115' title="bbox 404 5788 2055 5868">
     <span class='ocr_line' id='line_1_115' title="bbox 404 5788 2055 5868; baseline 0.01 -29"><span class='ocrx_word' id='word_1_953' title='bbox 404 5792 563 5855; x_wconf 85' lang='grc' dir='ltr'>νάμει</span> <span class='ocrx_word' id='word_1_954' title='bbox 591 5794 865 5868; x_wconf 76' lang='grc' dir='ltr'>μετρεῖται</span> <span class='ocrx_word' id='word_1_955' title='bbox 892 5792 951 5841; x_wconf 87' lang='lat'>16</span> <span class='ocrx_word' id='word_1_956' title='bbox 980 5788 1290 5868; x_wconf 61' lang='grc' dir='ltr'>λεγόμενον,</span> <span class='ocrx_word' id='word_1_957' title='bbox 1306 5794 1517 5868; x_wconf 35' lang='grc' dir='ltr'>ὀὑχ-ὼς</span> <span class='ocrx_word' id='word_1_958' title='bbox 1556 5788 1864 5868; x_wconf 36' lang='grc' dir='ltr'>ςὺτῆςίτῆς</span> <span class='ocrx_word' id='word_1_959' title='bbox 1896 5788 2055 5854; x_wconf 85' lang='grc' dir='ltr'>δύνά-</span> 
     </span>
    </p>
   </div>
   <div class='ocr_carea' id='block_1_116' title="bbox 411 5859 2057 5941">
    <p class='ocr_par' dir='ltr' id='par_1_116' title="bbox 411 5859 2057 5941">
     <span class='ocr_line' id='line_1_116' title="bbox 411 5859 2057 5941; baseline -0.001 -21"><span class='ocrx_word' id='word_1_960' title='bbox 411 5874 552 5924; x_wconf 79' lang='grc' dir='ltr'>μεως</span> <span class='ocrx_word' id='word_1_961' title='bbox 578 5859 849 5927; x_wconf 76' lang='grc' dir='ltr'>ἀρκούσης</span> <span class='ocrx_word' id='word_1_962' title='bbox 894 5859 1233 5923; x_wconf 81' lang='grc' dir='ltr'>καταλαϐεῖν,</span> <span class='ocrx_word' id='word_1_963' title='bbox 1268 5859 1479 5923; x_wconf 71' lang='grc' dir='ltr'>ἀλλ”ώς</span> <span class='ocrx_word' id='word_1_964' title='bbox 1508 5864 1600 5917; x_wconf 85' lang='grc' dir='ltr'>τοῦ</span> <span class='ocrx_word' id='word_1_965' title='bbox 1632 5859 1767 5920; x_wconf 70' lang='grc' dir='ltr'>Θεοῦ</span> <span class='ocrx_word' id='word_1_966' title='bbox 1797 5859 1869 5920; x_wconf 78' lang='grc' dir='ltr'>πα</span> <span class='ocrx_word' id='word_1_967' title='bbox 1881 5871 2057 5941; x_wconf 80' lang='grc' dir='ltr'>ρέχον-</span> 
     </span>
    </p>
   </div>
   <div class='ocr_carea' id='block_1_117' title="bbox 2635 5664 3820 5753">
    <p class='ocr_par' dir='ltr' id='par_1_117' title="bbox 2635 5664 3820 5753">
     <span class='ocr_line' id='line_1_117' title="bbox 2635 5664 3820 5753; baseline 0.002 0"><span class='ocrx_word' id='word_1_968' title='bbox 2635 5664 3018 5753; x_wconf 52' lang='grc' dir='ltr'>ιξὲϊὲἒίγετειῖ</span> <span class='ocrx_word' id='word_1_969' title='bbox 3038 5664 3341 5753; x_wconf 42' lang='lat' dir='ltr'>arma?</span> <span class='ocrx_word' id='word_1_970' title='bbox 3390 5664 3820 5753; x_wconf 52' lang='grc' dir='ltr'>θέλέεογέρτδνι</span> 
     </span>
    </p>
   </div>
   <div class='ocr_carea' id='block_1_118' title="bbox 2155 5731 3823 5810">
    <p class='ocr_par' dir='ltr' id='par_1_118' title="bbox 2155 5731 3823 5810">
     <span class='ocr_line' id='line_1_118' title="bbox 2155 5731 3823 5810; baseline 0.005 -26"><span class='ocrx_word' id='word_1_971' title='bbox 2155 5734 2331 5784; x_wconf 75' lang='grc' dir='ltr'>ἐκεῖνο</span> <span class='ocrx_word' id='word_1_972' title='bbox 2356 5731 2688 5810; x_wconf 34' lang='grc' dir='ltr'>δὲῌδέξασθαι</span> <span class='ocrx_word' id='word_1_973' title='bbox 2715 5734 2815 5810; x_wconf 60' lang='grc' dir='ltr'>ρύκ</span> <span class='ocrx_word' id='word_1_974' title='bbox 2842 5735 3016 5810; x_wconf 77' lang='grc' dir='ltr'>ίσχύει</span> <span class='ocrx_word' id='word_1_975' title='bbox 3035 5751 3048 5766; x_wconf 95' lang='grc'>·</span> <span class='ocrx_word' id='word_1_976' title='bbox 3078 5731 3258 5810; x_wconf 65' lang='grc' dir='ltr'>οὕτως’</span> <span class='ocrx_word' id='word_1_977' title='bbox 3270 5738 3392 5810; x_wconf 84' lang='grc' dir='ltr'>οῦτε</span> <span class='ocrx_word' id='word_1_978' title='bbox 3422 5740 3541 5810; x_wconf 80' lang='grc' dir='ltr'>Θεῷ</span> <span class='ocrx_word' id='word_1_979' title='bbox 3568 5731 3823 5794; x_wconf 77' lang='grc' dir='ltr'>ἀδύνατον</span> 
     </span>
    </p>
   </div>
   <div class='ocr_carea' id='block_1_119' title="bbox 2159 5802 3822 5879">
    <p class='ocr_par' dir='ltr' id='par_1_119' title="bbox 2159 5802 3822 5879">
     <span class='ocr_line' id='line_1_119' title="bbox 2159 5802 3822 5879; baseline 0.006 -27"><span class='ocrx_word' id='word_1_980' title='bbox 2159 5804 2459 5879; x_wconf 65' lang='grc' dir='ltr'>παρασχεῖν</span> <span class='ocrx_word' id='word_1_981' title='bbox 2502 5802 2860 5879; x_wconf 42' lang='grc' dir='ltr'>τὴν-μείζονα-</span> <span class='ocrx_word' id='word_1_982' title='bbox 2889 5802 3077 5879; x_wconf 77' lang='grc' dir='ltr'>σοφίαν</span> <span class='ocrx_word' id='word_1_983' title='bbox 3123 5809 3214 5879; x_wconf 79' lang='grc' dir='ltr'>καὶ</span> <span class='ocrx_word' id='word_1_984' title='bbox 3260 5802 3664 5879; x_wconf 82' lang='grc' dir='ltr'>ὑπερκόσμιον,</span> 
     </span>
    </p>
   </div>
   <div class='ocr_carea' id='block_1_120' title="bbox 2161 5870 3820 5955">
    <p class='ocr_par' dir='ltr' id='par_1_120' title="bbox 2161 5870 3820 5955">
     <span class='ocr_line' id='line_1_120' title="bbox 2161 5870 3820 5955; baseline 0.006 -33"><span class='ocrx_word' id='word_1_985' title='bbox 2161 5872 2318 5941; x_wconf 77' lang='grc' dir='ltr'>ἡμεῖς</span> <span class='ocrx_word' id='word_1_986' title='bbox 2334 5870 2587 5937; x_wconf 84' lang='grc' dir='ltr'>δέξασθαι</span> <span class='ocrx_word' id='word_1_987' title='bbox 2604 5870 2987 5955; x_wconf 71' lang='grc' dir='ltr'>ἀδυνατοῦμεν.</span> <span class='ocrx_word' id='word_1_988' title='bbox 3007 5876 3205 5953; x_wconf 64' lang='grc' dir='ltr'>θνητὸν</span> <span class='ocrx_word' id='word_1_989' title='bbox 3223 5878 3331 5949; x_wconf 85' lang='grc' dir='ltr'>γάρ</span> <span class='ocrx_word' id='word_1_990' title='bbox 3340 5870 3619 5954; x_wconf 74' lang='grc' dir='ltr'>οἰκοῦντες</span> <span class='ocrx_word' id='word_1_991' title='bbox 3641 5870 3820 5953; x_wconf 81' lang='grc' dir='ltr'>σῶμα,</span> 
     </span>
    </p>
   </div>
  </div>
