4028 6144
394 296 497 351 715

392 410 760 486 intemeratam
793 406 1007 462 vulvam
1031 402 1264 486 servavit
1290 412 1347 486 ut
1374 403 1534 486 Deus.
1549 402 1737 486 Ppera
1766 405 1962 486 quippe

393 482 483 534 Dei
514 494 618 534 non
666 489 868 532 natura:
895 490 1076 531 rerum
1101 475 1362 537 serviunt,
1406 472 1499 526 sed
1549 473 1639 528 Dei
1675 473 1826 527 Verbi
1852 472 1965 543 jus-

388 566 507 606 sum
536 558 849 619 sequuntur.
877 545 1344 619 Aliquandoenim
1388 544 1525 597 Deus
1551 544 1841 619 secundum
1869 560 1964 598 na-

392 630 563 674 turam
585 614 755 681 creat,
789 626 846 671 ut
874 625 1076 670 natura:
1101 615 1343 670 ordinem
1372 627 1701 683 cognoscas;
1727 614 1967 683 aliquan-

389 691 460 746 do
478 698 656 744 autem
685 698 880 758 pra-ter
913 694 1158 758 naturam
1195 692 1361 758 creat,
1395 693 1452 737 ιιι
1493 683 1669 758 discas
1693 685 1964 753 operantis

392 754 704 830 potentiam.
731 757 916 830 Neque
956 756 1099 809 enim
1152 755 1330 830 omnia
1376 754 1666 809 secundum
1719 765 1961 830 naturam

396 826 550 896 fiunt,
565 845 630 884 ne
648 839 834 883 natura
861 827 999 880 Deus
1023 826 1358 880 essedicatur
1385 841 1398 877 :
1431 839 1605 896 neque
1625 826 1802 896 omnia
1827 840 1961 894 prte-

392 910 474 955 ter
513 894 775 964 naturam,
820 912 887 951 ne
924 903 1177 965 putentur
1205 903 1411 965 naturte
1446 894 1816 950 confusionem
1843 910 1964 949 esse

390 986 474 1033 ea,
503 985 624 1039 quae
652 979 844 1038 praater
870 964 1111 1020 naturam
1140 964 1306 1039 fiunt?
1328 964 1587 1018 El'format
1611 966 1749 1019 Deus
1773 979 1963 1019 secun-

390 1035 539 1091 ιΙιιιιι“
566 1035 839 1100 naturam,
881 1045 935 1089 et
978 1044 1124 1090 creat
1151 1035 1308 1090 etiam
1350 1044 1544 1104 prater
1583 1043 1861 1099 naturam,
1909 1044 1967 1089 ιιι

391 1109 564 1167 discas
596 1118 836 1163 naturam
857 1107 1063 1160 ancilla:
1095 1120 1264 1171 more,
1296 1116 1348 1159 et
1392 1104 1683 1159 secundum
1717 1114 1958 1159 naturam

393 1182 616 1245 moveri,
648 1189 702 1234 et
732 1186 925 1248 praeter
956 1188 1194 1230 naturam
1234 1191 1471 1237 currere,
1504 1176 1594 1229 Dei
1630 1175 1837 1245 iussum
1867 1175 1965 1229 iiii-

393 1254 643 1318 plentt'tn.
778 1298 784 1305 ,

463 1321 515 1373 ὅ.
544 1321 636 1374 Die
676 1333 803 1373 vero
836 1325 912 1383 tu,
938 1317 1030 1388 qui
1079 1314 1424 1386 qtuestiouem
1458 1328 1670 1388 moves,
1683 1314 1964 1388 quomodo

389 1391 633 1445 Christus
661 1406 729 1445 ex
756 1385 1063 1443 intemerata
1100 1385 1268 1441 vulva
1320 1386 1585 1455 prodiens,
1646 1385 1963 1454 virginitatis

392 1461 723 1529 signaculum
751 1474 854 1514 non
884 1458 1101 1529 delevit,
1122 1459 1388 1529 quomodo
1402 1472 1481 1529 ex
1510 1456 1742 1529 virgineo
1758 1456 1964 1529 Adamo

393 1525 540 1599 vii-go
566 1531 671 1585 Eva
698 1528 927 1598 prodiit?
958 1527 1088 1582 Nam
1127 1525 1351 1599 Deipara
1402 1525 1561 1599 maria
1586 1567 1601 1590 ,
1630 1539 1748 1599 quae
1792 1526 1961 1599 virum

389 1596 762 1677 uoriuoverat,
781 1601 951 1655 virum
982 1598 1223 1677 peperit_;_
1243 1599 1442 1665 primus
1470 1596 1628 1677 homo
1653 1597 1841 1677 Adam,
1872 1596 1959 1677 qui

390 1671 665 1726 mulierem
700 1686 805 1723 non
832 1677 1070 1731 noverat,
1100 1667 1374 1721 mulierem
1404 1667 1739 1735 germinavit.
1764 1668 1833 1718 At
1861 1667 1963 1719 vir-

388 1743 566 1811 ginem
596 1743 831 1811 gignere,
864 1739 987 1793 licet
1032 1752 1117 1792 res
1157 1737 1413 1805 stupenda
1442 1738 1530 1811 sit,
1560 1736 1755 1805 aliquid
1785 1745 1960 1811 tamen

393 1805 621 1865 rationis
633 1805 892 1874 Iiabct,in
919 1818 1174 1878 quantum
1197 1816 1400 1869 venter,
1424 1806 1597 1878 vulva,
1628 1816 1682 1878 e_t
1710 1805 1962 1859 naturalis

393 1881 678 1934 infantibus
702 1882 783 1933 via
805 1880 914 1947 jam
937 1874 1216 1932 emtrtiiata
1247 1886 1361 1941 est;
1388 1878 1479 1929 sed
1513 1877 1562 1929 in
1592 1874 1795 1929 Adamo
1845 1885 1962 1928 stu-

414 1952 564 2005 ienda
591 1951 770 2005 omnia
798 1958 940 2004 sunt.
996 1948 1124 2016 Quis
1169 1948 1309 2016 enim
1354 1949 1486 2000 vidit
1512 1962 1578 1999 ex
1607 1956 1754 2016 costa
1781 1955 1961 1999 natum

522 2021 696 2075 inem?
723 2014 1057 2088 quandonam
1086 2028 1231 2072 costa
1263 2015 1487 2071 fructum
1521 2015 1676 2069 tulit?
1702 2014 1960 2088 somnum

392 2093 609 2145 immisit
650 2084 789 2145 Deus
830 2089 1054 2154 Adamo,
1088 2105 1154 2141 ne
1178 2088 1245 2141 de
1273 2088 1478 2141 sublata
1530 2095 1677 2139 casta
1732 2084 1958 2151 doleret,

389 2177 573 2215 verum
598 2162 713 2230 ejus
741 2160 949 2213 vincula
996 2158 1293 2230 con50pivit
1324 2176 1338 2211 :
1371 2158 1577 2230 vincula
1606 2157 1802 2230 quippe
1838 2167 1963 2230 sunt

388 2242 591 2285 naturae
611 2225 643 2295 ,⁷
656 2232 824 2286 nervi.
853 2230 1019 2297 Cujus
1047 2229 1123 2283 rei
1152 2225 1299 2283 testis
1325 2237 1407 2281 est
1436 2225 1828 2281 Daniet’dicens
1852 2243 1865 2277 :
1895 2225 1962 2278 Et

388 2303 487 2355 vidi
502 2301 739 2356 visionem
764 2309 808 2353 et
829 2300 1006 2360 cecidi,
1024 2309 1070 2352 et
1096 2299 1292 2352 vincula
1320 2298 1602 2351 (titubarunt
1631 2312 1853 2349 meorum
1880 2312 1961 2349 so-

388 2372 495 2424 luta
523 2381 637 2425 sunt
659 2376 675 2440 (
698 2370 830 2424 Dan.
858 2371 945 2425 10.
969 2370 1024 2424 9.
1057 2381 1101 2422 et
1126 2370 1177 2423 5.
1210 2371 1241 2421 6
1259 2369 1301 2436 ).
1331 2369 1542 2440 Castam
1571 2380 1699 2434 ergo
1722 2366 1838 2434 lege
1864 2380 1959 2440 na-

387 2449 521 2494 tura:
552 2436 811 2494 ﬁrmatam
831 2481 845 2503 ,
875 2455 1161 2494 nervorum
1192 2437 1414 2491 vinculis
1441 2450 1759 2498 eunnexam,
1781 2436 1957 2489 carni-

388 2510 487 2564 bus
510 2519 833 2571 contextam,
856 2509 1006 2564 venis
1033 2508 1392 2576 conjtmctam,
1415 2506 1680 2575 quomodo
1709 2505 1959 2576 abstulit?

386 2581 653 2649 quonme
675 2579 907 2632 avulsit?
936 2573 1202 2649 quomodo
1247 2573 1451 2649 sublata
1489 2573 1833 2649 costaAdam
1878 2577 1959 2649 in-

386 2645 609 2704 columis
658 2649 886 2703 mansit?
933 2647 1250 2716 Quomodo?
1297 2646 1395 2716 Qui
1440 2645 1598 2716 solvit
1639 2645 1751 2712 ipse
1779 2646 1956 2708 novit;

386 2719 474 2788 qui
501 2720 655 2774 solvit
672 2719 785 2786 ipse
804 2715 1088 2788 colligavit.
1114 2717 1322 2771 Etenim
1343 2715 1389 2770 si
1410 2715 1800 2788 aliusligasset,
1825 2716 1961 2768 alius

385 2785 649 2853 solvisset,
676 2785 798 2843 hinc
819 2785 1043 2858 qtttestio
1061 2788 1290 2841 oriretur
1314 2803 1327 2839 :
1351 2785 1445 2839 sed
1473 2788 1518 2838 si
1547 2785 1610 2847 is,
1634 2786 1721 2853 qui
1742 2789 1960 2858 concin-

387 2868 621 2923 naverat,
656 2861 768 2927 ipse
822 2854 1013 2924 solvit;
1042 2860 1085 2911 si
1117 2859 1181 2921 is,
1207 2858 1295 2925 qui
1324 2866 1526 2910 costam
1570 2870 1639 2927 ex
1682 2866 1822 2909 terra
1850 2854 1958 2927 for-

386 2940 640 2992 maverat,
675 2924 888 2983 'costam
919 2928 1135 2983 abstulit
1166 2945 1181 2982 :
1209 2924 1324 2995 ipse
1351 2926 1498 2980 solus
1521 2924 1666 2978 novit
1693 2926 1961 2993 quomodo

384 3000 618 3065 solverit,
638 2999 728 3069 qui
747 2998 894 3054 solus
911 2999 1056 3069 novit
1073 2996 1340 3067 quomodo
1361 2996 1721 3069 membrorum
1749 2995 1959 3069 harmoa

386 3070 524 3123 niam
553 3066 929 3138 composuerit.
966 3068 1034 3125 Ut
1058 3084 1186 3136 ergo
1214 3079 1332 3136 post
1358 3067 1846 3138 sublatamcostam
1879 3066 1963 3119 in-

383 3142 606 3194 columis
628 3136 822 3194 mansit
848 3139 1036 3203 Adam.
1065 3141 1142 3193 sic
1170 3146 1289 3208 post
1313 3137 1523 3191 infantis
1544 3136 1754 3208 exitum
1781 3137 1958 3190 incor-

385 3222 537 3280 rupta
559 3212 749 3264 mansit
775 3210 949 3280 Virgo.
970 3209 1152 3280 Neque
1170 3206 1311 3280 enim
1336 3216 1456 3276 post
1474 3206 1734 3261 sublatam
1753 3214 1956 3260 costam

384 3278 657 3333 harmonia
677 3279 1033 3334 membrorum
1052 3279 1239 3333 Adami
1262 3278 1386 3331 laesa
1408 3286 1511 3343 est,
1537 3291 1710 3345 neque
1730 3285 1959 3330 exeunte

384 3349 583 3419 infante
612 3350 925 3419 virginitatis
953 3350 1280 3418 signaculum
1308 3356 1621 3419 temeratum
1643 3355 1743 3419 est.
1763 3346 1959 3419 Quem—

382 3418 668 3474 admodum
698 3417 849 3474 _enim
876 3417 1018 3487 apud
1044 3434 1141 3472 nos
1170 3420 1215 3473 si
1262 3418 1381 3487 quis
1409 3418 1637 3487 alienum
1683 3417 1957 3487 vinculum

383 3490 593 3545 solvere
623 3490 782 3557 velit,
812 3486 983 3559 ipsum
1026 3486 1330 3559 destruitet
1356 3486 1715 3559 abscinditob
1741 3487 1954 3559 imperi-

384 3560 544 3624 tiam;
573 3562 661 3630 qui
688 3556 1034 3627 veroligavit,
1063 3559 1179 3612 sine
1206 3558 1387 3630 labore
1415 3557 1601 3630 soivit;
1627 3556 1957 3630 harmoniam

381 3625 895 3699 quippe—ligaminis—
912 3630 1056 3682 novit
1083 3646 1096 3681 :
1126 3630 1202 3699 sic
1222 3628 1375 3699 Deus
1407 3626 1495 3693 qui
1521 3638 1715 3692 corpus
1744 3625 1961 3699 conciu-

383 3693 562 3765 uav'it',
593 3693 911 3755 constrinxit
945 3707 996 3750 et
1039 3696 1280 3764 perfecit,
1322 3705 1375 3747 et
1420 3709 1705 3765 nervorum
1749 3693 1957 3746 vincula

384 3764 625 3834 noverat,
649 3779 703 3822 et
727 3768 991 3836 quomodo
1017 3776 1218 3820 costam
1246 3777 1531 3836 cumcoSIa
1557 3764 1877 3836 copulasset,
1905 3774 1960 3816 et

380 3833 659 3892 articulum
689 3833 757 3893 et'
772 3838 1069 3892 membrum
1094 3876 1109 3898 ,
1137 3845 1192 3890 et
1238 3850 1302 3889 ex
1341 3835 1404 3888 iis
1450 3850 1567 3901 qua:
1616 3833 1960 3901 colligavcrat

382 3911 513 3961 scite
537 3919 592 3963 et
618 3909 887 3977 sapienter
928 3916 1129 3977 costam
1177 3905 1412 3977 abstulit,
1442 3918 1541 3977 nec
1570 3903 1830 3977 A_da_m_u_m
1862 3903 1961 3977 im-

383 3980 591 4031 minuit.
639 3972 884 4046 Seipsum
914 3976 1211 4030 ell‘ormavit
1265 3975 1565 4043 nnigenitus
1592 3972 1878 4046 DeiFilius
1908 3974 1958 4026 in

384 4047 619 4116 Virgine,
652 4042 825 4115 neque
849 4046 1180 4100 efformando
1200 4042 1552 4116 virginitatem
1577 4042 1755 4106 solvit,
1787 4058 1959 4112 neque

385 4114 707 4185 per—vulvam
740 4114 922 4172 exiens
951 4118 1162 4185 vulvam
1203 4116 1460 4183 corrupit.
1494 4114 1587 4167 Die
1610 4129 1736 4184 ergo
1758 4154 1773 4177 ,
1807 4128 1840 4167 ο
1866 4130 1957 4165 so-

385 4190 555 4257 phista
586 4200 641 4243 et
670 4188 896 4249 erudite,
923 4186 1060 4251 Quid
1089 4184 1298 4238 facilius
1336 4195 1438 4245 est,
1463 4185 1716 4257 virginem
1749 4198 1955 4257 parere,

380 4253 433 4310 et
459 4267 575 4325 post
598 4269 803 4326 partum
832 4257 1087 4324 virginem
1110 4270 1344 4320 manere,
1374 4254 1775 4326 autvirgamatl
1797 4253 1956 4326 vitam

382 4323 663 4391 vocari,‘et
689 4344 753 4382 ex
784 4323 1002 4381 animali
1028 4340 1238 4379 rursum
1268 4326 1465 4393 virgam
1497 4324 1650 4378 fieri?
1678 4323 1956 4391 Quomodo

476 4471 886 4479 .______._____
905 4471 938 4475 ._
976 4468 1228 4475 ...Ψ
1493 4466 1582 4474 ..μ

394 4467 1582 4519 e—__-_——______-——__.__;____-E—

1399 290 1463 346 IN
1503 289 1973 347 PRODITIONEM
2014 292 2472 362 SERVATORIS,
2514 294 2667 352 ETC.

3560 301 3658 355 7η

2073 408 2214 480 virga
2242 408 2447 480 Moysis
2471 408 2523 463 in
2547 408 2830 480 draconem
2848 415 3055 480 mutata
3085 407 3218 480 fuit?
3244 410 3514 480 quomodo
3542 412 3659 466 ina-

2071 478 2342 532 nimatum'
2365 479 2597 533 animam
2622 478 2865 546 accepit?
2889 478 3159 548 quomodo
3186 478 3279 534 res
3295 481 3578 534 immobilis
3605 484 3657 538 ίιε

2072 556 2213 601 terra
2235 549 2439 618 repsit?
2459 549 2727 619 quomodo
2743 563 2957 621 rursum
2980 564 3044 602 ex
3072 560 3322 621 serpente
3345 556 3489 621 virga
3522 551 3656 605 facta

2070 625 2333 689 est,qiue
2371 618 2519 674 suam
2564 620 2780 689 agnovit
2823 618 3102 689 naturam?
3145 618 3301 689 Modo
3346 618 3572 689 namque
3589 636 3659 677 ex

2071 688 2215 759 virga
2236 688 2420 759 draco,
2440 689 2596 743 modo
2606 687 2675 743 ex
2694 688 2924 759 dracone
2943 687 3084 756 virga
3107 687 3295 744 effecta
3322 700 3422 746 est.
3447 687 3511 745 Ut
3531 708 3659 759 ergo

2071 757 2215 830 virga
2234 757 2447 828 Moysis,
2466 778 2498 830 ιι
2522 760 2701 830 homo,
2720 758 3011 830 secundum
3031 767 3271 830 naturam
3292 760 3459 830 virga,
3476 757 3658 815 SCCIIll-

2071 825 2200 881 dum
2219 825 2570 882 meonomiam
2609 828 2774 882 draco
2811 827 3043 882 fuitzsic
3075 837 3129 882 et
3170 829 3332 883 Maria
3359 825 3650 884 secundum

2073 906 2313 951 naturam
2337 897 2505 965 virgo.
2526 898 2814 951 secundum
2833 899 3183 952 meonomiam
3203 910 3371 954 mater
3394 902 3527 954 facta
3550 913 3654 965 est,

2074 975 2133 1019 ut
2153 966 2522 1021 Chaldaeorum
2545 969 2681 1035 magi
2703 968 3001 1029 crederent,
3023 969 3489 1034 quemadmodum,
3510 980 3566 1023 ut
3592 974 3658 1024 ti.—

2075 1037 2550 1108 ttteretijltigyptns.
2578 1038 2723 1106 virga
2752 1037 2804 1091 in
2832 1038 3118 1108 draconem
3145 1049 3343 1093 mutata
3371 1052 3472 1095 est.
3494 1043 3571 1094 An
3600 1051 3656 1094 tu

2072 1108 2209 1162 nolis
2233 1106 2499 1177 Virginei"
2521 1123 2777 1178 apparere
2797 1106 3060 1178 adiumnti
3088 1108 3349 1178 salutem?
3391 1110 3580 1178 Utique
3601 1113 3653 1165 in

2072 1188 2226 1247 terrae
2274 1176 2503 1232 motibus
2553 1177 2688 1231 inuri
2736 1177 3051 1231 scinduntur
3076 1184 3131 1230 et
3156 1176 3576 1247 conjunguntur,
3602 1193 3654 1235 et

2072 1245 2285 1302 Christo
2315 1259 2564 1302 nascente
2592 1263 2695 1301 non
2725 1247 2996 1316 aperietur
3022 1247 3194 1308 vulva,
3223 1245 3279 1302 et
3300 1245 3482 1303 rursus
3503 1250 3649 1303 clau-

2070 1316 2268 1372 detur?
2296 1319 2353 1374 In
2379 1328 2532 1372 terra.-
2554 1320 2785 1371 motibus
2806 1319 2877 1369 ita
2903 1316 3216 1370 scinduntur
3242 1318 3399 1383 tnuri,
3429 1329 3486 1373 nt
3509 1335 3654 1373 mor—

2074 1388 2140 1441 tis
2162 1389 2454 1457 periculum
2484 1388 2715 1441 inferant
2735 1396 2838 1458 ;et
2868 1388 2936 1440 ita
2963 1386 3139 1439 denuo
3163 1388 3476 1458 junguntur.
3508 1401 3559 1443 ιιι
3585 1406 3654 1444 ne

2069 1459 2349 1527 vestigium
2381 1459 2593 1527 quidem
2623 1457 2892 1511 scissionis
2930 1468 3140 1510 maneat
3168 1473 3183 1511 :
3210 1457 3347 1511 etin
3378 1470 3529 1527 partu
3560 1461 3653 1514 illo

2069 1529 2377 1596 incorrupto
2399 1528 2566 1582 nolles
2589 1529 2795 1581 vulvam
2823 1528 2961 1580 illam
2979 1527 3109 1580 solvi
3134 1527 3184 1578 in
3209 1527 3462 1582 honorem
3482 1530 3651 1584 infan-

2072 1601 2160 1665 tis,
2190 1610 2242 1653 et
2265 1599 2442 1653 denuo
2465 1599 2610 1667 jnngi
2641 1607 2694 1651 et
2722 1598 2978 1665 copulari,
2997 1612 3061 1650 ac
3089 1596 3404 1667 virginitatis
3426 1598 3646 1653 formam

2070 1670 2308 1737 recipere
2363 1666 2751 1738 per’virtutem
2805 1666 3253 1738 aperantis?Nec
3303 1667 3429 1721 milii
3478 1670 3645 1733 dicas.

2071 1738 2225 1795 Unde
2254 1737 2489 1794 substitit
2514 1753 2640 1791 caro
2667 1747 2720 1790 et
2755 1738 2970 1806 sanguis
3000 1752 3106 1790 non
3136 1737 3374 1805 subjecto
3400 1740 3648 1795 semine?

2067 1809 2200 1863 Nam
2231 1826 2295 1864 ex
2326 1810 2409 1875 iis,
2434 1808 2720 1879 quwittpud
2766 1822 2863 1879 nos
2906 1806 3058 1869 ﬁunt,
3093 1820 3373 1879 pessumus
3399 1808 3473 1871 id,
3502 1811 3646 1879 quod

2068 1893 2226 1948 supra
2255 1895 2352 1933 nos
2380 1876 2482 1945 est,
2513 1878 2777 1932 ediscere.
2803 1877 2866 1930 Et
2893 1891 3059 1948 evinca
3089 1876 3218 1930 mihi
3246 1880 3310 1929 ad
3340 1876 3645 1947 exemplum

2070 1946 2321 2019 pictores,
2373 1950 2462 2019 qui
2515 1964 2658 2016 sznpe
2708 1948 2937 2015 plantas,
2968 1946 3229 2019 arbores,
3258 1957 3426 2015 prata,
3456 1946 3645 2004 ﬂuvios

2067 2016 2406 2090 depingunt;'
2433 2030 2488 2073 et
2534 2034 2653 2071 cum
2704 2025 2948 2090 naturam
3000 2016 3099 2069 sibi
3147 2018 3492 2090 opitulantetn
3541 2037 3645 2075 non

2071 2087 2283 2153 habent,
2304 2099 2416 2144 arte
2440 2098 2699 2143 conantur
2741 2102 2834 2156 per
2869 2087 3107 2141 colorum
3145 2088 3427 2142 mixtiones
3467 2105 3645 2144 rermn

2068 2161 2323 2231 imagines
2369 2161 2581 2214 oﬂerre.
2611 2158 3037 2231 Fluviumeuim
3070 2168 3472 2231 repra-se‘ntant,
3516 2160 3647 2215 nihil

2066 2245 2095 2282 a
2137 2226 2408 2286 fluminum
2453 2233 2605 2284 alveo
2663 2229 2879 2281 mutuati
2914 2245 2927 2280 :
2960 2227 3227 2281 hominem
3281 2226 3510 2292 faciunt,
3553 2246 3648 2284 na-

2067 2312 2182 2358 tura
2215 2304 2440 2355 hnmana
2472 2302 2597 2353 nihil
2630 2299 2732 2353 sibi
2762 2297 3154 2352 commodante.
3185 2298 3644 2362 Quemadmodum

2066 2389 2194 2441 ergo
2217 2373 2444 2440 pictores
2468 2371 2704 2441 colorum
2737 2384 2835 2436 ope
2867 2368 3156 2441 hominem,
3177 2366 3397 2441 fontem,
3422 2367 3645 2426 iluvium

2065 2437 2375 2511 depingunt,
2407 2456 2527 2511 cum
2560 2440 2689 2492 nihil
2719 2457 2745 2490 ιι
2777 2440 2939 2501 fonte,
2963 2437 3230 2511 lluviqvel
3259 2438 3471 2493 homine
3490 2455 3645 2511 acce-

2068 2506 2254 2575 perint
2269 2528 2281 2563 :
2309 2513 2386 2564 sic
2410 2522 2461 2563 et
2493 2510 2723 2578 Spiritus
2751 2517 2966 2562 sanctus
2994 2508 3044 2561 in
3071 2506 3293 2578 Virgine
3322 2524 3428 2578 non
3451 2510 3647 2564 colori-

2065 2583 2182 2639 bus.
2212 2582 2303 2634 sed
2361 2577 2639 2635 voluntate
2690 2578 2975 2630 animatum
3024 2577 3320 2631 elformavit
3346 2577 3638 2647 hominem,

2066 2653 2378 2720 nullumque
2407 2659 2674 2703 mutuatus
2698 2656 2782 2703 cst
2803 2649 2872 2700 ab
2901 2646 3126 2701 humana
3154 2659 3340 2720 natura
3367 2664 3549 2720 semen
3577 2654 3641 2704 ad

2067 2724 2204 2776 alius
2227 2722 2683 2775 constitutionem.
2735 2720 2874 2771 Deus
2899 2729 3119 2786 accepto
3146 2719 3362 2786 pulvere
3391 2719 3458 2773 de
3497 2728 3638 2775 terra

2067 2808 2172 2846 non
2198 2791 2440 2845 humanis
2468 2789 2712 2844 manibus
2739 2790 2755 2856 (
2784 2788 3129 2857 incomposita
3156 2789 3351 2857 quippe
3375 2798 3458 2843 est
3476 2790 3644 2845 deita-

2066 2865 2132 2915 tis
2163 2872 2347 2916 natura
2371 2862 2391 2932 )
2418 2860 2678 2932 Adamuni
2730 2868 2787 2913 ιιι
2826 2859 2992 2911 voluit
3045 2858 3342 2932 elformavit
3374 2879 3388 2914 :
3416 2861 3645 2929 Spiritus

2066 2948 2195 2987 vero
2219 2928 2434 2988 sanctus
2458 2948 2561 2985 non
2593 2930 2863 2999 pulverem
2892 2932 3125 3001 accepit,
3140 2944 3244 3001 non
3275 2928 3502 2984 humana
3526 2932 3646 3001 lego

2065 3016 2247 3057 semen
2278 3003 2420 3070 injici
2449 3002 2736 3067 concessit,
2762 3002 2855 3055 sed
2896 3001 3068 3053 solum
3114 3000 3307 3065 illuxit,
3338 3014 3458 3054 ossa
3489 3000 3639 3055 com-
3686 3043 3693 3050 .

2066 3073 2232 3143 pegit,
2252 3087 2442 3127 nervos
2477 3071 2731 3137 tetendit,
2755 3086 2940 3135 nares,
2960 3085 3136 3134 aures,
3160 3073 3363 3143 oculos,
3389 3071 3638 3140 linguam,

2066 3140 2272 3207 inaniis,
2299 3145 2491 3212 pedes,
2523 3143 2756 3196 animam
2778 3183 2792 3204 ,
2825 3150 3058 3195 mentem
3077 3180 3092 3204 ,
3124 3140 3521 3212 cogitationem,
3550 3158 3641 3196 ra-

2066 3216 2263 3267 tionem
2292 3211 2603 3276 constituit;
2633 3213 2734 3266 eisi
2768 3212 2816 3265 id
2851 3211 3082 3265 haeretici
3112 3211 3329 3263 tuinime
3363 3212 3545 3266 velint.
3576 3212 3643 3267 Ut

2062 3285 2202 3337 enim
2250 3284 2302 3348 ii,
2349 3285 2439 3353 qui
2492 3286 2542 3337 in
2588 3283 2804 3351 Speculo
2853 3281 3176 3353 respiciunt,
3233 3280 3511 3353 imaginem
3560 3284 3641 3336 sui

2064 3350 2553 3423 oppositam'uculis
2582 3350 2781 3415 vident,
2810 3368 2872 3405 ex
2902 3350 3112 3423 informi
3142 3352 3358 3405 materia
3381 3362 3638 3419 paratam,

2066 3420 2347 3493 imaginem
2395 3438 2539 3491 saepe
2583 3423 2874 3482 ridentem,
2903 3420 3141 3493 flentem,
3171 3434 3514 3493 commotam,
3553 3438 3646 3475 va-

2067 3490 2517 3547 rios'snbeuntem
2569 3492 2775 3549 modos.
2808 3506 2871 3543 ac
2920 3491 3151 3544 viventis
3200 3490 3383 3543 forma:
3430 3491 3643 3545 habitus

2066 3564 2359 3615 imitantem
2395 3579 2408 3613 :
2439 3563 2517 3615 sic
2546 3572 2601 3613 et
2643 3562 2871 3628 Spiritus
2900 3570 3116 3612 sanctus
3154 3560 3206 3611 in
3238 3573 3370 3627 puro
3398 3562 3641 3627 speculo,

2068 3631 2408 3684 immaculato
2458 3646 2650 3697 nempe
2710 3629 2939 3697 Virginis
2989 3643 3215 3695 corpore
3268 3630 3458 3693 illuxit,
3519 3647 3642 3699 per-

2066 3703 2365 3768 fectumque
2405 3702 2607 3754 creavit
2648 3700 2937 3761 hominem,
2978 3714 3084 3751 non
3118 3700 3232 3768 lege
3276 3708 3508 3764 natum,
3536 3717 3640 3754 non

2074 3782 2332 3839 tempore,
2363 3785 2467 3823 non
2495 3770 2729 3823 humano
2752 3769 2956 3822 semine
2980 3782 3122 3839 usus.
3154 3768 3247 3839 sed
3268 3769 3385 3823 solo
3404 3780 3642 3837 aspectu,

2064 3856 2126 3894 ac
2154 3836 2411 3909 spirituali
2460 3851 2749 3909 sanctaque
2788 3840 3003 3909 virtute,
3034 3836 3302 3907 thinem
3334 3839 3400 3894 ad
3427 3836 3638 3907 partum

2069 3908 2256 3975 movit,
2298 3908 2844 3979 ineﬂ'abiliquemodo
2874 3908 3132 3962 infantem
3165 3910 3217 3961 in
3249 3910 3334 3961 illa
3364 3916 3640 3964 contexuit

2072 3988 2128 4035 ut
2158 3982 2534 4036 vestimentum
2565 4022 2578 4042 ,
2607 3981 2671 4032 ad
2700 3979 2924 4032 salutem
2957 3979 3251 4031 hominum.
3285 3980 3407 4032 Haec
3433 3980 3647 4046 quidem

2067 4052 2137 4104 ita
2182 4065 2241 4105 se
2288 4050 2506 4105 habent.
2564 4050 2670 4103 Nos
2699 4059 2877 4102 autem
2921 4063 3017 4116 pro
3068 4048 3175 4102 illis
3217 4064 3335 4117 qua:
3392 4048 3644 4115 diximus,

2063 4121 2285 4189 gloriam
2318 4121 2426 4174 Deo
2450 4159 2465 4184 ,
2494 4121 2581 4189 qui
2617 4131 2832 4187 propter
2858 4133 2956 4171 nos
2986 4117 3147 4189 homo
3176 4117 3347 4189 factus
3371 4126 3475 4183 est,
3503 4119 3638 4172 refe-

2066 4188 2245 4245 ramus
2269 4208 2284 4245 :
2307 4192 2431 4259 quia
2478 4188 2575 4257 ipsi
2620 4190 2809 4258 gloria,
2838 4203 3045 4242 necnon
3076 4188 3218 4241 Patri
3238 4197 3293 4243 et
3318 4198 3503 4241 sancto
3530 4189 3648 4256 Spi-

2066 4262 2186 4315 ritui
2207 4302 2223 4325 ,
2255 4262 2304 4314 in
2332 4263 2526 4315 saecula
2554 4260 2891 4313 saeculorum.
2920 4262 3114 4313 Amen.

2558 4462 2956 4471 ————--—-——

2483 4462 2727 4470 __._._
2748 4462 3583 4513 ...ΞΓ

1467 4787 1574 4850 AD
1602 4788 2015 4850 HOMILIAM
2058 4788 2558 4863 SEQUENTEM.

446 4936 563 4991 Non
600 4946 683 4990 est
722 4937 862 5005 quod
907 4935 1096 4991 lectori
1140 4936 1447 5005 probemus,
1496 4942 1565 5005 et
1632 4930 1961 5000 argumentis

379 5003 826 5066 demonstremus.
853 5006 989 5059 hanc
1010 5003 1281 5059 homiliam
1322 5003 1543 5074 perinde
1571 5011 1730 5070 atque
1758 5017 1961 5069 praece-

377 5079 566 5130 dentes
595 5089 870 5127 sermones
898 5076 1288 5142 supposititiam
1324 5073 1476 5142 esse.
1528 5073 1644 5139 Ipsa
1676 5086 1759 5142 res
1783 5087 1878 5139 per
1904 5086 1965 5142 se

377 5150 590 5200 clamat.
616 5144 837 5199 Ubinam
854 5139 1269 5214 ChfySostomus
1288 5145 1357 5197 ita
1382 5141 1624 5204 balbutit,
1643 5152 1699 5194 ut
1722 5139 1808 5193 hic
1828 5141 1964 5209 quis—

2066 4931 2187 5001 quis
2218 4931 2428 4985 tandem
2456 4933 2524 5004 sit
2558 4930 2871 5004 Grazculns‘?
2918 4934 3070 5002 cujus
3113 4937 3423 5004 opusculum
3456 4954 3560 4992 non
3596 4942 3645 4992 in

2070 5003 2336 5127 pantaucum
2368 5002 2753 5069 emisissemus,
2785 5002 2884 5057 nisi
2916 5002 3271 5073 Savilius'jam
3318 5008 3457 5060 inter
3485 5009 3639 5063 dubia

2069 5091 2100 5127 e
2142 5091 2154 5126 ι
2196 5083 2342 5127 isset.

1084 5370 1145 5413 IN
1190 5366 1625 5412 PBODITIONEM
1669 5365 2079 5418 SBBVATORIS,
2126 5365 2206 5406 ET
2249 5364 2312 5407 IN
2349 5363 2670 5409 LOTIONEM
2711 5364 2953 5408 PEDUH.

1823 5508 2080 5529 —-.-—-

448 5608 500 5660 l.
532 5606 736 5661 Vellem
776 5606 948 5658 erucis
973 5605 1364 5674 speculationes
1395 5606 1446 5659 in
1473 5605 1631 5659 finem
1663 5604 1949 5668 deducere,

378 5694 483 5732 non
508 5677 656 5748 quasi
681 5691 840 5730 sensa
868 5687 1201 5748 asseqtiutns.
1235 5677 1327 5729 sed
1356 5686 1414 5729 ut
1442 5691 1503 5729 ea
1529 5692 1624 5744 pro
1651 5675 1950 5748 virili‘lide-

387 5743 831 5813 lihns'exponzun.
874 5746 986 5800 Non
1010 5743 1174 5800 deest
1202 5749 1396 5817 quippe
1441 5743 1617 5801 sermo
1660 5746 1726 5799 ad
1780 5743 1960 5801 divina

2067 5602 2281 5673 eloquia
2312 5601 2662 5673 explicanda;
2698 5617 2884 5658 verum
2920 5600 3062 5655 dicta
3092 5602 3391 5656 cornmetiri
3423 5614 3633 5671 oportet

2067 5671 2189 5727 cuni
2222 5674 2454 5726 humana
2490 5671 2765 5737 facultate,
2805 5689 2909 5727 non
2951 5673 3106 5742 quasi
3148 5674 3262 5741 ipsa
3296 5672 3529 5727 sufficiat
3564 5676 3630 5727 ad

2066 5744 2645 5815 cumprehensionem,
2695 5743 2785 5797 sed
2829 5747 2983 5813 quasi
3021 5743 3130 5795 Deo
3173 5744 3477 5814 pratbente;
3525 5761 3631 5798 nou
