4028 6144
410 307 511 360 ἸΙῗὶ

409 430 603 490 quanta
633 419 761 490 dare
787 426 959 490 potest
985 417 1149 490 is‘qui
1176 417 1284 490 dat,
1338 416 1431 490 sed
1460 426 1654 490 quanta
1686 423 1861 483 potest
1885 429 1976 490 ea-

412 485 538 559 pere
569 492 615 544 is
640 489 725 554 qui
768 488 976 551 accipit.
1018 485 1488 559 Quemadmodum
1519 487 1662 539 enim
1697 495 1869 559 mater
1908 486 1984 559 la-_-

410 553 568 613 ἐπερηιί
614 553 829 625 puerulo
864 571 1052 624 panem
1113 565 1283 623 potest
1325 556 1540 624 quidem
1583 556 1842 622 przeberc.
1888 553 1984 607 sed

413 631 585 683 infans
614 628 705 679 illo
734 628 805 678 uti
826 627 1038 695 nequit:
1066 627 1132 678 ita
1163 640 1259 678 nec
1278 626 1384 678 Deo
1407 626 1732 691 impossibile
1749 637 1828 678 est
1849 640 1984 691 pra:-

413 702 537 753 bere
564 694 875 765 sapientiam
901 694 1154 763 majorem
1185 704 1238 748 et
1259 696 1714 762 supernaturalem
1732 711 1744 759 ;
1765 695 1857 747 sed
1887 707 1985 746 nos

409 784 597 837 capere
632 764 734 820 non
778 770 1030 837 valemus.
1064 764 1194 818 Cum
1245 767 1384 837 enim
1419 770 1470 819 in
1525 766 1730 818 mortali
1758 778 1986 831 corpore

411 835 723 899 liabitemus,
756 836 1110 903 cognitionem
1135 835 1342 888 mortali
1374 847 1575 889 natura».
1604 846 1983 902 congruentem

409 909 717 977 accipimus.
747 907 886 959 Nihil
915 921 1041 974 ergo
1069 908 1221 977 nobis
1254 908 1386 959 Deus
1417 908 1661 974 loquutus
1684 917 1982 977 estSccnnf

408 973 541 1032 duni
574 978 950 1046 perlecrionem
989 973 1093 1046 sibi
1145 973 1561 1041 competentem,
1605 976 1696 1029 sed
1748 976 1887 1027 dicta
1917 973 1982 1026 ad

411 1045 711 1102 mensuram
735 1045 1053 1101 infirmitatis
1090 1056 1285 1097 nostra:
1310 1046 1640 1115 temperavit.
1682 1046 1800 1098 Ideo
1841 1046 1984 1097 dice-

414 1120 501 1172 bat
522 1118 774 1173 Servatur
801 1133 811 1165 :
842 1116 893 1167 Μ
903 1117 1008 1168 ulta
1024 1115 1179 1167 habeo
1201 1115 1384 1178 dicere,
1407 1116 1496 1169 sed
1514 1133 1613 1168 non
1640 1116 1839 1182 potestis
1863 1130 1986 1184 por-

412 1200 519 1240 tare
548 1187 694 1240 modo
722 1186 905 1254 (Jonn.
938 1185 1022 1239 16.
1058 1184 1191 1255 l2);
1224 1195 1275 1238 ct
1301 1186 1423 1239 alibi
1463 1186 1589 1241 dicit
1614 1186 1864 1239 Sermtor
1890 1184 1984 1237 Ni-

410 1259 631 1311 codemo
653 1276 664 1310 :
697 1256 756 1310 Si
775 1267 967 1308 terrena
986 1256 1091 1306 diri
1108 1256 1263 1319 vobis,
1288 1267 1448 1308 etnon
1474 1258 1691 1317 crulitts,
1711 1257 1985 1324 quomodo,

419 1332 465 1383 si
493 1328 669 1382 dixero
696 1327 828 1379 vobis
855 1327 1088 1384 rwtestia.
1116 1327 1324 1378 credetis
1369 1325 1387 1395 (
1410 1327 1540 1378 Ibid.
1575 1328 1626 1380 5.
1658 1327 1723 1379 l2
1742 1327 1802 1396 )‘i
1833 1327 1985 1396 illica-

411 1415 530 1453 mus
556 1414 701 1466 ergo,
736 1398 841 1449 llco
868 1396 1257 1465 suppedilttttle,
1287 1406 1538 1466 quantum
1570 1395 1794 1449 humana
1824 1395 1983 1448 facul-

413 1483 490 1523 tas
509 1465 646 1523 ferre
675 1476 863 1535 potest.
891 1466 1000 1518 Diei
1029 1480 1155 1518 vero
1176 1465 1399 1535 spatium
1421 1467 1573 1520 nobis
1598 1466 1983 1533 prirsciuditur,

413 1540 710 1593 volentibus
740 1538 959 1589 ulterius
988 1536 1283 1604 speculari;
1319 1537 1708 1605 praéscintlilor,
1749 1550 1983 1605 mquam,

411 1611 478 1662 ab
505 1607 907 1676 Evangeliorum
941 1607 1184 1659 lectione.
1231 1604 1426 1660 Verum
1464 1607 1587 1660 illud
1613 1607 1717 1661 aiio
1746 1604 1986 1674 tempore

411 1683 654 1742 dicetur;
684 1678 787 1747 jam
810 1677 876 1729 de
908 1677 1142 1747 iis,quaa
1174 1678 1224 1729 in
1245 1676 1347 1747 hac
1368 1676 1453 1730 die
1477 1688 1621 1745 gesta
1654 1684 1796 1741 sunt,
1826 1676 1984 1730 verba

414 1746 691 1803 faciamus.
744 1748 911 1800 llotlie
957 1746 1198 1799 Christus
1243 1746 1342 1800 hoc
1391 1747 1575 1815 quiqu
1621 1746 1825 1800 sabbati
1875 1747 1988 1799 sive

414 1818 762 1874 ltcbdomadtc
783 1817 887 1880 dio,
915 1817 965 1868 in
1005 1831 1221 1882 vespera
1254 1827 1376 1868 ante
1405 1822 1724 1884 passionem.
1756 1817 1989 1882 discipu-

414 1892 580 1943 lorum
615 1889 773 1952 pedes
806 1887 951 1946 lavit,
982 1895 1034 1938 et
1061 1885 1262 1938 Pascha
1283 1887 1334 1938 in
1364 1887 1479 1954 lege
1508 1886 1785 1955 ﬁguratum
1817 1886 1989 1951 perfe-

411 1963 503 2022 cit,
532 1959 870 2023 salutareque
898 1956 1158 2026 passionis
1187 1957 1495 2026 mysterium
1527 1957 1770 2021 tradidit;
1798 1965 1853 2009 ιιι
1875 1956 1985 2022 jam

413 2044 537 2083 vere
591 2028 848 2087 dicamus,
896 2025 1132 2078 veritatis
1185 2025 1487 2079 sermonem
1535 2028 1824 2080 nonnobis
1853 2042 1988 2092 prai-

411 2098 578 2152 scindi
609 2115 622 2151 :
658 2112 775 2149 nam
810 2095 891 2147 illa
923 2094 1189 2148 enarratio
1215 2095 1279 2148 ad
1306 2111 1516 2149 crucem
1565 2106 1784 2164 Spectat.
1830 2107 1883 2148 et
1909 2097 1985 2148 sic

413 2169 595 2238 regula
627 2177 885 2218 servatur.
929 2165 1214 2218 Veniamus
1237 2180 1365 2238 ergo
1394 2166 1459 2219 ad
1486 2168 1701 2238 seriem,
1729 2167 1812 2219 illa
1856 2180 1990 2233 prae-

413 2236 735 2299 sci'ndeutes,
792 2245 847 2287 ut
892 2245 1103 2303 gustum
1145 2236 1427 2304 quemdam
1467 2239 1515 2288 in
1552 2237 1756 2290 animas
1783 2246 1990 2289 vestras

412 2308 605 2364 Christi
628 2315 864 2359 amantes
887 2306 1196 2359 inferamus.
1216 2306 1494 2370 Quomodo
1518 2306 1868 2375 intelligenda:
1884 2307 1989 2358 sint

413 2379 724 2434 traditiones
745 2375 811 2429 de
837 2376 1006 2430 sacris
1033 2377 1298 2445 mysteriis
1325 2382 1538 2436 nostris.
1573 2378 1715 2430 brevi
1759 2388 1807 2428 et
1845 2378 1984 2430 clara

410 2447 860 2505 demonstratione
885 2446 1230 2511 explicemus.
1256 2447 1388 2499 Dicit
1406 2445 1656 2501 Servator
1677 2447 1949 2514 discipulis
1970 2467 1982 2499 :

414 2520 567 2574 Scitis
592 2518 708 2586 quia
736 2525 844 2584 post
873 2516 1077 2568 biduum
1102 2515 1303 2586 Pascha
1323 2517 1439 2584 ﬁet;
1489 2526 1533 2570 et
1580 2516 1746 2571 Filius
1775 2516 1990 2569 hominis

411 2585 666 2658 tradetur,
682 2597 736 2658 ut
757 2586 1080 2658 cruciﬁgatttr
1118 2585 1136 2656 (
1158 2585 1340 2658 Matth.
1364 2586 1453 2640 26.
1486 2590 1521 2639 2
1545 2588 1585 2658 ).
1612 2588 1765 2656 Saepe
1784 2586 1981 2658 Serva-

414 2670 498 2713 tor
529 2657 773 2728 pra-dixit
796 2655 1071 2723 discipulis
1099 2655 1208 2709 suis
1238 2657 1390 2709 simul
1417 2655 1705 2712 OSIeudeus
1725 2673 1784 2710 se
1812 2657 1987 2711 scien-

416 2741 520 2782 Ictu
551 2745 654 2781 non
706 2728 905 2794 fugere,
955 2740 1051 2778 nec
1089 2735 1504 2793 pneuoscentem
1548 2728 1844 2791 declinare;
1887 2742 1989 2780 una

412 2816 541 2854 vero
570 2797 763 2850 sedans
789 2796 1149 2866 apostolorum
1169 2797 1395 2862 animos,
1428 2807 1482 2850 ut
1508 2799 1673 2866 parati
1700 2806 1753 2852 et
1784 2799 1989 2865 praescii

415 2868 866 2937 perturbationem
886 2864 1197 2937 effugerent.
1216 2866 1347 2920 Cum
1375 2882 1461 2920 res
1487 2864 1791 2935 praescitur,
1809 2882 1989 2935 repen-

416 2936 556 2992 tinus
585 2950 741 2990 casus
771 2936 1219 3001 perturbationem
1244 2952 1346 2990 non
1376 2938 1548 2991 alfert.
1568 2938 1717 3004 Quod
1745 2948 1797 2990 et
1828 2937 1988 2990 David

417 3008 662 3078 praedixit
690 3004 957 3078 :_Parutus
996 3024 1142 3078 sunt,
1185 3017 1231 3059 et
1280 3024 1380 3060 non
1406 3026 1519 3061 sum
1544 3007 1768 3078 turbatus
1796 3010 1814 3078 (
1840 3006 1981 3060 Psal.

415 3075 536 3134 118.
562 3076 689 3144 60).
717 3075 825 3129 lloc
852 3076 905 3127 lit
932 3077 981 3128 in
1008 3076 1252 3130 tonitruis
1277 3096 1290 3128 :
1317 3078 1621 3146 praecedens
1642 3075 1819 3146 fulgur
1839 3092 1989 3130 men-

417 3160 519 3202 tem
552 3155 813 3217 praeparat
834 3146 898 3198 ad
930 3147 1124 3199 tonitru
1152 3147 1540 3217 excipiendum,
1576 3158 1633 3201 ut
1662 3147 1990 3215 exspectatio

418 3216 672 3288 majorem
699 3216 1161 3288 solvat_timOretn.
1199 3216 1302 3288 (Sic
1322 3226 1375 3270 et
1399 3218 1742 3288 Servatorue
1771 3224 1989 3288 repente

414 3306 479 3344 cx
503 3285 755 3357 passione
787 3285 1149 3348 turbarentur,
1198 3287 1340 3339 illam
1366 3286 1622 3354 praedicit,
1655 3287 1722 3340 ita
1754 3286 1988 3339 utetiam

415 3356 670 3428 apoStolis
706 3357 1084 3424 exprobraret,
1133 3356 1600 3428 diceretquepOst
1646 3360 1993 3428 resurrectio-

417 3426 535 3484 nem
572 3448 583 3482 :
618 3426 686 3481 Hi
715 3434 831 3496 sunt
859 3441 1110 3479 sermones
1138 3427 1253 3488 mei,
1285 3443 1407 3494 quos
1439 3426 1672 3496 loquutus
1695 3443 1806 3480 sum
1830 3426 1986 3490 vobis,

450 3502 531 3553 uia
559 3506 752 3566 oportet
774 3494 966 3567 Filium
994 3496 1210 3548 hominis
1233 3496 1389 3549 multa
1419 3494 1522 3565 pati
1547 3496 1705 3567 (Luc.
1733 3497 1824 3551 24.
1855 3498 1925 3551 44
1945 3497 1986 3566 ).

450 3518 531 3553 uta
559 3518 752 3566 oportet
774 3518 966 3548 rusum
994 3518 1210 3548 nouunt:
1233 3518 1389 3549 muua
1419 3518 1521 3565 pou
1547 3518 1705 3567 (huc.
1734 3518 1824 3551 ΖΨ.
1855 3518 1925 3551 44
1945 3518 1986 3566 ).

414 3518 783 3638 ἒιιιτυδταὴιιι
813 3566 936 3629 illis,
964 3567 1107 3634 quod
1129 3582 1370 3638 seupmn,
1399 3584 1505 3635 quo
1535 3569 1649 3621 hinc
1675 3568 1992 3636 pra-dixerat

416 3635 541 3703 illis,
579 3653 684 3691 non
730 3647 994 3707 asseqnnti
1044 3647 1242 3707 essent.
1302 3635 1548 3698 Prtetlixi,
1581 3635 1767 3707 inquit,
1799 3649 1852 3689 ut
1885 3654 1987 3691 non

415 3706 826 3762 scandalizemiui
850 3703 1036 3773 (Jonn.
1067 3707 1150 3758 l6.
1180 3709 1200 3760 1
1231 3705 1350 3776 );7et
1396 3708 1623 3760 turbatio
1653 3703 1745 3759 vos
1765 3722 1989 3776 occupa-

416 3781 510 3833 vit.
544 3777 696 3830 Scitis
718 3776 836 3842 quia
866 3786 975 3841 post
1023 3776 1223 3827 biduum
1271 3775 1468 3828 Pascha
1501 3779 1603 3844 ﬁet,
1630 3788 1674 3829 et
1700 3777 1866 3830 Filius
1900 3775 1991 3831 ho-

417 3849 566 3901 minis
584 3844 826 3917 tradetur,
853 3854 906 3896 ut
932 3846 1258 3913 cruciﬁgatur
1277 3845 1486 3910 (Matth.
1515 3847 1603 3901 26.
1624 3847 1697 3917 2).
1722 3847 1986 3916 Nusquam

418 3917 655 3989 reperies
701 3916 1048 3989 Servatorem-
1085 3917 1463 3989 memoravisse
1504 3918 1839 3989 passionem,
1888 3919 1987 3972 nisi

419 3984 699 4055 hn'manatn
733 3999 1013 4055 personam
1038 3984 1396 4055 inducentem,
1423 3994 1478 4039 et
1506 3989 1652 4055 quasi
1680 3988 1749 4041 de
1769 3989 1874 4041 alio
1905 3990 1987 4041 lo-

416 4069 626 4128 quatur.
655 4054 770 4109 Non
788 4055 947 4128 dixit,
975 4054 1193 4128 Tradar,
1226 4055 1319 4109 sed
1350 4053 1539 4108 Filius
1558 4058 1774 4109 hominis
1823 4060 1991 4112 trade-

417 4124 519 4193 tur,
570 4138 623 4180 ut
663 4125 1001 4194 cruciﬁgalur.
1048 4124 1317 4193 Nusquam
1368 4128 1603 4194 reperies
1650 4128 1987 4184 Servatorem

417 4200 687 4260 traditum,
716 4196 808 4249 sed
838 4194 1001 4266 Filius
1024 4194 1253 4247 hominis
1273 4196 1541 4259 tradetur;
1562 4207 1614 4251 et
1632 4198 1824 4266 ubique
1840 4203 1987 4266 quasi

414 4270 483 4323 tle
507 4270 610 4322 alio
640 4268 886 4337 loquitur.
918 4265 1048 4337 (lum
1091 4281 1216 4319 vero
1242 4268 1310 4319 de
1333 4266 1608 4321 divinitate
1644 4265 1785 4321 clare
1817 4265 1987 4337 loqui-

417 4283 483 4323 ue
507 4283 610 4322 alio
641 4283 886 4388 loquitur.
918 4283 1048 4317 uuln
1091 4283 1216 4319 vero
1242 4283 1310 4319 ue
1333 4283 1608 4321 otvuutate
1644 4283 1785 4321 ctare
1817 4283 1985 4337 I0t|lll-

417 4348 521 4410 tur,
562 4340 676 4410 ait;
725 4336 813 4410 Igo
860 4347 905 4388 et
960 4335 1116 4410 Pater
1158 4352 1313 4388 unum
1343 4355 1511 4410 sumus
1537 4338 1711 4407 (Joan.
1742 4338 1985 4410 l0._50).

414 4409 529 4465 Non
579 4409 724 4467 dicit,
779 4408 888 4474 Ego
916 4416 969 4458 ct
1015 4405 1171 4459 Pater
1214 4410 1300 4468 qui
1331 4408 1472 4460 misit
1513 4405 1630 4470 me;
1661 4408 1776 4473 sed,
1810 4408 1918 4476 Ego
1944 4405 1988 4465 et

418 4479 573 4532 Pater
596 4492 748 4530 unum
776 4491 976 4536 sumus;
1021 4486 1095 4539 et,
1133 4476 1233 4541 Qui
1260 4477 1379 4528 vidit
1409 4493 1506 4540 me,
1535 4478 1655 4529 vidit
1682 4488 1726 4529 et
1760 4477 1985 4533 Patrem.

419 4550 572 4604 Scitis
601 4550 719 4615 quia
749 4556 858 4613 post
904 4544 1111 4597 biduum
1141 4545 1341 4615 Pascha
1368 4546 1471 4611 ﬁet.
1501 4557 1544 4599 et
1575 4546 1741 4600 Filius
1773 4549 1989 4604 hominis

415 4613 657 4679 trudetur,
706 4626 759 4668 ut
788 4616 1113 4686 cruciﬁgatur
1147 4613 1293 4684 (Ibid
1346 4616 1428 4668 14.
1460 4616 1550 4686 9).
1595 4616 1829 4672 Joannes
1864 4636 1990 4675 vero

413 4705 569 4753 quam
587 4698 734 4741 certo
755 4686 1012 4753 loquitur?
1035 4685 1109 4737 Ne
1124 4687 1239 4753 quis
1254 4694 1478 4753 putaret,
1501 4685 1675 4753 tempn
1720 4690 1844 4742 illud
1864 4708 1991 4756 pra:-

418 4774 542 4810 scns
563 4774 624 4810 ex
647 4764 961 4808 necess‘ttate
978 4770 1118 4817 eSse,
1147 4757 1266 4807 vide
1287 4770 1610 4824 cumquanta
1636 4760 1989 4817 afﬁrmatione

416 4828 665 4896 loquatur
696 4843 707 4876 :
736 4826 916 4896 Sciens
942 4825 1057 4891 quia
1088 4825 1213 4896 venit
1255 4824 1398 4883 hora,
1426 4837 1479 4878 ut
1515 4837 1734 4881 transeat
1786 4847 1849 4883 ex
1894 4832 1988 4884 hoc

414 4894 601 4950 mundo
627 4896 693 4948 ad
728 4894 950 4951 Putrem.
985 4910 1096 4944 cum
1117 4894 1367 4947 dilexisset
1392 4911 1523 4956 suos.
1557 4899 1607 4949 in
1641 4900 1792 4964 linem
1814 4901 1985 4953 dilexit

413 4984 497 5022 eos
529 4966 705 5036 (Ibid.
740 4965 823 5019 l3.
857 4966 876 5016 Ι
906 4970 921 5030 )
952 4981 965 5020 ;
994 4977 1055 5015 ac
1085 4966 1125 5014 si
1156 4964 1377 5028 diceret,
1422 4965 1715 5036 Perl'ectam
1743 4971 1986 5023 exhibuit

413 5035 709 5093 caritatem.
748 5036 809 5087 [Ct
834 5051 974 5087 creua
1010 5037 1144 5102 facta
1173 5049 1382 5102 surgens
1421 5035 1648 5104 deposuit
1697 5040 1986 5092 vestimenta

412 5128 526 5172 sua,
559 5118 603 5162 et
628 5107 884 5178 prmcinxit
915 5121 967 5178 se
992 5106 1234 5178 linteo._ct
1252 5104 1458 5178 immisit
1480 5123 1664 5178 nquam
1693 5109 1743 5159 in
1774 5110 1979 5177 pelvim,

413 5191 457 5233 et
484 5174 635 5247 erepit
668 5181 834 5232 luvare
873 5175 1417 5247 pedcsndiscipulorum
1442 5174 1615 5245 (Ibid.
1651 5192 1695 5228 υ.
1728 5174 1782 5228 2.
1814 5180 1867 5233 tl.
1893 5180 1982 5247 5).

418 5244 617 5304 l‘utleat
663 5247 958 5302 haarcticos.
986 5245 1040 5298 Si
1084 5244 1303 5298 audiant
1332 5244 1665 5299 Servatorem
1695 5244 1981 5312 dicentem,

416 5320 573 5375 Facio
599 5320 919 5374 voluntatem
949 5316 1117 5368 Patris
1144 5318 1269 5381 mei,
1301 5316 1477 5369 statim
1505 5317 1685 5370 dicunt
1715 5324 1729 5385 (
1761 5319 1895 5372 Ibid.
1926 5322 1978 5375 5.

416 5392 504 5446 50.
546 5400 590 5443 et
620 5392 673 5444 6.
699 5390 766 5443 58
788 5395 805 5455 )
831 5405 844 5439 :
877 5385 1080 5449 Viden’,
1113 5388 1379 5453 quomodo
1406 5387 1647 5441 Slllltllltls
1685 5391 1750 5443 sit
1777 5401 1831 5443 et
1857 5393 1986 5444 obc-

415 5463 525 5513 diat
565 5460 742 5513 Patri?
788 5459 840 5509 In
891 5458 976 5509 illa
1009 5456 1136 5509 liora
1168 5472 1277 5510 rem
1308 5458 1595 5511 terribilem
1639 5460 1819 5515 videre
1848 5472 1980 5515 erat.

415 5529 521 5582 Cur
545 5531 773 5583 surrexit
796 5536 850 5581 et
874 5526 1121 5594 deposuit
1139 5527 1507 5581 vestimentum
1531 5544 1703 5591 suum,
1733 5533 1820 5599 qui
1846 5533 1980 5584 ami-

417 5610 533 5651 cms
560 5612 669 5651 erat
699 5600 895 5651 lumine
915 5604 1050 5649 Sicut
1079 5598 1483 5659 vestimento,et
1511 5598 1781 5666 prmcinxlt
1799 5619 1857 5656 se
1881 5601 1988 5656 lin-

422 5670 538 5718 teo?
566 5670 713 5720 'l‘uuc
752 5668 932 5720 videre
978 5677 1091 5719 erat
1138 5682 1313 5719 veram
1359 5668 1500 5721 illam
1551 5670 1694 5724 Pauli
1752 5690 1980 5728 vocem:

423 5730 550 5783 Cum
583 5732 635 5784 in
669 5739 834 5802 [arma
863 5734 957 5786 Dei
984 5745 1125 5799 esset,
1156 5740 1367 5805 formam
1396 5739 1521 5790 servi
1538 5745 1726 5810 accepit
1750 5744 1902 5817 (Phil
1914 5749 1977 5812 ρ.

1875 294 2144 352 SPURIA.

3574 302 3677 356 7l5

2090 413 2142 466 2'.
2177 414 2229 469 6.
2260 414 2348 482 7~).
2376 413 2658 468 Pr:eciuxit
2698 429 2756 469 se
2785 414 2945 469 linteo
2986 414 3073 482 qui
3105 415 3275 481 operit
3303 413 3493 467 cadum
3524 415 3681 467 nubi-

2090 484 2223 543 bus:
2276 494 2331 539 et
2363 484 2582 538 immisit
2623 500 2812 554 aquam
2862 487 2910 539 in
2965 486 3178 553 pelvim,
3224 484 3677 554 quilluminibns,

2091 554 2345 625 fontibus,
2400 556 2636 608 maribus
2661 553 2917 625 aquarum
2952 565 3193 608 naturam
3244 553 3454 607 infudit.
3483 555 3677 622 Cogita

2090 622 2402 691 'liseipulum
2432 622 2728 685 sedentem,
2765 635 2816 677 et
2852 626 3128 677 Dominum
3163 626 3498 678 incurvatum
3521 633 3579 677 et
3608 625 3676 677 ad

2090 710 2259 761 genua
2310 695 2716 761 rcSpicientt-m,
2761 696 2842 747 cui
2895 695 3124 748 flectitur
3172 710 3310 762 genu
3355 695 3674 754 cautestimu,

2093 773 2419 818 terresrrmm
2450 775 2502 818 et
2544 766 2892 823 inferuornm.
2921 765 3202 818 llumilitas
3226 764 3527 818 Servatoris
3550 780 3677 816 om-

2093 849 2211 886 nem
2244 836 2499 888 csstinxit
2547 836 2848 902 superbiam
2882 854 2894 887 :
2943 836 3030 887 illa
3063 834 3318 889 modestia
3342 848 3557 887 omnem
3580 850 3673 887 cx-

2090 905 2275 957 stinxit
2303 907 2680 973 arrogantiam.

2162 974 2216 1027 2.
2247 977 2376 1028 Cum
2409 978 2562 1029 video
2588 977 2923 1029 Servatorem
2952 975 3212 1028 lavantem
3247 974 3406 1042 pedes
3435 973 3679 1040 discipn.

2092 1043 2288 1114 lorum,
2322 1044 2466 1098 Isaia:
2495 1045 2567 1114 (ιι)
2595 1049 2730 1098 circa
2750 1046 3047 1113 superbiam
3075 1053 3308 1114 nostram
3331 1044 3525 1114 dictum
3551 1060 3678 1112 pro-

2090 1112 2203 1168 fero
2237 1132 2248 1166 :
2280 1114 2415 1178 Quid
2441 1112 2664 1183 superbit
2695 1125 2827 1167 terra
2853 1124 2898 1167 et
2925 1116 3051 1167 cinis
3082 1113 3281 1183 (Eccli.
3316 1114 3404 1167 10.
3436 1113 3533 1184 9)?
3561 1114 3669 1166 Co

2089 1186 2193 1252 gita
2232 1185 2509 1237 Dominum
2550 1185 2920 1239 iucnrxantem
2959 1201 3016 1239 se
3045 1185 3111 1237 ad
3152 1184 3313 1250 pedes
3350 1198 3673 1245 servorum,

2089 1264 2141 1306 et
2171 1256 2431 1308 lavantem
2474 1256 2634 1322 ipsos.
2669 1255 2945 1320 Quomodo
2976 1254 3088 1308 ha-e
3122 1254 3383 1317 dicantur,
3416 1255 3495 1306 vel
3534 1269 3677 1322 quu-

2092 1326 2249 1377 tnodo
2294 1327 2598 1378 taceantur?
2643 1328 2831 1378 Sermo
2871 1341 2975 1377 non
3020 1324 3250 1389 sul'licit,
3293 1325 3557 1377 silentium
3608 1324 3676 1376 de

2091 1394 2296 1462 ingrato
2324 1396 2502 1447 animo
2530 1404 2763 1464 accusat.
2797 1395 2995 1464 Ecquid
3039 1394 3324 1456 faciemus,
3356 1407 3476 1446 cum
3512 1409 3678 1447 enar-

2092 1479 2211 1516 rare
2238 1481 2340 1517 non
2377 1466 2674 1532 possimus?
2704 1463 2864 1531 Coepit
2903 1468 3070 1518 lavare
3098 1465 3245 1532 pedes
3270 1465 3637 1530 discipulorum
3658 1506 3674 1525 ,

2090 1543 2136 1586 et
2156 1534 2310 1605 linteo
2339 1545 2545 1603 terqere.
2583 1535 2659 1587 Ne
2701 1551 2857 1589 unam
2888 1534 3102 1605 quidem
3133 1534 3415 1605 ministerii
3439 1534 3676 1600 Speciem

2092 1604 2322 1673 reliquit.
2350 1605 2464 1659 Non
2495 1605 2753 1672 permisit,
2787 1617 2838 1659 ιιι
2872 1604 3004 1674 aqua
3034 1606 3100 1658 ab
3127 1606 3246 1657 aliis
3276 1604 3674 1668 immitteretur,

2090 1683 2144 1745 et
2175 1675 2285 1741 ipse
2319 1676 2541 1729 Iavaret:
2572 1690 2742 1741 neque
2782 1677 2893 1745 ipse
2922 1675 3064 1738 lavit,
3093 1684 3145 1729 et
3172 1675 3257 1727 alii
3284 1675 3671 1728 absterscrnnt.

2095 1744 2419 1814 Videturque
2450 1746 2532 1798 hic
2563 1744 2880 1815 stupendum
2920 1745 3186 1815 quoddam
3235 1745 3548 1815 mysterium
3593 1746 3675 1795 di-

2091 1815 2307 1882 scipulis
2351 1832 2479 1877 aper
2503 1832 2575 1868 re.
2624 1814 2751 1869 Cum
2797 1814 3080 1880 dilexisset,
3140 1816 3345 1884 inquit,
3397 1814 3680 1883 discipulos

2091 1900 2228 1950 suos,
2259 1886 2311 1937 in
2338 1887 2488 1953 ﬁnem
2517 1886 2691 1939 dilexit
2714 1902 2817 1951 eos,
2841 1887 2968 1940 dicit
2988 1883 3236 1940 Joannes.
3270 1883 3333 1937 Et
3355 1900 3492 1937 anno
3515 1889 3674 1952 facta,

2090 1970 2206 2026 cum
2224 1955 2338 2026 jam
2367 1956 2598 2008 diabolus
2618 1956 2898 2010 immisisset
2922 1957 2972 2009 in
3000 1973 3086 2009 cor
3110 1955 3265 2008 Judw
3283 1954 3506 2026 Simonis
3531 1953 3681 2005 lsca-

2091 2025 2233 2095 ricta:
2255 2067 2268 2088 ,
2302 2034 2352 2077 ut
2391 2028 2607 2078 truderet
2644 2043 2756 2079 eum
2776 2067 2790 2088 ,
2834 2042 3072 2095 surgens,
3130 2026 3361 2093 deposuit
3389 2025 3682 2076 vestimenta

2092 2092 2289 2161 (Joan.
2323 2097 2407 2149 15.
2435 2095 2523 2160 2).
2552 2097 2662 2149 Non
2693 2097 2807 2150 siue
2832 2092 2989 2149 causa
3021 2096 3088 2148 ita
3113 2096 3263 2155 dixit,
3289 2095 3382 2147 sed
3415 2106 3469 2147 ut
3494 2105 3682 2147 Osten-

2092 2164 2270 2236 deret,
2295 2180 2415 2218 cum
2442 2167 2544 2232 jam
2572 2167 2807 2234 proditor
2826 2167 3178 2236 proditionem
3201 2165 3676 2236 meditatus-esset.

2091 2234 2424 2288 Servatorein
2449 2243 2630 2291 tamen
2665 2251 2768 2289 non
2799 2234 3067 2290 dubitasse
3094 2234 3380 2304 proditoris
3413 2234 3570 2301 pedes
3602 2236 3682 2287 la-

2095 2319 2219 2357 vare
2262 2321 2275 2357 :
2319 2314 2538 2358 noverat
2579 2308 2742 2374 ipsius
2781 2307 2993 2371 dolum,
3040 2316 3089 2360 et
3133 2316 3306 2358 tamen
3354 2304 3497 2357 lavit.
3536 2304 3679 2370 Quid

2093 2375 2253 2443 ergo?
2281 2391 2346 2428 an
2378 2390 2723 2443 personarum
2750 2379 2987 2443 acceptio
3006 2385 3089 2429 est
3112 2375 3248 2443 apud
3278 2376 3480 2428 Deum?
3499 2376 3674 2428 Absit.

2093 2444 2207 2497 Non
2238 2461 2449 2515 semper
2480 2446 2615 2499 inter
2645 2445 2899 2499 ludentes
2941 2457 2995 2497 et
3027 2446 3181 2499 l:e5os
3211 2452 3293 2498 est
3328 2460 3675 2512 personarum

2093 2517 2346 2584 acceptio.
2374 2516 2426 2570 Si
2450 2515 2604 2569 lmsus
2626 2515 2900 2569 laadeotem
2926 2515 3168 2580 honoret,
3193 2529 3296 2569 non
3330 2530 3675 2583 personarum

2093 2586 2356 2652 acceptio,
2390 2586 2481 2639 sed
2512 2584 2782 2639 humilitas
2811 2595 2924 2650 est;
2957 2586 3000 2638 si
3043 2602 3168 2639 vero
3210 2588 3366 2638 lassus
3392 2585 3528 2639 clam
3564 2602 3679 2638 ina-

2093 2653 2200 2706 lum
2232 2665 2499 2722 operetur,
2530 2656 2708 2723 specie
2734 2666 2908 2709 autem
2951 2655 3084 2709 bene
3121 2654 3342 2709 allectus
3370 2656 3472 2718 sit,
3501 2670 3563 2709 ea
3594 2664 3677 2709 est

2093 2723 2381 2777 simulatio.
2428 2726 2508 2777 Ab
2540 2727 2649 2793 ipsa
2693 2740 2750 2779 re
2788 2728 3087 2794 exemplum
3118 2727 3318 2794 accipe.
3352 2726 3559 2779 Sciebat
3584 2724 3679 2779 Ju-

2092 2794 2216 2855 das,
2257 2797 2344 2863 qui
2391 2796 2631 2848 tradebat
2669 2796 2976 2858 Dominum,
3022 2797 3073 2849 id
3104 2796 3324 2863 impium
3354 2810 3474 2849 esse
3505 2814 3519 2849 :
3551 2811 3674 2849 nam

2093 2863 2176 2916 cui
2209 2863 2574 2929 insidiabatur,
2604 2869 2651 2919 ei
2691 2867 2929 2919 osculum
2958 2867 3235 2920 oll’erebat.
3267 2864 3521 2920 Servatur
3545 2881 3675 2918 vero

2095 2933 2253 3006 laesus
2281 2935 2560 2988 laedentem
2592 2937 2903 3002 honorabat,
2937 2936 3078 3006 quod
3110 2951 3216 2990 non
3255 2935 3510 3003 injustitia
3539 2945 3675 2998 erat,

2093 3004 2185 3056 sed
2218 3005 2527 3058 humilitatis
2556 3021 2825 3072 excessus,
2857 3004 3014 3074 quam
3042 3017 3096 3061 et
3124 3009 3263 3060 Deus
3293 3006 3469 3059 laudat
3496 3015 3551 3060 et
3580 3009 3676 3057 lio-

2092 3075 2264 3146 miues
2311 3075 2658 3129 admirantur.
2708 3075 2798 3130 Vis
2849 3079 3152 3146 exemplum
3198 3076 3420 3130 videre?
3468 3075 3680 3130 Intuere

2092 3143 2317 3198 Joabum
2352 3146 2562 3198 Davidis
2579 3147 2767 3200 ducem
2798 3143 3091 3202 exercitus.
3123 3147 3171 3200 ls
3202 3149 3491 3208 Ahnarum,
3513 3147 3675 3200 alium

2093 3213 2302 3286 ducem,
2324 3217 2661 3286 ⁸εξιιιιιιίιξὶιίειι
2693 3218 2868 3271 verbis
2914 3218 3108 3277 coluit.
3143 3225 3197 3271 et
3218 3217 3355 3272 clam
3380 3218 3558 3286 gladio
3585 3232 3679 3284 per

2095 3284 2181 3336 ilia
2212 3283 2448 3337 confodit
2486 3303 2497 3333 :
2533 3288 2746 3340 fratrem
2777 3287 3033 3352 vocabat,
3061 3299 3115 3341 et
3139 3297 3197 3340 ut
3230 3283 3501 3341 inimicum
3529 3283 3678 3342 oeci-

2093 3354 2339 3421 tlebal(2.
2373 3356 2500 3423 Reg.
2529 3357 2580 3409 3.
2599 3356 2710 3425 27).
2734 3357 2856 3411 Ideo
2884 3359 3076 3411 malum
3105 3367 3189 3412 est
3217 3358 3506 3416 simulatio.
3531 3358 3678 3412 Alias

2092 3434 2268 3479 autem
2294 3440 2412 3478 cum
2437 3427 2500 3486 is,
2524 3428 2609 3495 qui
2641 3428 2797 3480 ltesus
2823 3435 2936 3489 est,
2971 3427 3249 3481 Ιωάθιιιυιιι
3278 3427 3541 3482 beneﬁcio
3562 3429 3677 3481 affl-

2092 3496 2198 3559 cit,
2230 3510 2314 3548 res
2340 3496 2496 3550 laude
2520 3499 2673 3565 digna
2700 3507 2801 3550 est.
2831 3497 2997 3551 Iacob
3027 3498 3243 3551 timebat
3276 3496 3493 3551 fratrem
3522 3514 3675 3551 suum

2095 3565 2233 3618 Esau
2248 3605 2263 3630 ,
2281 3575 2335 3618 et
2358 3567 2574 3635 rogabat
2592 3569 2752 3619 Deum
2776 3568 2991 3621 dicens:
3015 3567 3151 3620 Erue
3166 3584 3243 3619 me
3257 3568 3319 3619 de
3334 3584 3487 3620 manu
3504 3570 3680 3637 fratris

2094 3638 2207 3695 mei.
2239 3653 2299 3688 ne
2322 3639 2522 3690 veniens
2548 3638 2742 3689 occidat
2770 3654 2849 3691 me
2877 3641 2893 3704 (
2918 3637 3043 3691 Gen.
3075 3636 3162 3692 ‘52.
3196 3639 3303 3705 ll).
3337 3640 3469 3690 (lum
3497 3636 3674 3692 autem

2093 3705 2233 3758 videt
2265 3707 2431 3770 illum,
2467 3708 2668 3759 honore
2697 3706 2860 3761 aflicit
2888 3719 2941 3761 et
2968 3709 3042 3761 ait
3072 3726 3085 3762 :
3128 3706 3243 3759 Vidi
3279 3707 3459 3773 faciem
3496 3718 3670 3773 tuam,

2093 3791 2152 3827 uc
2180 3777 2224 3828 si
2249 3778 2356 3842 quis
2381 3778 2564 3830 videret
2607 3777 2786 3845 faciem
2819 3777 2916 3835 Dei,
2939 3777 3096 3845 (Ibid.
3127 3778 3216 3832 55.
3250 3777 3374 3846 10).
3406 3781 3534 3831 ()mn
3574 3792 3671 3829 au-

2096 3856 2198 3898 tem
2231 3845 2374 3899 illum
2405 3856 2459 3899 ut
2493 3848 2758 3900 inimicum
2786 3858 2839 3900 et
2869 3848 3185 3901 homicidam
3225 3859 3503 3910 cerneret,
3536 3849 3676 3903 Deus

2093 3930 2212 3967 eum
2242 3918 2402 3969 sciret
2428 3917 2571 3969 illum
2605 3932 2708 3969 non
2739 3918 2989 3970 insidiose
3018 3920 3086 3970 ita
3117 3918 3279 3985 loqui,
3321 3920 3415 3971 sed
3447 3926 3505 3971 ut
3542 3918 3677 3970 iusi-

2096 3986 2215 4056 dias
2235 3986 2507 4054 ell'ugeret,
2535 3988 2630 4054 ipsi
2657 3988 2907 4056 pepercit.
2932 3987 3020 4041 Sic
3040 3988 3083 4041 si
3105 3990 3223 4055 quis
3243 3988 3487 4046 amicitia:
3515 3991 3674 4041 verba

2097 4054 2356 4122 proferat,
2389 4072 2490 4108 non
2510 4074 2573 4110 ex
2598 4054 2744 4119 dolo,
2765 4058 2857 4111 sed
2880 4054 3382 4123 utdolum’ell'ugiat,
3407 4058 3542 4112 Deus
3566 4074 3672 4111 non

2095 4125 2212 4177 ideo
2241 4125 2538 4194 indignatur
2568 4145 2579 4179 :
2615 4128 2726 4193 ipse
2756 4143 2980 4196 namque
3007 4128 3121 4195 ejus
3149 4125 3336 4179 doctor
3366 4135 3450 4181 est
3484 4143 3498 4178 :
3547 4126 3676 4180 Ver-

2092 4197 2207 4268 bum
2226 4196 2535 4268 submissum
2562 4202 2739 4249 avertit
2764 4198 2892 4250 iram
2929 4196 3117 4268 (Prov.
3150 4196 3240 4268 15.
3268 4196 3347 4265 1).
3377 4198 3511 4251 Cum
3536 4198 3672 4264 jam,

2094 4264 2297 4332 inquit,
2327 4265 2572 4320 diabolus
2610 4268 2913 4321 immisisset
2939 4264 2995 4321 in
3023 4281 3118 4320 cor
3143 4265 3314 4328 Iudae,
3332 4274 3387 4319 ut
3416 4269 3676 4321 Servato-

2094 4349 2204 4387 rem
2235 4336 2503 4403 proderet,
2531 4337 2781 4391 Servatur
2807 4338 3130 4406 benignitate
3153 4336 3337 4388 volens
3356 4335 3471 4405 ejus
3498 4340 3674 4406 nigras

2097 4414 2204 4457 tum
2234 4407 2464 4458 animum
2496 4409 2739 4470 vincere,
2781 4415 2835 4459 et
2876 4406 3280 4460 mansuetudme
3314 4421 3673 4475 arrogantiam

2094 4475 2305 4546 solvere
2326 4516 2338 4534 .
2367 4475 2482 4544 ejus
2506 4476 2667 4545 pedes
2692 4477 2834 4530 lavit.
2866 4477 2980 4546 Ego
3010 4491 3116 4530 non
3145 4486 3346 4529 tantum
3379 4480 3546 4530 miror
3572 4479 3676 4530 Do-

2094 4545 2293 4618 ininum
2325 4561 2417 4618 sua
2448 4555 2786 4616 praestantem
2817 4545 2992 4618 (opus
3019 4547 3162 4601 enim
3212 4546 3377 4614 ipsius
3420 4562 3674 4601 mansue-

2096 4615 2222 4667 tudo
2248 4616 2419 4685 erat),
2453 4615 2705 4684 quantum
2738 4615 2883 4670 illum
2910 4616 3037 4671 dolo
3069 4619 3301 4685 plenum.
3342 4619 3459 4681 Quo
3490 4618 3671 4671 animo

2095 4687 2252 4753 pedes
2282 4687 2507 4739 obtulit?
2546 4686 2810 4755 quomodo
2837 4688 2965 4740 vidit
2994 4697 3204 4741 sanctas
3246 4685 3448 4740 Domini
3482 4702 3672 4741 manus

2091 4757 2229 4809 circa
2256 4757 2418 4824 pedes
2444 4772 2566 4810 suos
2596 4757 2904 4810 versantes?
2930 4757 3198 4825 quomodo
3232 4772 3334 4809 non
3361 4756 3672 4824 obtorpuit?

2091 4826 2357 4883 tlllOII'IOdO
2379 4842 2481 4878 non
2503 4826 2816 4880 exhorruit?
2840 4828 3086 4880 Attamen
3109 4827 3342 4879 clemens
3369 4827 3456 4878 illa
3485 4839 3671 4879 natura

2091 4892 2201 4947 l'ert
2231 4897 2509 4962 patienter.
2543 4894 2760 4948 Videtur
2789 4905 2964 4949 autem
3017 4899 3189 4962 ipsum
3238 4897 3408 4965 primo
3456 4896 3668 4951 lavisse.

2090 4966 2301 5036 Quare?
2342 4965 2452 5018 Nisi
2478 4965 2693 5018 lavisset
2717 4965 2879 5034 pedes
2907 4967 3189 5035 proditoris
3212 5008 3226 5032 ,
3257 4966 3349 5020 sed
3391 4976 3669 5036 postquam

2090 5034 2222 5105 alios
2248 5034 2480 5101 laverat,
2515 5036 2683 5105 ipsum
2716 5034 3051 5105 reliquisset;
3096 5039 3194 5090 hoc
3229 5034 3603 5090 certe'fuisset
3640 5053 3672 5089 a

2091 5102 2378 5176 Sci-vatore
2401 5102 2665 5171 alienum,
2708 5102 2869 5176 atque
2913 5107 3037 5163 hinc
3083 5106 3247 5161 ludas
3294 5121 3478 5159 ansam
3526 5107 3668 5159 arri-

2093 5174 2290 5240 puisset
2319 5193 2331 5226 :
2365 5174 2481 5242 Ipse
2514 5192 2596 5229 me
2626 5174 2954 5245 segregavit,
3007 5180 3119 5244 ipse
3167 5192 3250 5229 me
3291 5176 3611 5230 abalienavit
3651 5192 3666 5225 :

2090 5245 2323 5299 ninnium
2353 5247 2514 5314 pedes
2542 5246 2697 5311 lavit,
2728 5261 2811 5299 me
2842 5260 3014 5302 autem
3039 5248 3328 5302 damnavit.
3347 5248 3463 5311 Quo
3489 5260 3673 5299 animo

2091 5325 2327 5382 poterant
2355 5331 2472 5367 cum
2501 5317 2590 5368 illo
2615 5318 2773 5369 esse?
2817 5317 2952 5371 Vidit
2988 5319 3124 5372 Deus
3166 5334 3260 5372 cor
3297 5316 3666 5377 confractum,

2088 5392 2141 5436 et
2169 5385 2335 5437 noluit
2378 5385 2481 5450 iam
2526 5403 2588 5437 ex
2632 5402 2688 5438 Se
2719 5388 3044 5441 confractum
3086 5390 3196 5455 ipSe
3224 5388 3580 5453 confringere.
3613 5384 3666 5438 Id

2088 5469 2215 5525 vero
2255 5455 2452 5525 iudicat
2482 5456 2608 5508 illud
2639 5472 2653 5508 :
2685 5456 2949 5511 Calamam
2990 5467 3373 5525 coaquassatum
3410 5472 3511 5510 non
3558 5471 3674 5507 cou-

2087 5524 2317 5595 frt'ngesl
2350 5511 2531 5579 ΜαίιΙι.
2569 5527 2649 5578 l2.
2678 5526 2803 5595 22).
2827 5529 3071 5582 Altamen
3094 5511 3473 5595 discipulorum
3506 5525 3674 5595 pedes

2086 5595 2232 5647 lavit.
2265 5594 2463 5650 Ultimo
2490 5600 2630 5650 venit
2660 5598 2724 5650 ad
2751 5594 2986 5651 Petrum.
3030 5599 3160 5652 Dum
3199 5609 3379 5652 autem
3417 5594 3553 5653 alios
3591 5599 3674 5649 la-

2153 5686 2225 5749 (α)
2249 5689 2330 5752 llic
2354 5687 2522 5752 Isaiam
2546 5702 2633 5752 pro
2669 5688 2876 5739 siracide
2900 5692 3088 5750 posuit,
3108 5690 3238 5752 quod
3263 5696 3315 5740 ct
3337 5684 3446 5739 aliis
3463 5689 3671 5752 scripto-

2085 5750 2238 5811 ribus,
2264 5750 2360 5801 imo
2385 5751 2531 5801 etiam
2554 5750 2884 5813 Chrysostomo
2905 5752 3090 5801 accidit.
