4028 6144
503 305 611 360 ’123

501 433 689 473 omnes
717 413 959 470 fruamini
997 430 1008 466 :
1037 410 1232 465 vitulus
1259 409 1476 476 grandis
1505 417 1586 461 est
1614 451 1627 468 ,
1659 421 1817 461 nemo
1845 408 2089 462 esuriens

501 497 676 544 exeat.
727 483 983 539 Fruimini
1032 496 1221 536 omnes
1267 479 1609 548 benignitatis
1655 479 1874 532 divitiis.
1921 478 2090 531 Nemo

503 561 677 628 lugeat
701 556 770 609 ob
799 561 1211 628 paupertatem;
1267 550 1471 628 prostat
1511 549 1653 603 enim
1689 564 1910 617 regnum
1942 564 2089 628 com-

507 621 667 682 mime
699 646 713 680 :
759 621 918 678 nemo
943 624 1126 691 lapsus
1152 638 1276 676 suos
1306 621 1502 674 deﬂeat
1528 638 1541 682 ;
1601 633 1720 691 nam
1751 636 1813 672 ex
1842 621 2091 691 sepulcro

502 707 614 752 orta
635 705 716 751 est
736 695 889 750 venia
919 711 932 746 :
957 689 1132 747 nullus
1155 702 1380 746 mortem
1405 691 1606 754 timeat;
1635 689 1876 744 liberavit
1895 691 2091 758 quippe

501 783 599 822 nos
647 781 793 820 mors
833 763 1171 826 Servatoris;
1217 779 1245 816 a
1298 772 1470 815 morte
1509 771 1694 827 captus
1731 770 1954 813 mortem
2000 777 2092 814 ex-

500 837 725 901 stinxit;
764 837 1029 890 infernum
1058 834 1353 902 castigavit,
1380 833 1466 901 qui
1495 833 1542 884 iu
1575 831 1836 884 infernum
1855 831 2090 902 descen-

503 909 575 962 dit
603 923 618 970 ;
649 922 892 961 amarum
922 905 1155 960 reddidit
1181 901 1303 958 eum
1331 944 1343 964 ,
1389 918 1508 955 cum
1541 908 1808 968 gustasset
1835 901 1902 954 de
1930 915 2092 953 carne

503 979 666 1046 ipsius
693 996 706 1032 :
733 977 890 1044 idque
911 977 1035 1028 olim
1058 972 1454 1046 clamansﬁixit
1475 973 1634 1046 Isaias
1656 989 1670 1024 :
1691 970 1932 1046 [infernus
1949 987 2093 1023 ama-

501 1040 588 1102 rus
609 1053 772 1118 factus
794 1040 868 1103 est
889 1047 1044 1120 (lani.
1067 1046 1151 1100 l9.
1178 1045 1255 1114 9).
1285 1044 1418 1098 Cum
1444 1043 1533 1120 tibi
1556 1042 1796 1120 occurrit
1825 1040 1957 1094 infra
1996 1056 2092 1108 po-

505 1113 648 1183 sito',
702 1113 918 1172 amarus
958 1117 1127 1171 factus
1153 1124 1267 1180 cst;
1301 1130 1421 1167 nam
1451 1113 1692 1168 sublatus
1719 1122 1802 1165 est
1831 1129 1843 1163 :
1876 1125 2094 1165 amarus

1997 290 2263 348 SPURIA.
3697 305 3789 361 πει

2197 409 2366 490 tactus
2391 419 2444 465 et
2469 412 2652 490 illusus
2678 422 2780 466 est.
2809 411 3014 483 Corpus
3041 416 3249 490 accepit.
3268 427 3364 490 ,et
3394 418 3564 474 Deum
3596 437 3788 490 appre-

2197 479 2385 560 hendit
2404 499 2431 560 _:
2461 483 2665 560 accepit
2695 493 2893 560 terram
2919 479 2950 560 ._
2976 497 3038 560 et
3065 479 3255 560 cadum
3274 479 3490 560 ’inrenit
3511 507 3529 543 :
3585 479 3787 560 accepit

2196 551 2417 626 idquiid
2459 552 2709 616 videbat,
2739 564 2816 626 tet
2851 555 3035 610 incidit
3063 559 3112 609 in
3144 557 3194 611 id
3225 559 3368 626 quod
3397 575 3504 614 non
3551 551 3786 617 videbat.

2201 619 2298 674 Ubi
2322 631 2429 698 est,
2454 639 2657 698 litora.“
2683 624 3104 698 stituittus‘tnns?
3148 619 3267 691 ubi",
3315 629 3536 698 inferne,
3580 633 3788 687 victoria

2196 693 2331 772 tna_(
2356 691 2561 772 LnCor.
2595 695 2680 747 15.
2710 694 2862 762 55)?
2891 693 3149 772 Christus
3164 691 3400 752 surrexit
3422 741 3436 764 ,
3484 711 3537 754 et
3572 710 3630 755 tu
3663 704 3764 772 deji

2195 762 2334 816 ceris
2369 762 2656 838 :_t‘.l_t_ris_tus
2699 766 2970 838 surrexit,
3019 776 3074 820 et
3119 767 3390 824 daemones
3423 762 3572 838 lapsi
3624 762 3783 827 suni:

2195 833 2430 906 surrexit
2456 835 2699 888 Christus
2723 845 2776 887 et
2795 836 3025 903 gaudent
3049 840 3222 906 angeli
3251 858 3264 894 :
3290 833 3523 895 surrexit
3544 841 3787 898 Christus

2197 917 2249 953 et
2280 903 2462 954 nullus
2493 915 2735 958 mortuus
2767 920 2943 977 manet
2974 907 3024 977 in
3054 903 3324 977 sepulcro.
3365 911 3624 966 Christus
3654 918 3787 969 en'tu

2197 985 2481 1044 resltrgens
2509 989 2572 1026 ex
2605 975 2829 1028 mortuis
2854 1017 2869 1041 ,
2906 975 3154 1044 primitiae
3180 980 3562 1034 dormientium
3617 982 3781 1038 factus

2197 1051 2277 1165 ιᾹει
2313 1043 2454 1110 :ipsi
2494 1044 2664 1112 gloria
2694 1053 2749 1099 et
2793 1046 3074 1115 imperium
3107 1050 3159 1102 in
3201 1051 3396 1104 szrcula
3442 1056 3783 1107 swculormu.

2247 1127 2389 1165 men.

2247 1127 2389 1166 men.

524 1233 3300 1258 Μ

1899 1317 1963 1361 IN
2009 1317 2273 1362 PASCBA.
2321 1318 2365 1360 1.

576 1453 776 1509 Pascha
805 1462 1070 1506 terrenum
1094 1449 1366 1504 celebrant
1390 1448 1580 1510 Judaei,
1607 1449 1695 1514 qui
1719 1446 1930 1502 czeleste
1954 1447 2083 1501 Pas-

501 1526 600 1579 cha
634 1530 893 1592 negarunt
926 1538 938 1574 :
974 1536 1072 1574 nos
1104 1536 1230 1575 vero
1256 1521 1343 1592 qui
1370 1519 1582 1592 cades_te
1610 1517 2085 1592 l’:tsclta_cejebra-

503 1609 658 1657 tuus,
704 1587 977 1648 terrenum
1005 1587 1462 1659 exsuperavimus.
1503 1589 1571 1642 Et
1608 1588 1750 1658 quod
1779 1588 1852 1659 illi
1882 1587 2086 1659 Pascha

506 1664 786 1734 perﬁciunt
803 1657 1533 1734 ,7salutlstprimogenitorum
1555 1699 1570 1724 ,
1597 1657 1684 1734 qui
1709 1658 1847 1734 apud
1873 1657 2088 1734 Judmos

503 1728 676 1798 erant,
707 1733 1010 1804 symbolum
1039 1732 1167 1793 fuit,
1199 1730 1411 1804 quando
1433 1743 1552 1804 cum
1581 1728 1955 1804 Egyptiornm
1983 1729 2085 1796 pri-

503 1799 787 1874 mogenitis
834 1803 1142 1857 Judzeorum
1199 1799 1550 1874 primogenita
1602 1816 1706 1853 non
1777 1799 2082 1874 perierunt,

502 1869 623 1944 qui-
649 1890 740 1942 per
766 1873 1078 1944 sanguinem
1113 1869 1372 1939 paschalis
1404 1870 1628 1944 victima:
1653 1869 1946 1944 symbolice
1961 1885 2087 1944 ser-

503 1938 623 1998 vata
650 1938 796 1997 'sunt
825 1960 838 1998 :
869 1938 1076 1996 Pascha
1110 1938 1236 1995 vero
1279 1955 1310 1994 a
1355 1940 1508 1994 nobis
1534 1939 1861 1992 celebratum
1898 1938 2086 1993 salutis

483 2015 876 2068 universorum
904 2010 1176 2067 hominum
1204 2025 1364 2067 causa
1389 2020 1504 2075 est,
1536 2009 1838 2077 incipiendo
1863 2023 1890 2062 a
1915 2010 2088 2077 primo

507 2084 754 2148 homine,
782 2084 871 2152 qui
901 2082 954 2136 in
985 2081 1232 2136 omnibus
1259 2091 1502 2135 servatur
1525 2089 1581 2134 et
1607 2080 1919 2152 viviﬁcatur.
1954 2079 2086 2133 Par-

507 2166 588 2208 tes
616 2150 1175 2222 autenrperl'ectorum
1198 2195 1213 2217 ,
1244 2161 1299 2206 et
1326 2161 1669 2216 temporauea
1699 2150 1784 2222 illa
1813 2189 1828 2215 ,
1861 2158 2085 2203 :t-teruo-

508 2241 626 2280 rum
658 2220 916 2295 imagines
955 2234 1007 2278 et
1040 2223 1180 2292 typi,
1232 2223 1378 2295 prius
1409 2221 1707 2295 excogitata
1738 2220 1987 2295 fuerant,
2033 2229 2090 2275 ut

509 2291 791 2350 veritatem
821 2310 961 2348 nunc
989 2291 1251 2347 orientem
1280 2291 1658 2356 adumbrarent
1686 2309 1698 2343 :
1730 2291 1956 2345 veritate
1985 2305 2083 2344 au-

513 2377 622 2420 tem
653 2373 917 2435 prmsente
939 2406 953 2430 ,
988 2374 1144 2435 typus
1176 2361 1401 2432 tempori
1430 2361 1584 2435 cedat
1612 2369 1856 2435 Oportet;
1904 2371 1959 2414 ut
1987 2360 2086 2435 ad-

510 2431 760 2490 veniente
793 2450 916 2505 rege
941 2477 956 2499 ,
1009 2431 1219 2505 nullus,
1271 2431 1395 2503 rege
1434 2433 1663 2505 _v_ivente
1695 2433 1882 2505 relicto
1905 2473 1918 2496 ,
1968 2431 2086 2499 ejus

507 2506 794 2576 imaginem
843 2501 1405 2576 adorare_dignatui-._
1433 2501 1568 2556 Hinc
1609 2517 1736 2576 t'cro
1776 2501 1946 2576 palam
2005 2509 2089 2556 est

507 2572 764 2644 quantum
809 2572 1409 2646 typusrcedat’veritati
1434 2612 1450 2636 ,
1491 2574 1630 2646 quod
1673 2583 1827 2644 typus
1871 2572 2086 2646 brevem

507 2643 741 2701 celebret
771 2643 932 2700 vitam
957 2645 1298 2700 .Iudaicorum
1329 2643 1800 2713 primogenitorum
1827 2686 1842 2710 ,
1895 2643 2089 2697 veritas

509 2725 687 2770 autem
737 2726 1045 2786 perpetuam
1093 2715 1368 2771 hominum
1394 2715 1646 2786 omnium
1693 2716 1874 2769 vitam.
1902 2713 2089 2786 Neque

509 2788 654 2840 enim
683 2784 932 2856 magn—um
972 2797 1052 2841 cst
1081 2796 1309 2840 mortem
1338 2785 1405 2840 ad
1434 2785 1593 2840 breve
1621 2795 1827 2854 tempus
1857 2784 2088 2852 effugere

509 2871 654 2919 eum,
689 2855 794 2925 qui
806 2857 962 2926 paulo
991 2865 1110 2927 post
1136 2857 1423 2927 moriturus
1452 2865 1554 2921 est,
1587 2855 1680 2927 sed
1707 2870 1952 2924 magnum
1981 2857 2088 2908 uti-

509 2941 616 2995 que
643 2935 728 2983 est
754 2925 980 2982 mortem
993 2925 1220 2982 omnino
1244 2925 1494 2997 effugere;
1527 2926 1668 2997 quod
1696 2927 1850 2980 nobis
1875 2928 2088 2997 contin-

510 2999 623 3063 git,
669 2998 863 3068 quibus
903 2998 1106 3052 Pascha
1135 2995 1438 3068 immolains
1475 3005 1559 3068 est
1597 2995 1862 3068 Christus.
1911 2995 2088 3064 Ipsum

511 3069 630 3139 festi
662 3065 855 3124 nomen
871 3081 1122 3139 magnam
1151 3065 1367 3139 pra-fert
1393 3066 1786 3139 excellentiam,
1819 3067 1863 3120 si
1893 3081 2087 3119 secun-

510 3137 637 3191 dum
665 3140 742 3193 rei
770 3136 1047 3193 veritatem
1070 3137 1382 3206 explicetur.
1413 3137 1614 3191 Pascha
1639 3136 1782 3190 enim
1807 3139 2088 3189 transitum

511 3206 776 3278 signiﬁcat
796 3248 812 3273 ,
843 3208 985 3278 quod
1014 3207 1357 3278 Hebraeorum
1386 3206 1576 3278 domos
1603 3207 1967 3278 pertransierit
1996 3220 2090 3258 ex-

517 3275 832 3332 terminator
861 3275 970 3342 ille,
1000 3276 1092 3348 qui
1122 3276 1466 3348 primogenita
1499 3275 1844 3344 percutiebat.
1889 3275 2089 3348 Trans.

512 3349 620 3402 itus
638 3361 799 3417 porro
813 3344 1240 3417 exterminaturis
1256 3344 1393 3414 apud
1416 3360 1513 3400 nos
1536 3360 1691 3399 verus
1717 3355 1818 3417 est,
1845 3347 1964 3417 quia
1992 3360 2090 3401 nos

513 3414 740 3474 intactos
769 3419 1068 3488 pertransit,
1102 3415 1168 3472 ad
1195 3418 1354 3488 vitam
1399 3425 1652 3470 a-ternam
1680 3430 1710 3469 a
1737 3414 1949 3472 Christo
1973 3432 2090 3472 sus-

513 3491 726 3544 citatos.
757 3487 844 3545 Sic
875 3497 1039 3543 totum
1063 3487 1280 3542 Pascha:
1301 3497 1668 3559 argumentum
1697 3488 1960 3554 speculari
1981 3491 2090 3559 spi-

515 3559 777 3615 ritualiter
804 3567 1014 3628 oportet
1034 3600 1048 3622 ,
1098 3567 1153 3613 et
1179 3556 1486 3625 apostolicis
1512 3559 1939 3613 euarratiouibus
1967 3556 2088 3615 cre-

512 3632 662 3686 dere.
710 3627 907 3684 Fidelis
937 3644 1094 3698 porro
1129 3627 1397 3683 desiderat
1430 3636 1590 3698 totam
1617 3628 1798 3697 ﬁgurae
1827 3630 2087 3685 rationem

515 3701 812 3769 intelligere
833 3741 848 3766 ,
895 3697 1162 3768 quomodo
1193 3712 1385 3765 nempe
1414 3713 1472 3751 se
1501 3697 1695 3769 habeat
1732 3715 1854 3769 erga
1889 3701 2085 3755 verita-

516 3784 644 3836 tem,
671 3767 854 3840 atque,
885 3767 941 3822 ut
964 3770 1034 3840 ita
1062 3770 1254 3836 dicam,
1287 3767 1574 3840 Spiritualia
1602 3781 1696 3822 sua
1724 3767 1820 3837 per
1847 3771 1932 3825 illa
1961 3773 2086 3825 olim

513 3839 772 3908 corporea
797 3839 1088 3910 speculari;
1121 3849 1176 3894 ut
1205 3839 1391 3909 legalia
1418 3839 1593 3893 omnia
1621 3840 1686 3893 ab
1711 3855 1769 3894 se
1797 3842 2086 3896 secundum

514 3911 784 3966 Christum
813 3919 993 3965 mente
1023 3911 1411 3981 percipiantur,
1454 3917 1510 3981 et
1535 3910 1945 3981 pertspiritualia
1972 3913 2086 3966 cla-

513 3981 626 4037 rius
647 3981 941 4050 corporalia
973 3980 1362 4051 iutelligantur.
1393 3990 1448 4034 et
1477 3980 1756 4034 invisibilia
1792 3981 2088 4040 visibilibus

512 4053 662 4122 quasi
709 4051 918 4121 depicta
962 4065 1270 4121 appareant.
1319 4052 1479 4121 Igitur
1509 4051 1650 4105 Deus
1680 4051 1941 4122 decimam
1971 4052 2085 4122 pla-

512 4121 633 4193 gam
664 4122 927 4193 Egyptiis
957 4123 1256 4194 inﬂicturus
1281 4123 1301 4191 (
1325 4131 1463 4194 erat
1478 4129 1658 4194 autem
1687 4121 1774 4194 illa
1803 4137 1946 4178 mors
1974 4121 2087 4194 pri-

469 4207 478 4228 ί
512 4191 897 4264 inogenitorum
924 4194 978 4263 ),
1018 4193 1187 4264 Moysi
1228 4191 1629 4264 dixittzgdlensis
1678 4191 1761 4247 hic
1812 4194 1950 4248 vobis
1977 4191 2089 4250 erit

511 4261 710 4318 initium
740 4261 983 4319 utentium
1013 4261 1209 4331 (Eazod.
1242 4262 1330 4318 12.
1361 4261 1396 4316 2
1420 4262 1460 4333 );
1494 4263 1695 4333 primus
1727 4273 1808 4317 est.
1846 4265 1995 4319 vobis
2033 4267 2086 4321 in

514 4335 785 4392 mensibus
808 4335 952 4389 anni.
982 4337 1058 4389 Ac
1077 4335 1328 4404 deinceps
1354 4333 1604 4404 praecepit
1637 4335 1954 4389 sacriﬁcium
1989 4335 2090 4392 Pa-

512 4405 733 4470 schalis,
775 4413 830 4460 et
858 4405 1132 4476 sanguinis
1162 4406 1548 4476 unctionemin
1573 4406 1750 4474 januis
1775 4421 1789 4470 ;
1831 4415 1990 4476 atque
2020 4423 2084 4463 ex

513 4477 612 4529 hac
641 4476 888 4531 unctione
918 4475 1386 4545 primogenitorum
1418 4475 1642 4529 salutem
1689 4475 1954 4542 pollicitus
1979 4487 2082 4533 est.

510 4546 647 4613 Quid
688 4547 784 4602 sibi
827 4547 937 4603 vult
966 4547 1093 4601 illud
1119 4588 1132 4610 ,
1179 4546 1224 4600 si
1266 4546 1443 4601 statim
1473 4545 1540 4598 ad
1571 4546 1809 4599 veritatis
1839 4549 2084 4614 specula-

513 4617 712 4670 tionem
744 4615 1022 4681 referatur,
1039 4617 1191 4687 quod
1216 4624 1423 4686 tempus
1453 4615 1582 4670 illud
1605 4616 1728 4669 anni
1755 4616 1964 4671 initium
1989 4617 2087 4672 de-

513 4687 749 4766 ﬁniatur,
766 4701 887 4766 quo
909 4686 1101 4766 pascha
1127 4686 1285 4766 ﬁelgit
1310 4702 1371 4766 ac
1401 4687 1872 4766 primogenitorum
1899 4688 2086 4766 salus?

510 4756 644 4822 Quia
692 4756 846 4809 nobis
873 4757 1030 4808 etiarn
1062 4756 1172 4810 veri
1213 4757 1484 4812 Paschalis
1512 4756 1827 4811 saeriﬁcium
1868 4765 1951 4812 est
1980 4759 2082 4812 iui-

513 4827 640 4908 tium
669 4825 790 4905 vine
819 4833 1050 4908 aeternae.
1085 4827 1268 4908 Annus
1294 4827 1488 4908 quippe
1528 4837 1611 4908 est
1646 4827 1825 4881 surculi
1857 4828 2078 4897 symbo-

512 4897 654 4958 lum,
684 4894 805 4963 quia
833 4894 1089 4966 circulum
1111 4894 1400 4966 decurrens
1424 4894 1481 4950 in
1510 4898 1742 4965 seipsum
1769 4894 1983 4966 semper
2004 4914 2086 4954 re-

509 4966 740 5020 volvitur
759 5007 773 5028 ,
804 4973 858 5019 et
884 4965 938 5019 in
964 4965 1360 5036 nullotqniescit
1390 4966 1512 5020 ﬁue.
1545 4969 1717 5036 Atque
1745 4977 1894 5036 pater
1922 4968 2082 5023 futuri

508 5036 689 5092 saeculi
718 5036 928 5092 oblatus
957 5045 1038 5091 est
1063 5034 1305 5090 Christus
1335 5052 1428 5106 pro
1459 5037 1611 5092 nobis
1632 5034 1692 5091 in
1723 5034 2038 5093 sacriﬁcium
2064 5079 2080 5105 ,

509 5123 572 5165 ac
599 5107 833 5177 priorem
865 5108 1022 5178 vitam
1054 5115 1291 5162 nostram
1319 5108 1470 5178 quasi
1497 5108 1696 5162 nullius
1727 5109 1984 5178 temporis
2008 5109 2086 5164 fa-

507 5179 688 5240 ciens.
734 5177 954 5233 alterius
991 5178 1114 5232 vita:
1142 5177 1456 5250 principium
1493 5179 1582 5233 dat
1619 5177 1768 5232 nobis
1804 5193 1899 5246 per
1938 5179 2082 5234 lava-

509 5264 660 5305 crum
683 5251 1120 5317 regenerationis,
1152 5249 1441 5304 secundum
1465 5249 1868 5304 similitudinem
1897 5251 2083 5306 mortis

508 5329 562 5375 et
606 5319 1008 5391 resurrectionis
1050 5334 1180 5374 sum.
1223 5319 1410 5390 Itaque
1430 5322 1667 5391 quisquis
1706 5319 1908 5374 Pascha
1939 5323 2084 5376 novit

509 5400 725 5458 propter
752 5404 812 5443 se
841 5389 1188 5454 immolatum,
1223 5389 1327 5444 hoc
1349 5389 1594 5446 sihi‘vitaé
1621 5392 1934 5462 principium
1961 5406 2085 5460 sup-

509 5468 709 5528 ponat,
739 5473 771 5514 a
799 5474 906 5529 quo
933 5462 1232 5514 immolatus
1257 5477 1349 5530 pro
1380 5463 1496 5530 ipso
1526 5472 1606 5517 est
1629 5463 1892 5517 Christus.
1933 5462 2083 5517 Tunc

507 5539 684 5603 autem
714 5545 808 5598 pro
839 5530 954 5603 ipso
982 5531 1305 5603 imtnolatur,
1336 5533 1546 5600 quando
1571 5535 1791 5601 gratiam
1821 5534 2079 5603 agnoscit,

509 5609 564 5651 et
594 5599 750 5651 vitam
785 5614 888 5672 per
908 5599 1045 5654 istud
1076 5599 1393 5672 sacriﬁcium
1435 5599 1638 5672 parta—in
1671 5599 1936 5672 intelligit.
1990 5603 2081 5659 His

507 5681 672 5735 porro
698 5669 922 5745 cognitis
945 5711 960 5732 ,
993 5685 1144 5745 novae
1176 5672 1297 5725 vitae
1328 5669 1533 5745 initium
1565 5675 1807 5741 accipere
1836 5669 2037 5745 sahigat
2061 5716 2076 5741 ,

511 5749 686 5806 neque
727 5737 794 5792 ad
835 5747 1066 5798 veterem
1094 5742 1254 5796 vitam
1293 5742 1428 5797 ultra
1470 5737 1736 5815 recurrat,
1779 5746 1928 5815 cujus
1951 5737 2078 5802 ﬁnis

2196 1447 2431 1520 advenit.
2481 1447 2612 1520 Nam
2640 1490 2652 1512 ,
2708 1449 2808 1514 Qui
2851 1450 3036 1502 mortui
3082 1466 3256 1504 sumus
3299 1463 3543 1520 peccato,
3583 1454 3780 1519 inquit,

2191 1517 2443 1594 quomodo
2472 1518 2639 1571 adhuc
2677 1521 2898 1594 vivemus
2943 1520 2994 1572 in
3025 1520 3115 1594 illo
3163 1520 3182 1591 (
3207 1517 3357 1594 Ront.
3387 1524 3439 1594 ti.
3467 1525 3503 1578 ἓ
3528 1527 3552 1594 )
3581 1526 3605 1576 ?
3637 1517 3778 1580 Prin;

2193 1588 2390 1656 cipiunt
2435 1604 2582 1660 ergo
2650 1590 2774 1642 anni
2825 1589 2929 1644 tale
2972 1588 3274 1660 symbolum
3327 1588 3540 1648 habet.’
3575 1597 3778 1650 Decima

2191 1668 2368 1712 autem
2417 1657 2532 1712 diei
2560 1660 2759 1713 mensis
2811 1660 2963 1727 jubet
3003 1657 3251 1734 'singutas
3295 1663 3486 1718 domos
3544 1666 3781 1734 singulos

2191 1743 2356 1798 agnos
2408 1743 2684 1802 sumere,_
2706 1739 2761 1784 et
2805 1738 2881 1785 tot
2920 1743 3039 1802 esse
3071 1731 3121 1785 in
3153 1731 3315 1785 domo
3341 1735 3428 1801 qui
3455 1731 3770 1802 comedam,

2194 1810 2250 1852 ut
2284 1809 2450 1875 totum
2498 1799 2803 1875 comedaut,
2835 1809 2890 1875 et
2934 1800 3064 1854 nihil
3095 1804 3328 1875 supersit
3360 1799 3390 1855 ἧς
3434 1805 3680 1875 itemque
3728 1799 3777 1860 ut

2193 1883 2359 1943 agnus
2405 1870 2712 1943 immoletnr
2750 1871 2955 1943 decima
3011 1870 3196 1941 quarta
3244 1873 3331 1926 die
3385 1872 3450 1927 ad
3483 1870 3777 1943 vesperam.

2195 1938 2358 2007 Igitur
2398 1940 2631 2008 quinque
2659 1941 2847 1995 diebus
2874 1938 3043 1995 simul
3081 1952 3168 1996 est
3217 1943 3427 1997 victima
3463 1938 3776 2002 immolanda

2191 2024 2310 2061 cum
2361 2010 2460 2068 iis.
2512 2011 2600 2078 qui
2630 2011 2890 2079 perillam
2923 2013 3168 2067 servandi
3198 2024 3360 2076 sunt;
3416 2016 3566 2068 ﬁnita
3611 2029 3775 2070 autem

2192 2080 2374 2153 quinta
2434 2079 2520 2134 die
2573 2079 2745 2136 hostia
2811 2082 3156 2144 immolatur.
3233 2097 3379 2138 mors
3456 2090 3774 2153 pertransit;

2196 2149 2284 2221 qui
2340 2165 2467 2203 vero
2533 2163 2796 2217 servatur,
2847 2162 3102 2221 perpetua
3151 2154 3268 2208 luce
3323 2149 3549 2215 fruitur.
3627 2171 3772 2212 nocm

2193 2218 2587 2294 lucentetluua,
2618 2231 2670 2294 et
2711 2224 2824 2276 sole
2849 2218 3050 2276 'lunam
3092 2225 3394 2294 excipiente
3449 2245 3464 2279 :
3509 2227 3614 2281 hoc
3643 2229 3771 2281 enim

2194 2289 2277 2363 ita
2313 2290 2370 2344 ﬁt
2423 2291 2476 2344 in
2523 2290 2731 2346 decima
2757 2303 2942 2362 quarta
2992 2302 3044 2347 et
3101 2289 3255 2363 plena
3290 2295 3434 2352 luna.
3489 2295 3619 2350 Hmc
3658 2314 3773 2351 vero

2191 2361 2424 2435 quinque
2443 2363 2694 2430 temporis
2709 2361 2876 2432 spatia
2892 2372 3068 2435 totum
3092 2361 3272 2418 mundi
3298 2374 3504 2435 tempus
3525 2367 3772 2422 denotant

2193 2430 2244 2483 in
2279 2432 2512 2506 quinque
2544 2443 2720 2506 partes
2744 2430 3089 2506 distributum
3117 2452 3135 2506 ς
3179 2436 3248 2506 ab
3277 2430 3446 2489 Adam
3477 2452 3666 2506 nempe
3696 2455 3773 2491 us.

2193 2514 2296 2568 que
2325 2504 2395 2558 ad
2418 2503 2559 2574 Νρεἱ
2582 2519 2611 2555 a
2643 2503 2754 2559 Noe
2781 2518 2948 2574 usque
2971 2503 3038 2557 ad
3069 2504 3358 2567 Abraham,
3392 2507 3458 2560 ab
3481 2503 3771 2562 Abrahauio

2194 2584 2362 2646 usque
2411 2571 2476 2628 ad
2515 2572 2781 2646 Moysen,
2815 2571 3070 2646 alMoyse
3107 2590 3302 2646 Ausque
3347 2576 3413 2630 ad
3475 2576 3768 2644 Clll‘islllttl,

2191 2643 2374 2715 quinta
2399 2657 2516 2710 pars
2538 2658 2571 2715 Aa
2593 2643 2784 2698 Christi
2817 2643 3069 2699 adventu.
3091 2643 3475 2715 Quo—tempore
3500 2650 3665 2702 cuivis
3686 2643 3771 2704 ho;

2193 2714 2321 2784 mini
2338 2713 2605 2782 proposita
2633 2724 2750 2768 erat
2769 2715 2912 2769 salus
2945 2731 3037 2784 per
3055 2716 3270 2770 beatum
3292 2713 3419 2770 illud
3441 2721 3767 2783 sacriﬁcium;

2191 2783 2286 2836 sed
2316 2784 2549 2858 nondum
2581 2783 2970 2858 perﬁciebatur.
3005 2786 3059 2858 In
3081 2788 3272 2858 quinto
3311 2800 3489 2842 autem
3526 2793 3770 2858 temporis

2193 2854 2366 2928 Spatio
2402 2869 2586 2908 verum
2619 2855 2819 2928 Pascha
2861 2854 3234 2910 immolabatur
3257 2899 3270 2922 ,
3305 2868 3355 2928 et
3402 2861 3489 2927 qui
3525 2875 3617 2928 per
3638 2854 3768 2913 illud

2192 2923 2418 2998 salutem
2446 2927 3275 2998 consequebatur_pritnogenitus
3307 2923 3489 2992 homo,
3516 2923 3564 2983 iu
3590 2945 3768 2998 perpe-

2194 2999 2343 3067 tuam
2372 2994 2544 3067 lucem
2574 2995 2752 3050 exibat
2798 2995 3028 3065 (Matth.
3069 2994 3160 3052 ΞΟ.
3193 2999 3244 3053 1.
3275 2999 3423 3067 sqq).
3464 2994 3616 3067 Quod
3654 2994 3769 3053 vero

2193 3077 2299 3136 non
2334 3065 2384 3118 in
2413 3065 2524 3136 ipsa
2558 3081 2799 3132 vespera,
2833 3067 2926 3122 sed
2957 3068 3021 3122 ad
3052 3065 3327 3136 vesperam
3345 3065 3559 3124 Pascha
3591 3071 3766 3124 inuno-

2193 3131 2414 3206 laretur,
2435 3131 2775 3206 signiﬁcabat
2796 3151 2901 3191 non
2932 3138 2984 3192 in
3014 3139 3130 3206 ipso
3146 3131 3256 3192 ﬁne
3279 3141 3556 3206 praesentis
3577 3141 3763 3204 sznruli,

2193 3203 2296 3280 sed
2329 3204 2396 3258 ad
2445 3203 2602 3280 ﬁnem
2644 3221 2920 3280 passurum
2950 3203 3082 3280 esse
3117 3203 3409 3264 Christum.
3445 3209 3676 3280 Tempus
3701 3213 3766 3264 ita

2192 3273 2420 3351 divisum
2460 3273 2704 3351 exhibuit
2745 3278 3035 3346 parabola,
3067 3293 3187 3349 qua:
3219 3280 3274 3351 in
3318 3291 3496 3348 partes
3547 3273 3767 3351 quinque

2192 3342 2334 3398 diem
2363 3344 2631 3399 distribuit
2651 3387 2664 3409 ,
2693 3342 2986 3402 etvocatos
3016 3342 3137 3403 esse
3177 3342 3399 3404 dicit-ad
3431 3342 3638 3405 vineam
3665 3342 3764 3414 ,'id

2191 3424 2275 3468 est
2294 3456 2308 3479 ,
2345 3415 2654 3490 ad__justiti:e
2677 3418 3041 3487 operationem
3065 3460 3082 3490 ,
3110 3419 3243 3473 alios
3262 3421 3402 3475 circa
3432 3423 3652 3490 primam
3681 3423 3766 3474 ho-

2193 3500 2306 3539 ram
2332 3527 2348 3553 ,
2379 3486 2512 3539 alios
2559 3486 2953 3542 circa’tertiam
2979 3529 2993 3551 ,
3035 3489 3171 3543 alios
3199 3491 3341 3544 circa
3369 3486 3575 3545 sextam
3595 3533 3609 3554 ,
3639 3492 3765 3545 alios

2192 3556 2330 3625 circa
2355 3572 2568 3619 nonam,
2589 3567 2889 3625 postremos
2914 3559 3053 3613 circa
3070 3560 3426 3615 undecimam.
3450 3561 3611 3616 Erant
3631 3565 3764 3616 enim

2193 3624 2276 3680 h;e
2306 3627 2531 3682 diversa:
2550 3624 2873 3692 vocationes,
2897 3639 2950 3683 et
2967 3629 3192 3683 diversa:
3209 3630 3616 3695 justiﬁcatioues
3637 3650 3649 3695 ;
3669 3633 3760 3684 alia

2195 3704 2435 3771 tempore
2465 3699 2707 3771 _Adami,
2757 3699 2859 3752 alia
2901 3708 3154 3771 tempore
3201 3701 3333 3765 Noe,
3384 3704 3488 3755 alia
3539 3713 3764 3771 tempore

2191 3766 2498 3840 Abrahami,
2519 3771 2619 3823 alia
2642 3779 2878 3840 tempore
2896 3766 3124 3840 Moysis;
3151 3780 3414 3839 postrema
3429 3781 3483 3827 et
3501 3766 3764 3840 perfectis-

2190 3837 2322 3891 sima
2346 3838 2397 3892 in
2419 3839 2645 3911 adventu
2661 3838 2878 3905 Christi,
2896 3837 3110 3909 quando
3131 3837 3338 3896 merces
3361 3837 3579 3911 operum
3608 3843 3767 3897 reddi-

2192 3917 2279 3962 tur
2301 3911 2471 3976 primo
2489 3910 2574 3976 iis,
2591 3913 2680 3980 qui
2709 3912 2960 3979 postremi
2982 3921 3135 3964 erant
3159 3910 3451 3966 secundum
3479 3913 3763 3968 Servatoris

2191 3981 2495 4062 parabolam
2525 3999 2542 4062 ί
2570 3982 2692 4062 quia
2738 3995 2838 4034 nos
2868 3981 3034 4062 primi
3062 3982 3116 4035 in
3147 3982 3464 4062 baptismate
3492 3999 3765 4062 regenera-

2193 4051 2394 4105 tionem
2433 4051 2723 4120 accipimus
2747 4092 2761 4114 ,
2791 4051 2983 4120 quibus
3021 4052 3327 4108 immolatus
3361 4062 3444 4109 est
3485 4051 3762 4118 Chrisms,

2188 4136 2295 4190 quo
2337 4131 2574 4190 tempore
2604 4123 2929 4184 resurrexit,
2970 4132 3024 4175 et
3050 4122 3305 4190 Spiritum
3347 4133 3589 4178 sanctum
3620 4124 3764 4178 nobis

2190 4191 2256 4246 ad
2284 4192 2688 4247 renovationem
2717 4191 3024 4264 insufﬁavit.
3057 4193 3184 4248 llaec
3211 4195 3389 4264 itaque
3415 4205 3602 4263 quarta
3630 4193 3764 4248 deci-

2189 4277 2273 4336 tna
2301 4271 2382 4317 est
2407 4265 2630 4332 mystice
2648 4263 3011 4336 considerata,
3039 4273 3093 4318 et
3119 4265 3225 4336 tale
3253 4275 3338 4320 est
3365 4263 3608 4318 sacriﬁcii
3639 4281 3764 4336 sym-

2189 4332 2367 4386 bolum
2390 4375 2404 4399 ,
2440 4343 2493 4404 et
2517 4349 2619 4387 nox
2644 4335 2729 4388 illa
2759 4333 2931 4388 lucida
2967 4343 3125 4403 atque
3152 4335 3267 4388 dies
3303 4350 3422 4404 quae
3452 4332 3760 4389 sacrificium

2188 4403 2403 4471 excipit.
2436 4403 2586 4471 Quod
2609 4417 2786 4458 autem
2830 4405 3040 4459 victima
3088 4415 3195 4459 tota
3228 4405 3279 4457 in
3319 4405 3541 4473 singulis
3567 4407 3760 4460 uadibus

2187 4473 2560 4528 comederetur
2580 4517 2594 4540 ,
2625 4489 2795 4544 neque
2823 4490 3012 4529 carnes
3042 4474 3184 4529 foras
3221 4474 3537 4530 efferrentur
3558 4516 3573 4540 ,
3609 4475 3658 4529 id
3691 4477 3758 4530 si-

2186 4544 2401 4614 gniﬁcat
2430 4559 2587 4597 unam
2614 4556 2815 4598 tantum
2841 4559 2960 4599 esse
2989 4545 3204 4598 domum
3227 4545 3453 4600 salutem
3481 4547 3533 4600 in
3555 4547 3760 4601 Christo

2189 4615 2510 4679 habentem,
2545 4630 2735 4686 nempe
2765 4615 3055 4670 Ecclesium
3079 4631 3176 4686 per
3205 4623 3374 4669 totum
3401 4617 3588 4672 orbem
3611 4618 3755 4670 diffu-

2187 4700 2301 4741 sam
2327 4726 2342 4749 ,
2371 4701 2490 4754 qua:
2519 4686 2647 4740 olim
2678 4685 2847 4740 aliena
2879 4702 2908 4740 a
2939 4687 3046 4740 Deo
3082 4685 3234 4750 erat,
3276 4701 3419 4740 nunc
3448 4698 3626 4740 autent
3655 4687 3754 4739 sola

2187 4755 2255 4812 ad
2304 4756 2468 4826 Deum
2516 4755 2728 4825 proprie
2767 4758 3028 4826 pertinet,
3058 4757 3180 4825 quia
3225 4757 3458 4824 suscepit
3496 4771 3591 4812 eos
3621 4757 3754 4822 quia

2189 4827 2414 4880 Domino
2433 4824 2558 4879 Jesu
2579 4824 2723 4880 missi
2747 4824 2919 4892 erant;
2945 4824 3391 4895 quemadmodum
3413 4827 3606 4880 domus
3629 4827 3756 4880 illius

2187 4896 2375 4952 Rahab
2400 4895 2871 4960 olim'meretricis,
2904 4912 3022 4966 qua:
3044 4896 3457 4965 exploratorcsa
3483 4897 3613 4951 Jesu
3638 4898 3755 4950 mis-

2187 4982 2277 5022 sos
2305 4967 2533 5034 excepit,
2558 4965 2773 5020 Jericho
2802 4965 3095 5028 devastata.
3129 4976 3338 5021 servata
3367 4968 3476 5020 sola
3510 4967 3627 5020 fuit.
3661 4967 3754 5020 Ita-

2186 5053 2290 5106 que
2319 5037 2416 5091 etsi
2442 5037 2619 5106 plures
2645 5036 2753 5090 sint
2779 5035 3120 5090 Hebrznorum
3149 5037 3360 5102 domus,
3386 5037 3541 5090 unius
3565 5046 3756 5091 tantum

2188 5110 2291 5162 vim
2312 5107 2526 5173 habent,
2553 5116 2675 5161 utet
2693 5107 2918 5162 diversa:
2944 5122 3039 5175 per
3066 5107 3223 5161 urbes
3241 5118 3293 5160 et
3314 5108 3457 5160 vicos
3487 5107 3753 5167 Ecclesia},

2186 5194 2304 5249 qua:
2345 5179 2524 5249 plures
2553 5192 2776 5249 numero
2820 5187 2980 5249 sunt,
3026 5192 3129 5230 uua
3166 5189 3291 5232 sunt
3328 5177 3584 5249 Ecclesia.
3621 5176 3755 5232 Unus

2187 5247 2423 5304 énim’in
2465 5248 2568 5301 illis
2611 5247 2855 5302 Christus
2894 5248 3088 5316 ubique
3119 5259 3234 5312 est,
3279 5247 3544 5315 perfectus
3572 5247 3682 5315 ipse
3709 5254 3756 5300 et

2188 5320 2465 5375 iudivisus.
2493 5316 2618 5372 Ideo
2647 5319 2873 5387 perfecta
2902 5328 3018 5372 erat
3057 5318 3107 5370 in
3136 5319 3357 5386 singulis
3382 5317 3584 5371 a-dibus
3616 5317 3757 5370 victi-

2185 5406 2270 5444 ma
2295 5431 2312 5455 ,
2343 5404 2441 5442 nec
2477 5389 2542 5442 ad
2580 5389 2820 5443 diversas
2853 5388 3205 5442 dividebatur.
3242 5387 3373 5441 Dicit
3399 5388 3540 5441 enim
3571 5387 3755 5441 Paulus

2189 5464 2292 5515 nos
2305 5473 2491 5514 omnes
2521 5475 2682 5513 unum
2709 5473 2829 5512 esse
2856 5463 2906 5512 in
2934 5459 3170 5520 Christo,
3195 5459 3315 5526 quia
3349 5455 3491 5511 Unus
3519 5457 3755 5511 Dominus

2187 5542 2260 5585 est
2286 5573 2300 5595 ,
2344 5541 2390 5584 et
2419 5545 2521 5582 una
2549 5530 2677 5597 ﬁdes
2711 5529 2938 5598 (Ep/tes.
2969 5529 3020 5582 4.
3049 5527 3138 5596 5).
3168 5527 3428 5582 Uuionem
3457 5543 3584 5596 ergo
3618 5527 3753 5598 illam

2187 5603 2415 5656 victima:
2453 5597 2826 5654 indivisibilem
2868 5601 2949 5653 lex
2981 5599 3030 5651 in
3061 5598 3270 5652 Christo
3301 5599 3411 5653 fore
3459 5597 3754 5652 necessario

2189 5671 2558 5742 prmﬁgurahat
2581 5713 2596 5736 ,
2629 5686 2836 5742 necnon
2868 5669 3119 5742 Ecclesia:
3152 5671 3425 5742 unitatem.
3451 5667 3511 5742 _|u
3549 5667 3754 5722 Christo

2188 5737 2367 5816 utique
2408 5751 2461 5798 ct
2492 5741 2546 5798 in
2588 5741 2853 5799 sacriﬁcio
2885 5738 3084 5796 Christi
3123 5739 3351 5794 salutem
3379 5737 3674 5798 habemus;
3703 5742 3754 5791 et
