4028 6144
458 283 561 336 727

463 411 644 454 uercm
668 392 824 449 nobis
844 390 1154 462 sanguinem
1174 405 1276 442 non
1304 403 1657 458 congenerem
1682 387 1834 462 trabis
1865 385 2036 462 Spiri-_

462 477 574 521 tum
595 477 834 519 sanctum
858 454 1100 530 accipere
1131 454 1450 528 pnsa'cmus',
1483 475 1541 511 ac
1583 473 1678 529 per
1708 458 1851 512 illum
1880 454 2036 530 morti

465 549 760 604 ingressum
789 527 1141 604 clauda—mns‘.’
1168 530 1371 604 Duplex
1409 527 1595 581 autem
1634 536 1730 604 est
1767 527 1919 604 morti
1953 527 2036 578 in-

461 596 708 672 grEssus:
735 611 792 657 et
829 602 950 672 ideo
980 600 1178 672 duplea
1219 599 1450 672 efficitur
1491 597 1762 672 sanguinis
1783 596 2035 672 sigillum.

462 665 528 727 lu
559 673 774 732 duobus,
808 671 996 741 inquit,
1029 665 1250 739 postibus
1280 678 1325 720 et
1347 669 1399 721 in
1418 665 1809 741 limine—(Eam.
1843 665 1927 718 12.
1957 666 2034 741 '_7).

465 745 628 798 Intrat
671 741 812 796 enim
867 733 1289 809 per’pcccatum
1338 752 1482 790 mors
1501 779 1520 809 ,ᾗ
1558 748 1613 809 ut
1652 733 2039 809 ait_Apo_stnlus

464 813 639 883 (llam.
663 813 716 866 5.
753 804 1174 883 l2).'Pecea_tum
1210 807 1525 883 vero,_aliud
1570 807 1624 860 in
1656 804 1906 883 “(illis-ﬁl
1945 819 2040 883 per

465 874 918 951 passionem,qu:e
946 879 1136 951 duplex
1165 888 1279 936 est:
1305 879 1403 951 alia
1432 891 1621 951 iteinpo
1644 876 1890 928 nmllities
1918 874 2030 951 aui-

467 944 536 1005 ini
584 952 634 1006 in
664 944 1142 1011 debilitatem,'alia
1173 948 1414 1014 asperior
1438 947 1488 998 in
1529 944 1788 998 feritatem
1831 944 2036 1011 vergit:

462 1022 602 1074 aliud
633 1037 725 1088 per
745 1020 1100 1077 ratiocinium,
1119 1032 1240 1088 cum
1267 1032 1371 1069 non
1393 1031 1519 1088 sana
1541 1025 1799 1088 neerecta
1819 1014 2035 1079 cogitat.

467 1091 530 1144 Et
553 1084 865 1159 estquidem
890 1087 1224 1142 ratiocinium
1243 1090 1419 1154 ,quasi
1443 1085 1624 1145 limen.
1642 1084 1692 1138 id
1713 1095 1814 1143 est,
1846 1098 2038 1159 snper-

468 1153 743 1224 liminare,
778 1173 935 1225 supra
993 1166 1276 1221 utrumque
1294 1153 1539 1223 postem;
1589 1169 1718 1225 nam
1755 1169 1903 1225 quasi
1933 1153 2038 1205 dux

467 1239 573 1298 est,
601 1239 653 1282 et
684 1222 870 1282 natura
913 1222 1391 1298 superiorpasSio
1416 1234 1590 1298 autem
1637 1222 1824 1298 referri
1869 1231 2040 1289 potest

463 1299 528 1351 ad
556 1293 748 1366 postes
777 1339 790 1360 ,
836 1312 955 1366 qua:
983 1293 1273 1366 ratiocinio
1311 1293 1626 1366 subjicitur,
1665 1293 1803 1346 sicut
1859 1299 2037 1366 postes

464 1361 958 1436 sapérlimiuari'bus
997 1373 1121 1436 sunt
1158 1363 1411 1436 subjecti.
1470 1364 1728 1436 Quianam
1750 1369 1892 1436 _su_nt
1931 1361 2036 1414 illa:

466 1431 738 1506 passiones
788 1452 906 1505 qua:
952 1434 1018 1488 ad
1069 1434 1344 1506 mollitiem
1383 1433 1684 1506 deducunt?
1739 1431 1906 1506 Gula,
1962 1439 2036 1484 te-

466 1500 720 1562 imileutia
752 1547 767 1570 ,
806 1500 880 1560 ἐι
935 1503 1370 1573 concupiscentia
1437 1501 1774 1573 libidinosa,
1810 1500 2036 1566 Quinam

464 1585 590 1629 sunt
626 1576 802 1644 asperi
839 1575 1065 1644 affectus
1099 1572 1260 1627 animi
1291 1573 1314 1626 ?
1355 1572 1468 1635 Ira,
1512 1572 1815 1644 arrogantia
1848 1609 1864 1632 ,
1903 1585 2036 1639 quas

469 1656 526 1699 ut
591 1640 891 1700 eliminarct
943 1643 1140 1697 Paulus
1192 1643 1453 1696 (licebat:
1515 1640 1729 1695 Non’iu
1791 1656 2039 1694 comessa-

466 1717 682 1769 tionibus
731 1726 776 1769 et
825 1713 1164 1777 ebrietatibus,
1206 1730 1305 1765 non
1344 1713 1395 1766 iu
1440 1713 1686 1765 cubilibus
1731 1722 1777 1764 et
1815 1710 2037 1771 impudi-

470 1787 621 1846 citiis,
665 1802 764 1838 non
811 1786 864 1838 in
903 1783 1217 1836 contentione
1253 1791 1299 1835 et
1337 1784 1687 1844 tantulutione;
1727 1781 1815 1834 sed
1868 1778 2039 1832 indui-

467 1855 592 1909 mini
658 1854 929 1907 Dominum
998 1862 1224 1906 nostrum
1283 1851 1459 1905 Jesum
1513 1851 1771 1905 Christum
1838 1850 1855 1918 (
1883 1849 2032 1905 llam.

473 1926 560 1977 13.
603 1926 690 1979 13.
734 1925 859 1992 ll).
929 1923 1130 1976 Similis
1177 1931 1260 1976 est
1301 1936 1429 1990 ergo
1474 1922 1653 1974 unctio
1703 1919 2033 1992 indumento,

468 1994 682 2052 «mando
744 1991 940 2047 Christi
1005 1993 1238 2061 passioni
1317 1993 1631 2045 conformati
1674 2031 1690 2057 ,
1756 1991 2037 2044 sanctitate

465 2061 662 2116 Christi
693 2065 992 2127 amicimur,
1018 2078 1190 2132 neque
1215 2062 1266 2115 in
1295 2061 1596 2131 voluptates
1624 2061 1888 2132 dissoluti,
1936 2076 2034 2113 nc-

466 2147 570 2201 que
598 2133 648 2184 iu
679 2134 784 2187 iras
812 2133 1138 2200 exasperati.
1168 2131 1311 2185 Bona
1341 2131 1465 2185 item
1492 2142 1574 2201 est
1599 2131 1892 2201 ratiociniis
1930 2145 2032 2184 un-

469 2199 576 2254 ctio
597 2211 651 2256 et
681 2203 862 2264 vestis,
893 2199 1148 2270 sapientia
1185 2217 1289 2254 non
1319 2200 1570 2265 carnalis,
1599 2199 1692 2254 sed
1722 2215 1783 2254 ea
1810 2215 1928 2269 quae
1952 2215 2037 2254 se-

469 2273 700 2325 cundum
730 2272 994 2327 Christum
1025 2281 1102 2325 est
1127 2289 1140 2333 ;
1175 2274 1246 2324 ita
1271 2280 1326 2324 ut
1345 2271 1486 2324 circa
1508 2270 1776 2324 carnalem
1797 2271 2032 2324 animum

470 2342 874 2406 mortilicemur,
915 2357 978 2396 ac
1003 2343 1047 2396 si
1077 2341 1186 2410 jam
1211 2342 1400 2394 mortui
1431 2341 1619 2403 simus,
1658 2355 1913 2395 ornemur
1938 2355 2034 2392 au-

471 2421 576 2482 te_m
624 2413 880 2482 spirituali
927 2422 1139 2466 ornatu.
1179 2411 1267 2465 Sic
1316 2410 1458 2482 enim
1504 2426 1674 2482 neque
1717 2425 1811 2476 per
1854 2411 2038 2464 brutos

467 2479 707 2542 affectus.
752 2497 924 2550 neque
960 2498 1052 2550 per
1096 2482 1292 2535 insulsa
1314 2481 1604 2550 (ratiocinia
1637 2492 1909 2550 peccatum
1937 2494 2035 2533 nos

471 2550 711 2615 invadet,
745 2549 918 2620 neque
945 2549 1099 2605 nobis
1122 2565 1267 2605 mors
1295 2549 1674 2620 dominabitur.
1723 2549 2035 2617 Hujusmodi

469 2635 601 2674 sane
625 2630 707 2692 est
732 2619 996 2676 unctionis
1021 2620 1353 2692 mysterium.
1403 2619 1527 2692 Post
1555 2620 1857 2692 unctionem
1887 2620 2039 2672 adest

471 2691 750 2753 coinestio,
794 2707 915 2759 qua:
959 2691 1196 2746 divinum
1239 2704 1432 2758 corpus
1475 2691 1528 2743 in
1581 2691 1734 2743 nobis
1774 2691 1930 2754 locat,
1983 2699 2038 2744 et

473 2761 785 2816 eummiscet
811 2761 876 2815 ad
908 2763 1179 2815 unionem.
1202 2760 1490 2824 Comedent,
1523 2760 1711 2829 inquit,
1735 2777 1912 2813 carnes
1941 2760 2035 2812 hac

471 2838 776 2901 nocle_t_lssas
800 2830 906 2901 igni
927 2831 1118 2901 (Exod.
1151 2830 1235 2885 l2.
1267 2831 1342 2898 8).
1371 2829 1504 2901 Nax.
1533 2844 1764 2901 pne-scus
1785 2829 2036 2901 sa-enlnm

472 2908 573 2953 est.
605 2897 728 2980 Noa;
755 2897 1007 2968 prlecessit
1053 2901 1228 2967 (Rom.
1261 2901 1345 2953 15.
1377 2898 1489 3020 12),
1534 2897 1608 2952 ait
1631 2899 1839 2953 Paulus.
1861 2899 2036 2966 lgnita

472 2977 556 3020 est
580 2983 713 3020 sacri
754 2972 994 3020 corporis
1027 2970 1398 3020 narticinatio:
1460 2985 1542 3020 ioc
1567 2980 1668 3020 est.
1695 2985 1792 3020 per
1815 2970 2035 3020 ianilum

472 2969 713 3050 estsacri
754 2972 994 3050 corporis
1027 2970 1398 3050 participatio;
1441 2969 1542 3050 hoc
1567 2980 1668 3050 est,
1695 2985 1792 3038 per
1815 2970 2035 3050 ignitum

471 3051 533 3109 ac
558 3035 770 3094 fervens
793 3035 1044 3095 studium:
1094 3035 1314 3106 Spiritu,
1340 3039 1536 3107 inquit,
1589 3035 2034 3109 ferventcs'Ubid.

477 3106 560 3180 12.
579 3109 701 3177 il);
724 3119 798 3171 et,
828 3109 1004 3180 Ignem
1031 3111 1141 3180 veni
1169 3110 1358 3180 mittere
1381 3106 1434 3180 in
1463 3106 1666 3180 terram.
1693 3121 1740 3161 et
1758 3106 2035 3179 quidvolo,

472 3177 516 3248 si
531 3177 645 3243 jam
673 3177 912 3232 accensus
946 3190 1015 3233 est
1055 3179 1205 3248 (Luc.
1240 3179 1323 3248 l2.
1355 3177 1480 3248 49)?
1511 3177 1576 3231 Ut
1598 3177 1777 3231 autem
1805 3180 1958 3246 ignis,
1990 3181 2035 3232 si

473 3245 540 3315 de
590 3249 917 3301 comestione
968 3245 1206 3301 carnium
1253 3245 1612 3315 intelligatur,
1665 3245 1880 3301 fervens
1920 3257 2035 3300 stu-

473 3314 618 3366 dium
651 3315 844 3370 indicat
877 3334 888 3368 :
922 3318 998 3370 sic
1025 3328 1081 3371 et
1104 3331 1288 3386 azyma
1318 3314 1732 3386 simplicitatem,
1773 3327 1828 3372 et
1857 3317 2037 3371 herba:

473 3398 668 3456 amara:
697 3398 962 3456 afrumnas
989 3385 1391 3456 Subsequentesg
1443 3385 1487 3439 N
1505 3387 1812 3456 imiAzyma,
1846 3387 2032 3454 inquit,

472 3468 586 3524 cum
623 3455 785 3508 herbis
818 3458 1003 3510 amaris
1038 3454 1293 3511 comedent
1323 3454 1513 3522 (Exod.
1536 3455 1625 3512 12.
1654 3454 1728 3524 8).
1759 3457 2038 3524 Simplices

475 3523 582 3575 sint
611 3539 806 3589 llllll‘eS,
855 3541 952 3581 nec
992 3527 1172 3591 fucati,
1209 3527 1373 3578 veteri
1411 3541 1557 3579 more
1585 3541 1645 3579 ac
1673 3523 1900 3580 versutia
1927 3526 2034 3579 l'er-

476 3595 638 3646 meuti
671 3595 839 3650 instar
865 3597 1102 3664 depOsita
1132 3641 1146 3660 ,
1190 3611 1434 3664 novoque
1471 3611 1533 3649 ac
1561 3596 1786 3665 simplici
1818 3606 2037 3665 accepto

476 3677 643 3721 more.
666 3681 771 3730 quo
801 3665 1132 3720 fermentatio
1161 3666 1268 3718 fiat.
1297 3665 1425 3718 Nam
1461 3667 1553 3730 ait,
1589 3664 1786 3720 Pascha
1814 3664 2038 3720 nostrum

475 3733 759 3786 immolatus
792 3747 862 3787 est
892 3735 1136 3790 Christus.
1175 3733 1353 3804 Itaque
1380 3734 1658 3806 epulemur,
1700 3753 1798 3789 non
1839 3737 1890 3788 in
1930 3741 2035 3806 fer-

478 3811 642 3874 mento
685 3805 853 3866 veteri,
908 3821 1063 3873 neque
1094 3807 1145 3858 in
1177 3810 1417 3874 {erutente
1445 3805 1650 3858 malitia!
1678 3816 1724 3858 et
1757 3805 1990 3874 nequitiae
2017 3821 2038 3860 :

475 3869 566 3946 sed
591 3872 642 3946 in
681 3875 872 3944 azymis
907 3869 1207 3928 sinceritatis
1233 3883 1277 3929 et
1302 3875 1523 3946 veritatis
1545 3876 1618 3943 (1.
1643 3874 1759 3946 Cor.
1789 3869 1840 3946 5.
1875 3875 1926 3928 7.
1955 3876 2032 3946 8).

478 3941 699 4010 Acerba:
725 3941 846 3996 sunt
879 3945 1286 4009 tribulationes;
1334 3943 1438 3998 Sed
1463 3941 1584 3996 etin
1607 3941 2033 4010 tribulationibus,

476 4009 666 4078 inquit.
712 4012 1008 4083 gloriantur,
1053 4018 1260 4069 scientes
1308 4015 1426 4082 quia
1467 4014 1720 4066 tribulatio
1743 4009 2037 4082 patientiam

477 4091 731 4148 operatur,
781 4085 1019 4152 patientia
1049 4101 1163 4138 vero
1195 4083 1558 4153 probationem,
1605 4084 1830 4149 probatio
1870 4095 2036 4139 autem

475 4166 637 4224 spem,
689 4168 801 4224 spes
842 4171 958 4207 vero
1005 4171 1106 4207 non
1147 4152 1408 4224 canfundit
1451 4152 1622 4224 (Rom.
1671 4155 1725 4208 5.
1757 4154 1902 4224 5ο5).
1933 4153 2038 4208 Per

479 4219 669 4294 multas
697 4219 1056 4294 _tri_bulationes
1114 4219 1307 4291 oportet
1352 4219 1681 4294 nos'intrare
1726 4224 1778 4276 in
1828 4219 2037 4294 regnum

476 4289 630 4362 (Act.
651 4290 735 4344 14.
763 4291 874 4361 21).
899 4295 1078 4362 Itaque
1109 4289 1500 4346 tribulatiOuem
1529 4292 1853 4346 admittimus
1883 4289 2036 4362 quasi

477 4359 715 4433 delicias,
751 4359 965 4433 prepter
990 4359 1139 4433 spem
1165 4373 1218 4416 et
1246 4377 1484 4433 regnum,
1536 4378 1654 4430 quae
1697 4378 1760 4416 ex
1802 4378 1863 4416 ea
1904 4359 2036 4431 pro-

478 4429 718 4502 veniunt.
754 4429 925 4502 Vetat
953 4429 1273 4502 prieceptum
1304 4429 1583 4502 conradere
1609 4433 1801 4486 crudas
1824 4429 2031 4488 carnes.

479 4497 591 4551 lloc
628 4514 754 4554 vero
795 4501 879 4566 iis,
911 4497 998 4572 qui
1029 4497 1376 4572 corporaliter
1400 4501 1623 4572 audiunt
1653 4511 1845 4570 prmter
1870 4503 2035 4557 ratio-

479 4582 599 4622 nem
641 4583 760 4625 esse
787 4570 1032 4641 videtur,
1079 4570 1199 4626 cum
1240 4571 1365 4625 illud
1395 4570 1670 4638 prohibeat
1695 4572 1864 4636 Deus,
1895 4573 2034 4641 quod

479 4652 748 4706 nunquam
778 4639 913 4695 forte
940 4640 1134 4696 factum
1164 4650 1280 4704 est;
1325 4655 1482 4694 nemo
1511 4641 1650 4693 enim
1674 4641 1888 4694 crudam
1914 4639 2035 4696 car-

479 4721 602 4760 nem
630 4711 860 4764 comedit
897 4712 1076 4780 :apud
1116 4725 1213 4764 nos
1256 4720 1432 4780 autem
1482 4710 1530 4763 id
1577 4711 1764 4764 rationi
1809 4713 2036 4766 maxime

478 4789 773 4839 consonum
803 4789 905 4842 est,
934 4779 1001 4835 ne
1024 4781 1226 4834 scilicet
1253 4779 1604 4846 perfunctorie
1629 4780 1944 4834 accedamus
1970 4782 2034 4834 ad

481 4846 937 4917 participationem
997 4849 1163 4901 divini
1219 4849 1457 4915 corporis
1506 4869 1518 4902 :
1563 4865 1664 4902 nou
1719 4851 2037 4917 participant

479 4914 622 4968 enim
663 4914 752 4985 qui
799 4917 1151 4986 perfunctorie
1196 4914 1326 4970 illud
1370 4925 1614 4976 trai-tant,
1659 4914 1754 4971 nec
1781 4934 1873 4986 per
1901 4914 2034 4973 bona

481 4999 640 5041 onera
683 5000 742 5040 se
780 4987 844 5040 ad
891 4988 1050 5040 talem
1110 4986 1638 5040 communicationem
1694 4989 2030 5041 concinnant.

533 5054 656 5122 ides,
683 5057 869 5126 inquit,
899 5058 1005 5111 sine
1032 5057 1262 5127 aperibus
1288 5065 1482 5127 mortua
1497 5065 1571 5127 est
1609 5055 1810 5124 (.Iacob.
1837 5057 1891 5112 2.
1919 5057 2032 5127 20).

481 5124 706 5197 ideoque
733 5124 981 5197 segnibus
1001 5124 1073 5183 ac
1094 5125 1474 5196 negligentibus
1495 5126 1843 5197 innitiittunttu'
1873 5124 2038 5197 tribu-

479 5193 709 5266 latioues
731 5193 1051 5266 ad'ipsornm
1098 5193 1394 5252 utilitatem.
1428 5205 1485 5248 ut
1513 5195 1587 5248 ait
1616 5195 1804 5248 Paulus
1829 5197 1849 5263 (
1876 5195 2031 5251 Hebr.

485 5265 571 5319 12.
601 5265 706 5346 10).
743 5277 797 5320 ιιι
823 5265 1116 5346 sanctitatis
1142 5268 1258 5335 ejus
1285 5267 1566 5346 participes
1591 5266 1716 5346 sint.
1745 5266 2032 5346 segnitiem

481 5349 608 5407 vero
625 5337 764 5407 circa
787 5337 1076 5403 Spiritnalia
1107 5353 1262 5407 opera
1291 5337 1427 5406 parit
1450 5352 1598 5388 amor
1619 5337 1900 5404 voluptatis
1919 5351 2036 5390 car-

481 5405 634 5457 nalis.
667 5405 998 5476 Quapropter
1021 5409 1124 5460 alio
1143 5405 1391 5476 symbolo
1421 5407 1470 5458 id
1496 5407 1797 5475 signiﬁcans
1828 5407 2035 5476 legisla-

485 5482 585 5537 tor,
633 5475 876 5546 prohibet
916 5478 967 5546 in
1012 5492 1146 5546 aqua
1184 5475 1397 5530 coctum
1439 5477 1717 5530 comedere
1751 5497 1764 5532 :
1797 5475 1916 5530 nam
1965 5477 2032 5530 ad

483 5545 820 5614 comestiuuis
865 5545 1204 5614 voluptatem,
1251 5547 1326 5598 sic
1373 5557 1578 5599 coctum
1622 5555 1834 5612 paratur
1865 5567 1880 5600 :
1911 5561 2032 5600 cmn

483 5611 750 5677 voluptate
775 5622 951 5666 autem
978 5611 1209 5668 divinam
1239 5630 1412 5670 escam
1443 5611 1722 5671 comedere
1746 5633 1850 5671 non
1872 5619 2031 5672 licet:

487 5691 592 5732 non
641 5682 782 5735 enim
811 5684 1005 5738 carnali
1039 5685 1196 5740 modo
1231 5685 1484 5740 miscetur
1523 5686 1683 5740 virtus
1728 5688 2031 5755 spiritualis.

1927 268 2048 325 SPU
2061 267 2192 322 RIA.

3626 284 3730 340 728

2149 382 2226 459 Ne
2257 385 2415 459 igitur
2444 401 2640 459 coquas
2670 401 2874 459 sacram
2906 401 3143 451 carnem,
3178 389 3380 459 inquit,
3417 392 3559 447 illaut
3602 411 3727 449 sua-

2146 457 2299 508 vibus
2325 454 2625 531 admiscens
2649 456 2801 531 ;‘_sed
2837 459 2940 531 igni
2968 468 3118 511 cocta
3148 454 3348 531 tantum
3369 454 3721 531 'comedatur,

2149 541 2271 578 cum
2326 526 2532 578 intento
2574 525 2751 578 studio
2790 542 2818 576 a
2858 528 3128 593 voluptate
3154 529 3348 584 alieno.
3382 535 3547 586 Amor
3568 525 3726 589 volu;

2153 595 2312 662 piatis
2355 605 2432 648 est
2477 610 2506 647 a
2551 596 2641 648 Dei
2691 611 2874 648 amore
2919 598 3143 656 alienus.
3196 609 3251 652 ιιι
3295 602 3368 652 ait
3401 602 3596 658 Paulus
3627 624 3640 658 :
3672 617 3726 660 ct

2154 665 2378 736 Quorum
2423 665 2866 736 deusventerest
2911 665 3174 736 (Philipp.
3208 670 3261 723 3.
3295 671 3381 734 19)
3407 714 3421 732 ,
3470 673 3534 728 iis
3585 675 3726 730 Deus

2149 735 2261 799 ipse
2291 750 2396 787 non
2426 747 2508 787 est
2549 735 2696 787 deus.
2748 734 2928 801 Neque
2973 737 3039 798 ii,
3091 734 3180 804 qui
3227 739 3611 796 Eucharistiam
3668 747 3720 798 in

2147 804 2286 882 lauta
2316 804 2562 882 convivia
2594 806 2951 882 transferunt,
2996 809 3198 882 accepti
3247 820 3371 862 sunt
3415 812 3552 880 apud
3577 815 3724 882 Apo-

2147 874 2364 935 stolam,
2414 874 2541 927 dum
2589 875 3014 928 communionem
3044 876 3184 930 illam
3209 874 3639 936 sanctificantenf
3665 887 3719 938 in

2147 945 2734 1017 oceasinnem‘vertunt
2772 944 2912 1017 largi
2949 953 3001 998 et
3046 945 3173 1017 lauti
3214 949 3316 1002 cibi
3357 959 3410 1002 et
3442 961 3594 1017 potus
3622 968 3720 1006 suo

2147 1011 2347 1066 incudi.
2393 1013 2592 1077 Quibus
2632 1013 2758 1065 dicit
2791 1011 3004 1078 Paulus,
3034 1014 3154 1069 Non
3185 1028 3255 1071 est
3282 1011 3600 1074 Dominiram
3627 1039 3724 1076 ca:-

2147 1099 2264 1134 nam
2287 1084 2592 1160 manducare
2619 1098 2639 1136 :
2671 1079 3180 1160 unusquisqueenim
3200 1103 3350 1160 suam
3369 1105 3559 1143 caenam
3584 1109 3721 1160 prce-

2145 1163 2300 1205 sumtt
2322 1157 2388 1224 ad
2419 1153 2846 1224 manducandum,
2866 1153 2946 1224 et
2964 1155 3098 1224 alius
3126 1157 3325 1224 quidem
3351 1162 3534 1223 esurit,
3583 1153 3721 1217 alius

2145 1231 2311 1274 autem
2339 1222 2504 1275 ebrius
2526 1231 2616 1274 est.
2648 1219 2912 1290 Numquid
2938 1223 3112 1290 domos
3139 1219 3240 1278 non
3265 1227 3454 1279 habetis
3481 1219 3547 1282 ad
3567 1247 3718 1284 man-

2145 1290 2504 1364 dueandum__e_t
2531 1289 2840 1364 bibendum?
2855 1289 3228 1364 autEcclcsiam
3259 1296 3352 1349 Dei
3377 1301 3715 1364 contemnitis,

2145 1370 2193 1412 el
2218 1361 2524 1428 confunditis
2551 1377 2653 1420 eos,
2689 1361 2775 1429 qui
2803 1377 2900 1413 non
2928 1361 3143 1417 habent?
3189 1364 3324 1429 Quid
3353 1368 3515 1419 dicant
3536 1361 3720 1424 υοιηεὲ

2145 1430 2362 1506 (trudam
2406 1431 2532 1484 vos?
2578 1431 2645 1482 lu
2675 1433 2768 1506 hoc
2811 1431 3089 1506 nonlaudo
3135 1435 3208 1500 (1.
3233 1434 3349 1489 Cor.
3381 1438 3464 1490 11.
3494 1438 3564 1493 20
3595 1441 3711 1506 95).

2149 1499 2279 1552 Dicit
2309 1509 2488 1554 autem
2509 1515 2574 1552 ex
2597 1499 2877 1569 negligenti
2901 1501 2992 1553 illo
3018 1499 3156 1555 circa
3177 1506 3352 1558 cibum
3384 1523 3586 1562 sacrum
3612 1499 3715 1564 ιιςίι

2148 1571 2465 1624 tentatitmes
2493 1570 2598 1623 illis
2623 1573 2928 1638 euntingerc
2948 1611 2963 1634 ,
3004 1571 3123 1639 quia
3155 1590 3258 1627 non
3288 1588 3468 1630 sancte
3494 1580 3554 1630 ad
3584 1597 3678 1632 sau
3696 1612 3712 1620 ς

2145 1650 2286 1692 ctum
2327 1639 2608 1694 accedunt.
2643 1639 2784 1699 ldco,
2821 1641 3009 1708 inquit,
3039 1642 3168 1694 inter
3194 1658 3280 1696 vos
3313 1657 3426 1697 sunt
3452 1648 3593 1701 multi
3624 1652 3713 1702 iu-

2146 1710 2281 1780 ﬁrmi
2309 1720 2352 1762 et
2379 1709 2667 1770 imbecilles,
2691 1721 2735 1762 et
2766 1708 3019 1780 dormiunt
3046 1711 3210 1764 multi.
3246 1715 3395 1780 Quod
3424 1717 3466 1770 si
3492 1731 3711 1772 nosmet-

2143 1779 2280 1850 ipsos
2316 1780 2683 1850 judicaremus,
2711 1789 2808 1832 non
2830 1779 3000 1849 utique
3015 1779 3362 1848 judicaremur
3391 1788 3467 1850 (l.
3485 1785 3597 1841 Cor.
3624 1791 3711 1842 ll.

2144 1849 2213 1904 ΞΟ
2247 1849 2358 1920 3|).
2392 1849 2678 1917 lmpielatis
2702 1852 2842 1904 enim
2872 1851 3078 1925 culpam
3102 1852 3368 1906 incurrunt
3397 1849 3448 1920 ii,
3479 1860 3566 1925 qui
3595 1875 3715 1912 cor-

2147 1935 2243 1987 pus
2269 1936 2420 1973 sumn
2451 1935 2554 1973 non
2584 1928 2880 1989 przeparaut
2906 1920 2969 1973 ad
3015 1920 3544 1980 communicationem
3589 1945 3714 1983 cor-

2148 1991 2290 2061 lf‘ﬂ'is
2335 1990 2517 2058 ἱρείης.
2547 1989 2688 2056 (ιιιυά
2719 1989 2871 2061 nobis
2894 1989 3060 2049 dedit.
3089 2001 3145 2061 ut
3171 2007 3290 2046 cum
3321 1995 3410 2047 illo
3440 1998 3616 2061 mixti,
3645 2000 3712 2051 ad

2145 2059 2408 2132 Spiritum
2429 2069 2667 2132 sanctum
2684 2060 3061 2132 recipiendum
3089 2059 3233 2130 digni
3257 2062 3557 2132 judicemnr
3594 2059 3611 2119 ε’
3633 2071 3712 2122 si-

2143 2130 2356 2197 quidem
2400 2129 2520 2182 idco
2561 2130 2652 2183 Dei
2684 2128 2914 2200 Verbum
2955 2145 3013 2184 se
3050 2130 3102 2182 iu
3150 2128 3347 2200 corpus
3390 2135 3626 2199 immisit,
3657 2151 3715 2192 et

2143 2200 2496 2274 caro-factum
2527 2198 2918 2274 estqsccundurn
2940 2198 3294 2274 evangelieain
3324 2219 3502 2258 vocem
3532 2198 3708 2274 (1m.

2145 2269 2196 2322 1.
2228 2269 2315 2337 ll)
2336 2311 2350 2333 ,
2376 2279 2433 2345 ut
2460 2270 2582 2345 quia
2610 2269 2750 2322 illius
2772 2278 2828 2345 ut
2849 2268 3006 2345 V_erbi
3040 2268 3320 2345 participes
3338 2289 3458 2328 esse
3489 2268 3592 2329 non
3621 2293 3720 2345 ρο-

2145 2347 2395 2413 teramus,
2422 2340 2584 2413 ipsius
2618 2353 2780 2392 carne
2805 2338 2972 2413 induti
3003 2338 3284 2413 participes
3303 2357 3574 2410 essemus;
3603 2338 3714 2413 spi-

2145 2410 2318 2463 rituali
2350 2409 2498 2489 car‘ui
2529 2409 3201 2489 nostram‘copulantes_,_et
3221 2411 3475 2480 Spiritum
3503 2409 3712 2484 spiritui

2143 2489 2417 2554 quantum
2441 2479 2601 2554 licet;
2651 2488 2712 2554 ut
2743 2478 2956 2554 Christo
2997 2479 3196 2554 simﬂes
3224 2478 3484 2554 essemus,
3518 2478 3712 2554 teiupla

2143 2547 2369 2616 Spiritus
2395 2548 2540 2619 facti.
2573 2557 2628 2601 ut
2648 2547 2719 2599 ait
2738 2548 3022 2616 Apostolus
3055 2566 3066 2602 :
3098 2549 3310 2619 Templa
3340 2551 3438 2605 Dei
3469 2547 3638 2616 estis;'
3657 2566 3715 2611 et

2147 2621 2359 2694 iterum.
2387 2617 2438 2672 Ν
2443 2619 2747 2694 escitis_quia
2776 2635 2988 2694 corpora
3008 2629 3170 2672 vestra
3197 2617 3434 2694 templum
3455 2636 3567 2676 stmt
3590 2626 3715 2694 Spi.

2144 2690 2268 2742 ritus
2315 2691 2496 2753 sancti,
2541 2690 2625 2758 qui
2662 2689 2715 2739 in
2756 2689 2890 2741 vobis
2933 2698 3043 2754 est,
3092 2707 3238 2758 quem
3290 2691 3480 2746 habetis
3528 2711 3559 2746 a
3606 2689 3714 2750 Deo

2145 2760 2220 2826 (l.
2251 2758 2367 2812 Cor.
2395 2760 2446 2812 5.
2483 2760 2570 2812 16.
2601 2770 2646 2811 et
2669 2759 2722 2828 6.
2754 2758 2875 2828 19)?
2908 2760 2982 2812 Ac
3011 2774 3108 2826 per
3134 2763 3567 2816 commixtiuuem
3589 2783 3711 2819 cum

2144 2827 2340 2897 Spiritu
2383 2840 2587 2891 saucm,
2637 2827 2932 2899 adcorpus
2957 2827 3112 2882 etiam
3137 2828 3333 2885 Christi
3363 2834 3711 2899 pertinemus,

2145 2911 2203 2954 ut
2233 2899 2347 2954 bzrc
2390 2899 2662 2953 faveamus
2711 2898 2763 2950 in
2814 2899 3249 2964 sanctificatione,
3293 2898 3582 2966 faveamus,
3624 2905 3709 2957 in.

2145 2985 2324 3039 quam,
2378 2977 2434 3020 ut
2484 2968 2719 3022 membra
2771 2966 2988 3039 Christi.
3039 2967 3277 3039 Ngscitis.
3333 2972 3425 3031 ait.
3471 2975 3710 3039 quoniam

2144 3036 2366 3114 membra
2409 3047 2606 3114 vestra,
2637 3037 2859 3114 membra
2905 3047 3020 3091 sunt
3067 3036 3296 3114 Christi?
3348 3036 3548 3114 Tollens
3591 3061 3712 3114 ergo

2144 3109 2364 3162 membra
2422 3107 2646 3168 Christi,
2709 3107 2892 3177 faciant
2946 3109 3165 3160 membra
3208 3111 3517 3164 meretricis?
3572 3107 3712 3167 Absit

2145 3180 2224 3248 (1.
2249 3178 2365 3230 Cor.
2390 3179 2442 3230 6.
2467 3179 2578 3244 15).
2606 3177 2752 3232 Sacri
2783 3192 2910 3248 ergo
2937 3177 3042 3248 cibi
3065 3190 3372 3246 apparatum
3400 3182 3477 3234 sic
3508 3190 3560 3235 et
3587 3199 3708 3237 cum

2145 3247 2338 3302 talibus
2363 3248 2618 3317 symbolis
2639 3248 2721 3300 lex
2748 3247 3040 3317 ordinavit,
3069 3248 3140 3317 ad
3168 3250 3444 3303 utilitatem
3473 3262 3708 3308 nostrain

2146 3315 3264 3390 przeviasrligurasgtuuc‘diquneus.Caput
3296 3330 3485 3383 autem,
3519 3322 3706 3390 inquit,

2143 3385 2256 3440 cum
2287 3385 2494 3458 pedibus
2517 3397 2562 3439 et
2592 3386 2837 3458 intestinis
2855 3385 3051 3458 ’(and.
3079 3386 3160 3458 12.
3179 3385 3244 3456 9)
3264 3405 3296 3458 ;_
3325 3404 3424 3458 per
3449 3385 3602 3457 caput
3629 3394 3709 3446 in-

2144 3455 2330 3511 dicans
2361 3457 2564 3528 initium
2599 3455 2855 3528 adventus
2883 3456 2947 3509 ad
2977 3455 3249 3528 homines;
3285 3455 3371 3512 hic
3412 3455 3570 3528 porro
3594 3474 3708 3516 crat

2143 3528 2346 3598 primus
2378 3527 2640 3598 adventus
2673 3543 2685 3578 :
2723 3525 2882 3598 pedes
2910 3536 3082 3580 autem
3107 3526 3225 3579 fluis
3247 3525 3492 3592 sunt;'et
3523 3532 3604 3584 hic
3625 3542 3709 3586 cst

2144 3595 2410 3652 secundus
2454 3597 2731 3659 adventus,
2777 3595 2892 3649 sine
2935 3610 3040 3663 quo
3077 3611 3173 3649 nec
3207 3599 3363 3664 priori
3388 3599 3706 3654 credendum

2144 3678 2286 3722 esset
2317 3684 2329 3718 :
2363 3666 2448 3719 hic
2471 3667 2666 3734 quippe
2693 3680 2796 3718 non
2843 3664 3040 3726 omnia,
3081 3680 3198 3733 qure
3247 3668 3549 3733 prophetice
3585 3681 3707 3723 sunt

2143 3737 2434 3798 enuntiata,
2464 3735 2716 3803 implevit.
2744 3734 2942 3788 Idcirco
2965 3750 3069 3787 non
3101 3734 3325 3789 credunt
3348 3737 3534 3799 Judzri,
3565 3741 3708 3801 (tum!

2144 3821 2228 3871 ea,
2258 3821 2376 3876 qua:
2411 3806 2476 3858 ad
2513 3806 2803 3874 gloriosum
2830 3806 3111 3876 adventum
3144 3807 3404 3873 spectant,
3436 3810 3700 3876 completa

2145 3891 2250 3929 non
2281 3875 2422 3939 sint;
2472 3890 2642 3942 neque
2690 3884 2893 3942 putant,
2939 3875 3083 3928 illum
3123 3876 3210 3943 qui
3235 3877 3301 3928 ita
3329 3875 3704 3942 advenit,’e.~se

2142 3945 2431 4016 Christum.
2458 3945 2580 3997 Ideo
2603 3944 2717 4016 [nec
2741 3944 3098 4016 complectens
3121 3946 3214 4008 ait,
3233 3944 3395 4015 Caput
3423 3964 3532 3998 cum
3562 3950 3706 4016 pedi-

2144 4017 2268 4079 bus;
2315 4014 2416 4067 hoc
2465 4023 2566 4074 est,
2613 4015 2839 4082 primum
2889 4013 3171 4067 adventum
3211 4013 3331 4067 cum
3371 4013 3620 4081 secundo,
3650 4028 3710 4072 ut

2143 4095 2200 4140 et
2223 4099 2412 4153 agnum
2450 4099 2572 4137 cum
2613 4084 2896 4152 ignominia
2942 4084 3010 4137 ad
3055 4084 3376 4137 occisionem
3422 4086 3708 4141 adductum

2143 4155 2411 4224 reciperes
2443 4154 2741 4216 Dominum,
2785 4162 2839 4224 et
2868 4153 3072 4224 Regem
3102 4170 3227 4224 eum,
3246 4155 3410 4222 gloria
3440 4171 3706 4223 apparen-

2145 4222 2273 4278 tem‘
2293 4223 2500 4277 videres
2532 4239 2544 4274 :
2573 4239 2692 4294 quze
2733 4223 2890 4294 amba
2931 4222 3176 4294 prasidixit
3219 4223 3375 4277 Isaias
3403 4222 3656 4294 propheta
3693 4246 3706 4281 :

2144 4310 2316 4362 neque
2367 4293 2788 4361 redemptionem
2845 4291 3191 4362 Jerosolyma:
3251 4291 3532 4361 exigeres;
3609 4298 3707 4350 sed

2142 4360 2316 4417 adhuc
2351 4360 2706 4426 exslvet-lares,
2737 4371 2793 4414 ut
2817 4361 3011 4432 dicitur
3038 4360 3066 4432 ξ
3094 4360 3260 4432 Veniet
3283 4360 3356 4416 exi
3375 4363 3503 4417 Sion
3528 4366 3614 4432 qui
3635 4366 3705 4418 li-

2141 4433 2306 4498 beret,
2335 4445 2379 4485 et
2403 4440 2587 4485 avertet
2625 4433 2802 4500 impios
2837 4449 2868 4484 a
2905 4430 3065 4484 Jacob
3113 4430 3131 4498 (
3156 4431 3283 4484 lsai.
3313 4432 3400 4486 59.
3429 4433 3519 4487 2|.
3540 4430 3704 4489 ‘Rom.

2144 4505 2230 4557 11.
2260 4503 2375 4571 26),
2402 4502 2516 4571 ipso
2541 4513 2784 4572 servante
2815 4501 3082 4555 residuum
3113 4501 3310 4569 populi,
3350 4503 3438 4572 qui
3469 4503 3536 4558 ad
3560 4505 3706 4560 illum

2142 4570 2531 4628 ceiwertendus
2575 4580 2676 4626 est.
2711 4570 2762 4624 lu
2794 4572 2972 4638 primo
2999 4581 3174 4624 autem
3214 4570 3445 4626 adventu
3492 4583 3706 4628 contra-

2142 4644 2279 4697 rium
2306 4642 2486 4695 videas
2515 4640 2830 4708 contigisse;
2864 4640 2990 4693 illud
3021 4655 3232 4708 nempe,
3265 4639 3477 4711 Reliqui
3499 4643 3705 4698 domum

2143 4729 2304 4764 meam
2327 4753 2342 4777 ,
2374 4711 2541 4764 dimisi
2576 4711 2915 4762 hwreditatem
2937 4725 3137 4771 meam;
3182 4720 3233 4763 et
3260 4710 3427 4776 illud,
3473 4711 3704 4766 Tradidit

2141 4782 2323 4850 impios
2344 4796 2434 4850 pro
2454 4782 2710 4845 sepultura
2728 4781 2858 4850 ejus,
2884 4789 2930 4832 et
2951 4781 3124 4834 divites
3149 4796 3240 4850 pro
3260 4790 3418 4850 morte
3439 4781 3587 4850 (lsai.
3609 4785 3701 4838 57.

2143 4852 2216 4918 9).
2246 4849 2377 4904 Cum
2417 4850 2550 4919 dicit
2567 4864 2713 4919 ergo,
2745 4849 2907 4919 Caput
2931 4865 3045 4902 cum
3071 4849 3302 4919 pedibus,
3329 4849 3430 4904 hoc
3451 4849 3705 4919 'prteuun-
3748 4880 3756 4885 -

2145 4921 2237 4973 tiat
2259 4919 2456 4973 ,Ιιιάςιτίε
2487 4937 2500 4972 :
2537 4918 2816 4988 lnglorium
2863 4918 3068 4988 Domini
3096 4918 3378 4973 adventum
3404 4936 3430 4970 a
3461 4918 3704 4988 glorioso

2141 5005 2210 5043 ne
2238 4990 2514 5058 separetis,
2539 4987 2688 5042 utine
2711 4987 2968 5042 increduli
2992 4989 3060 5042 ab
3081 4988 3198 5054 ejus
3222 4987 3592 5042 communione
3617 5004 3704 5042 se-

2143 5059 2416 5128 paremini.
2447 5057 2552 5113 Sed
2575 5059 2722 5112 etiam
2762 5074 2875 5110 cum
2899 5059 3177 5119 intestinis,
3210 5058 3397 5128 inquit.
3427 5060 3561 5124 Quid
3600 5059 3703 5112 hoc

2142 5127 2262 5184 εκιῖ
2286 5128 2360 5181 Ne
2388 5127 2812 5182 scandalizemini
2841 5128 2906 5178 de
2945 5129 3053 5196 illo,
3095 5127 3237 5194 quod
3265 5129 3574 5196 apparebit,
3605 5129 3702 5182 sed

2141 5198 2444 5250 ahsmudita
2470 5197 2630 5251 crium
2656 5196 2916 5264 dispicite.
2960 5195 3036 5250 Ne
3068 5195 3332 5249 hominem
3361 5213 3476 5250 esse
3500 5237 3514 5259 ,
3563 5198 3705 5251 sicut

2143 5281 2236 5320 vos
2263 5270 2390 5320 estis
2408 5307 2422 5330 ,
2455 5268 2752 5320 existimate
2771 5308 2785 5327 ,
2818 5282 2879 5320 ex
2905 5282 2968 5319 eo
2990 5266 3128 5330 quod
3153 5265 3239 5318 ille
3267 5267 3554 5320 set-nudum
3582 5281 3704 5319 con-

2143 5353 2240 5417 pus
2265 5342 2333 5390 stt
2363 5337 2554 5417 frma;
2601 5336 2694 5390 sed
2724 5337 2870 5389 illum
2894 5336 3236 5417 spiritualiter
3261 5338 3601 5417 cognoscite,
3647 5348 3707 5394 et

2142 5406 2195 5460 in
2223 5409 2336 5474 ipso
2375 5406 2585 5459 Patrem
2614 5407 2961 5474 cognoscetis.
3013 5407 3190 5458 Donec
3217 5407 3359 5457 enim
3385 5407 3527 5472 quod
3558 5409 3705 5461 intus

2141 5485 2222 5530 est
2249 5491 2354 5529 non
2377 5476 2615 5543 respicis,
2640 5491 2811 5543 neque
2836 5477 3200 5528 intestinorum
3215 5489 3437 5528 consors
3457 5490 3538 5542 es,
3569 5494 3708 5532 nou-

2141 5545 2800 5627 dumnChristunm.vidisti,
2835 5545 3101 5627 haminfem
3135 5545 3280 5627 illam
3322 5560 3442 5599 esse
3474 5559 3704 5627 putans,

2143 5632 2246 5669 non
2273 5615 2456 5668 Deum.
2490 5615 2622 5667 Dicit
2651 5625 2824 5668 autem
2851 5615 2958 5676 ille,
2995 5613 3091 5679 Qui
3137 5614 3257 5664 vidit
3297 5631 3373 5667 me
3395 5657 3409 5679 ,
3441 5613 3564 5668 vidit
3599 5617 3704 5669 l'a-

2144 5697 2266 5740 trem
2295 5684 2564 5756 (JoanJl.
2589 5683 2664 5756 9).
2689 5683 3135 5741 Considerandum
3163 5692 3337 5738 autem
3358 5695 3460 5752 est,
3483 5685 3609 5756 quid
3629 5689 3706 5742 sit
