4028 6144
319 360 429 421 133

321 475 574 534 adventui
598 475 971 531 reservabatur
993 469 1271 543 perfectio,
1299 479 1354 527 et
1368 471 1544 527 clarus
1568 484 1904 543 rerumicon-

318 557 557 618 spectas,
587 548 800 618 quando
821 546 935 600 lies
954 541 1370 618 ipsegvidendus
1385 551 1521 618 erat.
1566 541 1764 618 Namsi
1785 543 1905 609 quis

321 610 624 687 ii'uagiuem'
642 618 928 687 depingat,
952 610 997 671 is
1023 614 1374 687 primoAquasi
1398 614 1615 687 umbras
1635 610 1867 687 delineat
1889 625 1904 673 ;

321 682 518 743 deinde
534 682 1078 754 coloribuspicturam
1096 682 1305 754 perficit
1324 702 1338 739 ι
1356 692 1514 752 atque
1533 682 1673 736 aliud
1690 691 1774 754 est
1789 695 1910 734 oeu-

324 760 390 813 lis
408 760 582 828 imago
600 751 919 828 umbraiilis;
940 751 1169 824 idipsum
1184 771 1312 809 vero
1331 754 1406 817 id,
1427 751 1679 828 quodper
1693 751 1907 828 colores

324 821 759 900 representatur.
788 827 891 881 Per
913 821 1133 900 umbras
1149 840 1277 894 ergo
1301 841 1426 879 vera
1448 821 1597 877 mihi
1614 821 1902 900 perpende,

325 896 510 965 et‘per
541 898 733 966 ﬁguras
760 912 820 950 ea
841 937 856 959 ,
899 912 1020 965 quae
1063 896 1167 949 illis
1201 902 1683 966 repraesentantur,
1731 896 1908 966 consi-

325 964 486 1031 dera.
526 964 687 1035 atque
726 984 789 1021 ex
836 964 1018 1035 parvis
1064 966 1128 1019 ad
1166 981 1356 1035 magna
1386 965 1622 1019 accede:
1652 978 1719 1016 ne
1762 964 1904 1035 circa

329 1050 523 1093 terram
568 1033 849 1101 verseriss
880 1052 1051 1104 neque
1087 1033 1399 1089 memoriam
1444 1036 1649 1089 recolas
1673 1033 1844 1103 gentis
1873 1046 1903 1083 a

327 1120 553 1180 tyranno
582 1109 835 1169 liberatae,
863 1106 1052 1180 salutis
1074 1107 1300 1159 filiorum
1334 1114 1713 1180 temperantem,
1735 1113 1907 1180 trans-

328 1172 656 1247 n'iigrationis
702 1194 730 1230 a
784 1189 923 1231 terra
967 1178 1033 1247 in
1068 1186 1264 1230 terram
1322 1178 1499 1229 aliam.
1539 1175 1723 1244 Neque
1761 1172 1903 1247 enim

326 1245 600 1315 gentilium
628 1248 960 1303 celebritates
991 1246 1058 1301 ah
1103 1246 1402 1316 lmjnsmoili
1430 1245 1900 1316 commemoratio:

330 1313 483 1371 nibus
512 1320 732 1373 multum
762 1318 964 1372 distare
998 1313 1316 1388 comperies.
1348 1315 1636 1388 Celebrant
1661 1315 1802 1370 enim
1830 1313 1904 1366 illi

328 1391 632 1443 morborum
660 1389 978 1452 curationes,
996 1404 1026 1442 a
1052 1386 1328 1457 tyrannide
1354 1386 1714 1449 liberationes,
1736 1392 1903 1457 trans-

332 1460 709 1528 migrationes,
743 1459 949 1512 urbium
980 1455 1348 1528 fundationes,
1383 1456 1630 1509 victorias
1669 1466 1723 1508 et
1759 1455 1907 1506 simi-

330 1526 433 1597 lia,
467 1539 674 1583 terrena
701 1540 752 1582 ct
784 1539 1125 1597 temporanca
1166 1528 1216 1580 in
1247 1526 1504 1597 festorum
1520 1537 1904 1597 argumentum

327 1594 679 1654 assunientes.
707 1599 827 1652 .Iam
858 1594 1066 1667 magna,
1097 1596 1277 1651 divina
1305 1606 1359 1649 et
1381 1595 1472 1665 Dei
1499 1594 1637 1648 dona
1668 1610 1904 1650 comme-

327 1684 537 1723 morare
570 1678 785 1737 oportet
818 1682 911 1721 eos
933 1666 1067 1736 {qui
1111 1681 1354 1735 magnam
1386 1674 1450 1737 et
1476 1675 1730 1737 attentam
1759 1666 1903 1719 cele-

330 1741 484 1792 hrant
507 1734 897 1792 solemnitatem
924 1754 939 1800 ;
970 1734 1161 1804 nempe
1193 1734 1557 1790 liberationem
1583 1751 1611 1788 a
1641 1735 1902 1790 dzemoni-

329 1809 426 1862 bus
453 1807 802 1871 adversaria},
835 1809 923 1876 qui
954 1808 1093 1861 betio
1122 1807 1320 1861 bellum
1353 1805 1582 1859 inferunt
1601 1846 1616 1868 ,
1642 1806 1783 1875 quia
1811 1806 1904 1860 Dei

330 1894 494 1945 regno
523 1886 772 1932 avertunt
797 1896 811 1932 :
841 1877 1159 1931 celebranda
1184 1885 1267 1932 est
1294 1876 1438 1929 salus
1466 1890 1570 1928 non
1604 1876 1747 1929 brevi
1773 1887 1907 1930 tem~

329 1963 479 2017 pore,
509 1950 602 2002 sed
632 1949 681 2001 in
712 1959 969 2001 internum
996 1946 1267 2010 duratura,
1299 1947 1687 2017 transmigratio
1710 1962 1739 1999 a
1765 1955 1903 2000 terra

329 2016 380 2071 in
411 2019 597 2072 eaelnm
626 2019 677 2071 in
709 2018 954 2087 praesenti
986 2019 1110 2080 vita,
1138 2017 1267 2071 etin
1298 2016 1685 2087 possessionem
1714 2032 1904 2086 perpe-

327 2095 470 2158 tuam
498 2098 619 2158 post
646 2083 871 2142 futuram
898 2088 1366 2143 resorrectionem.
1393 2083 1657 2154 Egyptus
1681 2083 1905 2158 vexabat

325 2157 555 2223 Indicos,
607 2160 696 2227 qui
743 2158 900 2211 liberi
947 2166 1104 2212 erant
1147 2172 1210 2211 ex
1259 2165 1477 2227 paterna
1523 2157 1899 2223 successione,

326 2228 551 2295 illosque
585 2226 684 2283 sub
717 2229 987 2283 servitutis
1007 2229 1139 2298 jngo
1169 2226 1416 2291 tenebat,
1445 2239 1642 2295 cogens
1674 2227 1796 2298 illos
1824 2230 1901 2282 la-

328 2300 506 2353 teritio
530 2300 680 2368 operi
714 2299 1025 2353 incumbere
1051 2296 1105 2353 et
1129 2299 1288 2351 urbes
1314 2304 1649 2351 construere.
1676 2296 1903 2366 Symbo-

328 2368 433 2421 lum
464 2370 565 2422 hoc
593 2377 676 2422 est
702 2383 1058 2422 :erumnarum
1106 2367 1324 2431 mundi,
1367 2368 1520 2435 queis
1563 2369 1904 2435 premebatur

325 2454 493 2508 genus
536 2442 823 2492 humanum
844 2479 859 2504 ,
889 2437 1033 2507 quod
1062 2438 1130 2491 ab
1173 2452 1235 2491 ea
1264 2453 1383 2508 quae
1413 2437 1705 2491 secundum
1737 2440 1902 2494 Deum

326 2519 407 2562 est
428 2509 694 2576 voluptate
718 2519 771 2563 et
798 2523 829 2562 a
858 2509 1103 2562 libertate
1131 2507 1420 2569 exciderat,
1443 2515 1499 2561 et
1524 2509 1753 2578 terrenis
1775 2524 1903 2578 ope-

327 2579 472 2633 ribus
517 2578 816 2644 insudabat,
864 2592 927 2632 ac
976 2578 1205 2647 peritura
1242 2576 1594 2647 tabernacula
1637 2576 1900 2646 parabat:

325 2650 447 2718 quia
478 2648 606 2701 nihil
634 2649 771 2717 apud
816 2646 1287 2703 hominesstabile
1317 2650 1395 2702 vel
1440 2656 1607 2700 tutum
1647 2655 1758 2712 est,
1808 2651 1903 2705 sed

326 2721 503 2772 omnia
534 2718 884 2773 humanarum
914 2734 1162 2772 manuum
1203 2732 1363 2786 opera
1397 2732 1428 2770 a
1465 2725 1706 2785 tempore
1742 2719 1904 2774 absu-

326 2800 561 2843 muntur.
610 2789 692 2843 Ab
736 2788 837 2844 hac
883 2803 982 2843 nos
1025 2789 1280 2843 servitute
1319 2787 1432 2841 vult
1464 2788 1600 2841 Deus
1638 2787 1900 2857 liberare,

325 2875 448 2928 erga
467 2874 600 2929 opus
621 2875 774 2913 suum
793 2859 974 2914 labore
998 2874 1310 2927 oppressum
1330 2859 1669 2929 miseratione
1687 2858 1900 2927 ductus,

328 2927 534 2982 utiolim
567 2930 749 2983 videns
777 2929 1118 2985 afllictionem
1163 2929 1388 2982 filiorum
1433 2927 1630 2998 Israel,
1665 2929 1808 2998 ipsos
1835 2931 1904 2985 Ii-

324 2998 534 3053 beravit
561 3015 655 3068 per
680 3011 833 3054 terrae
863 3001 1136 3068 promissae
1161 3000 1568 3067 possessionem.
1598 2997 1905 3057 Vol’uotarie

324 3073 466 3123 enim
511 3071 577 3123 ad
626 3071 786 3123 Deum
830 3072 1023 3125 reverti
1066 3081 1278 3139 oportet
1318 3084 1431 3131 eos,
1472 3069 1564 3138 qui
1606 3070 1903 3128 voluntarie

328 3143 650 3195 resilierunt.
683 3141 958 3195 Mittuntur
980 3143 1120 3195 servi
1149 3141 1318 3210 legem
1349 3139 1631 3195 afferentes
1654 3180 1669 3202 ,
1702 3157 1795 3209 per
1822 3143 1901 3198 le-

324 3226 441 3279 gem
482 3210 549 3264 ad
585 3212 840 3280 justitiam
881 3224 1169 3277 vocantes,
1202 3224 1295 3279 per
1332 3209 1589 3278 justitiam
1628 3210 1694 3264 ad
1732 3210 1897 3267 Deum

323 3284 598 3345 ducentes,
627 3296 783 3349 parva
815 3282 1024 3336 interim
1047 3281 1303 3349 supplicia
1325 3280 1642 3334 adverSariis
1667 3292 1897 3350 potesta-

326 3351 464 3405 tibus
509 3351 795 3406 inferentes
815 3390 830 3417 ,
860 3352 1083 3406 necdum
1108 3351 1400 3421 perfectam
1442 3350 1731 3421 perniciem
1757 3392 1773 3415 ,
1802 3353 1898 3408 sed

323 3435 387 3473 ex
420 3431 569 3490 parte
598 3433 797 3475 lanium
820 3462 836 3486 ,
869 3420 1195 3476 adducentes
1215 3461 1232 3488 ,
1260 3422 1451 3490 impios
1478 3420 1712 3474 nondum
1744 3423 1902 3491 plane

321 3492 390 3544 de
435 3492 609 3545 medio
651 3493 914 3546 tollentes.
962 3492 1073 3546 lIoc
1101 3493 1244 3546 enim
1286 3491 1656 3545 reservabatur
1686 3492 1900 3548 Domini

323 3561 592 3626 adventui,
640 3564 726 3630 qui
775 3572 894 3631 post
921 3577 1106 3617 servos
1133 3565 1245 3616 suis
1267 3559 1457 3615 adfuit.
1489 3561 1899 3631 llorumiautem

323 3631 504 3700 figura:
541 3643 594 3686 et
627 3630 864 3702 symbolo
905 3641 1078 3698 erant,
1113 3632 1320 3701 Moyses
1348 3631 1540 3683 missus
1582 3630 1648 3683 ad
1689 3630 1901 3702 Juda'os

321 3715 442 3754 cum
465 3701 677 3754 Aarone
710 3703 890 3761 fratre,
923 3702 988 3754 ad
1017 3704 1215 3755 cultum
1245 3703 1335 3755 Dei
1364 3715 1580 3765 vocans,
1613 3701 1778 3770 plagis
1806 3718 1901 3770 per

324 3783 502 3839 partes
548 3771 800 3824 immissis
838 3770 1120 3839 Egyptios
1160 3772 1447 3831 verberans
1479 3783 1695 3839 propter
1730 3788 1897 3840 popu-

322 3841 428 3894 lum
474 3842 526 3893 in
569 3842 876 3895 servitutem
918 3842 1190 3894 redactum
1221 3849 1276 3893 et
1300 3840 1573 3893 afflictum.
1613 3841 1804 3894 Verum
1836 3845 1899 3897 iis

323 3912 391 3983 ita
423 3911 588 3980 gestis
608 3952 621 3974 ,
651 3910 826 3983 adhuc
864 3910 1024 3983 Israel
1063 3911 1114 3963 in
1145 3909 1379 3980 Egypto
1405 3919 1537 3973 erat,
1569 3925 1658 3983 rex
1691 3911 1898 3983 Αὶεγρ-

323 3982 515 4034 tiorum
556 3997 675 4034 cmn
711 3981 821 4035 Deo
843 3981 1018 4035 adhuc
1047 3996 1280 4051 pugnare
1309 3988 1534 4048 poterat.
1577 3980 1752 4051 Iflaga:
1774 3980 1898 4037 ab-

323 4065 437 4104 vein
467 4052 716 4105 immissa:
748 4054 989 4115 Inerant,
1022 4049 1075 4105 et
1114 4049 1347 4106 nondum
1377 4064 1463 4104 res
1495 4049 1729 4119 perfecta
1759 4062 1894 4108 erat.

320 4121 646 4176 Postremum
677 4122 859 4176 inferri
888 4121 1186 4189 oportebat,
1218 4122 1688 4190 primogenitorum
1715 4122 1897 4179 interi-

323 4204 454 4256 tum,
483 4200 537 4244 et
568 4202 748 4258 postea
779 4194 1024 4246 lsraelem
1053 4194 1219 4261 exire.
1246 4190 1343 4244 IIic
1369 4206 1537 4259 agnus
1561 4192 1886 4261 immolatur,

318 4271 371 4315 et
415 4261 608 4316 aedium
657 4262 999 4315 Hebraeorum
1042 4260 1184 4316 fores
1221 4262 1479 4329 sanguine
1506 4271 1792 4330 unguntur,
1834 4280 1898 4320 ac

320 4348 431 4403 per
475 4332 744 4403 sanguinis
768 4331 1103 4403 hsynibolum
1155 4332 1493 4400 primogeniti
1554 4332 1894 4403 Hebraeorum

321 4402 462 4456 necis
490 4402 696 4470 plagam
724 4401 1000 4471 effugium.
1029 4402 1325 4456 Comednnt
1354 4416 1547 4471 agnum
1580 4402 1748 4458 Judaei
1772 4420 1894 4462 cum

318 4474 602 4544 azymiset
642 4470 1077 4544 herbisiamaris.
1106 4472 1324 4544 Exth
1352 4470 1417 4525 ex
1446 4470 1719 4544 J‘Egypto;
1750 4475 1894 4532 inse-

317 4541 495 4612 quitur
523 4541 730 4594 Pharao
769 4558 891 4595 cum
929 4542 1147 4614 reliquis
1174 4541 1473 4614 Egyptiis;
1502 4541 1568 4597 ad
1598 4558 1744 4599 mare
1782 4547 1892 4601 Ru-

319 4616 469 4667 brum
520 4613 755 4679 vcuiunt,
808 4616 946 4681 quod
999 4613 1226 4668 divisum
1268 4613 1361 4681 per
1408 4615 1654 4668 virtutem
1704 4615 1796 4670 Dei
1842 4628 1896 4671 et

316 4685 513 4754 virgam
559 4682 774 4754 Moysis,
816 4683 1267 4754 excipitiquidem
1303 4685 1593 4739 exercitum
1637 4685 1892 4741 Hebraeo-

315 4753 428 4808 rum
454 4794 471 4819 ,
518 4753 617 4827 sed
656 4758 947 4827 ingressam
978 4753 1562 4827 Egyptiacam‘aciem
1607 4755 1887 4827 demergit.

316 4831 493 4893 Agnus
530 4825 619 4877 tibi
647 4824 888 4879 Christus
909 4834 991 4879 est
1016 4827 1068 4879 in
1087 4824 1239 4880 exitu
1269 4841 1332 4878 ex
1362 4824 1462 4879 hoc
1491 4825 1721 4891 mundo,
1751 4824 1814 4882 et
1839 4840 1891 4884 te

317 4894 565 4966 transfert
604 4896 654 4947 in
694 4897 911 4957 cmlum,
944 4913 1050 4964 quo
1077 4897 1319 4951 ascendit
1344 4898 1463 4960 ille;
1497 4910 1547 4966 te
1570 4912 1781 4966 quoque
1810 4900 1890 4953 in-

313 4964 457 5016 ducit
485 4967 537 5017 iu
579 4973 832 5018 aeternam
864 4966 1047 5018 vitam.
1076 4967 1208 5020 Cum
1240 4966 1492 5021 transfert
1520 4964 1789 5023 hominem
1821 4987 1886 5023 ex

316 5032 511 5086 Davide
550 5042 729 5104 natum
754 5048 906 5104 ,runa
945 5050 1156 5104 quoque
1185 5035 1439 5091 transfert
1465 5052 1593 5102 eos,
1635 5041 1724 5104 qui
1763 5055 1885 5094 eum

314 5103 559 5173 morigeri
591 5103 800 5174 sequuti
827 5112 981 5174 sunt,
1010 5103 1098 5174 qui
1130 5121 1235 5158 non
1270 5108 1408 5159 ultra
1438 5109 1626 5159 timent
1655 5103 1888 5162 Pharao-

315 5172 467 5236 nem,
484 5188 656 5242 neque
680 5172 816 5242 ultra
844 5172 1136 5226 imniaiient
1160 5174 1211 5226 in
1233 5175 1518 5229 servilibus
1561 5184 1616 5229 et
1634 5180 1887 5234 aerumnis

313 5237 675 5311 terrenis,per
708 5237 866 5316 illam
882 5243 1125 5316 eaiguam
1154 5253 1210 5297 et
1245 5247 1492 5297 acerbam
1520 5246 1880 5316 voluptatem,

312 5317 462 5383 cujus
504 5323 684 5387 typum
712 5313 896 5387 habuit
928 5314 1088 5387 Israel
1120 5328 1387 5387 Ρειζθξμω
1416 5313 1658 5369 carnium
1678 5357 1692 5383 ’
1721 5313 1882 5387 cepa;

313 5382 426 5440 rum
457 5382 792 5438 et’alliorum
839 5384 891 5436 in
929 5382 1177 5455 Algypto.
1211 5383 1354 5438 Talis
1381 5392 1464 5438 est
1502 5388 1656 5453 hujus
1701 5382 1883 5444 mundi

313 5458 574 5523 voluptas,
599 5468 717 5523 qua:
735 5454 1049 5525 acerrimam
1078 5454 1238 5508 habet
1260 5464 1310 5508 et
1341 5457 1710 5525 complicatam
1732 5459 1882 5513 solli-

309 5526 600 5582 citudinum
626 5524 853 5596 turbam
870 5539 926 5596 λ*
949 5525 1232 5596 carnalem
1281 5541 1405 5579 vero
1446 5524 1605 5596 atque
1656 5527 1879 5584 ferinam

309 5599 509 5653 ventris
534 5594 837 5665 ingluviem.
868 5592 986 5666 'I‘ibi
1016 5609 1045 5646 a
1076 5595 1340 5648 mundana
1366 5597 1469 5649 vita
1496 5592 1745 5666 egresso,
1772 5598 1877 5656 iui-

311 5670 435 5723 tium
490 5679 629 5719 vera:
666 5665 788 5738 vitae
831 5665 1205 5738 adest;_sicut
1249 5665 1353 5738 illis
1398 5665 1600 5722 Pascha
1641 5670 1875 5738 typicum

308 5740 510 5794 initium
555 5736 815 5789 mensium
861 5744 996 5788 erat.
1034 5734 1187 5790 Nunc
1227 5737 1371 5790 enim
1418 5737 1621 5791 initium
1666 5734 1876 5795 vivendi

306 5820 407 5877 est,
451 5805 663 5879 quando
709 5805 951 5859 sicculari
993 5814 1045 5859 et
1082 5817 1307 5862 terrente
1344 5807 1464 5862 vita:
1492 5808 1869 5866 abrenuntias:

615 5910 888 5971 PATROL.
933 5911 1051 5970 Gtt.
1101 5911 1258 5972 LIX.

1668 356 1733 411 IN
1770 351 2035 410 PASCIIA
2079 353 2138 406 γ.

3494 350 3601 404 754

2012 482 2151 522 nunc
2173 466 2377 522 invenis
2401 483 2579 523 veram
2611 469 2806 534 vitam,
2834 483 2952 537 quze
2985 477 3069 523 est
3111 469 3163 523 in
3193 469 3404 537 spiritu.
3436 468 3595 524 Chri-

2012 538 2471 610 stnsinimolatur.
2515 538 2697 606 Itaque
2732 540 2976 610 agnoscis
3005 542 3324 594 sachicium
3353 538 3472 610 eius
3497 557 3595 609 pro

2010 618 2060 659 te
2099 607 2334 662 oblatum
2387 609 2567 663 fuisse.
2619 607 2889 664 Tunc‘tibi
2942 609 3194 679 impletur
3245 607 3406 676 illud,
3448 607 3598 665 Sicut

2008 679 2113 731 ovis
2156 679 2222 730 ad
2266 680 2564 734 occisionem
2607 680 2787 733 ductus
2828 689 2921 744 est,
2967 690 3012 732 et
3050 681 3176 735 sicut
3220 697 3383 747 agnus
3421 688 3594 735 rorant

2008 749 2241 821 tondente
2264 766 2319 803 se
2354 761 2519 803 mulus
2547 750 2698 821 (Isai.
2730 750 2818 805 55.
2850 751 2928 820 7).
2956 750 3302 806 Mansuetudo
3329 761 3506 806 autem
3540 756 3593 808 in

2009 817 2104 889 ilio
2135 821 2383 886 praeviam
2410 821 2526 875 ovis
2555 817 2773 889 figuram
2800 817 2977 875 servat
3008 839 3021 874 :
3058 836 3310 876 ascensus
3336 832 3514 876 autem
3540 827 3593 880 in

2006 888 2170 962 altum
2202 889 2317 943 sine
2342 888 2688 962 depressione
2726 891 2791 944 ad
2820 892 2923 944 ima
2953 891 3093 947 haedi
3124 907 3366 962 gressum
3397 893 3463 946 ad
3492 909 3590 947 ex-

2007 960 2148 1029 celsa
2178 970 2479 1014 conservat.
2510 959 2696 1028 Capra:
2739 976 2967 1029 namque
2997 962 3063 1016 ad
3093 959 3301 1016 escelsa
3342 973 3396 1016 et
3423 966 3591 1018 ardua

2008 1028 2120 1083 loca
2148 1030 2345 1084 saliunt
2370 1039 2426 1085 et
2448 1031 2763 1084 ascendunt.
2792 1028 3029 1085 thlime
3058 1043 3232 1086 autem
3265 1044 3318 1087 et
3350 1033 3586 1087 homini-

2009 1100 2352 1172 hus_aecessu
2380 1100 2597 1155 difﬁcile
2636 1102 2824 1156 Caelum
2869 1111 3004 1166 erat,
3045 1116 3113 1155 ex
3158 1119 3257 1170 qua
3289 1104 3375 1157 die
3412 1104 3591 1172 lapsus

2007 1181 2091 1224 est
2120 1169 2281 1224 homo
2305 1187 2333 1224 a
2364 1172 2544 1226 divino
2572 1179 2858 1241 pr:eeepto,
2891 1173 3035 1225 carni
3066 1169 3307 1227 serViens
3332 1185 3385 1228 et
3406 1191 3435 1228 a
3462 1169 3592 1230 san-

2006 1251 2095 1295 cto
2134 1241 2334 1309 Spiritu
2366 1252 2661 1310 separatus.
2697 1243 2954 1296 Ascendit
2990 1251 3168 1296 autem
3197 1253 3252 1297 et
3287 1253 3338 1299 te
3376 1262 3589 1302 sursum

2007 1311 2223 1365 adducit
2246 1311 2427 1367 divina
2459 1313 2671 1366 victima
2704 1327 2799 1379 pro
2823 1320 2873 1367 te
2900 1313 3191 1366 immolata.
3216 1313 3415 1369 Tecum
3445 1319 3588 1372 enim

2009 1382 2096 1459 ille
2127 1392 2373 1459 mortuus
2392 1392 2494 1446 est,
2519 1391 2575 1459 ut
2606 1393 2659 1435 tu
2688 1383 2834 1459 vivas
2858 1383 3044 1459 in_illo.
3073 1382 3298 1459 Sanguis
3320 1400 3448 1441 vero
3469 1392 3592 1459 agni

2006 1451 2255 1524 salutaris
2283 1453 2374 1505 tibi
2395 1462 2498 1517 est,
2526 1452 2571 1507 si
2605 1452 2831 1524 accedas
2858 1453 2923 1505 ad
2952 1452 3092 1507 hunc
3114 1451 3425 1524 sanguinem
3461 1451 3593 1513 fidi-—

2009 1518 2148 1598 l_i_ter,
2188 1523 2232 1575 si
2274 1537 2463 1576 sensus
2492 1531 2547 1577 et
2571 1523 2921 1592 cogitationes
2949 1533 3086 1598 tuas,
3127 1518 3238 1592 per'
3253 1541 3386 1595 quas
3416 1529 3592 1598 ingrt—

2005 1589 2149 1643 ditur
2180 1607 2510 1669 inors_cum_
2546 1589 2786 1669 peccato,
2828 1608 2925 1663 per
2964 1589 3299 1669 fidem'quas'i
3331 1589 3592 1669 sanguine

2008 1660 2264 1736 unxeris,
2310 1663 2450 1719 sicut
2491 1660 2657 1736 Israel
2703 1660 2893 1736 aditus
2925 1660 3186 1736 sanguine
3231 1660 3478 1736 ungebai.
3524 1670 3587 1726 Si

2004 1732 2241 1810 enim_in
2284 1740 2336 1787 te
2379 1748 2476 1802 per
2519 1734 2702 1810 oculos
2746 1748 2850 1787 non
2883 1732 3119 1810 ingreima
3146 1732 3601 1810 fuerit'concupi-i

2005 1802 2241 1880 scentia,
2263 1817 2365 1858 nec
2394 1818 2488 1872 per
2516 1803 2776 1880 auditum,
2813 1819 2906 1871 per
2925 1802 3197 1880 olfactum,
3234 1821 3329 1875 per
3348 1802 3583 1880 gustuiu,

2004 1870 2206 1945 velper
2231 1870 2451 1945 tactum,
2482 1874 2563 1928 vel
2584 1873 2768 1945 adhuc
2796 1870 2891 1942 per
2911 1870 3283 1945 cOgitatione's,
3311 1870 3455 1935 m'ors
3480 1870 3590 1938 non

2007 1940 2101 2014 tibi
2124 1941 2463 2008 dominatur;
2502 1943 2596 1998 sed
2628 1944 2678 1998 in
2707 1940 2931 2014 corpore
2958 1940 3427 2004 mortificationem
3457 1951 3589 2008 Jesu

2006 2010 2208 2086 ferens,
2238 2015 2397 2086 vitam
2428 2014 2649 2070 habebis
2674 2016 2725 2068 in
2750 2010 2977 2082 corpore
3004 2025 3095 2071 tuo
3123 2019 3489 2086 conspicuam,
3530 2035 3591 2079 et

2006 2081 2083 2155 sic
2108 2084 2452 2155 pertransibit
2479 2098 2621 2138 mors
2645 2099 2741 2154 per
2762 2081 2990 2155 primum
3021 2081 3294 2155 parentem
3326 2081 3588 2149 Adamum

2007 2150 2168 2230 illata,
2203 2163 2261 2208 ut
2286 2150 2865 2230 Hebr-morumidomos
2898 2150 3245 2230 supergressa
3273 2169 3356 2213 est
3382 2162 3589 2230 primo-

2003 2223 2304 2295 genitorum
2341 2226 2621 2294 pernicies.
2654 2225 2779 2282 Ideo
2821 2223 2984 2295 hujus
3005 2223 3124 2282 festi
3157 2243 3350 2283 nomen
3380 2223 3585 2290 Pascha

2005 2303 2088 2375 est
2117 2293 2422 2375 significans
2446 2296 2729 2375 transitum
2758 2313 2771 2348 :
2800 2293 3170 2375 [inmaculatus
3202 2298 3290 2352 tibi
3322 2311 3396 2375 es}
3424 2319 3588 2375 agnus

2006 2309 2088 2346 eat
2117 2309 2422 2415 signiticans
2446 2309 2729 2352 transuum
2758 2313 2771 2348 :
2800 2309 3170 2352 [inmaculatus
3202 2309 3290 2352 tibi
3322 2311 3396 2356 es!
3424 2319 3588 2375 agnus

2006 2361 2145 2443 (Ero
2188 2405 2200 2416 .
2229 2365 2317 2429 12.
2344 2366 2422 2443 5),
2444 2368 2819 2443 immaculatus
2845 2367 2985 2443 enim
3014 2376 3098 2423 est
3131 2367 3309 2443 Iesus.
3327 2370 3446 2443 Qui
3471 2392 3589 2443 pec-

2004 2442 2314 2504 columnari
2361 2437 2504 2504 fecit,
2546 2437 2749 2503 inquit,
2787 2453 2874 2491 nec
2899 2438 3125 2493 inventus
3148 2449 3220 2492 est
3247 2441 3394 2495 dolus
3418 2437 3481 2497 iii
3501 2462 3590 2499 ore

2005 2502 2303 2583 ejus_(_lsai.
2333 2502 2421 2561 53.
2454 2508 2487 2561 9
2506 2509 2546 2583 )_.
2578 2502 2843 2583 Perfectus
2871 2509 3142 2583 masculus.
3169 2509 3300 2564 Nam
3332 2515 3587 2581 perfectio

2000 2573 2220 2641 justitia:
2262 2586 2344 2630 est
2397 2573 2536 2644 apud
2579 2573 2749 2631 solum
2791 2592 2977 2631 verum
3024 2579 3243 2644 Regem.
3293 2573 3586 2640 Anniculus

2005 2620 2173 2719 agnus
2197 2655 2280 2698 est
2312 2620 2496 2701 ωιεῆιὶ
2523 2646 2723 2719 Christi
2755 2648 2945 2717 figura.
2974 2620 3586 2719 SymiiBi{im‘éii'i'iiili‘éf

2005 2713 2108 2767 culi
2136 2724 2222 2794 est
2245 2731 2453 2784 annus,
2491 2718 2581 2786 qui
2621 2732 2765 2788 saepe
2795 2713 2855 2772 in
2884 2713 3275 2794 _onnii_saeeul_o
3302 2722 3440 2778 idem
3474 2726 3587 2794 ipse

2007 2783 2324 2859 revolvitur,
2349 2795 2404 2841 et
2429 2783 2617 2859 omnes
2647 2783 3028 2844 conversiones
3057 2788 3110 2843 in
3139 2805 3199 2845 se
3230 2791 3420 2859 habet,
3455 2783 3583 2852 novi

2007 2854 2237 2929 hominis
2262 2858 2428 2927 ilgura
2448 2899 2464 2925 ,
2495 2858 2546 2912 in
2573 2874 2680 2929 quo
2708 2869 2940 2915 vetustas
2980 2860 3223 2914 humana:
3265 2854 3463 2920 nostra:
3491 2883 3586 2920 na-

2007 2930 2140 2978 tura:
2179 2927 2237 3006 in_
2275 2930 2567 3006 novitatem
2594 2927 2801 3006 ululata
2826 2938 2910 3006 est
2936 2944 2951 2983 :
2979 2943 3100 3006 uani
3129 2930 3355 3006 Induile,
3394 2935 3582 3006 inquit,

2004 3009 2187 3048 novum
2217 2997 2466 3070 [conﬁnem
2495 2996 2711 3070 (Epltes.
2736 3000 2794 3070 74.
2826 2999 2940 3069 24).
2970 3001 3100 3068 Agni
3134 2996 3585 3063 immaculata'na;

2006 3072 2121 3118 tura
2170 3076 2226 3120 et
2254 3067 2599 3143 perfection
2658 3067 2913 3136 indutus,
2958 3067 3125 3143 agnus
3190 3072 3282 3127 Dei
3335 3079 3478 3143 eris;
3530 3090 3587 3134 et

2006 3148 2126 3188 cum
2180 3138 2721 3213 exhibueriscorpus
2780 3149 2926 3194 tuum
2987 3138 3211 3213 hostiam
3268 3138 3579 3213 viventem,

2006 3214 2266 3272 sanctam,
2310 3208 2422 3263 Deo
2466 3208 2783 3277 placentem,
2805 3211 3105 3280 secundum
3137 3212 3478 3280 Apostolum,
3513 3208 3584 3274 ad

2002 3286 2256 3350 (sternam
2287 3280 2448 3332 vitam
2472 3279 2846 3350 transmitteris
2874 3280 3048 3350 (Rom.
3082 3279 3278 3350 £2.71).

2072 3346 2127 3400 2.
2158 3346 2338 3425 Yideit‘
2361 3349 2564 3425 Pascha
2588 3362 2733 3425 tuum
2761 3346 2905 3425 nullo
2923 3346 3398 3425 modocomparari
3424 3371 3584 3425 posse

2001 3429 2123 3470 cum
2150 3417 2406 3485 Iudaico,
2438 3419 2531 3474 sed
2565 3421 2899 3475 umbratilem
2929 3437 3049 3473 cum
3080 3420 3170 3474 illo
3195 3417 3396 3476 tantum
3424 3417 3576 3483 simi-

2003 3486 2279 3567 litudinem
2313 3489 2550 3567 habere?
2594 3489 3004 3567 In_faii_s__quippe
3030 3500 3111 3544 est
3155 3488 3317 3546 Israel
3361 3495 3413 3547 in
3458 3501 3583 3567 agni

2001 3557 2283 3630 sacrificio,
2307 3559 2431 3612 dum
2454 3570 2604 3629 putat
2626 3560 2756 3630 illud
2780 3557 2885 3630 Deo
2904 3557 3032 3613 esse
3056 3575 3219 3622 curer,
3247 3570 3301 3614 et
3332 3579 3426 3630 per
3446 3557 3580 3624 ilfud

2002 3638 2064 3679 se
2091 3627 2319 3703 salutem
2345 3627 2647 3703 consequi,
2675 3629 2799 3682 dum
2831 3628 2957 3703 illud
2991 3644 3094 3683 non
3128 3630 3281 3703 habet
3313 3627 3462 3703 quasi
3512 3640 3581 3692 ﬁ.

2001 3709 2185 3769 geram
2219 3698 2406 3753 hostia:
2426 3698 2593 3769 ,quire
2626 3714 2754 3754 vere
2782 3698 3009 3769 salutem
3052 3700 3212 3769 parit.
3244 3698 3421 3767 Quare
3447 3709 3579 3765 dicit

2002 3765 2112 3841 illis
2149 3766 2301 3841 _I_)eu5_
2320 3783 2414 3837 per
2441 3765 2774 3841 Ieremiamr:
2809 3768 2933 3822 Non
2963 3765 3180 3841 praecepi
3222 3765 3358 3827 vobis
3404 3777 3468 3831 de
3490 3796 3581 3833 sa-

1999 3836 2225 3922 friﬁciis.
2252 3836 2446 3919 Ιῇίηοη
2466 3850 2537 3894 est
2557 3840 2695 3920 apud
2710 3840 2881 3922 Peum
2902 3836 3220 3895 mendacium
3235 3841 3366 3922 (Jcr.
3388 3847 3439 3903 7.
3458 3849 3576 3922 22);

2001 3909 2074 3982 ita
2102 3917 2159 3982 ut
2179 3948 2194 3971 ,
2237 3909 2285 3962 si
2315 3909 2660 3982 praeceperit,
2691 3910 2834 3966 dicat
2854 3926 2914 3964 se
2948 3928 3056 3982 non
3084 3909 3422 3982 praecepisse.
3465 3909 3575 3975 Sed

1998 3977 2081 4050 rei
2111 3977 2678 4050 virtusinauifestatur
2701 4021 2718 4046 ,
2749 3984 2871 4050 quia
2901 3977 3215 4050 prophetico
3246 3977 3394 4041 more
3419 3991 3580 4045 sacri-

1998 4047 2179 4120 ficium
2220 4048 2577 4116 offerebatur,
2612 4062 2668 4106 ut
2708 4047 3144 4120 pr'wsigiiilicarct
3180 4052 3376 4108 Christi
3407 4062 3575 4114 sacri-

1998 4114 2199 4197 ﬁcium.
2230 4123 2454 4197 Aecum
2493 4114 2636 4197 Deus
2659 4114 2852 4197 agnum
2867 4114 3164 4197 ἶὶιιιηιυιίιτθ
3191 4126 3532 4195 prsecipiebat
3554 4173 3573 4197 ,

1996 4186 2264 4268 Christum
2315 4191 2579 4268 iudicabat
2609 4186 3207 4268 iimiiolanduni,atque
3252 4186 3429 4250 omnia
3455 4186 3577 4268 qua;

1996 4257 2064 4343 ad
2084 4262 2765 4343 agnuni_pertinebaiit,_ea
2794 4276 2911 4343 qua:
2932 4263 2999 4343 ad
3026 4257 3297 4343 Christum
3327 4257 3580 4343 spectant

1999 4330 2410 4409 praiiigurabant
2436 4350 2449 4386 :
2477 4349 2547 4409 ex
2585 4335 2779 4409 quibus
2802 4330 2909 4409 alia
2947 4332 3057 4402 jam
3088 4330 3431 4409 vidisti,‘a'lia
3474 4355 3576 4409 pro

1995 4400 2133 4454 virili
2157 4401 2455 4457 considera.
2475 4404 2530 4457 In
2555 4400 2777 4473 singulis
2800 4400 3144 4459 Hebrieorum
3174 4405 3424 4462 domibus
3451 4400 3571 4466 erat

1993 4485 2164 4538 agnus
2188 4487 2333 4544 unus
2360 4489 2423 4527 ex
2471 4489 2530 4529 se
2572 4475 2842 4543 perfectus
2863 4516 2879 4537 ,
2907 4483 2962 4526 et
3002 4476 3244 4529 carnium
3273 4478 3391 4544 ejus
3426 4482 3569 4535 nulla

1995 4557 2122 4609 pars
2145 4541 2466 4598 efferebatur
2492 4541 2642 4599 extra
2669 4546 2906 4606 domum,
2927 4544 2979 4596 iii
3006 4560 3107 4612 qua
3130 4541 3432 4605 immolatus
3457 4548 3570 4606 fue-

1994 4619 2096 4682 rat.
2124 4611 2255 4665 Nam
2281 4614 2332 4666 in
2360 4616 2506 4668 omni
2536 4614 2776 4669 Ecclesia
2810 4655 2825 4682 ,
2856 4618 2908 4669 in
2938 4611 3082 4668 omni
3115 4618 3291 4670 anima
3319 4617 3566 4675 Christus

1996 4679 2190 4750 ubique
2214 4692 2413 4755 est,7et
2453 4700 2713 4755 nusquam
2745 4679 2869 4754 pars
2889 4687 3005 4754 ejus
3031 4694 3257 4755 tantum.
3287 4685 3463 4744 Multa:
3491 4692 3564 4746 ibi

1997 4764 2123 4825 oves
2148 4761 2205 4805 et
2233 4754 2354 4822 agni
2400 4754 2644 4808 erantin
2689 4757 2910 4825 singulis
2953 4754 3234 4810 domibus:
3264 4773 3399 4813 unus
3437 4775 3567 4816 vero

1990 4819 2314 4898 Christusin
2337 4826 2482 4898 omni
2507 4828 2683 4879 anima
2704 4866 2719 4889 ,
2746 4819 2802 4881 ei
2830 4827 3020 4898 isipse
3047 4828 3420 4898 est.Quinque
3442 4831 3563 4884 die-

1992 4890 2090 4945 bus
2118 4893 2276 4968 domi
2292 4897 2552 4968 retinetur
2573 4912 2782 4968 agnus,
2808 4911 2841 4951 a
2867 4890 3073 4968 decima
3101 4897 3166 4950 ad
3192 4890 3436 4968 quariam
3460 4901 3561 4955 de-

1988 4968 2215 5031 cimam;
2246 4965 2438 5021 deinde
2481 4968 2560 5022 sic
2586 4965 2892 5023 immolatur
2914 4967 3118 5022 decima
3147 4965 3333 5035 qn‘arta
3370 4970 3457 5023 die
3496 4975 3565 5025 ait

1992 5052 2267 5110 vesperam
2288 5051 2319 5089 a
2340 5036 2644 5092 Judzeornm
2674 5053 2963 5110 synagoga.
2987 5037 3083 5110 His
3106 5039 3339 5110 quinque
3374 5038 3564 5093 diebus

1986 5106 2349 5178 significantur
2367 5109 2600 5178 quinque
2641 5106 2899 5178 temporis
2918 5109 3089 5177 spatia
3135 5107 3202 5161 ad
3227 5106 3435 5178 Adamo
3465 5123 3559 5161 us-

1984 5176 2089 5247 que
2114 5178 2184 5236 ad
2219 5176 2775 5233 consummationem}
2808 5176 2968 5233 unum
2998 5192 3165 5245 usque
3194 5177 3261 5229 ad
3287 5176 3401 5232 Noe
3420 5216 3435 5239 ,
3480 5179 3561 5233 al-

1988 5246 2155 5302 terum
2185 5263 2217 5302 a
2240 5247 2353 5302 Noe
2385 5263 2553 5315 usque
2587 5246 2953 5319 adAbraltam
2973 5286 2989 5312 ,
3034 5246 3254 5319 tertium
3287 5261 3452 5319 usque
3491 5249 3558 5307 ad

1984 5319 2219 5389 Moysem
2239 5359 2256 5385 ,
2287 5328 2535 5387 quartum
2561 5332 2592 5370 a
2626 5316 2812 5389 Moyse
2836 5331 3001 5389 usque
3023 5315 3091 5371 ad
3130 5316 3328 5389 Christi
3357 5315 3552 5374 adven-

1985 5385 2136 5458 tum,
2185 5385 2428 5457 quintum
2481 5385 2727 5458 praesens
2765 5385 2834 5440 ab
2881 5385 3108 5442 adventu
3154 5388 3270 5458 ejus
3318 5397 3549 5458 tempus.

1985 5457 2292 5512 Immolatur
2331 5467 2512 5511 autem
2538 5457 2603 5509 ad
2634 5470 2913 5525 vesperam
2940 5474 2954 5510 :
2987 5458 3109 5526 quia
3159 5457 3210 5511 in
3243 5457 3349 5513 line
3373 5457 3555 5514 saéculi

1980 5543 2101 5583 cum
2130 5527 2274 5581 omni
2305 5542 2570 5598 synagoga
2591 5540 2908 5598 consensum
2932 5527 3158 5598 praebuit
3184 5527 3345 5584 Israel
3374 5538 3562 5584 contra

1982 5598 2275 5670 Christum.
2307 5595 2393 5652 Ab
2416 5595 2572 5670 initio
2600 5595 2800 5652 Christi
2828 5595 3134 5670 immolatio
3169 5598 3560 5670 intelligebatur

1982 5668 2281 5739 semperin
2322 5668 2660 5739 passionibus
2683 5672 2951 5739 justorum
2980 5669 3048 5739 ab
3069 5667 3245 5727 Ahele
3286 5667 3432 5739 justo
3456 5712 3473 5738 ,
3501 5680 3557 5727 et

1978 5741 2032 5793 in
2060 5736 2309 5793 omnibus
2331 5737 2576 5792 Christus
2603 5747 2718 5792 erat
2742 5739 2829 5807 qui
2852 5737 3186 5806 patiebatur;
3214 5736 3560 5796 consumma-

1978 5821 2088 5864 tum
2117 5817 2296 5864 autem
2321 5807 2373 5867 id
2403 5806 2529 5874 fuit,
2559 5808 2771 5879 quando
2809 5823 3044 5878 presens
3087 5810 3141 5864 in
3165 5810 3346 5884 seipso
3371 5825 3557 5883 passus

3135 5910 3210 5968 ἠδ
