4028 6144
475 304 579 366 iiii;

479 433 561 480 est
593 424 802 477 divinus
832 437 1021 492 agnus.
1053 421 1332 488 Etiamque
1358 418 1595 492 ejusdem
1627 418 1828 492 mensis
1853 417 2060 472 decima

479 504 662 564 quarta
687 488 889 563 passns'
906 505 1009 564 est,
1041 502 1096 547 et
1131 492 1349 564 tradidit
1388 488 1632 564 spiritum
1660 488 1724 541 ad
1762 502 2060 556 vesperam.

483 560 558 619 Ac
606 560 901 620 secundum
946 563 1087 618 hanc
1128 562 1350 631 ﬁguram
1399 560 1715 630 dispositum
1761 569 1873 612 erat
1901 597 1916 619 .
1949 567 2060 631 uta

475 636 681 688 decima
712 635 799 688 die
821 650 987 709 agnus
1009 634 1073 687 ad
1103 630 1424 709 saeriﬁeium
1448 641 1814 709 assumeretur
1837 668 1852 688 ,
1883 630 2065 709 etOim-

479 707 768 760 molaretur
809 705 1014 759 decima
1047 713 1233 772 quarta
1274 703 1361 759 die
1403 702 1467 755 ad
1497 714 1816 769 vesperam;
1866 702 1987 772 quia
2028 713 2058 752 a

479 775 736 845 principii)
764 776 1025 845 passionis
1050 767 1331 829 coasilium
1354 767 1610 845 statutum
1634 772 1805 845 {iterat
1824 809 1840 834 ,
1870 769 1924 822 in
1954 767 2059 823 ﬁne

479 841 600 900 vei-u
631 841 743 915 ipsa
767 841 951 915 passio
982 844 1098 898 fuit.
1135 846 1337 899 Deinde
1369 843 1496 896 mihi
1529 841 1809 895 considera
1859 854 2058 908 prarce-

477 930 620 985 pmm
652 914 760 971 ’Dei
778 914 927 970 circa
953 915 1075 985 agni
1122 914 1505 985 comestionem
1532 954 1546 977 ,
1567 927 1739 985 quam
1770 925 1969 985 novum
2002 919 2059 963 et

475 980 797 1056 stupendum
829 987 897 1041 sit
941 980 1120 1040 :‘Non
1160 984 1414 1039 comedes
1458 980 1813 1056 aguigca_rnes
1842 980 2053 1056 crudas.

478 1050 608 1123 Quis
637 1059 778 1112 enim
831 1072 1046 1111 carnem
1079 1056 1297 1110 crudam
1328 1052 1614 1109 comedat?
1657 1051 1820 1113 Esto,
1854 1050 2055 1103 dictum

478 1130 581 1193 sit,
631 1142 733 1181 nou
763 1140 977 1192 assam,
1019 1141 1086 1181 ne
1111 1140 1287 1180 moras
1322 1125 1639 1178 traherent:
1673 1136 1793 1193 nam
1842 1129 2054 1193 tempus

479 1191 731 1265 urgebat;
780 1197 906 1267 quid
933 1191 1016 1249 eSt
1044 1205 1222 1250 autem
1247 1195 1374 1249 illud
1390 1210 1548 1267 ‘,_uon
1575 1192 1799 1267 crudum
1819 1234 1833 1256 ,
1859 1191 1952 1245 sed
1981 1207 2059 1267 eo-

473 1262 609 1322 rtttiu
648 1262 1000 1338 igui‘TNemo
1028 1267 1170 1320 enim
1201 1264 1439 1338 vetatid
1480 1263 1620 1338 quod
1642 1262 2054 1338 _uittiiqtiam_lit.

479 1341 580 1391 sed
603 1379 618 1401 ,
653 1331 706 1391 ut
728 1337 835 1392 dixi
857 1379 871 1401 ,
899 1352 994 1407 per
1025 1339 1218 1405 ﬁguras
1241 1352 1325 1389 res
1352 1336 1495 1407 ipsie
1521 1331 1907 1407 signiﬁcantur.
1930 1331 2058 1407 Cru-

477 1409 596 1463 dan
630 1409 830 1478 profert
846 1401 1084 1461 sa'nctani
1111 1422 1291 1478 eseam
1317 1401 1404 1476 qui
1423 1401 1839 1478 ﬁdeniotiosam
1859 1401 2054 1478 habet;

478 1471 651 1532 assam
704 1478 1091 1543 voltlptuostts.
1143 1478 1230 1543 qui
1282 1471 1349 1530 itt'
1385 1477 1507 1529 vita:
1554 1475 1781 1544 segnitie
1822 1471 2055 1544 difﬂuit.

477 1552 764 1606 Strenuum
808 1541 927 1602 ﬁdei
966 1563 1101 1616 opus
1130 1541 1213 1602 est
1238 1588 1253 1613 ,
1300 1547 1353 1600 in
1387 1546 1575 1614 spiritu
1618 1541 1917 1616 ardentict
1946 1541 2056 1616 fer-

479 1621 619 1673 venti
672 1635 780 1672 rem
826 1612 1105 1689 perﬁcere.
1139 1612 1307 1689 Caput
1334 1612 1457 1672 cum
1488 1616 1709 1687 pedibus
1740 1612 2054 1689 e_t_iutesti-

478 1693 564 1764 nis
584 1683 866 1745 comedere
885 1689 1161 1764 jubeutur.
1195 1683 1272 1742 Ex
1296 1690 1469 1757 capite
1489 1683 1741 1764 agnosce
1751 1683 2051 1764 Christum,

476 1761 604 1835 quia
632 1769 755 1835 ante
782 1755 973 1835 siccata
1016 1759 1156 1813 Deus
1182 1767 1294 1835 est,
1326 1755 1484 1835 caput
1515 1755 1870 1835 invisibiliset
1893 1755 2054 1835 spiri-

480 1824 638 1886 t'ualis
692 1830 987 1893 Ecclesiae;
1019 1843 1084 1884 ex
1136 1829 1361 1898 pedibus
1394 1824 1566 1894 item,
1614 1825 1737 1896 quia
1784 1824 1967 1898 homo
2001 1824 2053 1898 iu

480 1901 784 1955 novissimis
833 1900 1041 1953 saeculis
1087 1895 1149 1952 in
1173 1909 1368 1953 terram
1397 1895 1647 1962 advenit;
1676 1912 1741 1951 ex
1791 1895 2057 1949 intestinis

478 1985 725 2041 quoque,
775 1971 896 2038 quia
945 1970 1206 2025 occultam
1254 1969 1313 2041 in
1359 1983 1521 2041 carne
1569 1969 1821 2041 virtutem
1855 1965 2057 2019 habt-ns

476 2036 637 2111 atque
682 2036 979 2110 justitiam,
1029 2055 1134 2094 non
1187 2040 1360 2094 solum
1402 2039 1471 2111 ab
1509 2036 1910 2111 exterioribus,
1938 2051 2056 2106 qua:

477 2106 647 2167 oculis
683 2106 1072 2180 percipiuntur,
1096 2111 1241 2164 utilis
1264 2120 1316 2163 ct
1340 2110 1586 2164 salutaris
1616 2118 1695 2162 est
1724 2106 2050 2180 participun-

478 2184 650 2247 tibus;
679 2177 773 2237 sed
803 2177 964 2237 etiam
994 2181 1292 2236 secundum
1325 2181 1578 2235 interiora
1606 2190 1659 2234 et
1684 2177 1915 2247 occulta.
1948 2177 2053 2231 Co-

477 2253 763 2307 medttutur
792 2262 970 2306 autem
1001 2266 1189 2306 carnes
1220 2263 1377 2305 noelu
1405 2293 1419 2315 ,
1448 2261 1502 2305 et
1539 2251 1604 2303 ad
1646 2249 1786 2304 diem
1814 2246 1942 2301 nihil
1971 2264 2055 2303 re-

476 2324 750 2392 linquitur.
782 2320 1234 2377 Counuenioratio
1274 2322 1415 2375 enim
1442 2330 1525 2376 est
1564 2320 1762 2375 Christi
1792 2318 2055 2392 passiuuis

478 2395 529 2447 iu
572 2389 819 2462 tempore
879 2394 1050 2447 noctis
1097 2392 1255 2459 hujus
1304 2392 1527 2458 mundi,
1571 2400 1691 2462 post
1733 2389 2055 2462 quam__dies

474 2459 780 2532 splendebit
804 2473 859 2517 ct
883 2464 989 2533 vita
1017 2461 1212 2518 Christi
1234 2462 1531 2533 apparebit.
1561 2459 1865 2533 Secundum
1899 2459 2050 2533 illud,

477 2529 600 2589 No.1;
636 2535 886 2602 prwcessit
909 2575 924 2597 ,
957 2532 1064 2587 dies
1097 2529 1714 2603 autem’dppmpiuquavit
1744 2529 1921 2601 (Rom.

478 2606 592 2675 12).
621 2600 753 2660 Ossa
775 2605 890 2672 ejus
907 2619 1067 2659 nemo
1095 2600 1445 2675 couunimiit:
1476 2600 1647 2675 neque
1673 2603 1814 2675 enim
1838 2600 2050 2675 carniﬁ-

476 2672 976 2751 ces‘cruraChristi
1000 2674 1380 2751 coniregcrnnt
1404 2716 1417 2738 ,
1450 2673 1736 2751 cuul'ractis
1766 2672 2041 2751 tamen

476 2746 584 2800 mul
611 2747 980 2801 cruciﬁxomin
1011 2741 1224 2800 ossibus
1246 2787 1260 2811 ,
1306 2754 1361 2800 ut
1384 2744 1699 2799 testiﬁcatur
1725 2741 2049 2811 evangelista

473 2816 651 2888 (lena.
686 2815 769 2872 l9.
795 2816 910 2888 '55).
935 2815 1127 2888 Herba:
1157 2831 1355 2870 amara:
1373 2856 1388 2879 ,
1414 2829 1536 2888 quae
1561 2829 1680 2869 cum
1697 2827 1845 2888 agno
1871 2827 2051 2888 come-

472 2882 767 2950 dehantur,
821 2882 1217 2941 tribulationum
1283 2882 1633 2940 acerbitatem
1696 2882 2046 2946 indicabant;

471 2973 656 3029 azyma
680 2956 1071 3029 simplicitatem
1104 2957 1569 3029 sinceritatemqne
1589 2996 1602 3020 ,
1638 2963 1693 3007 ut
1713 2954 1785 3029 ait
1812 2952 2046 3029 Paulus;

474 3024 680 3095 id'est,
715 3024 820 3080 non
868 3028 1080 3082 misceri
1128 3040 1286 3095 posse
1330 3026 1406 3080 ait
1452 3041 1573 3079 cum
1605 3024 1772 3080 veteri
1819 3024 2050 3095 nequitia

474 3093 671 3153 novam
713 3098 981 3151 virtutem.
1041 3093 1223 3151 Restat
1269 3105 1323 3149 ut
1375 3095 1612 3149 habitum
1657 3093 2048 3149 comedentimn

474 3169 676 3220 Pascha
699 3166 1047 3234 spiritualiter
1066 3168 1319 3234 explores
1341 3177 1396 3220 et
1420 3165 1645 3220 imiteris
1671 3182 1682 3216 :
1710 3165 1760 3234 in
1784 3162 2045 3234 spirituali

474 3252 705 3305 namque
732 3232 1025 3304 corporalis
1060 3232 1272 3289 habitus
1300 3236 1676 3305 comperietur.
1703 3232 1826 3288 Non
1850 3242 1934 3288 est
1963 3247 2049 3287 res

475 3321 606 3360 vana
622 3304 647 3372 7,
679 3306 772 3360 sed
814 3319 949 3370 opus
994 3305 1226 3359 salutare
1270 3304 1481 3360 lumbos
1514 3314 1633 3359 tuos
1678 3305 2042 3374 praecingere.

471 3392 579 3432 nou
601 3375 1126 3446 corporeosciugulo
1146 3416 1161 3439 ,
1191 3375 1285 3431 sed
1315 3376 1510 3431 animae
1540 3375 1751 3430 lumbos
1782 3389 2047 3446 pracpara-

471 3448 636 3502 tione.
665 3445 856 3502 Calcea
886 3447 1131 3501 similiter
1159 3447 1320 3515 pedes
1351 3447 1402 3499 in
1433 3446 1823 3514 praeparatione
1863 3445 2043 3500 Evauv

461 3519 594 3587 gelii
618 3560 632 3582 ,
661 3516 952 3588 secundum
973 3517 1287 3588 Apostolum
1315 3515 1528 3588 (Ephesi.
1557 3516 1616 3588 ti.
1648 3517 1755 3584 15).
1790 3515 2044 3588 Baculum

473 3586 523 3644 in
555 3589 793 3642 manibus
824 3586 978 3647 habe.
1015 3586 1120 3640 non
1146 3586 1398 3657 ligneum,
1427 3587 1522 3643 sed
1553 3586 1709 3641 ﬁdetn
1737 3596 1788 3641 te
1818 3586 2045 3640 fulcien-

464 3670 599 3713 tem.
630 3659 793 3713 ’l‘otus
825 3658 914 3711 ille
940 3657 1146 3712 habitus
1175 3664 1434 3713 viatorum
1465 3667 1600 3724 erat,
1630 3672 1815 3714 eorum
1842 3657 2045 3712 scilic-t

1995 300 2187 359 Sl‘lJlll
2204 306 2256 359 λ.

3668 305 3768 361 756

2171 418 2259 487 qui
2292 418 2613 489 festinabant
2638 434 2699 473 ex
2724 418 2956 489 :Egypto
2982 419 3163 484 exire;
3194 427 3247 473 tu
3277 418 3468 474 melius
3498 419 3719 477 imitare
3742 463 3758 486 ,

2169 490 2327 561 quasi
2349 487 2605 561 festinans
2632 491 2698 561 ad
2730 487 2930 544 exitum
2958 489 3025 544 de
3053 490 3253 544 mundo
3281 500 3336 544 et
3364 491 3430 545 de
3455 495 3759 561 corruptio-

2170 558 2549 631 nt-._Studium
2582 559 2754 619 adsit.
2806 561 3054 631 nullaque
3093 562 3348 631 segnities
3393 563 3444 616 in
3490 558 3759 631 spirituali

2166 629 2286 698 agni
2312 629 2660 684 enmestinne.
2696 630 2791 701 llic
2812 629 3011 698 optima
3039 640 3120 685 est
3145 629 3418 701 diligentia
3450 672 3465 696 ,
3496 629 3602 687 non
3635 650 3759 700 qua

2167 701 2517 753 voracitatem
2564 700 2958 755 eomedentium
2987 716 3180 757 carnes
3208 703 3511 770 exprimat;
3545 704 3643 758 sed
3671 705 3758 760 di-

2168 770 2348 842 vinum
2379 785 2635 842 attint-em
2675 771 2927 842 exhibeat
2945 787 3144 842 eorum
3169 814 3184 837 ,
3218 774 3307 842 qui
3333 788 3399 828 ex
3440 774 3645 829 mundo
3688 776 3759 831 ad

2170 840 2332 912 Deum
2357 840 2641 912 il'estinant.
2679 840 2895 909 Septem
2924 841 3115 897 diebus
3156 840 3341 912 azvma
3384 843 3755 900 comedebat:-

2167 919 2287 975 tur;
2320 911 2369 964 id
2398 920 2482 965 est
2504 953 2517 972 .
2549 926 2644 980 per
2675 921 2839 966 totam
2867 912 3030 965 vitam
3076 913 3359 967 sinceritas
3385 914 3583 968 valeat.
3617 915 3755 969 Nam

2167 996 2260 1056 per
2286 990 2492 1051 septem
2514 982 2637 1056 dies
2677 992 2847 1035 totum
2882 993 3089 1056 tempus
3121 984 3526 1056 multiplicatur.
3574 986 3640 1056 Et
3663 990 3756 1056 qui

2164 1051 2485 1105 fermentum
2512 1053 2670 1106 habet
2695 1051 3159 1108 exterminabitur.
3190 1053 3322 1108 Nam
3352 1056 3551 1109 veteris
3577 1051 3759 1111 homi.

2165 1121 2247 1174 nis
2278 1122 2510 1190 nequitia
2536 1124 2836 1191 perniciosa
2871 1132 2985 1187 est,
3018 1138 3118 1177 nec
3147 1135 3321 1192 potest
3345 1139 3467 1179 cum
3498 1128 3620 1179 novi
3656 1126 3756 1178 ho-

2164 1193 2323 1245 minis
2365 1193 2567 1260 justitia
2619 1203 2674 1247 et
2718 1194 3005 1247 sanctitate
3051 1196 3411 1250 commisceri.
3469 1199 3547 1249 Ac
3596 1198 3752 1252 vides

2165 1260 2307 1334 iuste
2338 1262 2539 1316 illatam
2570 1278 2693 1318 esse
2730 1263 2875 1317 illam
2931 1272 3150 1333 propter
3202 1266 3518 1321 fermentum
3567 1270 3753 1334 perni-

2164 1333 2301 1387 ciem
2328 1344 2927 1404 :7proptericommune
2966 1343 3143 1387 autem
3185 1336 3339 1404 panis
3384 1333 3748 1403 fermentum,

2166 1418 2271 1456 non
2303 1403 2587 1479 _videretur
2616 1403 2754 1479 Deus
2781 1404 2924 1479 iuste
2953 1403 3237 1479 indignari.
3270 1405 3484 1479 iustitia
3512 1423 3747 1479 namque

2165 1487 2269 1548 non
2302 1473 2354 1527 in
2387 1474 2525 1544 typis
2551 1474 3107 1548 deprehenditur,_sed
3134 1476 3185 1529 in
3212 1476 3289 1548 rei
3311 1479 3540 1532 veritate
3566 1473 3749 1548 splen-

2163 1543 2255 1619 d_e_t
2281 1554 2335 1598 et
2363 1543 2701 1619 agnoscitur_:
2730 1544 2868 1599 sicut
2891 1556 2947 1619 et
2975 1545 3061 1598 illa
3094 1546 3277 1619 unctio
3298 1543 3747 1619 sangiiitiis,'qtim

2161 1613 2393 1687 videtur;
2415 1614 2629 1687 indigna
2659 1615 2801 1677 Deo,
2837 1616 3319 1687 tollitur,quando
3359 1613 3525 1687 ﬁgura
3552 1613 3750 1674 secun-

2161 1683 2292 1738 dum
2321 1685 2395 1739 rei
2421 1686 2701 1739 veritatem
2743 1696 3037 1754 spectatur.
3085 1683 3419 1741 Itidecurnnf
3445 1689 3585 1743 enim
3631 1690 3748 1744 Deo

2159 1763 2303 1826 esset
2324 1769 2487 1826 egere
2524 1757 2818 1824 sanguine.
2844 1755 2910 1810 ad
2952 1757 3355 1826 cognoscendas
3397 1757 3745 1816 Hebra-orum

2161 1824 2339 1899 aedes;
2369 1824 3058 1899 sedeonvenientissimum
3107 1827 3205 1896 ipsi
3232 1839 3313 1883 est
3335 1869 3350 1891 ,
3377 1828 3520 1899 quod
3552 1845 3646 1898 per
3684 1834 3748 1884 li-

2161 1893 2285 1969 de‘m
2327 1896 2379 1948 in
2419 1895 2616 1951 Christi
2647 1897 2962 1969 sanguinem
3000 1893 3501 1969 cognbscamurfab
3545 1893 3662 1969 ipso
3690 1913 3747 1957 et

2161 1966 2389 2036 salutem
2414 1980 2830 2036 consequamur.
2877 1966 3091 2022 Annon'
3116 1970 3276 2022 etiam
3318 1966 3579 2025 indecens
3596 1983 3745 2027 esset

2162 2034 2292 2108 illud
2321 2036 2464 2107 quod
2501 2034 2961 2108 circumcisionem
2988 2046 3200 2107 spectat
3228 2040 3545 2108 simpliciter
3583 2042 3744 2097 intel-

2161 2105 2356 2177 ligere,
2392 2107 2724 2179 quasiDeus
2763 2110 2907 2162 serio
2943 2105 3166 2179 jusserit
3213 2105 3370 2174 eum,
3402 2112 3491 2179 qui
3538 2110 3742 2167 Pascha

2159 2186 2497 2232 comestarus
2526 2178 2632 2241 sit,
2664 2177 3014 2246 circumcidi,
3047 2180 3093 2233 si
3137 2194 3244 2234 non
3273 2177 3434 2235 esset'
3463 2183 3746 2237 circumci-

2159 2261 2287 2313 sus,
2320 2257 2375 2302 et
2415 2249 2494 2303 sic
2531 2248 2600 2303 ad
2634 2250 3019 2303 comestionem
3047 2251 3351 2305 accedere?
3395 2250 3453 2307 Si
3479 2266 3607 2307 vero
3633 2253 3743 2308 cir-

2158 2318 2502 2394 cumcisionis
2526 2319 2776 2394 virtutem
2797 2320 3137 2394 Spiritualetu
3148 2320 3370 2394 noveris
3390 2363 3406 2389 ,
3430 2324 3743 2394 mysterium

2158 2389 2405 2463 videbis,
2446 2399 2500 2443 et
2532 2389 2696 2463 Deum
2727 2390 3070 2463 gloriﬁcabis.
3099 2388 3453 2446 Circumeisio
3486 2388 3745 2463 genitalis

2161 2459 2388 2531 membri
2430 2469 2569 2514 erat.
2605 2461 2685 2513 Ab
2710 2471 2830 2514 ortu
2849 2500 2865 2527 ,
2896 2476 2931 2512 ο
2958 2459 3124 2515 homo
3145 2503 3161 2526 ,
3207 2459 3602 2531 operimentum
3646 2467 3746 2518 ha-

2156 2530 2349 2597 bnisti,
2373 2532 2512 2602 quod
2540 2532 2825 2599 oportebat
2852 2541 2903 2585 te
2938 2530 3258 2598 removere,
3287 2543 3347 2586 ut
3372 2545 3559 2602 operto
3588 2536 3744 2589 vultu

2158 2601 2437 2674 veritatem
2462 2601 2689 2674 videres,
2715 2616 2817 2674 nec
2838 2604 2937 2657 sub
2959 2610 3174 2657 terreno
3200 2601 3445 2672 corporis
3474 2614 3749 2674 tegmuen-

2159 2681 2214 2725 to
2243 2671 2389 2725 illam
2435 2673 2753 2741 respiceres.
2778 2671 2910 2726 Cum
2939 2674 3084 2728 enim
3132 2671 3358 2728 nudatus
3384 2671 3551 2730 fueris
3571 2691 3602 2731 a
3627 2692 3750 2731 car-

2157 2758 2260 2797 neo
2281 2739 2541 2811 corpore,
2570 2743 2636 2795 ad
2665 2739 2939 2796 Christum
2970 2753 3027 2796 ut
3054 2744 3273 2811 spiritus
3299 2746 3532 2811 accedis,
3561 2758 3617 2802 et
3643 2748 3750 2801 Do-

2156 2814 2306 2867 tuino
2350 2813 2560 2867 haerens
2604 2826 2740 2866 unus
2777 2813 2998 2881 spiritus
3036 2813 3266 2869 el‘liceris
3320 2830 3415 2883 per
3457 2831 3665 2871 sacram
3691 2830 3752 2874 et

2153 2885 2439 2937 salutarem
2468 2883 2927 2954 participationem
2950 2925 2966 2948 ,
2989 2900 3149 2954 quam
3182 2885 3450 2940 indicabat
3490 2889 3737 2942 carnium

2153 2956 2434 3025 comestio.
2463 2952 2798 3025 circumcide
2826 2963 2880 3009 et
2909 2952 3048 3010 exne
3084 2970 3282 3023 corpus
3313 2965 3432 3023 post
3460 2955 3740 3013 Christum

2153 3024 2449 3080 Secundum
2492 3024 2711 3078 Paulum
2733 3065 2747 3087 ,
2795 3026 2885 3094 qui
2914 3026 3026 3078 ait:
3055 3026 3348 3080 Circumcisi
3378 3028 3496 3081 estis
3523 3029 3745 3081 circum-

2153 3095 2342 3150 cisione
2365 3111 2466 3149 non
2478 3111 2645 3167 manu
2671 3094 2825 3167 lucta,
2848 3096 2903 3167 in
2925 3096 3291 3167 exspatiatione
3304 3100 3535 3167 corporis
3550 3101 3746 3161 carnis,

2152 3167 2207 3220 in
2250 3165 2632 3238 circumcisione
2658 3163 2846 3238 Christi
2888 3163 3025 3238 (Col.
3067 3165 3123 3220 2.
3161 3167 3280 3238 li):
3322 3163 3484 3237 atque
3528 3169 3597 3223 ita
3628 3169 3739 3223 cir-

2153 3237 2593 3310 cumcisuspmni
2639 3235 2860 3310 avaritia
2875 3235 2908 3302 ,“
2950 3251 3104 3291 vana:
3146 3235 3331 3307 gloria}
3368 3235 3423 3292 et
3463 3240 3749 3310 voluptatis

2153 3321 2368 3373 amore,
2416 3306 2594 3359 divina
2639 3317 2691 3361 te
2735 3306 2961 3377 impleas
3001 3306 3167 3373 esca,
3205 3323 3325 3376 «pne
3356 3317 3410 3363 te
3437 3310 3506 3365 ad
3546 3306 3740 3365 caelum

2152 3377 2351 3450 ducat,
2380 3386 2432 3450 te
2470 3376 2661 3450 liberet
2698 3393 2728 3430 a
2752 3376 2908 3450 malis
2933 3379 3359 3450 dominatoribus
3380 3418 3398 3443 ,
3441 3389 3593 3435 eruat
3619 3395 3746 3450 gra-

2153 3449 2387 3503 vissimis
2415 3447 2686 3501 laboribus
2710 3488 2726 3514 ,
2761 3449 3158 3518 gloriosumque
3185 3449 3279 3504 tibi
3309 3464 3375 3503 ac
3417 3447 3643 3505 heatmn'
3669 3452 3743 3504 ad

2161 3519 2325 3574 Deum
2375 3518 2604 3574 reditum
2650 3518 2930 3584 conciliet,
2986 3519 3037 3573 iu
3084 3518 3299 3574 Christo
3342 3519 3471 3576 Jesu
3522 3522 3747 3575 Domino

2154 3600 2336 3645 nostro
2360 3629 2375 3655 ,
2405 3590 2490 3645 cui
2523 3590 2692 3661 gloria
2720 3588 2772 3643 in
2801 3589 2996 3644 saecula
3025 3591 3370 3645 sazculorum.
3407 3594 3594 3647 Amen.

1673 3856 1738 3899 IN
1783 3856 1943 3901 IDEM
1986 3855 2455 3900 ABGUMENTUM.
2503 3856 2588 3900 γι.

546 3985 597 4039 1.
631 3983 809 4039 Sacrae
833 3985 1029 4040 Christi
1060 3985 1191 4039 lucis
1219 3983 1350 4039 radii
1376 3988 1488 4054 jam
1517 3984 1817 4054 splendent,
1850 3994 1901 4039 et
1931 4000 2058 4053 pura

475 4056 589 4125 puri
637 4055 869 4122 Spiritus
911 4056 1187 4110 luminaria
1218 4055 1510 4120 oriuntur,
1540 4056 1770 4109 caelestis
1800 4063 1975 4109 autem
2007 4066 2062 4111 et

474 4126 634 4194 regia:
654 4126 947 4181 divinitatis
963 4127 1146 4195 gloriie
1171 4125 1451 4195 thesauros
1472 4126 1736 4196 aperiunt.
1755 4124 1868 4196 Nox
1892 4126 2057 4181 multa

472 4200 528 4250 ut
555 4196 780 4250 obscura
813 4196 1061 4266 absorpta
1092 4204 1173 4250 est
1218 4204 1273 4250 et
1317 4195 1519 4266 ingrata
1565 4209 1711 4250 mors
1736 4195 2056 4262 obscurata;

475 4268 577 4318 vita
606 4268 867 4321 universis
896 4278 1077 4348 aperta
1102 4278 1204 4348 est,
1235 4275 1290 4320 et
1303 4266 1437 4348 _luce
1462 4266 1679 4347 peremti
1702 4268 1885 4348 omnia
1904 4267 2056 4335 plena

477 4348 593 4389 sunt
625 4378 639 4399 ,
672 4347 831 4405 atque
861 4336 1094 4392 orientes
1124 4337 1410 4392 orientium
1443 4336 1746 4391 universum
1776 4338 2055 4391 obtinent:

474 4417 529 4459 et
546 4407 795 4477 filleaute
822 4408 1098 4462 luciferum
1127 4408 1356 4475 genitus,
1389 4407 1725 4469 immortalis,
1756 4416 1808 4461 et
1836 4422 2059 4477 magnus

477 4476 722 4548 splendet
758 4476 1003 4531 Christus
1046 4477 1308 4548 universis
1336 4477 1454 4546 plus
1474 4491 1638 4548 quam
1681 4478 1797 4548 sol.
1826 4476 2059 4548 ldeouue

476 4546 631 4615 longa
662 4558 717 4600 et
741 4555 939 4605 aeterna
972 4549 1126 4603 nobis
1154 4546 1514 4602 credentibus
1532 4549 1582 4601 in
1625 4548 1740 4615 ipso
1767 4546 1883 4601 dies
1907 4547 2060 4603 adest

476 4617 721 4689 cantlida,
743 4616 941 4689 l’asclia
968 4619 1270 4689 mysticum,
1295 4617 1515 4689 ﬁgurate
1536 4616 1748 4686 quidem
1772 4631 1868 4685 per
1887 4619 2057 4688 legem

476 4686 839 4759 celebratum;
872 4686 1074 4743 Pascha
1095 4729 1126 4759 ,_
1152 4688 1395 4743 mirabile
1420 4688 1615 4743 divinae
1646 4690 1855 4742 virtutis
1882 4686 2059 4759 etipo-

476 4755 684 4827 testatis
726 4771 892 4825 opus;
936 4772 1062 4812 vere
1104 4756 1294 4827 festum
1326 4768 1380 4811 et
1409 4759 1718 4813 memoriale
1764 4755 2057 4827 legitimum

476 4825 861 4894 sempitermun
888 4841 992 4882 :ex
1035 4826 1282 4896 passione
1322 4827 1743 4896 impassibilitas,
1789 4825 1852 4882 ex
1884 4839 2061 4885 morte

478 4896 870 4967 immortalitas,
903 4912 970 4950 ex
999 4896 1273 4960 iuventute
1297 4898 1426 4962 vita,
1455 4913 1519 4951 ex
1550 4898 1701 4967 plaga
1735 4899 1961 4962 medela,
1992 4914 2058 4954 ex

475 4968 629 5037 lapsu
652 4966 871 5039 erectio.
899 4982 963 5021 ex
993 4966 1555 5039 descensurascensus.
1587 4966 1676 5023 Sic
1705 4968 1842 5023 Deus
1869 4984 2058 5039 magna

474 5046 757 5107 operatur;
804 5037 883 5093 sic
924 5053 989 5093 ex
1035 5037 1450 5106 impossibilibus
1489 5039 1749 5106 stupenda
1789 5037 1976 5101 creat,
2007 5050 2059 5094 nt

473 5108 789 5164 ostendatur
837 5110 1008 5178 ipsum
1038 5108 1210 5163 solum
1242 5109 1506 5163 volentem
1537 5110 1714 5163 omnia
1742 5123 1920 5178 posse.
1956 5110 2061 5164 Has

477 5179 675 5247 lignras
700 5181 790 5235 lex
820 5180 1100 5234 aununtiet
1121 5218 1136 5244 ,
1170 5179 1427 5250 imagines
1452 5178 1693 5250 veritatis
1722 5178 1869 5250 prius
1893 5181 2031 5235 inter

475 5258 716 5321 pretetur
761 5250 983 5321 angelus
1006 5290 1047 5321 ,_
1070 5249 1318 5321 maguum
1360 5250 1535 5320 magni
1577 5249 1736 5319 Regis
1774 5249 2058 5304 adventum

476 5320 772 5386 praedicans
802 5318 935 5375 εἶιῢί
981 5318 1265 5391 Egyptius
1314 5318 1783 5389 primogenitorum
1830 5322 2061 5391 populus

474 5398 716 5463 mortuus
753 5401 855 5455 est,
895 5400 951 5446 et
979 5389 1139 5463 Israel
1170 5392 1396 5463 mystico
1422 5392 1685 5463 sanguine
1711 5389 2055 5463 servabatur.

474 5456 599 5513 [hec
625 5464 802 5517 omnia
832 5472 954 5515 sunt
986 5456 1303 5532 futurorum
1330 5456 1558 5515 mnbra':
1586 5460 1726 5532 apud
1757 5474 1854 5532 nos
1879 5472 2057 5515 autem

477 5540 601 5582 sunt
645 5532 932 5602 imaginum
976 5531 1160 5585 formte
1180 5573 1195 5596 ,
1242 5541 1295 5585 et
1346 5542 1591 5600 typorum
1633 5531 2019 5653 complementa
2040 5571 2056 5596 ,

477 5607 638 5653 Mune
663 5603 862 5653 umbne
890 5602 1009 5653 loco
1033 5612 1219 5653 exacta
1248 5610 1304 5653 et
1334 5601 1386 5653 ﬁt
1402 5616 1485 5653 ma
1514 5602 1728 5653 veritas.
1777 5600 1869 5653 llic
1892 5616 2056 5653 alnus

477 5607 638 5663 atque
663 5600 862 5655 umbne
890 5602 1009 5655 loco
1033 5612 1219 5656 exacta
1248 5610 1304 5655 et
1334 5601 1386 5654 ﬁt
1402 5616 1485 5655 ma
1514 5602 1728 5656 veritas.
1754 5600 1869 5656 Illic
1892 5616 2060 5671 agnus

477 5679 508 5715 ο
536 5681 696 5740 grege
714 5710 728 5733 ,
762 5672 848 5725 hic
875 5685 1042 5740 agnus
1065 5671 1136 5726 de
1173 5671 1319 5724 caelis
1344 5688 1357 5723 ε
1384 5673 1489 5725 illic
1516 5672 1788 5740 sanguinis
1813 5672 2021 5740 signum
2040 5711 2057 5737 ,

477 5736 617 5804 quod
639 5736 697 5793 in
726 5755 786 5795 re
813 5736 1003 5795 min'ori
1034 5751 1201 5796 totum
1230 5754 1508 5797 conservet
1532 5781 1545 5808 ,
1579 5736 1666 5796 hic
1691 5736 1931 5808 verbum,
1961 5736 2056 5812 po?

2166 3984 2343 4038 culum
2373 3984 2586 4057 plenum
2616 3982 2796 4057 divino
2823 3985 3082 4053 sanguine
3108 3995 3161 4039 et
3186 3985 3376 4057 spiritu
3402 4002 3417 4039 :
3444 3985 3553 4041 illic
3579 4002 3748 4057 agnus

2165 4069 2231 4110 ex
2259 4068 2440 4124 grege,
2490 4054 2575 4107 hic
2617 4055 2735 4125 ipse
2783 4063 2967 4125 pastor
2995 4070 3091 4123 pro
3118 4070 3277 4125 agno.
3309 4055 3439 4110 Nam
3471 4054 3749 4112 Sicut‘ovix

2171 4126 2240 4198 ad
2266 4125 2564 4198 occisionem
2588 4124 2769 4179 ductus
2795 4135 2869 4179 est
2897 4124 3054 4198 (Isai.
3080 4124 3172 4182 53.
3204 4124 3280 4198 7).
3308 4127 3591 4198 Quomodo
3618 4144 3749 4198 ergo

2166 4194 2719 4268 salutemuunivcrsatn
2746 4194 2917 4264 Opera
2932 4194 3283 4268 pollicentur?
3315 4196 3379 4268 Et
3405 4197 3536 4252 solae
3567 4194 3753 4268 ﬁgura:

2165 4276 2291 4320 sunt
2332 4266 2614 4320 salutares.
2657 4264 2874 4320 Festum
2915 4265 3191 4322 celebrent
3219 4267 3334 4322 caeli
3364 4264 3652 4334 c:rlorum',
3697 4281 3755 4323 ut

2166 4335 2379 4391 divinus
2406 4335 2634 4404 Spiritus
2663 4336 2858 4392 clamat
2876 4378 2891 4401 .
2919 4337 3143 4406 gloriam
3176 4337 3266 4392 Dei
3310 4348 3590 4393 narrantes
3621 4356 3749 4395 :ce-

2168 4406 2371 4462 lebrcnt
2386 4420 2597 4478 quoque
2616 4408 2789 4476 angeli
2811 4416 2866 4461 et
2884 4407 3187 4478 archangeli
3209 4407 3486 4474 czelorum,
3510 4411 3748 4465 celebret

2165 4478 2340 4549 omnis
2389 4476 2617 4549 caelestis
2669 4479 2926 4549 populus,
2974 4476 3243 4533 summum
3293 4480 3490 4549 Ducem
3532 4484 3749 4549 superni

2165 4547 2432 4618 exercitus
2479 4547 2685 4618 videns
2712 4548 3022 4617 episc0pnm
3064 4548 3415 4618 corporaliter
3451 4547 3749 4605 advenien-

2166 4627 2271 4690 tem
2283 4634 2310 4690 Δε
2333 4615 2831 4690 festumcelebreut
2854 4615 3127 4673 stellarum
3152 4615 3326 4690 chori,
3358 4634 3483 4673 eum
3513 4621 3605 4690 qui
3627 4632 3751 4674 antu

2164 4688 2443 4743 luciferum
2472 4689 2641 4742 oritur
2672 4687 2969 4744 indicantes
2992 4706 3005 4743 :
3029 4689 3264 4744 celebret
3285 4704 3380 4744 aer
3406 4687 3670 4746 immense
3698 4692 3749 4745 in

2167 4758 2484 4831 profundum
2530 4766 2593 4831 et
2627 4757 2793 4831 latum
2822 4770 3076 4831 extensus
3102 4777 3115 4814 :
3139 4759 3374 4814 celebret
3415 4761 3747 4831 salsuginosa

2164 4829 2329 4899 maris
2354 4843 2513 4896 aqua,
2562 4828 2756 4899 divinis
2788 4830 3022 4899 vestigiis
3049 4844 3112 4886 ac
3137 4831 3414 4899 gressibus
3451 4828 3747 4886 honorata:

2164 4898 2396 4971 celebret
2418 4907 2584 4971 terra,
2607 4898 2787 4971 divino
2801 4898 2983 4955 abluta
3004 4898 3261 4971 sanguine
3280 4917 3293 4954 :
3315 4900 3553 4956 celebret
3575 4904 3753 4956 omnis

2166 4967 2397 5041 humana
2440 4969 2651 5034 anima,
2683 4969 2735 5023 in
2775 4983 2973 5041 novam
3010 4967 3412 5041 generationem
3444 4985 3541 5040 per
3568 4987 3751 5027 resur-

2167 5040 2457 5094 rectionem
2479 5047 2792 5093 restaurata.
2818 5039 2933 5095 lloc
2950 5039 3172 5107 Pascha,
3193 5042 3494 5097 communis
3513 5045 3751 5096 omnium

2164 5110 2449 5183 celebritas
2491 5123 2573 5183 ex
2606 5119 2826 5183 paterna
2856 5112 3131 5183 voluntate
3169 5113 3222 5165 in
3262 5111 3465 5167 mundo
3512 5123 3750 5183 peracta.

2166 5181 2351 5235 missio
2378 5177 2578 5234 Christi
2593 5177 2621 5244 ,“
2636 5180 2848 5252 divinus
2872 5182 3052 5237 oriens
3077 5182 3222 5237 circa
3264 5190 3462 5237 terram
3482 5177 3751 5252 {angelo-

2167 5266 2283 5304 rum
2318 5260 2373 5321 et
2399 5250 2841 5321 archangelorum
2868 5253 3190 5321 sempiterna
3221 5252 3558 5319 solemnitas,
3593 5250 3753 5308 totius

2167 5320 2348 5375 ntuudi
2382 5320 2698 5376 immortalis
2723 5322 2850 5387 vita,
2880 5320 3071 5377 mortis
3095 5323 3363 5389 interitus,
3395 5323 3517 5378 fons
3546 5325 3749 5379 saluta-

2166 5393 2261 5456 ris,
2291 5391 2565 5445 hominum
2597 5389 2916 5460 incorruptae
2939 5391 3144 5449 deliciie
3168 5393 3434 5459 caelestes,
3462 5408 3615 5450 sacra
3650 5396 3747 5449 ini«

2163 5461 2350 5537 tiatio_,
2391 5477 2509 5530 qua:
2546 5470 2727 5537 vetera
2764 5473 2995 5537 e_t_nova
3039 5465 3421 5537 interpretatur
3458 5467 3748 5537 mysteria.

2163 5546 2283 5601 qua:
2313 5531 2364 5606 in
2381 5542 2537 5606 terra
2562 5531 2733 5606 oculis
2757 5534 3023 5602 videntur,
3049 5536 3100 5588 in
3121 5531 3267 5589 caelis
3292 5548 3420 5606 vero
3443 5531 3750 5606 intelligun-

2168 5611 2253 5655 tur
2281 5602 2349 5655 ab
2380 5602 2473 5675 iis,
2516 5602 2602 5675 qui
2637 5601 2751 5658 lucc
2780 5618 2916 5658 uova
2945 5601 3068 5660 cum
3095 5618 3247 5659 sacra
3278 5605 3466 5659 notitia
3503 5601 3753 5675 suscepe—

2167 5682 2291 5725 runt
2322 5690 2334 5725 :
2367 5673 2417 5725 id
2458 5671 2598 5741 quod
2643 5687 2743 5727 nos
2782 5674 2990 5742 paucis,
3023 5675 3423 5741 explicavimus.
3476 5675 3627 5732 Talis
3669 5671 3754 5731 est

2171 5742 2386 5797 Pascha:
2430 5742 2640 5812 publica
2687 5744 3023 5802 solemnitas.
3073 5744 3140 5802 Ut
3176 5760 3303 5802 vero
3345 5744 3621 5816 sigillatim
3663 5764 3755 5801 vos
