4028 6144
495 324 601 382 739

497 440 627 509 lude
654 453 881 508 namque
914 437 1322 509 primifallacitc
1347 439 1543 509 ﬂuctus
1566 478 1579 501 ,
1604 437 1751 492 vituli
1784 445 1835 509 ct
1861 442 2068 508 pisces,

468 508 623 565 ‘ferzc
644 518 696 564 et
716 525 859 571 aves,
880 508 932 562 et
950 508 1139 562 similia
1157 510 1334 563 omnia
1356 508 1604 563 animalia
1628 513 1767 563 inter
1786 508 1915 563 deos
1935 509 2071 562 rela-

495 591 545 633 ta
572 589 625 634 et
651 580 816 635 culta.
846 580 978 632 Cum
1026 590 1201 633 autem
1236 580 1305 634 de
1333 580 1467 634 cado
1497 579 1688 634 vindex
1732 581 1806 632 ira
1837 580 2067 634 revelata

491 651 684 714 fuerit,
709 659 763 704 ct
790 648 938 704 furor
969 665 1190 718 magnus
1234 665 1395 720 super
1430 665 1643 704 omnem
1677 660 1870 704 terram
1913 649 2073 704 fuerit

491 735 781 790 expansos,
813 729 938 773 tunc
967 720 1192 790 primum
1211 720 1892 790 superstitiosusidolorum
1917 736 2069 774 error

488 788 711 845 insanus
730 789 1027 861 dejicictttr.
1050 789 1113 843 In
1137 790 1387 855 omnibus,
1404 788 2069 861 inquit,diis{Egyptiorum

490 863 674 932 faciam
711 860 1021 915 vindictam:
1048 876 1139 931 ego
1181 861 1429 915 Dominus
1480 864 1497 932 (
1526 860 1696 914 Exod.
1730 861 1813 915 l2.
1845 860 1912 914 12
1938 862 1976 927 ).
2014 861 2066 914 lu

491 932 851 1003 primogenita
883 939 1061 1003 autem
1091 933 1266 984 omnia
1297 933 1516 1003 saevitur
1547 971 1561 997 ,
1595 932 1717 1000 quia
1766 932 2065 1003 antiquiora

485 1001 733 1072 tempora
758 1002 857 1057 sibi
891 1001 1242 1065 vindicantes,
1262 1002 1671 1056 vetustissimam
1685 1001 1923 1055 omnium
1949 1016 2066 1054 ser-

491 1074 712 1128 vitutem
750 1072 906 1127 idolis
956 1072 1296 1141 praistabant.
1344 1072 1649 1127 Tenehrosa
1697 1082 1753 1126 et
1805 1082 2062 1125 nocturna

491 1145 640 1213 plaga
663 1153 811 1199 erat:
834 1158 954 1197 nam
979 1145 1282 1207 tenebrosa,
1303 1142 1491 1207 tristia,
1512 1143 1737 1212 ingrata,
1756 1143 2065 1211 caliginosa,

489 1214 801 1278 inhumana,
827 1223 983 1283 atque
1016 1215 1417 1268 tcnebrosorum
1443 1228 1662 1280 operum
1685 1222 1739 1266 et
1764 1213 2064 1266 daemonum

492 1295 649 1340 erant
673 1284 894 1356 judicia.
931 1283 1097 1356 Dabo,
1132 1284 1317 1348 inquit,
1349 1285 1581 1352 prodigia
1599 1285 1650 1336 in
1676 1284 1798 1356 caelo
1829 1298 2027 1337 sursum
2048 1322 2063 1349 ,

487 1364 536 1409 et
565 1353 710 1426 signa
734 1356 789 1408 in
820 1366 951 1426 terra
982 1353 1250 1426 deorsum.
1300 1355 1671 1426 sanguiuentet
1702 1355 1939 1426 igneutet
1978 1370 2062 1426 va-

489 1424 662 1494 porem
691 1426 834 1497 fumi.
867 1424 933 1477 Et
963 1424 1040 1478 sol
1066 1434 1381 1497 convertatur
1400 1424 1459 1497 in
1486 1424 1715 1497 tenebras
1739 1465 1752 1497 ,
1778 1435 1821 1476 et
1861 1425 1983 1477 luna
2010 1425 2063 1477 in

488 1494 786 1567 sanguinem
817 1537 841 1567 ,_
865 1506 1135 1567 antequam
1155 1495 1341 1567 Aveniat
1390 1494 1496 1567 dies
1540 1494 1748 1567 Domini
1776 1510 1991 1567 magnus
2016 1505 2062 1547 et

485 1562 783 1636 manifestus
821 1564 841 1638 (
865 1564 980 1619 .Ioel
1022 1564 1078 1619 2.
1108 1564 1197 1638 50.
1227 1565 1285 1620 51
1314 1566 1354 1631 ).
1386 1564 1774 1638 Cannabis/tare
1801 1562 1908 1638 dies
1950 1562 2062 1638 Do-

488 1634 659 1692 mini?
688 1638 753 1690 lt't
774 1634 881 1691 haec
910 1646 981 1689 est
1018 1635 1252 1700 tenebris,
1290 1646 1338 1688 et
1359 1652 1459 1689 non
1483 1635 1592 1689 lux.
1627 1634 2063 1702 Quemadmodum

484 1709 617 1762 enim
637 1709 679 1762 si
701 1708 882 1779 fugerit
902 1708 1037 1779 inira
1061 1707 1191 1776 facie
1223 1704 1398 1768 leonis,
1428 1714 1474 1758 et
1507 1707 1777 1779 occurrerit
1804 1706 1900 1774 ipsi
1941 1722 2060 1779 rur-

482 1795 590 1842 sus,
620 1789 666 1833 et
688 1776 929 1832 introierit
963 1777 1198 1835 domum,
1225 1785 1270 1828 et
1294 1792 1446 1828 mauu
1472 1793 1566 1829 sua
1598 1777 1804 1830 innixus
1831 1777 1983 1845 fuerit
2009 1776 2060 1828 in

484 1850 747 1919 parietem,
770 1858 815 1901 et
843 1847 1163 1899 momorderit
1185 1863 1295 1919 eum
1320 1846 1522 1919 coluber
1553 1861 1572 1899 .'
1592 1848 1675 1919 sic
1700 1847 1797 1919 erit
1819 1846 1925 1919 dies
1946 1845 2028 1919 Do
2044 1878 2058 1888 ο

485 1915 612 1989 iuiui
638 1923 852 1972 tenebrw
874 1957 905 1989 ,ν
943 1927 988 1970 et
1016 1932 1114 1989 non
1142 1917 1232 1968 erit
1259 1915 1349 1989 lux
1375 1915 1427 1969 in
1448 1917 1720 1989 AeaA(Antos
1768 1917 1820 1972 5.
1852 1915 2056 1989 18-20).

483 1987 712 2059 Sanguis
738 2004 866 2059 vero
897 1988 947 2040 in
990 1987 1196 2054 signum
1228 1986 1478 2055 signaculi
1506 1985 1699 2059 Christi
1736 2027 1749 2051 ,
1782 2002 1956 2040 meum
1979 1985 2060 2059 est

482 2056 814 2128 mysterium.
847 2057 1064 2125 Signum
1096 2067 1278 2128 autem
1303 2072 1406 2110 non
1431 2066 1556 2112 tunc
1583 2056 1779 2128 veritas
1805 2067 1938 2120 eral,
1962 2057 2055 2111 sed

488 2126 680 2184 futurae
727 2130 966 2182 veritatis
1003 2128 1229 2196 signum.
1260 2127 1530 2196 Quotquot
1565 2128 1708 2181 enim
1749 2126 1948 2181 habent
1979 2130 2055 2181 si-

482 2216 644 2266 gnum
672 2200 943 2269 sanguinis
972 2197 1335 2269 inanimalius
1360 2238 1373 2258 ,
1425 2208 1476 2269 ut
1510 2212 1538 2250 a
1569 2197 1685 2266 lege
1721 2198 1772 2251 in
1811 2197 2056 2252 domibus

482 2271 714 2340 imprimi
761 2267 817 2325 et
862 2271 982 2339 ungi
1022 2267 1229 2340 jussum
1274 2277 1385 2340 erat
1412 2307 1425 2329 ,
1456 2267 1554 2340 hos
1598 2283 1784 2340 omnes
1833 2269 2055 2323 exitiosa

483 2338 633 2411 plaga
665 2338 976 2412 pm-tcribit.
1010 2338 1077 2392 In
1106 2338 1285 2408 quibus
1304 2379 1316 2397 ,
1353 2338 1523 2412 inquit
1551 2377 1566 2401 ,
1597 2338 1825 2412 domibus
1846 2341 2053 2409 sangui-

480 2408 595 2465 nem
620 2408 814 2475 videbo,
841 2426 1002 2480 tegam
1025 2425 1131 2474 vos,
1161 2418 1207 2461 et
1244 2425 1343 2461 nou
1374 2409 1466 2461 erit
1492 2409 1720 2480 in__uobis
1766 2408 1919 2480 plaga
1942 2408 2058 2479 qua:

478 2499 566 2536 uos
593 2492 794 2547 atterat,
824 2478 938 2535 cuin
973 2480 1249 2550 percutiam
1277 2479 1331 2532 in
1359 2488 1491 2532 terra
1508 2478 1726 2549 /Egypti
1747 2478 1938 2550 (Exod.
1957 2478 2053 2534 12.

478 2555 588 2626 15).
614 2552 838 2622 Sanguis
866 2549 994 2626 ergo
1022 2561 1077 2604 ut
1102 2551 1308 2626 signqu
1332 2549 1395 2626 ad
1423 2550 1717 2626 custodiam
1754 2549 1767 2605 ἐ
1802 2550 1852 2603 in
1884 2550 2057 2626 domi~

476 2620 575 2679 bus
604 2620 783 2680 autem
809 2666 823 2689 ,
857 2632 913 2676 ut
935 2620 1002 2676 ἰιι
1028 2621 1327 2675 animabus.
1367 2622 1556 2673 Anima
1600 2621 1741 2674 enim
1767 2637 1831 2675 ex
1870 2620 2054 2676 divino

484 2697 684 2765 Spiritu
716 2704 770 2749 et
797 2710 860 2749 ex
896 2693 999 2747 fide
1041 2706 1251 2765 sacrum
1304 2690 1361 2765 lit
1391 2690 1773 2765 habitaculum.
1822 2692 1933 2746 lloc
1975 2703 2050 2746 tc-

480 2760 681 2836 guntur
708 2767 739 2820 ii
772 2807 787 2831 ,
820 2765 906 2831 qui
935 2765 1179 2818 credunt.
1214 2760 1415 2816 Pascha
1448 2778 1542 2831 per
1569 2763 1873 2816 universum
1904 2778 2056 2816 mun-

478 2837 605 2891 dum
640 2838 742 2891 tale
766 2835 1075 2906 mysterium
1103 2842 1204 2888 est.

543 2909 595 2963 5.
628 2907 761 2962 Audi
801 2902 973 2959 tamen
1005 2919 1102 2958 nos
1135 2919 1234 2975 pro
1263 2902 1397 2958 virili
1431 2914 1610 2958 nostra
1641 2911 1789 2972 parte
1814 2904 2048 2960 divinam

472 2978 820 3032 initiationem
843 2975 1108 3044 sigillatim
1127 2975 1474 3044 expliCantes.
1500 2975 1606 3027 Res
1622 2975 1763 3027 enim
1785 2978 2053 3043 quomodo

470 3064 599 3104 vere
620 3064 678 3103 se
708 3047 901 3101 haheat
920 3087 934 3109 ,
969 3049 1104 3099 Deus
1130 3045 1359 3099 Verbum
1389 3046 1564 3106 novit,
1595 3044 1681 3113 qui
1714 3045 1766 3098 iu
1796 3059 1857 3100 se
1878 3055 1931 3099 et
1959 3062 2053 3115 per

473 3134 532 3173 se
560 3134 768 3173 sacrum
797 3116 996 3171 Pascha
1023 3116 1328 3169 adornavit:
1361 3115 1511 3168 nobis
1534 3129 1658 3167 vero
1679 3123 1859 3183 utpote
1882 3116 2051 3171 homi-

470 3189 628 3243 nibus
655 3187 805 3242 venia
850 3186 1058 3244 danda,
1099 3189 1141 3238 si
1186 3200 1289 3239 non
1320 3186 1495 3238 omnia
1525 3198 1890 3253 assequamur,
1919 3197 1973 3241 et
2006 3188 2051 3242 si

471 3259 727 3311 labantur.
763 3257 1007 3308 Dicamus
1039 3264 1211 3307 tamen
1233 3294 1247 3317 ,
1280 3255 1452 3322 priora
1493 3265 1841 3309 resumentes.
1870 3255 2052 3312 Primo

469 3329 683 3391 dicitur,
712 3325 907 3381 Mensis
947 3325 1037 3377 ille
1066 3332 1148 3377 est
1173 3325 1374 3377 initium
1407 3324 1690 3378 mensium.
1719 3324 1826 3378 Cur
1852 3329 2052 3384 mensis

468 3399 691 3454 Pesclne
721 3398 923 3467 primus
948 3403 1030 3467 est
1059 3396 1318 3448 nit-mium
1343 3394 1507 3448 anni?
1536 3397 1774 3449 Arcanus
1803 3394 2051 3451 Hebraeo.

468 3486 587 3522 rum
618 3466 795 3522 sermo
820 3476 934 3527 est,
967 3466 1067 3519 hoc
1093 3480 1212 3519 esse
1243 3477 1451 3534 tempus
1479 3479 1583 3535 quo
1615 3475 1909 3533 temporum
1943 3469 2049 3522 Do-

471 3540 645 3593 minus
671 3550 725 3593 et
764 3537 988 3592 Creator
1018 3537 1155 3589 Deus
1199 3537 1505 3590 universum
1547 3537 1783 3589 creavit:
1811 3546 1865 3591 ct
1909 3537 2051 3593 hunc

467 3625 588 3664 esse
618 3610 845 3678 primum
875 3606 1159 3678 creatiouis
1198 3606 1381 3661 liorem
1402 3645 1417 3672 ,
1447 3607 1647 3678 (mundi
1695 3607 2046 3676 pulchritudi-

470 3676 634 3743 nem,
664 3678 877 3747 quando
906 3677 1191 3747 fulgentrm
1239 3687 1400 3731 totam
1444 3676 1727 3746 imaginem
1776 3678 1827 3730 in
1873 3689 2050 3734 mente

466 3751 695 3804 Creator
720 3748 981 3803 concinne
1025 3747 1224 3801 moveri
1269 3747 1433 3809 vidit,
1465 3755 1521 3801 et
1561 3748 1738 3800 ornari
1781 3758 1929 3802 recto
1958 3750 2050 3804 illo

466 3821 721 3874 caelorum
747 3818 957 3883 ordine,
992 3826 1363 3883 tempestatum
1391 3816 1531 3870 bono
1560 3816 1767 3882 ordine,
1799 3817 1929 3871 solis
1959 3835 2039 3873 re-

465 3901 555 3945 cto
581 3905 773 3953 cursu,
808 3887 939 3942 lueis
976 3887 1208 3941 nondum
1247 3887 1539 3940 imminuta:
1564 3888 1805 3948 oriente,
1848 3898 1902 3941 et
1938 3888 2046 3953 jam

467 3969 710 4015 ornatam
757 3960 1020 4012 fructuum
1051 3968 1207 4021 ortu,
1259 3959 1557 4027 plantarum
1603 3956 2045 4022 t'ructilicatione,

464 4033 718 4087 arborum
765 4030 984 4082 tioribus
1032 4028 1462 4089 recurrentibus,
1496 4043 1713 4097 gregum
1747 4029 1998 4097 partubus
2032 4047 2046 4084 :

465 4101 680 4172 quando
704 4100 861 4172 ﬂoret
887 4099 1259 4169 germinatque
1287 4096 1531 4172 universa
1562 4106 1721 4172 terra,
1753 4106 1808 4151 et
1845 4096 2047 4172 ﬂoren-

467 4169 549 4228 tes
573 4171 793 4226 arbores
822 4170 1057 4233 fructus,
1098 4184 1231 4237 quos
1278 4169 1611 4238 parturiunt,
1651 4169 1760 4236 jatn
1801 4170 2049 4238 paritura:

465 4252 592 4297 sunt
621 4261 633 4296 :
667 4241 879 4311 quando
903 4240 1025 4310 juga
1051 4254 1114 4294 ex
1146 4250 1324 4293 aratro
1353 4239 1516 4294 solvit
1540 4238 1792 4311 agricola,
1819 4248 1874 4294 et
1903 4241 2051 4311 quie-

464 4327 573 4368 tem
594 4308 886 4367 dat'currui
908 4308 1279 4380 mugientium,
1305 4325 1369 4364 ac
1397 4320 1675 4380 postquam
1700 4308 1909 4365 divinos
1934 4310 2048 4364 fru-

463 4395 586 4439 ctus
614 4385 665 4437 in
699 4393 836 4437 terra
862 4379 1019 4451 jecit,
1047 4382 1287 4435 cmlestes
1314 4380 1511 4448 exeipit
1535 4379 1710 4434 fontes
1735 4388 1788 4433 et
1817 4381 2045 4436 imbres:

462 4454 678 4523 quando
718 4462 897 4523 pastor
943 4451 1024 4504 lac
1067 4451 1495 4523 eandidmujam
1546 4451 1746 4517 mulget
1776 4467 1806 4523 :4
1837 4453 2050 4517 quando

467 4520 583 4595 apis
611 4524 793 4578 dulces
822 4522 972 4595 favos
1001 4531 1056 4576 et
1101 4536 1280 4575 ceram
1313 4520 1559 4595 etl‘ormat
1587 4537 1601 4572 :
1635 4521 1845 4595 quando
1889 4533 2049 4595 nauta

465 4591 619 4650 hirtus
650 4608 797 4648 mare
837 4592 947 4663 jam
993 4602 1196 4647 tentare
1223 4591 1414 4655 audet,
1460 4600 1515 4645 et
1557 4605 1740 4645 amore
1770 4593 1900 4646 lucri
1947 4593 2044 4647 ilu-

462 4675 644 4718 etuum
688 4662 921 4733 perichla
963 4663 1217 4717 audacter
1261 4663 1414 4716 adit:
1466 4663 1717 4732 illamque
1768 4662 1876 4731 jam
1930 4664 2049 4717 uui-

461 4732 738 4789 versoruin
766 4732 1189 4793 consonantiam,
1218 4742 1272 4785 et
1298 4734 1493 4786 bouum
1515 4748 1751 4786 Ollllltllm
1783 4734 2046 4802 ordinem,

462 4814 642 4872 atque,
661 4812 721 4857 ut
740 4804 809 4855 ita
837 4802 1046 4873 dicam,
1079 4802 1517 4873 beneplacitumL
1547 4802 1860 4873 principium
1891 4819 2011 4858 esse
2030 4844 2046 4869 ,

463 4875 674 4930 dulcem
715 4886 907 4940 nempe
938 4871 1079 4941 veris
1105 4871 1448 4941 voluptatem.
1478 4871 1593 4941 Ego
1617 4871 1744 4927 vero
1775 4875 1859 4928 bis
1896 4874 2050 4929 dictis

462 4962 571 5001 non
601 4944 816 4999 dil'iicile
842 4940 1185 5007 crediderim,
1211 4940 1307 4994 sed
1332 4940 1545 5007 Opinor,
1577 4944 1682 4996 imo
1710 4959 1836 4999 vero
1863 4944 2045 5010 credo,

462 5033 561 5087 per
587 5013 1156 5087 Pasclnnspiritualem
1183 5010 1574 5087 solemnitatem
1607 5013 1944 5087 principium,
1968 5030 2050 5069 ca-

464 5081 557 5155 put
582 5102 643 5140 ac
669 5085 819 5157 quasi
846 5085 1035 5138 ducem
1066 5081 1243 5157 omnis
1272 5082 1525 5147 temporis
1553 5082 1794 5157 intelligi,
1824 5094 1877 5138 et
1910 5085 2049 5139 hunc

459 5152 581 5214 esse
611 5152 831 5212 Pas-chus
859 5169 1119 5217 mensem,
1148 5152 1201 5206 in
1230 5166 1337 5221 quo
1364 5166 1612 5221 magnum
1642 5152 1770 5207 illud
1795 5168 2048 5209 consum-

461 5239 639 5283 matur
681 5235 737 5282 et
775 5225 1075 5281 celebratur
1110 5224 1571 5295 mysteriumgatt
1616 5223 1749 5277 sicut
1798 5224 2050 5295 Dominus

460 5299 699 5355 omnium
732 5296 1142 5364 intelligibiliunt
1169 5293 1238 5349 ‘et
1274 5293 1614 5348 invisibilium
1661 5294 2046 5364 primogenitus

462 5379 547 5425 est
573 5370 642 5422 ab
666 5368 851 5432 initio;
885 5381 962 5421 snc
991 5376 1046 5421 et
1074 5366 1157 5420 hic
1187 5367 1384 5418 mensis
1407 5405 1422 5429 ,
1454 5366 1540 5434 qui
1573 5379 1723 5418 sacra
1756 5364 2049 5419 honoratur

464 5440 796 5504 initiatione,
847 5438 1049 5505 primus
1093 5446 1239 5490 esset
1268 5435 1318 5487 in
1361 5450 1537 5499 anno,
1583 5444 1636 5488 ct
1664 5438 1842 5489 oumis
1867 5436 2048 5490 sreculi

461 5511 805 5579 principium.
834 5504 1020 5579 Aunus
1048 5517 1225 5579 autem
1255 5504 1341 5559 hic
1367 5515 1472 5579 est,
1496 5521 1652 5579 quem
1682 5505 1860 5558 divina
1900 5505 2047 5579 Scri-

465 5575 617 5646 ptura
642 5575 841 5634 clamat
868 5595 882 5631 :
921 5576 1210 5632 Praedicare
1232 5592 1418 5628 annum
1450 5576 1652 5646 Domini
1689 5575 2050 5643 acceptabilcm

465 5645 699 5719 (Laud.
726 5650 837 5719 19).
866 5651 1047 5719 Agnus
1074 5657 1163 5719 est
1184 5647 1390 5719 victima
1424 5662 1593 5699 saera.
1628 5645 1743 5714 Ipse
1763 5648 1909 5719 enim
1928 5687 1943 5710 ,
1970 5646 2049 5701 in-

465 5720 602 5789 quit,
624 5716 775 5774 -Sicut
792 5715 894 5770 ovis
919 5715 987 5770 ad
1013 5716 1313 5789 occisionem
1339 5716 1518 5789 ductus
1539 5725 1629 5789 est,
1658 5724 1706 5789 e_t_
1729 5715 1857 5789 sicut
1883 5732 2048 5787 agnus

464 5784 636 5842 coram
668 5792 900 5843 tondente
936 5802 987 5840 se
1033 5797 1198 5839 mutus
1242 5788 1395 5857 (Act.
1423 5790 1476 5841 8.
1506 5784 1620 5857 52).
1669 5785 1733 5840 Et
1762 5784 1993 5842 Joannes
2031 5803 2046 5842 :

1952 322 2216 380 SPURM.
3667 335 3758 388 τευ

2192 440 2519 519 (actamquae
2550 436 2676 508 Dei,
2714 443 2802 510 qui
2836 443 2966 496 tollit
2994 454 3250 519 peccatum
3294 447 3469 499 nnmdi
3502 445 3674 519 (Iona.
3712 455 3749 501 1.

2181 507 2304 587 29)ἒ
2328 507 2627 587 Perfectum
2664 507 2850 587 autem
2886 507 3079 587 quaerit
3114 530 3307 584 agnum
3345 528 3398 570 et
3423 507 3755 587 anniculuui,

2182 580 2473 657 perfectum
2497 591 2554 635 ut
2580 583 2631 635 in
2663 592 2802 657 terra
2836 584 3078 657 habetur.
3114 580 3299 657 Annus
3329 591 3584 657 temporis
3611 580 3749 647 men:

2181 664 2359 725 suram
2389 652 2611 725 interra
2639 653 2737 725 sibi
2766 654 2962 719 sumit,
2992 669 3164 711 annus
3206 655 3258 710 in
3289 671 3348 710 se
3376 652 3683 725 revolvitur,
3708 674 3754 717 et

2182 722 2267 775 illa
2322 721 2656 778 revolutione
2712 723 3145 779 immensurabile
3200 727 3450 781 siccatum
3505 721 3750 785 imitmur.

2178 792 2626 873 _Stupitur_autetn
2643 793 2847 873 decima
2875 796 3094 873 mensis,
3124 795 3593 873 idqueadmodum
3619 817 3752 873 sym-

2181 860 2353 940 bolice
2382 879 2396 916 :
2429 862 2512 917 lex
2541 864 2683 940 enim
2731 863 2902 940 distat_
2936 865 3017 940 ab_
3050 860 3348 936 evangelio.
3382 868 3538 936 Legis
3569 860 3753 940 quippe

2180 934 2503 1005 przrcipuum
2531 932 2723 1002 dogma
2751 944 2834 988 est
2870 934 3154 1003 decalogus
3180 932 3341 1005 {post
3372 932 3558 992 dcc—cm
3587 932 3753 996 auium

2180 1001 2310 1077 legis
2356 1001 2625 1073 praecepta
2661 1013 2786 1059 tunc
2826 1020 2992 1077 agnus
3023 1001 3279 1077 mysticus
3322 1009 3392 1063 tle
3432 1011 3569 1063 ca-lo
3602 1016 3749 1066 venit.

2180 1072 2435 1153 Se_rvat_ur
2458 1072 2634 1153 alitem
2677 1091 2772 1145 per
2800 1072 3054 1142 quosdam
3070 1072 3440 1153 _'_interniedios
3474 1079 3625 1153 dies,
3657 1097 3754 1153 quo

2177 1142 2477 1197 subimlicat
2507 1142 2780 1219 Scriptura
2811 1147 3197 1219 lempusdillud
3226 1162 3411 1215 usque
3444 1151 3509 1202 ad
3562 1142 3752 1219 passio-

2176 1226 2319 1285 nem,
2348 1214 2562 1285 quando
2588 1215 3004 1285 comprehensus
3025 1217 3278 1271 Servatur
3305 1222 3355 1271 in
3384 1220 3543 1273 domo
3562 1214 3746 1276 summi

2177 1284 2440 1351 pontiﬁcis
2466 1284 2839 1340 detentusest.
2867 1286 2967 1352 Qui
3011 1297 3186 1341 autem
3231 1290 3517 1344 assumitur
3561 1293 3753 1347 vicinus

2175 1353 2242 1426 ad
2289 1355 2674 1426 comedendum
2723 1372 2952 1425 agnum,
2997 1372 3097 1426 ego
3142 1374 3278 1411 sum.
3325 1360 3369 1413 Α
3416 1370 3467 1414 te
3502 1364 3682 1425 enim,
3721 1383 3749 1413 ιι

2174 1420 2360 1491 Israel,
2384 1441 2549 1500 agnus
2579 1442 2684 1500 non
2709 1420 2894 1500 captus
2919 1420 3315 1500 estheiuceps
3338 1444 3464 1483 vero
3491 1420 3747 1500 agnusad

2172 1508 2453 1563 vesperam
2487 1497 2810 1551 immolatur.
2844 1496 2973 1551 Nam
3013 1497 3078 1551 ad
3118 1499 3445 1553 occidentem
3475 1496 3646 1557 solem
3671 1520 3747 1557 sa-

2172 1577 2264 1636 cer
2291 1580 2460 1636 agnus
2476 1568 2763 1636 jugutatur.
2792 1567 3024 1621 Maetant
3048 1577 3222 1621 autem
3253 1568 3398 1623 illum
3423 1574 3599 1627 omnis
3623 1576 3747 1627 mul-

2174 1634 2347 1706 litudo
2394 1634 2676 1706 synagogas
2734 1637 2964 1691 filiorum
3012 1638 3191 1693 Israel.
3246 1639 3558 1696 lucretiulus
3613 1645 3745 1698 enim

2173 1705 2336 1781 Israel
2363 1705 2506 1781 rens
2560 1705 2726 1781 uictus
2770 1718 2854 1781 est
2897 1707 3059 1781 hujus
3073 1712 3384 1781 venerandi
3432 1715 3740 1781 sanguiuie:

2170 1776 2464 1849 nam‘idem
2506 1778 2730 1849 populus
2756 1778 2880 1849 olim
2913 1776 3140 1849 occidit,
3176 1779 3425 1849 idemque
3458 1776 3601 1835 mine
3647 1800 3743 1838 non

2169 1846 2358 1900 credit.
2390 1845 2516 1916 Ideo
2549 1847 2759 1902 divinus
2789 1846 3021 1917 Spiritus
3049 1859 3233 1902 contra
3266 1845 3409 1917 ipsos
3439 1854 3745 1908 testiﬁcatur

2168 1926 2224 1993 et
2260 1916 2458 1993 clamat
2488 1934 2501 1970 :
2561 1917 2749 1993 blanus
2774 1916 2950 1971 vestrm
2979 1921 3142 1993 plena:
3176 1931 3294 1973 sunt
3319 1923 3571 1991 sanguine
3599 1924 3740 1993 (Isai.

2169 1988 2221 2062 1.
2253 1988 2375 2062 l5).
2398 1986 2623 2057 Sanguis
2652 1998 2834 2062 autem
2867 1986 3025 2058 supra
3067 1988 3225 2044 limen
3256 2001 3367 2052 est,
3412 1986 3568 2061 quasi
3597 1986 3741 2062 supra

2168 2057 2500 2132 Ecclesiam;
2532 2067 2599 2132 et
2612 2071 2777 2132 super
2803 2057 2945 2132 duos
2969 2068 3147 2132 postes
3169 2100 3183 2122 ,
3217 2072 3275 2114 ut
3300 2057 3465 2129 super
3491 2063 3630 2119 duos
3660 2057 3743 2132 po-

2170 2128 2340 2204 pulos.
2371 2126 2482 2204 Non
2515 2126 2810 2204 enimsatis
2837 2126 3292 2204 liabei_Serv:itor,
3321 2126 3582 2204 o‘lsrael,
3610 2126 3740 2204 quod

2165 2197 2232 2250 ad
2269 2208 2319 2252 te
2350 2199 2578 2268 primum
2609 2200 2805 2254 missus
2831 2200 2900 2253 sit
2925 2216 2939 2251 :
2974 2198 3095 2253 Non
3120 2204 3262 2254 enim
3291 2203 3469 2256 missus
3495 2197 3641 2269 sum,
3668 2208 3741 2258 in-

2165 2268 2310 2340 quit,
2338 2270 2408 2340 ad
2445 2284 2530 2323 vos
2549 2310 2562 2330 ,
2593 2269 2683 2323 sed
2706 2271 2771 2322 ad
2799 2285 2913 2324 oves
2945 2285 3058 2337 qua:
3081 2272 3334 2340 perierunt
3367 2273 3549 2327 domus
3588 2274 3741 2328 Israel

2167 2337 2377 2410 (Matth.
2405 2340 2627 2411 1534).
2655 2340 2768 2409 Ego
2789 2355 2914 2395 vero
2937 2348 2993 2394 ut
3013 2337 3233 2395 catellus
3252 2342 3316 2398 ad
3339 2343 3570 2398 alienam
3596 2362 3738 2400 men-

2164 2409 2278 2463 sam
2319 2409 2640 2483 assidebam,
2670 2426 2790 2465 cum
2823 2411 3057 2465 nondum
3090 2426 3275 2483 panem
3304 2413 3590 2469 comedere
3628 2431 3738 2483 pos-

2164 2494 2277 2534 sem
2298 2519 2313 2545 ,
2343 2480 2437 2534 sed
2478 2480 2731 2555 cadentes
2770 2483 2934 2555 micas
2963 2482 3226 2550 parasitus
3250 2484 3578 2555 colligerem.
3615 2480 3739 2553 Quia

2163 2565 2293 2625 vero
2325 2560 2378 2604 ιιι
2416 2565 2609 2625 manna
2646 2550 2714 2605 de
2748 2553 2884 2625 ca'lo
2926 2566 3033 2606 non
3072 2550 3399 2625 cognovisti,
3443 2555 3497 2609 in
3542 2550 3739 2625 me'pa.

2164 2620 2245 2671 itis
2279 2637 2371 2687 per
2411 2621 2566 2675 iidem
2597 2622 2883 2677 translatus
2920 2633 3034 2683 est,
3075 2620 3301 2676 etcanis
3338 2625 3455 2678 loco
3495 2620 3734 2679 tilius'et-

2164 2689 2351 2755 lectas,
2381 2707 2570 2746 carnes
2613 2693 2854 2747 comedo;
2897 2691 3103 2747 Occidit
3143 2695 3283 2748 enim
3328 2695 3415 2749 lux
3458 2696 3641 2749 mundi
3687 2698 3734 2748 in

2162 2775 2355 2830 magno
2379 2776 2602 2832 corpore
2621 2762 2840 2817 CbriSIi.
2865 2763 3103 2832 Accipite,
3129 2766 3390 2828 comedite,
3418 2766 3513 2818 ltoc
3538 2776 3612 2818 est
3634 2782 3738 2818 cor-

2163 2846 2255 2905 pus
2283 2848 2444 2884 meum
2473 2831 2680 2905 (Matth,
2709 2834 2798 2888 26.
2824 2833 2939 2905 26).
2967 2834 3155 2888 Carne:
3179 2847 3345 2905 coctus
3370 2836 3492 2905 igni.
3526 2835 3737 2905 lgucum

2160 2902 2312 2976 enim
2341 2912 2424 2956 est
2459 2902 2770 2957 rationabile
2790 2902 2988 2976 corpus
3013 2905 3230 2959 Chrisﬁ.
3269 2902 3449 2976 Ignem
3488 2902 3602 2959 veni
3629 2907 3736 2976 mit-

2163 2982 2265 3046 (ει-ε
2297 2974 2351 3046 in
2383 2983 2595 3046 terram,
2638 2974 2834 3046 etquid
2871 2975 2983 3028 volo
3019 2976 3064 3029 si
3079 2977 3193 3046 jam
3226 2974 3466 3030 accensus
3499 2978 3563 3029 sit
3590 2975 3732 3045 (Luc.

2164 3041 2252 3116 12.
2283 3042 2537 3116 49)⁴ῖῌοιι
2568 3041 2785 3116 crudam
2812 3059 3026 3098 carnem
3047 3041 3165 3111 ;'ut
3193 3048 3412 3100 verbum
3441 3048 3506 3100 sit
3549 3041 3731 3116 opera-

2163 3115 2309 3185 tione
2331 3113 2500 3185 lacile,
2530 3114 2676 3178 utile,
2704 3116 3029 3183 acceptabile
3052 3134 3066 3168 :
3090 3132 3195 3171 non
3218 3133 3351 3185 aqua
3376 3113 3646 3179 assatum;
3673 3132 3734 3171 ne

2162 3181 2466 3255 humidum,
2497 3199 2725 3252 aqueum
2757 3181 2847 3239 vel
2867 3186 3156 3240 resolutum
3189 3181 3283 3240 sit:
3319 3187 3483 3254 Caput
3510 3205 3624 3240 cum
3652 3205 3730 3255 pe-

2160 3254 2306 3327 dibus
2332 3264 2377 3307 et
2402 3254 2666 3327 intestinis.
2697 3255 3017 3327 Principium
3047 3267 3102 3327 et
3129 3258 3395 3327 medium,
3426 3259 3580 3327 quasi
3610 3254 3731 3311 iuvi-

2159 3323 2313 3398 sibile
2337 3324 2653 3398 consilium;
2687 3326 2847 3398 pedes
2873 3323 2928 3380 ut
2955 3324 3135 3381 honio.
3169 3326 3340 3398 Caput
3366 3323 3487 3398 cum
3517 3328 3732 3397 pedibus

2159 3404 2213 3447 et
2243 3394 2507 3448 intestinis
2536 3412 2551 3449 τ
2587 3397 2898 3464 principium
2934 3408 2987 3451 et
3016 3394 3265 3451 mediqu
3279 3409 3333 3451 et
3359 3396 3477 3451 ﬁnis
3512 3394 3531 3453 Ξ
3561 3399 3728 3452 omnia

2159 3464 2418 3537 continet,
2449 3467 2765 3537 constringit
2783 3474 2838 3522 et
2859 3468 3185 3537 conglutinat
3209 3467 3261 3522 in
3290 3469 3467 3537 scipso
3490 3470 3734 3522 insolubi-

2159 3533 2298 3588 libus
2326 3535 2569 3602 vinculis,
2599 3533 2728 3591 verc
2753 3536 2919 3591 iactus
2945 3533 3209 3591 mediator
3240 3539 3331 3592 Dei
3358 3533 3413 3593 et
3440 3539 3729 3593 hominum.

2157 3603 2329 3677 Caput
2357 3620 2476 3677 cum
2509 3605 2727 3677 pedibus
2755 3616 2808 3662 ct
2838 3608 3121 3662 intestinis.
3150 3608 3446 3662 Altitudine
3465 3650 3479 3671 ,
3511 3610 3725 3677 profun-

2157 3673 2342 3748 ditate,
2373 3676 2666 3748 latitudine,
2695 3693 2822 3748 quin
2839 3686 2962 3731 sunt
2985 3688 3137 3731 terra:
3168 3679 3394 3733 radices.
3424 3673 3587 3748 Caput
3615 3695 3731 3733 cum

2158 3744 2381 3814 pedibus
2404 3754 2458 3799 et
2485 3746 2771 3804 intestinis.
2804 3746 2913 3802 Lex
2933 3788 2947 3809 ,
2977 3748 3195 3803 verbum
3217 3789 3232 3814 ,
3266 3759 3402 3803 utet
3433 3744 3730 3803 consilium.

2161 3815 2327 3888 Quam
2345 3816 2558 3885 speciosi
2581 3817 2729 3887 pedes
2750 3819 3198 3888 euangelizandum
3218 3818 3348 3872 bona
3370 3817 3417 3888 (l
3426 3821 3521 3872 sai.
3545 3820 3633 3873 52.
3652 3820 3730 3888 7;!

2161 3884 2232 3937 0s
2261 3884 2429 3938 autem
2462 3902 2561 3940 non
2582 3884 2933 3960 'coitiiiiiiittetis
2958 3905 3021 3942 ea:
3058 3905 3115 3942 eo
3149 3888 3355 3958 (Exod.
3378 3884 3481 3943 Ϊ12.
3512 3889 3639 3960 46);
3682 3884 3736 3944 ut

2156 3965 2508 4024 cognoscatur
2535 3959 2855 4012 resurrectio
2879 3973 2999 4012 cmn
3026 3973 3269 4026 corpore.
3302 3960 3430 4013 Nam
3460 3959 3626 4024 Mitte,
3660 3961 3737 4012 in-

2157 4026 2307 4101 quit,
2337 4026 2520 4101 digitos
2544 4029 2750 4101 tuosin
2779 4029 2973 4096 ﬁxurus
2998 4029 3255 4083 clavorum
3282 4026 3476 4101 (Joau.
3505 4030 3595 4083 20.
3622 4030 3734 4101 27),

2159 4105 2216 4171 t_tt
2235 4099 2372 4171 scias
2392 4136 2405 4158 ,
2448 4100 2582 4171 (Quia
2609 4098 2818 4171 spiritus
2844 4116 3043 4171 carnem
3069 4110 3116 4152 et
3143 4116 3259 4171 ossa
3283 4098 3386 4153 non
3409 4101 3555 4154 habet
3581 4098 3716 4171 (Luc

2156 4166 2246 4239 24.
2276 4167 2386 4239 59).
2414 4170 2625 4239 γΑιγιιηι
2651 4183 2771 4222 cmn
2801 4169 2981 4224 herbis
3005 4170 3201 4224 amaris
3224 4171 3509 4224 comedite.
3543 4166 3734 4223 Amara

2158 4236 2301 4290 enim
2332 4236 2425 4310 tibi
2445 4279 2459 4300 ,
2483 4236 2537 4292 et
2558 4254 2860 4310 amararum
2881 4254 3102 4310 operum
3130 4249 3254 4293 sunt
3283 4242 3558 4310 mysteria.
3580 4240 3739 4295 Terra

2158 4317 2318 4360 uestra
2344 4307 2557 4381 deserta,
2581 4309 2803 4363 ciuitates
2824 4307 2997 4364 vestite
3022 4326 3271 4364 succensa:
3295 4307 3421 4381 igni,
3450 4322 3637 4363 terram
3662 4328 3740 4364 ee-

2156 4387 2314 4432 stram
2330 4378 2482 4432 alieni
2498 4395 2665 4432 coram
2683 4381 2817 4432 vobis
2838 4381 3124 4445 comedunt,
3139 4393 3182 4433 et
3196 4378 3392 4434 deserta
3412 4390 3483 4434 est
3502 4383 3738 4435 subversa

2158 4448 2716 4522 a_popu_lisiextt_'aueis.
2751 4451 3027 4503 Comedetis
3055 4449 3255 4503 Pascha
3280 4467 3395 4505 cum
3422 4453 3739 4522 festinatione

2163 4515 2311 4590 (Isai.
2349 4520 2397 4573 l.
2428 4521 2506 4590 7).
2541 4520 2762 4590 Vigilem
2805 4522 3001 4589 quippe
3027 4531 3082 4574 et
3113 4515 3657 4590 excitatum'oportet
3681 4525 3692 4574 i
3716 4549 3742 4561 -

2159 4588 2266 4659 lum
2297 4604 2417 4645 esse
2435 4588 2563 4658 ,uni
2591 4588 2657 4644 ad
2683 4588 2885 4644 tantum
2915 4592 3039 4644 illud
3071 4606 3265 4659 corpus
3292 4602 3373 4645 est
3399 4588 3734 4646 acceswrus.

2158 4658 2340 4712 Lumbi
2355 4660 2501 4715 uestri
2516 4661 2754 4714 succincti
2773 4661 2891 4714 sint.
2913 4662 2930 4707 1
2941 4663 3135 4715 lcssent
3153 4658 3411 4728 genitales
3428 4673 3483 4716 et
3497 4662 3735 4716 dissoluti

2158 4731 2336 4784 carnis
2362 4730 2560 4793 ﬂuxus,
2586 4743 2638 4785 et
2668 4731 2898 4785 sordidm
2922 4733 3247 4800 voluptates.
3278 4731 3634 4785 Calceamenta
3660 4748 3737 4784 rr-

2157 4812 2263 4855 stra
2282 4802 2334 4853 in
2360 4801 2568 4869 pedibus
2595 4817 2613 4855 :
2642 4810 2703 4856 ut
2730 4801 2856 4856 reeti
2884 4818 3099 4869 gressus
3123 4803 3250 4868 sint,
3273 4811 3328 4856 ct
3353 4802 3521 4855 fulcra
3548 4806 3694 4855 lirma
3726 4825 3737 4859 :

2127 4863 2141 4868 ’
2160 4886 2281 4925 nam
2307 4863 2542 4925 veritatis
2568 4881 2690 4925 sunt
2717 4863 2941 4925 radices.
2965 4863 3336 4926 Calceamenta
3364 4884 3542 4926 vestra
3570 4874 3621 4926 in
3651 4888 3738 4941 pe-

2159 4943 2313 4995 dibus
2344 4943 2532 4996 vcstris
2560 4958 2575 4997 :
2603 4959 2721 5009 qua:
2752 4942 2956 5012 Moyses
2983 4943 3196 5011 quidem
3222 4943 3397 5004 solvit,
3423 4941 3584 4997 Jesns
3614 4955 3736 4995 vere

2160 5011 2358 5079 ligavit.
2387 5011 2540 5077 Nam,
2570 5012 2740 5077 Solve,
2772 5011 2973 5080 inquit,
3004 5014 3395 5066 calceameutum
3425 5013 3611 5079 pedum
3632 5021 3733 5064 tuo-

2158 5099 2272 5135 rum
2310 5080 2515 5157 (_Ea:od.
2563 5084 2630 5157 ὅ.-
2658 5085 2762 5157 5),
2812 5092 2869 5135 ut
2915 5082 3082 5157 legem
3131 5084 3573 5157 pertransituram
3616 5096 3738 5157 sese

2157 5153 2546 5207 ostenderetur.
2589 5152 2745 5221 Cujus
2770 5168 2869 5205 non
2893 5168 3004 5205 sunt
3042 5152 3224 5222 dignus
3252 5152 3522 5221 corrigiam
3543 5152 3741 5206 caléeao

2157 5233 2437 5275 mentorum
2463 5223 2650 5276 solvere
2681 5222 2842 5293 (Luc.
2882 5223 2936 5278 5.
2971 5224 3083 5292 16),
3128 5231 3190 5293 ιιι
3234 5223 3462 5293 Verbum
3507 5223 3745 5290 nudique

2159 5294 2501 5347 constrictum
2542 5308 2662 5346 esse
2688 5291 3079 5347 Ostenderctur.
3114 5291 3291 5345 Bacult
3324 5294 3474 5345 uestri
3502 5295 3553 5344 in
3581 5295 3747 5344 mani-

2156 5365 2248 5416 bus
2268 5365 2442 5417 vestris
2468 5378 2487 5418 :
2512 5363 2706 5417 divina:
2731 5363 2939 5416 virtutis
2965 5363 3114 5431 signa
3135 5403 3148 5423 ,
3181 5363 3510 5416 rationabilis
3536 5362 3747 5415 fortitu-

2157 5434 2296 5486 dinis
2318 5433 2506 5487 fulcra.
2542 5433 2694 5503 Virga
2727 5448 2822 5503 per
2844 5433 3109 5503 MoySent,
3139 5433 3283 5501 virga
3312 5447 3408 5500 per
3442 5435 3743 5499 Aaronem,

2158 5504 2303 5572 virga
2335 5520 2496 5558 uucea
2519 5545 2532 5566 ,
2568 5507 2710 5574 virga
2735 5519 2852 5574 quin
2881 5503 3137 5574 profunda
3157 5504 3339 5574 maris
3367 5503 3593 5574 dividit,
3628 5519 3748 5569 qua:

2160 5574 2379 5626 {utilium
2427 5572 2772 5629 acerbitatem
2821 5572 3030 5628 dulcem
3077 5572 3341 5636 reddidit,
3387 5573 3535 5640 virga
3583 5586 3749 5640 supra

2157 5660 2315 5713 qualn
2344 5656 2546 5713 septem
2577 5645 2797 5713 Spiritus
2819 5645 2985 5698 sancti
3010 5643 3100 5696 Dei
3127 5644 3539 5713 requieveruut:
3568 5641 3749 5713 Spiri-

2159 5712 2240 5792 tus
2264 5712 2521 5792 sapientiae
2547 5726 2595 5792 el
2612 5712 2941 5792 intellectum
2956 5713 3163 5792 spirilus
3180 5712 3382 5792 consilii
3393 5721 3455 5792 ,ει
3480 5712 3752 5792 [οηιξιιιιιξο

2161 5786 2271 5851 nis,
2311 5776 2519 5855 Spiritus
2554 5787 2747 5839 timoris
2788 5782 2885 5838 Dei
2924 5776 3144 5853 implebit
3173 5782 3316 5836 illum
3355 5776 3510 5853 (leui.
3550 5783 3640 5838 11.
3672 5776 3751 5843 δ).
