4028 6144
507 248 608 305 7B

572 366 624 421 5.
657 363 767 417 Hoc
793 370 904 416 erat
936 358 1155 421 Pascha,
1175 375 1280 428 qua
1305 358 1629 414 desideravit
1668 357 1823 412 Jesus
1852 356 1955 425 pati
1983 371 2077 424 pro

505 435 682 491 nobis.
712 433 810 512 Per
840 431 1140 512 passiOttent
1166 445 1195 481 τι
1214 432 1473 512 passione
1505 428 1746 509 liberavit
1771 468 1785 489 ,
1822 439 1874 481 et
1906 435 2076 512 morte

505 513 728 561 mortem
760 495 923 566 vicit,
953 514 1014 553 ac
1041 515 1135 569 per
1179 495 1439 553 visibilem
1495 514 1672 552 escam
1721 495 2075 569 immortalem

505 579 665 637 vitam
690 586 839 624 suam
861 565 1078 637 largitus
1100 577 1199 623 est.
1228 568 1336 622 lloc
1364 580 1442 622 est
1468 569 1701 623 salutare
1721 566 1845 622 Jesu
1863 565 2078 620 deside-

505 634 640 699 rim'n
664 683 679 704 ,
713 640 799 716 hic
823 634 974 716 amor
1000 641 1218 694 omnino
1242 639 1562 707 Spiritualis,
1594 651 1650 691 ut
1682 637 1932 716 ostendat
1957 637 2080 716 ligu-

503 730 592 770 ras
638 712 785 779 quasi
829 709 1062 779 figuras,
1106 718 1159 762 et
1203 705 1411 763 sacrum
1455 724 1648 775 corpus
1688 708 1777 762 det
1803 705 2080 779 discipulis

505 787 616 839 suis
644 775 668 835 τ’
688 775 926 849 Αοτὶρὶἷε,
959 780 1202 833 comedite
1226 795 1243 831 :
1271 780 1364 832 hoc
1386 792 1456 831 est
1484 796 1667 847 corpus
1697 794 1880 830 nteant.
1928 775 2079 828 Acri-

509 857 631 924 pite,
666 853 812 907 bibite
836 865 853 924 ς
875 851 965 924 hic
996 861 1066 924 est
1088 851 1454 924 suitgnisntens
1482 850 1532 924 in
1567 865 1705 924 novo
1747 855 2039 901 tutamenta

506 919 594 994 qui
624 940 715 994 pro
740 921 914 994 multis
936 919 1249 994 Are/fundatur
1290 921 1343 972 in
1386 920 1725 972 remissionem
1763 925 2082 994 peccatorum

508 986 735 1049 Ultitth.
763 991 857 1046 26.
887 989 957 1043 26
976 991 1083 1043 -28
1107 993 1148 1057 ).
1198 990 1321 1044 Ideo
1368 1006 1473 1043 non
1509 999 1708 1042 tantum
1757 986 2040 1042 comedere
2065 1026 2080 1048 ,

508 1059 764 1134 quautmn
795 1062 898 1130 pati
921 1060 1224 1134 desiderat,
1253 1068 1309 1114 ιιι
1338 1075 1441 1134 nos
1467 1076 1512 1134 _a
1564 1060 1808 1134 passione
1856 1071 1949 1125 per
1992 1069 2084 1109 co-

512 1129 829 1191 mestionem
865 1131 1149 1199 promerita
1176 1130 1358 1183 liberet
1386 1147 1400 1191 ;
1432 1129 1651 1197 ideoque
1675 1129 1872 1198 lignum
1897 1136 2081 1199 contra

512 1208 710 1275 lignum
741 1195 1034 1275 plantavit,
1061 1208 1116 1253 et
1138 1200 1288 1275 illam
1307 1200 1435 1254 olim
1476 1195 1669 1275 malam
1708 1195 1922 1252 manum
1970 1195 2084 1275 aflié

511 1265 674 1342 gens,
706 1265 869 1327 totam
897 1271 1056 1342 vitam
1102 1285 1230 1342 vere
1277 1269 1327 1322 in
1366 1285 1422 1325 se
1464 1269 1785 1342 pendentem
1829 1265 2083 1321 ostendit.

512 1339 593 1402 Tu
641 1342 853 1414 quidem
879 1383 895 1406 ,
924 1355 958 1414 o_
983 1339 1166 1414 Israel,
1199 1340 1555 1414 nun_[_iotttis_ti_
1578 1339 1899 1414 manducare
1929 1355 1956 1414 :_
1988 1350 2085 1389 nos

512 1432 642 1470 vero
659 1406 786 1468 'eum
809 1411 1111 1480 cognitione
1138 1411 1400 1465 insolubili
1430 1410 1782 1480 spiritualiler
1802 1406 2088 1480 manduca-

513 1488 707 1557 vimus,
739 1491 794 1537 et
824 1476 942 1551 post
966 1476 1475 1557 ci_bum_sumptum'
1502 1496 1606 1533 non
1653 1478 1932 1557 morimur.
1971 1476 2087 1557 .lloc

514 1556 647 1611 mihi
673 1549 868 1622 lignum
901 1560 985 1606 est
1012 1552 1064 1622 in
1085 1550 1321 1622 salutem
1344 1561 1616 1622 Aa'ternam
1639 1568 1668 1622 ;_
1697 1549 1797 1602 hoc
1842 1549 2085 1609 nutrior,

516 1630 617 1681 huc
644 1618 931 1686 convivor;
956 1618 1053 1676 sub
1084 1620 1240 1688 hujus
1267 1619 1534 1674 radicibus
1559 1620 1767 1674 radices
1790 1632 1959 1686 pono,
2005 1630 2087 1669 ra-

517 1713 636 1753 mus
658 1694 923 1755 extendo;
951 1706 980 1744 a
1021 1690 1209 1760 spiritu
1238 1700 1413 1745 autem
1445 1707 1540 1743 ceu
1570 1706 1598 1744 a
1639 1697 1797 1743 vento
1824 1702 1943 1741 cum
1981 1701 2090 1760 _Vu-

517 1770 722 1836 luptate
780 1762 1017 1836 excolor.
1051 1756 1176 1814 'Sub
1226 1760 1398 1836 hujus
1444 1762 1629 1814 umbra
1689 1756 2086 1836 tabernaculum

521 1825 695 1910 ptisui,
727 1845 778 1889 et
802 1834 1025 1910 multum
1054 1839 1262 1910 aestum
1281 1825 1525 1910 devitaps
1548 1830 1960 1910 ,__rorcl_plenum
1993 1825 2088 1908 ha-

520 1896 1043 1968 lieotliversorium':
1086 1914 1206 1953 cum
1252 1902 1406 1966 hujus
1457 1900 1677 1953 ﬂoribus
1724 1896 1929 1960 ﬂoreo,
1974 1896 2092 1968 ejus

522 1966 778 2032 fructibus
805 1987 1013 2026 smmue
1037 1969 1296 2034 delector,
1328 1970 1530 2024 fructus
1551 1986 1675 2024 vero
1691 1970 1759 2023 ab
1786 1968 1936 2022 initio
1959 1966 2092 2020 mihi

521 2054 819 2102 reservatus
844 2042 1093 2102 decerpe.
1127 2041 1236 2093 Hoc
1260 2039 1388 2093 mihi
1419 2041 1673 2094 esurienti
1716 2039 1974 2094 delicatus
2012 2037 2092 2091 ci-

522 2121 621 2173 bus
650 2124 750 2176 est,
781 2112 977 2166 sitienti
1006 2107 1144 2172 fons,
1176 2110 1317 2163 nudo
1348 2120 1742 2179 tegumentum,
1775 2109 1927 2176 cujus
1967 2107 2091 2179 folia

521 2187 743 2257 spiritus
772 2180 1375 2257 vita:_sunt._Nou_ultra
1407 2177 1549 2235 imihi
1600 2179 1749 2257 folia
1771 2180 1921 2233 tiens.
1969 2177 2094 2231 [hec

524 2249 650 2313 mihi
682 2258 846 2310 Deum
876 2251 1080 2306 timenti
1108 2252 1270 2305 tutela
1297 2260 1380 2305 est
1400 2294 1413 2313 ,
1448 2251 1652 2305 nutanti
1678 2249 1903 2305 fult-rum
1924 2288 1938 2310 ,
1970 2264 2093 2303 cer-

524 2328 652 2384 tanti
683 2324 942 2387 brevium,
975 2321 1159 2375 victori
1193 2330 1453 2391 tropamm
1481 2342 1493 2375 :
1527 2324 1639 2375 haec
1668 2321 1795 2374 mihi
1836 2327 1982 2391 arcta
2011 2335 2095 2374 se-

530 2399 652 2453 mita
678 2438 693 2463 ,
725 2405 944 2463 angusta
996 2393 1116 2455 via;
1167 2390 1289 2446 ba'c’
1328 2394 1468 2447 seala
1509 2391 1727 2463 Jacobi,
1783 2390 2093 2463 angelorum

526 2460 779 2524 ascensus
799 2460 857 2519 ct
882 2463 1170 2517 descensus
1189 2502 1205 2526 ,
1234 2463 1287 2516 in
1315 2463 1465 2533 cujus
1501 2462 1730 2533 culmine
1767 2470 1872 2515 stat
1915 2460 2093 2533 Domi-

527 2555 646 2595 nus.
682 2537 805 2592 Hzec
834 2534 993 2589 arbor
1017 2549 1045 2586 a
1096 2541 1234 2586 terra
1279 2532 1446 2602 usque
1490 2532 1556 2587 ad
1601 2533 1789 2586 cadum
1828 2532 2092 2602 assurgit,

530 2606 839 2667 immortalis
867 2607 1039 2672 planta
1067 2643 1081 2668 ,
1112 2618 1228 2672 quae
1259 2601 1407 2656 firma
1438 2604 1658 2672 erigitur
1688 2604 1739 2656 iu
1772 2602 1945 2672 medio
1983 2601 2096 2655 czeli

528 2693 579 2736 et
608 2690 785 2737 terrm.
816 2671 1037 2729 fulcrum
1062 2671 1314 2740 universi,
1349 2673 1738 2728 firmamentum
1762 2671 1927 2735 orbis,
1954 2686 2100 2725 com-

530 2751 707 2821 plexio
733 2743 1259 2821 mttndi,__t_nortal_en_t
1292 2745 1491 2821 variant
1535 2743 1882 2821 substantiam
1925 2745 2099 2821 couti-

532 2811 695 2883 iteus,
738 2815 1090 2872 invisibilibus
1117 2814 1333 2884 spiritus
1360 2812 1524 2868 clavis
1565 2814 1796 2874 conlixa,
1826 2821 1884 2866 ut
1910 2813 1988 2866 rei
2016 2811 2098 2884 di-

530 2894 666 2946 vina:
695 2883 1313 2957 congrucusnon’ultra
1370 2886 1624 2946 solvatur,
1661 2898 1902 2957 summos
1941 2883 2101 2936 οειιιοε

528 2955 861 3028 contingens,
887 2955 1108 3028 pedibus
1134 2970 1257 3028 vero
1282 2957 1741 3028 terraut‘lirmaus,
1776 2955 2103 3028 multumque

532 3025 902 3087 intermedium
933 3026 1070 3080 aeris
1098 3026 1340 3094 spiritum
1369 3025 1603 3093 undique
1625 3025 1898 3079 immensis
1929 3025 2102 3076 mani-

534 3104 632 3158 bus
658 3100 1038 3168 complecteus.
1084 3096 1252 3168 Tutus
1279 3105 1392 3148 erat
1428 3097 1621 3164 ubique
1648 3096 1699 3147 in
1728 3095 1995 3168 onmibus,
2050 3102 2106 3149 et

538 3189 631 3241 per
653 3186 712 3225 se
738 3163 907 3222 solum
934 3173 1116 3241 contra
1145 3165 1319 3241 aerias
1344 3163 1630 3233 potestates
1657 3163 1828 3241 nudus
1857 3179 2105 3241 congres-

535 3234 629 3295 sus
670 3249 751 3293 est
779 3253 794 3290 :
825 3246 878 3289 et
905 3235 971 3289 ad
1003 3236 1163 3288 breve
1191 3236 1403 3301 quidem
1429 3244 1634 3300 tempus
1660 3235 1853 3286 clamat
1884 3243 1938 3286 ttt
1963 3234 2101 3287 calix

539 3317 793 3372 transeat,
824 3304 1141 3360 utostendat
1162 3319 1218 3356 se
1250 3318 1373 3356 vere
1413 3303 1681 3357 hominem
1710 3318 1859 3367 esse;
1901 3318 2106 3357 memor

540 3390 715 3436 autem
746 3375 946 3448 quade
993 3388 1149 3448 causa
1180 3373 1375 3427 missus
1396 3384 1559 3439 esset,
1592 3382 1649 3427 ut
1690 3372 1934 3448 impleret
1963 3388 2108 3448 teco-

541 3443 776 3507 nomiam
800 3446 863 3501 ad
893 3460 1050 3516 quam
1080 3444 1276 3516 missus
1319 3454 1452 3507 erat,
1490 3459 1698 3516 rursum
1727 3445 1956 3497 clamat:
1988 3443 2108 3497 Non

540 3538 651 3576 mea
679 3514 929 3581 voluntas,
957 3515 1043 3568 sed
1066 3514 1300 3585 tuogﬁat;
1330 3516 1537 3584 spiritus
1566 3515 1697 3567 enim
1724 3523 1986 3585 promptus
2015 3524 2105 3576 est,

541 3609 659 3646 caro
686 3597 849 3643 autem
874 3587 1097 3655 inﬁrma.
1132 3583 1323 3653 Utpote
1351 3583 1439 3652 qui
1462 3600 1559 3655 pro
1579 3586 1751 3638 anima
1781 3584 1833 3637 iu
1862 3583 2111 3639 Certami-

545 3679 612 3716 ne
637 3668 875 3716 curreret
902 3655 966 3710 ad
997 3656 1294 3715 victoriam,
1326 3657 1497 3724 primo
1520 3670 1730 3709 sacrum
1761 3666 1915 3723 caput
1943 3656 2111 3724 spinis

542 3738 850 3796 coronatur,
882 3737 1043 3781 totam
1089 3736 1322 3796 veterem
1374 3733 1531 3781 terra:
1576 3725 2004 3779 maletlietionem
2039 3724 2107 3780 de

548 3801 723 3856 medio
754 3799 964 3862 tollens,
994 3795 1134 3866 quod
1163 3810 1255 3863 per
1293 3806 1567 3865 peccatum
1614 3796 1808 3866 ubique
1836 3797 2109 3866 spinosum

546 3880 683 3934 erat,
717 3884 809 3940 per
857 3865 1066 3940 sacrum
1097 3874 1253 3935 caput
1297 3880 1454 3940 suum
1504 3866 1673 3940 lenius
1721 3865 1987 3940 reddens;
2021 3866 2109 3918 tibi

547 3934 733 3996 autem
746 3938 993 3993 acerbum
1016 3946 1067 3991 et
1088 3934 1299 3989 acutum
1327 3934 1396 3991 fel
1426 3936 1670 3989 draconis
1696 3936 1878 3998 ebibit,
1902 3937 2115 3989 univer-

547 4029 637 4067 sos
666 4010 818 4064 nobis
844 4007 1138 4061 dulcedinis
1164 4005 1338 4060 fontes
1370 4022 1461 4073 per
1486 4020 1544 4059 se
1569 4007 1741 4074 ipsum
1786 4016 2113 4075 attempera-

550 4084 643 4137 vit.
673 4080 803 4136 Cum
842 4079 983 4133 enim
1026 4076 1263 4131 mulieris
1292 4091 1425 4144 opus
1453 4077 1661 4130 solvere
1689 4076 1868 4139 vellet,
1895 4085 1950 4130 et
1994 4093 2111 4130 eam

549 4170 666 4222 qua:
706 4167 769 4205 ex
800 4152 963 4203 latere
987 4148 1214 4222 primum
1244 4159 1357 4200 orta
1379 4145 1733 4222 etmortifera
1779 4156 1913 4211 erat,
1938 4147 2112 4200 conti-

551 4217 701 4286 nere,
730 4233 938 4274 sacrum
972 4232 1125 4270 suum
1157 4218 1292 4270 latus
1314 4218 1508 4283 aperiri
1540 4217 1727 4281 voluit,
1760 4232 1824 4270 ex
1861 4233 1966 4285 quo
1994 4233 2117 4272 sau-

548 4294 667 4364 guis
690 4306 854 4364 sacer
879 4287 1360 4364 et_a_qua__manavit
1384 4328 1399 4351 ,
1450 4286 1677 4364 perfecta
1707 4296 1759 4341 et
1789 4301 1938 4341 sacra
1966 4288 2115 4364 signa

551 4357 853 4433 nuptiarum
876 4358 1311 4433 spiritualiumet
1347 4357 1709 4433 mysticarum,
1753 4358 2118 4433 necnunado-

552 4425 746 4504 ptibuis
789 4440 843 4486 et
869 4425 1304 4504 regenerationis.
1343 4425 1467 4504 Ipse
1495 4429 1738 4504 {notitias
1768 4427 2038 4504 baptisabit
2064 4429 2117 4504 in

550 4497 750 4572 Spiritu
773 4509 945 4554 sancto
965 4509 1010 4551 et
1037 4498 1160 4572 igni.
1181 4501 1327 4568 Aqua
1344 4507 1407 4572 ut
1423 4498 1471 4549 iu
1500 4497 1721 4572 Spiritu,
1744 4500 1960 4567 sanguis
1990 4499 2115 4572 utin

551 4568 691 4643 igne.
724 4572 872 4625 Tunc
900 4584 1020 4624 cum
1042 4569 1143 4643 illo
1163 4568 1520 4643 extenduntur
1553 4569 1660 4621 duo
1696 4568 1952 4628 latrones,
1979 4569 2116 4623 duo-

551 4638 668 4699 riun
708 4643 759 4696 in
810 4657 869 4695 se
898 4640 1212 4708 populorum
1243 4639 1387 4708 signa
1420 4638 1688 4693 ferentes:
1723 4654 1947 4706 qtturtun
1980 4654 2119 4693 unus

550 4723 803 4775 mutatus,
820 4710 1016 4780 probus
1035 4711 1284 4770 eflicitur,
1308 4718 1362 4763 et
1384 4709 1772 4780 confessionem
1799 4710 2013 4773 emittit,
2034 4719 2118 4763 at-

549 4799 653 4853 que
678 4796 802 4850 erga
824 4779 1111 4853 Dominum
1136 4780 1220 4846 pie
1238 4781 1466 4833 allieitur
1489 4798 1501 4837 :
1526 4779 1660 4853 alter
1685 4794 1811 4853 vero
1837 4779 1983 4853 dura:
2003 4795 2121 4833 eer-

552 4850 682 4908 vicis
703 4866 822 4905 cum
854 4850 941 4907 sit,
957 4857 1341 4912 commovetur,
1369 4857 1422 4902 et
1458 4865 1582 4916 erga
1610 4850 1889 4903 Duminum
1919 4852 2117 4918 impro-

554 4928 651 4979 bus
675 4931 779 4986 est,
811 4933 982 4988 omne
1004 4919 1139 4987 pius,
1163 4920 1398 4986 atquein
1423 4921 1703 4987 prmtcritis
1728 4923 1958 4987 peccatis
1994 4935 2118 4988 per—

550 5001 780 5049 severat.
817 4991 974 5043 Certe
1001 4990 1120 5041 duae
1153 4999 1277 5041 sunt
1301 4988 1460 5041 animi
1495 4990 1864 5057 cogitationes,
1894 5005 2119 5058 quarum

549 5066 715 5119 altera
754 5075 783 5115 a
822 5060 1408 5131 peccatisconvertitur
1437 5069 1489 5112 et
1510 5062 1574 5131 ad
1607 5058 1884 5131 Dominum
1928 5060 2115 5131 tendit,

550 5136 777 5200 ideoque
805 5128 900 5201 per
926 5129 1291 5200 pmnitentiam
1316 5130 1601 5201 eletneutia
1624 5138 1678 5201 et
1704 5128 1909 5185 honore
1932 5130 2119 5200 digna-

552 5216 671 5270 tur;
698 5200 867 5258 allera
897 5215 1025 5257 vero
1056 5200 1452 5271 inexcusabilis,
1493 5200 1613 5271 quia
1646 5200 1989 5271 immutabilis
2014 5212 2117 5269 est,

549 5286 600 5330 et
632 5288 798 5344 usque
822 5276 874 5327 in
910 5275 1067 5327 linem
1090 5272 1245 5325 latro.
1295 5269 1362 5325 Ut
1391 5269 1521 5344 vero
1559 5273 1716 5344 tinem
1761 5270 1940 5325 habuit
1965 5289 2120 5327 mun-

551 5343 748 5400 danutu
783 5344 915 5398 illud
950 5354 1246 5402 certamen,
1278 5353 1332 5395 et
1358 5343 1588 5411 undique
1618 5343 1705 5397 ille
1735 5344 1919 5397 retulit
1948 5345 2113 5397 vieto-

552 5418 709 5482 riam,
742 5429 914 5483 neque
939 5414 1109 5466 elatus
1126 5422 1179 5465 ιιι
1199 5412 1359 5483 Deus,
1382 5427 1552 5480 neque
1580 5413 1751 5467 Victus
1784 5426 1840 5467 ut
1863 5415 2042 5479 homo,
2068 5416 2118 5468 in

554 5488 745 5539 finibus
792 5482 1157 5537 universorum
1195 5482 1386 5536 mansit
1418 5483 1706 5536 radicatam
1741 5485 1977 5539 victoriae
2008 5496 2119 5538 tro-

554 5571 761 5623 pteum,
804 5554 931 5624 dum
984 5555 1096 5622 ipse
1137 5553 1188 5606 in
1235 5554 1416 5624 seipse
1454 5554 1522 5607 de
1568 5553 1720 5608 hoste
1755 5569 1875 5608 cum
1924 5570 2117 5624 pompa

552 5623 1026 5695 triumphat.'l‘mtc
1048 5625 1113 5677 de
1141 5623 1406 5691 patientiae
1428 5628 1819 5688 perseverantia
1848 5623 2120 5695 olistupuit

549 5696 827 5746 universus
858 5694 1033 5748 orbis:
1061 5704 1184 5748 tunc
1210 5695 1323 5746 caeli
1354 5696 1602 5747 commoti
1627 5705 1768 5759 sunt,
1795 5694 2121 5766 principatus

2011 240 2277 296 SPURIA.

3670 242 3773 298 Ἠετ

2187 355 2429 409 molestos
2476 355 2695 415 turbati,
2747 356 2922 410 throni
2979 366 3101 411 Item
3152 357 3381 425 etleges
3413 356 3540 411 dum
3588 363 3773 411 vident

2185 439 2451 479 smnmum
2478 426 2650 494 magni
2668 426 2941 496 exercitus
2962 427 3156 481 Ducem
3179 441 3524 496 suspensum.
3574 427 3781 481 Parum

2184 496 2353 566 abfuit
2381 495 2508 565 quin
2558 494 2730 548 stellzc
2776 494 2844 549 de
2882 496 3016 550 caelo
3058 494 3332 558 caderent,
3356 512 3479 552 eum
3520 497 3611 566 qui
3650 510 3777 551 ante

2186 564 2461 618 luciferum
2490 574 2637 619 ortus
2662 576 2776 618 erat
2814 578 3093 620 extensum
3123 577 3421 621 cernentes.
3461 564 3778 622 Exstinctos

2184 635 2514 707 aliquantum
2547 636 2804 703 temporis
2823 646 2906 689 est
2926 635 3242 707 solisrignis,
3287 637 3472 692 videns
3515 652 3777 707 magnum

2188 704 2374 775 mundi
2408 706 2585 758 lumen
2619 707 2985 758 obscuratum.
3038 706 3187 760 Tunc
3216 717 3380 775 petrze
3405 707 3591 761 scissa:
3611 704 3768 762 sunt.

2188 774 2399 827 lsraelis
2431 776 2695 856 ingratum
2719 777 2953 828 animum
2984 774 3352 856 caelamantes
3384 795 3396 829 :
3422 777 3539 831 Non
3576 779 3779 856 novisti

2224 854 2393 899 etram
2426 846 2779 916 spiritualem,
2808 861 2874 898 ex
2905 862 3005 912 qua
3039 847 3213 900 bibisti
3263 847 3389 899 dum
3429 850 3773 916 sequereris.

2218 915 2381 971 ’elum
2411 915 2590 985 templi
2630 916 2854 968 scissum
2882 926 2983 979 est,
3006 931 3124 969 cum
3155 916 3371 971 Christo
3413 915 3648 986 patiens,
3697 919 3780 972 iu-

2188 985 2476 1054 diCansque
2544 1000 3032 1048 verunrsummum
3083 985 3427 1041 sacerdotem
3477 989 3778 1043 emlestcm.

2190 1056 2380 1110 Parum
2408 1054 2577 1109 abfuit
2620 1055 2748 1125 quin
2776 1065 2914 1108 totus
2944 1057 3173 1110 mundus
3201 1056 3626 1112 confunderetur
3651 1101 3670 1125 ,
3720 1076 3783 1114 ac

2189 1127 2451 1197 passionis
2471 1126 2661 1179 timore
2684 1124 3068 1197 diSStilveretur
3091 1143 3105 1185 ;
3134 1127 3235 1180 nisi
3256 1127 3492 1181 divinum
3514 1128 3783 1197 Spiritum

2192 1194 2519 1249 iusufllasset
2546 1210 2768 1262 magnus
2818 1194 2995 1260 .lesus,
3026 1197 3211 1252 dicens
3252 1213 3265 1249 :
3300 1197 3473 1259 Pater,
3502 1194 3570 1251 iu'
3594 1216 3785 1252 manus

2191 1274 2301 1340 tuas
2327 1267 2617 1340 commendo
2646 1265 2882 1340 spiritum
2905 1283 3066 1319 meum
3090 1264 3241 1338 (Luc.
3265 1266 3357 1321 23.
3389 1266 3778 1340 46).Commo—

2193 1337 2258 1388 tis
2286 1336 2429 1390 enim
2463 1335 2726 1388 universis
2770 1345 2824 1387 et
2864 1346 3021 1389 terra:
3053 1335 3199 1389 motu
3230 1335 3565 1403 nutantibus,
3605 1351 3788 1394 metu-

2191 1404 2676 1474 quetremcutibus,
2700 1406 3025 1460 ascendente
3050 1406 3229 1459 divino
3255 1407 3475 1476 Spiritu,
3492 1410 3784 1465 vivifican-

2193 1480 2258 1528 tis
2280 1484 2333 1529 et
2359 1477 2724 1529 coulirmantis
2769 1490 2938 1539 more,
2963 1492 3147 1531 rursus
3188 1480 3335 1532 stetit
3385 1478 3674 1534 universus
3703 1500 3791 1534 or-

2196 1546 2296 1607 bis,
2326 1547 2472 1613 quasi
2497 1545 2703 1617 scilicet
2742 1546 2831 1599 illa
2876 1546 3052 1617 divina
3082 1550 3327 1602 extensio
3357 1558 3409 1601 et
3439 1564 3553 1602 (‘l‘llt
3573 1551 3618 1605 is
3649 1566 3785 1617 snp-

2194 1617 2405 1684 plicium
2437 1615 2734 1687 pcromnia
2765 1626 2981 1687 extensa
3026 1615 3266 1672 fuissent.
3298 1617 3343 1673 0
3370 1620 3480 1673 sola
3525 1621 3577 1673 iu
3621 1615 3780 1687 solis,

2194 1696 2245 1739 ct
2275 1688 2515 1740 universa
2538 1686 2588 1738 itt
2614 1687 2906 1741 universis!
2935 1686 3188 1755 Spiritum
3214 1698 3357 1741 tuum
3384 1691 3496 1742 cmli
3523 1686 3781 1753 habeau',

2193 1758 2422 1832 auimam
2456 1755 2769 1832 paradisus;
2804 1773 2924 1811 nam
2955 1760 3048 1822 ait,
3082 1757 3249 1832 Hodie
3278 1768 3451 1832 tecum
3481 1777 3575 1814 eru
3606 1762 3660 1832 in
3693 1779 3788 1832 pa-

2197 1828 2410 1891 radiso;
2453 1828 2759 1894 sanguinem
2791 1844 2937 1889 vero,
2981 1838 3140 1883 terra.
3175 1828 3387 1882 Βζνίμιιε
3420 1839 3507 1884 cst“
3540 1828 3788 1887 indivisi-

2197 1897 2333 1959 bilis,
2387 1906 2440 1968 ut
2489 1898 2662 1950 omnia
2708 1907 3068 1962 servarentur,
3100 1908 3156 1951 ut
3197 1914 3263 1953 ne
3307 1898 3518 1953 intimus
3563 1903 3800 1968 quidem

2197 1969 2346 2041 locus
2374 1967 2811 2041 divinoiadveutu
2842 1984 3040 2041 expers
3083 1978 3243 2041 esset.
3287 1968 3535 2023 Formam
3567 1975 3790 2041 quidem

2196 2038 2313 2106 ejus
2340 2054 2444 2091 non
2472 2039 2699 2091 vidimus
2722 2079 2737 2103 ,
2766 2039 2856 2091 sed
2889 2053 3075 2092 vocem
3107 2038 3223 2108 ejus
3250 2038 3790 2098 audivimusfSolt-it

2199 2110 2373 2178 itaque
2404 2118 2523 2175 post
2552 2110 2713 2161 vitam
2748 2109 2932 2163 mortis
2966 2111 3193 2173 \inculu,
3235 2120 3498 2178 potestate
3529 2128 3659 2166 usus
3704 2132 3789 2170 re-

2197 2179 2394 2253 gia,__ut
2422 2194 2541 2253 eum
2576 2178 2974 2253 dixit._!.azare,
3006 2181 3115 2253 ueni
3153 2181 3296 2253 [oras
3324 2180 3499 2248 (Joau.
3532 2183 3620 2236 il.
3651 2186 3785 2253 43);

2197 2247 2269 2310 et,
2303 2247 2685 2320 Puello,surge
2706 2247 2893 2320 (illorc.
2923 2252 2975 2303 5.
3010 2252 3094 2318 Η)
3118 2266 3131 2314 ;
3156 2247 3223 2302 ιιι
3252 2252 3367 2319 ejus
3391 2254 3669 2316 potestatis
3691 2247 3785 2310 iut-

2201 2321 2405 2390 perium
2438 2319 2778 2390 indicaretur.
2807 2319 3035 2388 ltlquue
3062 2337 3119 2373 se
3152 2329 3316 2373 tutmn
3350 2324 3506 2375 morti
3537 2324 3705 2387 dedit,
3734 2338 3793 2381 ut

2201 2389 2445 2444 voracem
2478 2389 2668 2453 feram,
2698 2401 2751 2443 et
2774 2391 3088 2460 inexplebile
3114 2391 3379 2445 vinculum
3412 2393 3462 2444 iu
3491 2409 3552 2448 se
3581 2395 3795 2449 interli-

2200 2470 2428 2515 eerelttr.
2464 2462 2516 2514 In
2546 2476 2771 2527 corpore
2801 2461 3128 2529 impeecabili
3170 2463 3367 2528 ubique
3393 2463 3542 2517 cibos
3580 2482 3791 2530 qumre—

2202 2533 2291 2587 bat
2320 2532 2416 2582 sibi
2457 2533 2730 2598 proprius;
2765 2547 2889 2584 num
2935 2530 3003 2584 ibi
3047 2532 3289 2599 voluptas
3328 2544 3487 2597 esset,
3524 2550 3652 2589 num
3688 2538 3791 2600 ira,

2203 2619 2325 2655 ιιιιιιι
2348 2601 2723 2676 ξιιοιιθιιιριιιετι,
2749 2618 2870 2676 num
2891 2602 3100 2676 tandem
3126 2614 3275 2676 vetus
3298 2615 3593 2670 pet-calum,
3617 2608 3793 2676 prima

2204 2671 2390 2726 mortis
2412 2686 2552 2725 t-st-a.
2586 2672 2841 2725 Stinmlus
2870 2675 3010 2725 enim
3041 2674 3238 2739 peccati
3271 2689 3416 2727 mors
3442 2685 3523 2727 est
3554 2671 3634 2740 (ιζ
3666 2678 3784 2731 Cor.

2205 2743 2288 2816 f5.
2324 2741 2436 2810 56).
2477 2740 2608 2816 Cum
2638 2752 2813 2796 autem
2863 2743 2989 2816 nihil
3035 2747 3085 2796 in
3114 2759 3177 2797 eu
3209 2760 3353 2816 mors
3395 2746 3655 2813 reperiret
3684 2764 3793 2816 qu.»

2204 2813 2459 2877 aleretur,
2491 2812 2540 2865 in
2574 2816 2801 2880 seipsatn
2827 2814 3097 2873 conclusa,
3127 2822 3180 2866 et
3212 2814 3315 2867 cibi
3348 2816 3563 2878 penuria
3595 2812 3795 2879 soluta,

2207 2884 2318 2951 ipsa
2351 2881 2446 2935 sibi
2481 2898 2624 2934 mors
2646 2884 2758 2945 fuit,
2786 2892 2842 2936 ιιι
2868 2899 2996 2936 Vero
3027 2884 3175 2937 multi
3199 2900 3261 2936 ex
3290 2884 3447 2953 justis
3478 2897 3632 2940 erant
3659 2904 3795 2941 nun-

2207 2956 2396 3007 tiaulcs
2419 2963 2466 3005 et
2486 2953 2869 3024 prophetantes
2893 2955 2943 3007 in
2967 2954 3353 3009 resurrectione
3380 2956 3791 3024 primogenitum

2206 3041 2269 3078 ex
2305 3023 2544 3093 mortuis.
2593 3022 2683 3077 Ille
2713 3039 2838 3077 vero
2873 3040 2968 3093 per
2998 3025 3226 3078 triduum
3256 3026 3353 3076 sub
3384 3022 3525 3079 tetra
3561 3022 3789 3087 inausit,

2210 3108 2258 3147 ut
2292 3107 2457 3148 l0'.ttm
2486 3092 2772 3147 humanum
2807 3092 2996 3164 genus,
3027 3104 3079 3147 et
3101 3096 3240 3163 quod
3269 3105 3392 3148 ante
3420 3096 3593 3163 legem
3623 3098 3792 3151 fuerat

2209 3181 2302 3233 per
2333 3165 2677 3232 semetipsum
2707 3174 2961 3218 servaret.
2989 3164 3237 3218 Fortasse
3265 3180 3387 3219 vero
3410 3177 3469 3220 ut
3491 3178 3657 3220 totum
3681 3173 3795 3221 an-

2210 3236 2310 3307 mal
2341 3235 2639 3294 suscitaret,
2664 3235 2914 3307 animum,
2939 3236 3181 3307 Spiritum
3209 3246 3259 3289 et
3282 3252 3518 3301 carnem,
3551 3239 3673 3292 ideo
3701 3254 3795 3307 per

2212 3305 2439 3358 tridutuu
2469 3316 2724 3357 moratur.
2747 3306 3069 3359 Suscitatum
3098 3306 3243 3358 illum
3277 3307 3448 3372 primo
3476 3308 3655 3362 vident
3677 3305 3794 3361 mu-

2211 3374 2387 3429 l'eres.
2434 3373 2496 3429 Ut
2525 3375 2665 3428 enim
2700 3378 2923 3443 primum
2965 3386 3240 3444 peccatum
3279 3377 3471 3430 mulier
3498 3379 3552 3432 in
3598 3380 3796 3432 mundo

2211 3445 2444 3506 admisit,
2494 3444 2571 3498 sic
2614 3454 2668 3499 et
2698 3446 2888 3499 mulier
2932 3445 3101 3514 prima
3133 3447 3330 3499 mundo
3370 3449 3530 3501 vitam
3567 3452 3794 3502 nuntiat.

2216 3516 2553 3569 ItiCttSﬂCl‘alll
2577 3531 2760 3570 vocem
2778 3516 2999 3569 audittnt
3022 3517 3287 3580 mulieres,
3313 3517 3459 3571 Arete
3476 3518 3795 3586 (Matt/nis.

2213 3588 2291 3655 9),
2325 3598 2378 3639 ιιι
2420 3589 2563 3653 prior
2588 3588 2739 3638 dolor
2782 3602 2875 3654 per
2902 3586 3150 3655 gaudium
3196 3589 3605 3642 resurrectionis
3648 3590 3802 3645 tolle-

2218 3668 2365 3711 retur
2389 3672 2402 3718 ;
2457 3666 2509 3709 et
2537 3665 2592 3708 ut
2616 3656 2685 3708 ab
2712 3656 2999 3711 incredulis
3021 3658 3135 3724 ejus
3164 3674 3190 3708 a
3223 3660 3446 3713 mortuis
3475 3662 3802 3715 resurrectio

2215 3743 2333 3799 cum
2365 3743 2492 3793 corp
2518 3743 2588 3778 -rc
2619 3727 2948 3799 crederetur.
2980 3725 3047 3782 Ut
3076 3737 3235 3781 totam
3267 3728 3366 3781 sibi
3402 3730 3684 3799 imaginem
3719 3734 3803 3783 in-

2215 3797 2419 3855 duerat,
2446 3807 2500 3850 et
2522 3805 2753 3851 veterem
2780 3796 3047 3849 hominem
3070 3812 3227 3867 quem
3252 3796 3803 3864 indueratftransfor-

2218 3868 2379 3921 mavit
2407 3868 2455 3920 in
2479 3867 2744 3921 caelestem
2776 3868 3042 3939 hominem
3077 3886 3089 3921 :
3124 3880 3249 3922 tunc
3275 3886 3395 3922 cum
3422 3886 3487 3925 co
3517 3872 3603 3925 illa
3628 3872 3805 3939 imago

2217 3942 2293 3991 sic
2328 3949 2675 4005 attemperata
2708 3936 2947 3991 ascendit
2991 3939 3041 3990 in
3082 3938 3289 3991 ca-lum.
3328 3939 3584 3995 Videutcs
3623 3936 3803 3998 anteiit

2221 4014 2438 4061 virtutes
2484 4022 2731 4076 magnum
2790 4008 2918 4062 illud
2974 4009 3324 4077 mysterium,
3379 4009 3649 4065 hominem
3699 4030 3806 4066 una

2219 4079 2595 4150 ascendentem
2643 4093 2763 4130 cum
2813 4079 2940 4143 Deo,
2977 4077 3139 4150 jussu:
3166 4093 3287 4133 cum
3327 4082 3520 4149 gaudio
3557 4085 3807 4150 superuis

2220 4149 2541 4205 exercitibus
2570 4150 2935 4221 clantat'crUItt
2972 4164 2985 4199 :
3023 4147 3252 4203 Attollite
3289 4147 3480 4217 portas,
3523 4147 3803 4221 principes,

2221 4231 2428 4280 vestras,
2474 4227 2521 4271 et
2555 4218 2840 4281 etet-nmini,
2873 4230 3031 4286 parm:
3058 4220 3338 4286 trternales,
3370 4232 3415 4273 et
3438 4218 3667 4276 intratbit
3697 4222 3807 4277 Re:

2220 4290 2396 4360 gloria:
2428 4286 2599 4360 (Prol.
2629 4289 2718 4342 ‘25.
2753 4289 2931 4359 7-10).
2967 4290 3074 4343 Illa:
3115 4302 3242 4344 vero
3267 4306 3459 4345 uorum
3489 4292 3805 4345 miraculum

2223 4358 2487 4422 videntes,
2520 4358 2786 4412 hominem
2817 4375 2936 4412 cum
2974 4361 3081 4414 ι)εο
3117 4361 3380 4428 junctum,
3430 4362 3669 4415 viciSsim
3700 4365 3806 4416 cla-

2224 4438 2372 4501 mant
2395 4439 2446 4483 et
2474 4430 2654 4483 dicunt
2684 4447 2697 4483 :
2735 4430 2860 4494 Quis
2882 4440 2952 4483 est
2975 4442 3066 4501 iste
3085 4447 3175 4484 rex
3199 4430 3411 4501 glorias?
3433 4433 3565 4485 Aliae
3592 4448 3803 4487 rursum

2226 4500 2565 4572 interrogante
2599 4501 2967 4572 respondent:
3001 4500 3247 4553 Dominus
3288 4504 3545 4566 eirmmm,
3588 4505 3695 4572 ipse
3732 4515 3805 4554 ωι

2226 4571 2336 4625 Rea:
2359 4570 2553 4641 ρίου-ἰαί,
2579 4569 2744 4638 fortis.
2778 4569 3008 4642 robustus
3031 4581 3075 4623 et
3106 4584 3282 4639 po‘ens
3307 4572 3356 4623 in
3390 4573 3587 4637 prtvlio.
3608 4569 3662 4626 Ὀ
3695 4590 3807 4642 my-

2224 4646 2412 4695 sticam
2468 4641 2794 4710 largitatem!
2843 4657 2875 4692 o
2912 4642 3240 4709 spiritualem
3291 4642 3724 4696 solemnitatem!
3753 4641 3804 4694 ⁷ο

2227 4711 2427 4765 ΡςιςοΙιει
2473 4709 2733 4774 divinum,
2782 4725 2812 4763 a
2860 4712 2996 4766 ctelo
3039 4712 3370 4765 descendens
3405 4713 3454 4763 iu
3490 4723 3707 4778 terram,
3751 4722 3805 4766 et

2229 4799 2436 4835 rursum
2468 4797 2507 4841 τι,
2531 4791 2671 4835 terra
2700 4782 2997 4835 ascendens
3029 4783 3080 4834 in
3127 4782 3350 4835 cadum!
3378 4799 3411 4834 υ
3457 4798 3653 4836 novum
3688 4784 3804 4835 uui-

2226 4867 2501 4906 versorum
2532 4853 2720 4905 festum
2748 4852 2761 4905 !
2792 4866 2823 4905 ο
2853 4853 3031 4905 mumli
3063 4854 3428 4906 celebritatem
3453 4854 3469 4907 l
3499 4869 3532 4906 ο
3577 4851 3804 4906 universi

2224 4923 2494 4993 gaudium,
2554 4924 2743 4993 hooor,
2794 4937 2934 4985 esca,
2986 4922 3231 4984 deliciu,
3283 4924 3479 4990 quibus
3527 4924 3804 4977 tenebrosa

2228 4991 2371 5047 mors
2416 4991 2674 5046 disSoluta
2722 5002 2824 5057 est,
2871 4994 2975 5046 vita
3020 5007 3199 5046 autent
3247 4994 3299 5046 itt
3345 5008 3535 5048 onmes
3582 5004 3804 5047 extensa

2230 5064 2342 5127 fuit,
2376 5075 2422 5118 et
2456 5072 2652 5133 aperta:
2695 5072 2816 5115 sunt
2846 5073 3015 5133 portce
3054 5064 3330 5127 ca-lurum,
3371 5075 3426 5116 et
3467 5064 3606 5117 Deus
3649 5062 3810 5116 homo

2226 5131 2578 5204 apparuit,'ct
2607 5131 2769 5187 homo
2814 5131 2952 5188 Deus
2991 5134 3249 5195 ascendit,
3280 5149 3374 5202 per
3400 5149 3557 5200 quem
3594 5134 3804 5204 confra-

2227 5203 2324 5261 cne
2355 5215 2478 5257 sunt
2506 5204 2694 5258 inferni
2726 5213 2911 5273 μοι-ιω,
2934 5214 2987 5257 et
3013 5207 3351 5256 adamantma
3381 5205 3613 5257 claustra
3639 5203 3811 5256 Saluta

2228 5283 2370 5331 sunt.
2395 5277 2567 5343 Atque
2598 5276 2833 5327 internus
2857 5274 3069 5343 quidem
3100 5277 3326 5341 populus
3356 5273 3591 5328 surrexit
3610 5288 3640 5326 ι
3667 5289 3803 5325 mor-

2230 5348 2363 5404 tuis.
2407 5346 2730 5398 annuntians
2769 5346 3016 5452 supernis
3057 5345 3476 5413 pleuitmhuibus
3508 5361 3521 5396 :
3555 5359 3626 5396 ex
3672 5354 3808 5397 terra

2231 5416 2465 5452 pmhlitnc
2495 5424 2572 5452 ncl
2619 5416 2816 5452 nlvnrnc
2887 5414 2931 5452 Π
2978 5414 3172 5452 Dum-Im
3216 5415 3453 5452 ilivimun
3537 5414 3707 5452 [hum
3751 5414 3808 5452 ald

2231 5416 2466 5471 redditus
2495 5424 2577 5470 cst
2619 5414 2844 5469 chorus!
2887 5414 2931 5470 0
2974 5414 3173 5469 Pascha
3216 5415 3493 5480 divinum,
3537 5414 3708 5468 Deum
3751 5414 3814 5465 de

2228 5488 2376 5541 ca-lis
2407 5501 2508 5539 non
2542 5495 2764 5554 auguste
2795 5497 3056 5555 agt-mem,
3099 5501 3240 5537 mtuc
3287 5486 3640 5552 spiritualitez‘
3665 5484 3813 5536 nobis

2229 5558 2579 5625 Cunjuugelts,
2617 5557 2768 5623 cujus
2796 5573 2954 5622 opt-ra
2989 5572 3210 5625 magnus
3242 5557 3330 5608 ille
3361 5558 3670 5624 nuptiartuu
3702 5555 3814 5606 tha-

2232 5629 2401 5681 lamus
2448 5628 2693 5694 impletus
2738 5638 2838 5683 cst,
2871 5642 3162 5695 omnesque
3209 5628 3489 5690 sponsales
3528 5626 3697 5678 stolas
3726 5640 3809 5689 ge.

2235 5709 2394 5765 stant,
2446 5698 2727 5767 nullusque
2775 5696 2984 5765 t-jicitur
3033 5696 3175 5766 quod
3231 5712 3332 5749 non
3385 5695 3573 5748 habeat
3626 5699 3807 5748 stulam
