4028 6144
226 331 253 382 τ
271 329 330 383 ίῖδ
1569 336 1633 390 IN
1673 336 1931 392 l‘ASCll.-\
1979 331 2084 386 \‘ll.

219 447 540 518 nuptialem!
584 448 630 502 0
660 448 877 514 Pascha,
927 461 1065 503 nova
1113 449 1416 518 lampadem
1465 449 1805 516 illummatio,

219 517 492 584 virginalis
537 519 874 573 lucernarum
911 519 1109 573 decor!
1150 517 1268 575 ideo
1298 537 1402 574 non
1440 523 1580 574 ultro
1609 523 1803 575 exstin-

216 596 451 661 guuntur
478 590 771 661 animarum
804 591 1066 654 lucernae;
1095 606 1216 644 nam
1251 591 1431 645 divino
1457 600 1508 644 et
1545 592 1805 661 spirituali

220 658 380 732 [nodo
427 661 476 711 in
527 660 774 732 omnibus
806 664 992 732 gratim
1029 662 1164 730 ignis
1206 661 1509 730 prmfcrttir,
1561 658 1804 732 corpore,

217 729 410 797 spiritu
439 738 492 781 et
521 729 643 782 oleo
677 729 874 784 CbriSti
915 729 1370 786 subministrante.
1409 732 1483 785 Te
1521 729 1697 786 autem
1730 750 1811 786 ro-

214 814 423 865 gamus,
462 799 682 853 Domine
731 802 889 866 Deus,
922 813 1122 856 atterite
1151 803 1499 872 spiritualiter
1523 803 1632 858 Rex
1656 803 1812 857 Chri-

216 879 322 932 ste,
354 883 544 942 manus
564 881 678 923 tuas
700 887 918 941 magnas
939 888 1099 942 super
1119 887 1325 927 sacram
1351 881 1494 926 tuam
1515 873 1808 928 Ecclesium

215 939 466 1004 extende,
510 950 563 994 et
606 955 768 1010 super
793 939 1049 1013 populum
1101 953 1346 998 sanctum
1381 958 1596 1013 semper
1635 955 1805 1007 tuum,

3403 340 3504 396 736

1913 446 2245 524 defendens,_
2275 450 2606 524 custodiens,
2657 467 3018 520 conservnns,
3075 469 3174 524 pm
3222 454 3314 510 illa
3363 456 3503 512 bella

1911 532 2112 596 gerens
2133 527 2189 572 et
2214 519 2520 596 decertans,
2545 523 2837 596 inimicos
2864 525 2934 578 illi
2980 519 3316 596 subiiciens,
3341 535 3502 596 atque

1915 589 2036 642 illos
2064 591 2283 660 vincens
2312 592 2400 660 qui
2435 592 2589 645 nobis
2616 594 2861 647 invisibili
2895 589 3095 649 virtute
3121 589 3322 650 inimici
3352 589 3498 660 sunt,

1917 667 2053 735 utet
2097 659 2278 735 hostes
2308 659 2739 735 nostrosvicisti.
2792 665 2949 734 Erige
2995 681 3134 721 nunc
3163 675 3361 735 tropaea
3405 659 3502 734 pro

1916 728 2092 790 nobis,
2143 738 2212 806 et_
2228 729 2420 806 largire
2461 733 2616 787 nobis
2645 728 3006 800 ut.possimus
3044 752 3164 790 cum
3204 728 3386 806 Moyse
3406 728 3504 792 ca-

1917 816 2044 878 nere
2073 801 2338 878 canticum
2369 804 2624 878 victoriae,
2655 806 2782 878 quia
2812 808 2901 858 tibi
2933 816 3015 861 est
3041 809 3209 876 gloria
3236 801 3310 862 et'
3329 809 3500 878 impe-

1917 870 2052 923 rium
2084 869 2135 923 in
2164 871 2356 926 sa-cula
2386 869 2724 928 saeculorum.
2760 876 2948 928 Amen.

1292 1885 1371 1947 IN
1408 1889 1889 1962 SEQUENTEM
1939 1894 2402 1958 SERMONEM.

211 2080 402 2136 Latina
451 2085 604 2138 multi
641 2087 1065 2160 distinguebant.
1092 2101 1147 2147 ct
1179 2094 1380 2150 Pascha
1404 2113 1432 2150 a
1463 2095 1896 2155 Resurrectionis
1917 2101 2007 2158 die
2047 2108 2392 2175 separabant.
2424 2111 2513 2164 Sic
2545 2111 2835 2182 Gregorius
2870 2112 3222 2183 Turonensis,
3266 2117 3352 2172 ubi
3382 2132 3471 2171 or-

208 2177 390 2229 dinem
422 2196 450 2231 a
484 2177 748 2248 Perpetuo
771 2193 1114 2241 antecessore
1137 2206 1234 2242 suo
1255 2191 1511 2261 episcopo
1533 2192 1834 2248 Turonensi
1867 2197 2128 2264 referens,
2159 2199 2630 2259 Resurrcctioncm
2657 2208 2865 2261 Domini
2897 2211 3046 2278 prius
3078 2226 3238 2279 quam
3268 2209 3471 2264 Pascha

207 2272 536 2327 celebratam
563 2277 784 2331 exhibet
815 2281 917 2335 hoc
940 2293 1095 2351 pacto
1119 2303 1131 2338 :

279 2386 436 2445 Sexto
467 2391 730 2448 Calendas
760 2401 957 2467 Aprilis
990 2402 1384 2460 Resurrectione
1419 2407 1636 2461 Domini
1666 2412 1832 2465 nostri
1858 2411 1982 2466 Jesu
2012 2414 2230 2479 Christi,
2262 2421 2332 2471 ad
2362 2419 2649 2473 Basilicam
2680 2421 2870 2476 Domni
2914 2421 3151 2480 Martini.

287 2506 510 2570 Pascha,
543 2513 599 2564 in
624 2513 881 2569 Ecclesia.
1863 2505 1897 2546 ο

281 2622 378 2676 Die
406 2624 734 2682 Ascensionis
755 2631 811 2683 in
840 2631 1072 2686 Basilica
1103 2634 1292 2689 Domni
1320 2636 1554 2691 Martini.

211 2740 312 2795 Ubi
342 2754 494 2798 notat
515 2747 833 2804 Ruinartius
864 2760 1052 2820 noster
1090 2769 1144 2822 ρ.
1180 2755 1274 2808 551
1317 2775 1328 2809 :
1367 2756 1579 2809 Festum
1612 2758 1886 2811 Paschalis
1927 2777 1958 2812 (ι
2002 2763 2130 2830 festo
2172 2763 2582 2819 Resurrectionis
2609 2769 2955 2837 distinguitur
2996 2772 3049 2824 in
3102 2773 3472 2829 vetustioribus

209 2833 591 2939 halendariis;
615 2841 702 2894 ubi
731 2843 1140 2899 Rcsurrectionis
1162 2850 1290 2917 [asta
1322 2851 1406 2902 die
1441 2852 1510 2904 ‘27
1547 2854 1730 2905 .llartii
1762 2856 2031 2907 recolitur.
2058 2856 2260 2910 Pascha
2301 2868 2497 2926 autem,
2537 2872 2594 2914 ut
2633 2881 2809 2917 omnes
2844 2879 3059 2934 norunt,
3093 2885 3189 2939 pro
3217 2869 3474 2922 varietate

211 2924 349 2980 luna:
379 2944 583 2999 semper
606 2933 921 2989 celebratum
954 2939 1006 2989 in
1041 2937 1276 2993 Ecclesia
1305 2942 1424 3011 fuit.

281 3039 555 3106 Secundo,
586 3058 649 3097 ex
689 3046 774 3100 his
804 3063 924 3115 quae
957 3048 1008 3101 in
1042 3050 1143 3104 hoc
1166 3067 1417 3106 sermone
1450 3054 1807 3109 observantur
1831 3057 2122 3113 verisimile
2154 3072 2256 3124 est,
2289 3064 2429 3119 inter
2467 3067 2680 3122 Graecos
2710 3071 2872 3124 etiam
2927 3074 3259 3132 orthodoxos
3293 3079 3475 3135 varie-

208 3139 372 3187 tatem
397 3136 685 3206 aliquando
718 3141 981 3196 accidisse
1003 3143 1142 3198 circa
1171 3143 1589 3201 celebrationem
1626 3147 1936 3214 Paschalis;
1972 3153 2042 3205 ita
2079 3162 2136 3206 ut
2166 3155 2251 3208 alii
2288 3173 2413 3224 una,
2451 3161 2539 3213 alii
2569 3163 2668 3214 alia
2697 3163 2781 3216 die
2817 3165 3018 3220 Pascha
3047 3182 3388 3240 peragerent,
3419 3175 3469 3228 id

205 3227 349 3294 quod
388 3230 550 3286 etiam
577 3235 718 3302 apud
754 3234 972 3290 Latinos
1009 3236 1318 3292 Catholicos
1347 3242 1638 3311 contigisse
1668 3245 2073 3313 comprobatur,
2117 3251 2257 3304 sicut
2297 3267 2403 3305 non
2435 3270 2556 3307 raro
2584 3256 2837 3311 observat
2869 3227 3164 3330 Gregorius
3179 3227 3474 3318 :l‘uronen-

207 3323 300 3376 sis.
335 3322 424 3377 Sic
449 3324 588 3380 libro
620 3326 680 3392 V,
714 3343 769 3397 p.
795 3329 919 3392 22L
957 3329 1035 3383 Eo
1068 3348 1227 3395 anno,
1280 3333 1475 3403 inquit,
1515 3337 1753 3391 dabietas
1791 3339 2007 3394 Pascha:
2049 3346 2167 3413 fuit.
2211 3345 2275 3398 In
2302 3347 2489 3402 Galliis
2526 3367 2647 3404 vero
2691 3369 2780 3405 nos
2812 3371 2930 3406 cum
2963 3322 3140 3410 multis
3171 3359 3472 3413 civitatibus

207 3418 596 3484 quartodecimo
627 3420 887 3476 Calendas
930 3423 1100 3478 Maias
1139 3437 1381 3479 sanctum
1429 3427 1633 3482 Pascha
1678 3431 2093 3498 celebravimus;
2120 3439 2217 3490 alii
2258 3456 2376 3493 vero
2411 3461 2526 3495 cum
2572 3445 2822 3502 Hispanis
2869 3451 3174 3503 duodecimo
3207 3450 3472 3508 Calendas

207 3510 399 3573 Aprilis
416 3511 802 3568 solemnitatem
827 3517 962 3569 hanc
993 3528 1294 3570 tenuerunt.
1322 3517 1423 3572 Ubi
1455 3529 1607 3574 notat
1648 3521 1964 3580 Ruinartius
1999 3547 2010 3580 :
2042 3528 2290 3582 Dubietas
2338 3533 2447 3584 lucc
2491 3546 2608 3588 orta
2647 3555 2709 3588 ea:
2751 3555 2829 3602 eo,
2860 3543 2998 3609 quod
3025 3540 3223 3593 Franci
3251 3542 3464 3597 Victorii

209 3603 516 3657 laterculum
561 3609 932 3674 sequebantur,
969 3621 1022 3662 ut
1067 3611 1121 3661 in
1167 3609 1398 3662 Concilio
1437 3613 1707 3666 Aurelian.
1735 3614 1829 3680 IV,
1859 3617 1992 3670 (Jan.
2022 3619 2068 3682 Ι,
2102 3637 2192 3671 an.
2221 3621 2344 3686 5M,
2376 3633 2634 3678 statutum
2669 3603 2884 3698 fuerat}
2919 3633 3146 3701 Hispani
3173 3649 3293 3685 vero
3319 3637 3466 3687 anti-

210 3709 366 3763 quum
398 3695 705 3749 Latinorum
729 3714 1000 3751 canonem.
1033 3700 1133 3752 Adi
1153 3701 1414 3754 Coiutium
1447 3704 1518 3755 ad
1538 3721 1737 3759 annum
1756 3707 1877 3773 539,
1913 3727 2062 3765 num.
2098 3713 2182 3766 l5.
2214 3715 2431 3784 Aliquot
2461 3727 2647 3785 postea
2670 3695 2835 3772 annis
2867 3695 3100 3791 idipsum
3130 3725 3344 3794 accidit,
3371 3743 3469 3781 eo-

209 3786 331 3839 dem
364 3787 627 3854 Gregorio
669 3797 807 3842 teste
838 3789 931 3842 lib.
975 3790 1040 3854 Χ,
1079 3807 1132 3860 p.
1167 3793 1290 3844 516.

282 3901 585 3957 Verisimile
615 3911 796 3957 autem
826 3913 909 3957 est
951 3905 1004 3957 in
1036 3904 1256 3961 Oriente
1285 3924 1502 3978 quoque
1551 3911 1666 3966 illas
1714 3913 2000 3970 varietates
2049 3918 2189 3974 circa
2238 3921 2342 3975 diei
2382 3922 2660 3978 Pascbatis
2699 3925 3122 3985 celebrationem
3175 3936 3460 4003 accidisse,

207 3997 352 4068 quod
386 3996 475 4050 hic
505 3996 746 4066 Scriptor
769 4012 1070 4067 anonymus
1102 3999 1358 4066 insinuat,
1384 4003 1512 4058 dum
1547 4006 1639 4068 ait,
1666 4008 1969 4064 contrarias
2008 4027 2071 4065 ea
2101 4013 2167 4066 de
2203 4030 2260 4067 re
2286 4018 2587 4070 sententias
2622 4017 2674 4070 in
2701 4034 2847 4072 anno
2872 4039 2979 4091 quo
3006 4025 3120 4093 ipse
3149 3996 3466 4086 concionem

208 4105 360 4144 suam
395 4090 577 4144 emisit
602 4090 891 4145 exstitisse.
932 4092 1079 4146 Illam
1108 4095 1427 4152 observandi
1456 4097 1733 4155 Paschalis
1764 4103 2079 4158 varietatem
2103 4107 2212 4175 jam
2241 4113 2783 4167 commemoravimus
2815 4090 2986 4170 Temo
3017 4090 3193 4187 primo
3239 4139 3466 4191 operum

210 4182 598 4285 Chrysostomi.
645 4199 699 4252 p.
724 4184 845 4248 586,
882 4185 970 4240 ubi
1007 4187 1147 4240 diem
1184 4188 1461 4244 Paschalis
1493 4193 1621 4246 anni
1654 4194 1778 4258 587,
1820 4197 1910 4265 qui
1943 4197 1997 4250 in
2028 4198 2221 4252 tabulis
2249 4203 2591 4269 paschalibus
2622 4206 2850 4278 vulgatis
2877 4182 3184 4280 assignatur
3211 4182 3467 4285 25-Apri-

208 4279 294 4341 lis,
326 4277 474 4330 nullo
497 4279 658 4333 modo
687 4295 846 4348 posse
873 4282 923 4335 in
956 4281 1103 4337 hunc
1127 4284 1269 4337 diem
1301 4287 1592 4340 convenire
1621 4293 1922 4344 secundum
1955 4292 2322 4364 Chrysostomi
2356 4297 2516 4362 dicta,
2547 4316 2610 4354 ex
2635 4277 2832 4370 quibus
2857 4277 3027 4372 liquet
3052 4305 3256 4361 Pascha
3281 4277 3469 4365 multis

209 4377 336 4421 ante
375 4368 568 4422 diebus
598 4373 898 4426 Antiochiae
928 4376 1258 4430 celebratum
1287 4377 1474 4433 fuisse.
1510 4381 1583 4435 lbi
1619 4382 1738 4436 vide
1768 4384 1860 4438 sis.

224 4591 738 4606 ...ψ-...-

756 4598 2184 4624 ___._______._._________________

1121 4803 1180 4845 ΙΝ
1233 4805 1420 4848 ll'SUM
1468 4807 1702 4852 PASCHA
1751 4811 1961 4856 SEllMO
2003 4815 2090 4858 VH
2137 4818 2215 4859 ΕΤ
2259 4819 2551 4866 υιτιῆιυε.

1721 4963 1952 4975 ———_.

271 5055 322 5109 l.
359 5054 480 5125 Ilert
510 5052 740 5125 quidem,
761 5053 1060 5125 l'ralrcs,tle
1088 5056 1352 5122 pr:clinito
1379 5067 1620 5125 tempore
1647 5073 1774 5111 san-

197 5127 265 5180 cti
316 5122 532 5178 Pascha:
562 5122 1188 5193 qumdamdicebamus,
1237 5134 1292 5177 et
1333 5129 1452 5193 quia
1495 5122 1778 5181 videbatur

199 5195 483 5250 difﬁcultas
527 5191 653 5266 esse
687 5191 966 5266 qum_da_m,
1012 5191 1424 5266 significavimus
1469 5196 1520 5249 in
1559 5198 1776 5251 nomine

201 5266 408 5320 Domini
439 5266 605 5319 nostri
628 5264 761 5335 Jesu
776 5264 1004 5335 Christi,
1027 5279 1123 5317 nos
1143 5265 1308 5318 multo
1327 5275 1451 5319 ante
1481 5276 1535 5320 et
1565 5275 1778 5335 tempus

200 5337 519 5405 prmlinitum
545 5376 558 5399 ,
604 5344 658 5389 et
685 5333 1050 5388 difﬁcultatem
1111 5335 1421 5403 prarvidisse
1451 5353 1464 5390 :
1489 5333 1778 5405 deque'iis

200 5407 400 5460 dictum
441 5414 524 5459 est
561 5415 816 5474 quantum
865 5405 996 5459 satis
1022 5415 1138 5458 erat
1170 5423 1182 5458 :
1211 5405 1255 5458 si
1298 5414 1471 5460 tamen
1512 5407 1776 5461 dictorum

203 5477 513 5530 memoriam
552 5477 833 5537 retinetis;
879 5491 1094 5528 causam
1136 5490 1264 5529 vero
1307 5477 1575 5530 dilationis
1623 5477 1778 5532 hodie

199 5547 378 5618 dicere
401 5547 754 5616 aggredimur.
786 5547 850 5600 Et
875 5547 997 5615 quia
1022 5545 1321 5618 huiusmodi
1345 5547 1644 5618 disquisitio
1668 5548 1776 5602 veri

205 5616 419 5671 Pascha:
472 5618 571 5670 loci
615 5626 670 5671 et
719 5618 972 5686 temporis
1019 5616 1456 5686 speculationem
1487 5619 1776 5684 desiderat,

203 5688 468 5748 volumus.
505 5686 729 5742 Domino
751 5687 992 5756 juvante,
1012 5697 1382 5758 argumentum
1408 5705 1701 5755 resumere,
1725 5699 1779 5742 et

205 5773 301 5826 pro
330 5759 469 5828 virili
500 5768 680 5811 nostra
722 5759 958 5828 mysterii
996 5759 1390 5826 speculationes
1423 5759 1680 5828 proferre.
1715 5761 1779 5813 Et

204 5831 324 5899 quia
361 5827 560 5899 multus
611 5827 1226 5883 adest’adversariorum
1261 5830 1531 5895 incursus,
1562 5831 1650 5899 qui
1701 5831 1774 5884 rei

206 5897 479 5954 veritatem
512 5898 790 5964 ignorant,
823 5910 981 5966 atque
1007 5900 1242 5954 lucretiei
1284 5900 1525 5956 resiliunt
1550 5897 1654 5967 ,π
1679 5900 1773 5955 Ju-

1879 5058 1981 5113 dazi
2012 5073 2072 5112 se
2104 5056 2301 5133 Pascha
2329 5058 2618 5133 celebrare
2645 5053 2968 5125 profitentur
2993 5095 3005 5110 .
3039 5042 3467 5133 miristiaqofum

1879 5144 2009 5183 vero
2039 5138 2241 5182 tantmn
2269 5128 2369 5181 hoc
2401 5122 2712 5198 mysterium
2739 5135 2842 5198 est,
2876 5135 2929 5178 et
2963 5122 3204 5198 mysterii
3227 5122 3472 5198 celo-bra-

1886 5199 1961 5252 tio
1990 5199 2130 5266 apud
2177 5213 2275 5252 nos
2319 5192 2566 5252 accurate
2611 5197 2897 5266 constituta
2924 5204 3002 5247 εει
3027 5209 3042 5256 ;
3071 5193 3220 5260 juvat
3261 5192 3473 5246 illorum

1882 5262 2120 5322 omnium
2143 5268 2460 5337 compendio
2489 5267 2810 5337 incultionem
2835 5262 3036 5337 facere,
3068 5277 3225 5330 atque
3255 5277 3470 5337 omnem

1882 5333 2304 5393 confusionem}:
2335 5335 2591 5407 mysterio
2615 5343 2797 5388 nostro
2821 5333 3119 5407 eliminare,
3151 5343 3205 5386 et
3234 5336 3311 5388 sic
3335 5341 3474 5407 tem-

1885 5424 2072 5478 porum
2103 5404 2431 5478 singulorum
2479 5406 2734 5478 rationem
2786 5406 3114 5478 patefacere,
3144 5419 3246 5473 ope
3271 5404 3476 5478 scilicet

1883 5473 2141 5546 imigeniti
2174 5473 2292 5531 Filii
2324 5477 2438 5530 Dei.
2481 5474 2636 5544 Saepe
2669 5491 2897 5544 namque
2938 5473 3202 5546 quosdam
3239 5475 3472 5546 vidimus

1885 5544 2132 5603 dicentes
2181 5567 2193 5600 :
2236 5547 2346 5600 (Zur
2378 5546 2582 5600 natales
2628 5546 2926 5599 Servatoris
2976 5544 3196 5598 deﬁnito
3221 5544 3307 5598 die
3333 5544 3475 5597 cele-

1883 5618 2140 5680 brantur;
2175 5633 2366 5688 nempe
2389 5658 2402 5679 ,
2432 5625 2488 5669 ut
2512 5631 2698 5688 omnes
2723 5617 2921 5670 scitnus
2948 5624 3184 5688 Loctavo
3208 5613 3473 5688 Kalendas

1883 5688 2164 5744 Januarias
2217 5684 2510 5743 secundum
2557 5687 2826 5742 llomanos
2887 5704 2899 5738 :
2947 5684 3296 5755 Theophania
3346 5700 3475 5738 vero

1883 5760 2191 5836 similiter;_
2215 5760 2324 5828 ipsa
2353 5759 2548 5836 quippe
2586 5757 2932 5836 ce_lebrantur_
2969 5757 3324 5836 delinitoqﬁie
3365 5755 3462 5808 de-

1884 5831 2022 5884 cimo
2070 5826 2248 5885 tertio
2269 5826 2458 5900 quarti
2489 5826 2708 5900 mensis
2734 5826 3028 5900 secundum
3063 5826 3330 5900 Asiaticos
3347 5843 3372 5900 _:
3422 5833 3476 5877 et

1891 5909 2185 5968 martyrum
2239 5894 2450 5971 qiumuc
2491 5899 2800 5956 memoriam
2836 5897 3055 5952 cli-linito
3113 5897 3198 5951 die
3233 5894 3474 5950 celebra-
