4028 6144
289 339 387 391 τω

286 459 411 509 sum
436 490 452 512 .
486 446 715 503 Ildeliter
755 437 1240 512 explicamla,_nnn_
1261 451 1324 490 ex
1359 449 1477 512 meo
1503 433 1745 512 arbitrio,
1773 433 1863 512 seel

285 506 359 575 exi
381 506 498 590 ipso
529 532 707 572 rerum
735 506 944 569 ordine.
971 506 1308 590 Quodenim‘
1327 506 1731 590 aiqttinoctinni,
1763 507 1870 590 pri-

286 576 430 645 mum
455 597 664 655 tempus
691 582 1024 654 prmeesserit
1044 621 1058 642 ,
1100 578 1151 632 id
1183 593 1245 633 ex
1268 577 1663 655 Deicrcatione
1697 576 1868 655 palam

285 670 389 715 cst.
418 646 656 715 Primum
689 646 916 723 namque
946 665 1184 705 mensem
1209 647 1620 723 qumrimusper
1642 646 1870 714 primum

287 740 497 798 tempus
521 745 533 780 :
569 728 796 798 primum
818 716 947 776 vero
974 730 1182 798 tempus
1208 718 1414 798 initium
1443 716 1635 798 habeat
1663 724 1875 798 oportet

286 816 317 854 a
351 786 518 868 prima
549 786 638 851 die
667 796 972 868 pariterque
1010 805 1038 842 a
1081 786 1247 868 prima
1278 796 1459 868 nocte.
1497 786 1707 841 Nullum
1730 787 1872 868 enim

287 855 434 925 aliud
486 855 695 921 initium
743 855 921 935 primo
963 855 1187 935 tempori
1231 858 1507 935 competit,
1537 870 1696 935 qnam
1747 855 1874 935 illud

288 939 431 1009 quod
449 938 659 1009 dictum
706 926 810 989 est.
856 926 1151 1001 Oportebat
1193 926 1713 1009 cuim’creationem
1759 926 1873 1009 fieri

290 995 415 1064 a'nte
440 1007 674 1063 futurum
704 995 933 1078 tempus",
976 1010 1030 1078 e_t
1064 1013 1184 1078 cum
1210 998 1325 1052 dies
1352 1006 1405 1052 et
1451 1013 1555 1078 nox
1588 995 1877 1078 jani'ades-

291 1088 430 1142 sent,
479 1079 685 1132 illarum
733 1067 1101 1130 exsistentiam
1147 1068 1255 1142 jam
1306 1068 1581 1137 aequaliter
1625 1067 1874 1142 deliuiri;

289 1135 484 1203 deinde
511 1164 640 1203 vero
669 1161 736 1201 ex
760 1152 906 1198 nmtu
948 1135 1713 1208 mzeqnalitatcm‘exsurgere.
1744 1135 1874 1190 Nam

289 1221 334 1273 si
360 1227 537 1274 motus
594 1214 1005 1284 inthualitalem
1062 1208 1372 1284 habuit,__in
1418 1209 1877 1284 creationeppor-

292 1290 392 1343 tuit
436 1276 792 1356 aequalitatem
841 1276 1221 1356 demonstrari.
1246 1276 1353 1356 _ld_
1396 1286 1572 1356 autem
1606 1276 1786 1356 Avolon
1811 1290 1876 1330 ex

291 1344 565 1427 Scripta-ra
606 1350 1015 1427 explicare_.__fn
1041 1349 1340 1427 principioL
1340 1347 1510 1427 inquit
1529 1388 1546 1415 ,
1594 1348 1712 1418 fecit
1741 1344 1879 1427 Deus

292 1417 472 1483 ccelu'm
512 1435 560 1480 et
612 1417 818 1480 terram.
871 1423 1004 1477 Hinc
1042 1417 1250 1483 subdit,
1297 1417 1557 1473 Tenebras
1596 1417 1779 1477 erant,
1827 1425 1882 1469 et

296 1501 388 1553 lux
428 1497 661 1552 nondum
703 1504 838 1550 erat.
872 1493 940 1546 Et
983 1491 1111 1544 dixit
1156 1489 1293 1542 Deus
1326 1503 1344 1540 :
1373 1485 1494 1539 Fiat
1524 1487 1615 1539 tua:
1630 1501 1657 1558 ;ί
1675 1497 1722 1540 et
1743 1491 1882 1558 facta

294 1579 367 1624 est
410 1570 520 1622 lux.
572 1567 635 1621 Et
680 1566 847 1620 divisit
887 1563 1021 1616 Deus
1058 1563 1189 1614 inter
1230 1559 1393 1612 lucem
1433 1566 1481 1610 et
1528 1557 1793 1619 tenebras,
1834 1565 1880 1609 et

290 1640 485 1694 vocavit
514 1637 653 1691 Deus
698 1636 862 1692 lucem
912 1632 1065 1694 diem,
1113 1639 1161 1683 et
1206 1626 1434 1682 tenebras
1467 1628 1659 1680 vocavit
1689 1637 1883 1680 noctem

296 1709 448 1779 (Gen.
484 1708 694 1779 1.1-5).
721 1707 897 1760 Ilabes
914 1703 1136 1779 primam
1153 1698 1300 1779 dieln
1323 1706 1377 1753 et
1398 1698 1621 1779 primam
1647 1707 1879 1779 noctem.

293 1767 431 1847 Quid
472 1767 667 1834 cnim?’
697 1767 965 1847 quomodo
1011 1768 1377 1847 divisit_Deus
1417 1769 1557 1821 inter
1603 1767 1794 1847 lucem-
1828 1776 1885 1823 et

295 1838 437 1904 inter
476 1838 749 1911 tenebras,
793 1859 925 1915 quas
956 1840 1248 1915 constituit
1295 1851 1416 1915 esse
1451 1839 1709 1915 noctem?
1749 1838 1882 1915 Nam

296 1919 452 1982 illud,
483 1917 644 1982 Inter,
676 1907 826 1971 duos'
844 1914 990 1985 ponit
1038 1910 1317 1985 terminos.
1363 1907 1667 1985 Quiaenim
1704 1909 1883 1963 omnia

294 2005 414 2060 qua:
439 1980 645 2060 ereavit
685 1980 856 2060 Deus,
878 1981 1309 2060 in_determina_ta
1338 1980 1786 2060 creavit-natura,
1804 1994 1883 2060 ἐκ

295 2049 645 2127 consequenti
671 2049 1068 2128 primam‘diem
1096 2059 1153 2106 et
1178 2051 1405 2128 primam
1449 2056 1659 2128 noctem
1704 2049 1757 2128 i_n
1786 2049 1885 2104 de-

295 2118 582 2185 terminata
623 2118 691 2182 et.
723 2125 936 2204 arquali_
958 2118 1456 2204 circumscriptione
1498 2118 1801 2204 produxit,_
1831 2129 1888 2175 et

297 2215 420 2254 Clllll
467 2213 771 2271 mensuram
790 2188 1150 2271 'perfeeisset,
1185 2188 1316 2271 vidit
1360 2190 1447 2244 illa
1476 2188 1679 2271 optime
1703 2206 1763 2245 se
1787 2188 1885 2245 ha-

296 2271 442 2325 bere.
477 2269 698 2334 Deinde,
723 2277 782 2322 nt
804 2262 914 2336 jam
941 2264 1080 2336 disi,
1111 2278 1178 2318 ex
1206 2269 1352 2316 motu
1371 2262 1885 2336 _permisit_inzequa-

296 2341 499 2396 Iitatem
529 2331 693 2394 oriri.
709 2338 764 2394 Si
789 2331 917 2407 ergo
943 2334 1146 2407 primus
1173 2342 1341 2407 status
1370 2331 1422 2384 in
1449 2331 1888 2407 azqualitatecon-

298 2412 453 2476 stitit,
480 2401 1053 2480 aequinoctium'pritni
1085 2403 1345 2480 temporis
1390 2402 1714 2480 principium
1762 2401 1883 2480 fuit,

302 2491 358 2536 ut
381 2471 807 2534 demonstratum
836 2471 938 2532 est.
963 2475 1163 2543 Deinde
1192 2471 1313 2543 post
1350 2471 1728 2543 :equinoctinm
1761 2471 1782 2534 (
1802 2472 1889 2528 hic

300 2551 539 2605 animum
563 2548 782 2617 adhibe)
807 2554 994 2617 quarta
1013 2545 1101 2617 die
1135 2541 1294 2617 llt'sol
1323 2542 1551 2617 etjulta.
1584 2541 1886 2617 @qoalita-

300 2627 409 2674 tem
441 2610 993 2688 mquinoctii'faciunt
1035 2612 1342 2688 luminaria.
1383 2610 1544 2688 senta
1573 2610 1890 2688 die'furmat

302 2683 598 2753 hominem.
626 2705 689 2745 ac
712 2686 935 2757 septima
958 2685 1185 2757 quiescit
1219 2683 1287 2738 ab
1324 2683 1884 2757 omnibusoperibus.

302 2752 727 2832 Sequen_t_i,qua:
749 2752 837 2832 est
859 2752 1025 2832 prima
1051 2796 1066 2820 ,
1096 2755 1403 2832 universum
1449 2753 1560 2821 jam
1585 2752 1887 2832 perfectum

301 2824 410 2885 suo'
433 2824 761 2884 ordine'ferri
789 2827 935 2882 sinit.
959 2827 1084 2881 Haac
1104 2826 1327 2879 observa
1345 2831 1400 2878 et
1416 2824 1672 2879 memoria
1690 2825 1887 2893 retine,

304 2907 365 2955 ut
389 2900 529 2955 dicta
558 2898 836 2968 explorare
863 2897 1053 2967 possis.
1084 2894 1173 2950 Sic
1196 2895 1344 2968 Deus
1357 2893 1627 2968 hominem
1645 2895 1789 2968 fecit,
1811 2904 1886 2968 et,

303 2981 364 3024 ut
388 2971 559 3026 bonus
578 2964 677 3032 est,
708 2964 874 3023 talem
889 2976 944 3023 et
961 2975 1163 3021 tantum
1192 2964 1316 3020 fecit
1332 2964 1621 3019 hominem.
1642 2965 1722 3022 Ne
1744 2967 1888 3022 enim

308 3042 623 3111 pravitatem
649 3040 787 3111 ejus,
818 3036 911 3093 sed
935 3038 1163 3111 primum
1203 3034 1324 3111 ejus
1361 3043 1559 3111 statum
1583 3038 1841 3108 respicias
1870 3055 1885 3092 :

306 3105 431 3165 nam
461 3109 529 3165 ad
556 3105 840 3179 imaginem
868 3105 1019 3164 suam
1048 3106 1187 3179 fecit
1196 3105 1371 3179 illum.
1404 3105 1578 3176 Atque
1619 3105 1889 3179 ut‘osten-

306 3182 457 3236 deret
486 3181 610 3251 ejus
633 3176 878 3251 naturam
908 3193 1030 3251 cum
1055 3176 1239 3251 _stell_is
1276 3185 1592 3251 concertare
1610 3214 1627 3240 ,
1649 3176 1890 3251 declarat

304 3251 482 3321 ipsum
510 3245 708 3306 nudum
735 3246 1157 3321 positumfuisse
1186 3247 1238 3302 in
1265 3245 1536 3317 paradiso,
1558 3246 1751 3303 amictu
1778 3266 1889 3306 non

308 3318 553 3390 egentem
585 3338 600 3374 :
630 3318 863 3375 nondum
892 3319 1036 3374 enim
1071 3318 1533 3390 talem_aspectu_m
1567 3321 1888 3390 contumelia

308 3386 627 3456 fmdaverat,
657 3398 713 3445 ut
741 3397 1047 3460 tegumenta
1074 3404 1210 3460 opus
1231 3386 1455 3460 haberet
1477 3386 1660 3460 homo.
1691 3389 1887 3446 Verum

308 3461 579 3530 Scriptura
610 3457 939 3525 testiﬁcatur,
971 3457 1135 3514 Deum
1166 3457 1364 3530 fecisse
1382 3458 1679 3530 hominem,
1708 3470 1767 3530 et
1788 3476 1888 3529 po-

309 3528 483 3587 suisse
511 3532 660 3586 illum
701 3533 755 3587 in
794 3531 1077 3599 paradiso:
1108 3538 1270 3599 atque
1315 3528 1433 3599 illos
1481 3529 1653 3599 nudos
1701 3528 1886 3599 fuiSSc,

309 3617 409 3658 nec
424 3602 720 3659 erubuisse.
737 3597 842 3656 Sed
857 3597 1302 3669 quemadmodum
1324 3597 1403 3669 sol
1426 3606 1481 3669 et
1499 3597 1620 3651 luna
1643 3597 1889 3669 nuditate

309 3687 406 3727 sua
448 3673 813 3741 splendentet
837 3666 1096 3741 ornantur
1124 3685 1137 3721 :
1169 3668 1249 3723 sic
1284 3677 1338 3722 et
1387 3666 1439 3721 bi
1487 3668 1731 3741 permissi
1762 3680 1890 3725 sunt

309 3756 410 3795 suo
434 3736 630 3795 decore
670 3740 969 3809 splenlere.
1002 3736 1133 3809 cum
1173 3752 1303 3806 ergo
1335 3745 1539 3809 tantum
1572 3738 1650 3809 illi
1688 3737 1889 3793 benefi-

308 3812 453 3867 cium
476 3807 791 3866 contulisset
821 3809 960 3863 Deus
981 3850 995 3874 ,
1040 3808 1296 3877 illumque
1336 3808 1387 3861 in
1421 3807 1650 3877 paradisi
1685 3809 1889 3868 deliciis

308 3882 703 3947 constituisset,
736 3894 1063 3948 muneraque
1109 3893 1204 3933 sua
1248 3878 1318 3931 illi
1347 3877 1558 3932 abunde
1590 3878 1885 3947 tribuisset,

307 3968 526 4007 sensum
557 3953 622 4006 ab
649 3966 735 4014 eo,
766 3959 826 4004 ut
846 3950 1045 4018 justum
1077 3956 1212 4012 erat,
1246 3949 1573 4020 requirebat,
1603 3948 1888 4020 docuitque

312 4023 460 4077 illum
507 4032 563 4076 nt
605 4020 906 4077 obedientia
947 4020 1173 4090 gratiam
1201 4018 1556 4090 orependeret.
1597 4019 1730 4086 Quia
1762 4018 1889 4076 vero

308 4093 462 4157 vidit,
493 4092 607 4148 ﬁeri
637 4108 741 4147 non
771 4104 927 4161 posse
952 4087 1026 4144 *ιιι
1064 4089 1155 4144 ille
1181 4087 1380 4143 donum
1396 4099 1666 4161 servaret,
1690 4091 1792 4146 nisi
1820 4094 1886 4148 ad

308 4164 477 4219 Deum
505 4162 743 4219 datorem
764 4159 1073 4230 confugeret
1097 4160 1375 4231 ipsumque
1396 4159 1699 4224 honorat-ct,
1717 4161 1885 4231 legem

309 4234 386 4289 illi
420 4234 745 4304 prmscripsit
770 4229 1274 4304 naturiecustodem
1296 4229 1329 4304 ξ-
1361 4240 1510 4304 ut_ex
1550 4229 1805 4304 memoria
1835 4245 1889 4288 et

309 4299 798 4374 ope—legisla'toris,
844 4300 1177 4374 quasibonis
1221 4299 1539 4374 quibusdam
1569 4302 1886 4374 pharmacis

308 4370 664 4430 custodiretur
695 4391 708 4426 :
743 4370 1304 4439 imnt‘ortalitatemque
1348 4371 1467 4440 ipsi,
1494 4370 1537 4424 si
1569 4370 1737 4443 legem
1768 4388 1886 4427 ser-

309 4454 480 4509 Varct,
527 4444 789 4513 promisit,
827 4452 1055 4497 mortem
1093 4457 1221 4495 vero
1265 4443 1495 4513 minatus
1522 4450 1603 4495 est
1634 4445 1887 4512 prscvari-

309 4515 472 4569 canti.
502 4511 605 4571 Sed
654 4514 738 4569 his
782 4515 853 4569 ita
881 4513 1063 4582 gestis,
1114 4511 1559 4583 illaraceiderunt
1600 4511 1719 4583 quae
1764 4526 1884 4570 nota

309 4594 438 4639 sunt
483 4603 496 4638 :
540 4587 735 4641 invidia
782 4585 979 4653 quippe
1032 4582 1574 4654 diaboli_suadente,_
1611 4591 1668 4636 ut
1717 4584 1886 4654 legem

311 4656 776 4726 transgrederelnr
801 4652 982 4718 homo,
1013 4652 1372 4726 corruptibilis
1392 4660 1477 4707 est
1502 4652 1721 4707 elfectus
1737 4694 1752 4718 ,
1774 4652 1885 4725 'cji-

308 4723 551 4796 citurque
577 4736 727 4781 extra
754 4726 1059 4794 paradisum
1091 4739 1103 4774 :
1137 4738 1199 4777 ac
1226 4723 1479 4796 deinceps
1493 4734 1694 4796 auctus
1714 4723 1885 4793 prole,

310 4793 583 4851 brutorum
614 4793 775 4851 vitam
824 4796 992 4859 duxit,
1042 4804 1201 4863 atque
1248 4793 1533 4861 impietatis
1562 4804 1617 4848 et
1658 4794 1887 4851 lascivia:

308 4869 703 4935 receptaculum
736 4868 904 4922 factus
947 4874 1046 4919 est.
1101 4865 1331 4934 Ideoque
1375 4863 1646 4932 prophetae
1685 4867 1886 4921 clama-

308 4937 455 5006 bant,
489 4937 555 4990 de
582 4935 723 5006 illius
753 4938 924 5005 prisca
951 4936 1227 5006 dignitate,
1268 4944 1324 4989 et
1363 4935 1430 4989 de
1467 4946 1734 5004 postrema
1780 4948 1889 4991 tur-

310 5005 551 5073 pitudine
583 5023 597 5057 :
630 5005 795 5058 Homo
825 5022 937 5058 cum
975 5005 1028 5058 in
1053 5007 1241 5059 honore
1279 5016 1437 5070 esset,
1470 5023 1568 5059 non
1594 5007 1839 5061 intellexit
1867 5024 1885 5062 :

310 5086 631 5148 coritparatus
658 5085 729 5148 est
747 5075 991 5148 iumentis
1019 5075 1365 5148 insipientibus
1385 5119 1398 5139 ,
1436 5084 1480 5128 et
1523 5077 1701 5148 similis
1727 5081 1888 5148 frictus

308 5154 382 5199 est
407 5144 556 5215 illis(
588 5143 845 5199 Psal.'48.
880 5145 947 5198 15
976 5145 1016 5213 ).
1048 5144 1177 5215 IIch
1196 5159 1317 5198 cum
1345 5147 1412 5197 ita
1445 5159 1502 5198 se
1530 5143 1808 5211 haberent,
1836 5158 1890 5201 et

307 5214 553 5272 humana
572 5225 827 5285 pereunte
855 5223 1066 5285 natura,
1096 5214 1283 5267 volens
1321 5215 1628 5283 unigenitus
1668 5217 1761 5271 Dei
1800 5217 1889 5270 Fi-

308 5289 410 5342 lius
440 5302 559 5341 cum
574 5284 799 5356 paterno
828 5285 1020 5355 placito
1042 5284 1310 5356 hominem
1337 5286 1610 5349 reducere,
1635 5286 1890 5355 illumque

306 5358 376 5412 ab
403 5354 746 5428 impendente
793 5354 994 5410 ultione
1035 5354 1264 5423 eripere,
1314 5364 1522 5422 tempus
1572 5366 1628 5428 et
1671 5354 1886 5412 modum

307 5429 492 5483 auxilii
521 5428 817 5498 excogitat;
849 5440 1080 5498 tempus,
1109 5434 1164 5479 ut
1191 5438 1488 5498 Opportune
1527 5427 1592 5480 ad
1622 5428 1885 5483 medelam

307 5499 481 5563 adsit;
514 5494 753 5564 modum,
783 5498 874 5567 qui
919 5497 983 5549 ad
1032 5494 1362 5567 purgandum
1410 5505 1463 5550 et
1499 5499 1885 5553 restituendum

309 5570 457 5624 illum
489 5579 632 5625 esset
679 5566 919 5623 idoneus.
968 5567 1160 5639 Eactus
1209 5566 1366 5637 igitur
1408 5567 1592 5634 homo,
1642 5568 1887 5639 Deusqnc

310 5656 552 5705 manens,
582 5655 676 5711 pro
704 5649 815 5693 toto
846 5637 1045 5711 mundo
1076 5650 1261 5711 passus
1290 5639 1479 5711 cst._l)e
1510 5639 1609 5694 hoc
1639 5654 1782 5711 smpe
1800 5637 1885 5694 sa-

308 5712 512 5764 criticin
540 5707 789 5777 loquutus
815 5725 953 5762 sum.
987 5707 1145 5779 Multa
1176 5722 1341 5777 nuper
1372 5708 1633 5773 dicebam,
1658 5707 1729 5765 ex'
1751 5710 1885 5779 ipsis

317 5782 509 5837 Inda-is
534 5782 762 5836 adducta
785 5789 966 5833 contra
995 5777 1228 5842 Jndwos,
1253 5790 1305 5833 et
1358 5796 1414 5835 ex
1447 5781 1728 5852 gentilibus
1754 5777 1883 5835 con-

644 5870 912 5934 PATROL.
961 5874 1079 5936 (1n.
1130 5876 1253 5937 LIX

1659 318 1722 371 IN
1761 315 2027 373 PASCllA
2068 314 2182 375 Vll.

3451 317 3558 374 ’750

1978 447 2058 489 ira
2086 432 2316 505 gentiles
2336 440 2655 505 argumenta
2671 433 2965 498 sumendo;
2990 445 3044 491 et
3069 435 3206 494 hanc
3233 452 3416 494 necem
3443 437 3556 491 dm-

1973 504 2161 579 rnonas
2183 505 2439 559 avertisse
2454 515 2507 559 et
2532 504 2862 579 pron‘igasse,
2883 521 3088 579 necnon
3109 510 3342 579 pericula
3367 509 3530 579 etiam
3545 550 3558 568 .

1977 576 2169 646 hostes
2199 583 2254 630 et
2278 590 2493 629 omnem
2540 575 2919 641 turpitudinem
2973 575 3232 646 ejecisse,
3280 595 3347 634 ex
3394 577 3556 633 rebus

1975 646 2105 714 ipsis
2141 644 2531 717 demonstravi;
2577 660 2750 717 neque
2796 646 2936 701 ultra
2984 644 3168 703 contra
3216 644 3339 704 illos
3380 648 3552 717 agam,

1977 731 2045 770 ne
2075 716 2361 785 propositae
2391 715 2465 769 rei
2495 717 2689 769 seriem
2721 716 3076 785 interpellem.
3108 719 3242 774 Cum
3275 715 3437 774 vellet
3463 720 3561 784 igt-

1977 795 2066 860 tur
2091 784 2594 860 ui_iigeni_ttis_Filitis
2642 785 2731 839 Dei
2786 784 3236 844 resurrectionem
3263 789 3414 860 lapso
3459 787 3560 860 lto-

1980 855 2350 929 miniiargiri,
2383 854 2977 929 illumqnerenovare,
2999 868 3053 913 ct
3086 854 3336 929 passione
3380 871 3475 913 sua
3509 857 3563 929 in

1981 924 2258 998 pristinum
2291 925 2505 998 modum
2539 926 2842 998 restituere,
2895 924 3169 998 videoquid
3191 928 3396 985 fecerit.
3427 926 3564 995 Quia

1980 997 2094 1063 ipse
2119 1002 2235 1049 erat
2265 994 2419 1068 primi
2449 995 2680 1047 hominis
2704 994 2947 1068 creator.
2966 994 3099 1068 ejus
3119 1000 3277 1054 etiam
3304 999 3438 1068 lapsi
3458 994 3563 1052 re-

1980 1076 2246 1121 szaurator
2294 1065 2502 1118 futurus
2531 1074 2665 1129 erat,
2695 1064 2759 1117 ad
2789 1066 3215 1122 emendationem
3259 1064 3422 1123 totius
3473 1084 3569 1121 na-

1982 1147 2113 1190 tura:
2145 1151 2161 1188 :
2194 1149 2313 1189 sese
2337 1134 2551 1203 quidem
2576 1134 2810 1203 passioni
2852 1135 3037 1198 offert.
3069 1146 3238 1192 totum
3265 1152 3398 1192 vero
3425 1147 3559 1193 tem-

1983 1222 2080 1274 pus
2119 1205 2311 1273 accipit
2353 1204 2423 1276 ad
2472 1206 2895 1276 renovationem,
2942 1206 3082 1276 quod
3124 1207 3191 1261 ad
3236 1208 3564 1262 creationem

1983 1286 2290 1349 acceperat,
2313 1274 2519 1349 nt_linis
2547 1274 2811 1349 principio
2839 1274 3233 1349 consentaneus
3261 1288 3563 1349 appareret,

1980 1354 2036 1400 et
2061 1344 2249 1398 modus
2279 1346 2329 1419 in
2356 1344 2610 1419 creatore
2642 1345 2781 1419 idem
2805 1355 2966 1419 esset.
2997 1347 3219 1402 Volebat
3247 1344 3412 1413 enim,
3440 1347 3565 1419 quia

1983 1423 2191 1487 tempus
2215 1416 2558 1487 purissimum
2593 1416 2643 1467 in
2678 1415 2994 1472 formatione
3027 1419 3185 1487 primi
3216 1415 3572 1472 hominis'de-

1984 1485 2213 1558 legerat;
2239 1485 2339 1539 hoc
2364 1493 2727 1558 verootempus
2754 1487 3008 1555 pollutum
3030 1485 3207 1542 fuerat
3231 1503 3328 1558 per
3355 1504 3562 1557 praeva-

1982 1555 2319 1618 ricationem,
2346 1568 2467 1609 cum
2499 1556 2615 1642 ipso
2641 1556 2801 1609 etiam
2841 1555 3254 1642 praz'varieatoré
3273 1600 3287 1623 ,
3317 1555 3371 1613 et
3400 1560 3573 1642 pollu—

1986 1634 2099 1680 tum
2148 1639 2381 1699 sequens
2436 1624 2692 1699 smculum
2746 1624 3056 1699 apparebat,
3111 1630 3284 1698 ipsum
3336 1624 3565 1699 primum

1986 1706 2194 1765 tempus
2243 1697 2294 1750 in
2361 1696 2702 1766 reparatione
2748 1697 2979 1753 hominis
3012 1696 3571 1764 assumerefutcum

1986 1767 2103 1836 ipso
2130 1766 2346 1839 homine
2373 1781 2471 1835 per
2501 1768 2867 1839 purgationem
2891 1783 2955 1822 ex
2979 1770 3228 1839 passione
3257 1778 3460 1837 partam
3483 1784 3569 1822 sc-

1985 1852 2154 1908 quens
2184 1836 2442 1908 sarculum
2491 1853 2519 1890 a
2569 1836 2745 1907 capite
2787 1836 2999 1907 purius
3022 1836 3330 1905 exhiberet;
3381 1839 3566 1908 quoin

1987 1907 2174 1962 eadem
2207 1907 2321 1977 ipsa
2351 1921 2411 1961 re
2437 1908 2614 1961 omnia
2645 1908 2972 1974 ostenderet,
3003 1918 3059 1963 et
3081 1909 3312 1965 hominis
3339 1907 3569 1963 renova-

1988 1978 2213 2045 tionem,
2246 1987 2300 2034 et
2329 1978 2514 2033 saeculi
2542 1978 2826 2048 puritatem
2872 1988 2927 2032 et
2953 1988 3317 2049 reparatorem
3350 1980 3574 2034 Creato-

1986 2063 2209 2122 remqne
2261 2057 2467 2104 natura:
2505 2062 2576 2105 ex
2621 2048 2749 2119 ipsis
2780 2048 3080 2119 temporum
3128 2049 3388 2122 symbolis
3430 2049 3577 2106 clare

1986 2118 2404 2175 demonstraret.

2059 2190 2305 2262 5._Quod
2355 2197 2451 2262 est,
2484 2189 2881 2262 ergoprimum
2922 2190 3178 2262 tempus?
3222 2190 3367 2262 quod
3416 2202 3575 2262 caput

1988 2260 2458 2331 primitemporis?
2484 2259 2906 2330 ASquiuoetium,
2930 2259 3117 2327 frater,
3140 2269 3201 2316 ut
3219 2259 3576 2327 ostendimus,

1990 2330 2112 2386 eum
2138 2330 2254 2386 dies
2278 2330 2333 2387 et
2358 2339 2566 2394 noctes.
2602 2331 2835 2400 a'quales
2864 2331 3575 2403 sectionesexquisivimus;

1990 2409 2047 2457 et
2085 2402 2463 2473 tequinoctium
2508 2415 2732 2473 vernum
2768 2419 2782 2454 :
2816 2410 3025 2471 tempus
3062 2402 3210 2473 enim
3239 2402 3466 2458 vernum
3493 2413 3580 2457 est

1991 2486 2060 2543 ex
2088 2470 2327 2543 historia:
2356 2471 2516 2543 serie.
2568 2470 2765 2543 Narrat
2798 2470 2996 2542 quippe
3026 2472 3270 2543 Moyses,
3303 2473 3465 2543 tertia
3489 2472 3579 2529 die

1995 2541 2215 2613 iussisse
2242 2542 2409 2613 Deum
2431 2539 2590 2595 ﬂores
2615 2551 2669 2595 et
2694 2539 2913 2598 arbores
2931 2539 3002 2597 'et
3024 2539 3234 2613 plantas
3264 2543 3400 2598 ﬁeri.
3426 2542 3580 2598 Veris

2031 2627 2109 2668 :rc
2126 2611 2386 2684 symbola,
2417 2625 2648 2684 consona
2680 2620 2802 2667 sunt
2818 2613 2941 2679 arti,
2959 2611 3060 2684 viae
3075 2623 3128 2668 et
3143 2612 3314 2668 ordini
3334 2614 3426 2669 Dei
3446 2628 3580 2668 cun-

1991 2691 2076 2739 cta
2088 2681 2337 2755 creantis.
2356 2681 2487 2750 Quia
2500 2697 2629 2751 ergo
2640 2685 2809 2752 prima
2825 2686 3027 2739 creatio
3043 2683 3280 2755 hominis
3290 2693 3409 2755 post
3420 2686 3580 2754 aequi-

1991 2753 2228 2809 noctium
2248 2752 2384 2807 facta
2400 2760 2515 2829 cst_,
2534 2762 2680 2829 sexta
2707 2755 3009 2829 aequinoctii
3029 2755 3116 2829 die
3143 2752 3305 2829 (naui
3335 2755 3388 2809 in
3417 2752 3579 2829 Para-

1992 2838 2152 2908 sceve
2164 2834 2374 2908 creatus
2389 2831 2473 2908 est
2489 2822 2697 2908 homo),
2718 2822 2843 2908 ln'na
2862 2839 2990 2908 vero
3019 2822 3172 2894 plena
3202 2833 3322 2908 post
3335 2826 3577 2908 aequino-

1992 2896 2158 2951 ctium
2192 2903 2370 2949 creata
2396 2903 2479 2966 est
2512 2894 2699 2964 quarta
2741 2895 2849 2961 die,
2894 2895 3182 2966 lapsusque
3206 2894 3444 2952 hominis
3482 2911 3579 2966 per

1992 2974 2272 3038 peccatum
2297 2964 2657 3021 accidit:ideo
2671 2964 3109 3038 emendationem
3131 2966 3246 3038 ejus
3272 2975 3328 3022 et
3354 2964 3582 3038 renova-

1993 3036 2232 3103 tionem,
2275 3045 2513 3107 tempore
2550 3051 2578 3089 a
2619 3037 2892 3092 creatione
2923 3038 3040 3107 ejus
3072 3036 3292 3093 detinito
3333 3037 3580 3104 assumit,

1992 3107 2369 3179 aequinoctium
2395 3117 2449 3162 et
2476 3106 2736 3179 decimam
2763 3106 3009 3179 quartam
3038 3116 3163 3177 post
3177 3107 3578 3179 mquinoctium,

1993 3177 2245 3248 diemque
2268 3187 2473 3248 sextam
2499 3177 2656 3233 simul
2681 3177 2996 3244 conferens;
3023 3187 3081 3232 ut
3105 3179 3189 3233 his
3207 3177 3455 3233 omnibus
3475 3186 3585 3232 sta-

1994 3251 2121 3305 tutis
2148 3247 2479 3318 temporibus
2498 3289 2513 3313 ,
2540 3250 2657 3317 ejus
2682 3249 2774 3318 qui
2802 3263 2992 3318 passus
3015 3256 3100 3302 est
3128 3248 3582 3304 resurrectionem

1992 3319 2335 3381 ostenderet,
2368 3326 2528 3389 atque
2555 3329 2761 3389 natura:
2790 3319 3195 3374 renovationem
3226 3326 3281 3375 et
3307 3326 3583 3374 restaura-

1992 3393 2217 3446 tionem.
2259 3389 2381 3443 Ideo
2411 3388 2697 3455 Aposmlus
2740 3388 2879 3443 hanc
2919 3389 3364 3444 restaurationem
3400 3404 3429 3442 a
3470 3389 3584 3445 Deo

1992 3460 2189 3514 factam
2217 3459 2523 3523 declarans,
2555 3459 2772 3513 dicebat
2798 3476 2813 3530 :_
2837 3457 2911 3530 In
2938 3459 3079 3512 omni
3112 3459 3362 3530 sapientia
3383 3468 3433 3530 et
3459 3475 3585 3530 pru-

1993 3530 2164 3583 dentia
2192 3544 2211 3581 :
2237 3536 2295 3580 ut
2319 3538 2490 3580 notum
2518 3532 2703 3597 faceret
2728 3527 2871 3581 nobis
2908 3527 3283 3583 sacramentum
3309 3527 3585 3583 voluntatis

1993 3615 2120 3662 sum,
2147 3598 2420 3669 secundum
2444 3597 2815 3669 beneplacitum
2828 3598 2957 3667 ejus,
2982 3598 3119 3666 quod
3142 3598 3405 3669 proposuit
3427 3598 3480 3652 in
3500 3614 3579 3665 eo,

1993 3670 2046 3723 in
2071 3668 2493 3737 dispensationem
2517 3666 3454 3737 plenitudinistempomniinstaurare
3473 3685 3583 3722 oms

1992 3741 2081 3793 nia
2099 3736 2162 3792 ini
2173 3737 2399 3809 Christo,
2409 3736 2523 3807 qua:
2540 3738 2594 3791 in
2613 3737 2775 3809 etatis,
2791 3746 2836 3790 et
2856 3753 2970 3806 quia
2991 3739 3046 3793 in
3066 3748 3199 3794 terra
3222 3747 3339 3795 sunt
3360 3736 3581 3809 (Ep/res.

1995 3812 2048 3867 I.
2080 3808 2265 3880 8-10).
2311 3808 2504 3874 Vides,
2547 3807 2816 3880 quomodo
2868 3811 3313 3869 restaurationem
3353 3807 3577 3874 eorum,

1992 3895 2112 3951 quae
2143 3879 2268 3935 sunt
2295 3880 2356 3951 in_
2379 3888 2553 3951 terra,
2583 3879 2725 3951 dicat
2753 3892 2856 3933 una
2881 3893 3006 3935 cum
3035 3880 3377 3936 caelestibus?
3405 3879 3581 3950 Lapsa

1993 3948 2170 4007 autem
2217 3949 2448 4005 hominis
2493 3948 2799 4021 incidente,
2830 3956 2887 4004 et
2926 3953 3265 4020 separatione
3308 3966 3339 4006 a
3387 3948 3585 4021 pietate

1992 4022 2283 4078 czclestium
2310 4020 2619 4091 angelorum
2640 4060 2656 4085 ,
2681 4020 2905 4091 cupiens
2932 4035 3030 4075 nos
3059 4036 3157 4091 per
3184 4020 3486 4091 passionem
3513 4021 3580 4075 ad

1995 4093 2132 4148 hanc
2160 4089 2418 4146 unitatem
2458 4089 2714 4162 reducere
2736 4131 2751 4162 ε
2780 4090 2910 4162 quid
2939 4089 3079 4147 aliud
3108 4089 3391 4162 operatur,
3421 4106 3580 4162 quam

1968 4163 2435 4244 restaurationem
2458 4159 2755 4244 bonorum}
2780 4159 3010 4232 Ideoque
3032 4159 3272 4244 tempora
3293 4159 3584 4244 creo-tionis

1993 4234 2059 4288 ad
2100 4231 2491 4303 reparationem
2528 4232 2752 4303 assumit
2785 4250 2807 4303 εξ
2830 4246 2894 4286 ac
2928 4231 3245 4303 mysterium
3288 4232 3579 4287 maximum

1992 4301 2180 4357 audire
2216 4302 2435 4373 poteris.
2462 4302 2596 4370 Quia
2624 4302 2766 4373 enim
2795 4301 2912 4357 Iure
2940 4301 3176 4373 tempora
3205 4303 3425 4359 difﬁcile
3451 4319 3584 4359 con-

1993 4371 2465 4441 currerc’possunt
2491 4371 2786 4426 secundum
2824 4371 3062 4442 priorem
3089 4374 3305 4429 modum
3337 4374 3390 4428 in
3420 4388 3581 4429 unam

1992 4455 2047 4498 et
2072 4445 2311 4498 eamdem
2344 4443 2730 4498 hebdomadam
2762 4443 3108 4512 (consideres
3150 4445 3307 4499 velim
3345 4445 3578 4513 priorem

1993 4515 2139 4568 illam
2178 4513 2563 4584 hebdomadam
2589 4553 2611 4584 ,ί
2638 4513 2689 4566 in
2720 4514 2992 4567 creatione
3018 4514 3139 4569 dico
3159 4555 3173 4580 ,
3203 4515 3580 4584 :rquinoctium

1994 4586 2047 4639 in
2074 4584 2336 4656 principio
2362 4584 2413 4638 in
2444 4597 2503 4638 se
2529 4582 2799 4656 habuisse,
2827 4584 3125 4656 deindeque
3147 4582 3335 4656 quarta
3357 4585 3445 4640 die
3471 4586 3583 4656 ple-

1994 4654 2117 4709 nam
2144 4655 2324 4726 Iunam
2343 4698 2357 4719 ,
2386 4664 2443 4709 et
2470 4654 2630 4726 paulo
2660 4662 2779 4723 post
2798 4663 3008 4708 sextam
3037 4654 3209 4723 diem,
3240 4655 3295 4710 in
3335 4670 3436 4726 qua
3466 4654 3576 4710 for-

1994 4736 2170 4779 matus
2197 4737 2279 4780 est
2307 4725 2467 4779 homo
2494 4742 2507 4776 :
2538 4725 2625 4778 illa
2656 4739 2788 4778 vero
2815 4739 2919 4778 non
2951 4735 3173 4793 possunt
3202 4725 3417 4796 semper
3443 4741 3579 4781 con-

1996 4797 2199 4869 tingere
2247 4797 2298 4849 in
2350 4810 2452 4848 una
2498 4796 2794 4869 eademque
2838 4796 3214 4869 hebdomada)
3248 4815 3267 4863 ε
3291 4797 3414 4867 quia
3451 4812 3583 4867 ergo

1994 4864 2208 4938 difficile
2236 4876 2369 4929 erat,
2404 4874 2476 4931 ut,
2510 4865 2956 4934 quemadmodum
2998 4864 3050 4921 in
3088 4864 3259 4938 prima
3286 4864 3578 4934 creatione,

1995 4937 2078 4991 hae
2104 4952 2289 4991 omnes
2330 4945 2627 5005 temporum
2672 4938 2911 5008 rationes
2945 4938 2997 4992 in
3038 4954 3200 4993 unum
3230 4948 3578 5008 cogerentur,

1994 5012 2184 5061 horum
2214 5018 2387 5063 tamen
2409 5021 2671 5062 concursu
2698 5007 2765 5061 ad
2793 5008 3055 5078 passionis
3079 5007 3429 5064 oeconomiam
3456 5008 3583 5062 Sero

1994 5090 2148 5132 valor
2173 5094 2300 5133 usus
2328 5087 2429 5142 est,
2454 5088 2512 5132 ut
2539 5078 2865 5148 propositam
2892 5079 3333 5148 restaurationem
3358 5078 3579 5132 exhibe-

1992 5160 2094 5203 ret.
2128 5148 2357 5219 Ideoqne
2391 5163 2511 5203 cum
2542 5145 2691 5219 saepe
2717 5164 2748 5219 a
2776 5150 2974 5203 Judzeis
3013 5149 3265 5219 qua~situs
3306 5145 3494 5201 fuisset
3523 5158 3583 5200 ut

1995 5217 2569 5289 interticeretur,quod
2592 5217 2826 5289 nondum
2848 5232 3145 5289 concursus
3165 5217 3254 5272 ille
3279 5226 3579 5287 temporum

1995 5289 2295 5352 accideret,
2328 5288 2552 5358 aufugit.
2598 5288 2753 5358 Legis
2782 5289 2979 5358 quippe
3021 5288 3072 5340 in
3110 5288 3414 5356 Evangeliis
3436 5329 3450 5353 ,
3484 5304 3579 5342 vo-

1995 5361 2159 5414 luisse
2198 5360 2413 5414 Iudaeos
2453 5359 2600 5413 illum
2638 5358 3128 5426 comprehendere,
3155 5359 3247 5413 sed
3287 5359 3457 5427 ipsum
3492 5374 3579 5413 rc-

1993 5432 2259 5497 cessisse;
2295 5430 2412 5484 illos
2450 5444 2607 5495 vero,
2639 5428 2728 5498 qui
2774 5429 3087 5498 mysterium
3131 5430 3475 5498 ignorabant,
3510 5446 3577 5485 ex

1994 5509 2141 5554 metu
2172 5499 2366 5555 factum
2399 5497 2683 5569 putavisse.
2718 5497 2842 5552 Non
2863 5497 3197 5568 erat‘autem
3239 5508 3414 5553 metus
3439 5541 3452 5558 .
3482 5500 3576 5553 sed

1993 5585 2287 5625 concursus
2329 5581 2625 5640 temporum
2667 5569 2989 5640 observatio.
3032 5572 3369 5640 Cumporro
3414 5570 3582 5624 Filius

1994 5641 2088 5711 Dei
2122 5649 2420 5711 temporum
2442 5639 2618 5694 notas
2650 5639 2985 5711 collegisset,
3020 5654 3140 5693 cum
3185 5639 3577 5695 hebdomadam

1992 5710 2135 5782 hanc
2163 5709 2403 5765 ad‘illam
2445 5710 2733 5765 creationis
2772 5709 3175 5782 concinnasset,
3214 5720 3376 5782 atque
3410 5713 3578 5782 aequi-

1996 5780 2254 5847 noctium,
2278 5781 2486 5851 plenam
2518 5784 2694 5835 lnnam
2722 5788 2774 5836 et
2802 5780 3156 5849 Parasccven,
3179 5783 3232 5837 in
3260 5780 3360 5853 qua
3392 5780 3582 5853 passu-

3148 5885 3221 5945 1ιῖ
