4028 6144
370 197 478 254 739

371 326 514 366 mam
543 306 996 380 longanimitalcm
1039 304 1605 380 segnis_cvadas,_neu
1637 311 1689 358 te
1730 317 1949 380 semper

369 373 728 451 voluptatibus
742 378 924 451 dedas.
949 376 1025 433 Ne
1039 373 1211 442 dieas,
1231 376 1445 451 interim
1459 375 1615 451 fruar
1637 373 1947 451 cupiditate,

375 444 588 508 interim
631 459 748 504 utar
780 449 1059 517 juventnle
1094 463 1108 500 :
1139 448 1316 502 veniet
1353 446 1582 501 subinde
1623 444 1951 517 pauitentite

370 533 612 591 tempus;
643 534 762 574 cras
781 513 1152 591 pteni_t_entiam
1176 532 1360 591 agam;
1394 513 1694 591 senectutis
1711 524 1953 591 tempore

372 583 537 646 vitain
563 583 902 658 componam.
925 588 1086 642 Vana:
1105 583 1232 642 sunt
1256 585 1558 654 huiusmodi
1579 583 1950 658 cogitationes;

375 661 513 716 fmda
563 660 650 714 illa
683 654 769 713 tua
810 658 1383 728 cupiditatisconsilia
1417 673 1432 708 :
1462 658 1602 710 malo
1647 654 1950 728 consiliario

375 731 541 787 uteris
565 731 856 798 voluptate.
882 725 1074 794 _Dicis,
1105 727 1282 782 llodie
1327 738 1604 798 peccatum
1642 725 1952 798 admittam,

373 816 496 857 cras
511 795 876 870 paenitentiam
894 813 1068 868 agam.
1086 800 1168 852 An
1190 795 1440 870 dominus
1453 812 1523 870 es
1547 795 1653 851 diei
1675 795 1956 870 crastinze?

377 873 499 940 quis
513 864 624 926 'tibi
649 868 756 940 diei
783 864 1034 940 crastina:
1060 866 1328 940 sponsor?
1357 867 1412 922 Si
1435 866 1721 940 diligenter
1746 864 1954 929 audias,

378 937 554 1010 neque
570 949 714 995 totus
744 938 1036 994 hodiernus
1060 937 1290 1010 diesest
1321 945 1441 992 tuus
1475 953 1487 989 :
1519 937 1637 1005 ejus
1669 950 1792 1010 pars
1823 950 1959 1004 prte-

379 1006 523 1067 teriit
548 1051 563 1076 ,
596 1026 715 1080 pars
742 1018 991 1080 superest
1025 1026 1050 1080 :_
1072 1009 1159 1080 illa
1180 1008 1421 1080 jam‘non
1441 1018 1528 1061 tua
1553 1017 1652 1070 eSI,
1691 1006 1961 1080 haecnon-

378 1083 508 1136 tlum
541 1074 651 1134 tua.
680 1081 774 1134 Ais
807 1074 824 1132 Ξ
851 1077 1020 1132 Fruar
1039 1074 1198 1132 hodie
1226 1074 1520 1148 voluptate,
1552 1091 1672 1148 cras
1691 1077 1960 1145 perniten-

381 1153 510 1206 t'tam
555 1165 731 1219 agam.
765 1148 918 1219 Quod
968 1148 1132 1203 habes
1162 1146 1416 1219 voluptati
1439 1188 1455 1212 ,
1503 1146 1780 1219 quodnon
1813 1155 1960 1199 tuum

379 1229 488 1287 est,
517 1215 846 1290 painitentiae
865 1218 1131 1290 deputas?
1157 1218 1274 1290 Meo
1289 1215 1480 1287 potius
1509 1215 1736 1271 consilio
1763 1225 1914 1290 utere
1942 1231 1958 1268 :

385 1287 700 1346 hodiernam
729 1288 877 1358 diem,
899 1287 1228 1358 paenitentiae
1248 1327 1265 1354 ,
1300 1296 1536 1358 peccato
1563 1302 1632 1358 ne
1674 1287 1965 1358 crastinam

383 1360 602 1430 quidem
627 1359 844 1430 deputa.
868 1355 992 1413 Ideo
1021 1357 1241 1428 pulchre
1280 1355 1458 1412 divina
1473 1355 1761 1430 §criptura
1787 1355 1968 1430 diver-_

386 1425 464 1488 sis
488 1445 593 1486 non
624 1425 796 1484 modis
837 1445 868 1482 a
899 1425 1117 1497 peccato
1144 1437 1359 1483 revocat
1402 1449 1417 1480 :
1463 1425 1651 1493 Hodie,
1701 1426 1888 1497 inquit,
1921 1425 1971 1480 si

385 1517 556 1572 uocent
582 1501 692 1572 ejus
737 1499 1021 1572 audieritis,
1057 1499 1224 1572 nolite
1258 1499 1530 1572 obdurare
1580 1497 1737 1572 corda
1780 1507 1964 1572 vestra,

386 1571 583 1626 sicuti»
602 1566 1222 1641 'mcerbatione_r(Psal.
1249 1569 1338 1624 94.
1371 1569 1427 1632 8)
1440 1583 1475 1641 _;
1505 1577 1582 1641 et,
1608 1566 1969 1641 Mbortantiiti

387 1641 712 1712 vosmetipsos
738 1640 897 1712 donec
913 1635 1067 1694 hodie
1088 1640 1381 1712 nominatur
1401 1637 1658 1712 (Hebr._3.
1689 1640 1722 1712 l_
1723 1636 1800 1708 5).
1835 1635 1968 1712 Nam

391 1717 493 1767 hoc
519 1706 732 1782 quoque
746 1710 894 1782 mala
923 1724 1068 1780 saepe
1091 1706 1338 1765 diabolus
1365 1706 1481 1763 arte
1507 1708 1655 1782 facit.
1684 1706 1820 1763 Cum
1849 1707 1968 1782 aui-

393 1777 554 1850 mum'
571 1777 717 1836 videt
743 1781 796 1835 in
823 1777 1161 1850 peccatorum
1185 1793 1404 1835 sensum
1430 1779 1634 1845 venire,
1660 1793 1724 1833 ac
1761 1777 1967 1850 suppli-

387 1852 462 1909 cii
488 1847 649 1907 linem
690 1847 946 1922 cogitare,
976 1850 1110 1922 tales
1132 1850 1366 1904 immittit
1388 1850 1773 1922 cogitationes;
1787 1847 1974 1903 Junior

397 1936 519 1976 sum
541 1961 558 1985 ,
600 1922 704 1992 erit
747 1918 1076 1992 paenitentia:
1101 1931 1346 1992 tempus,
1382 1918 1615 1992 interim
1652 1918 1973 1992 hodie__t_ttar

394 1989 783 2062 praesentibus,
834 1990 1050 2062 interim
1096 1989 1237 2062 hanc
1283 1989 1539 2062 obtinebo
1580 1989 1766 2062 litem,
1824 1989 1974 2062 illum

396 2058 559 2118 talem
587 2061 832 2126 ulciscar,
854 2059 1277 2130 haccupiditate
1289 2059 1456 2127 fruar,
1473 2075 1537 2114 ac
1561 2058 1775 2115 demmu
1800 2058 1978 2130 pinni-

403 2132 627 2186 tentiam
649 2145 826 2200 agam.
851 2129 1008 2185 Venit
1033 2129 1226 2186 iterum
1249 2129 1366 2186 dies
1384 2131 1678 2200 iicrastina,
1714 2129 1980 2200 easdem-

396 2217 506 2273 que
551 2201 649 2273 tibi
679 2200 1329 2273 immittitcogiurtiones,
1380 2199 1671 2273 iisdem__te
1711 2199 1980 2267 intercipit

399 2269 684 2326 diabolicis
755 2269 1084 2326 ratiociniis:
1116 2269 1352 2324 futurum
1403 2269 1677 2336 ostendit,
1742 2283 1982 2338 praesens

401 2341 714 2396 subtrahit:
766 2349 928 2409 atque
958 2341 1027 2395 ita
1057 2340 1314 2410 quotidie,
1344 2340 1398 2394 in
1428 2339 1680 2410 praesenti
1728 2349 1780 2394 te
1824 2338 1981 2394 volu-
2030 2361 2035 2370 ι

402 2412 633 2480 ptatibus
650 2411 918 2477 detinens,
948 2412 998 2464 in
1019 2409 1253 2466 crastino
1284 2409 1609 2481 poenitentize
1631 2424 1780 2478 spem
1805 2418 1985 2465 osten-

400 2483 556 2547 dens,
579 2481 740 2551 vitam
759 2493 902 2536 tuam
926 2481 1252 2551 quotidianis
1282 2480 1334 2534 in
1367 2480 1597 2550 peccatis
1625 2481 1910 2535 consumit.

474 2551 526 2606 2.
560 2549 640 2606 Tu
670 2567 798 2606 vero
838 2549 1022 2606 contra
1051 2549 1377 2606 voluntatem
1407 2551 1574 2604 milita
1606 2563 1622 2603 ε
1649 2551 1771 2605 audi
1804 2551 1989 2606 Domi-

403 2638 533 2676 num
560 2623 878 2677 clamantem
908 2639 920 2675 :
948 2621 1068 2676 Esto
1099 2621 1249 2675 hodie
1275 2621 1538 2675 benevolus
1559 2621 1850 2676 adversario
1876 2631 1984 2685 tuo,

409 2692 652 2761 quamdiu
676 2708 728 2746 es
755 2694 808 2745 in
832 2693 930 2764 ivia
972 2707 1087 2745 cum
1132 2709 1191 2764 eo
1214 2690 1233 2764 (
1253 2689 1439 2764 attlt.
1581 2691 1653 2764 25
1671 2695 1712 2764 ).
1741 2690 1988 2764 Expedit

404 2777 538 2817 sane
565 2772 674 2817 tum
701 2763 966 2826 omnibus,
994 2771 1103 2816 tum
1136 2762 1199 2816 iis
1223 2762 1311 2832 qui
1343 2777 1376 2816 n

405 2848 476 2888 ne
501 2832 883 2888 contentiosius
914 2833 1034 2887 lites
1071 2841 1375 2888 exerceant.

1447 2762 1567 2816 otiis
1590 2761 1754 2817 dediti
1782 2772 1907 2816 sunt
1935 2772 1991 2818 ιιι

1451 2840 1633 2887 rmstat
1652 2833 1916 2901 siquidem
1939 2843 1991 2889 te

412 2904 464 2956 in
497 2903 673 2957 litibus
700 2903 956 2957 incertum
981 2903 1181 2957 exitum
1209 2903 1380 2956 amico
1409 2903 1608 2958 foedere
1634 2913 1988 2972 prrevertere,

407 2988 565 3044 quam
591 2988 688 3042 spe
712 2973 890 3044 nixum
921 2975 1158 3028 victoria:
1183 2973 1389 3028 incerto
1415 2975 1548 3028 mari
1576 2973 1865 3029 conlidere.
1893 2973 1993 3029 Le-

408 3046 492 3114 gis
516 3043 846 3114 syngraphas
876 3052 1024 3110 tuas,
1057 3044 1285 3098 faustum
1325 3058 1515 3110 speras
1541 3045 1742 3100 exitum
1773 3062 1789 3098 :
1824 3045 1994 3100 advo-

407 3123 557 3169 catus
583 3115 731 3169 lucro
755 3129 968 3168 manum
1002 3115 1280 3183 porrigens
1306 3114 1580 3169 victoriam
1609 3115 1904 3182 promittit,
1937 3125 1996 3170 ut

409 3184 711 3239 mercedem
742 3192 992 3252 reportet.
1027 3184 1298 3238 Interdum
1325 3185 1485 3237 etiam
1521 3183 1686 3252 judex
1713 3195 1996 3252 corruptus

416 3253 620 3308 exitum
649 3267 825 3308 causa
855 3254 1154 3322 pollicetur.
1187 3254 1387 3306 Incerta
1419 3268 1514 3322 spe
1553 3253 1756 3307 niteris.
1788 3253 1918 3308 Nam
1950 3255 1998 3309 si

412 3331 470 3378 tu
495 3321 867 3390 antevertens,
881 3323 1109 3392 iudicem
1129 3322 1436 3390 corrupisti,
1452 3321 1749 3391 alienisque
1765 3325 1999 3379 muneri-

415 3393 515 3449 bus
558 3393 813 3462 aperuisti
857 3393 1112 3464 januam;
1175 3393 1374 3463 cogites
1421 3393 1583 3448 velim
1636 3395 1997 3450 adversirium

413 3471 566 3519 tuum
595 3464 825 3534 idipsutn
843 3463 1106 3530 meditari,
1129 3479 1378 3534 sanieque
1400 3464 1495 3518 tibi
1515 3465 1798 3534 tranquillo
1820 3481 1998 3520 rerum

414 3541 630 3590 tuarum
657 3548 818 3590 cursu
857 3535 1120 3604 naviganti
1149 3544 1430 3588 suaserunt
1449 3543 1504 3588 ut
1526 3537 1639 3590 vela
1666 3534 1998 3590 demitteres.

416 3605 787 3675 Numquamne
824 3603 999 3675 vidisti
1043 3619 1195 3675 (mare
1230 3604 1282 3657 in
1331 3605 1506 3659 littore
1535 3605 1906 3675 tranquillum,
1946 3606 2000 3660 in

416 3621 552 3658 num
595 3621 787 3661 uamne
824 3621 999 3659 vtutsu
1048 3621 1195 3658 mare
1231 3621 1282 3657 ιιι
1331 3621 1506 3659 nuore
1535 3621 1906 3675 tranquillum,
1946 3622 1994 3660 tn

415 3675 529 3728 alto
557 3621 1057 3745 ﬂuctibusagitari?
1081 3673 1223 3740 Quot
1253 3675 1540 3744 tranquillo
1566 3675 1699 3729 mari
1738 3679 1994 3745 navigan-

417 3753 534 3816 tes,
564 3745 618 3797 in
647 3743 756 3797 alto
778 3743 1260 3816 _pclago_lluetibus_
1294 3743 1688 3816 repentinisquc
1719 3743 2004 3816 tempesm-

419 3813 560 3867 tibus
585 3812 829 3885 excepti,
864 3812 1196 3885 naufragium
1236 3812 1518 3870 fecerunt?
1559 3812 2002 3885 TI-Iisest‘bujus

422 3884 620 3952 negotii
647 3882 786 3938 finis.
816 3882 1088 3938 Interdum
1114 3886 1264 3940 initia
1293 3900 1443 3953 spem
1475 3900 1583 3954 pra:
1606 3900 1667 3940 se
1697 3884 1895 3948 ferunt,
1916 3882 2002 3940 Ἰἰ-

420 3955 505 4008 nis
529 3969 658 4009 vero
681 3956 1004 4009 contrarium
1028 3956 1228 4024 profert
1249 3965 1523 4011 eventum.
1556 3955 1598 4008 E
1625 3971 1682 4010 re
1707 3957 1865 4024 igitur
1885 3957 2000 4011 fue—

421 4025 493 4078 rit
511 4065 528 4090 ,
555 4034 611 4079 ut
629 4024 738 4081 dixi
756 4066 770 4089 ,
800 4025 1131 4096 pecuniarias
1156 4026 1274 4081 lites
1297 4027 1470 4081 amice
1493 4039 1830 4096 componere,
1866 4035 1922 4080 ut
1952 4026 2005 4082 in

421 4095 620 4165 negotii
650 4096 757 4151 line
779 4095 1007 4150 amicum
1039 4097 1131 4151 tibi
1153 4096 1424 4151 devincias
1449 4112 1464 4149 :
1495 4096 1799 4151 criminales
1825 4107 2003 4152 autem

423 4180 528 4219 non
556 4165 715 4220 modo
759 4181 864 4221 non
892 4181 1217 4235 componere
1238 4207 1253 4231 ,
1309 4165 1404 4221 sed
1435 4167 1595 4221 etiam
1645 4181 1713 4221 ne
1743 4167 2007 4222 intentare

421 4235 638 4304 quidem
686 4236 845 4291 liceat
875 4252 888 4289 :
921 4237 1015 4292 sed
1043 4237 1094 4290 in
1126 4235 1208 4290 his
1247 4237 1406 4290 etiam
1452 4236 1642 4292 melius
1676 4245 1758 4292 est
1795 4238 1962 4292 venia:
1986 4277 2003 4302 ,

422 4321 582 4372 quam
611 4305 706 4360 ira:
727 4307 901 4361 locum
927 4307 1074 4360 dare.
1096 4305 1294 4361 Verum
1313 4307 1398 4361 hic
1421 4323 1525 4362 non
1553 4306 1760 4362 videtur
1786 4308 1915 4362 mihi
1935 4307 2004 4362 de

427 4391 486 4430 re
514 4376 823 4448 pecuniaria
848 4377 1016 4431 solum
1046 4378 1152 4447 agi.
1187 4375 1332 4448 Esto,
1375 4377 1574 4448 inquit,
1600 4377 1863 4431 benevolus
1908 4378 1976 4430 ad
1988 4407 2006 4420 ο

424 4448 644 4501 versario
669 4456 753 4501 tuo
779 4447 899 4513 cito,
921 4449 1041 4500 dum
1067 4463 1120 4502 es
1139 4448 1192 4502 in
1211 4447 1292 4501 via
1316 4461 1431 4501 cum
1449 4447 1528 4502 eo.
1551 4448 1662 4502 Hoc
1676 4448 2010 4501 additamen-

429 4518 770 4588 tttmpprgebet
813 4518 943 4588 mihi
985 4521 1319 4573 occasionem
1365 4519 1536 4588 majus
1563 4518 1829 4588 quidpiam
1864 4518 2009 4587 cogi-

426 4586 593 4658 tandi.
623 4587 756 4642 Nam
785 4589 830 4642 si
867 4587 935 4643 de
965 4589 1282 4658 pecuniariis
1321 4586 1497 4644 litibus
1535 4586 1707 4644 solum
1734 4586 2000 4657 ageretur,

428 4660 512 4730 v_cl
537 4655 603 4711 de
627 4655 992 4730 criminalibus
1039 4660 1572 4730 insensibilibusqne;
1623 4674 1719 4713 cur
1747 4655 2012 4730 adderet,

435 4724 636 4797 Dumes
655 4727 710 4780 in
730 4729 811 4780 via
835 4745 950 4780 cum
976 4745 1034 4782 ea
1058 4730 1083 4780 ?
1101 4730 1219 4797 quis
1247 4724 1586 4784 adversarius
1613 4744 1733 4784 cum
1759 4724 2010 4783 adversa?-

429 4798 511 4852 rio
539 4795 641 4851 iter
667 4797 906 4867 instituat
928 4799 950 4851 ?
976 4798 1095 4867 quis
1118 4795 1190 4853 se
1212 4800 1414 4852 socium
1443 4798 1648 4854 itineris
1682 4799 1888 4853 dederit
1916 4799 1964 4851 ei
1990 4837 2006 4863 ,

425 4867 518 4935 qui
565 4881 688 4922 cum
737 4865 917 4922 animo
945 4865 1050 4922 non
1099 4868 1404 4922 consentit?
1448 4885 1554 4923 non
1606 4870 1758 4923 timet
1786 4868 2010 4924 tabellas

428 4936 530 4993 sibi
577 4937 720 4993 furto
755 4938 985 5004 aul‘erri,
1017 4947 1180 4992 testes
1231 4938 1536 5006 corrumpi,
1587 4938 1803 4992 insidias
1845 4939 1897 4992 in
1928 4939 2009 4993 via

429 5009 530 5061 sibi
559 5009 773 5078 parari?
802 5009 1042 5062 Invenire
1081 5023 1210 5078 ergo
1236 5007 1491 5078 debemus
1520 5008 1882 5062 adversarium
1916 5010 2005 5074 qui

428 5092 527 5131 nos
556 5093 770 5148 semper
790 5081 1095 5142 comitetur,
1127 5077 1280 5148 cujus
1301 5077 1609 5132 societatem
1631 5119 1647 5146 ,
1679 5083 1778 5132 etsi
1817 5078 2006 5132 admo-

427 5148 555 5221 dum
580 5165 862 5204 caveamus
881 5189 896 5216 ,
937 5149 1169 5221 eil'ugere
1203 5165 1308 5203 non
1342 5149 1607 5221 possimus
1626 5188 1641 5212 ,
1664 5158 1718 5202 et
1749 5149 1891 5203 hunc
1914 5165 2008 5221 ευέ

428 5219 600 5284 gitare
645 5219 1065 5282 adversarium,‘
1096 5221 1310 5290 quicum
1353 5236 1452 5274 nos
1502 5219 1760 5274 beneVolc
1811 5220 2010 5274 versari

435 5291 731 5360 conveniat.
755 5291 884 5358 Quis
907 5306 1036 5360 ergo
1077 5303 1160 5346 est
1196 5307 1356 5347 verus
1398 5291 1487 5345 ille
1529 5291 1912 5346 adversarius?
1952 5290 2010 5345 Si

432 5358 714 5430 diligenter
741 5377 948 5430 quaeras
968 5358 992 5427 ,“
1010 5377 1205 5431 corpus
1231 5363 1422 5417 animae
1455 5379 1468 5414 :
1516 5361 1600 5416 hic
1627 5371 1710 5416 est
1758 5361 2008 5414 adversa-

432 5431 543 5484 rius
570 5434 686 5500 ejus
714 5432 804 5501 qui
837 5431 888 5485 in
917 5440 968 5503 te
993 5443 1076 5487 est
1097 5473 1112 5500 ,
1137 5433 1375 5503 spiritus.
1405 5431 1482 5486 Ne
1507 5447 1633 5486 vero
1654 5442 1807 5503 putes
1835 5446 2010 5485 meum

432 5515 551 5554 esse
572 5517 896 5566 sermonem,
922 5501 1112 5559 Paulus
1132 5501 1411 5558 cenlirmet
1432 5503 1484 5555 id
1505 5503 1643 5570 quod
1656 5501 1862 5554 dictum
1889 5512 1970 5555 est
1995 5517 2007 5553 :

433 5572 564 5622 Caro
587 5574 891 5640 concupiscit
917 5574 1153 5628 adversus
1180 5575 1432 5640 spiritum,
1461 5582 1506 5624 et
1535 5571 1741 5640 spiritus
1769 5572 2007 5624 adversus

434 5654 634 5696 canunt
663 5657 684 5697 .'
730 5643 840 5702 iure
857 5652 1023 5698 autem
1043 5645 1135 5699 sibi
1164 5645 1372 5698 invicem
1397 5644 1726 5697 adversantur
1754 5641 1908 5714 (Gal.
1955 5643 2009 5696 5.

1851 186 2118 247 SPURIA.
2170 191 2172 193 ’

3550 183 3658 244 760

2062 302 2174 371 t7).
2201 300 2307 356 Nec
2328 297 2739 355 Maniclneorum
2759 294 2951 353 induco
2970 296 3289 371 doctrinam,
3309 311 3482 368 neque
3497 296 3660 371 alium

2060 366 2305 440 corporis
2363 381 2662 426 creatorem
2700 377 2888 440 statuo
2929 386 2943 422 :
3001 366 3098 422 sed
3149 382 3283 440 caro
3332 366 3660 440 concupiscit

2059 439 2321 496 adversus
2339 440 2607 504 soiritum,
2627 439 2900 509 voluptate
2920 447 3079 493 utens
3101 439 3405 509 consiliario
3429 455 3444 503 ;
3474 451 3527 492 ct
3545 455 3653 506 ενι..

2060 513 2195 567 ritus
2215 512 2473 566 adversus
2499 526 2738 573 carnem,
2759 508 2869 579 ’spe
2910 511 3070 563 nisus
3097 508 3418 579 futurorum.
3453 509 3661 563 Adver-

2059 591 2246 636 santur
2301 582 2527 636 invicem
2569 578 3003 650 concupiscentia
3031 578 3253 650 mundi,
3301 587 3369 650 et
3403 579 3666 650 concupi-

2061 653 2266 708 scentia
2311 651 2460 722 regni
2504 649 2776 722 ett-lorum.
2823 649 2920 705 Hic
2963 659 3049 722 est
3099 649 3482 722 adversarius,
3531 649 3665 722 qui,

2063 724 2221 776 velim
2249 718 2436 786 nolim,
2463 736 2548 776 me
2575 721 2861 776 comitatur
2889 738 2902 772 :
2937 721 3021 774 via
3051 719 3249 789 quippe
3273 727 3357 774 est
3381 718 3496 774 hzec
3522 719 3654 772 vita.

2063 793 2256 864 Anima
2287 793 2574 864 imaginem
2601 806 2752 846 suam
2785 791 2979 864 imitari
3000 790 3199 864 studet,
3223 804 3352 864 caro
3376 789 3428 843 in
3471 789 3661 858 pulve-

2065 878 2177 917 rem
2219 859 2426 918 deﬂuit:
2459 861 2585 916 Htec
2622 872 2800 916 autem
2849 861 2949 914 sibi
3005 860 3231 914 invicem
3281 859 3660 915 adversantur.

2065 933 2201 988 Huic
2217 934 2526 988 adversario
2544 942 2634 986 tuo
2650 942 2767 987 csto
2782 929 3092 986 benevolus.
3115 929 3503 996 Quandonam?
3527 929 3670 985 Dum

2064 1020 2119 1058 es
2144 1004 2197 1058 in
2218 1004 2298 1086 via
2315 1020 2428 1085 cum
2449 1019 2506 1056 eo
2527 1000 2741 1076 (Matth.
2768 1003 2824 1057 δ.
2854 1002 2971 1125 251),
3003 1001 3130 1056 dum
3160 1001 3214 1054 in
3241 1001 3344 1082 hac
3369 1000 3478 1082 vita
3492 1000 3667 1082 degis.

2065 1069 2198 1125 Nam
2222 1090 2266 1125 sn
2283 1083 2389 1125 vita
2412 1073 2574 1125 ﬁnem
2592 1072 2804 1125 habeat.
2827 1071 2915 1125 nul
2942 1087 3030 1125 um
3061 1071 3199 1125 ultra
3218 1072 3312 1125 ttbt
3341 1081 3667 1125 paenitentia:

2065 1069 2198 1128 Nam
2222 1075 2266 1129 si
2283 1075 2389 1128 vita
2412 1069 2574 1128 linem
2592 1072 2804 1136 habeat,
2827 1069 3030 1126 nullum
3061 1071 3199 1125 ultra
3218 1071 3312 1125 tibi
3341 1069 3671 1140 pteniten'tia:

2067 1152 2298 1214 tempus,
2326 1143 2579 1214 Quoniam
2600 1159 2703 1198 non
2730 1152 2804 1214 est
2830 1141 2889 1214 in
2909 1141 3175 1214 mortequi
3201 1138 3591 1214 memorsittui,
3614 1138 3671 1214 in

2066 1209 2468 1283 infer-“novantem
2495 1213 2608 1284 quis
2659 1212 2980 1284 conﬁtebitur
2999 1209 3282 1284 tibi‘(P_sa_l.
3313 1213 3368 1284 6_.
3390 1209 3448 1281 6)
3460 1211 3503 1284 7??
3534 1211 3671 1267 Huic

2069 1281 2198 1354 ergo
2218 1281 2535 1354 adversario,
2547 1291 2662 1354 esto
2683 1283 2996 1354 benevolus.
3021 1281 3136 1354 Non
3152 1281 3306 1354 dixit,
3323 1282 3670 1354 Gratiticans,

2073 1351 2189 1418 sed,
2207 1351 2505 1408 Benevolus.
2523 1352 2598 1408 Ne
2614 1368 2778 1408 suave
2795 1352 2921 1423 quid
2939 1353 3098 1408 facias
3114 1351 3425 1423 adversario
3441 1361 3554 1418 tuo,
3570 1351 3670 1406 sed

2073 1433 2132 1495 ut
2167 1424 2458 1495 benevolus
2479 1439 2512 1479 a
2539 1422 2898 1495 voluptatibus
2938 1423 3006 1495 ad
3049 1422 3416 1495 paenitentiam
3444 1438 3662 1495 revoca.

2070 1494 2189 1550 Non
2220 1505 2273 1552 te
2315 1494 2468 1564 jubet
2497 1502 2557 1549 ιιι
2595 1492 3060 1564 saisamentarium
3090 1492 3269 1548 omnia
3310 1492 3380 1547 ad
3421 1494 3673 1564 corporis

2075 1562 2404 1636 voluptatem
2451 1563 2664 1630 facere;
2704 1563 2802 1636 sed
2827 1573 2886 1618 ut
2909 1563 3176 1620 medicum
3219 1577 3403 1636 agere.
3432 1562 3674 1636 Medicus

2074 1633 2220 1693 enim
2267 1649 2412 1705 sape
2437 1650 2679 1689 amarum
2718 1634 2946 1705 miscetZ
2972 1643 3171 1705 secat,
3220 1633 3362 1705 urit,
3405 1641 3464 1688 et
3507 1633 3673 1687 illata:

2078 1703 2665 1762 molestite’mercedem
2686 1704 2900 1774 accipit.
2924 1703 3072 1760 Licet
3088 1705 3231 1759 enim
3251 1703 3430 1774 aliquo
3449 1718 3674 1774 sensum

2076 1776 2530 1846 doloreraﬁ'ecerit
2548 1817 2564 1843 ,
2595 1776 2784 1846 aegroti
2808 1773 2996 1831 tamen
3038 1775 3267 1846 salutem
3295 1773 3367 1846 iu_
3382 1787 3548 1846 scopo
3573 1773 3678 1846 ha-

2081 1847 2216 1916 buit.
2249 1845 2333 1900 Ne
2360 1846 2492 1916 forte
2517 1842 2687 1900 tradat
2711 1855 2760 1900 te
2785 1846 3103 1900 adversarius
3135 1844 3306 1916 judici
3346 1842 3575 1916 (Matth.
3617 1845 3680 1900 5.

2077 1915 2173 1987 25)
2195 1957 2209 1981 ,
2237 1915 2414 1971 futuro
2440 1931 2634 1985 nempe
2660 1916 2832 1972 Judici
2868 1933 2882 1972 :
2913 1915 3243 1987 Adversarius
3273 1930 3294 1968 :
3335 1915 3423 1987 cui
3452 1915 3498 1969 si
3529 1929 3682 1987 nune

2077 1984 2413 2057 gratificeris,
2443 1984 2754 2042 tunc’Judex
2781 1985 3148 2057 tegtraditurus
3175 1994 3264 2041 est
3285 1984 3553 2050 ministro,
3584 1985 3674 2039 ul-

2083 2055 2308 2113 tricibus
2335 2057 2556 2127 scilicet
2583 2055 2940 2127 potestatibus
2965 2075 2979 2112 :
3007 2065 3062 2112 et
3090 2057 3142 2112 in
3189 2070 3463 2127 carcerem
3507 2057 3680 2127 conji-

2085 2127 2285 2194 cieris,
2331 2126 2386 2182 in
2418 2125 2667 2183 tenebras
2710 2128 3048 2195 exteriores,
3095 2127 3273 2182 locum
3320 2125 3680 2195 horrendum.

2087 2196 2209 2253 Non
2232 2199 2391 2253 exibis
2415 2198 2553 2264 inde,
2577 2199 2734 2253 donec
2758 2197 2946 2253 reddas
2973 2194 3295 2253 uerissimam
3323 2194 3680 2265 quadrantem.

2086 2267 2144 2323 Si
2169 2279 2295 2324 ante
2321 2277 2548 2325 mortem
2594 2268 2833 2324 debitum
2861 2269 3127 2334 solveris,
3179 2267 3410 2322 solutum
3457 2266 3682 2320 omnino

2086 2348 2171 2394 est
2202 2357 2216 2393 :
2247 2339 2292 2394 si
2317 2339 2528 2394 debitor
2571 2339 2840 2403 moriaris,
2873 2339 3033 2394 etiam
3062 2337 3333 2394 residuum
3361 2336 3448 2391 vel
3473 2337 3683 2392 minimi

2091 2409 2257 2491 debiti
2284 2409 2688 2491 a_tenexigetur.
2712 2408 2852 2491 Quid
2862 2417 2975 2491 ρει.
2993 2408 3149 2491 illud2
3178 2406 3232 2462 Ν
3236 2407 3524 2491 ocissimum
3549 2423 3681 2491 qua-

2088 2480 2352 2534 drantem?
2374 2476 2626 2546 Quoniam
2667 2479 2906 2550 cogitatio
2955 2479 3172 2532 hominis
3215 2476 3682 2550 conﬁtebiturtibi,

2091 2559 2138 2604 et
2164 2545 2880 2620 reliquiaecogitationis'diem
2905 2553 3089 2620 festum
3110 2557 3258 2618 agent
3284 2547 3374 2602 tibi
3390 2549 3413 2617 .(
3423 2546 3567 2620 Psal.
3590 2545 3684 2602 75.

2092 2619 2204 2691 ιι).
2235 2618 2362 2675 Hmc
2388 2634 2510 2691 cum
2532 2621 2738 2691 sciatis,
2767 2618 2994 2691 fratres,
3032 2627 3351 2691 comparate
3381 2618 3684 2691 voluptates

2092 2688 2214 2745 cum
2261 2692 2440 2744 futuro
2477 2689 2660 2760 judicii
2691 2688 2812 2757 die,
2845 2700 2901 2746 et
2943 2689 3146 2746 Judicis
3167 2688 3480 2745 sententia:
3525 2695 3687 2760 atque

2095 2770 2222 2816 tunc
2251 2761 2430 2816 scietis
2454 2759 2611 2830 quam
2640 2775 2821 2815 amara
2869 2763 2939 2816 sit
2972 2762 3243 2830 voluptas,
3267 2773 3391 2814 cum
3432 2759 3687 2812 noveritis

2095 2842 2308 2901 quaulze
2335 2829 2704 2886 amaritudinis
2730 2832 2800 2885 sit
2824 2829 3491 2901 conciliatrix.AVultisne,
3515 2837 3572 2882 ut
3618 2843 3686 2882 ex

2096 2899 2303 2957 duobus
2342 2902 2664 2972 evangelicis
2691 2902 2954 2957 conviviis
2983 2901 3114 2972 quid
3143 2899 3526 2972 admonitionis
3565 2913 3684 2951 mu-

2101 2982 2333 3036 tuemur,
2385 2969 2504 3042 quis
2533 2987 2726 3042 nempe
2779 2972 2850 3026 sit
2872 2969 3308 3042 voluptuosorum
3355 2969 3518 3042 linis,
3547 2973 3686 3042 _quis

2100 3058 2228 3098 vero
2255 3039 2626 3114 paenitentiam
2662 3039 2910 3098 iructus?
2951 3039 3031 3099 Ne
3060 3040 3428 3114 veromireris
3470 3041 3514 3094 si
3541 3039 3688 3114 Scri-

2101 3110 2714 3184 ptura'voluptuosorum
2737 3114 2981 3184 convivia
2999 3128 3143 3184 saape
3157 3111 3441 3184 describat
3468 3110 3684 3184 :_omnia

2099 3180 2295 3253 quippe
2341 3180 2616 3248 describit,
2646 3183 2773 3254 quid
2801 3199 3015 3250 caveas,
3043 3180 3174 3254 quid
3198 3181 3444 3254 imiteris.
3479 3180 3688 3235 Descri-

2102 3254 2180 3307 bit
2198 3252 2563 3324 voluptuosos,
2593 3252 2928 3324 utwpcrpetua
2950 3252 3072 3316 illos
3099 3252 3314 3308 infamia
3336 3260 3504 3324 notet,
3529 3260 3690 3320 utque

2103 3324 2223 3378 illos
2248 3323 2443 3378 imitari
2465 3338 2658 3395 caveas
2675 3322 2697 3378 Ξ
2722 3322 2978 3380 describit
3007 3324 3311 3395 religiosos,
3338 3331 3396 3376 ut
3421 3322 3486 3376 ad
3507 3336 3690 3395 exem-

2103 3395 2248 3464 phnn
2281 3394 2605 3464 poenitentia:
2629 3409 2880 3450 accurras
2900 3435 2916 3462 ,
2967 3392 3133 3465 utque
3156 3393 3532 3465 voluptuosum
3555 3392 3686 3465 reli-

2102 3462 2254 3534 gioso
2283 3462 2657 3534 comparans,
2709 3465 2856 3520 illum
2902 3462 3201 3530 averseris,
3257 3462 3395 3518 hunc
3442 3462 3689 3516 imiteris.

2104 3533 2289 3604 Sitque
2315 3535 2417 3589 hoc
2439 3533 2816 3590 documentum
2841 3535 3210 3604 prudentibus,
3237 3544 3382 3589 utne
3409 3541 3686 3602 spectaco.

2106 3605 2172 3660 lis
2195 3603 2419 3674 publicis
2441 3606 2628 3660 oculos
2664 3603 2918 3675 pascant,
2948 3621 3085 3661 neve
3122 3603 3279 3661 facile
3307 3605 3374 3659 ad
3399 3604 3692 3675 hippodro-

2107 3691 2250 3729 mum
2279 3684 2532 3740 currant,
2561 3675 2643 3747 vel
2669 3674 2831 3747 noctu
2866 3675 3142 3747 spectandi
3193 3676 3369 3730 locum
3397 3674 3451 3728 in
3479 3674 3694 3747 theatro

2106 3753 2369 3814 occupent
2394 3763 2408 3799 :
2440 3745 2654 3816 vesania
2681 3746 2876 3816 quippe
2895 3744 2984 3802 est
3013 3747 3243 3816 turpium
3266 3744 3691 3816 spectaculorum

2107 3813 2458 3884 exspectatio.
2505 3814 2656 3870 Diem
2698 3813 2847 3871 enim
2902 3813 3245 3873 antevertunt
3279 3813 3347 3870 ex
3391 3813 3695 3869 vehementi

2108 3885 2400 3952 desiderio,
2433 3894 2593 3940 noctu
2615 3888 2955 3942 tenebrarum
2977 3888 3154 3942 locum
3180 3893 3464 3954 occupant,
3494 3894 3552 3938 ut
3578 3893 3694 3938 tur-

2110 3956 2277 4026 pibus
2299 3957 2619 4026 spectaculis
2646 3956 2830 4012 oculos
2854 3958 3160 4020 oblectent,
3187 3971 3251 4012 ac
3280 3955 3512 4011 ferarum
3547 3969 3697 4009 cum-

2109 4025 2216 4096 que
2257 4025 2387 4081 feris
2418 4029 2840 4098 concertantium
2869 4041 3071 4098 pugnas
3097 4029 3313 4098 videant
3342 4047 3356 4081 :
3401 4026 3696 4094 sedentque

2109 4111 2254 4166 sarpe
2298 4106 2628 4166 spectatores
2653 4136 2671 4165 ,
2713 4097 3144 4154 benevolentiam
3177 4097 3432 4167 majorem
3467 4110 3592 4165 erga
3621 4099 3696 4149 fe-

2110 4183 2229 4238 riis.
2246 4181 2404 4238 quam
2429 4183 2554 4237 erga
2580 4183 2911 4238 congeneres
2937 4166 3278 4225 exhibentes.
3302 4166 3422 4221 Non
3462 4167 3689 4218 misere-

2114 4236 2188 4290 ris
2217 4236 2666 4292 infelicem’illum
2688 4236 2709 4304 ζ
2731 4239 2820 4308 qui
2851 4247 2909 4293 ut
2933 4248 3176 4294 ventrem
3205 4238 3445 4308 impleat,
3476 4238 3529 4290 in
3559 4239 3698 4308 fera-

2112 4322 2232 4380 rum
2285 4316 2528 4380 ventrem
2573 4306 2774 4380 spontei
2805 4309 2918 4363 abit
2959 4324 2974 4364 :
3033 4319 3202 4380 utque
3259 4306 3395 4377 gula;
3449 4306 3692 4380 morbum

2112 4378 2341 4445 expleat,
2377 4378 2606 4433 libenter
2634 4379 2732 4432 sibi
2765 4379 2817 4434 in
2851 4389 3039 4434 ventre
3070 4378 3363 4434 bestiarum
3389 4378 3692 4447 sepulcrum

2113 4455 2285 4517 parat.
2319 4448 2413 4502 Ille
2455 4449 2896 4516 intemperantem
2929 4449 3089 4505 habet
3114 4461 3352 4504 ventrem
3378 4488 3394 4511 ,
3426 4446 3479 4501 tu
3522 4461 3588 4501 ne
3617 4446 3695 4498 in-

2114 4526 2500 4588 temperantem
2530 4519 2744 4573 oculum
2795 4519 3011 4576 habeas.
3048 4520 3198 4574 Alius
3225 4519 3418 4572 mimus
3460 4517 3692 4587 ingredi-

2116 4597 2223 4653 tur,
2249 4589 2326 4660 ad_
2345 4588 2727 4660 turpitudinem
2765 4590 3004 4645 membra
3027 4604 3389 4660 componens,
3421 4588 3552 4642 risui
3580 4599 3694 4660 sese

2113 4658 2364 4714 mercede
2408 4659 2625 4730 locans,
2657 4675 2816 4730 quem
2848 4661 3014 4730 pudet
3055 4658 3165 4715 nisi
3186 4659 3398 4729 publice
3443 4658 3650 4730 vapulet
3674 4697 3690 4718 .

2117 4737 2495 4800 portarumque
2523 4728 2734 4799 fragore
2774 4728 2940 4800 genas
2967 4728 3251 4800 praeparat,
3276 4729 3537 4783 novacula
3565 4728 3694 4800 pilos

2115 4799 2393 4871 detondet,
2419 4811 2482 4871 ut
2496 4800 2729 4871 nepilus
2752 4799 2975 4871 quidem
2988 4799 3335 4871 contumeliis
3351 4800 3515 4871 obsit.
3549 4799 3692 4850 Alius

2117 4869 2363 4923 muliebri
2410 4869 2692 4940 saltatioue
2743 4869 3046 4940 emollitus,
3080 4872 3275 4940 illaque
3323 4869 3539 4940 imitans
3582 4881 3695 4940 qua:

2116 4941 2288 4992 virum
2314 4954 2421 5012 non
2467 4939 2694 5012 decent,
2737 4938 3040 5012 dolensque
3057 4938 3205 5011 quod
3243 4955 3360 5012 non
3391 4939 3586 5012 femina
3631 4938 3697 4990 sit

2116 5021 2273 5064 natus
2293 5047 2311 5076 ,
2341 5010 2642 5065 simulatam
2666 5022 2868 5066 naturae
2893 5009 3238 5066 mutationem
3259 5009 3446 5064 ambit.
3472 5009 3696 5076 Haecque

2116 5080 2296 5135 Omnia
2329 5081 2528 5135 ventris
2556 5091 2612 5135 et
2635 5093 2870 5150 quaestus
2897 5098 3058 5137 causa
3088 5080 3233 5146 facit,
3269 5097 3356 5136 res
3383 5078 3698 5135 fmdissimas

2119 5165 2447 5222 persequens
2477 5169 2490 5205 ε
2518 5151 2588 5206 de
2626 5153 2817 5222 quibus
2849 5154 2962 5207 haac
2993 5152 3140 5207 Pauli
3186 5152 3350 5222 verba
3376 5151 3556 5222 dicere
3595 5163 3699 5222 par

2117 5219 2199 5293 est
2228 5237 2242 5274 :
2274 5221 2520 5293 Quorum
2542 5219 2668 5293 deus
2691 5230 2861 5276 venter
2885 5231 2956 5276 est
2974 5263 2990 5289 ,
3038 5232 3083 5277 et
3106 5221 3270 5293 gloria
3316 5221 3369 5273 in
3405 5219 3701 5293 confusione

2118 5292 2343 5360 ipsorum
2374 5291 2632 5362 (Philipp.
2655 5291 2709 5347 ὅ.
2738 5294 2846 5363 l9).
2874 5293 2955 5347 Ad
2994 5291 3203 5348 lunone
3230 5291 3564 5363 concurratis
3588 5329 3604 5354 ,
3637 5303 3701 5341 ne

2123 5363 2334 5433 veloces
2365 5361 2527 5430 pedes
2545 5361 2620 5416 ad
2671 5361 2974 5432 hujuSmodi
3005 5377 3218 5433 gressus
3261 5361 3480 5433 vertatis
3500 5374 3710 5433 ,_neve

2121 5431 2172 5484 in
2205 5429 2445 5487 convivia
2476 5443 2652 5488 vestra
2683 5429 2851 5488 foedas
2877 5429 3176 5502 voluptates
3214 5431 3500 5486 inducatis.
3520 5429 3704 5502 inter-

2119 5503 2246 5557 dum
2275 5503 2408 5557 dicis
2443 5521 2453 5556 :
2486 5503 2774 5558 Theatrum
2815 5499 3055 5571 aversoi',
3089 5517 3418 5572 nequaquam
3469 5499 3537 5557 ad
3579 5515 3707 5568 gra-

2121 5573 2222 5626 dus
2251 5573 2484 5627 ascendo
2512 5593 2526 5640 ;
2570 5575 2870 5628 convivium
2918 5584 3000 5629 est
3045 5575 3344 5640 ltrtitichue
3372 5581 3602 5639 tempus.
3637 5574 3706 5622 At

2123 5643 2231 5699 illic
2257 5646 2425 5712 turpia
2454 5647 2784 5701 theatrorum
2814 5645 3116 5715 speetacula
3139 5643 3422 5700 cxbibetis.
3445 5641 3582 5709 Quid
3609 5641 3704 5694 tibi
