4104 6356
550 451 611 506 ΙΙ
1903 445 2175 501 εειηιειι
2216 446 2419 502 ΡᾹΡΕ
2462 445 2482 498 Ι
3762 440 3824 496 ΙΞ

548 575 754 622 amator
780 566 856 636 (t)
903 565 1031 620 cieri
1064 573 1116 619 et
1147 577 1437 632 pauperum
1466 605 1479 626 ,
1513 569 1566 616 et
1599 561 1796 615 clerum
1829 564 2124 632 ampliavit.
2157 568 2208 627 Α
2237 564 2398 627 drete,
2435 563 2516 614 via
2543 560 2800 614 Lav'cana
2836 576 2886 614 in
2922 559 3139 613 fundum
3167 559 3218 612 in
3251 558 3372 612 villa
3409 565 3642 626 pertusa.
3679 557 3826 613 Fecit

547 661 646 714 llic
690 661 932 714 liberavit
979 674 1008 712 a
1041 656 1275 724 periculo
1308 656 1460 711 famis
1488 655 1757 710 cititatem
1808 655 2124 709 Romanam.

548 751 646 806 llic
695 749 816 805 fecit
858 749 1206 803 constitutum
1247 749 1314 802 de
1349 746 1495 801 omni
1540 747 1801 802 Ecclesia.
1833 745 1907 818 (a)
1962 747 2128 816 llnjus

547 843 874 911 temporibus
902 840 1094 895 iterum
1137 841 1280 896 venit
1313 839 1499 896 relatio
1537 840 1604 896 de
1631 838 1834 895 Graecia
1863 882 1874 904 ,
1901 855 1968 896 eo
1990 837 2128 909 quod

546 935 711 988 multa
751 933 888 986 mala
924 942 979 987 et
1024 927 1309 987 homicidia
1356 932 1546 985 tierent
1572 943 1601 983 a
1650 931 1807 985 Petro
1838 938 1892 986 et
1935 930 2132 986 Aeacio

545 1025 1162 1093 Constantinopolitano.
1212 1022 1414 1077 Eodem
1447 1032 1685 1090 tempore
1714 1020 1923 1090 fugiens
1969 1022 2134 1076 Joan—

548 1133 645 1172 nes
677 1115 1070 1171 Alexandrinus
1095 1115 1378 1186 episcopus
1413 1113 1710 1168 catholicus
1733 1113 1880 1169 venit
1909 1114 2131 1167 Romam

546 1209 611 1261 ad
659 1206 840 1262 sedem
883 1206 1254 1276 apostolicam.
1309 1205 1476 1273 Quem
1510 1205 1568 1259 Β.
1620 1205 1867 1260 Gelasius
1899 1205 2135 1274 suscepit

546 1314 667 1352 eum
700 1298 864 1366 gloria
892 1337 909 1362 ,
949 1297 1034 1350 cui
1074 1296 1236 1351 etiam
1265 1306 1320 1350 et
1350 1295 1638 1350 secumlam
1670 1295 1852 1351 sedem
1886 1297 2132 1364 praibuit.

547 1391 679 1458 Ipsis
711 1389 1043 1459 temporibus
1067 1390 1188 1444 fecit
1213 1389 1496 1458 synodum,
1525 1399 1578 1442 et
1607 1388 1752 1442 misit
1784 1401 1879 1457 per
1908 1396 2135 1442 tractum

548 1485 784 1537 Orientis
811 1523 826 1546 ,
859 1493 912 1536 et
937 1484 1128 1536 iterum
1158 1481 1238 1554 (2)
1260 1482 1538 1536 damnavit
1572 1483 1623 1533 in
1651 1491 1967 1552 perpetuum
2001 1483 2139 1536 Aca-

549 1574 688 1629 cium
718 1585 772 1629 et
794 1575 1010 1630 Petrum
1032 1619 1045 1643 ,
1079 1575 1123 1629 si
1157 1591 1261 1628 non
1293 1574 1370 1642 (3)
1403 1575 1758 1643 pmnitentes,
1791 1575 1892 1628 sub
1922 1571 2136 1628 satisfa-

551 1667 726 1720 ctione
759 1665 1292 1735 libelli,postnlarent
1313 1665 1705 1734 paenitentiam,
1735 1663 1816 1733 (ι)
1845 1662 2139 1718 secundum

553 1758 935 1812 humanitatem
990 1757 1179 1826 prima:
1219 1756 1364 1812 sedis
1413 1756 1686 1811 Ecclesia.
1733 1756 1830 1810 llic
1877 1753 2144 1811 dedicavit

554 1847 830 1903 basilicam
859 1857 1058 1902 sancta:
1090 1846 1405 1918 Euphemia:
1431 1847 1685 1916 martyris
1722 1846 1776 1900 in
1805 1845 2021 1899 civitate
2053 1845 2142 1898 Ti-

2237 665 2414 710 autcm
2447 664 2502 708 et
2534 653 2806 708 basilicam
2855 663 3054 706 sancta:
3100 651 3276 706 Maria:
3309 653 3389 706 via
3417 652 3736 706 Laurentina
3773 655 3822 704 in

2235 745 2401 801 fundo
2443 735 2696 812 Crispini,
2747 743 2992 798 milliario
3041 743 3109 796 ab
3143 741 3283 797 Urbe
3310 738 3400 796 ΞΟ.
3453 741 3530 810 (b)
3567 740 3661 794 llic
3691 740 3819 794 fecit

2235 839 2468 907 quinque
2521 835 2687 892 libros
2729 835 2986 890 adversus
3028 834 3331 890 Nestorium
3388 843 3442 888 et
3487 833 3820 902 Eutychem,

2237 927 2423 999 (5)qul
2453 926 2609 982 hodie
2639 924 3042 982 in'bibliotbeca
3068 935 3120 982 et
3149 921 3367 980 archiva
3398 925 3640 980 ecclesia:
3657 926 3828 979 conti-

2239 1030 2452 1076 nentur.
2490 1020 2640 1074 Fecit
2677 1028 2731 1073 et
2761 1019 2987 1090 hymnos
3020 1020 3070 1072 in
3101 1017 3317 1072 modum
3369 1017 3508 1073 beati
3555 1019 3824 1073 Ambrorii

2237 1110 2494 1181 cpisc0pi.
2527 1110 2656 1165 Item
2701 1109 2836 1164 duos
2887 1110 3053 1164 libros
3107 1109 3366 1163 adversus
3411 1109 3619 1162 Arium.
3680 1109 3830 1163 Fecit

2238 1202 2406 1258 etiam
2454 1212 2510 1257 et
2562 1213 3021 1256 sacramentorum
3068 1200 3409 1269 prazfationes
3460 1210 3514 1256 et
3559 1203 3828 1256 orationes

2245 1304 2402 1348 cauto
2423 1302 2764 1359 sermone,et
2781 1293 3035 1360 epistolas
3059 1292 3179 1347 fidei
3202 1292 3421 1347 elimato
3449 1306 3699 1346 sermone
3723 1291 3824 1361 (6).

2248 1384 2471 1440 Multum
2505 1385 2604 1439 sub
2628 1384 2784 1453 hujus
2812 1385 3120 1454 episcopatu
3149 1383 3324 1439 clerus
3344 1383 3549 1438 crevit.
3583 1382 3678 1436 llic
3707 1383 3830 1436 fecit

2247 1476 2614 1530 ordinationes
2645 1475 2776 1530 duas
2801 1477 2880 1544 (7)
2915 1477 2966 1529 in
2993 1475 3122 1529 urbe
3166 1476 3332 1529 Roma
3365 1490 3459 1544 per
3487 1489 3695 1528 menst's
3728 1475 3829 1528 Fc-

2251 1567 2520 1621 bruarium
2549 1575 2600 1620 et
2624 1567 2976 1622 Decembrem
3001 1607 3014 1632 ,
3046 1567 3390 1638 presbyteros
3423 1567 3637 1636 triginta
3666 1566 3830 1632 duos,

2219 1659 2500 1714 diaconos
2530 1659 2687 1726 duos,
2743 1659 3028 1727 episcopos
3072 1672 3168 1728 per
3216 1658 3433 1712 diversa
3459 1657 3572 1712 loca
3608 1673 3832 1714 numero

2247 1751 2522 1819 sexaginta
2562 1757 2788 1818 septem.
2814 1749 2913 1817 Qui
2943 1748 3105 1804 etiam
3137 1750 3382 1818 sepultus
3411 1758 3494 1804 est
3524 1752 3578 1806 in
3617 1749 3831 1805 basilica

2248 1843 2393 1898 Beati
2427 1843 2570 1898 Petri
2608 1843 2873 1911 apostoli,
2905 1841 3191 1896 undecimo
3215 1841 3466 1897 calendas
3505 1843 3830 1898 Decembris.

554 1941 790 2004 burtiua,
818 1939 1073 2016 m_illiario
1093 1937 1166 1994 20
1205 1939 1271 1993 ab
1298 1937 1462 1995 Urbe.
1498 1938 1767 1994 Dedicavit
1793 1946 1968 1991 autem
1999 1935 2139 1991 hasi-
2173 1945 2216 2006 Β
2249 1934 2316 1987 Ει
2380 1943 2498 2002 post
2551 1934 2755 1989 obitum
2812 1934 2929 2004 ejus
2999 1935 3234 1990 cessavit
3305 1937 3645 2006 episc0patus
3720 1937 3751 1990 d
3776 1953 3836 1991 es

554 2032 685 2088 licas
713 2031 844 2086 alias
872 2039 1181 2086 sanctorum
1223 2029 1475 2084 Nicandri
1506 2039 1560 2084 et
1611 2027 1904 2084 Eleaherii
1947 2037 2001 2081 et
2033 2027 2148 2080 An-

551 2239 562 2251 ,
630 2192 705 2262 (ri)
729 2191 856 2258 Qua:
888 2191 955 2245 de
980 2190 1183 2246 Acacio.
1202 2199 1256 2244 et
1283 2190 1441 2262 Petro
1456 2230 1481 2262 _.
1509 2199 1759 2262 tanquam
1789 2189 2089 2262 viventibus
2112 2204 2139 2241 a

559 2260 778 2316 Gelasio
807 2262 1103 2326 damnatis,
1153 2271 1337 2315 auctor
1381 2260 1649 2328 adjungit,
1706 2261 1889 2328 procul
1939 2276 1968 2312 a
2015 2273 2142 2312 vero

560 2335 852 2387 abhorrent
880 2349 892 2385 :
922 2333 1030 2399 jam
1077 2333 1218 2386 enim
1251 2339 1374 2384 ante
1403 2331 1684 2383 damnatus
1711 2341 1762 2382 et
1793 2330 1897 2382 vita
1929 2330 2141 2382 functos

559 2419 683 2458 esse
723 2403 954 2456 diximus
995 2417 1152 2466 supra
1194 2401 1246 2455 in
1281 2402 1419 2454 notis
1469 2403 1534 2453 ad
1584 2401 1747 2455 vitain
1780 2409 1833 2455 et
1860 2400 2138 2467 epistolam

561 2483 765 2528 sextam
794 2471 1001 2526 Felicis.
1035 2472 1161 2525 Item
1196 2470 1246 2525 in
1274 2472 1412 2524 n0tis
1435 2473 1498 2524 ad
1529 2472 1812 2524 concilium
1845 2470 2140 2523 Romanum

561 2545 662 2598 sub
687 2542 863 2598 Felice
885 2540 950 2596 VII.
985 2543 1169 2597 Posset
1195 2540 1321 2605 dici,
1345 2542 1486 2610 quod
1514 2544 1700 2594 horum
1719 2542 1829 2608 jam
1862 2542 2141 2594 danmato-

561 2631 679 2670 rum
711 2624 763 2667 et
795 2621 1122 2666 mortuorum
1166 2613 1447 2666 occasione
1491 2615 1652 2666 multa
1677 2611 2140 2679 Constantitmpuli

562 2694 713 2754 gesta
747 2684 959 2737 fuerint.
994 2685 1120 2754 Snv.
1154 2682 1352 2754 Divitis.

634 2755 850 2836 (ὑλ-Ηυξ
869 2753 1075 2836 grande
1097 2753 1484 2836 CIIPFIECIM‘UIII
1502 2752 1762 2836 _volumen
1787 2751 1949 2836 fuisse
1970 2760 2142 2836 [testa-

564 2821 652 2880 tur
695 2821 1015 2878 Cennadius
1045 2822 1112 2876 de
1160 2821 1354 2890 Script.
1403 2823 1702 2876 ci-clesiast.
1760 2837 1877 2887 cap.
1930 2821 2013 2884 H,
2064 2821 2145 2872 his

564 2895 743 2948 verbis
778 2913 792 2948 :
845 2889 1078 2946 Gelasius
1134 2889 1481 2944 urbisillomre
1505 2893 1770 2960 cpiscopus
1811 2892 2013 2960 scripsit
2047 2893 2142 2942 ad-

564 2981 736 3018 versus
769 2961 1099 3032 Eutyclietem
1123 2971 1170 3014 et
1203 2961 1497 3015 Nestorium
1537 2962 1734 3028 grande
1770 2972 1814 3014 et
1840 2960 2146 3032 praclarum

565 3034 840 3098 volumen,
907 3044 954 3087 et
1009 3042 1250 3085 tractatus
1301 3033 1618 3084 diversarum
1675 3032 2046 3099 scripturarum
2100 3041 2146 3082 rt

565 3117 1002 3172 sacramentorum
1031 3103 1207 3156 limata
1233 3117 1488 3163 sermone,
1521 3110 1625 3156 etc.
1655 3100 1806 3155 Unde
1833 3112 1970 3172 patet
2000 3100 2145 3170 quod

571 3176 782 3230 libellus
809 3171 909 3230 iSte
939 3175 1006 3227 de
1022 3173 1232 3228 Duabus
1250 3173 1464 3226 Naturis
1493 3181 1678 3225 contra
1714 3171 2062 3240 Eutycheteut
2096 3202 2101 3211 α
2129 3179 2146 3223 ι

568 3245 872 3302 Nestorium
900 3246 952 3298 in
969 3243 1295 3297 Bibliotheca
1328 3254 1634 3296 sanctorum
1664 3241 1876 3294 Patrum
1907 3252 2145 3296 cxslans.

568 3319 753 3383 sicque
799 3315 1058 3383 incipiens
1090 3331 1100 3365 :
1139 3313 1495 3368 Necessarium
1519 3327 1716 3380 quoque
1740 3311 1858 3378 fuit,
1888 3323 1972 3383 etc
2005 3350 2019 3374 ,
2044 3311 2148 3364 Gc-

568 3381 701 3442 lasio
730 3381 970 3439 Romano
999 3383 1231 3452 pontiiici
1261 3383 1480 3436 attribui
1513 3398 1620 3435 non
1647 3382 1845 3448 possit,
1880 3381 2145 3452 siquidem
2174 3404 2179 3416 -

568 3472 790 3526 parvum
819 3451 1082 3526 duntaxat
1109 3453 1426 3526 Opusculum
1458 3453 1562 3526 sit,
1594 3454 1751 3506 unius
1777 3451 1894 3526 libri
1930 3451 2150 3516 periodo

571 3522 936 3582 terminatum.
973 3525 1096 3579 l|:ec
1128 3524 1429 3577 communis
1461 3522 1758 3576 doctiortun
1795 3523 2025 3575 virorum
2057 3538 2153 3574 no-

568 3599 664 3652 stri
689 3596 870 3651 surculi
892 3594 1178 3656 sententia,
1203 3593 1551 3648 confirmatur
1575 3593 1803 3658 primum
1834 3607 1896 3644 cx
1924 3608 1987 3645 eo
2011 3591 2151 3659 quod

570 3680 756 3721 auctor
785 3666 995 3734 altegati
1044 3665 1285 3734 Opusculi
1325 3663 1536 3734 Eusebii
1569 3662 1918 3734 Caesariensis
1944 3664 2151 3734 scripta

573 3737 857 3805 plurimum
884 3731 1246 3805 commendat,
1276 3748 1394 3799 qua:
1419 3731 1918 3805 Gelasius-pomifcx
1944 3731 1994 3805 in
2023 3732 2156 3805 actis

573 3800 782 3860 concilii
816 3805 1038 3860 Romani
1071 3803 1206 3858 infra
1239 3805 1380 3858 inter
1405 3801 1710 3870 apocrypha
1744 3801 2030 3855 recensuit.
2060 3800 2154 3855 Sc-

573 3876 769 3942 eundo,
803 3874 942 3942 quod
977 3874 1202 3937 plurima
1234 3873 1541 3942 Grazcoruni
1575 3870 1815 3934 Patrum,
1846 3870 2153 3942 Latinorum

575 3941 854 4015 paucach
885 3945 1028 3999 nulla
1077 3943 1384 4015 testimonia
1414 3941 1702 4015 producat,
1738 3942 1979 4015 adeoque
2001 3941 2145 4015 Grie-

575 4011 668 4071 cus
700 4019 875 4085 potius
897 4029 1054 4085 quam
1088 4013 1308 4085 Latinus
1333 4014 1564 4085 scriptor
1584 4025 1704 4066 esse
1730 4013 1986 4085 videatur.
2023 4011 2154 4085 (him

575 4081 718 4142 enim
777 4081 1088 4142 adduxisset
1131 4083 1432 4154 quindecim
1492 4082 1678 4138 Patres
1722 4081 1972 4147 Graecos,
2023 4082 2158 4136 duos

577 4167 781 4214 tantum
815 4157 1068 4220 Latinos,
1103 4155 1442 4210 Ambrosium
1485 4163 1541 4210 et
1588 4155 1868 4208 Damasum
1918 4155 2156 4220 profert,

575 4229 716 4298 Cypr
738 4243 863 4291 ano,
899 4227 1133 4291 Hilario,
1168 4225 1513 4298 Hieronymo,
1543 4224 1863 4298 Augustino.
1892 4222 2156 4298 Innocen-

578 4294 694 4364 tio,
729 4299 909 4360 Leone
935 4337 950 4360 .
982 4298 1252 4365 Prospero
1275 4334 1288 4354 .
1321 4294 1690 4365 similibusque
1737 4294 1854 4349 aliis
1897 4295 2111 4348 omissis
2143 4312 2154 4348 :

577 4383 710 4438 (νιος
740 4368 840 4438 sibi
864 4364 1171 4438 notissimos
1193 4365 1441 4438 Gelasius
1464 4364 1700 4438 pontifex
1730 4379 1998 4438 nunquam
2017 4365 2125 4438 emi
2141 4393 2159 4406 ο

579 4433 758 4494 sisset.
806 4436 1084 4492 Gennadio
1111 4436 1305 4490 ascribi
1349 4436 1574 4502 nequit,
1607 4434 1731 4503 quia
1763 4435 1921 4487 tradit
1950 4451 2011 4488 se
2044 4433 2159 4488 illus

579 4525 674 4566 sex
707 4508 872 4562 libros
894 4521 999 4560 non
1023 4507 1278 4561 adversus
1309 4503 1657 4573 Eutychetem
1679 4544 1696 4568 ,
1730 4504 1824 4558 sed
1855 4504 2157 4558 Nestorium

580 4581 884 4646 scripsisse.
929 4576 1118 4632 Posset
1155 4576 1429 4646 sustineri,
1479 4575 1619 4642 quod
1671 4591 1734 4628 ex
1774 4576 2157 4646 recentioribus

581 4642 732 4704 aiunt
764 4649 1014 4715 plurimi,
1049 4646 1203 4714 hujus
1235 4645 1396 4700 libelli
1428 4656 1708 4700 auctorem
1736 4659 1858 4700 esse
1887 4642 2156 4700 Gelasium

580 4721 965 4774 thesariensem
989 4719 1322 4786 episcopum,
1349 4717 1500 4784 cujus
1524 4716 1765 4772 tnetninit
1785 4726 2002 4769 sanctus
2036 4717 2160 4770 llic-

583 4804 838 4859 ronyunts
867 4788 936 4842 de
974 4788 1172 4859 Script.
1203 4787 1500 4859 ecclesiast.
1541 4801 1674 4859 cap.
1695 4787 1828 4859 [50,
1857 4786 1998 4859 unde
2027 4803 2158 4854 qun-

581 4843 704 4924 ιιιιέ
726 4843 1172 4914 ΤΙιιξοιΙοιιειιιέἰιι
1201 4857 1426 4924 dialogis
1456 4843 1833 4926 plura'citavit'.
1861 4843 2157 4910 Illustrissio
2188 4843 2238 4902 1)

585 4945 701 4982 nius
731 4928 1018 4984 eardinalis
1055 4928 1314 4982 Baronius
1343 4925 1467 4994 post
1491 4927 1700 4993 longam
1727 4925 1885 4994 hujus
1907 4928 1982 4980 rei
2019 4929 2158 4980 iuda-

584 5001 704 5064 gati-
731 5015 882 5056 nent.
930 4999 1282 5055 solertissime
1312 4998 1454 5051 inter
1480 5011 1669 5051 omnes
1709 4998 1843 5049 alios
1884 4999 2159 5053 concludit

587 5073 741 5138 hujus
770 5068 932 5125 libelli
960 5071 1028 5125 de
1063 5069 1274 5124 Duabus
1305 5067 1517 5123 Naturis
1543 5079 1730 5130 contra
1773 5067 2154 5138 Eutyclictem,

657 5222 737 5292 (l)
767 5220 907 5299 βοὰ.
958 5221 1086 5276 Luc.
1136 5221 1280 5288 490,
1335 5233 1536 5274 Mirator
1592 5235 1874 5291 pauperum
1905 5259 1920 5284 ,
1981 5235 2026 5274 et
2071 5224 2173 5276 cle-

591 5311 723 5355 rum,
756 5304 859 5347 etc.

660 5365 738 5432 (ἓ)
775 5363 940 5429 Idem,
969 5371 1018 5415 et
1043 5363 1224 5416 iurum
1249 5364 1407 5427 misit,
1431 5371 1477 5415 et
1499 5364 1777 5414 damnavit.

664 5434 744 5501 (Si)
785 5435 945 5497 Idem,
981 5435 1238 5500 pauitans.

663 5505 742 5578 '4)
785 5507 835 5558 ιιι
871 5506 1068 5560 .emletn
1109 5509 1227 5556 cod.
1284 5504 1553 5556 semiudum
1595 5504 1956 5555 littsnaitftatcnt
1995 5504 2171 5568 primm

2219 3173 2491 3229 historia:
2566 3177 2782 3243 praefixa
2839 3186 2978 3229 sunt.

2257 2035 2484 2096 septem.

2249 2197 2304 2243 et
2325 2198 2566 2244 actorum
2583 2191 2780 2246 Nicaeni
2804 2191 3042 2256 concilii,
3061 2207 3179 2262 qua:
3207 2206 3366 2261 supra
3392 2201 3521 2246 tom.
3540 2191 3578 2246 ll
3605 2201 3834 2258 exstant,

2249 2275 2412 2340 unum
2444 2263 2802 2340 eumdemque
2852 2278 2971 2317 esse
3007 2273 3282 2318 auctorem
3310 2305 3324 2329 ,
3370 2273 3479 2315 tum
3513 2264 3653 2340 quod
3686 2276 3836 2316 utro-

2249 2329 2408 2399 bique
2456 2331 2689 2402 fateatur
2741 2347 2802 2386 se
2851 2343 3135 2401 utrumque
3183 2348 3320 2402 Opus
3349 2329 3753 2401 conscripsisse,
3783 2344 3837 2388 ut

2248 2410 2436 2454 contra
2464 2401 2826 2473 Eutychiauos
2857 2405 3139 2457 haereticos
3163 2444 3175 2467 ,
3210 2401 3446 2471 tempore
3473 2404 3710 2457 Basilisci
3742 2405 3836 2458 im~

2250 2474 2510 2537 peratoris
2563 2475 2703 2527 circa
2754 2489 2952 2527 annum
3005 2473 3214 2528 Domini
3262 2476 3365 2528 476
3421 2473 3834 2539 invalescentes,

2248 2542 2404 2594 fidem
2436 2543 2794 2597 orthodoxam
2833 2543 3180 2609 defenderet;
3215 2555 3325 2597 tum
3370 2547 3530 2598 etiam
3566 2546 3705 2609 quod
3736 2546 3838 2598 En.

2245 2612 2454 2683 sebium
2487 2612 2878 2668 Caesariensem
2901 2615 3210 2682 episcopum
3238 2615 3516 2683 utrobique
3548 2612 3835 2683 plurimum

2252 2682 2464 2747 laudet,
2497 2698 2726 2753 eumque
2769 2684 2935 2736 titulis
2965 2699 3159 2753 magno
3190 2685 3346 2738 alicui
3375 2682 3675 2739 orthodoxe
3703 2700 3836 2739 con-

2251 2753 2589 2808 venientibus
2621 2766 2872 2816 exornet,
2901 2764 2958 2808 et
2984 2770 3010 2806 a
3045 2755 3351 2823 suspicione
3383 2755 3652 2809 hzcrcseos
3685 2757 3839 2809 Aria-

2251 2839 2333 2877 nze
2383 2825 2539 2891 plane
2566 2827 2800 2895 eximat;
2839 2824 2981 2893 quod
3033 2824 3312 2895 utriusque
3357 2825 3728 2892 praefationem
3761 2827 3838 2880 in-

2247 2895 2416 2947 tuenti
2449 2897 2618 2962 prima
2643 2894 2821 2950 fronte
2851 2896 3156 2963 apparebit.
3193 2894 3308 2963 Ipsa
3341 2910 3468 2950 vero
3495 2905 3609 2951 acta
3642 2897 3838 2951 Nicaeui

2250 2965 2460 3018 concilii
2514 2966 2681 3020 tribus
2717 2966 2876 3019 tomis
2929 2965 3320 3034 comprehensa
3356 2976 3574 3020 auctore
3622 2966 3837 3020 Gelasio

2249 3035 2554 3103 conscripta
2579 3049 2698 3090 esse
2729 3035 2925 3090 fatetur
2951 3036 3175 3092 Photius
3198 3038 3250 3091 in
3273 3038 3623 3102 Bibliotheca,
3657 3037 3836 3092 verbis

2253 3104 2360 3175 illis
2390 3121 2508 3173 qua:
2559 3120 2722 3172 supra
2757 3115 2900 3159 tomo
2931 3113 3168 3160 secundo
3197 3108 3558 3162 Concitiorum
3590 3107 3827 3175 ejusdem

2367 3177 2491 3254 aria:
2566 3177 2978 3254 printixasunt.
3057 3178 3316 3232 Eumdem
3383 3193 3513 3248 ergo
3545 3177 3838 3254 _Cclasiutn

2252 3244 2574 3317 Cyzicennm
2627 3247 2783 3317 hujus
2816 3246 2979 3317 libelli
3029 3259 3301 3302 auctorem
3344 3244 3497 3312 esse,
3527 3247 3594 3302 de
3615 3264 3718 3317 quo
3747 3250 3836 3301 diu

2255 3315 2586 3384 multumque
2633 3316 2889 3369 hactenus
2918 3316 3221 3371 dubitatum
3252 3319 3351 3372 fuit
3378 3359 3390 3380 ,
3423 3333 3544 3371 cum
3575 3315 3837 3371 ca'rdinali

2255 3383 2508 3454 Baronio'
2548 3385 2776 3439 libenter
2832 3387 3224 3440 concludimus.
3283 3388 3476 3442 Verum
3536 3386 3842 3454 quicunque

2180 3470 2228 3535 ο
2261 3453 2490 3535 tandem_
2522 3465 2710 3535 auelor
2743 3456 2920 3534 .hujus
2969 3458 3134 3535 libelli
3187 3458 3362 3535 fuerit,
3399 3459 3450 3509 in
3497 3453 3842 3511 doctrina'de

2261 3525 2863 3593 transsubstantiatione
2909 3529 3058 3593 panis
3087 3536 3141 3580 et
3167 3527 3271 3579 viui
3304 3528 3354 3578 in
3385 3537 3719 3578 sacramento
3740 3541 3839 3579 eu-

2258 3595 2524 3648 charistiaa
2552 3593 2618 3647 ab
2648 3587 2765 3649 aliis
2796 3587 3071 3648 catholicis
3111 3594 3459 3661 scriptoribus
3496 3609 3602 3647 non
3630 3594 3840 3649 discre-

2261 3673 2369 3732 pat.
2399 3663 2546 3730 Quod
2577 3667 2719 3717 enim
2751 3666 2823 3718 ait
2850 3682 2864 3717 :
2899 3665 3017 3718 Non
3041 3666 3222 3718 desinit
3249 3665 3528 3718 substantia
3549 3665 3625 3717 vel
3651 3677 3840 3718 natura

2259 3736 2407 3802 panis
2431 3745 2477 3786 et
2505 3735 2607 3786 vini
2631 3775 2645 3800 ,
2679 3735 3083 3802 intelligendum
3108 3745 3189 3787 est
3218 3735 3285 3788 de
3308 3745 3494 3789 natura
3523 3745 3577 3788 et
3601 3737 3839 3790 essentia

2259 3804 2640 3858 accidentium.
2693 3805 2966 3871 Frequens
3012 3806 3153 3857 enim
3205 3815 3286 3859 est
3337 3816 3392 3858 ιιι
3438 3805 3709 3860 communi
3743 3821 3842 3860 usu

2259 3874 2470 3928 dicendi
2534 3875 2829 3930 substantia
2857 3889 2950 3941 pro
2985 3883 3166 3925 natura
3191 3885 3246 3929 et
3270 3878 3499 3928 essentia
3524 3877 3839 3944 accipiatur.

2263 3945 2336 3998 lta
2375 3946 2494 4012 expl
2520 3953 2606 3998 cat
2654 3945 2795 3998 hunc
2843 3947 3014 3997 locum
3067 3944 3418 3998 Bellarminus
3442 3946 3534 3998 lib.
3571 3961 3605 3998 ιι
3641 3946 3708 3999 de
3740 3949 3839 4000 Sa-

2263 4025 2544 4068 cramento
2596 4014 2971 4075 eucharistiie,
3035 4028 3152 4080 Cap.
3210 4015 3313 4076 ‘27;
3377 4015 3636 4068 Batonius
3702 4031 3844 4070 anno

2262 4085 2463 4138 Christi
2515 4086 2640 4150 456,
2685 4101 2831 4139 nutu.
2889 4085 2954 4138 10
3007 4092 3061 4137 et
3111 4093 3357 4154 aequent.
3391 4086 3529 4139 Ante
3561 4087 3843 4140 victoriam

2264 4171 2392 4224 ergo
2425 4157 2758 4224 triumphant
2780 4154 3068 4208 Lutlteratti
3097 4154 3365 4220 haeretici,
3388 4155 3478 4222 qui
3507 4169 3572 4209 ex
3605 4157 3704 4209 hoc
3727 4157 3846 4209 loco

2265 4228 2564 4280 doctrinam
2597 4226 2948 4280 orthodoxam
2979 4226 3044 4278 de
3069 4226 3662 4279 transsubstantiatione
3696 4226 3847 4291 panis

2263 4309 2317 4351 et
2345 4298 2448 4350 vini
2484 4299 2535 4349 in
2558 4305 2893 4350 sacramento
2921 4295 3256 4349 eucharistia:
3285 4309 3526 4349 eversam
3548 4310 3667 4348 esse
3690 4297 3850 4362 j-acii-

2271 4377 2402 4420 tant.
2441 4367 2664 4436 Reliqua
2705 4381 2958 4436 quatper
2996 4365 3314 4418 calumniam
3345 4366 3600 4436 objiciunt
3629 4365 3849 4418 Gelasio

2270 4439 2531 4505 pontifici,
2552 4433 2743 4504 partim
2769 4434 3111 4488 refutavimus
3133 4450 3292 4502 supra
3316 4438 3493 4490 verbis
3518 4433 3690 4497 Huius
3723 4447 3852 4488 teni-

2270 4509 2474 4575 poribtts
2492 4505 2829 4575 iut'enti(Col.
2856 4508 2910 4568 9,
2936 4522 2982 4558 η.
3005 4516 3043 4558 t.
3071 4506 3139 4573 θ).
3161 4507 3350 4571 partim
3369 4505 3500 4558 infra
3515 4505 3852 4558 diluemusit'.

2263 4589 2412 4633 tumo
2431 4577 2627 4632 Gelasii
2644 4576 2709 4631 de
2730 4575 3100 4630 Anathematis
3121 4576 3361 4630 Vinculo.
3383 4579 3454 4628 lie
3470 4576 3683 4641 scriptis
3699 4575 3850 4628 Gela-

2263 4651 2328 4703 sii
2354 4651 2471 4702 vide
2496 4649 2842 4703 Possevinum
2861 4648 2912 4698 in
2932 4649 3078 4715 Appa
3088 4658 3200 4698 ratu
3220 4659 3395 4709 sacro,
3414 4645 3577 4699 verbo
3593 4645 3852 4698 Gelasius.

2267 4722 2454 4774 Exstat
2497 4720 2738 4788 apologia
2769 4718 2967 4772 Gelasii
3006 4718 3267 4770 adversus
3299 4717 3732 4788 Andromacham
3769 4732 3850 4769 se-

2267 4804 2508 4844 natorem
2534 4787 2866 4858 caeterosque
2897 4789 3166 4858 Romanos
3192 4789 3279 4854 qui
3314 4787 3632 4858 Lupercalia
3659 4803 3852 4840 set-nu.

2265 4862 2391 4914 dum
2423 4875 2624 4914 morem
2650 4856 2931 4927 pristinum
2956 4856 3179 4910 colenda
3212 4856 3635 4910 constituebant.
3659 4860 3852 4921 Quam,

2267 4948 2332 4983 ex
2368 4931 2578 4983 Baronii
2629 4931 2926 4983 Annalibus
2963 4937 3232 4992 acceptam
3257 4966 3270 4987 ,
3303 4927 3489 4979 lcetoii
3534 4927 3669 4980 inisa
3704 4931 3854 4979 exhi-

2267 5001 2633 5056 bendamcsse
2667 4999 2993 5070 putavimus.
3029 4998 3157 5050 Ssv.
3192 4995 3392 5050 Brutus.

2275 5225 2410 5277 sedis
2446 5222 2686 5276 Hrcle-ia:
2725 5221 2874 5275 tlccst
2887 5262 2900 5276 .

2350 5297 2428 5364 (5)
2471 5295 2522 5346 lu
2567 5295 2755 5364 eodem
2793 5296 2914 5347 cod.
2950 5295 3035 5360 qui
3081 5291 3294 5343 hodie...
3337 5295 3653 5344 continentur
3679 5291 3849 5346 deeﬂ.

2347 5369 2428 5427 (ti)
2474 5364 2610 5415 Idem
2639 5363 2786 5426 entl.,
2817 5379 3049 5416 sermone
3077 5366 3283 5434 ntuttas.
3319 5364 3424 5414 Sub
3448 5368 3578 5434 ejus,
3607 5374 3706 5414 i'tc.

2348 5437 2426 5502 (7)
2469 5436 2518 5485 In
2544 5435 2730 5486 eodem
2765 5437 2884 5487 cod.
2923 5437 2970 5484 in
2998 5436 3116 5484 urbe
3147 5431 3307 5484 lioma
3336 5439 3414 5487 ile.
3435 5431 3504 5487 si.
