4104 6356
317 447 380 500 i3
876 440 890 455 '
1491 427 1843 489 EPlSTUl..¥.
1879 429 1928 483 Ε

2019 425 2337 480 ΜιῗϐῐιΙῦΪΑ.
3479 419 3544 472 Η

309 533 3495 603 ..Ξ-’,Ψ

1036 721 1911 867 GELASII
2012 715 2636 850 PAP/E
2742 713 2821 844 Ι

837 1019 1777 1153 EPISTOL/E
1867 1015 2079 1138 ET
2168 1003 3060 1135 DECRETA.

764 1329 790 1358 ⁸
821 1315 1152 1374 EHSTOLA
1196 1311 1424 1368 PRIMA.

602 1447 805 1491 GELASII
848 1446 990 1484 ΡΑΡΑΕ
1031 1444 1046 1482 Ι
1087 1445 1152 1482 AD
1193 1440 1588 1480 EUI’HBIIASUI.

313 1553 503 1608 Scribit
533 1547 782 1601 neminem
809 1544 877 1596 ad
916 1541 1048 1596 sedis
1086 1539 1378 1610 apostolica:
1409 1535 1810 1610 communionem
1834 1549 1890 1610 se

385 1635 530 1688 posse
565 1619 828 1688 admittere
857 1614 942 1682 qui
980 1605 1150 1664 Acacii
1193 1625 1370 1688 nomen
1402 1625 1502 1688 non
1547 1605 1887 1688 damnaverit.

388 1675 558 1756 Quare
592 1703 704 1740 eum
742 1675 969 1756 hortatur
1009 1689 1062 1733 ut
1094 1675 1890 1756 quemadmodum.Eutycltetem

385 1745 702 1826 Feliquosqne
741 1754 1022 1816 Ita'rcticos,
1063 1751 1135 1803 sic
1176 1764 1374 1817 quoque
1400 1747 1639 1799 Acacium
1677 1745 1892 1796 anathe—

387 1832 611 1882 matizct.

394 1938 749 1994 Dilectissimo
777 1933 802 1971 δ
835 1933 980 1987 fratri
1012 1934 1028 1962 ¹
1063 1927 1426 1998 Enphezniano
1456 1926 1718 1982 Gelasius.

386 2029 547 2098 Quod
577 2029 729 2097 plene
759 2023 1021 2094 cupimus,
1071 2031 1231 2090 atque
1261 2018 1466 2072 sincera
1497 2016 1616 2070 fidei
1658 2029 1898 2070 commu-

325 2120 604 2188 nionisqne
634 2115 910 2170 catholicae
941 2111 1392 2179 redintegratione
1435 2106 1656 2172 ﬁrmari,
1709 2106 1903 2159 asserit

324 2223 411 2265 tua
442 2207 678 2272 dilectio,
721 2203 862 2275 quod
893 2202 1046 2256 alteri
1079 2202 1225 2254 solus
1256 2213 1362 2253 non
1391 2195 1622 2252 sufficiat
1661 2196 1899 2262 auditus,

327 2301 429 2356 nisi
462 2313 555 2370 per
582 2299 785 2353 litteras
812 2292 1130 2364 spectaverit
1157 2291 1560 2362 signlficantiam
1603 2304 1901 2360 provocan-

327 2403 432 2448 tem
467 2401 489 2430 ο
522 2389 588 2444 de
619 2389 700 2442 his
721 2401 837 2457 qua:
863 2385 1003 2440 circa
1043 2399 1139 2438 uos
1165 2381 1492 2453 dispensatio
1531 2379 1707 2434 divina
1741 2378 1900 2450 perfl-

328 2482 419 2546 cit,
447 2491 503 2535 ut
531 2479 610 2534 sic
630 2480 683 2533 in
705 2475 953 2531 secundis
973 2475 1142 2529 vicem
1167 2471 1498 2528 salutationis
1515 2469 1904 2539 itnpenderem.‘

330 2573 445 2628 Non
469 2571 792 2626 arbitramur
815 2565 897 2621 vel
919 2565 1258 2620 dilectionem
1283 2573 1446 2627 tuam,
1471 2561 1554 2615 vel
1577 2559 1803 2629 aliquem
1829 2561 1904 2615 sic

1917 1310 1964 1368 Α
1996 1303 2278 1356 bzrretieos
2324 1300 2602 1353 damnatos
2647 1296 2748 1351 dici
2793 1297 3043 1351 Acacium
3091 1303 3144 1349 et
3179 1294 3413 1350 Petrum.
3461 1297 3567 1351 Cur

1991 1393 2061 1446 al.
2096 1390 2270 1461 Quod]
2300 1389 2341 1443 si
2375 1390 2452 1443 fas
2484 1403 2588 1443 non
2623 1396 2726 1453 est,
2766 1385 3120 1458 praesentibus
3146 1386 3335 1440 saltem
3367 1387 3556 1442 litteris

1990 1481 2395 1550 colloquamur?
2417 1479 2550 1547 Quia
2575 1479 2732 1534 aliter
2755 1477 3085 1548 appellamus
3109 1473 3388 1531 dominicae
3406 1493 3558 1532 men-

1991 1593 2065 1632 sa:
2096 1574 2400 1643 participes,
2450 1572 2606 1626 aliter
2651 1570 2740 1642 qui
2780 1571 2831 1624 in
2860 1571 2978 1638 ejus
3009 1567 3282 1624 nobiscum
3312 1569 3568 1624 socic'ate

1992 1664 2313 1719 dissentiunt
2357 1679 2368 1714 :
2419 1661 2538 1731 quia
2584 1661 2698 1730 ipse
2754 1657 3010 1713 Dominus
3057 1658 3166 1713 alio
3212 1658 3368 1712 modo
3411 1659 3568 1712 verba

1997 1753 2245 1818 faciebat,
2273 1767 2302 1806 a
2332 1765 2426 1806 sua
2460 1751 2834 1820 prmdicatione
2863 1749 3141 1812 discretis;
3166 1749 3272 1803 alio
3297 1746 3575 1818 discipulis

2001 1844 2149 1914 regni
2176 1843 2411 1897 caelestis
2443 1847 2649 1896 secreta
2681 1839 2966 1910 pandebat.
3011 1840 3411 1908 Consequenfcr
3437 1851 3572 1909 quo-

2000 1951 2103 2004 que
2135 1933 2356 2002 apostoli
2388 1949 2490 1987 non
2521 1933 2590 1986 ita
2621 1947 2650 1986 a
2679 1946 2778 1985 suo
2806 1930 3029 2000 collegio
3072 1929 3350 2000 separatis,
3384 1943 3571 2001 queat-

2001 2028 2286 2084 adtnodum
2315 2025 2434 2082 fidei
2458 2025 2786 2090 domesticis,
2820 2024 3262 2090 consortibusque
3288 2025 3576 2093 loqueban-

2005 2133 2109 2178 tur.
2162 2117 2265 2174 Sed
2319 2119 2392 2173 ait
2445 2117 2662 2172 dilectio
2712 2125 2822 2179 tna,
2883 2125 3085 2170 tantum
3133 2114 3269 2168 circa
3327 2129 3411 2168 me
3460 2130 3578 2168 sese

2001 2209 2241 2265 caritatis
2298 2207 2570 2272 habuisse,
2634 2215 2697 2259 ut'
2743 2218 2845 2259 non
2899 2204 3070 2259 solum
3125 2204 3190 2257 ad
3241 2203 3578 2260 scribendum

2003 2300 2166 2356 fueris
2194 2307 2497 2366 contentus,
2542 2296 2633 2352 sed
2665 2291 2854 2350 atratus
2889 2295 3103 2350 audire.
3144 2292 3338 2363 Legisti
3370 2305 3580 2349 sentcn-

2006 2393 2128 2446 tiam
2163 2409 2175 2444 :
2204 2388 2360 2444 Fides
2389 2405 2453 2443 ex
2481 2389 2682 2451 auditu,
2712 2387 2917 2439 auditus
2946 2395 3115 2440 autem
3143 2401 3229 2452 per
3257 2386 3456 2438 verbum
3488 2380 3582 2438 Dei

2008 2481 2185 2552 (Rom.
2218 2482 2305 2548 x);
2359 2477 2485 2532 illud
2536 2477 2743 2532 scilicet
2787 2476 3028 2536 verbum.
3074 2475 3213 2546 quod
3260 2471 3587 2530 confess-deni

2010 2575 2148 2630 beati
2175 2571 2402 2642 apostoli
2435 2569 2576 2624 Petri
2607 2578 2786 2640 portas
2833 2567 3024 2622 inferni
3078 2580 3347 2636 nunquam
3381 2581 3586 2634 prreva-

333 2660 433 2716 hoc
450 2672 664 2730 sperare
689 2655 943 2726 potuisse,
970 2663 1024 2707 ut
1055 2659 1263 2722 putaret
1288 2665 1403 2715 nos,
1431 2649 1512 2704 vel
1530 2647 1904 2718 aliquempiam

2019 2667 2197 2721 lituras
2228 2677 2346 2719 esse
2374 2657 2616 2734 promisit
2647 2659 2858 2740 (Matth.
2890 2659 3018 2727 xvi).
3073 2657 3248 2726 Atque
3279 2658 3396 2712 ideo
3426 2657 3585 2710 ratio-

334 2751 610 2822 potiorem,
630 2761 749 2817 qum
762 2754 884 2802 sunt
898 2753 1043 2811 gesta
1061 2746 1369 2804 referentes,
1387 2739 1635 2794 debuisse
1653 2753 1907 2807 responsa

335 2839 657 2913 promereri;
690 2840 811 2909 quia
835 2837 992 2892 nimis
1011 2834 1338 2904 judicaretur
1359 2847 1633 2902 arrogans,
1651 2832 1695 2885 si
1717 2831 1784 2886 de
1810 2832 1909 2900 pri-

336 2951 417 2990 ma
451 2933 578 2990 sedc
609 2933 784 2988 taliter
813 2931 1191 2985 existimasset.
1223 2925 1375 2995 Quod
1411 2927 1477 2992 si,
1513 2935 1568 2978 ut
1594 2923 1761 2996 magis
1796 2924 1911 2993 opi-

341 3040 552 3092 namur,
598 3023 746 3094 quasi
783 3022 964 3086 sociis,
999 3020 1193 3092 quibus
1213 3033 1441 3088 praeesse
1466 3018 1660 3072 Christi
1693 3031 1913 3070 tnunere

339 3119 641 3185 delegatum
686 3123 788 3177 est,
838 3113 1181 3181 apostoliCam
1230 3109 1412 3164 sedem
1460 3108 1757 3163 institutum
1812 3107 1912 3160 sibi

341 3211 552 3263 naviter
598 3205 928 3258 sacerdotem
984 3203 1345 3272 praceuntibus
1393 3201 1691 3270 opertuisse
1737 3197 1914 3252 dixisti

342 3298 534 3354 litteris
579 3295 833 3351 indicare.
883 3293 1007 3348 Fuit
1047 3291 1314 3362 quondam
1363 3293 1722 3345 ecclesiastica
1768 3300 1918 3344 Vetus

343 3389 456 3442 hare
485 3386 665 3455 regula
696 3382 833 3452 apud
863 3390 1040 3452 patres
1085 3391 1329 3445 nostros,
1379 3379 1571 3448 quibus
1617 3397 1718 3432 una
1743 3382 1922 3432 catho-

342 3481 441 3536 lica
478 3474 871 3548 apostolicaque
899 3472 1205 3527 communio
1249 3470 1316 3525 ah
1361 3471 1504 3525 omni
1551 3469 1924 3542 praevaricato-

343 3589 460 3630 rum
503 3572 670 3626 libera
718 3565 1012 3638 pollutione
1056 3566 1354 3620 constabat.
1407 3563 1556 3619 Nunc
1592 3575 1768 3619 autem
1804 3579 1921 3617 cunt

343 3667 657 3722 societatem
713 3659 962 3731 przeferre
1012 3656 1207 3712 malitis
1252 3668 1558 3711 extraneam
1590 3696 1604 3718 ,
1653 3671 1812 3726 quam
1856 3655 1922 3710 ad

344 3759 484 3817 beati
513 3755 652 3810 Petri
688 3767 874 3823 purum
915 3751 1089 3805 redire
1138 3749 1504 3818 illibatumque
1552 3752 1921 3804 consortium:

349 3847 614 3916 Quomodo
643 3844 957 3898 cantabimus
993 3841 1246 3893 canticum
1280 3837 1480 3892 Domini
1511 3841 1560 3892 in
1592 3850 1728 3892 terra
1756 3841 1925 3893 aliena

349 3941 522 4012 (ρεαι.
576 3937 831 4004 cxxxvt)?
880 3931 1159 4001 Quomodo
1204 3931 1567 4001 dispositionis
1618 3935 1923 4003 apostolica:

2017 2755 2266 2813 nobiliter
2295 2749 2634 2816 existimasti,
2665 2738 2786 2821 quia
2814 2749 2985 2804 fidelis
3013 2749 3151 2804 Deus
3183 2748 3234 2802 in
3256 2742 3433 2802 verbis
3455 2745 3586 2807 suis,

2017 2864 2119 2903 non
2153 2846 2252 2901 nisi
2300 2843 2499 2910 aliquid
2532 2843 2636 2898 tale
2685 2841 3016 2912 promisisset
3061 2840 3357 2905 instituere,
3409 2847 3587 2891 veram

2014 2939 2318 3010 sponsionis
2350 2953 2462 2992 suae
2495 2935 2898 3006 promissiOncm
2933 2933 3194 3003 ir’npleret.
3243 2931 3331 2986 Ait
3360 2929 3588 2998 denique

2019 3041 2102 3085 tua
2133 3027 2373 3094 dilectio,
2401 3042 2497 3081 nos
2519 3027 2713 3079 divinae
2746 3023 3091 3094 providentia:
3113 3021 3302 3094 gratia,
3332 3023 3470 3092 quod
3500 3020 3590 3076 ille

2018 3119 2417 3180 monstraverit,
2470 3124 2773 3170 sanctarum
2819 3115 3165 3170 ecclesiarum
3202 3127 3304 3168 non
3339 3113 3590 3167 deserere

2019 3209 2318 3273 caritatem,
2368 3208 2489 3277 quia
2523 3222 2605 3261 me
2646 3207 2695 3259 in
2726 3205 3010 3275 pontificali
3042 3205 3169 3259 sede
3206 3205 3456 3260 locat'erit
3485 3217 3590 3258 non

2021 3300 2368 3368 indigentem,
2400 3297 2538 3352 sicut
2565 3297 2658 3362 ait,
2690 3295 2902 3360 doceri;
2943 3293 3036 3350 sed
3073 3291 3437 3350 intendentem
3478 3307 3593 3347 orn-

2025 3390 2106 3442 nia
2140 3388 2440 3442 necessaria
2466 3386 2530 3439 ad
2548 3385 2891 3440 ecclesiastici
2920 3385 3160 3455 corporis
3182 3387 3463 3440 unitatem.
3483 3381 3593 3454 Ego

2025 3480 2236 3549 quidem
2282 3493 2396 3534 sum
2426 3479 2662 3532 omnium
2695 3478 2968 3532 hominum
3014 3477 3284 3543 minimus,
3328 3475 3459 3532 satis
3496 3477 3594 3530 im-

2027 3575 2250 3629 meritus
2275 3573 2341 3626 ad
2372 3581 2529 3626 tanta:
2567 3570 2708 3625 sedis
2735 3570 2988 3636 officium,
3035 3569 3135 3623 nisi
3181 3570 3319 3639 quod
3368 3577 3595 3638 superna

2026 3667 2191 3739 gratia
2225 3680 2436 3735 semper
2464 3670 2715 3734 operatur
2747 3675 2934 3732 magna
2957 3662 3026 3717 de
3057 3661 3260 3732 parvis.
3293 3661 3427 3728 Quid
3455 3661 3596 3716 enim

2027 3760 2093 3816 de
2121 3773 2206 3814 me
2237 3757 2462 3814 sentiam
2494 3772 2614 3811 tum
2638 3753 2739 3812 hoc
2767 3754 2880 3824 ipse
2902 3753 2967 3810 de
2995 3767 3053 3810 se
3085 3754 3336 3826 magister
3363 3753 3599 3824 gentium

2029 3861 2272 3916 te~tetur,
2325 3852 2411 3921 qui
2443 3866 2500 3906 se
2528 3850 2771 3905 ultimum
2808 3858 2862 3904 et
2891 3865 2994 3904 non
3025 3848 3240 3920 dignum
3270 3850 3445 3904 vocari
3474 3861 3600 3916 apo-

2034 3947 2224 3999 stolum
2277 3942 2551 4008 profitetur
2583 3939 2636 4012 (I
2667 3939 2786 3995 Cor.
2823 3940 2954 4010 xv)?
3000 3937 3399 4004 Verumtamen,
3453 3948 3504 3994 ut
3536 3939 3601 3993 ad

350 4035 566 4100 antiqua
592 4029 793 4085 foedera
824 4027 1156 4097 praebeamus
1202 4025 1504 4079 horninibus
1533 4026 1925 4079 COﬂ'lllluniOltiS
1954 4055 1998 4114 C
2033 4035 2332 4089 dilectionis
2363 4044 2468 4087 tua}
2501 4031 2660 4086 verba
2705 4031 3007 4094 redeamus,
3059 4028 3103 4084 si
3150 4030 3411 4083 veraciter
3457 4042 3602 4081 asse-

352 4121 657 4179 extranem?
707 4117 1164 4186 Quemadmodum
1207 4115 1357 4168 vobis
1402 4116 1791 4169 ordinationem
1835 4132 1924 4169 re-

353 4216 659 4271 nuntiatura
684 4220 789 4276 est,
823 4207 907 4264 cui
939 4216 1118 4261 vestro
1144 4207 1301 4259 etiam
1337 4206 1638 4258 testimonio
1668 4207 1686 4236 ’
1719 4207 1929 4260 hmrcti-

354 4319 444 4362 cos
468 4305 749 4361 damnatos
772 4299 1080 4371 praponitis
1103 4298 1124 4350 ?
1154 4295 1302 4352 Dicet
1329 4294 1546 4350 forsitan
1578 4307 1660 4350 tua
1693 4289 1926 4368 dilectio,

427 4455 451 4483 a
484 4445 611 4500 “ac
642 4450 725 4496 est
761 4438 991 4493 secunda
1035 4435 1257 4505 epistola
1309 4433 1536 4497 Gelasii,
1583 4439 1922 4505 responsoria

357 4519 498 4572 illius
523 4531 626 4584 qua
653 4510 974 4584 Eupltemius
992 4507 1622 4584 tiumtztntiaopolitanns
1650 4509 1929 4578 episcopus

359 4577 790 4641 communionem
829 4579 1146 4633 catholicam
1185 4577 1280 4627 sibi
1333 4589 1573 4647 negatam
1614 4588 1930 4647 extorquere

361 4658 555 4711 frustra
585 4665 807 4708 conatus
836 4659 938 4704 est.
984 4647 1311 4718 Euphemins
1339 4646 1693 4718 orthodoxam
1715 4646 1928 4718 quidem

362 4729 520 4781 fidem
567 4723 944 4792 profitebatur;
991 4720 1098 4792 sed»
1124 4715 1246 4784 quia
1289 4731 1480 4792 nomen
1523 4717 1699 4792 Aeaeii
1732 4715 1933 4785 praue.

361 4785 592 4852 cessaris
623 4793 704 4846 sui
734 4792 801 4845 ab
818 4788 1052 4844 Ecclesia
1070 4787 1302 4840 Romana
1330 4785 1562 4858 damnati
1593 4801 1622 4839 e
1646 4789 1930 4858 diptychis,

365 4876 519 4934 prout
567 4861 715 4934 Feli;
766 4875 896 4934 papa
945 4867 1259 4934 monuerat_,
1313 4857 1537 4934 necdum
1585 4857 1933 4926 expunkerm,

365 4925 642 4991 catholica:
681 4925 930 4987 Ecclesiae
980 4926 1356 4981 communione
1400 4925 1819 4994 indignus'erat.
1871 4931 1938 4984 Ut

370 5007 639 5061 Gelasium
718 5005 771 5056 in
837 5001 1012 5053 locum
1079 4997 1268 5050 Felicis
1332 4997 1674 5069 subrogatum
1735 5004 1939 5069 accepit

372 5075 718 5144 Enpltemius,
745 5086 892 5144 more
913 5069 1170 5144 majorum
1193 5067 1409 5136 scripsit
1426 5067 1638 5144 quidem
1662 5071 1774 5144 epis
1799 5067 1940 5125 olant

372 5138 490 5200 fidei
523 5160 632 5198 sua:
663 5139 1074 5199 eont’essoriatn,
1111 5146 1167 5190 ut
1197 5138 1696 5191 commnnicatorias
1741 5140 1942 5194 litteras

373 5219 716 5284 impetraret;
756 5212 850 5284 sed
883 5205 1124 5284 Gelasitts
1172 5206 1400 5284 reddidit
1451 5211 1652 5284 tantum
1698 5209 1792 5272 illi,
1826 5225 1944 5279 qua:

375 5278 476 5348 non
517 5291 711 5346 exstat,
757 5280 1038 5348 epistolam
1085 5278 1634 5348 cotnmunieatoriam,
1671 5291 1771 5346 qua
1820 5295 1941 5334 eum

2033 4135 2186 4177 cutus
2228 4138 2286 4176 es
2317 4123 2432 4174 hzec
2464 4119 2716 4174 divinitus
2756 4118 2885 4171 mihi
2935 4116 3098 4171 fuisse
3143 4115 3357 4178 collata,
3407 4125 3522 4182 qua:
3551 4121 3605 4168 et

2021 4215 2276 4287 .profecto
2305 4227 2638 4284 quascunque
2668 4221 2791 4265 sunt
2829 4209 2986 4274 bona,
3039 4208 3176 4261 dona
3207 4214 3329 4262 sunt
3360 4206 3450 4260 Dei
3478 4223 3488 4257 :
3514 4221 3601 4260 se-

2041 4322 2205 4376 quere
2235 4320 2361 4376 ergo
2389 4304 2719 4359 hortamenta
2752 4315 2855 4356 non
2896 4299 3179 4370 indigentis
3209 4296 3410 4365 doceri,
3441 4306 3492 4352 et
3522 4311 3607 4352 se.

2034 4443 2272 4498 dedisset
2310 4442 2514 4497 litteras
2552 4440 2791 4509 ejusdem
2826 4437 3124 4509 argumenti
3160 4452 3283 4493 cum
3319 4438 3607 4510 prioribus,

2038 4514 2272 4582 pontifex
2308 4513 2471 4582 priori
2503 4515 2781 4568 sententia
2806 4521 2859 4565 et
2887 4511 3130 4582 epistola:
3151 4511 3441 4582 inhaerens,
3472 4511 3609 4566 hanc

2037 4580 2324 4638 secundani
2357 4581 2420 4636 ad
2453 4581 2700 4636 eumdem
2722 4580 3072 4650 Euphemium
3098 4581 3378 4648 epistolam
3412 4582 3607 4634 [θεοεί-

2041 4655 2144 4726 psit
2180 4670 2319 4707 anno
2350 4652 2687 4726 pontificatus
2724 4652 2807 4726 sui
2841 4650 3014 4726 p_ritno
3040 4666 3053 4702 :
3083 4659 3294 4726 poterat
3328 4651 3467 4726 enim
3507 4665 3611 4726 uno

2038 4720 2334 4792 eodemque
2353 4720 2534 4791 spatio
2570 4721 2812 4776 himetri
2845 4720 3170 4792 Euphemius
3201 4720 3432 4792 unasll".
3463 4721 3610 4790 suas]

2038 4789 2729 4861 litteras'Constautinopoli
2775 4793 3002 4846 Romam
3034 4789 3278 4855 misissel,
3310 4789 3366 4844 et
3393 4789 3612 4854 respou;

2041 4865 2214 4918 sorias
2251 4879 2466 4918 suarum
2507 4863 2630 4917 inde
2670 4862 2903 4916 vicissim
2934 4865 3216 4929 recepisse.
3247 4862 3371 4915 ch.
3417 4861 3613 4914 Brutus.

2111 4933 2138 4972 δ
2180 4934 2294 4988 Non
2343 4933 2690 4987 exhorruisse
2735 4930 3063 4986 orthodoxos
3110 4929 3376 4984 interdum
3426 4944 3616 4984 voeara

2044 5005 2234 5059 fratres
2265 5005 2598 5057 Christianos
2639 5003 2800 5056 etiam
2849 5013 2880 5054 a
2924 5004 3298 5054 communione
3349 5010 3619 5054 extorres.

2045 5076 2146 5128 hoc
2183 5075 2409 5141 aliisque
2451 5073 2689 5141 pluribus
2733 5070 2993 5138 exemplis
3024 5069 3380 5141 demonstrari
3409 5079 3617 5138 potest:

2045 5140 2360 5212 ctmpagine
2400 5140 2543 5197 enim
2585 5143 3072 5212 Iguniattnnatura:
3107 5148 3162 5195 et
3199 5140 3430 5204 nominis
3471 5142 3622 5212 chri-

2047 5207 2404 5280 stian'iflicet
2447 5227 2549 5265 non
2593 5208 2716 5265 fidei
2759 5209 3102 5280 orthodoxaa,
3137 5225 3309 5280 neque
3345 5207 3622 5280 catholica:

2051 5277 2451 5351 conjunctione,
2501 5280 2761 5350 ejusmodi
2811 5277 3552 5351 nomenclatura__aliquando_
3592 5293 3621 5329 a

374 5347 650 5410 admonuit
673 5368 731 5407 se
760 5347 951 5406 frustra
980 5353 1047 5402 de
1075 5347 1358 5400 obtinenda
1389 5347 1636 5401 Ecclesiae
1658 5351 1941 5420 catholica:
1970 5347 2024 5407 D
2054 5347 2298 5407 Patribus
2319 5347 2511 5406 usitata
2532 5347 2818 5420 reperitur.
2844 5350 3099 5405 Baronius
3121 5364 3210 5403 an.
3228 5347 3356 5411 492,
3379 5348 3621 5402 numJU.

377 5427 748 5480 communione
778 5436 934 5489 agere
963 5427 1243 5485 antequam
1286 5430 1478 5489 nomen
1511 5419 1686 5489 acaeii
1720 5433 1750 5472 e
1778 5422 1945 5474 sacris

377 5497 570 5550 tabulis
597 5487 877 5546 abstulerit
898 5489 1210 5557 penitusque
1238 5487 1481 5557 eraserit.
1506 5487 1617 5551 Qua
1641 5491 1943 5557 occasione,
2002 5520 2036 5550 η

2053 5425 2621 5556 δενῖἀυὲέίῗδιίοόάεηε
2646 5489 2930 5545 certiorem
2966 5503 3108 5554 eum,
3147 5487 3235 5559 qui
3266 5493 3390 5541 ante
3433 5485 3624 5543 litt..-ris

379 5581 498 5624 cum
535 5563 861 5637 Euphemius
901 5556 1004 5614 alia
1039 5558 1324 5627 legatione,
1373 5556 1501 5611 alias
1546 5558 1610 5612 ad
1643 5560 1944 5640 pontificem
2056 5573 2455 5634 provocavcrat.
2488 5561 2618 5618 Ssv.
2651 5561 2851 5617 BINIUS.

453 5705 469 5733 ¹
512 5702 655 5755 Alias
684 5697 960 5767 Euphemio
990 5695 1239 5767 episcopo
1263 5693 1849 5767 Constantinopolitano,
1881 5696 1949 5751 de
1999 5675 2054 5727 ’ἦ

387 5787 489 5838 qun
523 5763 857 5823 Marcellinus
885 5763 1797 5838 comes}n__chro_nico,_1‘Liberatus
1827 5780 1946 5836 cap.

394 5833 474 5894 i8.
507 5841 696 5908 Evagr.
727 5838 761 5891 l.
799 5838 852 5902 5,
883 5851 1002 5904 cap.
1033 5835 1122 5889 ‘23.
1155 5833 1437 5904 Nicepltor.
1465 5833 1556 5888 lib.
1590 5833 1674 5897 16,
1708 5849 1825 5904 cap.
1860 5833 1948 5891 19.

2127 5703 2146 5729 ⁵
2173 5696 2425 5753 Scholion
2454 5711 2554 5750 ms.
2580 5696 2630 5750 in
2654 5695 2776 5751 cod.
2801 5694 3022 5756 Bellov.,
3056 5693 3334 5750 Hrercn'cos
3359 5696 3624 5752 danmatoa

2055 5769 2444 5841 dicit_Acacium
2471 5777 2518 5821 et
2548 5765 2779 5822 Petrum.
2810 5763 3070 5820 HAEDUIN.
