4104 6356
532 359 613 414 ῖὶὗ
898 424 901 425 ν
1939 348 2110 404 ELAS

2213 348 2396 406 ΡᾹΡᾹΞ
2436 352 2455 404 ῐ
3082 376 3087 385 ι
3222 363 3236 380 ο
3723 332 3794 392 16

541 469 771 524 eundum
802 477 1080 537 supernum
1104 462 1512 535 dispositionem
1535 463 1785 518 universa
1807 471 2105 529 cunctaque
2137 467 2183 520 Λ
2213 462 2468 516 debemus
2494 480 2505 514 :
2533 461 2583 514 in
2613 460 2725 515 haec
2750 460 2973 531 abrupta
3017 458 3329 513 deduci-nec
3361 468 3659 524 possumus,
3689 464 3791 507 nec

542 558 869 629 inspicienlis
894 573 1012 627 qua:
1036 557 1101 611 ad
1135 554 1491 610 Ecclesiarum
1522 555 1787 624 pertinent
1832 554 2107 614 unitatem,

538 658 594 704 et
621 648 881 703 adversus
908 646 1175 701 diabolum
1206 645 1643 700 contnrhatorem
1672 657 1811 699 verte
1853 644 1997 712 pacis
2028 652 2112 696 at-

537 752 644 804 que
673 734 960 805 compagis,
991 742 1051 787 ut
1075 734 1273 788 asseris
1303 733 1513 788 fortiter
1541 732 1859 787 resistentis.
1897 732 1954 786 Si
1982 746 2112 800 ergo

539 829 606 882 de
635 843 721 883 me
750 829 850 882 ista
880 827 1212 897 pronuntias,
1254 833 1346 880 aut
1386 824 1637 881 sectanda
1671 824 1762 879 tibi
1788 835 1911 879 sunt
1938 839 2056 894 quae
2082 839 2113 877 a

535 918 771 982 Christo,
805 926 864 971 ut
893 915 1159 984 perhibes,
1189 916 1471 971 constituta
1501 923 1654 979 sunt;
1707 924 1797 969 aut
1839 915 2009 983 palam
2039 922 2111 975 te.
2164 956 2165 959 η

536 1014 677 1079 quod
706 1011 868 1075 absit,
886 1010 1080 1065 Christi
1106 1009 1550 1080 dispositionibus
1573 1009 1790 1064 obviare
1819 1008 2109 1076 depromis,

536 1112 627 1153 aut
654 1101 718 1152 ad
748 1099 955 1153 veniam
989 1098 1082 1171 [aL
1110 1096 1320 1167 venam]
1364 1098 1582 1153 luxuriae
1612 1097 1678 1152 de
1708 1113 1792 1151 me
1820 1111 2113 1166 cognosce-

536 1193 611 1265 ris
640 1193 739 1247 ista
761 1192 986 1259 jactare.
1030 1190 1134 1246 Sed
1174 1199 1568 1259 consequenter
1612 1189 1874 1255 adnectis,
1918 1188 2113 1243 conde-

536 1279 896 1337 scendibilem-
912 1297 998 1336 me
1016 1292 1067 1335 et
1084 1278 1283 1349 optima
1307 1280 1654 1350 dispositione
1681 1294 1934 1335 revocare
1959 1294 2115 1348 posse

535 1368 580 1424 ei
605 1373 898 1427 ncordiam.
933 1371 1182 1437 Proinde,
1212 1371 1459 1441 quoniam
1492 1370 1594 1424 isto
1620 1369 1785 1425 verbo
1812 1369 2116 1437 lrequenter

539 1452 767 1527 utimini,
797 1461 920 1531 quid
948 1459 1046 1517 sibi
1077 1461 1223 1527 velit,
1256 1461 1554 1529 explorem.
1607 1458 1820 1527 Optima
1852 1458 1995 1513 enim
2026 1458 2112 1511 illa

530 1535 620 1608 est
642 1554 893 1609 Ecclesiae
920 1548 1197 1607 catholica:
1218 1561 1376 1621 atque
1401 1549 1708 1619 apostolicae
1729 1548 2030 1618 dispositio,
2048 1548 2113 1602 ad

533 1646 758 1701 meliora
776 1640 1127 1716 .proﬁciendo
1149 1643 1599 1705 condescendere,
1634 1655 1739 1696 non
1768 1639 2113 1695 ad'inl‘eriora

530 1732 1179 1792 descendendodeﬁcere.
1193 1734 1323 1789 Cum
1345 1742 1522 1790 autem
1540 1732 1670 1788 dicis
1682 1731 2112 1787 condescendere

2218 555 2494 619 debemus,
2526 553 2638 622 qui,
2685 563 2967 624 praestante
3000 553 3107 606 Deo
3138 562 3343 612 nostro,
3394 548 3655 602 sinceram
3688 561 3786 614 ptto

2220 660 2439 713 tamque
2468 656 2702 715 paterna:
2728 645 3030 700 traditionis
3060 644 3215 698 ﬁdem
3254 640 3790 707 communionemque

2216 735 2472 801 retinere,
2500 746 2557 791 et
2582 737 2649 792 ab
2672 737 2818 791 omni
2855 736 3322 806 prtevaricatorum
3368 730 3682 800 contagione
3708 729 3791 783 di-

2217 838 2465 892 scretam,
2512 829 2672 883 etiam
2704 826 2965 882 intentato
2998 826 3234 895 pericu'o
3267 822 3473 890 mortis,
3519 831 3787 891 optamus,

2216 920 2476 988 eligentes
2502 921 2566 986 (si
2592 919 2718 975 velit
2739 919 2897 985 Deus)
2938 920 3190 987 quaelibet
3234 918 3321 972 illa
3352 916 3578 986 perpeti,
3628 930 3787 985 quam

2216 1024 2405 1065 causas
2433 1009 2668 1064 incidere
2693 1009 3050 1065 damnationis
3090 1020 3321 1063 asternat.
3355 1007 3506 1073 Date,
3550 1006 3788 1076 inquam,

2216 1100 2448 1164 veniam,
2500 1101 2545 1155 si
2573 1112 2746 1154 tamen
2789 1115 2910 1155 eum
2944 1114 3038 1154 vos
3070 1108 3285 1167 propter
3310 1113 3546 1153 amorem
3576 1097 3792 1167 eujuslio

2218 1190 2305 1245 bet
2336 1190 2563 1244 hominis
2583 1192 2672 1246 vel
2698 1192 2941 1245 timorem
2977 1191 3088 1245 haec
3121 1191 3346 1244 libenter
3374 1190 3666 1254 iucurritis,
3696 1205 3793 1243 nos

2219 1294 2436 1349 propter
2464 1295 2699 1335 amorem
2728 1282 2819 1336 Dei
2844 1291 2895 1334 et
2925 1283 3169 1336 timorem
3214 1285 3471 1351 galeamn
3502 1280 3621 1335 talia
3653 1281 3793 1335 refu-

2220 1381 2411 1424 tamus.
2457 1371 2565 1427 Nec
2592 1388 2685 1425 vos
2712 1372 2964 1435 credatis,
3011 1372 3395 1431 dissimulando
3414 1386 3608 1425 causas
3630 1380 3793 1440 atque

2220 1476 2495 1531 personas,
2527 1464 2810 1530 cujuslibet
2837 1465 3083 1518 amicitiis
3112 1480 3269 1533 posse
3282 1465 3622 1532 subrepere?
3667 1464 3794 1533 quia

2219 1568 2389 1622 ncqne
2424 1564 2519 1631 vos
2545 1554 2615 1607 ita
2647 1554 2868 1609 subtiles
2916 1558 3063 1619 estis,
3116 1555 3204 1623 qui
3239 1570 3342 1608 non
3380 1556 3595 1624 possitis
3639 1556 3795 1611 iutcl-

2219 1644 2426 1714 ligizet
2476 1659 2593 1709 nos,
2644 1656 2934 1715 prmslanle
2978 1646 3087 1701 Deo
3133 1656 3350 1711 nostro,
3400 1660 3503 1699 non
3551 1647 3794 1713 reperitis
3878 1684 3881 1687 -

2214 1735 2477 1789 incautos.
2520 1735 2709 1790 Nonne
2753 1736 2930 1789 missis
2961 1737 3061 1789 huc
3104 1750 3245 1803 sape
3278 1736 3467 1790 litteris
3494 1736 3793 1801 indicastis,

538 1842 634 1881 nos
652 1826 853 1881 'debere
876 1822 1169 1892 vobiscum,
1191 1824 1403 1879 interim
1419 1824 1527 1894 jam
1542 1836 1643 1877 vos
1660 1820 2109 1886 autdesccnderc,
2145 1800 2192 1859 Β
2217 1838 2339 1878 cum
2368 1824 2576 1878 caeteris
2604 1824 2868 1879 baireticis
2898 1840 2992 1878 vos
3026 1825 3302 1894 Eutychen
3335 1841 3545 1894 quoque
3578 1841 3794 1891 respue-

536 1912 625 1972 au't
654 1918 995 1973 desrettdi.~se
1019 1916 1348 1971 monstratis.
1374 1914 1764 1983 Unde,qu:eso,
1780 1913 1865 1968 vel
1887 1927 1993 1983 quo
2015 1912 2114 1965 is'a

536 1996 819 2063 descensio
848 2008 966 2062 eSt‘i
1013 2006 1300 2076 Utiquc'ex
1342 2004 1604 2074 superiori
1640 2002 1872 2073 quodam
1903 2003 2022 2058 loco
2045 2000 2113 2056 ad

536 2099 790 2153 in'criora
820 2111 1042 2166 qumque
1070 2094 1336 2166 deposito,
1361 2108 1390 2148 a
1412 2093 1672 2148 catholica
1705 2092 1797 2165 [αι.
1827 2094 2111 2162 depositio.

533 2195 577 2245 Δ
608 2188 889 2260 catholica]
927 2188 1335 2258 apostolieaque
1380 2187 1757 2241 communione
1804 2185 1871 2240 ad
1902 2184 2115 2240 haereti-

532 2297 651 2355 cam
672 2280 1094 2348 damnatumque
1124 2276 1406 2349 prolapsos"
1428 2293 1525 2333 vos
1563 2276 1777 2343 videtis,
1827 2278 2109 2348 cognosci-

533 2376 755 2439 tis,.non
784 2374 1025 2442 negatis:
1059 2380 1110 2427 et
1144 2386 1248 2426 non
1287 2372 1461 2426 solum
1490 2384 1586 2425 vos
1627 2371 1679 2423 in
1710 2370 1907 2425 inlimis
1934 2371 2113 2439 jacere

482 2450 489 2455 ’
534 2467 782 2531 delectat,
808 2466 899 2521 sed
935 2464 1093 2520 etiam
1123 2464 1177 2519 in
1227 2465 1504 2533 superiore
1535 2473 1814 2520 manentes
1843 2464 1971 2520 sede
1999 2465 2110 2518 vul-

534 2557 600 2634 tis
629 2557 847 2625 impelli.
870 2550 1317 2612 'Condescendere
1350 2569 1446 2610 nos
1476 2554 1751 2610 vobiscum
1779 2556 2015 2611 invitatis
2040 2556 2106 2610 ad

532 2652 637 2704 ima
662 2650 729 2705 de
761 2649 1007 2716 summis,
1051 2662 1149 2703 nos
1188 2648 1548 2703 eoascendere
1576 2661 1671 2704 ms
1716 2648 1990 2703 nobiseum
2018 2664 2109 2702 ro-

534 2756 720 2811 gamus
754 2740 818 2793 ad
869 2753 1072 2793 summa
1118 2738 1185 2793 de
1219 2737 1361 2792 imis.
1393 2739 1540 2792 Nunc
1564 2738 1727 2807 igitur
1756 2739 1856 2792 sub
1882 2752 2110 2807 conspe-

492 2848 496 2857 ‘
534 2845 619 2889 ctu
652 2834 791 2889 illitts
833 2833 1063 2889 επεὶ-ω
1097 2832 1317 2902 Ῑυειίιῐω
1353 2832 1555 2900 judicet
1596 2849 1766 2902 genus
1794 2833 2106 2897 humanum,

533 2927 652 2997 quis
695 2935 930 2981 nostrum
971 2924 1162 2978 debeat
1205 2924 1358 2977 alteri
1402 2924 1638 2979 obedire.
1674 2926 1689 2955 ¹
1737 2926 1817 2978 An
1848 2924 2003 2990 dicis,
2054 2936 2111 2980 ut

535 3025 727 3071 uetera
777 3030 916 3070 nunc
962 3014 1224 3077 omittam,
1272 3013 1553 3069 descendit
1588 3013 1843 3069 Dominus
1889 3016 2002 3084 ipse
2041 3017 2108 3070 de

535 3108 693 3163 caelo.
739 3107 1023 3163 Descendit
1065 3107 1239 3177 plane,
1285 3106 1377 3160 sed
1419 3117 1477 3161 ut
1517 3106 1789 3163 hominem
1828 3107 1897 3161 ab
1914 3123 2109 3181 errore

2219 1918 2315 1971 re?
2343 1916 2451 1971 Hoc
2474 1917 2519 1971 si
2545 1932 2732 1986 verum
2759 1927 2861 1982 est,
2893 1926 2984 1971 aut
3022 1932 3115 1971 eos
3141 1917 3228 1986 qni
3252 1918 3791 1973 communicaverunt

2222 2006 2531 2077 Eutychetis
2569 2007 2968 2063 successoribus
3014 2010 3215 2077 pariter
3243 2008 3507 2076 abdicato,
3544 2021 3638 2065 aut
3664 2012 3794 2065 alio-

2218 2115 2334 2152 rum
2357 2115 2570 2169 quoque
2586 2100 2958 2155 haereticorum
2976 2102 3379 2156 successoribus
3401 2103 3795 2158 conununiean-

2217 2199 2319 2255 tes,
2348 2191 2631 2247 admittite.
2664 2191 2771 2248 Sed
2805 2192 3063 2258 Aeacius,
3111 2192 3306 2262 inquis,
3356 2193 3484 2248 nihil
3515 2203 3699 2248 contra
3736 2196 3795 2247 li-

2216 2282 2360 2346 dem,
2408 2283 2549 2339 sicut
2570 2283 2871 2355 .Eutyches,
2898 2292 2951 2337 et
2980 2298 3258 2339 successor
3288 2284 3423 2353 ejus,
3461 2284 3652 2353 legitur
3680 2283 3819 2345 nbi-_

2214 2388 2424 2441 cunque
2446 2374 2677 2439 dixisse;
2708 2375 2858 2443 quasi
2897 2390 3000 2429 non
3033 2375 3105 2429 sit
3133 2375 3389 2440 deti-rius,
3418 2383 3473 2430 et
3498 2390 3603 2429 non
3636 2374 3793 2444 igno-

2215 2480 2361 2520 rasse
2406 2467 2683 2522 veritatem
2734 2477 2787 2521 ει
2838 2476 3013 2521 tamen
3072 2467 3506 2523 communicasse
3552 2467 3794 2522 veritatis

2215 2557 2463 2613 inimicis.
2495 2557 2550 2613 Si
2577 2559 2744 2625 enim,
2794 2573 2913 2613 enm
2947 2558 3138 2629 aliquis
3167 2566 3312 2615 recte
3356 2562 3569 2629 sapiens
3597 2560 3664 2614 de
3691 2559 3793 2614 lide

2212 2648 2475 2703 catholica
2497 2648 2851 2704 communicet
2869 2648 2975 2703 iflis
3003 2649 3290 2715 haereticis,
3316 2650 3455 2705 inter
3471 2664 3603 2719 quos
3628 2650 3792 2721 Euty-

2213 2736 2424 2793 chetem
2457 2738 2729 2806 posuistis,
2763 2739 2847 2795 vel
2891 2740 3293 2795 successoribus
3321 2756 3529 2805 eorum,
3574 2755 3677 2794 non
3709 2752 3791 2795 est

2215 2830 2294 2884 fas
2324 2845 2422 2885 eos
2458 2830 2597 2885 inter
2622 2832 3002 2888 catholicorum
3036 2834 3221 2887 altaria
3252 2835 3528 2888 nominare
3552 2850 3573 2887 :
3603 2833 3676 2887 ita
3706 2848 3790 2886 ero

2212 2938 2350 2989 gone
2379 2922 2523 2977 illius
2540 2923 2860 2995 Eutychetis
2889 2926 3291 2980 sacccssoribus
3319 2925 3787 2987 communicando,

2212 3014 2372 3068 simili
2422 3026 2566 3069 sorte
2619 3025 2830 3070 tenetur
2875 3016 3183 3071 obnoxius?
3238 3017 3311 3070 De
3358 3017 3549 3071 talibus
3590 3017 3789 3086 quippe

2214 3106 2594 3160 convenienter
2633 3105 2860 3160 dicitur:
2892 3104 3208 3159 Descendunt
3250 3105 3301 3159 in
3328 3108 3585 3177 infernum
3624 3107 3790 3161 viven-

536 3202 812 3271 liberaret,
844 3214 947 3255 non
981 3209 1037 3253 ut
1062 3199 1179 3268 ejus
1210 3198 1524 3253 misceretur
1551 3171 1961 3254 errori.'Nomie
1997 3201 2051 3269 ip
2079 3215 2110 3256 e
2138 3171 2183 3233 Ο
2215 3206 2287 3249 les
2331 3195 2500 3266 (P801.
2550 3196 2681 3267 ιιν),
2734 3198 2825 3267 αιιί
2871 3197 2995 3252 dum
3047 3199 3132 3252 illa
3181 3208 3285 3253 vrta
3328 3171 3428 3270 qua
3456 3201 3632 3269 justus
3673 3200 3791 3253 vit-it

535 3291 854 3362 praemonuit
884 3289 1049 3360 utqui
1078 3290 1129 3344 iu
1163 3299 1303 3343 tecto
1324 3289 1701 3355 consisterent,
1746 3304 1850 3343 non
1882 3288 2108 3343 descen-

535 3383 747 3455 derent,
777 3396 873 3437 nec
891 3381 957 3435 de
973 3397 1032 3434 ea
1056 3396 1171 3450 ane
1199 3379 1249 3435 in
1281 3379 1440 3435 domo
1463 3379 1707 3434 videntur
1730 3394 1849 3435 esse
1876 3380 2106 3435 tollenda

535 3472 748 3545 (Matth.
784 3473 966 3543 xxiv)?
998 3471 1197 3529 Nonne,
1215 3485 1311 3541 pro
1338 3471 1585 3527 omnibus
1606 3472 1889 3539 Apostolus
1911 3472 1960 3542 (Ι
1984 3471 2103 3527 Cor.

534 3582 571 3624 ι,
603 3563 657 3635 5)
686 3565 879 3620 clamat
909 3558 1066 3628 unus,
1111 3562 1200 3632 qui
1235 3555 1351 3630 plus
1375 3561 1624 3615 omnibus
1668 3561 1953 3624 laboravit,
1986 3577 2106 3615 cum
2152 3572 2155 3575 '

535 3657 603 3712 de
627 3656 864 3711 c:.stodia
893 3652 1135 3709 veritatis
1165 3660 1430 3722 ageretur,
1470 3652 1667 3721 quibus
1697 3666 1795 3706 nec
1822 3651 1888 3706 ad
1922 3650 2105 3707 horam

536 3750 795 3803 cessimus
837 3744 1183 3814 subiectionis
1224 3745 1428 3813 gratia,
1480 3751 1539 3796 ut
1586 3743 1784 3799 veritas
1820 3737 2106 3812 Evangelii

537 3820 877 3906 permaneret
914 3834 1052 3907 apud
1080 3834 1206 3887 vos?
1243 3830 1442 3888 Videtis
1482 3833 1755 3888 caelestem
1797 3832 2106 3903 magistrum

536 3922 964 3981 condescendere
1011 3923 1184 3979 noxiis
1228 3920 1910 3978 recusantem?‘Postremo
1950 3924 2109 3978 facia-

535 4030 656 4071 mus
684 4014 915 4085 aliquem
942 4013 1229 4079 corruisse,
1253 4014 1317 4066 ad
1338 4028 1493 4081 quem
1527 4012 1907 4081 benignissime
1929 4013 2101 4069 subie-

535 4108 785 4184 vandum‘
815 4106 1083 4175 pau'ulum
1114 4105 1377 4175 quispiam
1426 4103 1553 4157 velit
1598 4102 1812 4157 inﬂecti.
1864 4102 2021 4174 Ergo,
2052 4114 2110 4158 ut

534 4194 989 4268 erigatnrjacens,
1038 4196 1381 4252 miserantem
1425 4195 1677 4249 convenit
1704 4196 1969 4262 inclinari,
2000 4188 2111 4251 ..ου’

536 4299 593 4341 ιιι
618 4303 738 4341 eum
765 4288 953 4341 eodem
982 4284 1341 4354 prmeipitetur
1366 4285 1420 4338 in
1452 4284 1679 4340 loveam.
1720 4284 1881 4354 Igitur
1908 4302 1999 4355 per
2026 4287 2108 4341 lit-

532 4389 679 4432 teras
692 4379 826 4447 quas
849 4391 941 4445 per
960 4375 1261 4430 Si’nclitium
1285 4375 1563 4429 diaconem
1578 4375 1906 4440 destinastis,
1934 4376 2001 4431 de
2026 4378 2108 4431 his

534 4483 667 4539 quos
701 4467 1014 4537 baptizavit,
1060 4479 1195 4534 quos
1236 4464 1503 4518 ordinavit
1543 4466 1790 4530 Aeacius,
1840 4468 2101 4535 majorum

2213 3287 2387 3354 (Rom.
2424 3290 2491 3353 ι),
2543 3302 2666 3342 vera
2694 3298 2853 3358 atque
2881 3290 3140 3345 catholica
3170 3299 3424 3357 put:mtnr
3453 3288 3651 3352 vivere,
3699 3307 3786 3342 re-

2212 3386 2372 3446 pente
2397 3388 2487 3432 aut
2520 3379 2578 3431 in.
2599 3393 2764 3447 pruna
2796 3381 3090 3445 pravitatis,
3139 3388 3230 3433 aut
3264 3379 3315 3433 in
3348 3378 3610 3433 haeretica:
3639 3392 3786 3432 com-

2212 3469 2478 3523 muniOnis
2507 3467 2715 3522 inferna
2748 3478 2987 3538 vergunt.
3044 3468 3181 3523 Ecce
3209 3468 3390 3537 quales
3415 3467 3628 3522 Christo
3656 3468 3789 3524 dici-

2212 3559 2278 3612 tis
2304 3574 2424 3614 esse
2470 3558 2881 3628 prapouendos,
2932 3572 3051 3612 cum
3104 3559 3189 3613 ille
3221 3558 3549 3612 Lee-animas
3580 3571 3790 3613 nostras

2208 3648 2422 3705 sibimet
2454 3647 2724 3718 prtecipiat
2771 3647 3041 3717 anteponi.
3096 3648 3204 3703 bno
3252 3659 3304 3702 et
3349 3647 3521 3703 adhuc
3549 3647 3789 3719 qureriiis

2208 3741 2425 3809 quando
2489 3739 2650 3794 fuerit
2695 3738 2977 3793 danmatus
3026 3739 3288 3803 Aeacius,
3346 3739 3497 3810 quasi
3560 3754 3784 3803 revera,

2209 3832 2417 3886 etiamsi
2447 3846 2569 3885 cum
2612 3831 2788 3885 nullus
2831 3840 2955 3885 ante
3010 3830 3338 3895 damnasset,
3388 3846 3495 3886 non
3545 3832 3787 3887 debuerit

2209 3920 2528 3976 orthodoxa:
2575 3931 2629 3977 et
2656 3922 2963 3990 apostolicae
2993 3923 3380 3977 communitatis
3405 3962 3420 3986 ,
3469 3922 3622 3991 cujus
3652 3937 3786 3990 prae-

2209 4014 2473 4068 varicator
2501 4015 2701 4069 exstitit
2732 4026 2787 4068 et
2816 4015 3083 4081 desertor,
3115 4013 3523 4083 participatione
3548 4012 3784 4077 sccludi;

2209 4117 2348 4161 scut
2389 4104 2547 4161 ciam
2578 4106 2799 4176 quilibet
2827 4105 2917 4175 qui
2967 4107 3122 4159 fuerit
3150 4088 3271 4158 ante
3307 4102 3625 4168 catholicus,
3676 4103 3788 4157 cui-

2209 4213 2418 4268 cunque
2465 4197 2654 4251 haeresi
2704 4199 3139 4260 communicaris,
3204 4197 3396 4251 merito
3439 4195 3710 4263 jndicatnr
3758 4212 3787 4247 a

2211 4298 2391 4343 nostra
2433 4288 2689 4342 societate
2736 4287 3116 4351 removendus;
3170 4297 3260 4339 aut
3310 4286 3362 4339 in
3393 4283 3482 4339 tali
3512 4295 3656 4338 ante
3687 4284 3784 4335 de-

2210 4380 2440 4442 functus,
2473 4380 2611 4431 inter
2634 4377 3271 4431 catholicorumnomina
3305 4362 3606 4430 nullatenus
3633 4392 3781 4428 mm-

2209 4475 2403 4545 putari.
2455 4474 2709 4528 Mirantur
2739 4482 2912 4526 tamen
2945 4472 3210 4539 quomodo
3251 4472 3350 4524 ista
3383 4485 3455 4539 pr.
3482 4469 3650 4530 fertis.
3687 4471 3791 4524 hoc

489 4590 498 4612 ι
534 4562 820 4616 tradititme
860 4559 1161 4614 confectam
1202 4566 1257 4613 et
1283 4572 1488 4618 veram,
1541 4558 1805 4627 praecipue
1847 4560 2107 4629 religiosae
2135 4538 2186 4598 Ῑ)
2210 4538 2296 4621 est
2316 4575 2371 4621 et
2412 4564 2674 4637 synodum
2715 4538 3206 4618 Chalcedonensem
3242 4578 3335 4618 vos
3379 4538 3647 4631 su-c?pere
3693 4578 3793 4629 pro

466 4636 474 4643 ’
531 4650 881 4707 sollicitudini
898 4663 1184 4717 congruam
1210 4647 1511 4717 pracbemus
1532 4649 1651 4702 sine
1671 4648 1983 4721 difﬁcultate
2005 4665 2111 4704 me-

497 4731 504 4752 ¹
532 4746 784 4798 uicinam.
813 4744 930 4808 Quo
950 4756 1049 4795 nos
1078 4741 1237 4795 vuitis
1250 4740 1397 4794 ultra
1408 4739 1778 4795 descendere?
1798 4743 1936 4807 Quid
1962 4751 2106 4796 tace-

535 4836 635 4890 tis?
659 4834 794 4901 Quid
821 4831 1250 4889 verecundamini
1271 4834 1446 4886 verbis
1473 4832 1774 4901 exprimere
1792 4833 1933 4903 quod
1948 4834 2111 4901 corde

532 4928 792 4996 gustatis?
821 4924 936 4993 ipsa
968 4939 1064 4979 vos
1090 4922 1279 4979 saltem
1314 4924 1653 4989 verecundia,
1675 4909 1835 4992 quod
1866 4940 2113 4978 nonnun-

530 5032 687 5084 quam
706 5015 796 5082 ﬁt,
829 5014 1008 5068 debuit
1035 5026 1400 5067 commonere.
1433 5016 1514 5067 Au
1544 5014 1787 5079 forsitan,
1810 5026 1865 5068 ut
1894 5015 2106 5069 lucreti-

530 5123 716 5161 eorum
744 5102 1223 5172 damnatorutnque
1262 5112 1317 5157 et
1344 5102 1424 5156 his
1456 5103 1539 5157 vel
1566 5117 1749 5157 eorum
1778 5106 2102 5159 successori-

532 5204 630 5253 bus
652 5195 1164 5253 communicantium
1191 5196 1406 5249 nomina
1433 5195 1831 5250 consentiamus
1860 5194 2104 5251 admitti?

521 5293 646 5345 .llec
676 5306 790 5345 non
820 5296 905 5344 est
943 5287 1382 5355 condescendere,
1400 5287 1466 5340 ad
1516 5287 1958 5352 subveniendum,
2011 5289 2102 5343 sed

532 5383 807 5436 evidenter
852 5382 905 5434 in
950 5378 1153 5433 inferna
1199 5376 1454 5447 demergi.
1528 5378 1754 5443 Parcite,
1803 5395 2004 5449 qumso,
2051 5393 2100 5435 ct

535 5477 688 5530 nobis
709 5483 764 5529 et
788 5476 968 5527 vobis.‘
987 5472 1137 5540 Quod
1168 5472 1213 5526 si
1240 5486 1419 5525 curam
1448 5485 1541 5525 ves
1566 5472 1608 5525 ri
1631 5472 1769 5525 adeo
1801 5488 1903 5545 non
1936 5473 2101 5527 habe-

535 5579 624 5622 tis.
653 5567 774 5621 date
805 5552 1008 5620 veniam
1040 5564 1211 5620 nobis.
1262 5562 1451 5617 Dolere
1480 5573 1533 5616 et
1563 5563 1691 5617 ﬁere
1728 5580 2011 5633 possumus
2049 5579 2102 5620 et

606 5750 619 5778 ³
649 5745 820 5803 ἀναμίξ
849 5742 1081 5809 reetins,‘
1111 5742 1169 5793 At
1200 5742 1345 5799 dicis.
1365 5739 1636 5799 lituum.

2216 4657 2320 4710 ﬁde
2350 4655 2608 4710 catholica
2640 4654 3026 4724 proﬁteamini;
3076 4662 3130 4707 et
3171 4667 3265 4708 eos
3309 4667 3443 4722 quos
3491 4656 3718 4706 damuav
3744 4664 3791 4715 t,

2215 4748 2530 4803 sectantium
2580 4745 3082 4811 eommunicatores,
3133 4759 3238 4799 non
3270 4744 3663 4814 particulariter
3698 4759 3792 4814 ge-

2219 4838 2792 4906 neraliterque-putetis
2820 4836 2987 4911 luisse
3010 4834 3311 4890 damnatos.
3362 4834 3638 4890 Ostendite
3659 4850 3794 4903 ergo

2216 4944 2336 4998 qua:
2376 4927 2611 4997 synodus
2646 4925 2707 4979 vin
2752 4939 3069 4995 unaquaque
3116 4924 3304 4979 haeresi
3351 4939 3470 4979 eum
3515 4925 3796 4979 erroribus

2211 5022 2547 5075 successores
2558 5033 2743 5074 eorum
2758 5016 2839 5071 bis
2852 5016 3303 5071 communicantes
3320 5016 3582 5084 simulque
3597 5030 3793 5070 omnes

2212 5127 2315 5165 non
2344 5092 2561 5164 damnet
2590 5117 2640 5162 ct
2670 5107 2979 5174 complices.
3010 5106 3191 5175 Itaque
3218 5106 3309 5159 ille
3338 5118 3512 5161 vesrer
3536 5107 3793 5175 Aeacius,

2206 5204 2297 5272 qui
2344 5200 2686 5271 Eutychianis
2729 5198 2996 5254 haereticis
3057 5196 3357 5252 detestabili
3409 5199 3795 5252 communione.

2210 5293 2379 5347 Iactus
2406 5301 2488 5346 est
2530 5290 2813 5361 particeps,
2863 5291 2931 5344 ab
2959 5289 3144 5343 eadem
3190 5288 3393 5358 synodo
3432 5290 3548 5341 sine
3578 5290 3788 5341 dubita-

2212 5386 2352 5437 tione
2383 5379 2663 5437 dainnatus
2692 5390 2797 5446 est,
2830 5396 2948 5451 qua:
2989 5389 3039 5433 et
3073 5378 3341 5449 Eutychen
3373 5378 3794 5447 Dioscornmquq

2202 5493 2327 5543 cum
2351 5491 2445 5530 suc
2474 5458 2750 5529 esSurihus
2774 5487 2967 5531 eorum
3001 5471 3187 5538 hisque
3220 5472 3623 5526 commtmicantv
3648 5488 3672 5524 s
3700 5486 3795 5538 sy~

2213 5567 2403 5619 nodico
2446 5578 2623 5619 lt‘llttre
2648 5574 2956 5635 prostravit.
