4104 6356
343 418 398 471 l7
1525 415 1877 472 EPHTGDIE
1920 417 2006 470 ΕΤ
2048 417 2376 473 ΠΕΟΙΗςΪΑ.
3535 421 3590 474 Η

403 531 491 584 Sic
520 544 772 598 sequaces
803 543 1011 599 quoque
1041 543 1248 594 eorum,
1290 529 1626 582 Timotheum
1658 530 1898 584 Petrnm-
1929 531 1979 589 Α
2009 545 2191 596 preces
2206 529 2591 599 deposco,quae
2608 540 2978 599 pertolannns
2998 530 3063 584 nb
3087 528 3190 583 illis
3211 531 3586 602 l’nuibusglw

330 639 434 693 que
458 623 617 677 simili
648 622 958 677 deﬁnitione
999 621 1212 690 dejecit.
1269 621 1497 676 Proinde
1527 622 1571 676 si
1621 637 1679 676 ea
1705 638 1822 692 qua:
1853 622 1905 675 in

330 716 537 786 synodo
566 714 988 769 Chalcedonensi
1032 729 1129 783 pro
1174 713 1276 767 fide
1307 722 1365 768 et
1404 715 1782 769 communione
1811 730 1904 769 ca-

330 807 526 862 tholica
558 805 674 875 lege
701 805 991 874 apostolica
1033 805 1261 858 definita.
1295 816 1442 874 sunt,
1491 821 1622 860 vere
1651 815 1906 874 certeque

326 899 628 964 sectamini,
661 898 798 952 sicut
825 909 1000 952 vestra
1047 898 1375 968 professione
1423 898 1700 968 multiplici
1731 899 1904 952 conti-

332 1000 520 1052 netur;
571 999 660 1042 aut
690 1004 1028 1044 successores
1065 991 1133 1044 ab
1166 991 1250 1044 illa
1298 990 1503 1059 synodo
1531 990 1902 1044 damnatorum

334 1080 521 1149 hisque
545 1080 998 1135 communicantes
1023 1082 1265 1150 abjicite;
1293 1092 1404 1148 aut,
1438 1083 1481 1137 si
1511 1081 1641 1136 istos
1669 1083 1908 1136 admitti-

335 1174 421 1236 tis,
462 1186 522 1226 ea
553 1188 670 1240 qua:
702 1172 752 1226 in
786 1173 872 1225 illa
917 1173 1125 1243 synodo
1169 1189 1265 1242 pro
1299 1174 1401 1228 fide
1446 1174 1902 1229 et-communione

334 1263 586 1318 catholica
620 1277 672 1318 et
698 1266 983 1334 apostolica
1014 1275 1136 1319 sunt
1167 1276 1401 1335 peracta,
1445 1281 1548 1320 non
1573 1267 1743 1321 solum
1771 1266 1904 1321 falso

334 1371 426 1409 vos
476 1356 710 1410 retinere
763 1355 1090 1425 perpenditis
1117 1398 1131 1421 ,
1168 1345 1276 1411 'sed
1324 1357 1541 1426 insuper
1582 1357 1903 1413 labefactare

331 1447 616 1511 conamini,
650 1457 702 1501 et
733 1449 783 1500 in
809 1447 1196 1518 Eutychianam
1230 1449 1477 1504 haeresim
1505 1451 1906 1504 sine~retracta~

331 1539 474 1593 tione
506 1539 762 1606 reciditis,
790 1541 1083 1610 meritoque
1113 1556 1139 1592 a
1162 1539 1438 1594 catholicis
1469 1541 1763 1610 probantini
1788 1556 1906 1595 esse

331 1631 530 1683 vitandi
560 1649 571 1682 :
597 1631 718 1699 quia
749 1640 804 1685 ut
837 1631 993 1685 talem
1038 1631 1394 1701 pestilentiam
1439 1643 1696 1700 perpetuo
1725 1645 1908 1701 posse-

330 1738 451 1776 mus
479 1723 732 1788 evadere,
779 1737 840 1775 ea
869 1738 988 1791 qua:
1036 1731 1221 1776 contra
1269 1723 1437 1791 ipsam
1481 1722 1548 1776 ab
1586 1738 1648 1776 ea
1679 1737 1905 1791 congre-

332 1816 547 1880 gatinne
573 1823 879 1867 Sanctorum
914 1813 1125 1867 Patrum
1157 1815 1446 1868 salubriter
1485 1813 1696 1868 decreta
1728 1814 1909 1884 legun—

2012 623 2186 688 rio~is,
2220 622 2419 677 illibata
2449 622 2754 693 intactaque
2783 633 2992 680 seriata
3023 635 3125 678 est.
3152 623 3275 677 lla-c
3295 626 3435 678 enim
3476 634 3582 692 est,

2011 715 2146 769 sicut
2178 714 2291 784 ipse
2317 715 2470 778 dicis,
2515 730 2672 782 quam
2710 717 2846 770 Deus
2868 725 3050 772 uester
3078 715 3146 771 de
3174 717 3421 772 omnibus
3450 716 3585 771 bene

2011 805 2260 868 futuram,
2285 815 2339 859 et
2359 803 2648 859 secundum
2673 818 2823 858 suam
2848 805 3125 862 veritatem
3148 816 3198 862 et
3225 808 3460 878 regulam
3487 823 3586 878 gn-

2010 895 2361 960 bernandam,
2403 902 2457 950 et
2493 896 2744 964 pra'scius
2789 906 2912 950 ante
2953 899 3246 963 constituit,
3281 909 3333 954 et
3363 899 3588 970 singulis

2008 987 2308 1056 quibusque
2338 987 2666 1055 temporibus
2701 1000 2794 1040 sua
2824 986 3173 1057 dispositione
3203 991 3589 1047 convenienter

2008 1081 2225 1147 aptavit.
2261 1078 2385 1132 [late
2411 1085 2495 1132 est
2523 1077 2764 1131 voluntas
2799 1077 2912 1144 Dei,
2939 1078 3090 1147 cujus
3123 1087 3180 1132 tu
3207 1080 3403 1147 ingeris
3433 1096 3586 1135 meu-

2011 1171 2230 1232 tionem,
2279 1184 2435 1237 quam
2475 1183 2574 1237 ego
2613 1184 2826 1238 quoque
2855 1183 2951 1238 pro
2989 1183 3108 1224 meo
3146 1169 3381 1234 modulo,
3427 1187 3588 1240 quem

2013 1262 2267 1317 Dominus
2298 1262 2498 1317 donare
2542 1262 2819 1332 dignatur,
2871 1262 3027 1331 enpio
3071 1277 3289 1332 prorsus
3338 1261 3588 1331 implere.

2012 1367 2067 1410 ut
2109 1371 2212 1410 non
2257 1371 2380 1411 reus
2424 1355 2491 1410 de
2537 1354 2693 1424 hujus
2736 1354 2917 1410 tale-nti
2964 1354 3198 1410 caelestis
3235 1351 3589 1410 diminutione

2011 1449 2249 1516 reperiar
2278 1465 2290 1501 :
2323 1447 2418 1502 sed
2450 1449 2500 1501 in
2532 1447 2632 1502 hoc
2665 1447 2861 1502 talento
2906 1448 3067 1517 (sicut
3097 1448 3210 1518 ipse
3245 1462 3458 1518 quoque
3489 1463 3587 1503 nos

2009 1539 2284 1609 admonet)
2317 1540 2700 1594 incrementum
2730 1538 2928 1593 Christi
2956 1538 3123 1607 gratia
3159 1537 3372 1606 postulo
3399 1551 3590 1592 conse-

2010 1631 2121 1700 qui,
2155 1639 2209 1685 et
2236 1629 2435 1683 nu‘l'lunt
2471 1643 2686 1698 prorsus
2729 1629 2967 1684 incidere
2996 1627 3404 1686 detrimentum.
3454 1627 3590 1682 Hinc

2011 1722 2260 1791 estquod
2291 1722 2553 1790 prioribus
2587 1721 2890 1777 dilectionis
2922 1731 3022 1776 tuae
3063 1720 3278 1785 litteris,
3316 1719 3453 1774 sicut
3499 1729 3586 1773 tua

2013 1828 2224 1883 quoque
2253 1813 2782 1883 paginadesignavit,
2814 1828 2908 1881 pro
2951 1822 3130 1867 vestra
3175 1813 3385 1880 sumpsi.
3418 1811 3589 1866 salute

337 1914 442 1967 tur,
478 1903 782 1957 nullatenus
815 1901 1124 1967 inutilanda,
1157 1919 1263 1958 non
1307 1905 1476 1957 solum
1509 1904 1650 1958 sedis
1699 1915 1911 1974 aposto-
1943 1897 1989 1957 Β
2019 1905 2310 1969 tristitiam,
2339 1903 2426 1956 ubi
2463 1905 2697 1973 comperi
2733 1903 2874 1972 quod
2916 1913 3031 1958 erat
3079 1903 3232 1956 Vobis
3260 1904 3505 1965 noxium,
3537 1912 3591 1956 et

340 1994 455 2049 lica:
487 1995 763 2064 prtesules,
811 1995 903 2051 sed
935 1996 1092 2050 etiam
1124 1998 1474 2052 Orientalium
1521 1999 1796 2066 regionum
1827 2015 1909 2054 ca-

338 2083 520 2138 tholici
550 2099 807 2140 censuere
835 2086 1128 2154 pontifices.
1175 2091 1254 2141 An
1299 2087 1514 2141 Petrum
1546 2088 1722 2142 dicitis
1751 2088 1913 2144 fuisse

337 2185 637 2245 purgatum,
681 2177 764 2230 cui
809 2177 1224 2231 communicavit
1254 2179 1512 2232 Aeacius?
1559 2178 1705 2234 Veris
1731 2195 1910 2235 asser-

338 2268 570 2322 tionibus
595 2267 834 2333 edocete,
865 2268 964 2322 hcc
984 2268 1268 2335 ostendite,
1295 2268 1396 2324 hoc
1424 2269 1662 2340 probate,
1717 2271 1911 2342 quibus

337 2362 424 2416 ille
463 2361 659 2425 modis,
703 2362 893 2430 quibus
945 2361 1034 2417 ille
1072 2363 1270 2433 tegulis
1303 2365 1371 2418 ab
1399 2363 1725 2434 Eutychiana
1757 2364 1912 2418 fuerit

335 2452 670 2522 professione
716 2453 794 2506 vel
845 2455 1220 2509 communione
1251 2453 1538 2508 mundatus
1571 2471 1583 2508 :
1626 2463 1682 2508 ut
1710 2469 1830 2509 cum
1859 2455 1911 2510 id

337 2545 682 2599 nihilominus
707 2544 936 2600 evidenti
969 2560 1146 2600 rerum
1169 2546 1424 2600 claruerit
1456 2546 1912 2602 demonstratione

334 2638 659 2704 convictum,
690 2638 862 2707 palam
902 2645 1194 2708 aperteque
1241 2638 1456 2707 possitis
1485 2639 1787 2708 advertere,
1821 2649 1912 2695 ant

337 2744 431 2782 vos
457 2729 655 2784 debere
684 2730 877 2784 cedere
907 2729 1138 2797 veritati,
1170 2741 1262 2784 aut
1291 2730 1554 2785 adversus
1583 2730 1719 2784 hanc
1742 2732 1913 2786 mani-

336 2817 468 2872 festa
497 2818 838 2874 dimicatione
864 2820 1171 2890 conﬂigere.
1221 2821 1328 2875 Nec
1357 2821 1505 2876 vobis
1539 2821 1910 2890 blandiamini,

335 2911 457 2974 quia
485 2907 640 2964 fidem
685 2909 1003 2964 catholicam
1056 2911 1379 2980 proﬁtemini
1410 2926 1505 2967 vos
1533 2920 1738 2977 tenere,
1789 2914 1911 2982 quia

337 2999 645 3069 Eutychetis
691 3014 881 3054 nomen
924 3000 1218 3066 ademistis,
1270 3002 1390 3072 quia
1438 3017 1499 3058 ea
1532 3004 1692 3058 veluti
1721 3004 1913 3073 prtedi-

335 3105 460 3144 care
493 3091 796 3155 videamini,
830 3108 948 3161 qua:
977 3094 1270 3148 orthodoxa
1319 3095 1628 3164 prtedicavit
1681 3097 1911 3167 antiqui-

340 3191 441 3234 tas.
466 3181 673 3235 Clamat
700 3183 840 3236 enim
868 3184 1019 3236 nobis
1046 3185 1131 3238 illa
1159 3187 1461 3254 evangelica
1489 3189 1777 3243 sententia:
1811 3191 1910 3242 Aut

341 3273 493 3341 facile
519 3272 750 3326 arborem
773 3275 976 3341 bonam,
1002 3287 1048 3328 et
1077 3277 1272 3344 fractus
1293 3279 1402 3344 eius
1432 3280 1584 3332 bonos
1600 3297 1618 3346 ;
1644 3291 1730 3334 aut
1758 3285 1910 3351 facile
1935 3267 1979 3328 C

335 3364 568 3417 arborem
597 3365 788 3417 malam
811 3375 857 3419 et
885 3370 1081 3435 [ructus
1099 3371 1208 3435 ejus
1237 3370 1398 3423 malos
1421 3385 1437 3422 :
1459 3387 1490 3423 a
1512 3372 1755 3440 fructibus
1777 3377 1908 3430 enim

333 3454 484 3508 arbor
524 3456 844 3523 cognoscitur
890 3457 1103 3528 (Matth.
1152 3460 1295 3529 xu):
1344 3460 1392 3513 id
1433 3470 1533 3524 est,
1583 3463 1625 3516 si
1672 3477 1818 3526 voce,
1864 3466 1907 3518 si

335 3545 464 3610 lide,
501 3546 545 3599 si
583 3546 912 3614 professione
942 3547 1202 3604 catholica
1249 3559 1302 3604 et
1344 3553 1635 3621 apostolica
1683 3554 1909 3611 fideliter

335 3639 700 3706 veraciterque
726 3639 1051 3708 gloriamini,
1100 3640 1252 3710 hujus
1283 3651 1336 3696 et
1365 3645 1795 3699 communionem
1824 3661 1906 3700 re-

333 3730 514 3800 cipitc.
563 3730 618 3785 Si
670 3746 792 3784 vero
819 3729 1213 3798 haereticorum,
1266 3734 1471 3788 scilicet
1513 3735 1901 3802 dtmnatornnt,

334 3823 415 3876 vel
446 3824 529 3876 his
559 3829 651 3876 aut
691 3823 1090 3879 successoribus
1141 3839 1323 3880 eorum
1373 3829 1900 3896 contmunieantium,

333 3915 638 3969 communio
662 3917 807 3969 vobis
837 3916 1031 3984 placet,
1055 3917 1177 3986 quid
1202 3919 1389 3972 statis?
1437 3919 1560 3988 quid
1591 3922 1905 3991 circumspi-

333 4006 485 4062 citis?
533 4008 764 4062 simulet
790 4023 974 4062 eorum
1006 4017 1192 4076 aperte
1233 4011 1634 4079 manifesteque,
1685 4013 1904 4066 remotis

333 4098 641 4162 obstaculis,
686 4098 876 4168 dogma
905 4098 1196 4154 defendite.
1237 4101 1370 4166 Quid
1403 4104 1543 4154 enim
1571 4102 1750 4170 juvat“?
1798 4104 1904 4156 imo

333 4200 386 4244 et
415 4190 543 4243 satis
571 4202 779 4259 gravat,
831 4191 983 4244 dictis
1014 4190 1248 4259 polliceri
1278 4191 1416 4259 quod
1468 4191 1619 4246 factis
1661 4202 1902 4262 negatur,

333 4291 389 4334 ut
413 4298 516 4336 non
545 4281 716 4335 solum
755 4281 864 4350 ipsa
897 4297 989 4351 per
1020 4297 1078 4336 se
1108 4281 1328 4336 hmresis
1359 4283 1711 4353 Eutychiana,
1746 4300 1902 4355 quam

331 4375 400 4426 sit
422 4373 625 4426 funesta
639 4371 940 4439 Christiano
962 4384 1317 4442 sacramento,
1347 4374 1561 4442 possitis
1589 4391 1899 4444 agnoscere,

331 4479 355 4516 s
391 4465 421 4516 d
453 4474 645 4532 quanta
675 4475 729 4518 et
758 4479 915 4533 quam
946 4465 1122 4534 gravia
1156 4466 1376 4519 haeresis
1403 4465 1502 4519 i5ta
1527 4467 1576 4520 in
1609 4466 1686 4520 sui
1714 4467 1903 4524 delini-

331 4557 474 4610 tinne
503 4557 792 4611 contineat.
843 4558 978 4611 Ecce
1005 4557 1070 4610 ad
1096 4573 1214 4626 qua:
1253 4573 1348 4611 nos
1396 4560 1681 4627 przec'pitia
1705 4563 1902 4618 conde-

2019 1995 2158 2065 quod
2189 2011 2327 2050 verte
2356 1996 2467 2063 paci
2495 1996 2818 2049 contrarium
2846 1994 3040 2064 reperi.
3074 1993 3427 2049 Contristatur
3448 1994 3588 2046 enim

2017 2085 2305 2154 Apostolus
2334 2083 2418 2154 (Il
2445 2085 2558 2139 Cor.
2582 2085 2673 2153 vtt)
2702 2084 2768 2139 de
2794 2099 2979 2140 errore
3007 2084 3354 2145 deviantium,
3375 2095 3426 2138 et
3460 2083 3590 2136 lici-

2016 2180 2142 2232 tiam
2192 2177 2379 2246 recipit
2408 2177 2475 2232 de
2517 2177 2720 2231 eisdem
2763 2192 2858 2232 sua
2891 2176 3268 2245 praedicatione
3310 2177 3588 2229 correctis.

2014 2269 2070 2324 Si
2097 2277 2275 2324 autem
2308 2278 2391 2322 tua
2423 2268 2637 2335 caritas,
2665 2277 2720 2322 ut
2749 2267 2902 2335 dixit,
2934 2268 3113 2322 nescio
3143 2283 3366 2337 qu-irnm
3400 2282 3589 2320 ncces-

2012 2362 2168 2416 sitate
2193 2362 2591 2431 constringitur,
2615 2361 2754 2430 quod
2783 2365 2933 2430 (pace
2957 2369 3041 2414 tua
3065 2360 3313 2429 dixerim)
3341 2360 3590 2414 sacerdos

2015 2471 2109 2525 pro
2149 2458 2372 2510 veritate
2418 2457 2709 2525 promenda
2752 2472 2852 2510 nec
2898 2458 3072 2512 facere
3115 2455 3334 2510 deberet
3374 2455 3590 2508 Olllllito

2015 2563 2113 2602 nec
2147 2548 2358 2612 dicere;
2400 2548 2638 2617 ignoscat
2681 2547 2832 2602 nobis
2873 2547 3175 2602 hominibus
3216 2546 3588 2612 timidissimis,

2015 2640 2059 2694 si
2090 2647 2392 2694 coarctante
2422 2654 2518 2693 nos
2547 2638 2767 2694 terribili
2799 2648 2849 2693 et
2877 2639 3041 2693 divini
3074 2637 3255 2705 judicii
3283 2635 3469 2707 grandi
3499 2651 3590 2690 nc-

2014 2732 2263 2787 ccssitate
2287 2731 2722 2802 constringimur,
2744 2734 2881 2784 sicut
2903 2729 3298 2800 qualescunque
3321 2727 3591 2782 m’nistros

2013 2825 2209 2882 Christi
2240 2826 2414 2888 decet,
2448 2828 2463 2858 ί
2490 2839 2588 2880 nos
2625 2824 2830 2878 animas
2860 2832 3070 2877 nostras
3103 2836 3300 2890 ponere
3329 2837 3424 2889 pro
3455 2819 3587 2873 veri-

2015 2929 2123 2976 tate
2145 2919 2447 2982 salvandas,
2475 2933 2632 2988 quam
2658 2932 2749 2973 eas
2781 2914 2973 2970 lucrari
3007 2914 3142 2969 velle
3172 2913 3408 2968 veritatis
3437 2911 3586 2965 dimi-

2016 3011 2235 3065 nutione
2257 3009 2575 3080 perdendus,
2600 3018 2658 3064 ut
2686 3023 2789 3064 non
2811 3009 3006 3073 dicam,
3035 3015 3229 3062 contra.
3246 3006 3400 3060 fidem
3431 3004 3593 3057 lihiti.‘

2015 3100 2295 3170 cujuslibet
2324 3099 2670 3155 abdicandas.
2713 3100 2829 3154 lstae
2862 3099 2990 3152 mihi
3039 3105 3164 3153 sunt
3193 3097 3347 3166 (quas
3375 3093 3591 3152 dilectio

2016 3200 2102 3244 tua
2146 3190 2505 3259 commendat)
2551 3199 2712 3245 certa:
2743 3189 2863 3244 fidei
2894 3199 3162 3258 perpetuac
3206 3201 3326 3241 cum
3358 3200 3441 3252 eo,
3475 3183 3590 3252 qui-

2012 3301 2222 3356 cunque
2255 3283 2500 3349 volnerit,
2529 3285 2580 3339 in
2614 3283 2813 3339 Christi
2846 3282 3137 3337 visceribus
3172 3279 3440 3333 amicitiae.
3494 3275 3590 3329 llie

2012 3392 2118 3428 non
2139 3388 2242 3429 tam
2262 3385 2508 3444 optamus
2535 3375 2769 3443 praeponi
2795 3373 2934 3437 aliis,
2959 3373 3094 3428 sicut
3123 3371 3377 3440 prmdic-s
3395 3410 3409 3434 ,
3427 3382 3588 3436 quam

2012 3481 2132 3520 eum
2159 3467 2400 3521 fidelibus
2419 3467 2624 3522 cunctis
2645 3475 2885 3521 sanctum
2912 3475 2964 3521 et
2987 3467 3094 3520 Deo
3118 3463 3364 3532 placitum
3393 3461 3591 3515 habere

2012 3560 2360 3614 Consortium.
2405 3559 2529 3613 Ηωο
2561 3559 2690 3614 mihi
2734 3561 2910 3628 (quam
2958 3557 3173 3611 mandat
3219 3555 3432 3609 ddectio
3475 3553 3589 3614 tua)

2013 3664 2112 3718 pax
2141 3649 2332 3713 solida,
2371 3648 2701 3714 inconvulsa,
2740 3660 2793 3703 et
2825 3648 3107 3716 perennis;
3141 3631 3239 3700 hoc
3275 3660 3434 3696 unum
3475 3644 3588 3694 vin-

2008 3744 2185 3797 culum
2214 3743 2376 3814 (sicut
2399 3743 2558 3797 etiam
2592 3743 2706 3812 ipse
2735 3741 3033 3812 desideras)
3063 3739 3299 3796 salutare
3327 3753 3396 3803 qu
3422 3760 3431 3783 ι
3458 3752 3588 3790 cnn-

2007 3844 2090 3889 cta
2133 3835 2267 3889 uuiri
2311 3835 2478 3903 possit
2503 3833 2760 3890 Ecclesia.
2813 3834 2922 3888 Hoc
2962 3831 3153 3904 quibus
3199 3840 3281 3886 e:t
3327 3829 3587 3885 creditum

2009 3929 2169 3997 (sicut
2203 3937 2255 3983 et
2294 3931 2408 3996 ipse
2438 3926 2765 3997 deprecaris)
2807 3925 3068 3994 protectio
3107 3922 3285 3978 divina
3327 3919 3584 3988 perficiat.

2010 4019 2132 4073 ll:ec
2161 4028 2262 4081 est,
2306 4035 2421 4089 qttte
2451 4019 2590 4072 Dens
2627 4028 2727 4080 est,
2771 4019 2957 4072 caritas
2996 4014 3049 4085 (Ι
3087 4015 3244 4069 Joan.
3283 4013 3379 4079 tv),
3429 4026 3588 4079 quam

2010 4108 2183 4176 poscis
2221 4110 2284 4162 de
2320 4111 2470 4162 corde
2505 4125 2656 4176 puro,
2689 4118 2734 4160 et
2773 4107 3074 4162 conscientia
3102 4107 3253 4166 bona,
3287 4113 3336 4156 et
3358 4102 3461 4166 [ide
3488 4116 3590 4153 twn

2011 4201 2129 4266 ﬁcta
2160 4200 2208 4268 (I
2238 4199 2370 4251 Tim.
2405 4199 2467 4264 I).
2499 4197 2776 4264 Quomodo
2804 4211 2931 4263 ergo
2957 4198 3018 4248 de
3046 4194 3198 4246 corde
3225 4206 3378 4257 puro,
3407 4189 3449 4242 si
3483 4189 3591 4244 hm-

2009 4287 2298 4342 reticorum
2358 4287 2516 4341 fuerit
2561 4285 2965 4356 participatione
3017 4283 3272 4351 polluta?
3310 4281 3593 4346 Quomodo

2009 4381 2315 4436 conscientia
2343 4381 2500 4445 bona,
2532 4381 2574 4434 si
2607 4379 2866 4434 malorum
2910 4378 3066 4434 fuerit
3110 4374 3441 4433 confusione.
3474 4388 3595 4441 per-

2009 4472 2170 4525 mixta
2195 4474 2215 4525 ‘!
2255 4470 2534 4538 Quomodo
2572 4471 2674 4539 [ide
2699 4486 2812 4522 non.
2831 4470 2973 4534 ﬁcta,
3005 4469 3048 4522 si
3079 4467 3236 4522 fuerit
3267 4464 3431 4520 mixta
3469 4479 3590 4519 cum

2009 4561 2260 4630 perfidis?
2299 4566 2427 4628 Qua:
2454 4563 2495 4614 si
2526 4561 2800 4631 prudentia
2835 4571 2921 4616 tua
2950 4561 3112 4630 (sicut
3133 4573 3249 4613 eam
3283 4565 3591 4626 [uti-catum)

330 4649 587 4703 sccudere
613 4649 931 4717 provocatis,
981 4659 1140 4718 atque
1169 4651 1233 4702 ad
1262 4666 1381 4718 qua:
1411 4667 1508 4705 nos
1536 4652 1661 4707 vitae
1689 4663 1903 4708 aeternae
1931 4635 1985 4696 Ῑ)
2011 4653 2289 4721 diligenter
2323 4653 2584 4715 advertat,
2615 4651 2866 4722 perspicit
2890 4650 3236 4720 aposwlicatn
3266 4647 3467 4708 sedem,
3487 4663 3590 4699 nun

329 4743 564 4808 pericula
593 4745 785 4812 cupitis
828 4744 1101 4799 inclinare.
1141 4746 1250 4798 lloc
1281 4741 1540 4799 descensu
1586 4749 1789 4802 salvare
1821 4758 1906 4804 est

329 4844 696 4901 zrgiotanten,
740 4851 804 4888 an
833 4849 952 4889 cum
995 4836 1276 4904 languente
1321 4838 1605 4891 consumi?
1654 4839 1776 4894 lltec
1800 4841 1902 4894 erit

330 4925 524 4987 otima
567 4925 844 4994 dispositio
899 4925 1038 4979 illius
1087 4943 1244 4996 quant
1295 4942 1561 4981 memoras
1592 4928 1903 4997 reparanda:

329 5015 648 5081 concordite,
689 5030 754 5069 an
785 5016 873 5069 illa
905 5016 1100 5083 potius,
1154 5027 1207 5069 ut
1237 5018 1449 5086 rejectis
1481 5018 1740 5088 contagiis
1783 5036 1903 5089 per-

331 5108 575 5168 lidonnu,
621 5109 828 5177 integra
873 5107 994 5172 fide,
1041 5110 1245 5163 sincera
1289 5109 1377 5165 sui
1401 5111 1776 5167 communione
1809 5127 1903 5181 po-

331 5201 488 5250 t'atur
505 5197 810 5251 communio
831 5197 1092 5251 catholica
1119 5208 1275 5268 atque
1301 5201 1612 5268 apostolica,
1639 5217 1705 5255 ne
1732 5202 1903 5257 luere-

331 5289 552 5341 ticorum
602 5289 722 5344 tabe
762 5287 1007 5356 depulsa,
1056 5288 1424 5344 intemeratam
1471 5304 1583 5344 sua:
1617 5290 1748 5345 fidei
1781 5306 1903 5349 con-

329 5381 611 5434 fessionem
657 5382 857 5435 nitatur
897 5392 1174 5444 astruere,
1218 5390 1376 5450 atque
1423 5383 1650 5437 invicem
1676 5384 1892 5440 sibimet

328 5471 664 5539 congruentis
686 5473 1006 5525 orthodoxa}
1021 5471 1366 5540 professionis
1393 5476 1894 5545 eommnnionisque

328 5562 394 5614 sit
420 5564 623 5618 unitas?
647 5563 814 5620 .llanc
840 5565 1001 5632 (sicut
1027 5562 1328 5617 dilectionis
1358 5572 1457 5616 tuae
1490 5563 1680 5618 litterae
1701 5565 1896 5618 cohor-

328 5655 524 5724 tantur)
553 5656 686 5708 meis
706 5671 916 5724 quoque
946 5655 1271 5722 temporibus
1297 5653 1571 5720 custodiri,
1617 5671 1715 5724 qua
1743 5657 1891 5714 valeo

401 5769 414 5799 ²
446 5770 600 5822 Forte
629 5773 792 5835 potius
820 5773 1034 5826 animus.
1069 5769 1324 5825 IIARI‘CIS.

2007 4746 2175 4799 vitare
2232 4760 2450 4814 pacem,
2506 4745 2599 4798 sed
2673 4744 3044 4798 luereticorum
3103 4741 3591 4807 damnatorutnque

2009 4838 2177 4890 vitare
2224 4838 2439 4902 vestigia
2473 4836 2563 4906 (al.
2600 4833 2884 4903 contagia].
2935 4833 3063 4900 Quae
3108 4828 3584 4888 etiam,vos.ratiu-

2007 4926 2255 4981 nabiliter
2277 4926 2561 4989 intuentes,
2585 4925 2803 4980 creditis
2825 4927 2843 4954 ¹
2861 4919 3584 4990 commonendumpopultmt

2006 5019 2692 5088 Constantinopolitanum,
2749 5032 2853 5074 non
2906 5017 3214 5084 permittere
3276 5011 3584 5072 submovcri

2009 5115 2223 5166 nomine
2276 5112 2618 5180 perhdormn.
2666 5110 2921 5176 Quisnam
2954 5108 3052 5161 hoc
3093 5106 3143 5168 iu
3183 5105 3418 5167 Ecclesia
3465 5101 3581 5165 Dei,

2007 5221 2186 5274 qua-so
2215 5215 2287 5270 te,
2323 5205 2484 5273 possit
2518 5203 2719 5266 audire,
2754 5217 2872 5258 cum
2907 5201 3087 5269 utique
3119 5212 3386 5271 pastorem
3429 5202 3582 5268 sequi

2007 5312 2132 5367 grex
2183 5297 2373 5352 debeat
2419 5295 2483 5350 ad
2519 5310 2709 5365 pascua
2751 5294 3004 5352 salutaria
3055 5304 3427 5352 revocantem,
3476 5306 3581 5348 non

2008 5404 2107 5457 per.-
2141 5388 2290 5443 devia
2322 5403 2534 5458 gregem
2569 5397 2747 5454 pastor
2786 5384 3102 5440 errantem?
3154 5385 3245 5436 Dte
3273 5382 3423 5446 mihi,
3453 5398 3583 5452 rogo

2010 5490 2082 5547 te,
2109 5497 2233 5548 grex
2269 5491 2458 5548 prole,
2487 5493 2554 5531 an
2587 5489 2638 5532 tu
2665 5493 2760 5548 pro
2791 5491 2948 5547 grege
2978 5475 3283 5530 redditurus
3314 5489 3372 5527 cs
3413 5476 3582 5528 ratio-

2005 5574 2169 5635 nem?
2216 5573 2374 5626 Certe
2409 5571 2452 5624 si
2498 5569 2644 5625 vobis
2674 5571 2775 5624 hoc
2809 5571 2997 5638 placet,
3025 5564 3190 5619 multo
3225 5565 3389 5635 magis
3420 5581 3576 5642 causa

2003 5676 2081 5717 est
2113 5664 2262 5718 nobis
2290 5664 2503 5730 jttstior.
2546 5664 2633 5730 qui
2683 5663 2931 5732 populum
2964 5659 3259 5713 Romanum
3292 5678 3319 5712 n
3355 5659 3454 5712 lide
3483 5659 3574 5712 illa

397 5839 415 5867 ’
441 5838 600 5894 Forte
645 5843 1092 5901 commorcmlnm;
1135 5843 1183 5895 in
1225 5843 1443 5906 Ucllotn,
1493 5842 1866 5907 opponendum.
1903 5846 2160 5901 Ηλῃυωδε.
