4104 6356
508 422 577 479 19

1879 403 2142 460 GELASII
2186 403 2384 460 PAPE
2423 402 2444 457 1

3702 401 3775 457 20

509 545 626 599 sua,
650 523 898 580 laudabili
926 520 1186 589 majorum
1216 515 1500 571 traditione
1521 521 1794 584 percepta,
1819 513 2088 595 declinare
2116 516 2169 575 Α
2265 515 2598 568 Conﬁtemur
2629 529 2756 583 ergo
2785 516 3064 571 Dominum
3112 526 3349 573 nostrum
3390 517 3568 573 Jesum
3612 515 3773 570 Chii-

513 634 616 673 nnn
649 619 911 672 sinentem
943 624 1041 665 nos
1063 609 1276 678 penitus
1305 605 1538 662 libenter
1565 605 1884 666 audivimus.
1916 607 1958 659 si
1996 621 2090 659 vos

512 703 1150 772 Constantinopolitanam
1192 698 1426 768 plebem,
1455 697 1524 756 ab
1566 696 1819 752 haeretica
1852 710 2091 752 commu-

515 801 673 854 nione
702 794 977 852 discedere
1002 800 1362 855 recusantem,
1403 803 1506 843 non
1537 789 1701 844 vultis
1729 788 2019 844 oﬂendere.

523 920 526 924 -
583 889 687 946 Sed
733 901 830 942 nos
869 885 1052 941 dicitis
1089 883 1288 939 debere
1333 881 1569 952 dirigere
1605 881 1694 952 qui
1740 896 1855 936 eam
1887 881 2096 934 valeant

513 984 777 1052 mitigare.
828 977 1114 1046 Quomodo
1155 991 1242 1032 me
1282 975 1529 1030 auditura
1569 982 1668 1039 est,
1701 989 1858 1044 quem
1887 974 2096 1028 videtur

515 1075 712 1130 habere
754 1081 1084 1142 suspectum,
1121 1068 1166 1123 si
1197 1067 1451 1138 praesules
1492 1080 1618 1121 suos
1655 1066 1884 1134 despicit
1911 1066 2096 1120 admo-

513 1166 740 1222 nentes?
784 1164 973 1219 Nonne
1003 1161 1133 1231 ipsis
1163 1158 1416 1229 apostolis
1445 1168 1529 1214 est
1557 1170 1880 1228 praeceptum
1913 1157 1964 1211 in
1997 1158 2095 1211 ali-

514 1257 711 1328 quibus
760 1249 1072 1326 regionibus
1119 1252 1263 1307 verbi
1297 1250 1680 1321 praadicatione
1726 1265 1832 1305 non
1881 1249 1976 1315 uti,
2014 1250 2097 1304 Itis

516 1350 713 1417 quippe
751 1346 805 1401 in
834 1344 1028 1415 quibus
1049 1357 1161 1397 non
1209 1342 1416 1396 inerant
1461 1340 1756 1397 audiendi?
1785 1340 2097 1406 Venicmus,

520 1437 688 1493 trater
721 1435 1109 1504 Euphemiane,
1155 1433 1271 1488 sine
1315 1431 1670 1498 dubitatione,
1714 1431 1990 1486 veniemus
2031 1430 2098 1484 ad

522 1529 655 1583 illud
703 1525 1004 1598 pavendum
1053 1523 1285 1580 tribunal
1323 1521 1521 1577 Christi
1573 1522 1656 1594 (ut
1697 1531 1897 1577 taceam
1933 1523 1950 1553 ⁸
1982 1536 2102 1591 quas

522 1637 587 1676 ex
620 1620 724 1675 hoc
755 1619 824 1674 sit
861 1615 1144 1674 metuenda
1180 1614 1460 1686 vindicta),
1501 1613 1968 1669 circumstantibus
1995 1614 2102 1668 illis

525 1729 556 1768 a
585 1713 780 1784 quibus
825 1712 956 1767 iides
997 1711 1109 1779 ipsa
1147 1710 1168 1746 ³
1211 1717 1311 1763 est.
1357 1707 1468 1762 Non
1516 1707 1627 1763 illic
1667 1706 2098 1771 iullciationihus,

525 1821 632 1859 non
661 1802 1029 1867 dilationibus,
1081 1815 1186 1853 non
1236 1799 1259 1830 ³
1285 1799 1669 1853 inclusionibus
1696 1807 1778 1852 est
1803 1797 2096 1867 agendum;

2194 615 2333 658 stum
2380 604 2569 658 Filium
2609 605 2710 659 Dei
2774 608 3097 677 unigenitum
3160 619 3283 663 ante
3334 609 3513 662 omnia
3560 608 3775 678 quidem

2196 695 2412 762 saecula,
2457 696 2574 751 sine
2619 697 2911 766 principio,
2946 715 3014 754 ex
3052 700 3210 754 Patre
3256 710 3436 754 natum
3481 700 3776 754 secundum

2197 787 2486 850 deitatem;
2522 788 2573 842 in
2605 790 2908 844 novissimis
2939 801 3114 846 autem
3136 792 3323 846 diebus
3349 790 3415 845 de
3444 790 3778 847 sanctissima

2198 879 2415 949 Virgine
2470 881 2633 936 Maria
2690 882 2936 938 eumdem
2999 885 3331 939 incarnatutn
3385 892 3440 938 et
3484 883 3779 953 perfectum

2199 969 2470 1025 hominem
2503 987 2567 1027 ex
2601 973 2778 1027 anima
2819 974 3064 1028 rationali
3094 983 3148 1028 et
3175 975 3416 1044 c0rporis
3443 975 3782 1042 susceptione

2201 1060 2516 1116 homousion
2548 1063 2691 1117 Patri
2733 1061 3026 1119 secundum
3057 1064 3332 1131 deitatem,
3378 1073 3433 1121 et
3461 1066 3780 1121 homousion
3834 1072 3848 1087 '

2201 1153 2355 1208 nobis
2385 1156 2677 1210 secundum
2722 1158 3131 1213 humanitatem.
3176 1159 3410 1212 Duarum
3453 1159 3595 1213 enim
3629 1169 3784 1212 natu-

2200 1263 2380 1302 rarum
2423 1249 2797 1317 operiectarum
2856 1252 3032 1330 unitas
3102 1252 3239 1308 facta
3287 1260 3370 1307 est
3422 1250 3781 1315 inetiabiliter,

2203 1347 2419 1409 propter
2447 1341 2587 1408 quod
2620 1357 2780 1396 unum
2808 1342 3077 1398 Christum
3109 1343 3356 1398 eumdem
3389 1342 3581 1397 Filium
3609 1342 3700 1396 Dei
3731 1350 3787 1396 et

2204 1430 2436 1483 hominis
2485 1432 2816 1501 unigenitum
2866 1449 2894 1487 a
2943 1434 3116 1499 Patre,
3168 1443 3220 1488 et
3264 1433 3672 1504 primogenitum
3717 1447 3785 1486 ex

2204 1521 2427 1575 mortuis
2445 1524 2790 1590 confitemur;
2819 1527 3050 1580 scientes
3071 1526 3210 1595 quod
3234 1526 3444 1596 quidem
3466 1534 3783 1578 coaeternus

2201 1609 2272 1662 sit
2295 1624 2393 1666 suo
2424 1612 2562 1667 Patri
2589 1615 2882 1669 secundum
2914 1615 3270 1679 divinitatem,
3303 1615 3594 1670 secundum
3621 1629 3781 1682 quam

2203 1700 2376 1769 cpiiex
2408 1713 2488 1756 est
2522 1706 2781 1769 omnium,
2813 1715 2867 1760 et
2906 1707 3155 1776 dignatus
3193 1714 3279 1760 est
3316 1716 3434 1774 post
3472 1704 3785 1758 consensio-

2206 1807 2326 1846 nem
2374 1796 2724 1850 sanctissimie
2757 1797 3007 1864 Virginis,
3051 1812 3172 1851 cum
3204 1797 3342 1851 dixit
3380 1797 3444 1850 ad
3492 1797 3738 1864 angelum
3770 1813 3785 1849 :

522 1898 616 1952 sed
643 1895 1078 1951 manifestissime
1107 1889 1562 1959 comprobandum
1591 1899 1768 1944 utrum
1798 1889 1935 1944 beati
1960 1888 2101 1942 Petri
2133 1878 2178 1938 Β
2212 1889 2340 1943 Ecce
2367 1893 2555 1946 ancilla
2581 1893 2806 1955 Domini,
2831 1894 2920 1960 ﬁat
2950 1894 3073 1945 mihi
3103 1893 3382 1945 secundum
3409 1891 3612 1944 uerbum
3644 1901 3790 1943 tuum

522 1987 754 2058 gloriosa
809 1983 1083 2039 confessio
1128 1981 1377 2051 cuiquam
1437 1996 1626 2036 eorum
1668 1994 1804 2050 quos
1848 1979 2112 2049 regendos

523 2082 750 2148 accepit,
799 2077 1087 2148 quidquam
1116 2076 1443 2131 subtraxerit
1481 2075 1547 2128 ad
1586 2075 1849 2137 salutem;
1882 2089 1946 2126 an
1993 2086 2112 2125 eam

529 2170 837 2226 auscultare
876 2169 1085 2233 nolens,
1118 2167 1277 2222 etiam
1305 2181 1426 2221 cum
1462 2181 1561 2219 suo
1606 2163 1845 2233 periculo
1901 2161 2116 2216 rebellis

531 2262 553 2292 "
570 2260 835 2316 exStiterit
859 2260 1122 2314 obstinata
1153 2257 1455 2329 pernicies?
1479 2256 1553 2310 ibi
1573 2264 1718 2310 certe
1743 2252 2117 2309 tlilttcidabitur

524 2364 712 2406 utrum
756 2365 857 2421 ego
887 2350 1046 2419 (sicut
1084 2348 1303 2419 putatis)
1353 2345 1596 2411 acerbus,
1645 2359 1822 2415 asper,
1861 2351 1916 2399 et
1957 2344 2116 2398 nimis

525 2444 716 2508 durus,
757 2442 1097 2510 difﬁcilisque
1133 2442 1234 2495 sim
1265 2439 1451 2501 vobis,
1489 2439 1579 2507 qui
1618 2451 1738 2491 cum
1779 2437 1986 2490 ratione
2026 2451 2116 2491 ve-

528 2543 696 2590 stram
740 2533 968 2590 salutem
1009 2530 1270 2600 parturio,
1301 2531 1390 2600 qui
1438 2531 1648 2584 clamo:
1677 2527 1900 2583 Etiamsi
1939 2538 2120 2582 auste-

525 2643 652 2683 rum
699 2625 907 2681 videtur
953 2622 1286 2688 antidotum,
1333 2622 1591 2690 accipite,
1648 2635 1863 2690 quaeso,
1921 2619 2114 2683 bibite,

531 2718 729 2784 vivite,
760 2718 885 2771 nolo
915 2714 1253 2778 moriamini;
1286 2727 1353 2766 an
1385 2727 1500 2777 vos,
1532 2713 1622 2782 qui
1663 2727 1692 2765 a
1735 2710 1911 2766 noxiis
1943 2710 2118 2779 prohi-

528 2807 655 2874 biti,
691 2807 932 2861 medicos
971 2805 1169 2860 ducitis
1223 2801 1616 2869 exsecrandos,
1671 2800 1781 2857 imo
1822 2799 1914 2870 qui
1962 2799 2120 2854 vultis

535 2895 1112 2954 vobiscumvmedicos
1161 2902 1422 2963 argrotare
1450 2933 1465 2956 ,
1527 2905 1688 2960 quam
1734 2904 1830 2944 vos
1879 2888 2119 2957 recipere

533 2989 562 3060 ς’
585 2990 894 3045 sanitatem.
920 2987 984 3042 Et
1032 2987 1136 3041 alia
1181 3002 1337 3039 manu
1363 3001 1381 3039 :
1411 2983 1666 3039 Dominus
1703 2991 1757 3038 te
1797 2981 2117 3037 incolumem

540 3082 826 3139 custodiat.

1071 3181 1098 3208 ⁸
1138 3169 1468 3226 EPISTULA
1508 3168 1571 3223 ll.

677 3301 680 3304 ~
752 3283 817 3320 AD
855 3279 1198 3320 LAUBENTIUI
1238 3280 1304 3318 DE
1345 3275 1552 3319 LIGEIDO
1591 3274 1898 3316 EPISCOPUI.

531 3357 624 3410 ‘Ad
651 3357 1002 3426 pontiﬁcatum
1037 3363 1330 3425 assumptus
1359 3355 1423 3407 de
1448 3369 1586 3408 more
1611 3350 1857 3426 Romans
1881 3348 2124 3403 Ecclesia:

615 3415 732 3493 ﬁ'dei
783 3415 1077 3550 fair-titulum,
1117 3415 1274 3495 quam
1322 3440 1495 3481 omnes
1556 3415 1785 3494 proﬁteri
1836 3431 2120 3486 teneantur,

616 3512 821 3550 ura’scrt
857 3506 916 3550 tt.

615 3512 916 3564 pra’scrwtt.

616 3633 673 3688 In
714 3610 1025 3701 prolixitate
1063 3631 1301 3702 epistolae
1327 3631 1634 3687 dilectionis
1671 3638 1776 3684 tum
1804 3641 1998 3697 magno
2025 3641 2125 3681 nos

545 3725 737 3792 gaudio
760 3723 981 3790 replesti
1005 3725 1060 3777 in
1085 3737 1149 3776 ea
1176 3731 1327 3791 parte
1357 3723 1407 3775 in
1436 3736 1536 3790 qua
1561 3720 1763 3776 dictum
1791 3718 2038 3788 estquod
2072 3719 2125 3771 in

547 3814 1012 3869 Thessalonicensi
1047 3813 1307 3879 Ecclesia,
1338 3814 1422 3870 vel
1471 3815 1521 3867 in
1554 3813 1674 3868 aliis
1702 3813 1948 3868 similiter
1990 3813 2126 3866 reci-

547 3915 655 3960 tata
705 3905 929 3976 cpistola
990 3905 1404 3976 pmdecessoris
1463 3906 1633 3961 nostri
1691 3905 1760 3960 de
1815 3905 2127 3961 excessibus

547 3999 748 4059 Acacii,
777 3998 952 4052 cuncti
995 3995 1170 4056 eidem
1219 3998 1503 4051 anathema
1547 3997 1799 4063 dixerint,
1843 4011 1941 4052 nec
1978 3999 2124 4066 quis-

548 4104 706 4159 quam
777 4090 1140 4146 communioni
1195 4089 1588 4159 praevaricatori
1645 4103 1764 4145 sese
1829 4090 2121 4146 miscuerit.

531 4183 704 4240 'Unde
731 4185 854 4255 quia
883 4199 982 4238 nos
1011 4184 1270 4240 admones
1298 4183 1586 4242 dilectione
1609 4183 1868 4248 fraterna,
1893 4193 1952 4239 ut
1981 4185 2124 4238 velut

549 4276 870 4331 medicinam
908 4275 1194 4346 quamdam
1237 4275 1356 4330 fidei
1397 4274 1664 4343 episcopis
1708 4288 1802 4342 per
1835 4274 2122 4344 illyrirum,

548 4365 632 4419 vel
657 4364 776 4419 aliis
799 4365 1103 4418 ministrare
1133 4365 1444 4428 debeamus,
1478 4378 1778 4431 quanquam
1813 4364 1913 4417 hoc
1941 4366 2123 4431 copio-

550 4454 764 4509 sissime
799 4454 994 4509 factum
1028 4456 1098 4509 sit
1133 4469 1161 4508 a
1192 4455 1364 4510 beatae
1404 4455 1794 4509 recordationis
1830 4455 2128 4522 praedeces-

548 4560 672 4601 sore
735 4555 947 4611 nostro;
1002 4555 1056 4600 et
1101 4546 1224 4615 quia
1272 4560 1389 4599 mos
1435 4554 1518 4600 est
1564 4545 1820 4602 Romana:
1874 4545 2125 4600 Ecclesia:

2149 3253 2194 3314 (Σ

2214 1983 2370 2054 (Luc.
2392 1985 2452 2052 t).
2483 1984 2824 2039 lneil‘ahiliter
2847 1985 2945 2037 sibi
2974 2000 3040 2037 cx
3063 1984 3175 2049 ipsa
3204 1983 3481 2037 aedificavit
3510 1981 3788 2045 templum,

2215 2087 2268 2130 et
2298 2077 2396 2131 sibi
2429 2077 2791 2145 univitfquod
2826 2093 2928 2131 non
2973 2087 3298 2130 comternum
3326 2074 3392 2128 de
3419 2089 3511 2128 sua
3547 2073 3794 2127 substan-

2213 2169 2285 2222 tia
2329 2185 2357 2222 e
2386 2169 2524 2222 casio
2551 2169 2742 2222 detulit
2771 2183 2984 2236 corpus,
3017 2167 3109 2221 sed
3141 2181 3204 2221 ex
3235 2181 3407 2219 massa
3439 2173 3634 2218 nostra:
3667 2163 3795 2217 sub-

2217 2261 2447 2326 stantiae,
2492 2261 2593 2314 hoc
2633 2270 2715 2314 est
2755 2277 2817 2314 ex
2864 2261 3067 2330 virgine
3113 2259 3213 2314 hoc
3259 2259 3545 2327 accipiens,
3591 2266 3646 2311 et
3691 2256 3796 2311 sibi

2219 2351 2432 2417 unicus,
2476 2368 2578 2404 non
2624 2352 2768 2406 Deus
2803 2351 3038 2406 Verbum
3091 2352 3144 2406 in
3187 2364 3401 2404 carnem
3445 2362 3631 2402 versus
3679 2356 3793 2412 est;

2222 2460 2392 2516 neque
2420 2453 2476 2500 ut
2507 2444 2818 2515 phantasma
2849 2457 3144 2514 apparens,
3182 2441 3274 2497 sed
3319 2439 3798 2497 inconvertibilitcr

2219 2549 2274 2593 et
2338 2537 2848 2592 incommutabiliter
2915 2551 3065 2591 suam
3118 2532 3457 2590 conservavit
3511 2531 3797 2586 essentiam

2222 2630 2482 2699 primitias
2509 2638 2712 2684 natura:
2741 2638 2939 2683 nostrae
2965 2626 3278 2696 suscipiens,
3313 2623 3413 2679 sibi
3445 2623 3630 2676 univit.
3667 2620 3798 2675 Nam

2223 2721 2542 2791 principium
2572 2720 2712 2774 Deus
2747 2718 2979 2773 Verbum
3013 2720 3112 2770 has
3149 2726 3344 2770 nostrae
3383 2724 3585 2768 natura
3617 2711 3799 2781 priml~

2223 2815 2323 2869 tias
2361 2813 2524 2869 multa
2554 2813 2655 2867 sibi
2687 2812 2920 2866 bonitate
2963 2810 3116 2864 unirc
3146 2809 3389 2876 dignatus
3433 2813 3533 2869 est,
3565 2805 3655 2874 qui
3695 2818 3797 2856 non

2221 2906 2536 2976 permixtus,
2569 2903 2662 2959 scd
2695 2903 3056 2972 in'utriusque
3094 2899 3389 2955 substantia
3429 2912 3567 2952 unus
3597 2906 3649 2951 et
3689 2896 3800 2964 ipse

2221 3002 2388 3063 visus,
2413 2997 2701 3054 secundum
2729 2996 2870 3067 qttod
2899 2996 3159 3063 scriptum
3192 3003 3311 3046 est:
3344 2991 3538 3046 Solvite
3561 2987 3801 3058 templum

2222 3093 2378 3156 istud,
2413 3101 2458 3144 et
2493 3091 2545 3142 in
2593 3089 2753 3142 tribus
2790 3088 2966 3139 diebus
3002 3077 3309 3138 resuscitabb
3347 3080 3477 3135 illud
3511 3079 3686 3149 (Joan.
3718 3078 3798 3146 t't).

2224 3182 2463 3238 Solvitur
2487 3181 2630 3234 enim
2658 3177 2902 3232 Christus
2929 3177 3106 3241 Jesus,
3136 3172 3427 3228 secundum
3453 3186 3651 3226 meram
3683 3170 3803 3222 sub-

2227 3277 2473 3329 stantiam
2497 3287 2654 3342 quam
2685 3269 2940 3337 suscepit,
2962 3277 3016 3322 et
3036 3268 3267 3321 solutum
3290 3265 3508 3319 suscitat
3530 3261 3803 3332 proprium

2227 3369 2482 3437 templum
2516 3384 2530 3420 :
2563 3366 2665 3420 hoc
2695 3366 2808 3434 ipse
2839 3353 3128 3417 secundum
3161 3360 3392 3413 divinam
3422 3352 3799 3416 substantiam,

2226 3459 2519 3514 secundum
2564 3471 2721 3526 quam
2763 3463 2817 3508 et
2854 3453 3093 3508 omnium
3141 3449 3325 3504 artifex
3365 3455 3464 3502 est.
3518 3445 3801 3512 Nunquam

2229 3561 2404 3606 autem
2443 3559 2560 3618 post
2605 3545 3050 3602 resurrectionem
3092 3541 3343 3596 unitionis
3373 3546 3568 3592 nostra:
3596 3544 3803 3590 natura:

2229 3642 2473 3697 discessit
2519 3654 2546 3690 a
2595 3637 2815 3706 proprio
2865 3635 3098 3702 templo.
3161 3647 3257 3686 nec
3305 3628 3581 3684 discedere
3627 3633 3806 3695 potest

2229 3741 2446 3801 propter
2475 3728 2798 3782 inclTabilem
2836 3742 2984 3780 suam
3019 3724 3424 3792 benignitatem,
3455 3720 3546 3775 sed
3579 3727 3660 3772 est
3689 3719 3804 3787 ipse

2230 3822 2484 3877 Dominus
2509 3819 2664 3874 Jesus
2685 3818 2999 3873 Christus-et
3025 3816 3310 3884 passibilis,
3342 3824 3395 3869 et
3417 3811 3760 3881 impassibilis
3787 3829 3799 3863 :

2227 3914 2497 3986 passibilis
2545 3912 2839 3966 secundum
2879 3911 3302 3975 humanitatem,
3339 3907 3681 3976 impassibilis
3719 3921 3805 3960 se-

2227 4008 2457 4062 cundum
2481 4005 2833 4060 divinitatem.
2864 4004 3149 4061 Suscitavit
3179 4005 3338 4073 igitur
3366 4018 3517 4056 suum
3549 4001 3804 4069 templum

2231 4099 2370 4154 Deus
2393 4098 2645 4165 \‘erbum,
2673 4107 2726 4152 et
2751 4096 2803 4150 in
2827 4111 2885 4151 se
2907 4105 3108 4150 natura:
3135 4105 3330 4149 nostra:
3356 4092 3802 4148 resurrectionem

2213 4201 2281 4247 'el
2309 4193 2706 4246 rettovatiunem
2736 4197 2985 4259 operatus
3010 4196 3112 4254 est,
3140 4197 3193 4242 et
3217 4186 3352 4240 hanc
3375 4185 3629 4240 Domitius
3652 4183 3808 4238 Chri-

2227 4291 2342 4336 stus
2386 4291 2567 4335 noster
2607 4281 2767 4342 Deus,
2811 4277 3092 4347 postquam
3141 4277 3434 4331 resurrexit
3480 4291 3508 4328 a
3557 4275 3802 4338 mortuis,

2227 4371 2505 4440 discipulis
2553 4370 2664 4424 suis
2711 4368 3028 4423 ostendebat
3072 4367 3298 4422 dicens:
3345 4365 3568 4432 Palpate
3613 4380 3711 4428 me,
3759 4372 3807 4416 et

2229 4462 2394 4515 videte
2425 4462 2666 4530 quoniam
2713 4461 2925 4528 spiritus
2972 4477 3174 4512 carnem
3225 4470 3270 4511 et
3325 4475 3438 4512 ossa
3479 4474 3578 4510 non
3622 4456 3806 4523 liabet,

2230 4551 2650 4619 quemadmodum
2688 4567 2764 4604 me
2797 4552 2973 4604 videtis
3005 4552 3186 4604 habere
3215 4550 3365 4619 (Luc.
3393 4550 3560 4616 xxw);
3597 4563 3700 4601 non
3731 4549 3811 4600 di-

551 4639 814 4693 sacerdoti
863 4639 1071 4694 noviter
1115 4639 1408 4695 constituto
1453 4638 1676 4694 formam
1726 4638 1850 4693 iidei
1901 4653 2010 4693 sua:
2060 4639 2123 4694 ad
2154 4616 2204 4677 Ῑ)
2233 4616 2329 4708 sit,
2361 4642 2805 4713 quemadmodum
2836 4658 2920 4697 me
2946 4642 3122 4696 dicitis
3150 4616 3290 4707 esse,
3324 4640 3414 4694 sed
3445 4641 3646 4702 habere,
3676 4651 3731 4691 ut
3759 4650 3813 4693 ct

549 4739 757 4785 sancta‘
777 4729 1042 4785 Ecclesias
1065 4729 1519 4799 prterogareJhacc
1541 4728 1725 4784 eadem
1747 4729 2124 4799 compendiosa

549 4819 709 4875 nimis
754 4819 1012 4875 brevitate
1057 4820 1234 4874 studui
1283 4835 1571 4885 renovare,
1623 4829 1681 4874 ut
1723 4819 1825 4876 sub
1875 4835 1978 4889 qua
2027 4822 2130 4877 title

549 4910 838 4965 vivendum
885 4911 976 4975 sit,
1023 4910 1313 4966 secundum
1363 4920 1560 4967 statuta
1605 4912 1842 4980 Patrum,
1896 4912 1947 4965 in
1993 4911 2129 4968 hanc

551 5009 791 5056 nostram
835 5003 1117 5072 epistolam
1156 5011 1372 5072 propter
1411 5004 1722 5058 brevitatem
1763 5002 1882 5058 sine
1919 5003 2129 5059 fastidio

552 5096 722 5151 lector
747 5103 1020 5163 agnoscat.

625 5236 651 5264 ι
676 5226 803 5282 Haec
827 5227 1047 5291 epistola
1073 5227 1349 5283 circularis
1374 5237 1456 5283 est
1487 5238 1538 5283 et
1557 5229 1828 5297 encyciica
1853 5231 1919 5285 ad
1942 5247 2129 5288 omnes

553 5299 833 5365 episcopos
854 5297 1175 5352 Macedonia:
1201 5312 1341 5352 anno
1364 5301 1385 5353 i
1415 5298 1754 5367 pontificatus
1776 5298 1972 5356 Gelasii
1998 5306 2130 5357 scri-

535 5377 676 5434 pta,
715 5382 775 5420 ea
813 5369 1096 5423 occasione
1132 5369 1271 5437 quod
1313 5370 1595 5436 episcopus
1635 5370 2129 5428 Thessalonicensis

554 5439 715 5510 toxius
744 5437 1066 5510 Macedoniae
1096 5438 1386 5510 provincia;
1415 5441 1858 5510 metropolitanus
1889 5443 1969 5510 (ut
1998 5458 2128 5496 con—

552 5514 656 5586 stat
700 5506 834 5586 intra
876 5524 940 5563 ex
967 5506 1208 5586 _episi._9
1247 5507 1312 5562 ad
1353 5506 1606 5586 Dardan.‘
1633 5518 1687 5564 et
1730 5506 2124 5586 illvr.‘episr.),

552 5576 831 5630 Acacianis
860 5579 1017 5633 tnodo
1045 5579 1273 5650 turpiter
1301 5579 1621 5646 dhmreret,
1654 5581 1744 5649 qui
1781 5576 1914 5636 alias
1944 5576 2128 5637 contra

628 5694 640 5722 '
673 5689 805 5766 Cod.
837 5694 1048 5766 capituli
1080 5697 1372 5765 Veronen.,
1404 5696 1524 5766 quia
1549 5705 1596 5749 et
1625 5696 1724 5750 hic.

623 5766 643 5797 ³
675 5763 748 5814 Iti.
781 5764 924 5826 c0d.,
950 5765 1154 5830 defensa
1181 5778 1271 5819 est.
1296 5783 1306 5799 '

620 5836 641 5869 ⁸
668 5833 744 5890 id.
778 5834 930 5898 cod.,
963 5836 1298 5896 illusionibur.

2236 4734 2324 4804 qui
2367 4735 2546 4800 habet,
2579 4745 2631 4789 et
2658 4739 2746 4804 qui
2779 4735 3004 4790 habetur
3038 4733 3406 4795 considerans,
3436 4747 3542 4786 non
3578 4733 3813 4797 permix-

2235 4827 2456 4890 tionem,
2505 4841 2610 4879 non
2656 4826 3086 4887 conversionem,
3138 4838 3242 4876 non
3293 4822 3666 4883 mutationem,
3718 4821 3813 4872 sui

2235 4919 2490 4972 unitatem
2544 4917 2735 4971 iactam
2787 4915 3064 4983 respicias.
3127 4915 3457 4982 Propterea,
3509 4922 3562 4965 et
3611 4912 3816 4963 ﬁxurus

2219 5012 2529 5071 clavorum,
2558 5019 2611 5063 et
2642 5008 2891 5061 [ixionem
2939 5006 3140 5059 lancea:
3169 5005 3578 5066 demonstravit,
3610 5011 3662 5056 et
3691 5016 3814 5054 cum

2232 5099 2510 5169 discipulis
2543 5096 2913 5159 manducavit,
2948 5105 3004 5148 ut
3033 5110 3126 5165 per
3155 5094 3334 5149 omnia
3365 5092 3814 5148 rcsurrectiom-m

2240 5233 2426 5306 oborta
2457 5233 2740 5306 schismata
2781 5233 2917 5306 inter
2946 5230 3243 5306 Orientales
3257 5239 3326 5306 _et_
3354 5230 3648 5306 iiomanutn
3681 5241 3816 5292 pon-

2241 5298 2456 5365 tificem,
2484 5304 2597 5358 sedi
2647 5304 2954 5371 apostolica:
2991 5303 3214 5356 iirmiter
3257 5300 3541 5371 inhaerere,
3593 5298 3818 5371 ejuSque

2239 5375 2589 5444 patrocinium
2619 5368 2891 5440 suscipere
2915 5371 3300 5444 consuevisset.
3332 5370 3405 5444 Ut
3424 5381 3551 5444 ergo
3581 5368 3818 5433 reliquos

2239 5438 2356 5512 ejus
2383 5444 2672 5512 provincia:
2700 5438 2980 5512 episcopos
3014 5444 3064 5496 in
3095 5438 3579 5512 oilicio_cathoi_icae
3606 5446 3659 5490 et
3688 5450 3819 5512 apu-

2239 5507 2440 5568 siolicle
2471 5507 2861 5568 communionis
2882 5507 3202 5574 ‘contiueret,
3235 5509 3300 5563 ad
3338 5508 3574 5575 ejusdem
3603 5507 3820 5572 provin-

2238 5587 2337 5639 cia:
2351 5585 2611 5638 antistites
2632 5585 2727 5638 has
2751 5585 3036 5638 circulares
3059 5582 3263 5637 litteras
3279 5581 3444 5635 dedit.
3464 5577 3594 5634 Sev.
3611 5576 3813 5631 BINIUS.

2303 5701 2324 5728 ⁸
2357 5700 2430 5753 Id.
2463 5701 2606 5763 cod.,
2638 5702 2888 5756 existeret.

2308 5773 2455 5838 “AL,
2495 5775 2725 5825 salutem.
2766 5773 3018 5825 "meum.
