4104 6356
317 377 374 432 at
1522 374 1877 435 EPISTOLIE
1920 375 2005 432 ET
2050 376 2383 434 necum.
2641 364 2647 371 '
3011 448 3020 456 ,
3516 379 3598 433 es

316 502 515 551 nostra
562 500 769 551 natura
812 492 863 551 in
911 505 974 547 se
1022 496 1331 549 renovatum
1373 489 1636 547 doceret:
1669 499 1725 546 et
1771 491 1897 558 quia
1928 492 1973 552 Δ
2003 500 2196 563 gnatus
2228 506 2286 547 es
2314 530 2329 555 ,
2376 490 2596 549 domine
2628 499 2811 547 sancte
2849 491 3137 565 apostolice
3180 499 3236 547 et
3283 492 3590 549 beatissime

316 584 611 642 secundum
644 584 859 643 beatam
888 580 1181 639 divinitatis
1220 579 1573 637 substantiam
1615 581 1897 637 inconver-

318 675 481 731 lihilis
504 715 521 740 ,
568 672 1023 735 incommutabilis
1047 713 1067 741 ,
1115 672 1458 741 impasslbilis
1483 718 1498 740 ,
1547 671 1897 737 immoitalis,

317 767 514 824 nullius
544 765 813 836 indigens,
838 764 1123 835 perliciens
1153 778 1339 819 omnes
1368 764 1661 833 passiones,
1694 778 1751 820 se
1783 780 1903 835 pcr«

323 862 472 917 misit
536 860 753 931 proprio
798 859 983 918 inferri
1017 858 1240 931 templo,
1287 858 1427 924 quod
1461 857 1654 912 virtute
1690 856 1900 928 propria

317 954 620 1019 suscitavit,
662 962 714 1010 et
752 967 848 1022 per
877 952 1148 1029 propriam
1180 951 1567 1023 perfectionem
1614 950 1793 1029 templi
1824 949 1902 1007 sui

321 1047 719 1103 venerationem
742 1050 941 1105 nostra:
965 1051 1169 1101 natura.
1196 1052 1450 1113 operatus
1474 1049 1574 1097 est.
1599 1041 1698 1110 Qui
1726 1048 1903 1097 autem

323 1135 503 1195 dicunt
547 1118 797 1199 subtilem
830 1133 1101 1191 hominem
1135 1132 1427 1195 Christum.
1469 1141 1561 1187 aut
1599 1131 1904 1205 passibilem

325 1227 486 1282 Deum
513 1268 528 1293 ,
572 1236 667 1281 aut
709 1226 767 1289 in
808 1240 973 1287 carne
1022 1240 1269 1291 versum,
1299 1233 1393 1281 aut
1437 1239 1544 1281 non
1586 1221 1903 1297 ‘cognituin

322 1318 573 1377 habuisse
621 1331 849 1387 corpus,
891 1326 983 1373 aut
1031 1316 1100 1372 de
1146 1316 1284 1373 coelo
1330 1316 1432 1371 hoc
1479 1313 1765 1378 detulisse,
1816 1322 1907 1366 aut

322 1412 634 1480 plianmma
677 1424 822 1477 esse,
853 1419 943 1467 aut
972 1410 1252 1465 mortaYem
1284 1409 1545 1472 dicentes,
1582 1407 1745 1463 Deum
1776 1404 1906 1461 Ver-

320 1501 447 1562 bum
494 1501 787 1573 indiguisse
831 1509 888 1558 ut
936 1514 967 1556 a
1004 1500 1160 1557 Patre
1215 1499 1601 1563 suscitaretur,
1647 1507 1735 1552 aut
1789 1495 1908 1554 sine

319 1595 499 1653 anima
537 1608 766 1663 corpus,
795 1604 884 1649 aut
921 1593 1037 1648 sine
1076 1605 1237 1648 sensu
1267 1588 1542 1647 hominem
1582 1586 1903 1657 suscepisse,

319 1694 414 1741 aut
433 1685 569 1743 duas
594 1683 919 1751 substantias
940 1680 1157 1747 Christi,
1182 1680 1475 1739 secundum
1500 1677 1908 1753 permixtionem

320 1778 597 1843 confusas,
651 1792 809 1831 unam
855 1775 1048 1832 iactam
1086 1774 1250 1831 fuisse
1295 1771 1668 1834 substantiam,
1710 1780 1765 1826 et
1802 1785 1912 1826 non

2006 591 2156 652 pater
2187 591 2416 649 patrum.
2460 581 2720 647 Desiderii
2752 584 2896 645 enim
2934 594 2989 642 et
3028 584 3136 643 voti
3168 585 3452 643 nostri'est
3477 587 3591 656 jus-

2005 670 2247 729 sionibus
2273 672 2466 731 vestris
2496 672 2550 730 in
2591 677 2840 733 omnibus
2866 676 3083 735 obedire
3106 718 3122 749 ,
3165 685 3219 731 et
3247 678 3591 748 quemadmo-

2007 765 2131 819 dum
2163 779 2191 818 a
2224 765 2462 834 patribus
2493 766 2693 821 nostris
2719 768 3051 838 accepimus,
3086 769 3589 840 sedis-apostolicze.

2006 872 2124 927 qua:
2152 856 2271 911 vita:
2302 865 2355 912 et
2380 857 2582 912 meritis
2613 859 2809 913 vestris
2837 859 3010 915 delata
3050 871 3165 930 est,
3205 871 3471 936 przeacpta
3505 859 3589 914 itt-

2008 954 2265 1003 temerate
2294 961 2533 1013 servare,
2572 957 2730 1019 atque
2758 948 3068 1020 religionem
3094 952 3464 1017 orthodoxam,
3496 964 3592 1005 cu-

2004 1036 2091 1105 jus
2118 1037 2247 1092 estis
2274 1036 2647 1107 prtedicatores
2671 1078 2686 1103 ,
2737 1037 2881 1094 ﬁdeli
2909 1047 2962 1094 et
2992 1040 3252 1111 inculpata
3285 1040 3591 1105 devotione,

2013 1136 2171 1199 prout
2217 1139 2414 1183 nostrae
2466 1129 2776 1186 rusticitatis
2815 1146 3004 1185 sensus
3035 1131 3231 1201 patitur
3256 1169 3269 1195 ,
3300 1130 3589 1187 custodire.

2012 1220 2269 1293 Eutychis
2298 1226 2440 1277 enim
2469 1222 2549 1278 vel
2583 1222 2722 1277 Petri
2754 1223 3040 1296 Acaciique
3075 1232 3129 1277 et
3156 1221 3392 1278 omnium
3424 1232 3595 1277 secta-

2012 1323 2184 1369 torum
2221 1314 2338 1385 ejus
2375 1321 2533 1383 atque
2574 1315 2931 1380 consortium,
2966 1315 3108 1370 velut
3146 1313 3387 1385 qumthm
3435 1313 3595 1383 pesti-

2010 1408 2121 1469 fera
2146 1409 2411 1478 centagia,
2442 1417 2565 1465 ante
2594 1420 2821 1465 vestram
2852 1425 3064 1480 quoque
3097 1409 3377 1463 vitavimus
3400 1407 3596 1477 jussio-

2012 1516 2134 1556 nem
2154 1543 2169 1567 ,
2210 1511 2263 1557 et
2292 1501 2458 1556 multo
2486 1504 2652 1572 magis
2695 1516 2834 1555 nunc
2862 1510 2981 1570 post
3009 1500 3425 1554 admonitionem
3453 1497 3598 1550 sedis

2012 1592 2317 1661 apostolica:
2341 1635 2354 1659 ,
2399 1602 2453 1647 et
2496 1591 2562 1648 ab
2592 1590 2775 1647 eadem
2813 1606 2909 1645 nos
2954 1590 3237 1663 polluitur”.
3270 1603 3487 1643 neerssc
3516 1597 3598 1642 est

2013 1683 2284 1739 abstinere
2315 1701 2327 1737 :
2356 1695 2409 1740 et
2438 1684 2482 1737 si
2516 1684 2602 1748 qui
2634 1683 2725 1738 alii
2753 1682 2993 1753 ejusdem
3038 1680 3347 1754 Eutycletis
3374 1688 3595 1741 sectam,

2017 1774 2102 1828 vel
2132 1774 2269 1829 Petri
2298 1782 2353 1828 et
2380 1773 2583 1839 Acacii,
2606 1782 2696 1829 aut
2720 1775 2889 1828 secuti
2914 1782 3039 1828 sunt
3065 1783 3155 1827 aut
3181 1781 3487 1842 sequentur,
3520 1771 3599 1823 vel

324 1868 647 1923 conﬁtentes
673 1867 957 1922 Dominum
995 1872 1236 1921 nostrum
1268 1862 1450 1921 Jesum
1481 1861 1751 1919 Christum
1782 1858 1913 1915 duas
1944 1838 1990 1903 Β
2019 1868 2327 1924 earumdem
2357 1883 2475 1924 sese
2502 1868 2849 1938 complicibus
2888 1878 3045 1938 atque
3084 1866 3419 1921 ροηεοηιιηις
3458 1883 3485 1916 ς.
3506 1864 3600 1919 διε-

327 1974 453 2015 esse
502 1956 1106 2023 naturas-inconiuus,
1159 1968 1317 2010 unam
1364 1961 1544 2009 autem
1593 1964 1910 2020 personam,

326 2047 623 2109 secundum
668 2045 809 2116 quod
856 2061 991 2101 unus
1029 2044 1307 2111 Christus,
1360 2058 1496 2099 unus
1544 2042 1683 2098 idem
1725 2041 1909 2107 Filius,

320 2138 457 2197 istos
485 2136 903 2197 anathematizat
934 2134 1195 2193 Catholica
1234 2145 1286 2191 et
1316 2134 1608 2205 apOstolica
1649 2131 1906 2189 Ecclesia.

320 2238 452 2297 llaec
483 2253 610 2306 ergo
632 2244 775 2300 sunt,
807 2234 974 2293 frater
995 2232 1365 2298 dilectissime,
1398 2247 1515 2301 qua:
1541 2246 1637 2305 pro
1669 2230 1913 2285 antidoto

324 2330 640 2388 nosdcbere
669 2331 883 2389 mittere
923 2327 1195 2397 ﬂagitasti,
1226 2325 1367 2396 quod
1405 2324 1607 2381 nullum
1646 2337 1907 2386 amarum,

320 2438 498 2493 neque
529 2422 686 2481 dulce
722 2422 943 2481 noxium
977 2419 1263 2489 videndum
1300 2416 1551 2491 refugite,
1594 2429 1715 2473 nam
1750 2422 1804 2471 et
1844 2412 1912 2469 de

325 2526 513 2573 nostro
565 2523 832 2574 conventu
880 2514 1316 2583 disposueramus
1358 2508 1616 2580 quosdam
1656 2507 1907 2577 dirigere,

314 2607 371 2662 si
415 2608 551 2663 ratio
589 2606 642 2663 id
692 2607 949 2676 temporis
988 2604 1103 2661 ﬁeri
1146 2602 1518 2672 permisisset:
1564 2599 1705 2671 quod
1736 2599 1912 2657 facere

314 2700 595 2756 credimus
626 2707 951 2768 opportune,
984 2710 1105 2755 cum
1141 2696 1352 2751 illarum
1386 2694 1616 2765 partium
1650 2694 1911 2749 correetio

326 2792 393 2848 ad
425 2806 542 2857 nos,
578 2792 795 2862 iuvante
820 2789 1070 2853 Domino,
1100 2787 1366 2857 legatione
1412 2785 1745 2857 plenissima,
1774 2783 1911 2841 sicut

324 2884 646 2940 conﬁdimus
687 2883 845 2940 fuerit
893 2882 1155 2939 nuntiata.
1198 2880 1489 2950 Sperantes
1531 2880 1693 2937 etiam
1726 2878 1791 2931 de
1815 2877 1908 2935 Dei

330 2980 497 3033 nostri
525 2976 917 3041 misericordia,
949 2984 1006 3033 ut
1030 2973 1153 3031 huic
1185 2972 1548 3043 praedicationi
1575 2980 1773 3027 nostra:
1800 2972 1911 3031 c'e-

329 3070 695 3125 mentissimus
723 3078 777 3125 et
804 3065 1294 3125 Christianissimus
1325 3066 1614 3135 imperator
1647 3064 1909 3121 unanimi-

327 3168 495 3214 tatetn
539 3174 690 3213 suam
739 3159 1101 3228 auxiliumque
1145 3159 1453 3229 coniungat,
1500 3170 1762 3228 quatenus
1810 3174 1906 3228 pro

328 3248 436 3303 ade
455 3263 558 3317 qua
589 3249 773 3313 tmllet,
799 3248 851 3301 in
878 3248 985 3303 illis
1015 3249 1323 3315 regionibus
1349 3259 1614 3312 coerceat,
1636 3250 1766 3317 quin
1795 3250 1907 3307 Suis

325 3337 750 3407 quiestiunculis,
793 3347 849 3393 et
890 3337 1184 3394 secundum
1227 3337 1490 3393 elementa
1537 3339 1742 3405 mundi,
1771 3338 1913 3394 sicut

300 3444 420 3485 .vas
446 3430 729 3514 electionis
755 3439 882 3485 ante
912 3429 1180 3499 praedixit,
1214 3431 1483 3499 superflua
1516 3447 1756 3501 vanaque
1784 3448 1912 3488 con-

325 3523 526 3588 cinam,
557 3524 803 3580 nolentes
828 3524 1090 3578 contineri
1121 3524 1439 3583 salutaribus
1460 3524 1754 3592 disciplinis
1779 3544 1791 3579 :
1819 3527 1911 3583 sed

325 3632 432 3680 vos,
461 3616 602 3675 sicut
626 3617 702 3669 nit
732 3615 869 3669 idem
905 3615 1201 3684 apostolus,
1231 3632 1333 3675 non
1366 3617 1437 3671 ita
1466 3617 1730 3681 didicistis,
1762 3617 1916 3672 Chri-

324 3705 701 3778 pumicata».
732 3707 817 3772 ιι),
853 3707 897 3761 si
942 3718 1118 3763 tamen
1168 3707 1312 3765 illum
1356 3706 1600 3773 audistis,
1633 3716 1687 3765 et
1728 3708 1779 3769 in
1820 3708 1913 3769 illo

300 3797 467 3850 docti
510 3798 661 3861 estis,
687 3798 828 3852 sicut
856 3806 938 3852 est
972 3798 1169 3855 veritas
1208 3796 1263 3852 in
1298 3797 1502 3862 Jesum.
1529 3813 1688 3869 quam
1729 3799 1912 3869 utique

328 3888 417 3944 ille
453 3888 863 3959 apprehendere
893 3888 1085 3955 poterit
1108 3890 1197 3959 qui
1226 3888 1647 3947 ortltodoxorum
1672 3889 1910 3956 Patrum,

327 3981 466 4034 sicut
508 3996 615 4045 1am
663 3996 807 4045 saepe
850 3980 1048 4037 dictutn
1086 3988 1193 4045 est,
1235 3980 1602 4039 observaverit
1649 3981 1909 4045 instituta.

332 4068 470 4124 Deus
497 4079 547 4123 te
578 4070 895 4125 incolumem
924 4070 1211 4134 custodiat,
1246 4070 1411 4127 frater
1439 4072 1733 4131 carissime.

914 4179 1348 4234 RESCRIPTUM

471 4287 821 4326 EPISCOPORUM
864 4286 1140 4325 DARDANIAZ
1180 4287 1245 4325 AD
1282 4285 1541 4325 GBLASIUI
1579 4287 1769 4327 PM‘AM.

299 4374 303 4381 '
331 4362 535 4417 Gratias
560 4376 713 4434 agunt
740 4365 877 4431 quod
907 4364 1045 4431 ipsos
1075 4364 1324 4417 monuerit
1352 4379 1383 4415 α
1420 4364 1602 4432 quibus
1638 4365 1918 4418 carendum

399 4437 494 4558 git;
529 4446 574 4489 et
619 4451 799 4505 rupere
839 4436 976 4504 ipsos
1012 4435 1072 4488 ab
1097 4434 1379 4502 apostolica
1407 4434 1525 4490 sede
1559 4436 1751 4491 visitari
1784 4438 1918 4491 scri-

436 4516 544 4560 util.

436 4523 544 4561 ιιιιι.

404 4616 631 4675 Domino
657 4623 842 4669 sancto
883 4615 1127 4683 apostolo
1166 4615 1263 4687 [αι.
1294 4614 1608 4685 apostolico]
1637 4624 1688 4670 ct
1719 4616 1917 4671 beatis-

331 4708 467 4763 simo
498 4710 634 4777 patri
668 4718 874 4776 patrum
912 4706 1128 4762 Gelasio
1159 4721 1309 4777 papae
1334 4708 1477 4767 urbis
1508 4707 1717 4773 Romus,
1747 4708 1920 4765 Immi-

333 4800 411 4854 lcs
439 4802 674 4871 episcopi
706 4800 1003 4855 Dardaniae.

402 4892 761 4947 Saluberrima
790 4892 1118 4960 apostolatus
1148 4893 1307 4947 vestri
1336 4900 1598 4962 praecepta
1632 4892 1919 4964 Tryphone

337 4995 452 5035 \tro
484 4983 731 5052 relig'oso
765 4982 871 5050 [luo
896 4992 1086 5038 nostro
1114 4982 1389 5039 deferente
1408 5024 1425 5050 ,
1455 5000 1559 5054 qua
1590 4995 1802 5053 oportet
1827 4987 1921 5041 de-

337 5072 554 5128 votione
581 5074 935 5142 suscepimus,
956 5082 1013 5127 et
1042 5075 1298 5130 maximas
1330 5073 1439 5131 Deo
1465 5075 1839 5146 omnipotenti,
1869 5087 1922 5132 et

334 5163 646 5219 beatitudini
676 5177 867 5217 vestrm
896 5161 1177 5217 referimus
1204 5165 1423 5234 gratias,
1447 5168 1586 5236 quod
1617 5182 1716 5225 nos
1741 5179 1919 5236 pasto-

336 5254 429 5309 rali
455 5254 816 5310 admonitione
853 5263 909 5309 et
952 5255 1260 5325 evangelica
1300 5256 1544 5313 doctrina
1594 5260 1809 5316 visitare
1840 5261 1918 5317 Ji-

404 5446 431 5473 ι
472 5434 946 5510 Duabuseplstolis
973 5433 1251 5510 admonuit
1270 5433 1511 5493 Gelasius
1533 5437 1766 5510 pontifex
1794 5440 1912 5510 cpi-

336 5522 527 5573 scopas
559 5503 837 5559 Dardania:
860 5548 873 5567 ,
908 5515 966 5559 ut
994 5503 1447 5574 Eutychianorum
1479 5503 1912 5564 communione":

338 5578 517 5649 sedulo
562 5577 812 5649 vitarent.
863 5576 1100 5637 Priorem
1126 5578 1292 5649 _(qua:
1332 5574 1549 5649 excidit)
1605 5578 1745 5633 misit
1821 5598 1915 5649 per

340 5648 709 5716 Tryphonem;
747 5648 812 5700 ad
844 5661 1000 5716 quant
1035 5642 1340 5715 prtécedcns
1360 5642 1585 5712 epistola
1614 5649 1677 5702 ab
1708 5642 1913 5719 episco-

410 5784 425 5813 ⁸
450 5783 588 5838 Ειιιι.
618 5782 773 5837 Rom.
800 5780 990 5838 melius
1020 5780 1176 5837 habet.
1206 5780 1466 5833 connitum

2021 1966 2166 2013 mant
2193 1958 2571 2013 immiscendos
2596 2000 2611 2024 ,
2646 1967 2701 2013 et
2727 1973 2756 2013 a
2803 1956 2954 2013 nobis
2978 1998 2993 2025 ,
3027 1956 3116 2026 qui
3154 1956 3265 2011 sedi
3297 1969 3461 2026 ενι-ξιτ
3489 1957 3602 2009 I'ci:

2016 2048 2310 2107 secundum
2342 2049 2519 2104 divina
2559 2058 2821 2119 prmcepta
2851 2058 2905 2102 et
2942 2047 3156 2104 Patrum
3198 2057 3392 2104 stat.ta
3434 2048 3602 2100 incul-

2020 2142 2125 2208 pati
2157 2141 2359 2199 servire
2387 2140 2786 2206 desideramus,
2816 2140 2961 2196 omni
2991 2140 3197 2195 ratione
3227 2137 3425 2193 vi'andi
3455 2148 3599 2191 sunt.

2017 2230 2085 2287 Et
2110 2233 2152 2286 si
2181 2230 2270 2302 qui
2302 2231 2441 2288 forte
2471 2247 2628 2301 prava
2658 2232 2955 2289 intentione
2986 2229 3147 2305 (quod
3177 2246 3346 2302 neque
3372 2229 3602 2283 arbi'ra-

2018 2341 2137 2383 mur
2167 2340 2337 2397 neque
2368 2324 2637 2399 Optamus)
2664 2341 2692 2379 a
2725 2325 2851 2385 sede
2880 2325 3170 2392 apostolica
3201 2339 3256 2379 se
3280 2323 3603 2395 eredulerint

2014 2417 2413 2487 segregandos,
2462 2417 2528 2473 ab
2575 2433 2760 2472 eorum
2813 2432 2910 2472 nos
2949 2417 3155 2471 alienos
3189 2431 3305 2471 esse
3331 2417 3604 2472 t-ntismlio

2016 2509 2355 2579 proﬁtemur;
2386 2509 2635 2581 anuiam
2657 2549 2671 2575 ,
2706 2518 2763 2562 ut
2787 2508 2986 2563 dictum
3015 2518 3094 2562 est
3114 2551 3129 2574 ,
3163 2507 3375 2561 Patrum
3406 2507 3457 2561 itt
3484 2522 3601 2559 om-

2017 2600 2172 2657 nibus
2212 2598 2578 2655 cnstodicntcs
2622 2610 2882 2670 prmcepta
2907 2642 2921 2667 ,
2959 2608 3014 2653 et
3058 2598 3378 2653 inviolabilia
3425 2614 3603 2655 sacro-

2014 2690 2320 2759 sanctorum
2352 2707 2617 2753 canonum
2665 2693 2903 2747 instituta
2953 2704 3258 2756 sectantes,
3298 2693 3603 2762 apostol’czu

2013 2798 2067 2845 et
2092 2787 2350 2859 singulari
2373 2788 2445 2843 illi
2473 2787 2589 2845 sedi
2613 2797 2804 2844 vestrae
2830 2789 3098 2849 communi
3128 2788 3230 2843 ﬁde
3250 2799 3301 2843 et
3324 2788 3606 2843 devotione

2015 2890 2203 2949 parere
2233 2879 2626 2937 contendimus.
2659 2880 2723 2935 Et
2746 2879 2994 2948 quoniam
3022 2879 3339 2951 Suggerendi
3366 2879 3603 2932 fomitem

2012 2971 2165 3035 nobis
2188 2987 2293 3042 pro,
2312 2971 2465 3033 insita
2492 2969 2589 3029 s'ibi
2620 2960 2945 3041 benigniiate
2976 2971 3248 3033 beatitudo
3276 2982 3447 3027 veSIra
3476 2986 3605 3037 con-

2011 3065 2190 3136 cessit,
2223 3066 2397 3135 aliqua
2430 3073 2725 3127 memento
2763 3064 3040 3137 Tryphoni
3067 3064 3181 3121 viro
3218 3063 3467 3133 religioso
3497 3063 3605 3119 lilio

2011 3166 2218 3225 nostro,
2244 3164 2632 3229 prteceptorum
2658 3137 2957 3213 vestrorum
2989 3156 3253 3228 portitori,
3272 3156 3602 3226 suggerenda

2010 3246 2398 3307 mandav’mus.
2435 3248 2499 3305 Et
2526 3258 2583 3309 ut
2610 3248 3000 3319 suggestionem
3044 3248 3189 3319 ejus,
3234 3260 3489 3319 quantum
3517 3263 3606 3303 ar-

2008 3339 2486 3409 hitramurjustam
2513 3353 2559 3398 et
2591 3341 2954 3398 rationabilem
2980 3356 3077 3413 pro
3102 3343 3485 3413 supplicatione
3510 3358 3604 3398 no-

2009 3437 2116 3489 stra
2142 3433 2324 3489 libenti
2353 3436 2533 3489 animo
2556 3436 2879 3505 apostolatus
2918 3444 3094 3493 vester
3130 3436 3377 3505 dignetur
3413 3433 3603 3489 admix-

2013 3532 2146 3593 tere,
2162 3523 2317 3588 iustis
2341 3524 2585 3594 precibus
2605 3540 2888 3583 exoramus
2903 3527 3064 3600 (quod
3087 3528 3402 3597 supplicatio
3424 3538 3605 3583 nostra

2013 3620 2253 3675 meretur
2272 3613 2547 3688 enectum)
2579 3630 2741 3671 unum
2768 3631 2830 3674 es
2855 3617 3094 3687 angelica
3124 3618 3254 3675 sede
3284 3628 3456 3674 vestra
3480 3632 3601 3677 eum

2012 3719 2157 3770 smne
2205 3704 2348 3761 dicto
2403 3706 2516 3765 viro
2566 3706 2817 3775 religioso
2874 3707 2939 3765 ad
2980 3722 3079 3771 nos
3129 3724 3294 3775 nsque
3334 3709 3605 3779 prrrcipite

2012 3794 2306 3863 destinare,
2337 3804 2393 3851 ut
2417 3794 2519 3852 sub
2538 3796 2653 3867 ejus
2677 3798 2961 3866 praesentia
2985 3814 3100 3868 qum
3127 3797 3260 3855 fides
3283 3797 3603 3862 orthodoxa,

2013 3895 2068 3941 et
2096 3897 2285 3943 vestrm
2330 3885 2587 3958 jussionis
2635 3888 2915 3945 sinceritas
2948 3890 3217 3965 postulat,
3269 3888 3603 3946 ordinentur.

2017 3976 2083 4032 Et
2112 3980 2435 4050 subscriptio.

2086 4069 2319 4126 Joannes
2346 4073 2628 4143 episcopus
2666 4083 3021 4131 sacrosancta:
3066 4073 3317 4129 Ecclesia?
3359 4072 3606 4143 Scopinm

2021 4161 2442 4229 metropolitana:
2480 4164 2711 4216 civitatis
2756 4163 2877 4219 huic
2915 4164 3177 4231 rescripto
3215 4178 3243 4214 a
3288 4162 3439 4215 nobis
3480 4162 3605 4215 dato

2023 4249 2402 4315 consentiens,
2459 4251 2523 4309 ad
2572 4251 2750 4309 omnia
2804 4268 2922 4320 qua:
2970 4250 3212 4320 superius
3264 4241 3603 4313 continuentur

2023 4351 2182 4393 manu
2213 4338 2422 4409 propria
2454 4340 2764 4407 subscripsi.

2096 4428 2333 4485 Bonosus
2357 4431 2553 4498 episco,
2577 4447 2638 4486 us
2663 4441 2713 4485 ut
2749 4446 2905 4503 supra
2937 4432 3249 4503 subscripsi.

1947 4550 1996 4610 ι)
2093 4521 2306 4577 Samuel
2336 4523 2619 4592 epiSCOpus
2650 4533 2704 4577 ut
2742 4517 2899 4593 supra
2928 4523 3239 4594 subscripsi.

2098 4614 2359 4672 Verianus
2387 4617 2670 4687 episcopus
2695 4632 2788 4685 per
2808 4616 3141 4673 Valentinum
3171 4616 3609 4675 archidiaconqu

2026 4714 2081 4759 ut
2100 4721 2266 4781 supra
2296 4706 2607 4776 subscripsi.

2095 4796 2385 4855 Faustinus
2410 4798 2691 4871 episcopus
2721 4807 2778 4852 ut
2805 4784 2967 4873 supra
3006 4800 3313 4868 subscripsi.

2101 4890 2324 4949 Ursinus
2358 4890 2640 4965 cpiscopus
2670 4902 2728 4949 ut
2753 4906 2919 4969 supra
2944 4891 3252 4964 subscripsi.

2547 5037 2575 5066 ι
2614 5024 2948 5084 εριετοιιλ
2987 5024 3069 5081 Ill.

2457 5159 2522 5196 Αἰ)
2565 5157 2838 5198 ενιεεοιδοε
2876 5158 2936 5196 DA
2946 5157 3152 5199 ΙὶυΑΝΙΞ
3162 5184 3173 5197 .

2027 5269 2256 5327 Nuntiat
2284 5290 2337 5329 se
2359 5273 2648 5343 pontiﬁcem
2667 5272 2881 5332 eiectum
2896 5290 2915 5341 ;
2942 5274 3207 5337 catholici:
3234 5274 3356 5344 ﬁdei
3386 5271 3609 5333 libellum

2023 5445 2105 5521 pis
2142 5443 2420 5502 Dardaniae
2456 5446 2717 5521 rescripta
2756 5445 2870 5521 fuit.
2904 5448 3270 5521 ‘Posteriorem
3305 5439 3440 5521 hanc
3469 5440 3606 5521 ejII_S~

2023 5514 2145 5567 dem
2173 5515 2469 5585 argumenti
2503 5512 2646 5570 misii
2676 5534 2767 5585 per
2797 5516 3120 5576 Ursicinum,
3155 5522 3311 5585 prout
3342 5512 3439 5582 ipsi
3472 5512 3604 5581 peti-

2022 5584 2251 5641 Verattt.’
2287 5585 2626 5657 Euryclicatn
2677 5584 2737 5643 et
2790 5584 3500 5657 circnlarcmluissepatet
3539 5595 3603 5633 ex

2030 5657 2204 5711 verbis
2247 5652 2482 5724 cpistola:
2528 5658 2578 5711 in
2623 5660 2745 5712 line.
2800 5659 2872 5710 lix
2907 5674 2969 5709 co
2994 5654 3132 5724 quod
3166 5656 3231 5708 ab
3271 5655 3418 5709 ini.io
3447 5652 3600 5717 Ιιζιιιγε
