  <div class='ocr_page' id='page_1' title='image "/cluster/home/n/w/nwhite01/storage/ocr_20150623/59/hvd.32044015471626/017.png"; bbox 0 0 4104 6356; ppageno 0'>
   <div class='ocr_carea' id='block_1_1' title="bbox 557 381 2119 457">
    <p class='ocr_par' dir='ltr' id='par_1_1' title="bbox 557 397 2119 457">
     <span class='ocr_line' id='line_1_1' title="bbox 557 397 2119 457; baseline -0.004 0"><span class='ocrx_word' id='word_1_1' title='bbox 557 404 629 457; x_wconf 71' lang='lat'><strong>25</strong></span> <span class='ocrx_word' id='word_1_2' title='bbox 1909 397 2119 452; x_wconf 77' lang='lat' dir='ltr'><strong>GELAS</strong></span> 
     </span>
    </p>
   </div>
   <div class='ocr_carea' id='block_1_2' title="bbox 2225 381 3808 457">
    <p class='ocr_par' dir='ltr' id='par_1_2' title="bbox 2225 381 3808 454">
     <span class='ocr_line' id='line_1_2' title="bbox 2225 381 3808 454; baseline 0.003 -4"><span class='ocrx_word' id='word_1_3' title='bbox 2225 397 2415 453; x_wconf 57' lang='lat' dir='ltr'><strong>pars;</strong></span> <span class='ocrx_word' id='word_1_4' title='bbox 2457 401 2474 454; x_wconf 82' lang='grc' dir='ltr'><strong>ι</strong></span> <span class='ocrx_word' id='word_1_5' title='bbox 2605 381 2614 388; x_wconf 85' lang='grc'><em>’</em></span> <span class='ocrx_word' id='word_1_6' title='bbox 3736 402 3808 454; x_wconf 70' lang='lat' dir='ltr'><strong>st</strong></span> 
     </span>
    </p>
   </div>
   <div class='ocr_carea' id='block_1_3' title="bbox 558 492 3803 580">
    <p class='ocr_par' dir='ltr' id='par_1_3' title="bbox 558 492 3803 580">
     <span class='ocr_line' id='line_1_3' title="bbox 558 492 3803 580; baseline -0.002 -11"><span class='ocrx_word' id='word_1_7' title='bbox 558 492 559 497; x_wconf 9' lang='grc' dir='ltr'><strong>η</strong></span> <span class='ocrx_word' id='word_1_8' title='bbox 629 516 947 579; x_wconf 78' lang='lat' dir='ltr'><strong>transmittit,</strong></span> <span class='ocrx_word' id='word_1_9' title='bbox 993 512 1320 580; x_wconf 79' lang='lat' dir='ltr'><strong>hortaturque</strong></span> <span class='ocrx_word' id='word_1_10' title='bbox 1372 518 1427 562; x_wconf 87' lang='lat' dir='ltr'><strong>ut</strong></span> <span class='ocrx_word' id='word_1_11' title='bbox 1464 526 1578 562; x_wconf 84' lang='lat' dir='ltr'><strong>cum</strong></span> <span class='ocrx_word' id='word_1_12' title='bbox 1606 507 2004 580; x_wconf 80' lang='lat' dir='ltr'><strong>Eutychiantstta</strong></span> <span class='ocrx_word' id='word_1_13' title='bbox 2029 530 2129 568; x_wconf 85' lang='lat' dir='ltr'><strong>non</strong></span> <span class='ocrx_word' id='word_1_14' title='bbox 2160 521 2211 577; x_wconf 75' lang='grc' dir='ltr'><strong>Α</strong></span> <span class='ocrx_word' id='word_1_15' title='bbox 2237 527 2326 566; x_wconf 88' lang='lat' dir='ltr'><strong>sus</strong></span> <span class='ocrx_word' id='word_1_16' title='bbox 2353 511 2624 580; x_wconf 71' lang='lat' dir='ltr'><strong>apostolus</strong></span> <span class='ocrx_word' id='word_1_17' title='bbox 2648 508 2839 564; x_wconf 78' lang='lat' dir='ltr'><strong>Paulus</strong></span> <span class='ocrx_word' id='word_1_18' title='bbox 2860 509 3067 579; x_wconf 87' lang='lat' dir='ltr'><strong>qualem</strong></span> <span class='ocrx_word' id='word_1_19' title='bbox 3093 509 3248 564; x_wconf 89' lang='lat' dir='ltr'><strong>hodie</strong></span> <span class='ocrx_word' id='word_1_20' title='bbox 3271 509 3489 564; x_wconf 84' lang='lat' dir='ltr'><strong>credere</strong></span> <span class='ocrx_word' id='word_1_21' title='bbox 3514 508 3803 564; x_wconf 80' lang='lat' dir='ltr'><strong>debeamus</strong></span> 
     </span>
    </p>
   </div>
   <div class='ocr_carea' id='block_1_4' title="bbox 626 581 1892 655">
    <p class='ocr_par' dir='ltr' id='par_1_4' title="bbox 626 581 1892 655">
     <span class='ocr_line' id='line_1_4' title="bbox 626 581 1892 655; baseline -0.002 -16"><span class='ocrx_word' id='word_1_22' title='bbox 626 590 1022 651; x_wconf 67' lang='lat' dir='ltr'><strong>communicent,</strong></span> <span class='ocrx_word' id='word_1_23' title='bbox 1053 594 1098 638; x_wconf 82' lang='lat' dir='ltr'><strong>et</strong></span> <span class='ocrx_word' id='word_1_24' title='bbox 1124 582 1319 637; x_wconf 80' lang='lat' dir='ltr'><strong><em>muneri</em></strong></span> <span class='ocrx_word' id='word_1_25' title='bbox 1338 581 1586 653; x_wconf 61' lang='lat' dir='ltr'><strong>pastorali</strong></span> <span class='ocrx_word' id='word_1_26' title='bbox 1612 582 1892 655; x_wconf 74' lang='lat' dir='ltr'><strong>inuigilent.</strong></span> 
     </span>
    </p>
   </div>
   <div class='ocr_carea' id='block_1_5' title="bbox 626 694 2124 767">
    <p class='ocr_par' dir='ltr' id='par_1_5' title="bbox 626 694 2124 767">
     <span class='ocr_line' id='line_1_5' title="bbox 626 694 2124 767; baseline 0 -16"><span class='ocrx_word' id='word_1_27' title='bbox 626 696 992 753; x_wconf 85' lang='lat' dir='ltr'><strong>Dilectissimis</strong></span> <span class='ocrx_word' id='word_1_28' title='bbox 1020 696 1273 751; x_wconf 82' lang='lat' dir='ltr'><strong>fratribus</strong></span> <span class='ocrx_word' id='word_1_29' title='bbox 1301 695 1559 750; x_wconf 86' lang='lat' dir='ltr'><strong>universis</strong></span> <span class='ocrx_word' id='word_1_30' title='bbox 1584 694 1847 766; x_wconf 83' lang='lat' dir='ltr'><strong>episcopis</strong></span> <span class='ocrx_word' id='word_1_31' title='bbox 1874 710 1969 767; x_wconf 89' lang='lat' dir='ltr'><strong>per</strong></span> <span class='ocrx_word' id='word_1_32' title='bbox 1990 695 2124 751; x_wconf 86' lang='lat' dir='ltr'><strong>Dar-</strong></span> 
     </span>
    </p>
   </div>
   <div class='ocr_carea' id='block_1_6' title="bbox 552 788 1701 858">
    <p class='ocr_par' dir='ltr' id='par_1_6' title="bbox 552 788 1701 858">
     <span class='ocr_line' id='line_1_6' title="bbox 552 788 1701 858; baseline -0.002 -15"><span class='ocrx_word' id='word_1_33' title='bbox 552 789 763 843; x_wconf 89' lang='lat' dir='ltr'><strong>daniam</strong></span> <span class='ocrx_word' id='word_1_34' title='bbox 791 788 1088 844; x_wconf 75' lang='lat' dir='ltr'><strong>constitutis</strong></span> <span class='ocrx_word' id='word_1_35' title='bbox 1122 788 1366 843; x_wconf 65' lang='lat' dir='ltr'><strong>Gelasius</strong></span> <span class='ocrx_word' id='word_1_36' title='bbox 1400 788 1701 858; x_wconf 78' lang='lat' dir='ltr'><strong>episcOpns.</strong></span> 
     </span>
    </p>
   </div>
   <div class='ocr_carea' id='block_1_7' title="bbox 624 878 2129 949">
    <p class='ocr_par' dir='ltr' id='par_1_7' title="bbox 624 878 2129 949">
     <span class='ocr_line' id='line_1_7' title="bbox 624 878 2129 949; baseline 0.001 -15"><span class='ocrx_word' id='word_1_37' title='bbox 624 879 721 934; x_wconf 84' lang='lat' dir='ltr'><strong>Ubi</strong></span> <span class='ocrx_word' id='word_1_38' title='bbox 753 881 979 949; x_wconf 91' lang='lat' dir='ltr'><strong>primum</strong></span> <span class='ocrx_word' id='word_1_39' title='bbox 1010 879 1275 949; x_wconf 80' lang='lat' dir='ltr'><strong>reSpirare</strong></span> <span class='ocrx_word' id='word_1_40' title='bbox 1304 878 1383 935; x_wconf 86' lang='lat' dir='ltr'><strong>fas</strong></span> <span class='ocrx_word' id='word_1_41' title='bbox 1423 887 1506 935; x_wconf 90' lang='lat' dir='ltr'><strong>est</strong></span> <span class='ocrx_word' id='word_1_42' title='bbox 1533 895 1563 933; x_wconf 89' lang='lat' dir='ltr'><strong>a</strong></span> <span class='ocrx_word' id='word_1_43' title='bbox 1593 890 1965 936; x_wconf 90' lang='lat' dir='ltr'><strong>contmuorum</strong></span> <span class='ocrx_word' id='word_1_44' title='bbox 1994 890 2129 936; x_wconf 89' lang='lat' dir='ltr'><strong>tem-</strong></span> 
     </span>
    </p>
   </div>
   <div class='ocr_carea' id='block_1_8' title="bbox 550 958 2126 1041">
    <p class='ocr_par' dir='ltr' id='par_1_8' title="bbox 550 958 2126 1041">
     <span class='ocr_line' id='line_1_8' title="bbox 550 958 2126 1041; baseline 0.003 -17"><span class='ocrx_word' id='word_1_45' title='bbox 550 979 755 1035; x_wconf 87' lang='lat' dir='ltr'><strong>pestate</strong></span> <span class='ocrx_word' id='word_1_46' title='bbox 788 970 1073 1036; x_wconf 89' lang='lat' dir='ltr'><strong>bellorum,</strong></span> <span class='ocrx_word' id='word_1_47' title='bbox 1104 968 1221 1039; x_wconf 85' lang='lat' dir='ltr'><strong>quae</strong></span> <span class='ocrx_word' id='word_1_48' title='bbox 1258 970 1310 1026; x_wconf 90' lang='lat' dir='ltr'><strong>in</strong></span> <span class='ocrx_word' id='word_1_49' title='bbox 1341 971 1446 1026; x_wconf 90' lang='lat' dir='ltr'><strong>illis</strong></span> <span class='ocrx_word' id='word_1_50' title='bbox 1475 972 1779 1041; x_wconf 81' lang='lat' dir='ltr'><strong>provinciis,</strong></span> <span class='ocrx_word' id='word_1_51' title='bbox 1811 974 1893 1028; x_wconf 88' lang='lat' dir='ltr'><strong>vel</strong></span> <span class='ocrx_word' id='word_1_52' title='bbox 1924 973 1976 1027; x_wconf 92' lang='lat' dir='ltr'><strong>in</strong></span> <span class='ocrx_word' id='word_1_53' title='bbox 2012 958 2126 1028; x_wconf 86' lang='lat' dir='ltr'><strong>istis</strong></span> 
     </span>
    </p>
   </div>
   <div class='ocr_carea' id='block_1_9' title="bbox 549 1060 2127 1133">
    <p class='ocr_par' dir='ltr' id='par_1_9' title="bbox 549 1060 2127 1133">
     <span class='ocr_line' id='line_1_9' title="bbox 549 1060 2127 1133; baseline 0.005 -22"><span class='ocrx_word' id='word_1_54' title='bbox 549 1060 880 1129; x_wconf 90' lang='lat' dir='ltr'><strong>temporibus</strong></span> <span class='ocrx_word' id='word_1_55' title='bbox 907 1061 1133 1128; x_wconf 74' lang='lat' dir='ltr'><strong>qualitas</strong></span> <span class='ocrx_word' id='word_1_56' title='bbox 1153 1062 1481 1117; x_wconf 77' lang='lat' dir='ltr'><strong>incessanter</strong></span> <span class='ocrx_word' id='word_1_57' title='bbox 1505 1064 1759 1126; x_wconf 78' lang='lat' dir='ltr'><strong>exercuit,</strong></span> <span class='ocrx_word' id='word_1_58' title='bbox 1785 1066 2009 1120; x_wconf 85' lang='lat' dir='ltr'><strong>cunctos</strong></span> <span class='ocrx_word' id='word_1_59' title='bbox 2035 1079 2127 1133; x_wconf 92' lang='lat' dir='ltr'><strong>per</strong></span> 
     </span>
    </p>
   </div>
   <div class='ocr_carea' id='block_1_10' title="bbox 538 1150 2124 1227">
    <p class='ocr_par' dir='ltr' id='par_1_10' title="bbox 538 1150 2124 1227">
     <span class='ocr_line' id='line_1_10' title="bbox 538 1150 2124 1227; baseline 0.008 -27"><span class='ocrx_word' id='word_1_60' title='bbox 538 1150 869 1227; x_wconf 78' lang='lat' dir='ltr'><strong>Dardaniam</strong></span> <span class='ocrx_word' id='word_1_61' title='bbox 900 1151 1109 1207; x_wconf 89' lang='lat' dir='ltr'><strong>Domini</strong></span> <span class='ocrx_word' id='word_1_62' title='bbox 1139 1152 1444 1207; x_wconf 82' lang='lat' dir='ltr'><strong>sacerdotes</strong></span> <span class='ocrx_word' id='word_1_63' title='bbox 1474 1152 1721 1209; x_wconf 75' lang='lat' dir='ltr'><strong>fraterna:</strong></span> <span class='ocrx_word' id='word_1_64' title='bbox 1751 1155 2124 1213; x_wconf 78' lang='lat' dir='ltr'><strong>sollicitudinTs</strong></span> 
     </span>
    </p>
   </div>
   <div class='ocr_carea' id='block_1_11' title="bbox 548 1232 2124 1316">
    <p class='ocr_par' dir='ltr' id='par_1_11' title="bbox 548 1232 2124 1316">
     <span class='ocr_line' id='line_1_11' title="bbox 548 1232 2124 1316; baseline 0.008 -25"><span class='ocrx_word' id='word_1_65' title='bbox 548 1239 773 1296; x_wconf 87' lang='lat' dir='ltr'><strong>caritate</strong></span> <span class='ocrx_word' id='word_1_66' title='bbox 800 1240 1046 1295; x_wconf 83' lang='lat' dir='ltr'><strong>duximus</strong></span> <span class='ocrx_word' id='word_1_67' title='bbox 1068 1242 1412 1313; x_wconf 89' lang='lat' dir='ltr'><strong>alloquendos</strong></span> <span class='ocrx_word' id='word_1_68' title='bbox 1443 1259 1457 1296; x_wconf 88' lang='lat'><strong>:</strong></span> <span class='ocrx_word' id='word_1_69' title='bbox 1487 1244 1713 1313; x_wconf 89' lang='lat' dir='ltr'><strong>primum</strong></span> <span class='ocrx_word' id='word_1_70' title='bbox 1742 1245 1863 1313; x_wconf 86' lang='lat' dir='ltr'><strong>quia</strong></span> <span class='ocrx_word' id='word_1_71' title='bbox 1889 1232 2124 1316; x_wconf 82' lang='lat' dir='ltr'><strong>regimen</strong></span> 
     </span>
    </p>
   </div>
   <div class='ocr_carea' id='block_1_12' title="bbox 549 1331 2123 1404">
    <p class='ocr_par' dir='ltr' id='par_1_12' title="bbox 549 1331 2123 1404">
     <span class='ocr_line' id='line_1_12' title="bbox 549 1331 2123 1404; baseline 0.008 -23"><span class='ocrx_word' id='word_1_72' title='bbox 549 1331 852 1399; x_wconf 73' lang='lat' dir='ltr'><strong>apostolica:</strong></span> <span class='ocrx_word' id='word_1_73' title='bbox 874 1332 1017 1388; x_wconf 87' lang='lat' dir='ltr'><strong>sedis</strong></span> <span class='ocrx_word' id='word_1_74' title='bbox 1039 1333 1238 1403; x_wconf 78' lang='lat' dir='ltr'><strong>adepti,</strong></span> <span class='ocrx_word' id='word_1_75' title='bbox 1261 1335 1484 1402; x_wconf 80' lang='lat' dir='ltr'><strong>strepitu</strong></span> <span class='ocrx_word' id='word_1_76' title='bbox 1511 1336 1739 1404; x_wconf 90' lang='lat' dir='ltr'><strong>publico,</strong></span> <span class='ocrx_word' id='word_1_77' title='bbox 1764 1337 1903 1393; x_wconf 86' lang='lat' dir='ltr'><strong>sicut</strong></span> <span class='ocrx_word' id='word_1_78' title='bbox 1922 1337 2123 1394; x_wconf 91' lang='lat' dir='ltr'><strong>dictum</strong></span> 
     </span>
    </p>
   </div>
   <div class='ocr_carea' id='block_1_13' title="bbox 548 1425 2123 1501">
    <p class='ocr_par' dir='ltr' id='par_1_13' title="bbox 548 1425 2123 1501">
     <span class='ocr_line' id='line_1_13' title="bbox 548 1425 2123 1501; baseline 0.006 -24"><span class='ocrx_word' id='word_1_79' title='bbox 548 1436 659 1490; x_wconf 76' lang='grc' dir='ltr'><em>εει,</em></span> <span class='ocrx_word' id='word_1_80' title='bbox 697 1425 1034 1493; x_wconf 87' lang='lat' dir='ltr'><strong>retardante,</strong></span> <span class='ocrx_word' id='word_1_81' title='bbox 1067 1428 1413 1483; x_wconf 89' lang='lat' dir='ltr'><strong>commissum</strong></span> <span class='ocrx_word' id='word_1_82' title='bbox 1456 1429 1608 1484; x_wconf 90' lang='lat' dir='ltr'><strong>nobis</strong></span> <span class='ocrx_word' id='word_1_83' title='bbox 1636 1444 1803 1484; x_wconf 73' lang='lat' dir='ltr'><strong>sacra:</strong></span> <span class='ocrx_word' id='word_1_84' title='bbox 1843 1430 2123 1501; x_wconf 83' lang='lat' dir='ltr'><strong>dispensa-</strong></span> 
     </span>
    </p>
   </div>
   <div class='ocr_carea' id='block_1_14' title="bbox 551 1516 2126 1595">
    <p class='ocr_par' dir='ltr' id='par_1_14' title="bbox 551 1516 2126 1595">
     <span class='ocr_line' id='line_1_14' title="bbox 551 1516 2126 1595; baseline 0.008 -28"><span class='ocrx_word' id='word_1_85' title='bbox 551 1516 714 1571; x_wconf 87' lang='lat' dir='ltr'><strong>tionis</strong></span> <span class='ocrx_word' id='word_1_86' title='bbox 733 1516 989 1585; x_wconf 75' lang='lat' dir='ltr'><strong>ol’licium,</strong></span> <span class='ocrx_word' id='word_1_87' title='bbox 1014 1520 1261 1589; x_wconf 86' lang='lat' dir='ltr'><strong>propriis,</strong></span> <span class='ocrx_word' id='word_1_88' title='bbox 1293 1528 1351 1573; x_wconf 89' lang='lat' dir='ltr'><strong>ut</strong></span> <span class='ocrx_word' id='word_1_89' title='bbox 1372 1536 1487 1575; x_wconf 90' lang='lat' dir='ltr'><strong>mos</strong></span> <span class='ocrx_word' id='word_1_90' title='bbox 1512 1531 1645 1586; x_wconf 79' lang='lat' dir='ltr'><strong>erat,</strong></span> <span class='ocrx_word' id='word_1_91' title='bbox 1672 1523 1864 1583; x_wconf 88' lang='lat' dir='ltr'><strong>litteris</strong></span> <span class='ocrx_word' id='word_1_92' title='bbox 1892 1526 1907 1556; x_wconf 80' lang='grc'><strong><em>⁸</em></strong></span> <span class='ocrx_word' id='word_1_93' title='bbox 1941 1528 2126 1595; x_wconf 89' lang='lat' dir='ltr'><strong>nequi-</strong></span> 
     </span>
    </p>
   </div>
   <div class='ocr_carea' id='block_1_15' title="bbox 549 1608 2126 1681">
    <p class='ocr_par' dir='ltr' id='par_1_15' title="bbox 549 1608 2126 1681">
     <span class='ocr_line' id='line_1_15' title="bbox 549 1608 2126 1681; baseline 0.008 -23"><span class='ocrx_word' id='word_1_94' title='bbox 549 1621 667 1661; x_wconf 87' lang='lat' dir='ltr'><strong>mus</strong></span> <span class='ocrx_word' id='word_1_95' title='bbox 692 1608 948 1677; x_wconf 89' lang='lat' dir='ltr'><strong>indicare,</strong></span> <span class='ocrx_word' id='word_1_96' title='bbox 972 1624 1077 1681; x_wconf 92' lang='lat' dir='ltr'><strong>quo</strong></span> <span class='ocrx_word' id='word_1_97' title='bbox 1110 1620 1285 1665; x_wconf 87' lang='lat' dir='ltr'><strong>vestra</strong></span> <span class='ocrx_word' id='word_1_98' title='bbox 1317 1612 1618 1667; x_wconf 81' lang='lat' dir='ltr'><strong>fraternitas</strong></span> <span class='ocrx_word' id='word_1_99' title='bbox 1648 1614 1715 1669; x_wconf 91' lang='lat' dir='ltr'><strong>de</strong></span> <span class='ocrx_word' id='word_1_100' title='bbox 1738 1616 2126 1672; x_wconf 78' lang='lat' dir='ltr'><strong>communionis</strong></span> 
     </span>
    </p>
   </div>
   <div class='ocr_carea' id='block_1_16' title="bbox 508 1692 2125 1779">
    <p class='ocr_par' dir='ltr' id='par_1_16' title="bbox 508 1692 2125 1779">
     <span class='ocr_line' id='line_1_16' title="bbox 508 1692 2125 1779; baseline 0.008 -27"><span class='ocrx_word' id='word_1_101' title='bbox 508 1692 513 1697; x_wconf 80' lang='grc'><em>’</em></span> <span class='ocrx_word' id='word_1_102' title='bbox 549 1698 758 1755; x_wconf 89' lang='lat' dir='ltr'><strong>Domini</strong></span> <span class='ocrx_word' id='word_1_103' title='bbox 787 1700 1062 1757; x_wconf 88' lang='lat' dir='ltr'><strong>nobiscum</strong></span> <span class='ocrx_word' id='word_1_104' title='bbox 1094 1718 1316 1758; x_wconf 87' lang='lat' dir='ltr'><strong>munere</strong></span> <span class='ocrx_word' id='word_1_105' title='bbox 1339 1704 1653 1774; x_wconf 77' lang='lat' dir='ltr'><strong>gratuletur.</strong></span> <span class='ocrx_word' id='word_1_106' title='bbox 1681 1706 1902 1774; x_wconf 89' lang='lat' dir='ltr'><strong>Deinde,</strong></span> <span class='ocrx_word' id='word_1_107' title='bbox 1928 1718 1984 1763; x_wconf 93' lang='lat' dir='ltr'><strong>ut</strong></span> <span class='ocrx_word' id='word_1_108' title='bbox 2007 1721 2125 1779; x_wconf 87' lang='lat' dir='ltr'><strong>post</strong></span> 
     </span>
    </p>
   </div>
   <div class='ocr_carea' id='block_1_17' title="bbox 549 1795 2125 1874">
    <p class='ocr_par' dir='ltr' id='par_1_17' title="bbox 549 1795 2125 1874">
     <span class='ocr_line' id='line_1_17' title="bbox 549 1795 2125 1874; baseline 0.007 -28"><span class='ocrx_word' id='word_1_109' title='bbox 549 1801 721 1848; x_wconf 89' lang='lat' dir='ltr'><strong>tantas</strong></span> <span class='ocrx_word' id='word_1_110' title='bbox 740 1795 1055 1850; x_wconf 86' lang='lat' dir='ltr'><strong>acerbitates</strong></span> <span class='ocrx_word' id='word_1_111' title='bbox 1076 1795 1646 1869; x_wconf 75' lang='lat' dir='ltr'><strong>incommoditatesque</strong></span> <span class='ocrx_word' id='word_1_112' title='bbox 1667 1801 1980 1868; x_wconf 90' lang='lat' dir='ltr'><strong>mundanas,</strong></span> <span class='ocrx_word' id='word_1_113' title='bbox 2000 1820 2125 1874; x_wconf 88' lang='lat' dir='ltr'><strong>qua-</strong></span> 
     </span>
    </p>
   </div>
   <div class='ocr_carea' id='block_1_18' title="bbox 2236 599 3808 669">
    <p class='ocr_par' dir='ltr' id='par_1_18' title="bbox 2236 599 3808 669">
     <span class='ocr_line' id='line_1_18' title="bbox 2236 599 3808 669; baseline 0 -14"><span class='ocrx_word' id='word_1_114' title='bbox 2236 602 2516 658; x_wconf 90' lang='lat' dir='ltr'><strong>Domiuum</strong></span> <span class='ocrx_word' id='word_1_115' title='bbox 2548 611 2787 657; x_wconf 88' lang='lat' dir='ltr'><strong>nostrum</strong></span> <span class='ocrx_word' id='word_1_116' title='bbox 2825 599 3005 656; x_wconf 84' lang='lat' dir='ltr'><strong>Jesum</strong></span> <span class='ocrx_word' id='word_1_117' title='bbox 3035 599 3298 656; x_wconf 91' lang='lat' dir='ltr'><strong>Christum</strong></span> <span class='ocrx_word' id='word_1_118' title='bbox 3331 601 3502 669; x_wconf 84' lang='lat' dir='ltr'><strong>palam</strong></span> <span class='ocrx_word' id='word_1_119' title='bbox 3532 599 3808 668; x_wconf 81' lang='lat' dir='ltr'><strong>professus</strong></span> 
     </span>
    </p>
   </div>
   <div class='ocr_carea' id='block_1_19' title="bbox 2231 692 3809 765">
    <p class='ocr_par' dir='ltr' id='par_1_19' title="bbox 2231 692 3809 765">
     <span class='ocr_line' id='line_1_19' title="bbox 2231 692 3809 765; baseline -0.003 -14"><span class='ocrx_word' id='word_1_120' title='bbox 2231 706 2334 765; x_wconf 90' lang='lat' dir='ltr'><strong>est,</strong></span> <span class='ocrx_word' id='word_1_121' title='bbox 2363 695 2546 750; x_wconf 90' lang='lat' dir='ltr'><strong>dicens</strong></span> <span class='ocrx_word' id='word_1_122' title='bbox 2576 714 2589 748; x_wconf 92' lang='lat'><strong>:</strong></span> <span class='ocrx_word' id='word_1_123' title='bbox 2621 695 2688 748; x_wconf 87' lang='lat' dir='ltr'><strong>In</strong></span> <span class='ocrx_word' id='word_1_124' title='bbox 2715 711 2813 764; x_wconf 85' lang='lat' dir='ltr'><strong>quo</strong></span> <span class='ocrx_word' id='word_1_125' title='bbox 2842 694 3034 749; x_wconf 84' lang='lat' dir='ltr'><strong>habitat</strong></span> <span class='ocrx_word' id='word_1_126' title='bbox 3064 695 3226 749; x_wconf 80' lang='lat' dir='ltr'><strong>omnis</strong></span> <span class='ocrx_word' id='word_1_127' title='bbox 3251 694 3509 763; x_wconf 78' lang='lat' dir='ltr'><strong>plenitudo</strong></span> <span class='ocrx_word' id='word_1_128' title='bbox 3528 692 3809 747; x_wconf 81' lang='lat' dir='ltr'><strong>divinitatis</strong></span> 
     </span>
    </p>
   </div>
   <div class='ocr_carea' id='block_1_20' title="bbox 2230 783 3807 858">
    <p class='ocr_par' dir='ltr' id='par_1_20' title="bbox 2230 783 3807 858">
     <span class='ocr_line' id='line_1_20' title="bbox 2230 783 3807 858; baseline -0.001 -19"><span class='ocrx_word' id='word_1_129' title='bbox 2230 787 2561 858; x_wconf 72' lang='lat' dir='ltr'><strong>corporaliter</strong></span> <span class='ocrx_word' id='word_1_130' title='bbox 2611 783 2831 855; x_wconf 81' lang='lat' dir='ltr'><strong>(Coloss.</strong></span> <span class='ocrx_word' id='word_1_131' title='bbox 2864 786 2922 856; x_wconf 86' lang='lat' dir='ltr'><strong>tt)</strong></span> <span class='ocrx_word' id='word_1_132' title='bbox 2945 827 2960 853; x_wconf 89' lang='lat'><strong>,</strong></span> <span class='ocrx_word' id='word_1_133' title='bbox 2993 785 3132 856; x_wconf 86' lang='lat' dir='ltr'><strong>quod</strong></span> <span class='ocrx_word' id='word_1_134' title='bbox 3177 785 3325 840; x_wconf 81' lang='lat' dir='ltr'><strong>brevi</strong></span> <span class='ocrx_word' id='word_1_135' title='bbox 3371 783 3605 854; x_wconf 89' lang='lat' dir='ltr'><strong>capitulo</strong></span> <span class='ocrx_word' id='word_1_136' title='bbox 3644 784 3807 838; x_wconf 77' lang='lat' dir='ltr'><strong>simul</strong></span> 
     </span>
    </p>
   </div>
   <div class='ocr_carea' id='block_1_21' title="bbox 2233 878 3801 949">
    <p class='ocr_par' dir='ltr' id='par_1_21' title="bbox 2233 878 3801 949">
     <span class='ocr_line' id='line_1_21' title="bbox 2233 878 3801 949; baseline -0.001 -17"><span class='ocrx_word' id='word_1_137' title='bbox 2233 879 2478 933; x_wconf 77' lang='lat' dir='ltr'><strong>Arianam</strong></span> <span class='ocrx_word' id='word_1_138' title='bbox 2504 889 2726 948; x_wconf 80' lang='lat' dir='ltr'><strong>pestem,</strong></span> <span class='ocrx_word' id='word_1_139' title='bbox 2750 887 2803 933; x_wconf 85' lang='lat' dir='ltr'><strong>et</strong></span> <span class='ocrx_word' id='word_1_140' title='bbox 2823 878 2956 933; x_wconf 88' lang='lat' dir='ltr'><strong>hanc</strong></span> <span class='ocrx_word' id='word_1_141' title='bbox 2974 894 3131 949; x_wconf 90' lang='lat' dir='ltr'><strong>quam</strong></span> <span class='ocrx_word' id='word_1_142' title='bbox 3160 878 3396 933; x_wconf 79' lang='lat' dir='ltr'><strong>diximus</strong></span> <span class='ocrx_word' id='word_1_143' title='bbox 3416 878 3801 949; x_wconf 80' lang='lat' dir='ltr'><strong>Eutychianam</strong></span> 
     </span>
    </p>
   </div>
   <div class='ocr_carea' id='block_1_22' title="bbox 2229 968 3805 1039">
    <p class='ocr_par' dir='ltr' id='par_1_22' title="bbox 2229 968 3805 1039">
     <span class='ocr_line' id='line_1_22' title="bbox 2229 968 3805 1039; baseline 0.001 -18"><span class='ocrx_word' id='word_1_144' title='bbox 2229 968 2435 1022; x_wconf 67' lang='lat' dir='ltr'><strong>cmlesti</strong></span> <span class='ocrx_word' id='word_1_145' title='bbox 2468 969 2843 1038; x_wconf 60' lang='lat' dir='ltr'><strong>praedicatione</strong></span> <span class='ocrx_word' id='word_1_146' title='bbox 2869 970 3147 1038; x_wconf 82' lang='lat' dir='ltr'><strong>subvertit,</strong></span> <span class='ocrx_word' id='word_1_147' title='bbox 3179 970 3301 1039; x_wconf 89' lang='lat' dir='ltr'><strong>quia</strong></span> <span class='ocrx_word' id='word_1_148' title='bbox 3335 981 3388 1025; x_wconf 88' lang='lat' dir='ltr'><strong>et</strong></span> <span class='ocrx_word' id='word_1_149' title='bbox 3416 969 3575 1023; x_wconf 89' lang='lat' dir='ltr'><strong>homo</strong></span> <span class='ocrx_word' id='word_1_150' title='bbox 3605 969 3805 1023; x_wconf 85' lang='lat' dir='ltr'><strong>nihilu-</strong></span> 
     </span>
    </p>
   </div>
   <div class='ocr_carea' id='block_1_23' title="bbox 2229 1060 3805 1132">
    <p class='ocr_par' dir='ltr' id='par_1_23' title="bbox 2229 1060 3805 1132">
     <span class='ocr_line' id='line_1_23' title="bbox 2229 1060 3805 1132; baseline 0.002 -18"><span class='ocrx_word' id='word_1_151' title='bbox 2229 1062 2404 1115; x_wconf 88' lang='lat' dir='ltr'><strong>tninus</strong></span> <span class='ocrx_word' id='word_1_152' title='bbox 2450 1073 2571 1127; x_wconf 82' lang='lat' dir='ltr'><strong>eat,</strong></span> <span class='ocrx_word' id='word_1_153' title='bbox 2612 1061 2701 1116; x_wconf 88' lang='lat' dir='ltr'><strong>ubi</strong></span> <span class='ocrx_word' id='word_1_154' title='bbox 2738 1062 2914 1117; x_wconf 89' lang='lat' dir='ltr'><strong>omnis</strong></span> <span class='ocrx_word' id='word_1_155' title='bbox 2962 1062 3219 1132; x_wconf 88' lang='lat' dir='ltr'><strong>plenaque</strong></span> <span class='ocrx_word' id='word_1_156' title='bbox 3261 1060 3519 1117; x_wconf 88' lang='lat' dir='ltr'><strong>Divinitas</strong></span> <span class='ocrx_word' id='word_1_157' title='bbox 3561 1060 3805 1117; x_wconf 84' lang='lat' dir='ltr'><strong>habitare</strong></span> 
     </span>
    </p>
   </div>
   <div class='ocr_carea' id='block_1_24' title="bbox 2230 1154 3805 1225">
    <p class='ocr_par' dir='ltr' id='par_1_24' title="bbox 2230 1154 3805 1225">
     <span class='ocr_line' id='line_1_24' title="bbox 2230 1154 3805 1225; baseline 0.003 -18"><span class='ocrx_word' id='word_1_158' title='bbox 2230 1154 2537 1222; x_wconf 89' lang='lat' dir='ltr'><strong>perhibetur</strong></span> <span class='ocrx_word' id='word_1_159' title='bbox 2557 1194 2572 1219; x_wconf 93' lang='lat'><strong>,</strong></span> <span class='ocrx_word' id='word_1_160' title='bbox 2617 1162 2671 1209; x_wconf 92' lang='lat' dir='ltr'><strong>et</strong></span> <span class='ocrx_word' id='word_1_161' title='bbox 2698 1154 3044 1225; x_wconf 88' lang='lat' dir='ltr'><strong>corporaliter</strong></span> <span class='ocrx_word' id='word_1_162' title='bbox 3081 1155 3427 1225; x_wconf 80' lang='lat' dir='ltr'><strong>exprimendo</strong></span> <span class='ocrx_word' id='word_1_163' title='bbox 3452 1195 3467 1223; x_wconf 87' lang='lat'><strong>,</strong></span> <span class='ocrx_word' id='word_1_164' title='bbox 3497 1156 3547 1211; x_wconf 92' lang='lat' dir='ltr'><strong>in</strong></span> <span class='ocrx_word' id='word_1_165' title='bbox 3580 1155 3805 1211; x_wconf 52' lang='grc' dir='ltr'><strong>νεήκεσι</strong></span> 
     </span>
    </p>
   </div>
   <div class='ocr_carea' id='block_1_25' title="bbox 2231 1245 3367 1316">
    <p class='ocr_par' dir='ltr' id='par_1_25' title="bbox 2231 1245 3367 1316">
     <span class='ocr_line' id='line_1_25' title="bbox 2231 1245 3367 1316; baseline 0.005 -19"><span class='ocrx_word' id='word_1_166' title='bbox 2231 1245 2518 1313; x_wconf 85' lang='lat' dir='ltr'><strong>persistere</strong></span> <span class='ocrx_word' id='word_1_167' title='bbox 2548 1247 2711 1301; x_wconf 90' lang='lat' dir='ltr'><strong>nostri</strong></span> <span class='ocrx_word' id='word_1_168' title='bbox 2742 1246 2981 1315; x_wconf 87' lang='lat' dir='ltr'><strong>corporis</strong></span> <span class='ocrx_word' id='word_1_169' title='bbox 3024 1247 3367 1316; x_wconf 85' lang='lat' dir='ltr'><strong>approbatur.</strong></span> 
     </span>
    </p>
   </div>
   <div class='ocr_carea' id='block_1_26' title="bbox 2298 1335 3803 1409">
    <p class='ocr_par' dir='ltr' id='par_1_26' title="bbox 2298 1335 3803 1409">
     <span class='ocr_line' id='line_1_26' title="bbox 2298 1335 3803 1409; baseline 0.003 -19"><span class='ocrx_word' id='word_1_170' title='bbox 2298 1335 2471 1405; x_wconf 87' lang='lat' dir='ltr'><strong>Super</strong></span> <span class='ocrx_word' id='word_1_171' title='bbox 2492 1347 2670 1392; x_wconf 87' lang='lat' dir='ltr'><strong>autem</strong></span> <span class='ocrx_word' id='word_1_172' title='bbox 2701 1338 2783 1393; x_wconf 90' lang='lat' dir='ltr'><strong>his</strong></span> <span class='ocrx_word' id='word_1_173' title='bbox 2810 1338 3113 1409; x_wconf 85' lang='lat' dir='ltr'><strong>frequenter</strong></span> <span class='ocrx_word' id='word_1_174' title='bbox 3139 1339 3206 1393; x_wconf 91' lang='lat' dir='ltr'><strong>ab</strong></span> <span class='ocrx_word' id='word_1_175' title='bbox 3238 1340 3528 1409; x_wconf 85' lang='lat' dir='ltr'><strong>apostolica</strong></span> <span class='ocrx_word' id='word_1_176' title='bbox 3556 1339 3681 1395; x_wconf 85' lang='lat' dir='ltr'><strong>sede</strong></span> <span class='ocrx_word' id='word_1_177' title='bbox 3703 1381 3717 1403; x_wconf 92' lang='lat'><strong>,</strong></span> <span class='ocrx_word' id='word_1_178' title='bbox 3748 1349 3803 1395; x_wconf 84' lang='lat' dir='ltr'><strong>et</strong></span> 
     </span>
    </p>
   </div>
   <div class='ocr_carea' id='block_1_27' title="bbox 2230 1426 3801 1500">
    <p class='ocr_par' dir='ltr' id='par_1_27' title="bbox 2230 1426 3801 1500">
     <span class='ocr_line' id='line_1_27' title="bbox 2230 1426 3801 1500; baseline 0.004 -21"><span class='ocrx_word' id='word_1_179' title='bbox 2230 1439 2323 1495; x_wconf 87' lang='lat' dir='ltr'><strong>per</strong></span> <span class='ocrx_word' id='word_1_180' title='bbox 2344 1426 2510 1481; x_wconf 72' lang='lat' dir='ltr'><strong>beatae</strong></span> <span class='ocrx_word' id='word_1_181' title='bbox 2540 1430 2813 1483; x_wconf 76' lang='lat' dir='ltr'><strong>memoria:</strong></span> <span class='ocrx_word' id='word_1_182' title='bbox 2840 1439 3078 1484; x_wconf 88' lang='lat' dir='ltr'><strong>sanctum</strong></span> <span class='ocrx_word' id='word_1_183' title='bbox 3107 1431 3357 1497; x_wconf 91' lang='lat' dir='ltr'><strong>Leonem,</strong></span> <span class='ocrx_word' id='word_1_184' title='bbox 3385 1442 3440 1486; x_wconf 89' lang='lat' dir='ltr'><strong>et</strong></span> <span class='ocrx_word' id='word_1_185' title='bbox 3468 1445 3562 1500; x_wconf 88' lang='lat' dir='ltr'><strong>per</strong></span> <span class='ocrx_word' id='word_1_186' title='bbox 3585 1446 3801 1486; x_wconf 83' lang='lat' dir='ltr'><strong>succes-</strong></span> 
     </span>
    </p>
   </div>
   <div class='ocr_carea' id='block_1_28' title="bbox 2228 1520 3803 1592">
    <p class='ocr_par' dir='ltr' id='par_1_28' title="bbox 2228 1520 3803 1592">
     <span class='ocr_line' id='line_1_28' title="bbox 2228 1520 3803 1592; baseline 0.004 -20"><span class='ocrx_word' id='word_1_187' title='bbox 2228 1533 2379 1573; x_wconf 89' lang='lat' dir='ltr'><strong>sores</strong></span> <span class='ocrx_word' id='word_1_188' title='bbox 2399 1520 2514 1589; x_wconf 82' lang='lat' dir='ltr'><strong>ejus</strong></span> <span class='ocrx_word' id='word_1_189' title='bbox 2540 1532 2745 1576; x_wconf 92' lang='lat' dir='ltr'><strong>certum</strong></span> <span class='ocrx_word' id='word_1_190' title='bbox 2773 1533 2885 1589; x_wconf 91' lang='lat' dir='ltr'><strong>est,</strong></span> <span class='ocrx_word' id='word_1_191' title='bbox 2916 1525 3131 1579; x_wconf 73' lang='lat' dir='ltr'><strong>Gratcos</strong></span> <span class='ocrx_word' id='word_1_192' title='bbox 3156 1522 3320 1580; x_wconf 83' lang='lat' dir='ltr'><strong>fuisse</strong></span> <span class='ocrx_word' id='word_1_193' title='bbox 3342 1524 3633 1592; x_wconf 88' lang='lat' dir='ltr'><strong>convictos,</strong></span> <span class='ocrx_word' id='word_1_194' title='bbox 3663 1526 3803 1580; x_wconf 85' lang='lat' dir='ltr'><strong>sicut</strong></span> 
     </span>
    </p>
   </div>
   <div class='ocr_carea' id='block_1_29' title="bbox 2229 1612 3801 1685">
    <p class='ocr_par' dir='ltr' id='par_1_29' title="bbox 2229 1612 3801 1685">
     <span class='ocr_line' id='line_1_29' title="bbox 2229 1612 3801 1685; baseline 0.004 -20"><span class='ocrx_word' id='word_1_195' title='bbox 2229 1612 2462 1678; x_wconf 74' lang='lat' dir='ltr'><strong>ipsorum</strong></span> <span class='ocrx_word' id='word_1_196' title='bbox 2492 1614 2690 1669; x_wconf 88' lang='lat' dir='ltr'><strong>chartis</strong></span> <span class='ocrx_word' id='word_1_197' title='bbox 2718 1630 2849 1685; x_wconf 90' lang='lat' dir='ltr'><strong>quas</strong></span> <span class='ocrx_word' id='word_1_198' title='bbox 2877 1617 3015 1685; x_wconf 89' lang='lat' dir='ltr'><strong>apud</strong></span> <span class='ocrx_word' id='word_1_199' title='bbox 3048 1630 3144 1670; x_wconf 90' lang='lat' dir='ltr'><strong>nos</strong></span> <span class='ocrx_word' id='word_1_200' title='bbox 3173 1617 3450 1683; x_wconf 81' lang='lat' dir='ltr'><strong>habemus,</strong></span> <span class='ocrx_word' id='word_1_201' title='bbox 3480 1617 3595 1673; x_wconf 91' lang='lat' dir='ltr'><strong>sine</strong></span> <span class='ocrx_word' id='word_1_202' title='bbox 3624 1618 3801 1671; x_wconf 81' lang='lat' dir='ltr'><strong>ambi-</strong></span> 
     </span>
    </p>
   </div>
   <div class='ocr_carea' id='block_1_30' title="bbox 2227 1703 3801 1777">
    <p class='ocr_par' dir='ltr' id='par_1_30' title="bbox 2227 1703 3801 1777">
     <span class='ocr_line' id='line_1_30' title="bbox 2227 1703 3801 1777; baseline 0.003 -21"><span class='ocrx_word' id='word_1_203' title='bbox 2227 1703 2427 1771; x_wconf 88' lang='lat' dir='ltr'><strong>guitate</strong></span> <span class='ocrx_word' id='word_1_204' title='bbox 2457 1713 2799 1760; x_wconf 86' lang='lat' dir='ltr'><strong>monstratur.</strong></span> <span class='ocrx_word' id='word_1_205' title='bbox 2842 1705 2990 1761; x_wconf 78' lang='lat' dir='ltr'><strong>Nune</strong></span> <span class='ocrx_word' id='word_1_206' title='bbox 3016 1721 3142 1760; x_wconf 89' lang='lat' dir='ltr'><strong>vero</strong></span> <span class='ocrx_word' id='word_1_207' title='bbox 3166 1708 3406 1777; x_wconf 77' lang='lat' dir='ltr'><strong>quamvis</strong></span> <span class='ocrx_word' id='word_1_208' title='bbox 3433 1708 3605 1776; x_wconf 87' lang='lat' dir='ltr'><strong>ipsam</strong></span> <span class='ocrx_word' id='word_1_209' title='bbox 3632 1708 3801 1776; x_wconf 86' lang='lat' dir='ltr'><strong>pesti-</strong></span> 
     </span>
    </p>
   </div>
   <div class='ocr_carea' id='block_1_31' title="bbox 2230 1793 3801 1867">
    <p class='ocr_par' dir='ltr' id='par_1_31' title="bbox 2230 1793 3801 1867">
     <span class='ocr_line' id='line_1_31' title="bbox 2230 1793 3801 1867; baseline 0.004 -21"><span class='ocrx_word' id='word_1_210' title='bbox 2230 1793 2447 1847; x_wconf 75' lang='lat' dir='ltr'><strong>lentiam</strong></span> <span class='ocrx_word' id='word_1_211' title='bbox 2480 1809 2583 1849; x_wconf 91' lang='lat' dir='ltr'><strong>non</strong></span> <span class='ocrx_word' id='word_1_212' title='bbox 2614 1796 2844 1852; x_wconf 85' lang='lat' dir='ltr'><strong>audeant</strong></span> <span class='ocrx_word' id='word_1_213' title='bbox 2874 1797 3138 1866; x_wconf 89' lang='lat' dir='ltr'><strong>proﬁteri,</strong></span> <span class='ocrx_word' id='word_1_214' title='bbox 3162 1812 3256 1852; x_wconf 87' lang='lat' dir='ltr'><strong>eos</strong></span> <span class='ocrx_word' id='word_1_215' title='bbox 3282 1807 3456 1852; x_wconf 86' lang='lat' dir='ltr'><strong>tamen</strong></span> <span class='ocrx_word' id='word_1_216' title='bbox 3486 1797 3574 1867; x_wconf 89' lang='lat' dir='ltr'><strong>qui</strong></span> <span class='ocrx_word' id='word_1_217' title='bbox 3606 1798 3801 1853; x_wconf 81' lang='lat' dir='ltr'><strong>talibus</strong></span> 
     </span>
    </p>
   </div>
   <div class='ocr_carea' id='block_1_32' title="bbox 549 1869 2119 1961">
    <p class='ocr_par' dir='ltr' id='par_1_32' title="bbox 549 1869 2119 1961">
     <span class='ocr_line' id='line_1_32' title="bbox 549 1869 2119 1961; baseline 0.01 -27"><span class='ocrx_word' id='word_1_218' title='bbox 549 1883 669 1937; x_wconf 91' lang='lat' dir='ltr'><strong>liter</strong></span> <span class='ocrx_word' id='word_1_219' title='bbox 698 1883 923 1939; x_wconf 87' lang='lat' dir='ltr'><strong>invicem</strong></span> <span class='ocrx_word' id='word_1_220' title='bbox 957 1885 1274 1949; x_wconf 89' lang='lat' dir='ltr'><strong>valeremus,</strong></span> <span class='ocrx_word' id='word_1_221' title='bbox 1307 1897 1519 1943; x_wconf 91' lang='lat' dir='ltr'><strong>mutuus</strong></span> <span class='ocrx_word' id='word_1_222' title='bbox 1545 1903 1723 1944; x_wconf 89' lang='lat' dir='ltr'><strong>sermo</strong></span> <span class='ocrx_word' id='word_1_223' title='bbox 1748 1869 2119 1961; x_wconf 72' lang='lat' dir='ltr'><strong>depromeret;</strong></span> 
     </span>
    </p>
   </div>
   <div class='ocr_carea' id='block_1_33' title="bbox 2225 1869 3794 1961">
    <p class='ocr_par' dir='ltr' id='par_1_33' title="bbox 2226 1884 3794 1958">
     <span class='ocr_line' id='line_1_33' title="bbox 2226 1884 3794 1958; baseline 0.001 -19"><span class='ocrx_word' id='word_1_224' title='bbox 2226 1884 2774 1953; x_wconf 87' lang='lat' dir='ltr'><strong>contmunieaverint,</strong></span> <span class='ocrx_word' id='word_1_225' title='bbox 2821 1888 3116 1958; x_wconf 88' lang='lat' dir='ltr'><strong>meritoque</strong></span> <span class='ocrx_word' id='word_1_226' title='bbox 3163 1887 3455 1943; x_wconf 87' lang='lat' dir='ltr'><strong>secundum</strong></span> <span class='ocrx_word' id='word_1_227' title='bbox 3504 1888 3794 1944; x_wconf 64' lang='lat' dir='ltr'><strong>Chaiccdo-</strong></span> 
     </span>
    </p>
   </div>
   <div class='ocr_carea' id='block_1_34' title="bbox 548 1974 2125 2046">
    <p class='ocr_par' dir='ltr' id='par_1_34' title="bbox 548 1974 2125 2046">
     <span class='ocr_line' id='line_1_34' title="bbox 548 1974 2125 2046; baseline 0.009 -20"><span class='ocrx_word' id='word_1_228' title='bbox 548 1982 819 2038; x_wconf 91' lang='lat' dir='ltr'><strong>postremo</strong></span> <span class='ocrx_word' id='word_1_229' title='bbox 839 1974 883 2030; x_wconf 89' lang='lat' dir='ltr'><strong>si</strong></span> <span class='ocrx_word' id='word_1_230' title='bbox 911 1990 1013 2046; x_wconf 88' lang='lat' dir='ltr'><strong>qua</strong></span> <span class='ocrx_word' id='word_1_231' title='bbox 1040 1977 1106 2032; x_wconf 90' lang='lat' dir='ltr'><strong>de</strong></span> <span class='ocrx_word' id='word_1_232' title='bbox 1135 1978 1509 2032; x_wconf 83' lang='lat' dir='ltr'><strong>ecclesiasticis</strong></span> <span class='ocrx_word' id='word_1_233' title='bbox 1539 1980 1818 2037; x_wconf 87' lang='lat' dir='ltr'><strong>referenda</strong></span> <span class='ocrx_word' id='word_1_234' title='bbox 1845 1995 1970 2039; x_wconf 89' lang='lat' dir='ltr'><strong>sunt</strong></span> <span class='ocrx_word' id='word_1_235' title='bbox 1994 2001 2125 2041; x_wconf 84' lang='lat' dir='ltr'><strong>cau-</strong></span> 
     </span>
    </p>
   </div>
   <div class='ocr_carea' id='block_1_35' title="bbox 547 2064 2126 2143">
    <p class='ocr_par' dir='ltr' id='par_1_35' title="bbox 547 2064 2126 2143">
     <span class='ocr_line' id='line_1_35' title="bbox 547 2064 2126 2143; baseline 0.009 -28"><span class='ocrx_word' id='word_1_236' title='bbox 547 2064 623 2116; x_wconf 87' lang='lat' dir='ltr'><strong>sis</strong></span> <span class='ocrx_word' id='word_1_237' title='bbox 647 2101 661 2125; x_wconf 93' lang='lat'><strong>,</strong></span> <span class='ocrx_word' id='word_1_238' title='bbox 701 2080 819 2134; x_wconf 85' lang='lat' dir='ltr'><strong>quae</strong></span> <span class='ocrx_word' id='word_1_239' title='bbox 860 2075 1079 2134; x_wconf 86' lang='lat' dir='ltr'><strong>propter</strong></span> <span class='ocrx_word' id='word_1_240' title='bbox 1108 2068 1325 2120; x_wconf 88' lang='lat' dir='ltr'><strong>insidias</strong></span> <span class='ocrx_word' id='word_1_241' title='bbox 1356 2070 1593 2137; x_wconf 86' lang='lat' dir='ltr'><strong>perpetui</strong></span> <span class='ocrx_word' id='word_1_242' title='bbox 1625 2070 1793 2126; x_wconf 87' lang='lat' dir='ltr'><strong>hostis</strong></span> <span class='ocrx_word' id='word_1_243' title='bbox 1816 2113 1832 2138; x_wconf 94' lang='lat'><strong>,</strong></span> <span class='ocrx_word' id='word_1_244' title='bbox 1874 2076 2126 2143; x_wconf 83' lang='lat' dir='ltr'><strong>pastorali</strong></span> 
     </span>
    </p>
   </div>
   <div class='ocr_carea' id='block_1_36' title="bbox 548 2157 2128 2233">
    <p class='ocr_par' dir='ltr' id='par_1_36' title="bbox 548 2157 2128 2233">
     <span class='ocr_line' id='line_1_36' title="bbox 548 2157 2128 2233; baseline 0.009 -25"><span class='ocrx_word' id='word_1_245' title='bbox 548 2165 673 2210; x_wconf 88' lang='lat' dir='ltr'><strong>sunt</strong></span> <span class='ocrx_word' id='word_1_246' title='bbox 697 2157 895 2227; x_wconf 85' lang='lat' dir='ltr'><strong>jugiter</strong></span> <span class='ocrx_word' id='word_1_247' title='bbox 924 2158 1398 2229; x_wconf 83' lang='lat' dir='ltr'><strong>circumspicienda</strong></span> <span class='ocrx_word' id='word_1_248' title='bbox 1437 2163 1704 2230; x_wconf 80' lang='lat' dir='ltr'><strong>vigilantia</strong></span> <span class='ocrx_word' id='word_1_249' title='bbox 1731 2203 1746 2229; x_wconf 97' lang='lat'><strong>,</strong></span> <span class='ocrx_word' id='word_1_250' title='bbox 1786 2165 2128 2233; x_wconf 84' lang='lat' dir='ltr'><strong>signiﬁcatio-</strong></span> 
     </span>
    </p>
   </div>
   <div class='ocr_carea' id='block_1_37' title="bbox 548 2248 2125 2326">
    <p class='ocr_par' dir='ltr' id='par_1_37' title="bbox 548 2248 2125 2326">
     <span class='ocr_line' id='line_1_37' title="bbox 548 2248 2125 2326; baseline 0.01 -25"><span class='ocrx_word' id='word_1_251' title='bbox 548 2248 706 2303; x_wconf 88' lang='lat' dir='ltr'><strong>nibus</strong></span> <span class='ocrx_word' id='word_1_252' title='bbox 733 2250 1085 2319; x_wconf 85' lang='lat' dir='ltr'><strong>panderemus</strong></span> <span class='ocrx_word' id='word_1_253' title='bbox 1105 2251 1343 2307; x_wconf 85' lang='lat' dir='ltr'><strong>alternis.</strong></span> <span class='ocrx_word' id='word_1_254' title='bbox 1369 2251 1462 2307; x_wconf 88' lang='lat' dir='ltr'><strong>His</strong></span> <span class='ocrx_word' id='word_1_255' title='bbox 1492 2253 1650 2322; x_wconf 86' lang='lat' dir='ltr'><strong>igitur</strong></span> <span class='ocrx_word' id='word_1_256' title='bbox 1676 2254 1878 2311; x_wconf 88' lang='lat' dir='ltr'><strong>incitati</strong></span> <span class='ocrx_word' id='word_1_257' title='bbox 1902 2272 1995 2326; x_wconf 90' lang='lat' dir='ltr'><strong>per</strong></span> <span class='ocrx_word' id='word_1_258' title='bbox 2019 2258 2125 2315; x_wconf 88' lang='lat' dir='ltr'><strong>fra-</strong></span> 
     </span>
    </p>
   </div>
   <div class='ocr_carea' id='block_1_38' title="bbox 551 2342 2127 2421">
    <p class='ocr_par' dir='ltr' id='par_1_38' title="bbox 551 2342 2127 2421">
     <span class='ocr_line' id='line_1_38' title="bbox 551 2342 2127 2421; baseline 0.01 -29"><span class='ocrx_word' id='word_1_259' title='bbox 551 2350 684 2393; x_wconf 92' lang='lat' dir='ltr'><strong>trem</strong></span> <span class='ocrx_word' id='word_1_260' title='bbox 721 2351 775 2396; x_wconf 84' lang='grc' dir='ltr'><strong>ει</strong></span> <span class='ocrx_word' id='word_1_261' title='bbox 803 2342 1177 2412; x_wconf 89' lang='lat' dir='ltr'><strong>coepiscopum</strong></span> <span class='ocrx_word' id='word_1_262' title='bbox 1214 2354 1452 2400; x_wconf 90' lang='lat' dir='ltr'><strong>nostrum</strong></span> <span class='ocrx_word' id='word_1_263' title='bbox 1499 2345 1800 2404; x_wconf 87' lang='lat' dir='ltr'><strong>Ursicinum</strong></span> <span class='ocrx_word' id='word_1_264' title='bbox 1844 2354 2127 2421; x_wconf 70' lang='lat' dir='ltr'><strong>prmsentia</strong></span> 
     </span>
    </p>
   </div>
   <div class='ocr_carea' id='block_1_39' title="bbox 547 2433 2128 2513">
    <p class='ocr_par' dir='ltr' id='par_1_39' title="bbox 547 2433 2128 2513">
     <span class='ocr_line' id='line_1_39' title="bbox 547 2433 2128 2513; baseline 0.011 -28"><span class='ocrx_word' id='word_1_265' title='bbox 547 2433 779 2503; x_wconf 80' lang='lat' dir='ltr'><strong>dirigere</strong></span> <span class='ocrx_word' id='word_1_266' title='bbox 806 2436 1001 2505; x_wconf 88' lang='lat' dir='ltr'><strong>scripta</strong></span> <span class='ocrx_word' id='word_1_267' title='bbox 1038 2437 1374 2507; x_wconf 86' lang='lat' dir='ltr'><strong>curavimus,</strong></span> <span class='ocrx_word' id='word_1_268' title='bbox 1421 2452 1693 2509; x_wconf 63' lang='lat' dir='ltr'><strong>praeeunte</strong></span> <span class='ocrx_word' id='word_1_269' title='bbox 1725 2445 1890 2513; x_wconf 89' lang='lat' dir='ltr'><strong>gratia</strong></span> <span class='ocrx_word' id='word_1_270' title='bbox 1930 2447 2128 2502; x_wconf 89' lang='lat' dir='ltr'><strong>saluta-</strong></span> 
     </span>
    </p>
   </div>
   <div class='ocr_carea' id='block_1_40' title="bbox 548 2524 2126 2600">
    <p class='ocr_par' dir='ltr' id='par_1_40' title="bbox 548 2524 2126 2600">
     <span class='ocr_line' id='line_1_40' title="bbox 548 2524 2126 2600; baseline 0.01 -22"><span class='ocrx_word' id='word_1_271' title='bbox 548 2524 738 2590; x_wconf 88' lang='lat' dir='ltr'><strong>tionis,</strong></span> <span class='ocrx_word' id='word_1_272' title='bbox 770 2536 985 2584; x_wconf 89' lang='lat' dir='ltr'><strong>orantes</strong></span> <span class='ocrx_word' id='word_1_273' title='bbox 1012 2536 1069 2584; x_wconf 86' lang='grc' dir='ltr'><strong>ιιι</strong></span> <span class='ocrx_word' id='word_1_274' title='bbox 1096 2530 1504 2600; x_wconf 88' lang='lat' dir='ltr'><strong>magnanimiter</strong></span> <span class='ocrx_word' id='word_1_275' title='bbox 1529 2534 1726 2588; x_wconf 75' lang='lat' dir='ltr'><strong>auxilzo</strong></span> <span class='ocrx_word' id='word_1_276' title='bbox 1757 2534 1962 2590; x_wconf 90' lang='lat' dir='ltr'><strong>Domini</strong></span> <span class='ocrx_word' id='word_1_277' title='bbox 1992 2538 2126 2595; x_wconf 83' lang='lat' dir='ltr'><strong>tole-</strong></span> 
     </span>
    </p>
   </div>
   <div class='ocr_carea' id='block_1_41' title="bbox 547 2616 2127 2698">
    <p class='ocr_par' dir='ltr' id='par_1_41' title="bbox 547 2616 2127 2698">
     <span class='ocr_line' id='line_1_41' title="bbox 547 2616 2127 2698; baseline 0.009 -28"><span class='ocrx_word' id='word_1_278' title='bbox 547 2616 715 2673; x_wconf 89' lang='lat' dir='ltr'><strong>rando</strong></span> <span class='ocrx_word' id='word_1_279' title='bbox 757 2633 933 2673; x_wconf 91' lang='lat' dir='ltr'><strong>rerum</strong></span> <span class='ocrx_word' id='word_1_280' title='bbox 976 2622 1363 2676; x_wconf 84' lang='lat' dir='ltr'><strong>transeuntium</strong></span> <span class='ocrx_word' id='word_1_281' title='bbox 1409 2624 1753 2693; x_wconf 88' lang='lat' dir='ltr'><strong>vastitatem,</strong></span> <span class='ocrx_word' id='word_1_282' title='bbox 1798 2627 1968 2698; x_wconf 86' lang='lat' dir='ltr'><strong>magis</strong></span> <span class='ocrx_word' id='word_1_283' title='bbox 2005 2620 2127 2691; x_wconf 85' lang='lat' dir='ltr'><strong>esse</strong></span> 
     </span>
    </p>
   </div>
   <div class='ocr_carea' id='block_1_42' title="bbox 545 2708 2125 2787">
    <p class='ocr_par' dir='ltr' id='par_1_42' title="bbox 545 2708 2125 2787">
     <span class='ocr_line' id='line_1_42' title="bbox 545 2708 2125 2787; baseline 0.008 -23"><span class='ocrx_word' id='word_1_284' title='bbox 545 2708 833 2766; x_wconf 83' lang='lat' dir='ltr'><strong>debeamus</strong></span> <span class='ocrx_word' id='word_1_285' title='bbox 863 2713 1085 2778; x_wconf 88' lang='lat' dir='ltr'><strong>attenti,</strong></span> <span class='ocrx_word' id='word_1_286' title='bbox 1130 2728 1197 2768; x_wconf 91' lang='lat' dir='ltr'><strong>ne</strong></span> <span class='ocrx_word' id='word_1_287' title='bbox 1216 2754 1231 2780; x_wconf 95' lang='lat'><strong>,</strong></span> <span class='ocrx_word' id='word_1_288' title='bbox 1262 2716 1402 2783; x_wconf 90' lang='lat' dir='ltr'><strong>quod</strong></span> <span class='ocrx_word' id='word_1_289' title='bbox 1433 2716 1613 2785; x_wconf 76' lang='lat' dir='ltr'><strong>absit,</strong></span> <span class='ocrx_word' id='word_1_290' title='bbox 1640 2730 1908 2787; x_wconf 64' lang='lat' dir='ltr'><strong>perpetuae</strong></span> <span class='ocrx_word' id='word_1_291' title='bbox 1935 2720 2125 2776; x_wconf 87' lang='lat' dir='ltr'><strong>subea-</strong></span> 
     </span>
    </p>
   </div>
   <div class='ocr_carea' id='block_1_43' title="bbox 545 2802 2127 2877">
    <p class='ocr_par' dir='ltr' id='par_1_43' title="bbox 545 2802 2127 2877">
     <span class='ocr_line' id='line_1_43' title="bbox 545 2802 2127 2877; baseline 0.009 -23"><span class='ocrx_word' id='word_1_292' title='bbox 545 2816 663 2855; x_wconf 91' lang='lat' dir='ltr'><strong>mus</strong></span> <span class='ocrx_word' id='word_1_293' title='bbox 694 2802 814 2857; x_wconf 82' lang='lat' dir='ltr'><strong>vitae</strong></span> <span class='ocrx_word' id='word_1_294' title='bbox 843 2802 1198 2874; x_wconf 87' lang='lat' dir='ltr'><strong>dispendium.</strong></span> <span class='ocrx_word' id='word_1_295' title='bbox 1228 2804 1564 2877; x_wconf 84' lang='lat' dir='ltr'><strong>Proindcque</strong></span> <span class='ocrx_word' id='word_1_296' title='bbox 1592 2808 1868 2865; x_wconf 74' lang='lat' dir='ltr'><strong>catholicae</strong></span> <span class='ocrx_word' id='word_1_297' title='bbox 1890 2813 2127 2869; x_wconf 81' lang='lat' dir='ltr'><strong>veritatis</strong></span> 
     </span>
    </p>
   </div>
   <div class='ocr_carea' id='block_1_44' title="bbox 545 2892 2128 2973">
    <p class='ocr_par' dir='ltr' id='par_1_44' title="bbox 545 2892 2128 2973">
     <span class='ocr_line' id='line_1_44' title="bbox 545 2892 2128 2973; baseline 0.01 -30"><span class='ocrx_word' id='word_1_298' title='bbox 545 2893 715 2961; x_wconf 87' lang='lat' dir='ltr'><strong>poscit</strong></span> <span class='ocrx_word' id='word_1_299' title='bbox 744 2895 941 2949; x_wconf 87' lang='lat' dir='ltr'><strong>utilitas</strong></span> <span class='ocrx_word' id='word_1_300' title='bbox 972 2895 1318 2965; x_wconf 76' lang='lat' dir='ltr'><strong>przecavenda</strong></span> <span class='ocrx_word' id='word_1_301' title='bbox 1344 2938 1360 2963; x_wconf 96' lang='lat'><strong>,</strong></span> <span class='ocrx_word' id='word_1_302' title='bbox 1392 2898 1607 2953; x_wconf 88' lang='lat' dir='ltr'><strong>dilectio</strong></span> <span class='ocrx_word' id='word_1_303' title='bbox 1638 2892 1814 2955; x_wconf 82' lang='lat' dir='ltr'><strong>vestra</strong></span> <span class='ocrx_word' id='word_1_304' title='bbox 1855 2902 2128 2973; x_wconf 74' lang='lat' dir='ltr'><strong>paulisper</strong></span> 
     </span>
    </p>
   </div>
   <div class='ocr_carea' id='block_1_45' title="bbox 545 2983 2126 3059">
    <p class='ocr_par' dir='ltr' id='par_1_45' title="bbox 545 2983 2126 3059">
     <span class='ocr_line' id='line_1_45' title="bbox 545 2983 2126 3059; baseline 0.009 -24"><span class='ocrx_word' id='word_1_305' title='bbox 545 2983 802 3040; x_wconf 85' lang='lat' dir='ltr'><strong>advertat.</strong></span> <span class='ocrx_word' id='word_1_306' title='bbox 855 2984 1008 3054; x_wconf 75' lang='lat' dir='ltr'><strong>Apud</strong></span> <span class='ocrx_word' id='word_1_307' title='bbox 1065 2986 1326 3052; x_wconf 71' lang='lat' dir='ltr'><strong>Grtscos,</strong></span> <span class='ocrx_word' id='word_1_308' title='bbox 1375 2988 1564 3059; x_wconf 87' lang='lat' dir='ltr'><strong>quibus</strong></span> <span class='ocrx_word' id='word_1_309' title='bbox 1633 2992 1828 3047; x_wconf 89' lang='lat' dir='ltr'><strong>multas</strong></span> <span class='ocrx_word' id='word_1_310' title='bbox 1894 2992 2126 3049; x_wconf 77' lang='lat' dir='ltr'><strong>hrereses</strong></span> 
     </span>
    </p>
   </div>
   <div class='ocr_carea' id='block_1_46' title="bbox 546 3075 2125 3155">
    <p class='ocr_par' dir='ltr' id='par_1_46' title="bbox 546 3075 2125 3155">
     <span class='ocr_line' id='line_1_46' title="bbox 546 3075 2125 3155; baseline 0.009 -28"><span class='ocrx_word' id='word_1_311' title='bbox 546 3075 818 3133; x_wconf 84' lang='lat' dir='ltr'><strong>abundare</strong></span> <span class='ocrx_word' id='word_1_312' title='bbox 848 3092 956 3132; x_wconf 88' lang='lat' dir='ltr'><strong>non</strong></span> <span class='ocrx_word' id='word_1_313' title='bbox 985 3077 1202 3133; x_wconf 90' lang='lat' dir='ltr'><strong>dubium</strong></span> <span class='ocrx_word' id='word_1_314' title='bbox 1231 3089 1342 3145; x_wconf 71' lang='lat' dir='ltr'><strong>est,</strong></span> <span class='ocrx_word' id='word_1_315' title='bbox 1369 3082 1477 3150; x_wconf 91' lang='lat' dir='ltr'><strong>jam</strong></span> <span class='ocrx_word' id='word_1_316' title='bbox 1515 3091 1639 3138; x_wconf 84' lang='lat' dir='ltr'><strong>ante</strong></span> <span class='ocrx_word' id='word_1_317' title='bbox 1663 3099 1833 3139; x_wconf 83' lang='lat' dir='ltr'><strong>annos</strong></span> <span class='ocrx_word' id='word_1_318' title='bbox 1858 3083 1969 3141; x_wconf 86' lang='lat' dir='ltr'><strong>fere</strong></span> <span class='ocrx_word' id='word_1_319' title='bbox 1997 3100 2125 3155; x_wconf 89' lang='lat' dir='ltr'><strong>qua-</strong></span> 
     </span>
    </p>
   </div>
   <div class='ocr_carea' id='block_1_47' title="bbox 551 3167 2125 3242">
    <p class='ocr_par' dir='ltr' id='par_1_47' title="bbox 551 3167 2125 3242">
     <span class='ocr_line' id='line_1_47' title="bbox 551 3167 2125 3242; baseline 0.009 -22"><span class='ocrx_word' id='word_1_320' title='bbox 551 3167 790 3238; x_wconf 87' lang='lat' dir='ltr'><strong>draginta</strong></span> <span class='ocrx_word' id='word_1_321' title='bbox 822 3181 874 3224; x_wconf 89' lang='lat' dir='ltr'><strong>et</strong></span> <span class='ocrx_word' id='word_1_322' title='bbox 899 3172 1136 3242; x_wconf 89' lang='lat' dir='ltr'><strong>qttinqne</strong></span> <span class='ocrx_word' id='word_1_323' title='bbox 1152 3173 1218 3225; x_wconf 86' lang='lat' dir='ltr'><strong>de</strong></span> <span class='ocrx_word' id='word_1_324' title='bbox 1246 3172 1454 3229; x_wconf 87' lang='lat' dir='ltr'><strong>Domini</strong></span> <span class='ocrx_word' id='word_1_325' title='bbox 1477 3176 1640 3230; x_wconf 89' lang='lat' dir='ltr'><strong>nostri</strong></span> <span class='ocrx_word' id='word_1_326' title='bbox 1662 3176 2017 3232; x_wconf 86' lang='lat' dir='ltr'><strong>etSalvatoris</strong></span> <span class='ocrx_word' id='word_1_327' title='bbox 2045 3180 2125 3233; x_wconf 82' lang='lat' dir='ltr'><strong>in-</strong></span> 
     </span>
    </p>
   </div>
   <div class='ocr_carea' id='block_1_48' title="bbox 545 3261 1541 3334">
    <p class='ocr_par' dir='ltr' id='par_1_48' title="bbox 545 3261 1541 3334">
     <span class='ocr_line' id='line_1_48' title="bbox 545 3261 1541 3334; baseline 0.01 -24"><span class='ocrx_word' id='word_1_328' title='bbox 545 3261 803 3312; x_wconf 70' lang='lat' dir='ltr'><strong>carnalioi</strong></span> <span class='ocrx_word' id='word_1_329' title='bbox 828 3275 858 3315; x_wconf 92' lang='lat' dir='ltr'><strong>c</strong></span> <span class='ocrx_word' id='word_1_330' title='bbox 889 3271 1009 3315; x_wconf 90' lang='lat' dir='ltr'><strong>nata</strong></span> <span class='ocrx_word' id='word_1_331' title='bbox 1039 3264 1369 3334; x_wconf 70' lang='lat' dir='ltr'><strong>conqumstio</strong></span> <span class='ocrx_word' id='word_1_332' title='bbox 1391 3276 1475 3320; x_wconf 81' lang='lat' dir='ltr'><strong>est</strong></span> <span class='ocrx_word' id='word_1_333' title='bbox 1530 3284 1541 3319; x_wconf 93' lang='lat'>:</span> 
     </span>
    </p>
   </div>
   <div class='ocr_carea' id='block_1_49' title="bbox 508 3345 2123 3428">
    <p class='ocr_par' dir='ltr' id='par_1_49' title="bbox 508 3345 2123 3428">
     <span class='ocr_line' id='line_1_49' title="bbox 508 3345 2123 3428; baseline 0.006 -25"><span class='ocrx_word' id='word_1_334' title='bbox 508 3345 514 3349; x_wconf 77' lang='grc'><em>’</em></span> <span class='ocrx_word' id='word_1_335' title='bbox 545 3350 854 3422; x_wconf 76' lang='lat' dir='ltr'><strong>presbytero</strong></span> <span class='ocrx_word' id='word_1_336' title='bbox 890 3352 1481 3428; x_wconf 83' lang='lat' dir='ltr'><strong>Constantinopolitano</strong></span> <span class='ocrx_word' id='word_1_337' title='bbox 1512 3356 1562 3412; x_wconf 92' lang='lat' dir='ltr'><strong>in</strong></span> <span class='ocrx_word' id='word_1_338' title='bbox 1609 3357 1968 3426; x_wconf 76' lang='lat' dir='ltr'><strong>blaSpliemias</strong></span> <span class='ocrx_word' id='word_1_339' title='bbox 2003 3374 2123 3427; x_wconf 90' lang='lat' dir='ltr'><strong>pro-</strong></span> 
     </span>
    </p>
   </div>
   <div class='ocr_carea' id='block_1_50' title="bbox 545 3446 2117 3517">
    <p class='ocr_par' dir='ltr' id='par_1_50' title="bbox 545 3446 2117 3517">
     <span class='ocr_line' id='line_1_50' title="bbox 545 3446 2117 3517; baseline 0.006 -22"><span class='ocrx_word' id='word_1_340' title='bbox 545 3450 767 3510; x_wconf 79' lang='lat' dir='ltr'><strong>rncnte,</strong></span> <span class='ocrx_word' id='word_1_341' title='bbox 798 3458 890 3514; x_wconf 78' lang='lat' dir='ltr'><strong>per</strong></span> <span class='ocrx_word' id='word_1_342' title='bbox 919 3459 1049 3516; x_wconf 89' lang='lat' dir='ltr'><strong>quas</strong></span> <span class='ocrx_word' id='word_1_343' title='bbox 1085 3446 1287 3502; x_wconf 87' lang='lat' dir='ltr'><strong>diceret</strong></span> <span class='ocrx_word' id='word_1_344' title='bbox 1316 3462 1471 3501; x_wconf 92' lang='lat' dir='ltr'><strong>unam</strong></span> <span class='ocrx_word' id='word_1_345' title='bbox 1505 3449 1898 3517; x_wconf 86' lang='lat' dir='ltr'><strong>tantummodo,</strong></span> <span class='ocrx_word' id='word_1_346' title='bbox 1938 3451 1986 3504; x_wconf 90' lang='lat' dir='ltr'><strong>id</strong></span> <span class='ocrx_word' id='word_1_347' title='bbox 2018 3462 2117 3517; x_wconf 88' lang='lat' dir='ltr'><strong>est,</strong></span> 
     </span>
    </p>
   </div>
   <div class='ocr_carea' id='block_1_51' title="bbox 544 3534 2122 3603">
    <p class='ocr_par' dir='ltr' id='par_1_51' title="bbox 544 3534 2122 3603">
     <span class='ocr_line' id='line_1_51' title="bbox 544 3534 2122 3603; baseline 0.004 -15"><span class='ocrx_word' id='word_1_348' title='bbox 544 3534 712 3589; x_wconf 86' lang='lat' dir='ltr'><strong>solam</strong></span> <span class='ocrx_word' id='word_1_349' title='bbox 747 3536 1047 3591; x_wconf 88' lang='lat' dir='ltr'><strong>Divinitatis</strong></span> <span class='ocrx_word' id='word_1_350' title='bbox 1076 3547 1349 3603; x_wconf 86' lang='lat' dir='ltr'><strong>naturam,</strong></span> <span class='ocrx_word' id='word_1_351' title='bbox 1382 3539 1495 3594; x_wconf 83' lang='lat' dir='ltr'><strong>sive</strong></span> <span class='ocrx_word' id='word_1_352' title='bbox 1540 3540 1891 3595; x_wconf 78' lang='lat' dir='ltr'><strong>substantiam</strong></span> <span class='ocrx_word' id='word_1_353' title='bbox 1938 3543 1987 3594; x_wconf 89' lang='lat' dir='ltr'><strong>in</strong></span> <span class='ocrx_word' id='word_1_354' title='bbox 2021 3543 2062 3595; x_wconf 83' lang='grc' dir='ltr'><strong>ἰ)</strong></span> <span class='ocrx_word' id='word_1_355' title='bbox 2099 3572 2122 3583; x_wconf 90' lang='grc'><strong><em>-</em></strong></span> 
     </span>
    </p>
   </div>
   <div class='ocr_carea' id='block_1_52' title="bbox 502 3625 2123 3703">
    <p class='ocr_par' dir='ltr' id='par_1_52' title="bbox 502 3625 2123 3703">
     <span class='ocr_line' id='line_1_52' title="bbox 502 3625 2123 3703; baseline 0.005 -25"><span class='ocrx_word' id='word_1_356' title='bbox 502 3700 503 3703; x_wconf 13' lang='grc' dir='ltr'><strong>η</strong></span> <span class='ocrx_word' id='word_1_357' title='bbox 545 3626 689 3680; x_wconf 90' lang='lat' dir='ltr'><strong>mino</strong></span> <span class='ocrx_word' id='word_1_358' title='bbox 713 3625 836 3682; x_wconf 82' lang='lat' dir='ltr'><strong>Jesu</strong></span> <span class='ocrx_word' id='word_1_359' title='bbox 861 3626 1074 3683; x_wconf 88' lang='lat' dir='ltr'><strong>Christo</strong></span> <span class='ocrx_word' id='word_1_360' title='bbox 1100 3629 1321 3685; x_wconf 89' lang='lat' dir='ltr'><strong>credere</strong></span> <span class='ocrx_word' id='word_1_361' title='bbox 1351 3645 1447 3684; x_wconf 88' lang='lat' dir='ltr'><strong>nos</strong></span> <span class='ocrx_word' id='word_1_362' title='bbox 1471 3629 1693 3693; x_wconf 89' lang='lat' dir='ltr'><strong>debere,</strong></span> <span class='ocrx_word' id='word_1_363' title='bbox 1716 3641 1977 3701; x_wconf 73' lang='lat' dir='ltr'><strong>suscepta:</strong></span> <span class='ocrx_word' id='word_1_364' title='bbox 2007 3648 2123 3686; x_wconf 84' lang='lat' dir='ltr'><strong>car-</strong></span> 
     </span>
    </p>
   </div>
   <div class='ocr_carea' id='block_1_53' title="bbox 543 3717 2121 3792">
    <p class='ocr_par' dir='ltr' id='par_1_53' title="bbox 543 3717 2121 3792">
     <span class='ocr_line' id='line_1_53' title="bbox 543 3717 2121 3792; baseline 0.005 -22"><span class='ocrx_word' id='word_1_365' title='bbox 543 3717 629 3770; x_wconf 86' lang='lat' dir='ltr'><strong>nis</strong></span> <span class='ocrx_word' id='word_1_366' title='bbox 658 3719 877 3774; x_wconf 85' lang='lat' dir='ltr'><strong>veritate</strong></span> <span class='ocrx_word' id='word_1_367' title='bbox 904 3733 1127 3789; x_wconf 84' lang='lat' dir='ltr'><strong>proraus</strong></span> <span class='ocrx_word' id='word_1_368' title='bbox 1155 3720 1355 3775; x_wconf 86' lang='lat' dir='ltr'><strong>abolita</strong></span> <span class='ocrx_word' id='word_1_369' title='bbox 1392 3739 1404 3772; x_wconf 86' lang='lat'><strong>:</strong></span> <span class='ocrx_word' id='word_1_370' title='bbox 1436 3722 1577 3790; x_wconf 89' lang='lat' dir='ltr'><strong>quod</strong></span> <span class='ocrx_word' id='word_1_371' title='bbox 1617 3722 1797 3791; x_wconf 80' lang='lat' dir='ltr'><strong>utique</strong></span> <span class='ocrx_word' id='word_1_372' title='bbox 1825 3724 2121 3792; x_wconf 89' lang='lat' dir='ltr'><strong>improbum</strong></span> 
     </span>
    </p>
   </div>
   <div class='ocr_carea' id='block_1_54' title="bbox 544 3808 2119 3881">
    <p class='ocr_par' dir='ltr' id='par_1_54' title="bbox 544 3808 2119 3881">
     <span class='ocr_line' id='line_1_54' title="bbox 544 3808 2119 3881; baseline 0.004 -22"><span class='ocrx_word' id='word_1_373' title='bbox 544 3816 905 3875; x_wconf 88' lang='lat' dir='ltr'><strong>commentum</strong></span> <span class='ocrx_word' id='word_1_374' title='bbox 927 3808 1299 3873; x_wconf 73' lang='lat' dir='ltr'><strong>Marcionistis,</strong></span> <span class='ocrx_word' id='word_1_375' title='bbox 1324 3810 1735 3880; x_wconf 68' lang='lat' dir='ltr'><strong>Manichmisque</strong></span> <span class='ocrx_word' id='word_1_376' title='bbox 1756 3812 2119 3881; x_wconf 89' lang='lat' dir='ltr'><strong>conjunetum,</strong></span> 
     </span>
    </p>
   </div>
   <div class='ocr_carea' id='block_1_55' title="bbox 544 3898 2122 3959">
    <p class='ocr_par' dir='ltr' id='par_1_55' title="bbox 544 3898 2122 3959">
     <span class='ocr_line' id='line_1_55' title="bbox 544 3898 2122 3959; baseline 0.006 -9"><span class='ocrx_word' id='word_1_377' title='bbox 544 3905 714 3951; x_wconf 91' lang='lat' dir='ltr'><strong>totum</strong></span> <span class='ocrx_word' id='word_1_378' title='bbox 745 3898 860 3953; x_wconf 90' lang='lat' dir='ltr'><strong>sine</strong></span> <span class='ocrx_word' id='word_1_379' title='bbox 885 3898 1050 3954; x_wconf 90' lang='lat' dir='ltr'><strong>dubio</strong></span> <span class='ocrx_word' id='word_1_380' title='bbox 1092 3901 1281 3955; x_wconf 88' lang='lat' dir='ltr'><strong>salutis</strong></span> <span class='ocrx_word' id='word_1_381' title='bbox 1318 3911 1514 3956; x_wconf 66' lang='lat' dir='ltr'><strong>nostra:</strong></span> <span class='ocrx_word' id='word_1_382' title='bbox 1548 3901 1780 3957; x_wconf 85' lang='lat' dir='ltr'><strong>solveret</strong></span> <span class='ocrx_word' id='word_1_383' title='bbox 1818 3917 2122 3959; x_wconf 84' lang='lat' dir='ltr'><strong>sacramen-</strong></span> 
     </span>
    </p>
   </div>
   <div class='ocr_carea' id='block_1_56' title="bbox 546 3992 2122 4065">
    <p class='ocr_par' dir='ltr' id='par_1_56' title="bbox 546 3992 2122 4065">
     <span class='ocr_line' id='line_1_56' title="bbox 546 3992 2122 4065; baseline 0.006 -21"><span class='ocrx_word' id='word_1_384' title='bbox 546 4000 686 4055; x_wconf 86' lang='lat' dir='ltr'><strong>tum;</strong></span> <span class='ocrx_word' id='word_1_385' title='bbox 717 3992 979 4061; x_wconf 89' lang='lat' dir='ltr'><strong>siquidem</strong></span> <span class='ocrx_word' id='word_1_386' title='bbox 1000 4003 1253 4064; x_wconf 89' lang='lat' dir='ltr'><strong>qnautum</strong></span> <span class='ocrx_word' id='word_1_387' title='bbox 1276 4003 1330 4049; x_wconf 91' lang='lat' dir='ltr'><strong>et</strong></span> <span class='ocrx_word' id='word_1_388' title='bbox 1347 3994 1636 4065; x_wconf 36' lang='lat' dir='ltr'><strong>St‘ripturte</strong></span> <span class='ocrx_word' id='word_1_389' title='bbox 1658 3996 1973 4051; x_wconf 82' lang='lat' dir='ltr'><strong>venerabilis</strong></span> <span class='ocrx_word' id='word_1_390' title='bbox 1994 3996 2122 4053; x_wconf 91' lang='lat' dir='ltr'><strong>dicit</strong></span> 
     </span>
    </p>
   </div>
   <div class='ocr_carea' id='block_1_57' title="bbox 539 4083 2115 4153">
    <p class='ocr_par' dir='ltr' id='par_1_57' title="bbox 539 4083 2115 4153">
     <span class='ocr_line' id='line_1_57' title="bbox 539 4083 2115 4153; baseline 0.003 -18"><span class='ocrx_word' id='word_1_391' title='bbox 539 4083 851 4149; x_wconf 85' lang='lat' dir='ltr'><strong>auctoritas,</strong></span> <span class='ocrx_word' id='word_1_392' title='bbox 878 4092 931 4139; x_wconf 87' lang='lat' dir='ltr'><strong>et</strong></span> <span class='ocrx_word' id='word_1_393' title='bbox 962 4085 1222 4153; x_wconf 87' lang='lat' dir='ltr'><strong>majorum</strong></span> <span class='ocrx_word' id='word_1_394' title='bbox 1259 4095 1482 4140; x_wconf 88' lang='lat' dir='ltr'><strong>testatur</strong></span> <span class='ocrx_word' id='word_1_395' title='bbox 1522 4086 1759 4140; x_wconf 86' lang='lat' dir='ltr'><strong>doctrina</strong></span> <span class='ocrx_word' id='word_1_396' title='bbox 1792 4097 2115 4153; x_wconf 88' lang='lat' dir='ltr'><strong>nostrorum,</strong></span> 
     </span>
    </p>
   </div>
   <div class='ocr_carea' id='block_1_58' title="bbox 542 4175 2115 4248">
    <p class='ocr_par' dir='ltr' id='par_1_58' title="bbox 542 4175 2115 4248">
     <span class='ocr_line' id='line_1_58' title="bbox 542 4175 2115 4248; baseline 0.002 -17"><span class='ocrx_word' id='word_1_397' title='bbox 542 4175 929 4248; x_wconf 89' lang='lat' dir='ltr'><strong>redemptorem</strong></span> <span class='ocrx_word' id='word_1_398' title='bbox 969 4177 1151 4233; x_wconf 91' lang='lat' dir='ltr'><strong>mundi</strong></span> <span class='ocrx_word' id='word_1_399' title='bbox 1186 4180 1371 4242; x_wconf 88' lang='lat' dir='ltr'><strong>Deum,</strong></span> <span class='ocrx_word' id='word_1_400' title='bbox 1406 4188 1569 4234; x_wconf 90' lang='lat' dir='ltr'><strong>totum</strong></span> <span class='ocrx_word' id='word_1_401' title='bbox 1601 4180 1755 4233; x_wconf 87' lang='lat' dir='ltr'><strong>simul</strong></span> <span class='ocrx_word' id='word_1_402' title='bbox 1800 4179 1986 4247; x_wconf 71' lang='lat' dir='ltr'><strong>Deum,</strong></span> <span class='ocrx_word' id='word_1_403' title='bbox 2033 4195 2115 4234; x_wconf 74' lang='lat' dir='ltr'><strong>to~</strong></span> 
     </span>
    </p>
   </div>
   <div class='ocr_carea' id='block_1_59' title="bbox 538 4269 2111 4340">
    <p class='ocr_par' dir='ltr' id='par_1_59' title="bbox 538 4269 2111 4340">
     <span class='ocr_line' id='line_1_59' title="bbox 538 4269 2111 4340; baseline 0.001 -18"><span class='ocrx_word' id='word_1_404' title='bbox 538 4277 759 4338; x_wconf 85' lang='lat' dir='ltr'><strong>tumque</strong></span> <span class='ocrx_word' id='word_1_405' title='bbox 779 4269 1046 4325; x_wconf 84' lang='lat' dir='ltr'><strong>hominem</strong></span> <span class='ocrx_word' id='word_1_406' title='bbox 1068 4286 1130 4324; x_wconf 78' lang='lat' dir='ltr'><strong>cx</strong></span> <span class='ocrx_word' id='word_1_407' title='bbox 1153 4269 1314 4325; x_wconf 82' lang='lat' dir='ltr'><strong>Maria</strong></span> <span class='ocrx_word' id='word_1_408' title='bbox 1342 4269 1554 4340; x_wconf 78' lang='lat' dir='ltr'><strong>Virgine</strong></span> <span class='ocrx_word' id='word_1_409' title='bbox 1576 4270 1737 4325; x_wconf 83' lang='lat' dir='ltr'><strong>fuisse</strong></span> <span class='ocrx_word' id='word_1_410' title='bbox 1760 4272 2111 4339; x_wconf 82' lang='lat' dir='ltr'><strong>progenitum.</strong></span> 
     </span>
    </p>
   </div>
   <div class='ocr_carea' id='block_1_60' title="bbox 540 4359 2116 4430">
    <p class='ocr_par' dir='ltr' id='par_1_60' title="bbox 540 4359 2116 4430">
     <span class='ocr_line' id='line_1_60' title="bbox 540 4359 2116 4430; baseline 0.001 -17"><span class='ocrx_word' id='word_1_411' title='bbox 540 4360 606 4413; x_wconf 84' lang='lat' dir='ltr'><strong>Et</strong></span> <span class='ocrx_word' id='word_1_412' title='bbox 635 4359 759 4413; x_wconf 89' lang='lat' dir='ltr'><strong>huic</strong></span> <span class='ocrx_word' id='word_1_413' title='bbox 782 4361 981 4415; x_wconf 87' lang='lat' dir='ltr'><strong>mundo</strong></span> <span class='ocrx_word' id='word_1_414' title='bbox 1008 4371 1212 4416; x_wconf 88' lang='lat' dir='ltr'><strong>certum</strong></span> <span class='ocrx_word' id='word_1_415' title='bbox 1242 4372 1323 4415; x_wconf 90' lang='lat' dir='ltr'><strong>est</strong></span> <span class='ocrx_word' id='word_1_416' title='bbox 1352 4363 1619 4416; x_wconf 81' lang='lat' dir='ltr'><strong>exstitisse</strong></span> <span class='ocrx_word' id='word_1_417' title='bbox 1644 4363 2012 4430; x_wconf 89' lang='lat' dir='ltr'><strong>conspicuum,</strong></span> <span class='ocrx_word' id='word_1_418' title='bbox 2039 4364 2116 4415; x_wconf 90' lang='lat' dir='ltr'><strong>sic</strong></span> 
     </span>
    </p>
   </div>
   <div class='ocr_carea' id='block_1_61' title="bbox 540 4453 2117 4522">
    <p class='ocr_par' dir='ltr' id='par_1_61' title="bbox 540 4453 2117 4522">
     <span class='ocr_line' id='line_1_61' title="bbox 540 4453 2117 4522; baseline 0.002 -18"><span class='ocrx_word' id='word_1_419' title='bbox 540 4464 774 4519; x_wconf 83' lang='lat' dir='ltr'><strong>passum,</strong></span> <span class='ocrx_word' id='word_1_420' title='bbox 806 4454 965 4520; x_wconf 90' lang='lat' dir='ltr'><strong>atque</strong></span> <span class='ocrx_word' id='word_1_421' title='bbox 988 4453 1345 4507; x_wconf 78' lang='lat' dir='ltr'><strong>resurrexisse</strong></span> <span class='ocrx_word' id='word_1_422' title='bbox 1366 4461 1572 4506; x_wconf 76' lang='lat' dir='ltr'><strong>constat</strong></span> <span class='ocrx_word' id='word_1_423' title='bbox 1598 4468 1626 4507; x_wconf 90' lang='lat' dir='ltr'><strong>a</strong></span> <span class='ocrx_word' id='word_1_424' title='bbox 1654 4454 1897 4506; x_wconf 85' lang='lat' dir='ltr'><strong>mortuis.</strong></span> <span class='ocrx_word' id='word_1_425' title='bbox 1936 4454 2117 4522; x_wconf 85' lang='lat' dir='ltr'><strong>Itaque</strong></span> 
     </span>
    </p>
   </div>
   <div class='ocr_carea' id='block_1_62' title="bbox 2229 1975 3798 2048">
    <p class='ocr_par' dir='ltr' id='par_1_62' title="bbox 2229 1975 3798 2048">
     <span class='ocr_line' id='line_1_62' title="bbox 2229 1975 3798 2048; baseline 0.002 -19"><span class='ocrx_word' id='word_1_426' title='bbox 2229 1975 2413 2031; x_wconf 85' lang='lat' dir='ltr'><strong>nensis</strong></span> <span class='ocrx_word' id='word_1_427' title='bbox 2455 1975 2666 2031; x_wconf 79' lang='lat' dir='ltr'><strong>decreti</strong></span> <span class='ocrx_word' id='word_1_428' title='bbox 2714 1978 2923 2033; x_wconf 90' lang='lat' dir='ltr'><strong>concilii</strong></span> <span class='ocrx_word' id='word_1_429' title='bbox 2969 1978 3037 2034; x_wconf 92' lang='lat' dir='ltr'><strong>ab</strong></span> <span class='ocrx_word' id='word_1_430' title='bbox 3074 1979 3361 2048; x_wconf 87' lang='lat' dir='ltr'><strong>apostolica</strong></span> <span class='ocrx_word' id='word_1_431' title='bbox 3392 1978 3521 2034; x_wconf 77' lang='lat' dir='ltr'><strong>sede</strong></span> <span class='ocrx_word' id='word_1_432' title='bbox 3564 1979 3798 2033; x_wconf 70' lang='lat' dir='ltr'><strong>damnati</strong></span> 
     </span>
    </p>
   </div>
   <div class='ocr_carea' id='block_1_63' title="bbox 2230 2068 3797 2139">
    <p class='ocr_par' dir='ltr' id='par_1_63' title="bbox 2230 2068 3797 2139">
     <span class='ocr_line' id='line_1_63' title="bbox 2230 2068 3797 2139; baseline 0.001 -16"><span class='ocrx_word' id='word_1_433' title='bbox 2230 2078 2395 2138; x_wconf 90' lang='lat' dir='ltr'><strong>sunt,</strong></span> <span class='ocrx_word' id='word_1_434' title='bbox 2442 2070 2799 2139; x_wconf 84' lang='lat' dir='ltr'><strong>obstinatique</strong></span> <span class='ocrx_word' id='word_1_435' title='bbox 2843 2071 2895 2124; x_wconf 92' lang='lat' dir='ltr'><strong>in</strong></span> <span class='ocrx_word' id='word_1_436' title='bbox 2941 2068 3126 2126; x_wconf 83' lang='lat' dir='ltr'><strong>eadem</strong></span> <span class='ocrx_word' id='word_1_437' title='bbox 3165 2071 3505 2127; x_wconf 85' lang='lat' dir='ltr'><strong>damnatione</strong></span> <span class='ocrx_word' id='word_1_438' title='bbox 3542 2070 3797 2137; x_wconf 79' lang='lat' dir='ltr'><strong>defuncti,</strong></span> 
     </span>
    </p>
   </div>
   <div class='ocr_carea' id='block_1_64' title="bbox 2216 2161 3805 2229">
    <p class='ocr_par' dir='ltr' id='par_1_64' title="bbox 2216 2161 3805 2229">
     <span class='ocr_line' id='line_1_64' title="bbox 2216 2161 3805 2229; baseline 0.003 -14"><span class='ocrx_word' id='word_1_439' title='bbox 2216 2161 2533 2228; x_wconf 81' lang='lat' dir='ltr'><strong>pernicioso</strong></span> <span class='ocrx_word' id='word_1_440' title='bbox 2563 2163 2740 2217; x_wconf 85' lang='lat' dir='ltr'><strong>furore</strong></span> <span class='ocrx_word' id='word_1_441' title='bbox 2779 2163 3097 2229; x_wconf 89' lang='lat' dir='ltr'><strong>defendunt,</strong></span> <span class='ocrx_word' id='word_1_442' title='bbox 3127 2172 3185 2219; x_wconf 86' lang='lat' dir='ltr'><strong>et</strong></span> <span class='ocrx_word' id='word_1_443' title='bbox 3220 2179 3404 2219; x_wconf 88' lang='lat' dir='ltr'><strong>eorum</strong></span> <span class='ocrx_word' id='word_1_444' title='bbox 3434 2164 3805 2220; x_wconf 74' lang='lat' dir='ltr'><strong>recitationem</strong></span> 
     </span>
    </p>
   </div>
   <div class='ocr_carea' id='block_1_65' title="bbox 2232 2253 3797 2327">
    <p class='ocr_par' dir='ltr' id='par_1_65' title="bbox 2232 2253 3797 2327">
     <span class='ocr_line' id='line_1_65' title="bbox 2232 2253 3797 2327; baseline 0.001 -18"><span class='ocrx_word' id='word_1_445' title='bbox 2232 2253 2486 2310; x_wconf 74' lang='lat' dir='ltr'><strong>Ecclesia:</strong></span> <span class='ocrx_word' id='word_1_446' title='bbox 2512 2255 2789 2311; x_wconf 84' lang='lat' dir='ltr'><strong>catholicae</strong></span> <span class='ocrx_word' id='word_1_447' title='bbox 2815 2257 3104 2312; x_wconf 87' lang='lat' dir='ltr'><strong>moliuntur</strong></span> <span class='ocrx_word' id='word_1_448' title='bbox 3133 2258 3391 2327; x_wconf 83' lang='lat' dir='ltr'><strong>ingerere.</strong></span> <span class='ocrx_word' id='word_1_449' title='bbox 3421 2255 3572 2325; x_wconf 88' lang='lat' dir='ltr'><strong>Quod</strong></span> <span class='ocrx_word' id='word_1_450' title='bbox 3594 2256 3797 2324; x_wconf 84' lang='lat' dir='ltr'><strong>utique,</strong></span> 
     </span>
    </p>
   </div>
   <div class='ocr_carea' id='block_1_66' title="bbox 2229 2345 3798 2420">
    <p class='ocr_par' dir='ltr' id='par_1_66' title="bbox 2229 2345 3798 2420">
     <span class='ocr_line' id='line_1_66' title="bbox 2229 2345 3798 2420; baseline 0.002 -20"><span class='ocrx_word' id='word_1_451' title='bbox 2229 2345 2370 2415; x_wconf 89' lang='lat' dir='ltr'><strong>quod</strong></span> <span class='ocrx_word' id='word_1_452' title='bbox 2402 2346 2559 2411; x_wconf 88' lang='lat' dir='ltr'><strong>absit,</strong></span> <span class='ocrx_word' id='word_1_453' title='bbox 2588 2349 2835 2417; x_wconf 84' lang='lat' dir='ltr'><strong>receptis,</strong></span> <span class='ocrx_word' id='word_1_454' title='bbox 2867 2350 3026 2403; x_wconf 88' lang='lat' dir='ltr'><strong>etiam</strong></span> <span class='ocrx_word' id='word_1_455' title='bbox 3057 2350 3357 2420; x_wconf 74' lang='lat' dir='ltr'><strong>contagium</strong></span> <span class='ocrx_word' id='word_1_456' title='bbox 3397 2350 3692 2419; x_wconf 84' lang='lat' dir='ltr'><strong>pravitatis,</strong></span> <span class='ocrx_word' id='word_1_457' title='bbox 3716 2349 3798 2403; x_wconf 80' lang='lat' dir='ltr'><strong>cui</strong></span> 
     </span>
    </p>
   </div>
   <div class='ocr_carea' id='block_1_67' title="bbox 2227 2439 3797 2512">
    <p class='ocr_par' dir='ltr' id='par_1_67' title="bbox 2227 2439 3797 2512">
     <span class='ocr_line' id='line_1_67' title="bbox 2227 2439 3797 2512; baseline 0.003 -20"><span class='ocrx_word' id='word_1_458' title='bbox 2227 2451 2288 2493; x_wconf 89' lang='lat' dir='ltr'><strong>se</strong></span> <span class='ocrx_word' id='word_1_459' title='bbox 2325 2439 2699 2497; x_wconf 71' lang='lat' dir='ltr'><strong>communione</strong></span> <span class='ocrx_word' id='word_1_460' title='bbox 2730 2441 3033 2510; x_wconf 86' lang='lat' dir='ltr'><strong>sociarum,</strong></span> <span class='ocrx_word' id='word_1_461' title='bbox 3062 2451 3453 2512; x_wconf 87' lang='lat' dir='ltr'><strong>consequenter</strong></span> <span class='ocrx_word' id='word_1_462' title='bbox 3490 2443 3797 2504; x_wconf 83' lang='lat' dir='ltr'><strong>incurritur.</strong></span> 
     </span>
    </p>
   </div>
   <div class='ocr_carea' id='block_1_68' title="bbox 2227 2531 3799 2604">
    <p class='ocr_par' dir='ltr' id='par_1_68' title="bbox 2227 2531 3799 2604">
     <span class='ocr_line' id='line_1_68' title="bbox 2227 2531 3799 2604; baseline 0.003 -20"><span class='ocrx_word' id='word_1_463' title='bbox 2227 2531 2671 2600; x_wconf 82' lang='lat' dir='ltr'><strong>quemadmodum</strong></span> <span class='ocrx_word' id='word_1_464' title='bbox 2696 2533 2865 2604; x_wconf 91' lang='lat' dir='ltr'><strong>(quod</strong></span> <span class='ocrx_word' id='word_1_465' title='bbox 2907 2533 3162 2589; x_wconf 90' lang='lat' dir='ltr'><strong>Dominus</strong></span> <span class='ocrx_word' id='word_1_466' title='bbox 3201 2535 3459 2603; x_wconf 77' lang='lat' dir='ltr'><strong>avertat!)</strong></span> <span class='ocrx_word' id='word_1_467' title='bbox 3502 2535 3547 2589; x_wconf 88' lang='lat' dir='ltr'><strong>si</strong></span> <span class='ocrx_word' id='word_1_468' title='bbox 3578 2534 3686 2589; x_wconf 75' lang='lat' dir='ltr'><strong>Arii</strong></span> <span class='ocrx_word' id='word_1_469' title='bbox 3715 2534 3799 2589; x_wconf 88' lang='lat' dir='ltr'><strong>vel</strong></span> 
     </span>
    </p>
   </div>
   <div class='ocr_carea' id='block_1_69' title="bbox 2229 2623 3799 2693">
    <p class='ocr_par' dir='ltr' id='par_1_69' title="bbox 2229 2623 3799 2693">
     <span class='ocr_line' id='line_1_69' title="bbox 2229 2623 3799 2693; baseline 0.001 -16"><span class='ocrx_word' id='word_1_470' title='bbox 2229 2623 2513 2693; x_wconf 84' lang='lat' dir='ltr'><strong>cujuslibet</strong></span> <span class='ocrx_word' id='word_1_471' title='bbox 2553 2624 2791 2681; x_wconf 53' lang='lat' dir='ltr'><strong>lta&#39;retici</strong></span> <span class='ocrx_word' id='word_1_472' title='bbox 2843 2624 2909 2679; x_wconf 89' lang='lat' dir='ltr'><strong>ad</strong></span> <span class='ocrx_word' id='word_1_473' title='bbox 2964 2625 3375 2681; x_wconf 85' lang='lat' dir='ltr'><strong>ecclesiasticam</strong></span> <span class='ocrx_word' id='word_1_474' title='bbox 3439 2626 3799 2680; x_wconf 88' lang='lat' dir='ltr'><strong>recitationem</strong></span> 
     </span>
    </p>
   </div>
   <div class='ocr_carea' id='block_1_70' title="bbox 2231 2715 3798 2787">
    <p class='ocr_par' dir='ltr' id='par_1_70' title="bbox 2231 2715 3798 2787">
     <span class='ocr_line' id='line_1_70' title="bbox 2231 2715 3798 2787; baseline 0.003 -19"><span class='ocrx_word' id='word_1_475' title='bbox 2231 2730 2425 2769; x_wconf 85' lang='lat' dir='ltr'><strong>nomen</strong></span> <span class='ocrx_word' id='word_1_476' title='bbox 2453 2715 2779 2787; x_wconf 86' lang='lat' dir='ltr'><strong>admittitur,</strong></span> <span class='ocrx_word' id='word_1_477' title='bbox 2818 2717 2974 2772; x_wconf 87' lang='lat' dir='ltr'><strong>simul</strong></span> <span class='ocrx_word' id='word_1_478' title='bbox 3010 2726 3063 2772; x_wconf 91' lang='lat' dir='ltr'><strong>et</strong></span> <span class='ocrx_word' id='word_1_479' title='bbox 3104 2718 3432 2773; x_wconf 74' lang='lat' dir='ltr'><strong>consortium</strong></span> <span class='ocrx_word' id='word_1_480' title='bbox 3473 2715 3798 2773; x_wconf 84' lang='lat' dir='ltr'><strong>detestabilis</strong></span> 
     </span>
    </p>
   </div>
   <div class='ocr_carea' id='block_1_71' title="bbox 2228 2806 3801 2879">
    <p class='ocr_par' dir='ltr' id='par_1_71' title="bbox 2228 2806 3801 2879">
     <span class='ocr_line' id='line_1_71' title="bbox 2228 2806 3801 2879; baseline 0 -18"><span class='ocrx_word' id='word_1_481' title='bbox 2228 2807 2427 2861; x_wconf 86' lang='lat' dir='ltr'><strong>erroris</strong></span> <span class='ocrx_word' id='word_1_482' title='bbox 2456 2809 2763 2864; x_wconf 86' lang='lat' dir='ltr'><strong>assumitur.</strong></span> <span class='ocrx_word' id='word_1_483' title='bbox 2793 2808 2943 2864; x_wconf 88' lang='lat' dir='ltr'><strong>Unde</strong></span> <span class='ocrx_word' id='word_1_484' title='bbox 2970 2809 3089 2879; x_wconf 89' lang='lat' dir='ltr'><strong>quia</strong></span> <span class='ocrx_word' id='word_1_485' title='bbox 3121 2823 3357 2863; x_wconf 88' lang='lat' dir='ltr'><strong>errorem</strong></span> <span class='ocrx_word' id='word_1_486' title='bbox 3388 2806 3601 2879; x_wconf 85' lang='lat' dir='ltr'><strong>quidem</strong></span> <span class='ocrx_word' id='word_1_487' title='bbox 3635 2807 3801 2863; x_wconf 85' lang='lat' dir='ltr'><strong>laten—</strong></span> 
     </span>
    </p>
   </div>
   <div class='ocr_carea' id='block_1_72' title="bbox 2230 2898 3797 2970">
    <p class='ocr_par' dir='ltr' id='par_1_72' title="bbox 2230 2898 3797 2970">
     <span class='ocr_line' id='line_1_72' title="bbox 2230 2898 3797 2970; baseline 0.001 -21"><span class='ocrx_word' id='word_1_488' title='bbox 2230 2905 2344 2961; x_wconf 91' lang='lat' dir='ltr'><strong>tur,</strong></span> <span class='ocrx_word' id='word_1_489' title='bbox 2384 2898 2476 2952; x_wconf 91' lang='lat' dir='ltr'><strong>scd</strong></span> <span class='ocrx_word' id='word_1_490' title='bbox 2521 2913 2582 2954; x_wconf 76' lang='lat' dir='ltr'><strong>ea</strong></span> <span class='ocrx_word' id='word_1_491' title='bbox 2630 2898 2730 2953; x_wconf 91' lang='lat' dir='ltr'><strong>sibi</strong></span> <span class='ocrx_word' id='word_1_492' title='bbox 2774 2909 2960 2970; x_wconf 90' lang='lat' dir='ltr'><strong>putant</strong></span> <span class='ocrx_word' id='word_1_493' title='bbox 3006 2904 3436 2954; x_wconf 72' lang='lat' dir='ltr'><strong>communionem</strong></span> <span class='ocrx_word' id='word_1_494' title='bbox 3483 2898 3797 2953; x_wconf 85' lang='lat' dir='ltr'><strong>catholicam</strong></span> 
     </span>
    </p>
   </div>
   <div class='ocr_carea' id='block_1_73' title="bbox 2228 2988 3799 3059">
    <p class='ocr_par' dir='ltr' id='par_1_73' title="bbox 2228 2988 3799 3059">
     <span class='ocr_line' id='line_1_73' title="bbox 2228 2988 3799 3059; baseline -0.001 -17"><span class='ocrx_word' id='word_1_495' title='bbox 2228 2988 2534 3045; x_wconf 86' lang='lat' dir='ltr'><strong>conditione</strong></span> <span class='ocrx_word' id='word_1_496' title='bbox 2566 2989 2869 3054; x_wconf 79' lang='lat' dir='ltr'><strong>laxandam,</strong></span> <span class='ocrx_word' id='word_1_497' title='bbox 2897 2998 2954 3045; x_wconf 91' lang='lat' dir='ltr'><strong>ut</strong></span> <span class='ocrx_word' id='word_1_498' title='bbox 2978 2990 3197 3044; x_wconf 82' lang='lat' dir='ltr'><strong>nomina</strong></span> <span class='ocrx_word' id='word_1_499' title='bbox 3218 3003 3403 3044; x_wconf 86' lang='lat' dir='ltr'><strong>eorum</strong></span> <span class='ocrx_word' id='word_1_500' title='bbox 3432 2988 3522 3059; x_wconf 90' lang='lat' dir='ltr'><strong>qui</strong></span> <span class='ocrx_word' id='word_1_501' title='bbox 3554 2990 3799 3058; x_wconf 71' lang='lat' dir='ltr'><strong>praevari-</strong></span> 
     </span>
    </p>
   </div>
   <div class='ocr_carea' id='block_1_74' title="bbox 2229 3079 3799 3145">
    <p class='ocr_par' dir='ltr' id='par_1_74' title="bbox 2229 3079 3799 3145">
     <span class='ocr_line' id='line_1_74' title="bbox 2229 3079 3799 3145; baseline 0.001 -13"><span class='ocrx_word' id='word_1_502' title='bbox 2229 3079 2329 3133; x_wconf 88' lang='lat' dir='ltr'><strong>cati</strong></span> <span class='ocrx_word' id='word_1_503' title='bbox 2362 3090 2483 3134; x_wconf 83' lang='lat' dir='ltr'><strong>sunt</strong></span> <span class='ocrx_word' id='word_1_504' title='bbox 2513 3080 2619 3134; x_wconf 70' lang='lat' dir='ltr'><strong>illis</strong></span> <span class='ocrx_word' id='word_1_505' title='bbox 2650 3081 2703 3134; x_wconf 90' lang='lat' dir='ltr'><strong>in</strong></span> <span class='ocrx_word' id='word_1_506' title='bbox 2732 3082 2957 3136; x_wconf 71' lang='lat' dir='ltr'><strong>ecclesia</strong></span> <span class='ocrx_word' id='word_1_507' title='bbox 3002 3081 3227 3136; x_wconf 80' lang='lat' dir='ltr'><strong>recitare</strong></span> <span class='ocrx_word' id='word_1_508' title='bbox 3256 3079 3323 3135; x_wconf 88' lang='lat' dir='ltr'><strong>sit</strong></span> <span class='ocrx_word' id='word_1_509' title='bbox 3350 3080 3547 3135; x_wconf 86' lang='lat' dir='ltr'><strong>licitum</strong></span> <span class='ocrx_word' id='word_1_510' title='bbox 3567 3122 3582 3145; x_wconf 91' lang='lat'><strong>,</strong></span> <span class='ocrx_word' id='word_1_511' title='bbox 3608 3090 3669 3136; x_wconf 83' lang='lat' dir='ltr'><strong>et</strong></span> <span class='ocrx_word' id='word_1_512' title='bbox 3697 3096 3799 3136; x_wconf 83' lang='lat' dir='ltr'><strong>non</strong></span> 
     </span>
    </p>
   </div>
   <div class='ocr_carea' id='block_1_75' title="bbox 2232 3170 3801 3242">
    <p class='ocr_par' dir='ltr' id='par_1_75' title="bbox 2232 3170 3801 3242">
     <span class='ocr_line' id='line_1_75' title="bbox 2232 3170 3801 3242; baseline 0.003 -20"><span class='ocrx_word' id='word_1_513' title='bbox 2232 3179 2336 3223; x_wconf 90' lang='lat' dir='ltr'><strong>tam</strong></span> <span class='ocrx_word' id='word_1_514' title='bbox 2374 3171 2470 3240; x_wconf 89' lang='lat' dir='ltr'><strong>ipsi</strong></span> <span class='ocrx_word' id='word_1_515' title='bbox 2501 3172 2772 3241; x_wconf 83' lang='lat' dir='ltr'><strong>corrigere</strong></span> <span class='ocrx_word' id='word_1_516' title='bbox 2800 3187 2957 3242; x_wconf 89' lang='lat' dir='ltr'><strong>quam</strong></span> <span class='ocrx_word' id='word_1_517' title='bbox 2990 3171 3348 3227; x_wconf 85' lang='lat' dir='ltr'><strong>sinceritatem</strong></span> <span class='ocrx_word' id='word_1_518' title='bbox 3377 3170 3692 3227; x_wconf 83' lang='lat' dir='ltr'><strong>catholicam</strong></span> <span class='ocrx_word' id='word_1_519' title='bbox 3716 3170 3801 3227; x_wconf 85' lang='lat' dir='ltr'><strong>in-</strong></span> 
     </span>
    </p>
   </div>
   <div class='ocr_carea' id='block_1_76' title="bbox 1596 3236 3799 3337">
    <p class='ocr_par' dir='ltr' id='par_1_76' title="bbox 1596 3236 3799 3337">
     <span class='ocr_line' id='line_1_76' title="bbox 1596 3236 3799 3337; baseline 0.002 -24"><span class='ocrx_word' id='word_1_520' title='bbox 1596 3266 1831 3337; x_wconf 75' lang='lat' dir='ltr'><strong>Eutyche</strong></span> <span class='ocrx_word' id='word_1_521' title='bbox 1858 3268 2124 3337; x_wconf 55' lang='lat' dir='ltr'><strong>quondam</strong></span> <span class='ocrx_word' id='word_1_522' title='bbox 2152 3236 2197 3296; x_wconf 81' lang='lat' dir='ltr'>C</span> <span class='ocrx_word' id='word_1_523' title='bbox 2232 3236 2407 3316; x_wconf 37' lang='lat' dir='ltr'><strong>ﬁcete-</strong></span> <span class='ocrx_word' id='word_1_524' title='bbox 2439 3236 2674 3316; x_wconf 66' lang='lat' dir='ltr'><strong>nitantui&#39;</strong></span> <span class='ocrx_word' id='word_1_525' title='bbox 2727 3236 2974 3332; x_wconf 77' lang='lat' dir='ltr'><strong>contagio</strong></span> <span class='ocrx_word' id='word_1_526' title='bbox 3029 3260 3350 3331; x_wconf 89' lang='lat' dir='ltr'><strong>perﬁdorum</strong></span> <span class='ocrx_word' id='word_1_527' title='bbox 3383 3278 3399 3326; x_wconf 91' lang='lat'><strong>;</strong></span> <span class='ocrx_word' id='word_1_528' title='bbox 3461 3261 3799 3317; x_wconf 69' lang='lat' dir='ltr'><strong>dilectionem</strong></span> 
     </span>
    </p>
   </div>
   <div class='ocr_carea' id='block_1_77' title="bbox 2227 3351 3800 3408">
    <p class='ocr_par' dir='ltr' id='par_1_77' title="bbox 2227 3351 3800 3408">
     <span class='ocr_line' id='line_1_77' title="bbox 2227 3351 3800 3408; baseline 0.003 -5"><span class='ocrx_word' id='word_1_529' title='bbox 2227 3364 2456 3407; x_wconf 83' lang='lat' dir='ltr'><strong>vestram</strong></span> <span class='ocrx_word' id='word_1_530' title='bbox 2487 3352 2733 3407; x_wconf 73' lang='lat' dir='ltr'><strong>fraterna:</strong></span> <span class='ocrx_word' id='word_1_531' title='bbox 2761 3353 2996 3408; x_wconf 88' lang='lat' dir='ltr'><strong>caritatis</strong></span> <span class='ocrx_word' id='word_1_532' title='bbox 3027 3352 3215 3407; x_wconf 82' lang='lat' dir='ltr'><strong>aﬁ‘ectn</strong></span> <span class='ocrx_word' id='word_1_533' title='bbox 3247 3366 3351 3406; x_wconf 87' lang='lat' dir='ltr'><strong>non</strong></span> <span class='ocrx_word' id='word_1_534' title='bbox 3380 3351 3676 3407; x_wconf 86' lang='lat' dir='ltr'><strong>destitimus</strong></span> <span class='ocrx_word' id='word_1_535' title='bbox 3704 3353 3800 3407; x_wconf 85' lang='lat' dir='ltr'><strong>ad-</strong></span> 
     </span>
    </p>
   </div>
   <div class='ocr_carea' id='block_1_78' title="bbox 2228 3442 3799 3515">
    <p class='ocr_par' dir='ltr' id='par_1_78' title="bbox 2228 3442 3799 3515">
     <span class='ocr_line' id='line_1_78' title="bbox 2228 3442 3799 3515; baseline 0.001 -17"><span class='ocrx_word' id='word_1_536' title='bbox 2228 3460 2467 3511; x_wconf 79' lang='lat' dir='ltr'><strong>monere,</strong></span> <span class='ocrx_word' id='word_1_537' title='bbox 2492 3447 2613 3500; x_wconf 88' lang='lat' dir='ltr'><strong>utsi</strong></span> <span class='ocrx_word' id='word_1_538' title='bbox 2636 3445 2723 3515; x_wconf 86' lang='lat' dir='ltr'><strong>qni</strong></span> <span class='ocrx_word' id='word_1_539' title='bbox 2750 3445 2872 3499; x_wconf 74' lang='lat' dir='ltr'><strong>talia</strong></span> <span class='ocrx_word' id='word_1_540' title='bbox 2901 3445 3226 3499; x_wconf 86' lang='lat' dir='ltr'><strong>sentinantcs</strong></span> <span class='ocrx_word' id='word_1_541' title='bbox 3248 3444 3309 3497; x_wconf 90' lang='lat' dir='ltr'><strong>ad</strong></span> <span class='ocrx_word' id='word_1_542' title='bbox 3333 3454 3530 3497; x_wconf 70' lang='lat' dir='ltr'><strong>vrs:ras</strong></span> <span class='ocrx_word' id='word_1_543' title='bbox 3552 3442 3799 3513; x_wconf 84' lang='lat' dir='ltr'><strong>regiones</strong></span> 
     </span>
    </p>
   </div>
   <div class='ocr_carea' id='block_1_79' title="bbox 2227 3532 3797 3605">
    <p class='ocr_par' dir='ltr' id='par_1_79' title="bbox 2227 3532 3797 3605">
     <span class='ocr_line' id='line_1_79' title="bbox 2227 3532 3797 3605; baseline 0.001 -17"><span class='ocrx_word' id='word_1_544' title='bbox 2227 3536 2361 3591; x_wconf 87' lang='lat' dir='ltr'><strong>forte</strong></span> <span class='ocrx_word' id='word_1_545' title='bbox 2392 3537 2762 3605; x_wconf 79' lang='lat' dir='ltr'><strong>pervenerint,</strong></span> <span class='ocrx_word' id='word_1_546' title='bbox 2799 3536 2970 3591; x_wconf 73' lang='grc' dir='ltr'><em>ιηοιιίε</em></span> <span class='ocrx_word' id='word_1_547' title='bbox 3012 3535 3256 3591; x_wconf 63' lang='lat' dir='ltr'><strong>omnibus</strong></span> <span class='ocrx_word' id='word_1_548' title='bbox 3294 3532 3659 3602; x_wconf 77' lang='lat' dir='ltr'><strong>excludantur,</strong></span> <span class='ocrx_word' id='word_1_549' title='bbox 3693 3549 3797 3590; x_wconf 83' lang='lat' dir='ltr'><strong>vo-</strong></span> 
     </span>
    </p>
   </div>
   <div class='ocr_carea' id='block_1_80' title="bbox 2229 3625 3797 3698">
    <p class='ocr_par' dir='ltr' id='par_1_80' title="bbox 2229 3625 3797 3698">
     <span class='ocr_line' id='line_1_80' title="bbox 2229 3625 3797 3698; baseline 0.001 -17"><span class='ocrx_word' id='word_1_550' title='bbox 2229 3628 2411 3697; x_wconf 90' lang='lat' dir='ltr'><strong>bisque</strong></span> <span class='ocrx_word' id='word_1_551' title='bbox 2434 3643 2553 3682; x_wconf 89' lang='lat' dir='ltr'><strong>cum</strong></span> <span class='ocrx_word' id='word_1_552' title='bbox 2578 3629 2704 3683; x_wconf 90' lang='lat' dir='ltr'><strong>sede</strong></span> <span class='ocrx_word' id='word_1_553' title='bbox 2730 3628 2868 3683; x_wconf 92' lang='lat' dir='ltr'><strong>beati</strong></span> <span class='ocrx_word' id='word_1_554' title='bbox 2896 3627 3123 3698; x_wconf 87' lang='lat' dir='ltr'><strong>apostoli</strong></span> <span class='ocrx_word' id='word_1_555' title='bbox 3153 3627 3315 3692; x_wconf 82' lang='lat' dir='ltr'><strong>Petri,</strong></span> <span class='ocrx_word' id='word_1_556' title='bbox 3339 3627 3475 3681; x_wconf 88' lang='lat' dir='ltr'><strong>sicut</strong></span> <span class='ocrx_word' id='word_1_557' title='bbox 3500 3643 3524 3678; x_wconf 89' lang='lat' dir='ltr'><strong>a</strong></span> <span class='ocrx_word' id='word_1_558' title='bbox 3557 3625 3797 3696; x_wconf 85' lang='lat' dir='ltr'><strong>patribus</strong></span> 
     </span>
    </p>
   </div>
   <div class='ocr_carea' id='block_1_81' title="bbox 2227 3718 3797 3787">
    <p class='ocr_par' dir='ltr' id='par_1_81' title="bbox 2227 3718 3797 3787">
     <span class='ocr_line' id='line_1_81' title="bbox 2227 3718 3797 3787; baseline 0.001 -16"><span class='ocrx_word' id='word_1_559' title='bbox 2227 3719 2422 3773; x_wconf 90' lang='lat' dir='ltr'><strong>nostris</strong></span> <span class='ocrx_word' id='word_1_560' title='bbox 2450 3728 2533 3773; x_wconf 90' lang='lat' dir='ltr'><strong>cst</strong></span> <span class='ocrx_word' id='word_1_561' title='bbox 2563 3720 2757 3773; x_wconf 88' lang='lat' dir='ltr'><strong>tradita</strong></span> <span class='ocrx_word' id='word_1_562' title='bbox 2786 3718 2982 3774; x_wconf 88' lang='lat' dir='ltr'><strong>illibata</strong></span> <span class='ocrx_word' id='word_1_563' title='bbox 3010 3719 3318 3773; x_wconf 90' lang='lat' dir='ltr'><strong>communio</strong></span> <span class='ocrx_word' id='word_1_564' title='bbox 3355 3726 3513 3787; x_wconf 86' lang='lat' dir='ltr'><strong>atque</strong></span> <span class='ocrx_word' id='word_1_565' title='bbox 3557 3732 3620 3773; x_wconf 75' lang='lat' dir='ltr'><strong>ex</strong></span> <span class='ocrx_word' id='word_1_566' title='bbox 3652 3718 3797 3773; x_wconf 87' lang='lat' dir='ltr'><strong>omni</strong></span> 
     </span>
    </p>
   </div>
   <div class='ocr_carea' id='block_1_82' title="bbox 2227 3808 3797 3878">
    <p class='ocr_par' dir='ltr' id='par_1_82' title="bbox 2227 3808 3797 3878">
     <span class='ocr_line' id='line_1_82' title="bbox 2227 3808 3797 3878; baseline 0.002 -18"><span class='ocrx_word' id='word_1_567' title='bbox 2227 3818 2375 3878; x_wconf 78' lang='lat' dir='ltr'><strong>pll‘le</strong></span> <span class='ocrx_word' id='word_1_568' title='bbox 2435 3809 2740 3865; x_wconf 88' lang='lat' dir='ltr'><strong>ineonvulsa</strong></span> <span class='ocrx_word' id='word_1_569' title='bbox 2811 3810 3083 3876; x_wconf 87' lang='lat' dir='ltr'><strong>perduret.</strong></span> <span class='ocrx_word' id='word_1_570' title='bbox 3142 3809 3301 3863; x_wconf 89' lang='lat' dir='ltr'><strong>Certe</strong></span> <span class='ocrx_word' id='word_1_571' title='bbox 3363 3808 3408 3862; x_wconf 89' lang='lat' dir='ltr'><strong>si</strong></span> <span class='ocrx_word' id='word_1_572' title='bbox 3462 3808 3578 3878; x_wconf 64' lang='lat' dir='ltr'><strong>quia</strong></span> <span class='ocrx_word' id='word_1_573' title='bbox 3641 3822 3797 3863; x_wconf 84' lang='lat' dir='ltr'><strong>aures</strong></span> 
     </span>
    </p>
   </div>
   <div class='ocr_carea' id='block_1_83' title="bbox 2226 3898 3797 3969">
    <p class='ocr_par' dir='ltr' id='par_1_83' title="bbox 2226 3898 3797 3969">
     <span class='ocr_line' id='line_1_83' title="bbox 2226 3898 3797 3969; baseline -0.001 -16"><span class='ocrx_word' id='word_1_574' title='bbox 2226 3911 2427 3957; x_wconf 87' lang='lat' dir='ltr'><strong>vestras</strong></span> <span class='ocrx_word' id='word_1_575' title='bbox 2457 3902 2523 3956; x_wconf 90' lang='lat' dir='ltr'><strong>de</strong></span> <span class='ocrx_word' id='word_1_576' title='bbox 2556 3901 2653 3956; x_wconf 91' lang='lat' dir='ltr'><strong>hac</strong></span> <span class='ocrx_word' id='word_1_577' title='bbox 2678 3900 2963 3957; x_wconf 88' lang='lat' dir='ltr'><strong>crediderit</strong></span> <span class='ocrx_word' id='word_1_578' title='bbox 2990 3900 3332 3969; x_wconf 88' lang='lat' dir='ltr'><strong>subreptionc</strong></span> <span class='ocrx_word' id='word_1_579' title='bbox 3361 3898 3664 3967; x_wconf 85' lang='lat' dir='ltr'><strong>pulsandas,</strong></span> <span class='ocrx_word' id='word_1_580' title='bbox 3688 3915 3715 3953; x_wconf 91' lang='lat' dir='ltr'><strong>s</strong></span> <span class='ocrx_word' id='word_1_581' title='bbox 3751 3900 3797 3952; x_wconf 83' lang='lat' dir='ltr'><strong>l-</strong></span> 
     </span>
    </p>
   </div>
   <div class='ocr_carea' id='block_1_84' title="bbox 2184 3989 3795 4063">
    <p class='ocr_par' dir='ltr' id='par_1_84' title="bbox 2184 3989 3795 4063">
     <span class='ocr_line' id='line_1_84' title="bbox 2184 3989 3795 4063; baseline -0.002 -16"><span class='ocrx_word' id='word_1_582' title='bbox 2184 4022 2187 4023; x_wconf 53' lang='grc' dir='ltr'><em>ν</em></span> <span class='ocrx_word' id='word_1_583' title='bbox 2224 3993 2502 4049; x_wconf 81' lang='lat' dir='ltr'><strong>licitudine</strong></span> <span class='ocrx_word' id='word_1_584' title='bbox 2539 3993 2789 4063; x_wconf 87' lang='lat' dir='ltr'><strong>pastorali</strong></span> <span class='ocrx_word' id='word_1_585' title='bbox 2812 3992 2887 4057; x_wconf 73' lang='lat' dir='ltr'><strong>ad</strong></span> <span class='ocrx_word' id='word_1_586' title='bbox 2905 4006 3020 4051; x_wconf 85' lang='lat' dir='ltr'><strong>,nos</strong></span> <span class='ocrx_word' id='word_1_587' title='bbox 3058 4006 3213 4061; x_wconf 90' lang='lat' dir='ltr'><strong>quam</strong></span> <span class='ocrx_word' id='word_1_588' title='bbox 3242 3989 3400 4045; x_wconf 90' lang='lat' dir='ltr'><strong>citius</strong></span> <span class='ocrx_word' id='word_1_589' title='bbox 3440 3989 3639 4044; x_wconf 87' lang='lat' dir='ltr'><strong>referre</strong></span> <span class='ocrx_word' id='word_1_590' title='bbox 3678 4005 3795 4058; x_wconf 83' lang='lat' dir='ltr'><strong>pro-</strong></span> 
     </span>
    </p>
   </div>
   <div class='ocr_carea' id='block_1_85' title="bbox 2223 4081 3793 4155">
    <p class='ocr_par' dir='ltr' id='par_1_85' title="bbox 2223 4081 3793 4155">
     <span class='ocr_line' id='line_1_85' title="bbox 2223 4081 3793 4155; baseline -0.003 -14"><span class='ocrx_word' id='word_1_591' title='bbox 2223 4086 2421 4155; x_wconf 89' lang='lat' dir='ltr'><strong>perctis</strong></span> <span class='ocrx_word' id='word_1_592' title='bbox 2444 4126 2459 4151; x_wconf 97' lang='lat'><strong>,</strong></span> <span class='ocrx_word' id='word_1_593' title='bbox 2492 4096 2548 4141; x_wconf 90' lang='lat' dir='ltr'><strong>ut</strong></span> <span class='ocrx_word' id='word_1_594' title='bbox 2578 4084 2846 4140; x_wconf 89' lang='lat' dir='ltr'><strong>communi</strong></span> <span class='ocrx_word' id='word_1_595' title='bbox 2876 4084 3055 4139; x_wconf 91' lang='lat' dir='ltr'><strong>studio</strong></span> <span class='ocrx_word' id='word_1_596' title='bbox 3078 4123 3093 4149; x_wconf 94' lang='lat'><strong>,</strong></span> <span class='ocrx_word' id='word_1_597' title='bbox 3132 4081 3499 4150; x_wconf 88' lang='lat' dir='ltr'><strong>catholicoque</strong></span> <span class='ocrx_word' id='word_1_598' title='bbox 3546 4091 3793 4148; x_wconf 72' lang='lat' dir='ltr'><strong>tractatu,</strong></span> 
     </span>
    </p>
   </div>
   <div class='ocr_carea' id='block_1_86' title="bbox 2222 4173 3795 4246">
    <p class='ocr_par' dir='ltr' id='par_1_86' title="bbox 2222 4173 3795 4246">
     <span class='ocr_line' id='line_1_86' title="bbox 2222 4173 3795 4246; baseline -0.004 -15"><span class='ocrx_word' id='word_1_599' title='bbox 2222 4191 2319 4246; x_wconf 92' lang='lat' dir='ltr'><strong>pro</strong></span> <span class='ocrx_word' id='word_1_600' title='bbox 2348 4177 2511 4231; x_wconf 91' lang='lat' dir='ltr'><strong>domo</strong></span> <span class='ocrx_word' id='word_1_601' title='bbox 2561 4178 2718 4231; x_wconf 87' lang='lat' dir='ltr'><strong>unius</strong></span> <span class='ocrx_word' id='word_1_602' title='bbox 2768 4175 2974 4229; x_wconf 79' lang='lat' dir='ltr'><strong>Domini</strong></span> <span class='ocrx_word' id='word_1_603' title='bbox 3017 4174 3194 4228; x_wconf 90' lang='lat' dir='ltr'><strong>cuncti</strong></span> <span class='ocrx_word' id='word_1_604' title='bbox 3228 4173 3473 4227; x_wconf 81' lang='lat' dir='ltr'><strong>catholici</strong></span> <span class='ocrx_word' id='word_1_605' title='bbox 3521 4174 3654 4227; x_wconf 79' lang='lat' dir='ltr'><strong>conf.</strong></span> <span class='ocrx_word' id='word_1_606' title='bbox 3678 4181 3795 4227; x_wconf 74' lang='lat' dir='ltr'><strong>rant</strong></span> 
     </span>
    </p>
   </div>
   <div class='ocr_carea' id='block_1_87' title="bbox 2220 4262 3793 4335">
    <p class='ocr_par' dir='ltr' id='par_1_87' title="bbox 2220 4262 3793 4335">
     <span class='ocr_line' id='line_1_87' title="bbox 2220 4262 3793 4335; baseline -0.004 -14"><span class='ocrx_word' id='word_1_607' title='bbox 2220 4267 2565 4331; x_wconf 85' lang='lat' dir='ltr'><strong>sacerdotes;</strong></span> <span class='ocrx_word' id='word_1_608' title='bbox 2614 4281 2670 4321; x_wconf 89' lang='lat' dir='ltr'><strong>ut</strong></span> <span class='ocrx_word' id='word_1_609' title='bbox 2711 4282 2828 4335; x_wconf 79' lang='lat' dir='ltr'><strong>qua:</strong></span> <span class='ocrx_word' id='word_1_610' title='bbox 2880 4264 3192 4318; x_wconf 73' lang='lat' dir='ltr'><strong>orthodoxa:</strong></span> <span class='ocrx_word' id='word_1_611' title='bbox 3243 4262 3536 4318; x_wconf 87' lang='lat' dir='ltr'><strong>deﬁnitioni</strong></span> <span class='ocrx_word' id='word_1_612' title='bbox 3580 4276 3793 4331; x_wconf 82' lang='lat' dir='ltr'><strong>compc-</strong></span> 
     </span>
    </p>
   </div>
   <div class='ocr_carea' id='block_1_88' title="bbox 2221 4354 3792 4421">
    <p class='ocr_par' dir='ltr' id='par_1_88' title="bbox 2221 4354 3792 4421">
     <span class='ocr_line' id='line_1_88' title="bbox 2221 4354 3792 4421; baseline -0.001 -12"><span class='ocrx_word' id='word_1_613' title='bbox 2221 4364 2339 4409; x_wconf 88' lang='lat' dir='ltr'><strong>tunt</strong></span> <span class='ocrx_word' id='word_1_614' title='bbox 2362 4396 2377 4420; x_wconf 97' lang='lat'><strong>,</strong></span> <span class='ocrx_word' id='word_1_615' title='bbox 2411 4357 2722 4410; x_wconf 90' lang='lat' dir='ltr'><strong>intemerata</strong></span> <span class='ocrx_word' id='word_1_616' title='bbox 2749 4364 3064 4420; x_wconf 90' lang='lat' dir='ltr'><strong>serventur;</strong></span> <span class='ocrx_word' id='word_1_617' title='bbox 3115 4364 3166 4408; x_wconf 91' lang='lat' dir='ltr'><strong>et</strong></span> <span class='ocrx_word' id='word_1_618' title='bbox 3207 4362 3469 4421; x_wconf 79' lang='lat' dir='ltr'><strong>quatenus</strong></span> <span class='ocrx_word' id='word_1_619' title='bbox 3492 4354 3792 4407; x_wconf 85' lang='lat' dir='ltr'><strong>errantibus</strong></span> 
     </span>
    </p>
   </div>
   <div class='ocr_carea' id='block_1_89' title="bbox 2218 4443 3788 4509">
    <p class='ocr_par' dir='ltr' id='par_1_89' title="bbox 2218 4443 3788 4509">
     <span class='ocr_line' id='line_1_89' title="bbox 2218 4443 3788 4509; baseline -0.004 -11"><span class='ocrx_word' id='word_1_620' title='bbox 2218 4444 2411 4500; x_wconf 87' lang='lat' dir='ltr'><strong>debeat</strong></span> <span class='ocrx_word' id='word_1_621' title='bbox 2438 4446 2737 4509; x_wconf 81' lang='lat' dir='ltr'><strong>subveniri,</strong></span> <span class='ocrx_word' id='word_1_622' title='bbox 2771 4444 3069 4499; x_wconf 84' lang='lat' dir='ltr'><strong>rationabili</strong></span> <span class='ocrx_word' id='word_1_623' title='bbox 3106 4443 3487 4505; x_wconf 88' lang='lat' dir='ltr'><strong>deliberatione</strong></span> <span class='ocrx_word' id='word_1_624' title='bbox 3516 4453 3788 4497; x_wconf 85' lang='lat' dir='ltr'><strong>noscatur.</strong></span> 
     </span>
    </p>
   </div>
   <div class='ocr_carea' id='block_1_90' title="bbox 537 4534 3788 4625">
    <p class='ocr_par' dir='ltr' id='par_1_90' title="bbox 537 4534 3788 4625">
     <span class='ocr_line' id='line_1_90' title="bbox 537 4534 3788 4625; baseline -0.002 -32"><span class='ocrx_word' id='word_1_625' title='bbox 537 4541 885 4610; x_wconf 89' lang='lat' dir='ltr'><strong>quadraginta</strong></span> <span class='ocrx_word' id='word_1_626' title='bbox 900 4542 1087 4597; x_wconf 79' lang='lat' dir='ltr'><strong>diebus</strong></span> <span class='ocrx_word' id='word_1_627' title='bbox 1109 4543 1270 4598; x_wconf 84' lang='lat' dir='ltr'><strong>fuisse</strong></span> <span class='ocrx_word' id='word_1_628' title='bbox 1286 4558 1404 4597; x_wconf 90' lang='lat' dir='ltr'><strong>cum</strong></span> <span class='ocrx_word' id='word_1_629' title='bbox 1426 4542 1701 4613; x_wconf 89' lang='lat' dir='ltr'><strong>discipulis</strong></span> <span class='ocrx_word' id='word_1_630' title='bbox 1717 4553 2111 4611; x_wconf 89' lang='lat' dir='ltr'><strong>conversatum,</strong></span> <span class='ocrx_word' id='word_1_631' title='bbox 2144 4566 2193 4625; x_wconf 71' lang='grc' dir='ltr'>υ</span> <span class='ocrx_word' id='word_1_632' title='bbox 2224 4535 2346 4591; x_wconf 56' lang='lat' dir='ltr'><strong>Have</strong></span> <span class='ocrx_word' id='word_1_633' title='bbox 2383 4546 2561 4592; x_wconf 91' lang='lat' dir='ltr'><strong>autem</strong></span> <span class='ocrx_word' id='word_1_634' title='bbox 2600 4547 2771 4592; x_wconf 85' lang='lat' dir='ltr'><strong>vestra</strong></span> <span class='ocrx_word' id='word_1_635' title='bbox 2802 4536 3020 4591; x_wconf 89' lang='lat' dir='ltr'><strong>dilectio</strong></span> <span class='ocrx_word' id='word_1_636' title='bbox 3054 4537 3213 4591; x_wconf 90' lang='lat' dir='ltr'><strong>etiam</strong></span> <span class='ocrx_word' id='word_1_637' title='bbox 3256 4534 3322 4589; x_wconf 91' lang='lat' dir='ltr'><strong>ad</strong></span> <span class='ocrx_word' id='word_1_638' title='bbox 3368 4534 3647 4603; x_wconf 80' lang='lat' dir='ltr'><strong>contiguas</strong></span> <span class='ocrx_word' id='word_1_639' title='bbox 3691 4535 3788 4587; x_wconf 67' lang='lat' dir='ltr'><strong>sibi</strong></span> 
     </span>
    </p>
   </div>
   <div class='ocr_carea' id='block_1_91' title="bbox 537 4632 2111 4703">
    <p class='ocr_par' dir='ltr' id='par_1_91' title="bbox 537 4632 2111 4703">
     <span class='ocr_line' id='line_1_91' title="bbox 537 4632 2111 4703; baseline 0.004 -18"><span class='ocrx_word' id='word_1_640' title='bbox 537 4634 589 4685; x_wconf 91' lang='lat' dir='ltr'><strong>in</strong></span> <span class='ocrx_word' id='word_1_641' title='bbox 620 4632 812 4686; x_wconf 61' lang='lat' dir='ltr'><strong>caelum</strong></span> <span class='ocrx_word' id='word_1_642' title='bbox 856 4632 1180 4697; x_wconf 90' lang='lat' dir='ltr'><strong>ascendisse,</strong></span> <span class='ocrx_word' id='word_1_643' title='bbox 1221 4633 1369 4701; x_wconf 85' lang='lat' dir='ltr'><strong>plena</strong></span> <span class='ocrx_word' id='word_1_644' title='bbox 1415 4632 1533 4687; x_wconf 90' lang='lat' dir='ltr'><strong>luce</strong></span> <span class='ocrx_word' id='word_1_645' title='bbox 1568 4634 1635 4688; x_wconf 89' lang='lat' dir='ltr'><strong>sit</strong></span> <span class='ocrx_word' id='word_1_646' title='bbox 1674 4634 1900 4700; x_wconf 87' lang='lat' dir='ltr'><strong>clarum,</strong></span> <span class='ocrx_word' id='word_1_647' title='bbox 1943 4649 2111 4703; x_wconf 89' lang='lat' dir='ltr'><strong>eoque</strong></span> 
     </span>
    </p>
   </div>
   <div class='ocr_carea' id='block_1_92' title="bbox 537 4722 2112 4793">
    <p class='ocr_par' dir='ltr' id='par_1_92' title="bbox 537 4722 2112 4793">
     <span class='ocr_line' id='line_1_92' title="bbox 537 4722 2112 4793; baseline -0.001 -14"><span class='ocrx_word' id='word_1_648' title='bbox 537 4723 697 4779; x_wconf 89' lang='lat' dir='ltr'><strong>modo</strong></span> <span class='ocrx_word' id='word_1_649' title='bbox 724 4722 922 4777; x_wconf 90' lang='lat' dir='ltr'><strong>dictum</strong></span> <span class='ocrx_word' id='word_1_650' title='bbox 945 4764 960 4787; x_wconf 95' lang='lat'><strong>,</strong></span> <span class='ocrx_word' id='word_1_651' title='bbox 996 4723 1061 4777; x_wconf 86' lang='lat' dir='ltr'><strong>ad</strong></span> <span class='ocrx_word' id='word_1_652' title='bbox 1085 4723 1341 4793; x_wconf 87' lang='lat' dir='ltr'><strong>judicium</strong></span> <span class='ocrx_word' id='word_1_653' title='bbox 1361 4763 1378 4790; x_wconf 92' lang='lat'><strong>,</strong></span> <span class='ocrx_word' id='word_1_654' title='bbox 1414 4724 1602 4793; x_wconf 86' lang='lat' dir='ltr'><strong>angelo</strong></span> <span class='ocrx_word' id='word_1_655' title='bbox 1633 4733 1858 4779; x_wconf 87' lang='lat' dir='ltr'><strong>testante</strong></span> <span class='ocrx_word' id='word_1_656' title='bbox 1878 4766 1892 4789; x_wconf 92' lang='lat'><strong>,</strong></span> <span class='ocrx_word' id='word_1_657' title='bbox 1924 4735 2112 4778; x_wconf 89' lang='lat' dir='ltr'><strong>ventu-</strong></span> 
     </span>
    </p>
   </div>
   <div class='ocr_carea' id='block_1_93' title="bbox 535 4812 2111 4884">
    <p class='ocr_par' dir='ltr' id='par_1_93' title="bbox 535 4812 2111 4884">
     <span class='ocr_line' id='line_1_93' title="bbox 535 4812 2111 4884; baseline -0.002 -14"><span class='ocrx_word' id='word_1_658' title='bbox 535 4828 673 4875; x_wconf 87' lang='lat' dir='ltr'><strong>rum,</strong></span> <span class='ocrx_word' id='word_1_659' title='bbox 705 4818 843 4869; x_wconf 64' lang='lat' dir='ltr'><strong>ut‘et</strong></span> <span class='ocrx_word' id='word_1_660' title='bbox 883 4812 1047 4868; x_wconf 86' lang='lat' dir='ltr'><strong>Filius</strong></span> <span class='ocrx_word' id='word_1_661' title='bbox 1084 4812 1341 4879; x_wconf 86' lang='lat' dir='ltr'><strong>hominis,</strong></span> <span class='ocrx_word' id='word_1_662' title='bbox 1385 4828 1544 4884; x_wconf 90' lang='lat' dir='ltr'><strong>quem</strong></span> <span class='ocrx_word' id='word_1_663' title='bbox 1582 4813 1770 4870; x_wconf 92' lang='lat' dir='ltr'><strong>beatus</strong></span> <span class='ocrx_word' id='word_1_664' title='bbox 1808 4812 2111 4884; x_wconf 88' lang='lat' dir='ltr'><strong>Stephanus</strong></span> 
     </span>
    </p>
   </div>
   <div class='ocr_carea' id='block_1_94' title="bbox 535 4904 2111 4976">
    <p class='ocr_par' dir='ltr' id='par_1_94' title="bbox 535 4904 2111 4976">
     <span class='ocr_line' id='line_1_94' title="bbox 535 4904 2111 4976; baseline 0.002 -18"><span class='ocrx_word' id='word_1_665' title='bbox 535 4914 738 4976; x_wconf 85' lang='lat' dir='ltr'><strong>martyr</strong></span> <span class='ocrx_word' id='word_1_666' title='bbox 762 4920 792 4960; x_wconf 83' lang='lat' dir='ltr'><strong>a</strong></span> <span class='ocrx_word' id='word_1_667' title='bbox 820 4904 1024 4962; x_wconf 79' lang='lat' dir='ltr'><strong>dextris</strong></span> <span class='ocrx_word' id='word_1_668' title='bbox 1052 4906 1262 4961; x_wconf 89' lang='lat' dir='ltr'><strong>virtutis</strong></span> <span class='ocrx_word' id='word_1_669' title='bbox 1291 4906 1385 4961; x_wconf 88' lang='lat' dir='ltr'><strong>Dei</strong></span> <span class='ocrx_word' id='word_1_670' title='bbox 1430 4906 1563 4961; x_wconf 89' lang='lat' dir='ltr'><strong>vidit</strong></span> <span class='ocrx_word' id='word_1_671' title='bbox 1594 4915 1857 4963; x_wconf 90' lang='lat' dir='ltr'><strong>astantem</strong></span> <span class='ocrx_word' id='word_1_672' title='bbox 1884 4947 1899 4973; x_wconf 94' lang='lat'><strong>,</strong></span> <span class='ocrx_word' id='word_1_673' title='bbox 1942 4908 2111 4961; x_wconf 85' lang='lat' dir='ltr'><strong>mani-</strong></span> 
     </span>
    </p>
   </div>
   <div class='ocr_carea' id='block_1_95' title="bbox 534 5000 2107 5070">
    <p class='ocr_par' dir='ltr' id='par_1_95' title="bbox 534 5000 2107 5070">
     <span class='ocr_line' id='line_1_95' title="bbox 534 5000 2107 5070; baseline 0.001 -18"><span class='ocrx_word' id='word_1_674' title='bbox 534 5000 700 5054; x_wconf 82' lang='lat' dir='ltr'><strong>festus</strong></span> <span class='ocrx_word' id='word_1_675' title='bbox 726 5008 995 5068; x_wconf 88' lang='lat' dir='ltr'><strong>appareat,</strong></span> <span class='ocrx_word' id='word_1_676' title='bbox 1018 5007 1075 5054; x_wconf 89' lang='lat' dir='ltr'><strong>et</strong></span> <span class='ocrx_word' id='word_1_677' title='bbox 1096 5014 1254 5070; x_wconf 90' lang='lat' dir='ltr'><strong>quem</strong></span> <span class='ocrx_word' id='word_1_678' title='bbox 1283 5008 1713 5067; x_wconf 82' lang='lat' dir='ltr'><strong>compunxerunt</strong></span> <span class='ocrx_word' id='word_1_679' title='bbox 1739 5007 2107 5070; x_wconf 88' lang='lat' dir='ltr'><strong>persecutores</strong></span> 
     </span>
    </p>
   </div>
   <div class='ocr_carea' id='block_1_96' title="bbox 528 5088 2105 5160">
    <p class='ocr_par' dir='ltr' id='par_1_96' title="bbox 528 5088 2105 5160">
     <span class='ocr_line' id='line_1_96' title="bbox 528 5088 2105 5160; baseline -0.002 -15"><span class='ocrx_word' id='word_1_680' title='bbox 528 5090 649 5159; x_wconf 82' lang='lat' dir='ltr'><strong>ejus</strong></span> <span class='ocrx_word' id='word_1_681' title='bbox 673 5130 687 5155; x_wconf 95' lang='lat'><strong>,</strong></span> <span class='ocrx_word' id='word_1_682' title='bbox 716 5090 975 5159; x_wconf 88' lang='lat' dir='ltr'><strong>aspiciant</strong></span> <span class='ocrx_word' id='word_1_683' title='bbox 1009 5106 1025 5147; x_wconf 88' lang='lat'><strong>:</strong></span> <span class='ocrx_word' id='word_1_684' title='bbox 1052 5089 1195 5160; x_wconf 89' lang='lat' dir='ltr'><strong>quod</strong></span> <span class='ocrx_word' id='word_1_685' title='bbox 1223 5090 1472 5146; x_wconf 90' lang='lat' dir='ltr'><strong>nimirum</strong></span> <span class='ocrx_word' id='word_1_686' title='bbox 1507 5089 1624 5145; x_wconf 90' lang='lat' dir='ltr'><strong>sine</strong></span> <span class='ocrx_word' id='word_1_687' title='bbox 1652 5089 1829 5144; x_wconf 88' lang='lat' dir='ltr'><strong>carnis</strong></span> <span class='ocrx_word' id='word_1_688' title='bbox 1857 5088 2105 5143; x_wconf 77' lang='lat' dir='ltr'><strong>humana:</strong></span> 
     </span>
    </p>
   </div>
   <div class='ocr_carea' id='block_1_97' title="bbox 533 5170 2105 5255">
    <p class='ocr_par' dir='ltr' id='par_1_97' title="bbox 533 5170 2105 5255">
     <span class='ocr_line' id='line_1_97' title="bbox 533 5170 2105 5255; baseline -0.001 -19"><span class='ocrx_word' id='word_1_689' title='bbox 533 5197 639 5255; x_wconf 87' lang='lat' dir='ltr'><strong>non</strong></span> <span class='ocrx_word' id='word_1_690' title='bbox 670 5190 844 5253; x_wconf 90' lang='lat' dir='ltr'><strong>potest</strong></span> <span class='ocrx_word' id='word_1_691' title='bbox 862 5191 1112 5237; x_wconf 87' lang='lat' dir='ltr'><strong>constare</strong></span> <span class='ocrx_word' id='word_1_692' title='bbox 1139 5181 1361 5237; x_wconf 89' lang='lat' dir='ltr'><strong>materia</strong></span> <span class='ocrx_word' id='word_1_693' title='bbox 1389 5220 1403 5245; x_wconf 92' lang='lat'><strong>,</strong></span> <span class='ocrx_word' id='word_1_694' title='bbox 1433 5170 1588 5250; x_wconf 88' lang='lat' dir='ltr'><strong>cujus</strong></span> <span class='ocrx_word' id='word_1_695' title='bbox 1619 5179 1915 5249; x_wconf 87' lang='lat' dir='ltr'><strong>assumptio</strong></span> <span class='ocrx_word' id='word_1_696' title='bbox 1942 5179 2105 5249; x_wconf 90' lang='lat' dir='ltr'><strong>glori-</strong></span> 
     </span>
    </p>
   </div>
   <div class='ocr_carea' id='block_1_98' title="bbox 472 5268 2107 5343">
    <p class='ocr_par' dir='ltr' id='par_1_98' title="bbox 472 5268 2107 5343">
     <span class='ocr_line' id='line_1_98' title="bbox 472 5268 2107 5343; baseline -0.001 -16"><span class='ocrx_word' id='word_1_697' title='bbox 472 5268 481 5285; x_wconf 67' lang='lat'>‘</span> <span class='ocrx_word' id='word_1_698' title='bbox 533 5274 686 5330; x_wconf 85' lang='lat' dir='ltr'><strong>lleata</strong></span> <span class='ocrx_word' id='word_1_699' title='bbox 716 5284 800 5332; x_wconf 88' lang='lat' dir='ltr'><strong>est</strong></span> <span class='ocrx_word' id='word_1_700' title='bbox 822 5274 1018 5330; x_wconf 82' lang='lat' dir='ltr'><strong>deitate</strong></span> <span class='ocrx_word' id='word_1_701' title='bbox 1042 5314 1059 5339; x_wconf 91' lang='lat'><strong>,</strong></span> <span class='ocrx_word' id='word_1_702' title='bbox 1104 5288 1210 5328; x_wconf 88' lang='lat' dir='ltr'><strong>non</strong></span> <span class='ocrx_word' id='word_1_703' title='bbox 1250 5268 1472 5343; x_wconf 89' lang='lat' dir='ltr'><strong>prorsus</strong></span> <span class='ocrx_word' id='word_1_704' title='bbox 1517 5272 1819 5342; x_wconf 88' lang='lat' dir='ltr'><strong>absumpta.</strong></span> <span class='ocrx_word' id='word_1_705' title='bbox 1860 5270 2013 5328; x_wconf 90' lang='lat' dir='ltr'><strong>Unde</strong></span> <span class='ocrx_word' id='word_1_706' title='bbox 2051 5279 2107 5326; x_wconf 89' lang='lat' dir='ltr'><strong>et</strong></span> 
     </span>
    </p>
   </div>
   <div class='ocr_carea' id='block_1_99' title="bbox 534 5363 2107 5438">
    <p class='ocr_par' dir='ltr' id='par_1_99' title="bbox 534 5363 2107 5438">
     <span class='ocr_line' id='line_1_99' title="bbox 534 5363 2107 5438; baseline -0.003 -17"><span class='ocrx_word' id='word_1_707' title='bbox 534 5369 718 5422; x_wconf 88' lang='lat' dir='ltr'><strong>beatus</strong></span> <span class='ocrx_word' id='word_1_708' title='bbox 742 5368 1011 5438; x_wconf 86' lang='lat' dir='ltr'><strong>apostolus</strong></span> <span class='ocrx_word' id='word_1_709' title='bbox 1034 5368 1264 5422; x_wconf 79' lang='lat' dir='ltr'><strong>Joannes</strong></span> <span class='ocrx_word' id='word_1_710' title='bbox 1287 5366 1416 5421; x_wconf 90' lang='lat' dir='ltr'><strong>dicit</strong></span> <span class='ocrx_word' id='word_1_711' title='bbox 1442 5382 1455 5418; x_wconf 89' lang='lat'><strong>:</strong></span> <span class='ocrx_word' id='word_1_712' title='bbox 1481 5365 1577 5430; x_wconf 85' lang='lat' dir='ltr'><strong>Qui</strong></span> <span class='ocrx_word' id='word_1_713' title='bbox 1604 5374 1747 5434; x_wconf 87' lang='lat' dir='ltr'><strong>negat</strong></span> <span class='ocrx_word' id='word_1_714' title='bbox 1774 5363 2032 5417; x_wconf 82' lang='lat' dir='ltr'><strong>Christum</strong></span> <span class='ocrx_word' id='word_1_715' title='bbox 2054 5365 2107 5417; x_wconf 87' lang='lat' dir='ltr'><strong>in</strong></span> 
     </span>
    </p>
   </div>
   <div class='ocr_carea' id='block_1_100' title="bbox 530 5454 2102 5526">
    <p class='ocr_par' dir='ltr' id='par_1_100' title="bbox 530 5454 2102 5526">
     <span class='ocr_line' id='line_1_100' title="bbox 530 5454 2102 5526; baseline 0 -17"><span class='ocrx_word' id='word_1_716' title='bbox 530 5473 682 5512; x_wconf 77' lang='lat' dir='ltr'><strong>carne</strong></span> <span class='ocrx_word' id='word_1_717' title='bbox 707 5461 911 5526; x_wconf 80' lang='lat' dir='ltr'><strong>venisse,</strong></span> <span class='ocrx_word' id='word_1_718' title='bbox 945 5459 1024 5515; x_wconf 80' lang='lat' dir='ltr'><strong>hic</strong></span> <span class='ocrx_word' id='word_1_719' title='bbox 1052 5468 1123 5513; x_wconf 73' lang='lat' dir='ltr'><strong>est</strong></span> <span class='ocrx_word' id='word_1_720' title='bbox 1146 5456 1471 5511; x_wconf 77' lang='lat' dir='ltr'><strong>antichristus</strong></span> <span class='ocrx_word' id='word_1_721' title='bbox 1495 5454 1669 5514; x_wconf 81' lang='lat' dir='ltr'><strong>(Joan.</strong></span> <span class='ocrx_word' id='word_1_722' title='bbox 1696 5454 1782 5521; x_wconf 84' lang='lat' dir='ltr'><strong>tt);</strong></span> <span class='ocrx_word' id='word_1_723' title='bbox 1823 5464 1876 5510; x_wconf 87' lang='lat' dir='ltr'><strong>ct</strong></span> <span class='ocrx_word' id='word_1_724' title='bbox 1906 5454 2102 5521; x_wconf 79' lang='lat' dir='ltr'><strong>glorio-</strong></span> 
     </span>
    </p>
   </div>
   <div class='ocr_carea' id='block_1_101' title="bbox 528 5593 2103 5679">
    <p class='ocr_par' dir='ltr' id='par_1_101' title="bbox 528 5593 2103 5679">
     <span class='ocr_line' id='line_1_101' title="bbox 528 5593 2103 5679; baseline -0.004 -13"><span class='ocrx_word' id='word_1_725' title='bbox 528 5612 733 5666; x_wconf 73' lang='lat' dir='ltr'><strong>cltiante</strong></span> <span class='ocrx_word' id='word_1_726' title='bbox 756 5613 1037 5679; x_wconf 64' lang='lat' dir='ltr'><strong>haereseos,</strong></span> <span class='ocrx_word' id='word_1_727' title='bbox 1071 5629 1190 5679; x_wconf 68' lang='lat' dir='ltr'><strong>qua:</strong></span> <span class='ocrx_word' id='word_1_728' title='bbox 1211 5614 1418 5669; x_wconf 89' lang='lat' dir='ltr'><strong>detecta</strong></span> <span class='ocrx_word' id='word_1_729' title='bbox 1447 5612 1543 5665; x_wconf 83' lang='lat' dir='ltr'><strong>fuit</strong></span> <span class='ocrx_word' id='word_1_730' title='bbox 1568 5627 1707 5663; x_wconf 83' lang='lat' dir='ltr'><strong>anno</strong></span> <span class='ocrx_word' id='word_1_731' title='bbox 1738 5609 1841 5666; x_wconf 69' lang='lat'><strong>“8</strong></span> <span class='ocrx_word' id='word_1_732' title='bbox 1868 5609 1964 5662; x_wconf 85' lang='lat' dir='ltr'><strong>hoc</strong></span> <span class='ocrx_word' id='word_1_733' title='bbox 1986 5593 2103 5661; x_wconf 87' lang='lat' dir='ltr'><strong>loco</strong></span> 
     </span>
    </p>
   </div>
   <div class='ocr_carea' id='block_1_102' title="bbox 529 5681 2105 5752">
    <p class='ocr_par' dir='ltr' id='par_1_102' title="bbox 529 5681 2105 5752">
     <span class='ocr_line' id='line_1_102' title="bbox 529 5681 2105 5752; baseline -0.004 -15"><span class='ocrx_word' id='word_1_734' title='bbox 529 5694 804 5738; x_wconf 74' lang='lat' dir='ltr'><strong>enunieret</strong></span> <span class='ocrx_word' id='word_1_735' title='bbox 833 5698 997 5737; x_wconf 87' lang='lat' dir='ltr'><strong>annos</strong></span> <span class='ocrx_word' id='word_1_736' title='bbox 1028 5684 1128 5747; x_wconf 72' lang='grc'><strong>43,</strong></span> <span class='ocrx_word' id='word_1_737' title='bbox 1169 5686 1389 5752; x_wconf 88' lang='lat' dir='ltr'><strong>apparet</strong></span> <span class='ocrx_word' id='word_1_738' title='bbox 1429 5699 1546 5737; x_wconf 86' lang='lat' dir='ltr'><strong>eam</strong></span> <span class='ocrx_word' id='word_1_739' title='bbox 1584 5698 1723 5737; x_wconf 70' lang='lat' dir='ltr'><strong>ﬂllll&#39;I</strong></span> <span class='ocrx_word' id='word_1_740' title='bbox 1763 5681 2105 5745; x_wconf 74' lang='lat' dir='ltr'><strong>pontiﬁcatus</strong></span> 
     </span>
    </p>
   </div>
   <div class='ocr_carea' id='block_1_103' title="bbox 572 5816 1360 5885">
    <p class='ocr_par' dir='ltr' id='par_1_103' title="bbox 572 5816 1360 5885">
     <span class='ocr_line' id='line_1_103' title="bbox 572 5816 1360 5885; baseline 0.004 -20"><span class='ocrx_word' id='word_1_741' title='bbox 572 5820 617 5865; x_wconf 77' lang='grc'><em>,⁸</em></span> <span class='ocrx_word' id='word_1_742' title='bbox 661 5817 797 5875; x_wconf 80' lang='lat' dir='ltr'><strong>Edit.</strong></span> <span class='ocrx_word' id='word_1_743' title='bbox 828 5816 1002 5881; x_wconf 65' lang='lat' dir='ltr'><strong>noun,</strong></span> <span class='ocrx_word' id='word_1_744' title='bbox 1038 5816 1360 5885; x_wconf 68' lang='lat' dir='ltr'><strong>nsquirtmm.</strong></span> 
     </span>
    </p>
   </div>
   <div class='ocr_carea' id='block_1_104' title="bbox 2220 4625 3791 4700">
    <p class='ocr_par' dir='ltr' id='par_1_104' title="bbox 2220 4625 3791 4700">
     <span class='ocr_line' id='line_1_104' title="bbox 2220 4625 3791 4700; baseline -0.004 -17"><span class='ocrx_word' id='word_1_745' title='bbox 2220 4642 2456 4700; x_wconf 90' lang='lat' dir='ltr'><strong>quasque</strong></span> <span class='ocrx_word' id='word_1_746' title='bbox 2488 4628 2787 4695; x_wconf 88' lang='lat' dir='ltr'><strong>provincias</strong></span> <span class='ocrx_word' id='word_1_747' title='bbox 2825 4627 3138 4696; x_wconf 87' lang='lat' dir='ltr'><strong>vicinosque</strong></span> <span class='ocrx_word' id='word_1_748' title='bbox 3183 4625 3459 4695; x_wconf 88' lang='lat' dir='ltr'><strong>pontiﬁces</strong></span> <span class='ocrx_word' id='word_1_749' title='bbox 3504 4626 3791 4693; x_wconf 75' lang='lat' dir='ltr'><strong>prudenter</strong></span> 
     </span>
    </p>
   </div>
   <div class='ocr_carea' id='block_1_105' title="bbox 2217 4715 3790 4788">
    <p class='ocr_par' dir='ltr' id='par_1_105' title="bbox 2217 4715 3790 4788">
     <span class='ocr_line' id='line_1_105' title="bbox 2217 4715 3790 4788; baseline -0.008 -14"><span class='ocrx_word' id='word_1_750' title='bbox 2217 4721 2374 4774; x_wconf 83' lang='lat' dir='ltr'><strong>faciat</strong></span> <span class='ocrx_word' id='word_1_751' title='bbox 2403 4718 2707 4788; x_wconf 87' lang='lat' dir='ltr'><strong>pervenire,</strong></span> <span class='ocrx_word' id='word_1_752' title='bbox 2736 4729 2793 4773; x_wconf 91' lang='lat' dir='ltr'><strong>ut</strong></span> <span class='ocrx_word' id='word_1_753' title='bbox 2826 4718 3178 4774; x_wconf 86' lang='lat' dir='ltr'><strong>Ecclesiarum</strong></span> <span class='ocrx_word' id='word_1_754' title='bbox 3215 4715 3497 4785; x_wconf 68' lang='lat' dir='ltr'><strong>pra‘sulcs,</strong></span> <span class='ocrx_word' id='word_1_755' title='bbox 3532 4716 3790 4771; x_wconf 56' lang='lat' dir='ltr'><strong>universa-</strong></span> 
     </span>
    </p>
   </div>
   <div class='ocr_carea' id='block_1_106' title="bbox 2215 4806 3789 4877">
    <p class='ocr_par' dir='ltr' id='par_1_106' title="bbox 2215 4806 3789 4877">
     <span class='ocr_line' id='line_1_106' title="bbox 2215 4806 3789 4877; baseline -0.005 -13"><span class='ocrx_word' id='word_1_756' title='bbox 2215 4810 2451 4865; x_wconf 82' lang='lat' dir='ltr'><strong>veritatis</strong></span> <span class='ocrx_word' id='word_1_757' title='bbox 2482 4810 2829 4865; x_wconf 87' lang='lat' dir='ltr'><strong>instructione</strong></span> <span class='ocrx_word' id='word_1_758' title='bbox 2855 4817 3123 4877; x_wconf 90' lang='lat' dir='ltr'><strong>percepta,</strong></span> <span class='ocrx_word' id='word_1_759' title='bbox 3168 4806 3497 4860; x_wconf 66' lang='lat' dir='ltr'><strong>mortiferam</strong></span> <span class='ocrx_word' id='word_1_760' title='bbox 3522 4806 3789 4859; x_wconf 69' lang='lat' dir='ltr'><strong>declinare</strong></span> 
     </span>
    </p>
   </div>
   <div class='ocr_carea' id='block_1_107' title="bbox 2214 4895 3815 4967">
    <p class='ocr_par' dir='ltr' id='par_1_107' title="bbox 2214 4895 3815 4967">
     <span class='ocr_line' id='line_1_107' title="bbox 2214 4895 3815 4967; baseline -0.004 -12"><span class='ocrx_word' id='word_1_761' title='bbox 2214 4903 2422 4956; x_wconf 89' lang='lat' dir='ltr'><strong>valeant</strong></span> <span class='ocrx_word' id='word_1_762' title='bbox 2462 4901 2765 4956; x_wconf 86' lang='lat' dir='ltr'><strong>falsitatem.</strong></span> <span class='ocrx_word' id='word_1_763' title='bbox 2813 4898 2880 4952; x_wconf 82' lang='lat' dir='ltr'><strong>Et</strong></span> <span class='ocrx_word' id='word_1_764' title='bbox 2917 4897 3215 4967; x_wconf 81' lang='lat' dir='ltr'><strong>subscriptio</strong></span> <span class='ocrx_word' id='word_1_765' title='bbox 3242 4912 3261 4949; x_wconf 92' lang='lat'><strong><em>:</em></strong></span> <span class='ocrx_word' id='word_1_766' title='bbox 3290 4896 3431 4951; x_wconf 84' lang='lat' dir='ltr'><strong>Deus</strong></span> <span class='ocrx_word' id='word_1_767' title='bbox 3459 4909 3554 4949; x_wconf 86' lang='lat' dir='ltr'><strong>vos</strong></span> <span class='ocrx_word' id='word_1_768' title='bbox 3584 4895 3815 4949; x_wconf 81' lang='lat' dir='ltr'><strong>incolu-.</strong></span> 
     </span>
    </p>
   </div>
   <div class='ocr_carea' id='block_1_108' title="bbox 2214 4990 3269 5061">
    <p class='ocr_par' dir='ltr' id='par_1_108' title="bbox 2214 4990 3269 5061">
     <span class='ocr_line' id='line_1_108' title="bbox 2214 4990 3269 5061; baseline -0.004 -13"><span class='ocrx_word' id='word_1_769' title='bbox 2214 5010 2327 5052; x_wconf 88' lang='lat' dir='ltr'><strong>mes</strong></span> <span class='ocrx_word' id='word_1_770' title='bbox 2358 4994 2647 5058; x_wconf 88' lang='lat' dir='ltr'><strong>custodiat,</strong></span> <span class='ocrx_word' id='word_1_771' title='bbox 2678 4992 2870 5047; x_wconf 86' lang='lat' dir='ltr'><strong>fratres</strong></span> <span class='ocrx_word' id='word_1_772' title='bbox 2897 4990 3184 5046; x_wconf 87' lang='lat' dir='ltr'><strong>carissimi.</strong></span> <span class='ocrx_word' id='word_1_773' title='bbox 3242 5037 3269 5061; x_wconf 80' lang='grc'><strong>,</strong></span> 
     </span>
    </p>
   </div>
   <div class='ocr_carea' id='block_1_109' title="bbox 2700 5077 3280 5137">
    <p class='ocr_par' dir='ltr' id='par_1_109' title="bbox 2700 5077 3280 5137">
     <span class='ocr_line' id='line_1_109' title="bbox 2700 5077 3280 5137; baseline -0.009 0"><span class='ocrx_word' id='word_1_774' title='bbox 2700 5082 3026 5137; x_wconf 73' lang='lat' dir='ltr'><strong>EPISTULA</strong></span> <span class='ocrx_word' id='word_1_775' title='bbox 3066 5079 3128 5134; x_wconf 95' lang='lat' dir='ltr'><strong>Ill</strong></span> <span class='ocrx_word' id='word_1_776' title='bbox 3168 5077 3280 5132; x_wconf 68' lang='grc' dir='ltr'><strong>δί’.</strong></span> 
     </span>
    </p>
   </div>
   <div class='ocr_carea' id='block_1_110' title="bbox 2361 5182 3636 5231">
    <p class='ocr_par' dir='ltr' id='par_1_110' title="bbox 2361 5182 3636 5231">
     <span class='ocr_line' id='line_1_110' title="bbox 2361 5182 3636 5231; baseline -0.01 0"><span class='ocrx_word' id='word_1_777' title='bbox 2361 5191 2515 5231; x_wconf 76' lang='grc' dir='ltr'><strong>ΒΕΑΤΙ</strong></span> <span class='ocrx_word' id='word_1_778' title='bbox 2555 5190 2698 5229; x_wconf 65' lang='grc' dir='ltr'><strong>ΡΛΡιΕ</strong></span> <span class='ocrx_word' id='word_1_779' title='bbox 2737 5187 2939 5229; x_wconf 66' lang='grc' dir='ltr'><em>θειλςιι</em></span> <span class='ocrx_word' id='word_1_780' title='bbox 2980 5187 3046 5225; x_wconf 81' lang='grc' dir='ltr'><strong>ΔΙ)</strong></span> <span class='ocrx_word' id='word_1_781' title='bbox 3085 5185 3330 5224; x_wconf 71' lang='grc' dir='ltr'><em>αΑτΑιειι</em></span> <span class='ocrx_word' id='word_1_782' title='bbox 3372 5182 3636 5221; x_wconf 69' lang='grc' dir='ltr'><strong>ΔΒΒΛΤΕΙ.</strong></span> 
     </span>
    </p>
   </div>
   <div class='ocr_carea' id='block_1_111' title="bbox 2281 5256 3775 5324">
    <p class='ocr_par' dir='ltr' id='par_1_111' title="bbox 2281 5256 3775 5324">
     <span class='ocr_line' id='line_1_111' title="bbox 2281 5256 3775 5324; baseline -0.015 -2"><span class='ocrx_word' id='word_1_783' title='bbox 2281 5267 2635 5324; x_wconf 90' lang='lat' dir='ltr'><strong>Dilectissimo</strong></span> <span class='ocrx_word' id='word_1_784' title='bbox 2666 5264 2772 5318; x_wconf 85' lang='lat' dir='ltr'><strong>lilio</strong></span> <span class='ocrx_word' id='word_1_785' title='bbox 2802 5263 2971 5317; x_wconf 84' lang='lat' dir='ltr'><strong>Natali</strong></span> <span class='ocrx_word' id='word_1_786' title='bbox 3002 5262 3179 5316; x_wconf 88' lang='lat' dir='ltr'><strong>abbati</strong></span> <span class='ocrx_word' id='word_1_787' title='bbox 3206 5256 3447 5313; x_wconf 80' lang='lat' dir='ltr'><strong>Gelasius</strong></span> <span class='ocrx_word' id='word_1_788' title='bbox 3476 5257 3775 5324; x_wconf 78' lang='lat' dir='ltr'><strong>episcopus.</strong></span> 
     </span>
    </p>
   </div>
   <div class='ocr_carea' id='block_1_112' title="bbox 2281 5345 3780 5427">
    <p class='ocr_par' dir='ltr' id='par_1_112' title="bbox 2281 5345 3780 5427">
     <span class='ocr_line' id='line_1_112' title="bbox 2281 5345 3780 5427; baseline -0.014 -13"><span class='ocrx_word' id='word_1_789' title='bbox 2281 5359 2534 5427; x_wconf 87' lang='lat' dir='ltr'><strong>Quamvis</strong></span> <span class='ocrx_word' id='word_1_790' title='bbox 2572 5370 2668 5425; x_wconf 91' lang='lat' dir='ltr'><strong>pro</strong></span> <span class='ocrx_word' id='word_1_791' title='bbox 2697 5354 2834 5409; x_wconf 88' lang='lat' dir='ltr'><strong>beati</strong></span> <span class='ocrx_word' id='word_1_792' title='bbox 2866 5353 3008 5409; x_wconf 85' lang='lat' dir='ltr'><strong>Petri</strong></span> <span class='ocrx_word' id='word_1_793' title='bbox 3039 5349 3263 5421; x_wconf 86' lang='lat' dir='ltr'><strong>apostoli</strong></span> <span class='ocrx_word' id='word_1_794' title='bbox 3303 5345 3665 5421; x_wconf 59' lang='lat' dir='ltr'><strong>moderamine</strong></span> <span class='ocrx_word' id='word_1_795' title='bbox 3707 5345 3780 5395; x_wconf 85' lang='lat' dir='ltr'><strong>d-</strong></span> 
     </span>
    </p>
   </div>
   <div class='ocr_carea' id='block_1_113' title="bbox 2212 5437 3778 5504">
    <p class='ocr_par' dir='ltr' id='par_1_113' title="bbox 2212 5437 3778 5504">
     <span class='ocr_line' id='line_1_113' title="bbox 2212 5437 3778 5504; baseline -0.011 0"><span class='ocrx_word' id='word_1_796' title='bbox 2212 5453 2409 5504; x_wconf 86' lang='lat' dir='ltr'><strong>vmitns</strong></span> <span class='ocrx_word' id='word_1_797' title='bbox 2441 5447 2702 5503; x_wconf 89' lang='lat' dir='ltr'><strong>instituto.</strong></span> <span class='ocrx_word' id='word_1_798' title='bbox 2733 5460 2839 5502; x_wconf 85' lang='lat' dir='ltr'><strong>ouo</strong></span> <span class='ocrx_word' id='word_1_799' title='bbox 2878 5443 3021 5499; x_wconf 91' lang='lat' dir='ltr'><strong>sedis</strong></span> <span class='ocrx_word' id='word_1_800' title='bbox 3058 5442 3175 5497; x_wconf 85' lang='lat' dir='ltr'><strong>eius</strong></span> <span class='ocrx_word' id='word_1_801' title='bbox 3214 5438 3395 5494; x_wconf 89' lang='lat' dir='ltr'><strong>vicarii</strong></span> <span class='ocrx_word' id='word_1_802' title='bbox 3429 5437 3633 5493; x_wconf 87' lang='lat' dir='ltr'><strong>cunctis</strong></span> <span class='ocrx_word' id='word_1_803' title='bbox 3663 5442 3778 5489; x_wconf 86' lang='lat' dir='ltr'><strong>sunt</strong></span> 
     </span>
    </p>
   </div>
   <div class='ocr_carea' id='block_1_114' title="bbox 2214 5601 3403 5676">
    <p class='ocr_par' dir='ltr' id='par_1_114' title="bbox 2214 5601 3403 5676">
     <span class='ocr_line' id='line_1_114' title="bbox 2214 5601 3403 5676; baseline -0.007 -15"><span class='ocrx_word' id='word_1_804' title='bbox 2214 5606 2407 5661; x_wconf 80' lang='lat' dir='ltr'><strong>Gelasii</strong></span> <span class='ocrx_word' id='word_1_805' title='bbox 2432 5607 2600 5676; x_wconf 86' lang='lat' dir='ltr'><strong>primo</strong></span> <span class='ocrx_word' id='word_1_806' title='bbox 2628 5605 2875 5673; x_wconf 75' lang='lat' dir='ltr'><strong>scriptam</strong></span> <span class='ocrx_word' id='word_1_807' title='bbox 2901 5616 3041 5656; x_wconf 61' lang='lat' dir='ltr'><strong>esse.</strong></span> <span class='ocrx_word' id='word_1_808' title='bbox 3072 5603 3196 5656; x_wconf 72' lang='lat' dir='ltr'><strong>St&quot;.</strong></span> <span class='ocrx_word' id='word_1_809' title='bbox 3232 5601 3403 5653; x_wconf 64' lang='lat' dir='ltr'><strong>limus</strong></span> 
     </span>
    </p>
   </div>
  </div>
