4104 6356
252 374 317 431 25
1448 365 1799 424 EPISTUtaE
1840 365 1925 422 ET
1968 367 2303 424 ttECttETa.
3438 364 3501 426 θ’

250 485 490 547 ecclesiis
526 483 817 547 debitores,
849 481 911 535 ad
956 480 1151 539 fratres
1188 489 1241 533 et
1281 481 1630 550 coepiscopos
1672 495 1822 535 meos
1854 483 1898 539 Α
1931 495 2047 534 mus
2074 496 2296 550 operam
2336 482 2582 550 quidem,
2616 482 2659 537 si
2703 482 2914 552 aliquos
2959 496 3023 537 ex
3072 482 3207 548 illis,
3254 495 3492 552 operanti’

250 594 342 647 per
383 577 697 632 Dardaniam
741 576 1058 628 constitutos
1097 573 1453 643 competentia
1496 572 1694 642 scripta
1728 573 1822 628 de-

258 668 511 731 ieiimus,
558 666 790 733 antiquae
836 664 956 717 fidei
1004 662 1395 717 communionis
1414 678 1503 731 lue
1554 663 1820 718 tramitem

256 764 652 827 Subsequentes,
676 766 731 810 ιιι
756 769 943 810 cavere
968 755 1175 809 valeant
1200 756 1440 824 contagia
1472 753 1819 823 perfidorum,

254 863 297 904 et
345 850 620 901 nobiscum
679 847 938 900 illibatum
993 854 1179 901 tenere
1226 845 1591 909 consortium;
1644 854 1822 900 tamen

253 938 588 994 diter-tionem
626 952 835 1006 quoque
882 947 1023 990 tuam
1073 951 1178 989 nou
1213 934 1226 965 ¹
1267 934 1570 990 desutimus
1609 934 1823 991 deside-

252 1038 426 1085 rantes
456 1029 633 1092 affari,
661 1027 811 1097 cujus
843 1026 1257 1081 sollicitudinem
1286 1027 1352 1081 de
1392 1026 1567 1081 noxiis
1606 1027 1828 1097 quibus-

253 1137 353 1191 que
400 1120 655 1182 vitandis,
696 1127 749 1173 et
803 1120 854 1171 iu
913 1117 1205 1172 retinendis
1258 1133 1378 1187 qua:
1429 1117 1493 1171 ad
1543 1118 1824 1171 utilitatem

257 1214 515 1283 pertinent
538 1211 924 1277 Christianam,
957 1210 1277 1265 laudabilem
1310 1204 1677 1280 perspeximus
1706 1225 1827 1264 esse

255 1303 545 1371 ferrarem,
588 1317 652 1356 ex
696 1302 889 1356 litteris
918 1304 937 1332 ¹
978 1299 1185 1356 scilicet
1230 1317 1363 1371 quas
1400 1300 1465 1355 ad
1517 1302 1733 1356 fratrem
1774 1310 1830 1356 et

250 1395 621 1463 coepit-ceptum
655 1409 832 1448 meum
863 1393 1120 1448 Serenum
1166 1400 1254 1447 tua
1289 1392 1482 1447 caritas
1518 1391 1822 1447 destinavit.

249 1486 269 1517 ³
301 1486 527 1541 Proinde
553 1486 987 1541 cotlahorandum
1015 1484 1117 1539 sibi
1159 1493 1245 1538 tua
1290 1485 1509 1539 dilectio
1545 1484 1828 1555 perpendit

252 1577 538 1647 Evangelia
582 1578 702 1643 Dei,
747 1588 801 1632 et
837 1577 858 1608 δ
892 1587 1109 1633 internae
1150 1576 1335 1630 salutis
1375 1576 1622 1630 intuitum
1668 1574 1826 1629 etiam

248 1668 586 1722 adversantia
608 1674 839 1737 'quzeque
865 1667 1141 1722 tolerando
1170 1676 1508 1732 constanter;
1540 1677 1598 1721 ut
1626 1664 1827 1720 nullum

247 1762 471 1823 subea<,
505 1760 644 1829 quod
686 1762 817 1812 ah~it
839 1803 853 1825 ,
886 1760 1122 1814 cmlestis
1170 1760 1321 1830 regni
1359 1760 1731 1829 diSpendium,
1764 1759 1830 1814 ad

1931 570 2179 638 Domino,
2210 572 2419 626 salvare
2453 572 2718 639 possimus
2751 592 2764 626 :
2805 571 3071 640 alioquin,
3101 573 3239 628 sicut
3267 573 3340 629 ait
3371 575 3497 643 Apo-

1927 662 2116 728 stolus,
2147 672 2193 718 te
2217 664 2385 734 ipsum
2409 674 2604 717 castum
2632 664 2828 718 custodi
2862 663 2914 736 (1
2942 661 3071 718 Tim.
3102 680 3157 730 v,
3176 663 3294 735 22).
3329 664 3501 722 Perire

1928 754 2217 808 vo'eutium
2262 754 2495 809 nitamur
2533 753 2806 809 declinare
2854 757 3179 825 perniciem;
3228 766 3318 826 et,
3368 754 3505 827 quod

1928 850 2102 904 sutum
2145 848 2324 905 facere
2366 850 2677 915 debeamus,
2721 849 2953 904 divinam
2996 866 3095 919 pro
3140 851 3243 907 illis
3282 866 3508 908 exorare

1929 940 2299 1006 clementiam,
2328 948 2385 995 ut
2432 928 2747 1011 resipiscam
2773 955 2801 993 a
2842 939 3037 993 diaboli
3082 940 3287 1010 laqueis
3330 956 3361 996 a
3405 956 3513 1011 quo

1928 1032 2067 1101 capti
2097 1032 2407 1093 detinentur
2437 1031 2463 1070 δ
2494 1032 2563 1087 ab
2611 1031 2775 1100 ipsius
2808 1032 3117 1085 voluntate:
3150 1042 3207 1086 ut
3240 1033 3306 1087 ab
3349 1034 3514 1090 obsti-

1932 1127 2146 1178 natione
2176 1122 2448 1177 mortifera
2492 1122 2840 1192 respirantes,
2888 1131 3088 1189 pestem
3120 1136 3278 1191 quam
3310 1136 3369 1175 se
3409 1122 3511 1191 hu-_

1939 1216 2169 1269 manitus
2211 1214 2460 1268 incidisse
2494 1215 2655 1269 etiam
2696 1213 2795 1282 ipsi
2833 1214 3104 1276 sentiunt,
3148 1211 3316 1265 inutili
3361 1227 3514 1268 verc-

1931 1304 2136 1359 cundizc
2170 1306 2423 1373 languore
2462 1301 2727 1370 deposito,
2773 1302 2837 1355 ad
2862 1299 3224 1370 recuperandi
3272 1302 3513 1356 remedia

1931 1396 2248 1464 sempiterni
2285 1394 2453 1449 libero
2484 1394 2644 1447 corde
2683 1392 3015 1460 resipiscam.
3052 1392 3142 1445 Itis
3170 1406 3301 1461 ergo
3328 1393 3513 1461 cogni-

1934 1487 1999 1541 tis
2024 1502 2142 1555 qttrc
2172 1486 2309 1540 sicut
2337 1485 2566 1539 diximus
2608 1485 2674 1539 ad
2722 1486 2999 1553 regionum
3043 1493 3341 1538 vestrarum
3387 1493 3513 1537 sunt

1934 1577 2134 1632 directa
2178 1575 2487 1647 pontifices,
2532 1586 2587 1630 et
2630 1574 2731 1645 ipsi
2780 1583 3091 1644 protegente
3147 1587 3242 1628 vos
3289 1572 3513 1628 Domino

1936 1667 2143 1722 debetis
2188 1682 2310 1722 esse
2362 1666 2745 1721 convenienter
2800 1665 3074 1730 instructi,
3124 1674 3178 1719 et
3224 1664 3512 1733 provinciis

1936 1759 2119 1812 cadem
2152 1758 2448 1827 quibueque
2480 1758 2500 1787 ⁸
2530 1756 2792 1824 contiguis
2840 1754 3155 1809 fiducialiter
3198 1756 3511 1823 praedicare.

249 1850 392 1917 quod
425 1859 602 1917 utique
638 1848 737 1901 ﬂiai
773 1847 1004 1916 legitime
1033 1849 1339 1912 certaveris,
1376 1865 1479 1903 non
1528 1860 1677 1917 potes
1710 1865 1830 1917 per-
1861 1844 1906 1903 Β
1933 1849 2071 1903 Nihil
2102 1857 2183 1902 est
2211 1849 2349 1901 enim
2382 1848 2521 1916 quod
2565 1862 2763 1915 pavere
2801 1846 3114 1909 debeamus,
3154 1859 3274 1899 cum
3305 1857 3510 1899 certum

252 1941 458 1994 venire.
496 1939 668 1994 Tanto
703 1939 881 2003 enim,
929 1948 1218 2009 prmstante
1266 1939 1513 2003 Domino,
1558 1938 1711 1993 nobis
1752 1948 1833 1993 est

252 2033 558 2086 instandum
592 2031 1047 2101 vigilandumque,
1083 2039 1281 2101 quanto
1315 2031 1414 2086 sub
1444 2031 1558 2100 ipso
1590 2030 1698 2085 fine
1720 2030 1830 2100 jam

250 2122 433 2177 mundi
463 2121 827 2175 vehemenrior
870 2121 1087 2175 humani
1126 2120 1339 2190 generis
1382 2121 1552 2176 hostis
1583 2122 1831 2177 insistere

248 2230 356 2268 non
402 2213 643 2280 quiescit.
688 2211 829 2265 Nihil
877 2211 1240 2282 significamus
1290 2211 1575 2279 omissum,
1621 2221 1646 2250 α
1688 2214 1829 2284 quod

247 2316 335 2358 aut
368 2304 685 2359 correctioni
712 2319 891 2357 rerum
934 2318 1067 2374 quas
1097 2303 1149 2357 in
1183 2304 1445 2360 Ecclesias
1469 2305 1704 2361 Orientis
1743 2320 1830 2362 se-

249 2395 471 2451 minavit
492 2397 757 2462 inimicus,
789 2396 1004 2450 Patrum
1031 2395 1228 2466 regulis
1254 2407 1636 2467 congruentem
1664 2398 1831 2467 possit

248 2487 505 2542 adbibere
535 2488 877 2541 medicinam.
917 2484 1022 2541 Sed
1052 2485 1177 2556 quid
1210 2486 1471 2542 facimus?
1511 2488 1631 2559 quia
1661 2488 1830 2544 obdu-

250 2580 379 2633 ratis
409 2574 621 2633 auribus
657 2592 839 2632 vocem
883 2576 1151 2647 refugiunt
1184 2579 1425 2634 veritatis
1463 2580 1670 2647 audire,
1716 2589 1830 2634 tan-

251 2679 408 2740 taque
435 2673 511 2724 vis
539 2669 707 2725 morbi
739 2671 1011 2725 szevientis
1042 2668 1312 2736 incubuit,
1344 2679 1404 2724 ut
1432 2685 1613 2725 secum
1644 2672 1831 2727 malint

250 2767 425 2820 salvos
451 2778 690 2834 quosque
728 2762 997 2818 lctbaliter
1028 2770 1316 2831 :egrotare,
1357 2776 1515 2831 quam
1556 2762 1654 2832 ipsi
1688 2763 1827 2818 reci-

249 2846 720 2925 peresanitatem;
752 2868 890 2907 nunc
923 2851 1223 2905 inficiantes
1252 2852 1497 2906 universa
1530 2868 1648 2922 quae
1688 2853 1830 2923 ipso-

248 2963 365 3001 rum
397 2946 615 3015 chartis,
647 2947 882 3016 ipsorum
910 2943 1392 3014 subscriptionibus
1430 2946 1823 3016 approbamus;

248 3058 390 3096 nunc
431 3056 551 3095 cum
602 3039 879 3094 manifesta
924 3054 1101 3093 rerum
1158 3039 1352 3093 fuerint
1399 3038 1519 3094 luce
1565 3042 1824 3107 convicti,

246 3132 424 3203 palam
463 3124 748 3201 aperteque
776 3129 1001 3183 fatentes
1048 3144 1285 3183 errorem
1310 3171 1324 3196 ,
1366 3130 1506 3183 nolle
1551 3145 1608 3186 se
1649 3141 1825 3195 tamen

1934 1939 2059 1993 sita
2090 1937 2292 1991 ctelesti
2340 1935 2576 1990 Prmsule
2617 1951 2721 1989 non
2760 1934 3056 2003 derelinqui
3097 1950 3230 2003 quos
3260 1950 3373 1988 sua:
3414 1949 3509 1988 ve-

1933 2033 2105 2089 ritatis
2137 2032 2382 2102 prmstitit
2408 2045 2554 2084 arma
2588 2038 2847 2093 tractare;
2883 2044 2980 2082 nec
3009 2029 3295 2099 quidquam
3329 2028 3511 2081 videa-

1931 2139 2053 2179 mus
2093 2125 2140 2177 ci
2190 2124 2460 2176 ullatenus
2500 2119 2922 2190 praeferendum,
2970 2133 3088 2171 cum
3132 2118 3271 2186 ipsas
3308 2118 3513 2195 animas

1932 2224 2142 2272 nostras
2175 2229 2271 2284 pro
2308 2227 2493 2268 earum
2539 2226 2638 2267 nos
2668 2211 2898 2264 voluerit
2941 2209 3113 2263 salute
3145 2217 3510 2263 contemnere.

1930 2309 2169 2376 Qualiter
2214 2316 2391 2363 autem
2424 2306 2505 2361 vel
2539 2304 2781 2374 proficiat
2826 2303 3019 2357 ibidem
3062 2300 3331 2371 religionis
3377 2300 3511 2355 inte«

1928 2403 2127 2475 gritas,
2183 2402 2264 2455 vel
2316 2400 2442 2469 quid
2498 2398 2718 2453 forsitan
2767 2404 3062 2457 asseratur,
3113 2395 3306 2461 smpius
3358 2393 3511 2449 nobis

1929 2505 2108 2549 vestra
2137 2492 2353 2547 dilectio
2382 2506 2486 2545 non
2516 2491 2728 2545 omittat
2754 2487 3069 2551 ostendere;
3101 2494 3156 2539 ut
3184 2485 3505 2551 necessaria,

1930 2587 2144 2641 Christo
2169 2586 2465 2652 tribuente,
2507 2582 2745 2638 subsidia
2788 2582 3058 2650 responsis
3099 2578 3511 2649 congruentibus

1932 2679 2318 2734 ministrentus.

2062 2768 2273 2825 διώκνί
2276 2769 2381 2835 ptio
2410 2783 2576 2840 papw.

1934 2865 2071 2920 Deus
2102 2874 2153 2918 te
2180 2863 2494 2918 incolumem
2527 2859 2812 2927 cus:oJiat,
2845 2857 2916 2912 fili
2947 2843 3310 2911 dilectissime.

2088 2999 2415 3055 EPISTULA
2456 2997 2519 3052 IV
2560 2998 2690 3053 SEU
2734 3008 2756 3035 ο
2796 2994 3368 3065 COMMONITORIUM

2005 3108 2067 3146 Αι
2103 3094 2121 3107 ’
2158 3106 2396 3147 γλυετυιι
2434 3105 2730 3145 IAGISTBUI
2777 3103 3093 3143 FDNGliNTl-II
3134 3102 3439 3143 LEGATIONII

2338 3176 2545 3216 OFFICIO
2580 3174 3062 3215 CONSTANTINOPOL!
3071 3198 3085 3213 .

248 3226 449 3281 reverti
488 3225 552 3277 ad
580 3224 719 3278 viam
760 3239 903 3294 pura:
944 3225 1294 3282 confessionis
1331 3224 1825 3299 co‘mmunionisque

1932 3254 2169 3306 Acacium
2184 3254 2304 3323 jure
2324 3270 2354 3305 a
2375 3254 2496 3306 sede
2517 3252 2797 3321 apostolica
2826 3254 3147 3323 damnatum,
3171 3258 3217 3301 rt
3237 3248 3297 3300 in.
3308 3263 3505 3323 acom-

246 3319 269 3349 ⁸
299 3325 598 3381 .estantur;
630 3315 722 3369 sed
764 3330 861 3369 nos
905 3317 1081 3385 potius
1125 3328 1432 3385 exspectant
1471 3320 1579 3374 suis
1626 3337 1827 3390 prmia-

246 3407 569 3464 ricatoribus
606 3406 887 3475 implicari.
931 3406 1286 3478 Quapropter,
1330 3410 1584 3480 largiente
1631 3396 1828 3466 Christi

246 3499 447 3572 gratia.
481 3497 685 3565 magnis
714 3496 903 3550 studiis
935 3507 1016 3553 est
1054 3499 1347 3568 agendum,
1379 3509 1435 3554 ut
1476 3502 1597 3571 quia
1628 3501 1695 3557 de
1724 3506 1827 3557 vita

248 3596 503 3659 perpetua
548 3586 628 3639 vel
660 3585 949 3639 amittenda
990 3602 1076 3641 res
1121 3588 1296 3658 agitur
1324 3591 1407 3644 vel
1455 3592 1679 3646 tenenda
1736 3594 1827 3650 de-

323 3732 348 3759 ι
381 3722 658 3793 Quodaut
818 3734 904 3777 aut
952 3732 1157 3791 patrum
1195 3725 1401 3793 regulis.
1440 3724 1529 3781 Sic
1571 3727 1828 3784 Maﬂ‘eius.

254 3793 361 3848 Sed
390 3809 512 3848 cum
544 3792 938 3847 incommodum
968 3794 1037 3847 sit
1064 3795 1353 3848 secundum
1383 3806 1470 3850 aut
1491 3838 1504 3862 ,
1530 3799 1829 3855 redundare

251 3864 474 3919 uroinde
506 3862 714 3916 videtur
742 3871 795 3916 et
825 3865 1074 3925 primum.

377 3935 536 3988 Deest
560 3934 697 4000 apud
731 3932 993 3987 Mafl‘eium
1023 3934 1326 4000 praepos'tio
1349 3936 1433 3992 ab.

372 4006 502 4058 Cum
528 4003 570 4057 Τ
576 4002 890 4057 heudoricus
911 4002 1205 4058 Gothorum
1234 4020 1350 4071 rex,
1385 4015 1502 4073 post
1525 4008 1823 4065 Odoacrem

250 4088 433 4142 regem
480 4073 793 4128 ﬂerulorum
837 4074 1105 4127 devictum
1148 4084 1199 4127 et
1239 4079 1505 4141 occisum,
1556 4095 1656 4132 una
1703 4097 1824 4134 cum

254 4145 506 4197 Itavenna
540 4146 742 4212 integra
778 4142 921 4196 ltalia
966 4144 1160 4208 potitus
1188 4155 1361 4207 esset,
1405 4146 1546 4199 bello
1575 4150 1826 4202 diuturno

253 4214 500 4282 fatigatus
521 4216 586 4267 ad
607 4213 946 4284 Anastasium
970 4213 1345 4280 imperatorem
1364 4215 1822 4284 Constantinopoli

251 4276 572 4356 dr-g'entem,
615 4283 749 4356 duos
778 4276 942 4337 ltosce
984 4276 1186 4356 legatos
1217 4285 1469 4356 Faustum
1515 4276 1823 4356 magistrum

252 4353 587 4417 officiorum,
622 4365 680 4407 et
713 4354 971 4424 Irentnum
1000 4353 1294 4423 ablegavit,
1333 4358 1420 4424 qui
1449 4356 1515 4411 ad
1544 4353 1821 4413 obtentum

256 4424 418 4496 Italia:
447 4439 660 4491 regnum
692 4423 887 4496 rectius
915 4424 1321 4496 stabiliendum,
1353 4423 1537 4496 pacem
1567 4428 1667 4483 sibi
1697 4444 1826 4491 con-

252 4495 371 4548 cedi
415 4505 651 4561 peterent
693 4502 746 4548 et
778 4494 1148 4562 impetrarent.
1200 4494 1310 4549 Hac
1347 4494 1631 4553 occasione
1669 4498 1826 4554 Gela-

252 4565 368 4616 sius
402 4579 563 4631 papa,
606 4579 746 4617 anno
774 4564 1109 4631 pontificatus
1136 4566 1217 4618 sui
1244 4566 1313 4630 ‘2,
1346 4568 1498 4622 alteri
1530 4570 1820 4635 legatorum

2002 3319 2344 3377 nuuticatioue
2371 3319 2626 3375 martuum
2652 3338 2750 3375 non
2778 3337 2924 3393 posse
2956 3319 3171 3385 absolvi,
3200 3328 3244 3372 rt
3272 3335 3386 3372 cum
3416 3320 3505 3372 illo

2002 3410 2100 3445 non
2137 3394 2628 3447 communicandum.
3500 3392 3501 3395 “

2006 3508 2115 3577 Ego
2142 3521 2348 3577 quo-lue
2381 3515 2560 3569 mente
2601 3506 2812 3574 percepi
2854 3506 2948 3577 [aL
2999 3504 3248 3575 praecepi]
3292 3505 3507 3561 Grrecos

1933 3604 1983 3656 in
2014 3616 2109 3657 sua
2135 3600 2492 3656 obstinatione
2520 3613 2823 3660 mansuros,
2852 3613 2951 3653 nec
2974 3597 3056 3652 cui
3090 3598 3232 3651 velut
3266 3598 3506 3662 inspera-

1932 3745 2116 3788 contra
2162 3731 2463 3801 pontificem
2513 3732 2809 3785 Romanum
2856 3729 3118 3801 Anastasii
3169 3729 3506 3795 imperatoris

1933 3800 2209 3867 invidiam,
2230 3804 2297 3861 .in
2326 3803 2514 3870 vulgus
2541 3803 2800 3869 sparserit
2831 3803 3003 3870 ipsum
3031 3800 3369 3856 Auastasium
3407 3801 3505 3857 im-

1933 3885 2255 3941 peratorem,
2286 3888 2457 3941 neque
2486 3875 2554 3924 ab
2583 3872 2835 3941 episcopo
2866 3872 3015 3927 urbis
3043 3873 3245 3937 ltonrr,
3281 3888 3449 3939 neque
3474 3883 3505 3929 I

1933 3945 2175 3997 Roiuano
2204 3954 2386 3997 senatu
2418 3942 2613 4011 recipi,
2644 3942 2885 4012 adeoque
2915 3942 3290 4012 imperatorem
3315 3950 3504 4012 contra

1934 4013 2129 4068 Urbem
2163 4022 2217 4067 et
2246 4010 2553 4081 episcopum
2581 4010 2951 4066 commoverit.
3005 4011 3082 4066 Ne
3126 4010 3504 4081 igitur-horum

1931 4084 2214 4138 occasione
2246 4079 2479 4136 ltiomana
2510 4082 2743 4136 Ecclesia
2792 4083 2845 4134 in
2888 4082 3178 4134 discrimen
3214 4079 3505 4135 adducere-

1933 4163 2040 4215 tur,
2060 4163 2220 4220 atque
2246 4153 2385 4205 inter
2407 4152 2541 4204 duos
2570 4150 3146 4220 hmreticosprincipes
3168 4149 3503 4220 A_t_tastasitim

1931 4232 1985 4275 et
2005 4216 2647 4297 Tlieodoricumarctnta,
2676 4218 2979 4297 durioribus
3005 4216 3267 4297 angustiis
3294 4231 3505 4297 preme-

1933 4300 2101 4356 retur,
2144 4289 2341 4343 Fausto
2370 4286 2665 4341 officiorum
2695 4288 2968 4357 magistro,
3000 4287 3116 4339 viro
3150 4286 3500 4357 pientissimo,

1934 4370 2094 4416 tant.e
2126 4360 2282 4414 molis
2325 4357 2594 4423 negotium
2622 4356 2876 4421 credidit,
2926 4366 2985 4410 ut
3027 4372 3149 4410 cum
3195 4364 3339 4410 esset
3363 4356 3501 4411 (Zon-

1916 4431 2307 4497 .stautitmpoli,
2358 4428 2566 4497 objecta
2608 4427 2873 4493 dilueret,
2923 4436 3120 4482 tentata
3165 4424 3499 4497 destrueret,

1930 4513 2090 4571 atque
2128 4496 2404 4571 sequester
2430 4496 2589 4571 pacis
2620 4501 2896 4571 existens,
2925 4496 3503 4571 Orientalisﬁcclesim

1931 4566 2049 4626 eum
2082 4566 2411 4626 Uccidemali
2442 4566 2751 4623 conciliator
2780 4566 3086 4623 accederet.
3121 4566 3395 4622 Profectus
3421 4579 3503 4622 est

256 4636 458 4716 ξίιιιῖιί)
482 4635 780 4716 officiorum
812 4635 1080 4716 magiStro
1108 4650 1333 4716 causam
1374 4638 1514 4691 illam
1541 4655 1675 4716 qua:
1702 4656 1821 4716 cum
1856 4657 1903 4716 υ
1935 4644 2195 4716 Faustus,
2240 4642 2586 4716 gnaviterque
2625 4649 2930 4716 susceptum
2962 4637 3233 4716 negotium
3266 4640 3501 4716 peregit;

256 4704 555 4770 Euphemio
605 4704 1196 4770 Constantinopolitano
1248 4706 1423 4761 adlmc
1475 4704 1822 4765 schismatico

256 4775 584 4847 vertebatur,
617 4774 1035 4847 commendavit,
1066 4783 1125 4828 ιιι
1153 4777 1469 4845 mquissimis
1496 4779 1824 4847 jussionibus

258 4845 511 4898 Ecclesia:
543 4844 793 4897 Romana:
822 4844 1229 4913 obtemperans,
1261 4844 1510 4911 ejusdem
1530 4850 1826 4902 communi-

256 4915 521 4968 cationem
553 4918 810 4968 hactenus
840 4914 1030 4968 frustra
1078 4916 1368 4982 expetitam
1416 4921 1670 4980 consepti
1717 4936 1827 4973 mes

259 4996 486 5039 roretur.
516 4984 683 5053 Hujus
706 4986 900 5053 negotii
922 4985 1235 5053 expediendi
1261 4987 1395 5043 ratio
1425 4991 1707 5044 commissa
1744 5000 1827 5045 est

258 5053 457 5128 lfausto
496 5071 564 5128 ea
598 5058 669 5128 de
706 5070 896 5128 causa,
940 5056 1078 5128 quod
1126 5057 1451 5124 Euphemius
1494 5061 1822 5128 patriarcha,

261 5124 456 5178 Gelasii
484 5125 724 5194 epistolis
753 5122 971 5178 duabus
988 5122 1309 5191 admonitus,
1349 5122 1541 5182 nomen
1574 5132 1749 5184 Aca'cii
1795 5122 1826 5185 (Ξ

260 5194 453 5269 tabuiis
481 5194 648 5269 sacris
675 5208 777 5269 non
806 5195 1097 5269 modo_n_on
1122 5203 1459 5264 expunxcrit,
1490 5200 1582 5253 sed
1609 5209 1663 5253 et
1686 5201 1829 5269 ejus-

258 5265 381 5318 dem
411 5265 727 5336 defendendi
778 5265 1130 5336 patrocinium
1178 5271 1506 5335 susceperit,
1562 5265 1731 5336 atque'
1764 5287 1829 5326 ea

262 5349 378 5408 qua-f
398 5334 827 5408 solent_h:eretici
853 5344 907 5389 et
929 5333 1253 5408 schismatici
1282 5333 1464 5392 contra
1491 5333 1673 5394 Sedeat
1700 5356 1829 5408 apu-

264 5405 501 5459 stolieam
518 5404 830 5471 cffutivcrit;
853 5405 1101 5475 quodque
1122 5405 1359 5472 domum,
1377 5408 1442 5462 ad
1461 5404 1830 5466 concitandam

336 5526 351 5553 ⁸
386 5524 441 5579 In
471 5523 625 5587 edit.,
657 5524 963 5577 desistimus.

335 5593 355 5621 '
388 5595 441 5645 lu
470 5593 623 5657 edit.,
647 5610 708 5646 ex
738 5592 916 5647 litteris
941 5594 1211 5661 siquidem.

276 5716 285 5721 .
336 5663 357 5693 ³
387 5664 541 5718 Deest
572 5666 621 5716 iu
650 5663 803 5727 edin,
831 5665 1059 5727 proinde.

276 5796 283 5802 θ
340 5730 353 5761 ³
391 5735 440 5787 In
474 5735 601 5787 edit.
630 5741 793 5795 recte,
821 5734 880 5785 ob
907 5745 1126 5799 ceterum,
1158 5747 1261 5789 etc.

344 5806 357 5831 ⁷
388 5807 445 5861 ιιι
476 5804 628 5869 edit.,
656 5813 904 5874 testatura,
934 5814 983 5859 et
1016 5807 1147 5869 infra
1177 5816 1539 5874 t‘ﬂpedaftlt‘l.
1573 5831 1577 5836 ν

1928 4715 2021 4768 sed
2053 4730 2157 4767 nm
2187 4729 2251 4767 ex
2279 4713 2567 4773 sentcnt'a,
2618 4722 2673 4763 ut
2718 4720 2837 4763 erat
2889 4708 2941 4761 iu
2989 4708 3208 4772 Optatis,
3255 4709 3501 4775 absolvit,

1930 4786 2231 4852 refragante
2283 4782 2598 4848 Euphemio,
2646 4790 2700 4834 et
2744 4781 2945 4847 majora
2991 4779 3230 4852 rixarum
3273 4778 3504 4838 fomenta

1932 4871 1961 4906 ιι
1988 4847 2210 4907 iscénte.
2260 4847 2375 4919 Qui
2403 4861 2455 4905 et
2486 4852 2551 4904 de
2579 4852 2824 4903 omnibus
2856 4864 2973 4918 qua!
2999 4863 3120 4902 cum
3163 4847 3281 4915 ipso
3334 4857 3505 4902 trans.

1933 4934 2048 4976 acta
2078 4932 2259 4985 erant,
2290 4922 2431 4976 datis
2461 4920 2527 4975 ad
2553 4920 2824 4975 Gelasium
2855 4919 3047 4974 litteris
3068 4933 3190 4972 eum
3222 4920 3506 4974 Certiorem

1937 4995 2183 5055 reddidit.
2215 4995 2419 5057 Quibus
2448 4993 2681 5057 acceptis
2710 4991 2957 5045 Gelasius
2982 4989 3049 5043 ad
3079 5003 3204 5043 eum
3236 4989 3508 5057 rescripsit

1935 5063 2072 5119 hanc
2098 5063 2490 5126 defensionem,
2513 5078 2613 5128 qua
2642 5060 3072 5116 adversariorum
3106 5059 3398 5114 calumnias
3424 5076 3507 5113 re-

1937 5134 2125 5188 fellere
2168 5144 2365 5201 posset.
2420 5132 2570 5188 Unde
2614 5148 2718 5185 non
2764 5131 3035 5201 immerito
3075 5132 3506 5201 commonitorium

1936 5214 2291 5272 nuncupatur,
2339 5220 2458 5259 cum
2505 5218 2567 5257 eo
2616 5202 2731 5271 ipso
2778 5217 2805 5255 a
2856 5200 3106 5272 pontifice
3135 5200 3507 5272 admoneatur,

1936 5268 2166 5344 quonam
2199 5268 2356 5329 moilo
2380 5268 3193 5344 calumniantiumpetulantiam
3228 5268 3507 5344 valide_re-

1940 5338 2164 5399 tundere
2188 5355 2365 5413 queat.
2400 5344 2525 5398 llaec
2552 5358 2615 5397 ex
2649 5338 2875 5397 Barouio
2904 5358 3046 5397 anno
3074 5340 3200 5404 I95,
3227 5353 3372 5391 num.
3398 5338 3432 5392 5
3460 5347 3508 5393 ct

1939 5418 2306 5485 sequentibus.
2347 5416 2473 5470 Serv.
2510 5413 2705 5467 BINIUS.

2011 5530 2030 5558 ‘
2062 5530 2220 5581 Deest
2250 5530 2301 5583 iu
2332 5528 2460 5581 edit.
2484 5528 2753 5596 contiguis.

2010 5601 2026 5629 ⁷
2066 5600 2205 5653 Sunt
2241 5601 2325 5667 qui
2371 5600 2578 5651 Festum
2618 5594 2792 5649 dicunt
2824 5595 2921 5663 legi
2953 5600 3204 5667 oportere
3238 5606 3271 5667 ΖΑ
3293 5607 3389 5648 uec
3419 5594 3503 5667 st'l

1942 5668 2154 5722 Gelasio
2186 5664 2318 5737 papa
2355 5671 2491 5721 hunc:
2528 5669 2752 5733 legatum
2786 5668 2958 5737 fuisse
2996 5664 3501 5737 Constantinopolin

1939 5756 1965 5789 a
1996 5732 2330 5792 'l‘lteoduritto
2360 5754 2501 5805 tege,
2533 5732 2621 5790 sed
2652 5733 3051 5789 sub-Anastasio
3083 5732 3276 5787 Gelasii
3306 5747 3500 5787 sumes

1940 5824 2076 5864 sere.
2116 5809 2374 5863 Itineris.
3089 5833 3094 5837 ’
3444 5830 3447 5831 ν
