4104 6356
573 405 638 457 27
1922 389 2186 445 GELASII
2230 388 2427 443 PAPJ“.
3763 381 3830 437 28

574 525 681 569 tum
714 512 879 566 videri
912 520 1105 580 potest,
1131 507 1269 580 quod
1302 516 1384 563 est
1408 513 1535 573 ante
1566 505 1658 578 [αι.
1688 504 1743 558 in
1773 501 1919 574 ante]
1949 519 2148 572 prteco-

2269 519 2345 563 ιυι
2371 523 2429 561 se
2461 520 2617 560 noss-
2648 503 2981 565 dissimulat,
3030 502 3080 555 in
3114 518 3213 571 qua
3245 501 3426 569 utique
3454 516 3548 567 per
3574 516 3829 555 numero-

572 607 797 675 g’uitum.
822 606 1157 673 Quapropter
1182 604 1195 633 ¹
1220 616 1326 656 non
1352 601 1460 671 jam
1488 608 1704 668 propter
1731 596 2001 667 religionis
2022 612 2148 653 cau-

574 692 661 753 sas
691 698 906 752 student
932 693 1365 765 dispositionibus
1406 692 1629 763 publicis
1666 692 1903 757 obviare,
1932 692 2025 747 sed
2060 706 2155 760 po-

575 790 681 843 lius
705 805 796 857 per
818 787 1152 842 occasionem
1178 785 1457 857 legationis
1478 785 1636 853 regia:
1657 783 1969 837 catholicam
1995 782 2153 836 fidem

574 872 863 934 moliuntur
882 888 1147 945 evertere,
1171 888 1223 931 et
1246 876 1333 931 tali
1360 884 1664 935 commento
1693 874 1787 947 [aL
1812 871 2154 945 commercio]

578 968 815 1027 nituntur
835 982 1044 1041 sperata
1078 978 1348 1038 praestare.
1383 968 1516 1033 Quid
1548 967 1647 1020 sibi
1678 965 1793 1019 vult
1818 974 1993 1019 autem
2015 963 2155 1034 quod

581 1062 779 1119 'di\crit
812 1049 1119 1133 imperator,
1143 1078 1170 1115 a
1202 1048 1351 1114 nobis
1382 1075 1440 1114 se
1462 1058 1514 1123 in
1544 1057 1798 1128 religione
1820 1056 2152 1121 damnatum,

575 1171 693 1211 cum
739 1170 899 1224 super
947 1154 1044 1208 hac
1090 1161 1237 1221 parte
1282 1159 1335 1207 et
1379 1149 1628 1204 decessor
1656 1161 1805 1203 meus
1835 1162 1939 1201 non
1982 1146 2155 1200 solum

574 1242 797 1303 minime
847 1261 1039 1300 nomen
1089 1246 1204 1312 ejus
1252 1243 1521 1313 attigerit,
1568 1241 1661 1295 sed
1702 1240 1917 1303 insuper
1945 1238 2159 1308 quando

577 1340 835 1407 principia
867 1339 1091 1406 adeptus
1139 1338 1295 1407 regite
1340 1334 1617 1406 potestatis
1661 1331 1931 1398 exercuit,
1962 1330 2017 1385 in
2043 1330 2159 1399 ejus

582 1422 640 1503 se
679 1428 945 1497 νίιεετίιπεῑι
996 1427 1200 1495 imperii
1252 1425 1585 1494 promotione
1634 1423 1866 1493 gaudere
1909 1440 1922 1476 :
1963 1430 2018 1477 et
2060 1436 2160 1492 ego

584 1519 725 1573 nulla
775 1520 942 1590 ipsius
992 1532 1223 1586 unquam
1256 1516 1450 1587 scripta
1484 1516 1783 1584 percipiens
1805 1556 1820 1580 ,
1852 1510 2161 1567 honorificis

581 1600 665 1679 (ut
697 1611 884 1679 nostis)
929 1625 1048 1663 eum
1090 1608 1275 1662 litteris
1306 1608 1538 1662 salutare
1576 1604 1914 1661 curaverim?
1960 1603 2160 1659 Deces-

587 1716 737 1755 sores
769 1700 910 1766 mei,
942 1699 1250 1755 sacerdotes
1276 1698 1365 1767 qui
1402 1694 1900 1766 przevaricatoribus
1931 1708 1988 1748 se
2016 1708 2162 1748 com-

587 1808 693 1846 mu:
720 1794 889 1846 icasse
921 1791 1131 1862 propria
1163 1805 1290 1844 voce
1320 1788 1549 1842 confessi
1585 1795 1740 1851 sunt,
1771 1802 1798 1838 a
1830 1785 2159 1839 communio-

2256 614 2368 653 sam
2402 596 2724 651 sententi-tn
2758 596 3095 649 sacerdotum
3140 592 3537 667 errorishujus
3582 602 3833 650 auctores

2254 698 2462 744 constat
2492 687 2655 742 fuisse
2681 686 2995 751 damnatos;
3045 684 3179 741 sicut
3210 686 3261 740 in
3294 700 3609 758 unaquaque
3639 685 3752 739 inter
3786 687 3832 740 si

2256 798 2283 836 a
2319 782 2575 854 principio
2602 780 2920 835 Christiana:
2948 780 3219 850 religionis
3247 789 3300 833 et
3328 778 3520 834 factum
3555 777 3746 841 fuisse,
3779 788 3833 831 et

2259 878 2404 940 fieri,
2441 872 2722 929 manifesta
2753 888 2932 929 rerum
2964 872 3171 925 ratione
3199 878 3550 927 monstratur.
3583 869 3771 924 decess
3808 896 3839 919 -δ

2261 983 2479 1039 temque
2510 982 2684 1021 meum
2714 975 3086 1021 exsecutorem
3119 962 3284 1019 fuisse
3314 962 3510 1017 veteris
3537 963 3829 1030 constituti,

2261 1046 2365 1117 non
2394 1076 2546 1117 nova:
2575 1059 2971 1115 constitutionis
3001 1057 3321 1112 auctorem?
3349 1055 3499 1123 Quod
3528 1071 3631 1109 non
3661 1056 3835 1109 solum

2261 1153 2473 1225 praesuli
2503 1151 2804 1223 apostolico
2835 1150 3014 1207 facere
3042 1149 3164 1206 licet
3183 1190 3196 1210 ,
3246 1148 3339 1202 sed
3369 1147 3668 1217 cuicunque
3702 1162 3837 1213 pon-

2263 1244 2419 1309 t'flci,
2470 1253 2526 1298 ut
2572 1242 2839 1311 quoslibet
2874 1250 2926 1301 et
2961 1240 3248 1310 quemlibet
3286 1238 3495 1305 locum,
3542 1237 3837 1294 secundum

2261 1334 2495 1405 regulam
2540 1333 2806 1387 hmrescos
2835 1332 2999 1402 ipsius
3028 1338 3150 1386 ante
3176 1330 3470 1393 damnatas,
3514 1345 3543 1382 a
3573 1329 3838 1384 catholica

2262 1425 2636 1481 communione
2657 1424 2984 1478 discernant.
3010 1422 3233 1478 Acacius
3258 1422 3451 1492 quippe
3475 1438 3577 1473 non
3602 1407 3840 1478 fuit'novi

2264 1516 2349 1571 vel
2385 1515 2581 1586 proprii
2623 1515 2867 1567 inventor
2897 1514 3128 1579 erroris,
3181 1520 3238 1566 ut
3275 1512 3328 1565 in
3364 1528 3486 1567 eum
3530 1526 3659 1567 pora
3706 1513 3840 1569 sci'a

2265 1611 2539 1684 prodirent
2580 1608 2670 1681 [αι.
2704 1606 3111 1680 procederent],
3156 1606 3247 1663 sed
3278 1605 3456 1660 alieno
3484 1605 3702 1659 facinori
3741 1621 3840 1659 sua

2264 1702 2637 1758 communione
2685 1716 2742 1755 se
2793 1699 3024 1755 miscuit.
3076 1699 3256 1767 Itaque
3299 1713 3519 1753 nece~se
3566 1708 3647 1753 est
3689 1708 3745 1751 ut
3788 1698 3840 1751 in

2266 1794 2412 1847 illam
2446 1792 2703 1848 recideret
2743 1791 2885 1859 jnsta
2917 1791 3068 1846 lance
3100 1790 3420 1845 sententiam
3446 1832 3459 1855 ,
3513 1805 3672 1855 quam
3719 1804 3841 1843 curn

498 1928 511 1943 .
580 1899 649 1939 ne
678 1882 965 1953 apostolica
997 1882 1402 1936 submoverunt.
1444 1878 1499 1934 Si
1529 1878 1614 1935 isti
1647 1876 1737 1950 [αι.
1773 1875 1863 1948 ita]
1901 1876 2075 1944 ριαοεῐ
2102 1887 2160 1928 δε
2192 1875 2240 1935 Β
2267 1885 2378 1940 suis
2407 1882 2807 1937 successoribus
2834 1896 2927 1951 per
2949 1881 3372 1937 convenientiam
3405 1881 3714 1952 synodalem
3748 1895 3843 1934 su-

578 1976 805 2029 misccre
848 1972 1145 2037 damnatis,
1182 1972 1335 2027 nobis
1368 1986 1473 2026 non
1504 1978 1680 2041 potest
1715 1968 1994 2037 imputari;
2024 1967 2067 2020 si
2094 1968 2160 2021 ab

577 2058 656 2122 eis
685 2067 813 2121 velit
838 2065 1128 2121 abscedere
1155 2108 1168 2131 ,
1214 2072 1360 2119 tanto
1398 2064 1563 2133 magis
1593 2078 1622 2115 a
1668 2063 1819 2115 nobis
1850 2075 1955 2113 non
1991 2068 2163 2128 potest

579 2172 700 2211 esse
727 2157 1037 2221 damnatus,
1080 2155 1173 2209 sed
1207 2154 1380 2223 potius
1411 2153 1477 2206 ad
1511 2153 1734 2222 gratiam
1764 2150 1986 2204 sincerae
2017 2164 2164 2203 com-

582 2248 851 2302 munionis
877 2246 1158 2301 admissus.
1188 2244 1265 2300 Ad
1291 2252 1533 2299 senatum
1566 2258 1693 2298 vero
1716 2242 1943 2311 pertinet
1971 2241 2166 2295 Roma-

581 2330 730 2403 num,
755 2349 809 2394 ut
832 2355 1037 2395 memor
1064 2339 1183 2395 fidei
1215 2354 1371 2407 quam
1397 2354 1424 2392 a
1455 2338 1761 2409 parentibus
1785 2351 1843 2392 se
1865 2337 2166 2405 suscepisse

581 2431 843 2496 meminit,
883 2434 1123 2502 contagia
1157 2432 1284 2487 vitet
1311 2420 1702 2487 communionis
1742 2440 2008 2494 externar,
2043 2445 2109 2485 ne
2137 2445 2165 2484 a

584 2524 957 2577 communione
982 2523 1135 2593 hujus
1161 2522 1304 2577 sedis
1329 2522 1635 2591 apostolica:
1667 2522 1827 2593 (quod
1858 2521 2019 2591 absit)
2048 2521 2170 2576 red-

585 2620 739 2674 datur
776 2630 1050 2676 evternus.
1094 2620 1316 2676 Veniam
1361 2620 1457 2674 sibi
1489 2621 1603 2675 dari
1654 2619 1745 2691 [αι.
1772 2620 1915 2673 addit
1949 2618 2167 2693 debere]

583 2720 903 2781 proponunt.
930 2712 1175 2780 chatur.
1201 2728 1266 2765 ex
1288 2726 1394 2781 quo
1415 2721 1497 2766 est
1525 2711 1713 2781 religio
1732 2711 2061 2777 Christiana,
2084 2709 2167 2764 vel

585 2814 727 2856 certe
768 2802 925 2879 detur
968 2802 1269 2871 exemplum
1298 2843 1314 2867 ,
1358 2802 1409 2854 in
1454 2800 1689 2855 Ecclesia
1724 2802 1852 2864 Dei,
1881 2816 1909 2854 a
1951 2801 2169 2868 quibus-

587 2893 712 2945 libet
747 2892 1113 2959 pontificibus,
1158 2893 1225 2946 ab
1273 2892 1402 2961 ipsis
1445 2892 1735 2961 apostolis,
1771 2892 1839 2946 ab
1877 2892 1993 2962 ipso
2020 2891 2169 2945 deni-

588 2981 989 3049 que‘Salvatore
1010 2983 1218 3036 veniam
1245 2982 1342 3037 nisi
1366 2982 1754 3051 cetrigentibns
1780 2996 1840 3037 se
1862 2981 2021 3039 fuisse
2042 2997 2171 3036 cono

589 3086 815 3127 sessum.
865 3072 1118 3127 Auditum
1160 3080 1336 3127 autem
1372 3072 1474 3128 sub
1512 3073 1617 3127 isto
1657 3074 1797 3130 cu'lo
1842 3088 1940 3128 nec
1980 3073 2171 3142 legitur

592 3164 826 3228 omnino,
857 3180 957 3219 nec
984 3164 1199 3229 dicitur,
1241 3165 1383 3234 quod
1416 3180 1603 3220 comm
1630 3180 1763 3220 voce
1793 3166 2125 3235 depromitur
2151 3182 2165 3220 :

2266 1987 2509 2048 sccperat
2550 1986 2734 2031 auctor
2766 1977 2983 2033 erroris.
3028 1974 3049 2005 δ
3073 1974 3235 2029 Nobis
3272 1981 3548 2044 opponunt
3586 1989 3840 2039 canones,

2265 2070 2390 2124 dum
2423 2069 2667 2122 nesciunt
2696 2067 2819 2137 quid
2852 2068 3157 2137 loquantur.
3201 2065 3399 2122 Contra
3430 2080 3560 2134 quos
3598 2065 3698 2121 hoc
3730 2066 3843 2135 ip‘o

2267 2162 2450 2217 venire
2482 2175 2538 2214 se
2568 2159 2831 2228 produnt,
2865 2159 3002 2230 quod
3034 2159 3219 2228 primze
3252 2157 3399 2224 sedi,
3436 2173 3561 2211 sana
3596 2169 3844 2228 reetaqne

2268 2254 2555 2320 suadenti,
2604 2266 2791 2322 parere
2837 2250 3060 2321 fugiunt.
3115 2250 3218 2320 ipsi
3266 2257 3388 2304 sunt
3436 2263 3699 2314 canones,
3757 2250 3844 2317 qui

2270 2347 2659 2414 appellationes
2688 2345 2848 2399 totius
2880 2344 3137 2399 Ecclesia:
3166 2341 3232 2398 ad
3263 2342 3420 2411 hujus
3452 2342 3596 2396 sedis
3622 2358 3845 2395 examen

2272 2440 2492 2493 voluere
2517 2437 2735 2494 deferri.
2770 2436 2851 2491 Ab
2899 2435 3011 2507 ipsa
3042 2451 3168 2493 vero
3201 2450 3459 2504 nusquam
3494 2450 3709 2505 prorsus
3748 2451 3843 2505 ap-

2272 2532 2453 2601 pellari
2486 2531 2683 2587 debere
2712 2539 3041 2593 sanxerunt;
3090 2545 3151 2584 ac
3193 2544 3287 2597 per
3318 2528 3416 2582 hoc
3444 2529 3586 2583 illam
3630 2529 3697 2585 de
3740 2538 3847 2584 tota

2272 2625 2508 2684 Ecclesia
2544 2624 2783 2692 judicare
2803 2665 2815 2689 ,
2859 2622 3025 2694 ipsam
3054 2622 3119 2676 ad
3149 2621 3345 2677 nullius
3377 2635 3682 2683 commeare
3707 2621 3848 2691 judio

2271 2715 2440 2779 cium,
2463 2729 2559 2771 nec
2580 2714 2648 2768 de
2677 2713 2792 2782 ejus
2823 2728 3054 2780 unquam
3088 2720 3456 2782 praeceperunt
3480 2711 3683 2783 judicio
3705 2714 3848 2781 judi-

2271 2808 2402 2871 cari,
2426 2807 2857 2876 sententiamque
2884 2806 3027 2860 illius
3050 2806 3445 2860 constituerunt
3469 2819 3572 2860 non
3600 2815 3848 2873 oportere

2271 2898 2521 2965 dissolvi,
2564 2897 2717 2966 cujus
2749 2896 2923 2966 potius
2959 2895 3171 2951 decreta
3208 2894 3477 2965 sequenda
3510 2882 3848 2955 mandarunt,

2273 2990 2327 3046 In
2374 2992 2473 3044 hac
2512 2989 2624 3061 ipsa
2667 3002 2823 3042 causa
2856 2988 3172 3043 Timotheus
3201 2987 3624 3051 Alexandrinus,
3667 2996 3720 3041 et
3751 2986 3850 3041 Pe-

2273 3093 2386 3138 trus
2408 3082 2795 3146 Antiochenus,
2820 3080 3030 3145 Petrus,
3057 3079 3270 3143 Paulus,
3295 3079 3550 3147 Joannes,
3573 3089 3623 3135 et
3646 3080 3848 3146 czctcri,

2274 3190 2377 3229 non
2407 3174 2579 3228 solum
2611 3187 2769 3240 unus,
2802 3171 2893 3227 sed
2924 3172 3101 3240 plures
3130 3173 3309 3238 utique
3338 3186 3529 3225 nomen
3559 3171 3849 3227 sacerdotii

593 3255 724 3309 Date
752 3256 905 3332 nobis
938 3259 1171 3319 veniam.
1212 3256 1336 3310 dum
1366 3265 1544 3311 tamen
1575 3271 1673 3311 nos
1703 3258 1753 3311 in
1783 3272 1969 3312 errore
2000 3257 2165 3312 dute-
2192 3237 2236 3300 (ἶ
2274 3264 2645 3332 prmferentes,
2692 3237 2806 3317 sola
2856 3237 2999 3315 sedis
3045 3237 3352 3330 apostolica:
3382 3270 3505 3316 sunt
3533 3261 3850 3319 auctoritate

595 3344 731 3400 nius.
772 3322 840 3401 ’Μ
872 3363 1084 3417 quoque
1118 3351 1137 3378 ⁸
1171 3348 1367 3418 pariter
1395 3348 1548 3420 [forte
1579 3349 1677 3419 leg.
1713 3348 1807 3418 par
1836 3346 1947 3421 est]
1984 3361 2166 3403 05ten-

594 3440 743 3505 dant,
789 3441 878 3510 qui
925 3442 1076 3496 nobis
1117 3457 1352 3497 canones
1382 3443 1623 3495 nituntur
1645 3457 1934 3511 opponere,
1977 3443 2168 3511 quibus

596 3533 693 3588 hoc
724 3534 1038 3600 canonibus,
1081 3534 1269 3604 quibus
1313 3536 1529 3603 regulis,
1572 3549 1673 3605 qua
1715 3536 1966 3601 lectione,
1995 3552 2168 3605 quove

597 3624 663 3679 do
699 3635 935 3688 umento,
989 3627 1100 3681 sive
1149 3625 1442 3694 majoribus
1486 3626 1717 3689 nostris,
1764 3626 1878 3680 sive
1923 3626 1991 3679 ab
2040 3626 2171 3694 ipsis

596 3716 853 3782 apostolis
886 3717 1041 3785 (quos
1088 3719 1324 3785 potiores
1370 3717 1563 3770 merito
1602 3716 1767 3772 fuisse
1806 3731 1911 3771 nou
1950 3716 2169 3773 dubium

598 3805 721 3870 est),
754 3820 846 3859 seu
888 3806 957 3859 ab
996 3808 1110 3875 ipso
1138 3806 1365 3859 Domino
1392 3805 1691 3869 Salvatore,
1720 3807 1809 3875 qui
1838 3806 2169 3875 iudicaturus

603 3884 834 3951 creditur
862 3898 1011 3951 vivos
1055 3905 1108 3952 et
1148 3907 1407 3962 mortuos,
1440 3896 1552 3951 sive
1582 3896 1778 3951 factum
1807 3905 1889 3951 est
1916 3912 2169 3967 unquam,

603 3987 682 4043 vel
731 3988 1029 4042 faciendum
1078 4002 1200 4044 esse
1249 3988 1551 4043 mandatur.
1602 3988 1838 4043 Mortuus
1883 3989 2172 4044 suscitasse

601 4081 820 4147 ngimus
846 4080 1141 4141 Christum,
1181 4080 1231 4134 in
1263 4095 1447 4135 errore
1478 4064 1715 4134 mortuos
1743 4079 2036 4133 absolvisse
2064 4094 2171 4134 non

599 4172 840 4239 legimus.
895 4170 956 4225 Et
986 4171 1074 4242 qui
1106 4179 1253 4227 certe
1281 4170 1383 4225 hoc
1412 4169 1640 4225 faciendi
1679 4169 1827 4225 solus
1865 4170 2050 4225 habuit
2078 4164 2172 4241 ρος

599 4272 863 4323 testatem,
894 4262 1049 4317 beato
1080 4262 1239 4319 Petro
1269 4261 1629 4334 principaliter
1652 4261 1866 4317 mandat
1892 4244 2171 4330 apostoloi

603 4355 725 4417 Qua:
755 4354 987 4421 ligaveris
1017 4370 1171 4422 super
1200 4364 1405 4416 terrm»,
1447 4354 1608 4423 ligata
1644 4363 1789 4406 erum
1828 4365 1878 4408 et
1915 4355 1967 4406 in
1996 4354 2173 4417 artis;

603 4458 642 4496 με
674 4461 787 4513 qum
814 4446 1023 4498 solveris
1062 4460 1216 4510 super
1244 4456 1453 4508 terram,
1496 4456 1639 4498 erunt
1669 4446 1836 4497 soluta
1876 4453 1920 4496 et
1952 4445 2005 4497 in
2036 4444 2193 4497 caelis

598 4538 810 4607 (.tla‘th.
842 4535 976 4607 xvi).
1024 4536 1194 4604 Super
1219 4546 1425 4601 terram,
1460 4536 1657 4605 inquit;
1691 4552 1810 4590 nam
1843 4536 1893 4591 in
1923 4534 2020 4590 hac
2045 4535 2173 4606 liga-

602 4628 739 4691 iionc
771 4626 1077 4682 defunctum
1106 4642 1367 4696 nusquam
1386 4628 1520 4682 dixit
1540 4628 1743 4682 absolvi
1782 4627 1876 4699 [αι.
1900 4627 2175 4683 τὼςοινεηο

598 4718 763 4787 dum].
817 4718 968 4785 Quod
1000 4734 1126 4788 ergo
1159 4734 1427 4788 nunquam
1472 4718 1670 4772 factum
1710 4731 1823 4785 εει,
1868 4720 1949 4773 vel
1996 4727 2175 4773 tncute

597 4809 880 4877 concipere
902 4809 1271 4877 formidamus,
1296 4812 1529 4869 scientes
1561 4812 1613 4867 in
1642 4812 1819 4868 divino
1843 4812 2045 4882 judicio
2068 4826 2172 4866 non

598 4916 754 4967 posse
782 4904 994 4971 penitus
1017 4906 1289 4960 excusari.
1339 4904 1394 4962 Si
1421 4914 1634 4970 autem,
1678 4904 1821 4972 quod
1854 4889 1993 4959 nunc
2035 4920 2172 4972 pra:-

598 4991 848 5056 tcndnnt,
901 5009 931 5047 ι
972 4994 1211 5049 Romana
1252 4994 1490 5051 Ecclesia
1538 5011 1598 5050 se
1644 5006 1769 5049 sunt
1818 4996 2068 5060 divisuri,
2120 4995 2171 5049 id

595 5081 701 5151 jam
736 5081 934 5137 dudum
976 5083 1166 5141 fecisse
1202 5087 1633 5143 monstrantur.‘
1660 5086 2010 5156 Euphemiam
2040 5101 2169 5142 vero

595 5175 782 5238 miror,
824 5175 867 5229 si
904 5176 1258 5245 ignorantiam
1284 5194 1434 5235 suam
1465 5180 1582 5249 ipse
1614 5194 1718 5234 non
1748 5180 2035 5248 perspicit,
2079 5179 2170 5245 qui

592 5264 721 5319 dicit
760 5266 1012 5320 Acacium
1053 5268 1125 5323 ab
1162 5283 1270 5323 uno
1300 5284 1409 5323 non
1441 5270 1680 5340 potuisse
1706 5269 1972 5325 damnari.
2021 5269 2171 5324 itane

595 5370 699 5409 non
740 5358 1019 5426 perspicit,
1066 5360 1359 5413 secundum
1394 5359 1619 5416 formam
1651 5361 1843 5433 synodi
1873 5360 2172 5415 Chalcedo-

595 5449 795 5513 nensis,
830 5451 1081 5504 Acacium
1113 5450 1275 5504 fuisse
1300 5450 1653 5506 damnatum?
1700 5453 1815 5506 nec~
1845 5450 1994 5505 novit
2026 5466 2167 5517 eam,

666 5600 681 5632 ³
722 5598 897 5655 Codex
922 5604 1242 5659 Veronensis
1262 5604 1478 5671 capituli
1503 5604 1850 5659 millenaiiam
1877 5608 2164 5670 prmfcreus

593 5676 833 5733 atatem,
877 5688 1103 5735 quocum
1142 5675 1241 5728 hoc
1268 5673 1465 5729 Gelasi
1497 5677 1961 5731 commonitorium
2001 5675 2164 5728 colla-

594 5752 701 5795 tum
727 5748 841 5810 cst,
878 5742 962 5793 hic
992 5743 1144 5810 legit.
1184 5759 1283 5797 non
1320 5753 1443 5795 tam.

663 5812 679 5842 ⁸
706 5809 833 5864 Cod.
870 5809 1085 5875 \’cron.,
1116 5830 1293 5882 parum
1322 5825 1411 5869 est.

2269 3358 2459 3427 deiecti
2481 3402 2494 3424 ,
2534 3356 2687 3426 cujus
2715 3358 2789 3410 rei
2825 3354 2974 3409 testis
3001 3354 3159 3408 etiam
3205 3353 3319 3420 ipse
3350 3352 3568 3406 docemr
3596 3354 3843 3418 Aeacius,

2269 3450 2357 3518 qui
2388 3447 2757 3517 praeceptionis
2795 3446 2950 3514 hujus
2980 3445 3181 3499 etStitlt
3209 3451 3512 3498 exsecutor.
3555 3442 3705 3510 Quod
3741 3444 3845 3497 utio

2270 3555 2372 3604 que
2395 3539 2529 3591 sicut
2550 3536 2892 3603 apostolicam
2915 3534 3096 3588 sedem
3116 3534 3263 3603 juxta
3290 3532 3509 3587 formam
3533 3532 3852 3602 synodicam

2272 3629 2463 3683 fecisse
2502 3628 2841 3681 manifestum
2881 3634 2994 3693 est,
3042 3627 3117 3679 sic
3164 3625 3430 3679 neminem
3461 3625 3720 3678 resultare
3752 3639 3853 3692 po-

2272 3722 2437 3775 tuisse
2477 3720 2855 3773 ccrtissimum.
2927 3718 3037 3772 lloc
3085 3717 3245 3787 igitur
3294 3715 3453 3769 modo
3498 3714 3741 3769 recidens
3791 3715 3849 3771 in

2272 3813 2598 3866 consortium
2626 3810 3024 3872 damnatorum,
3056 3820 3137 3862 est
3166 3808 3447 3862 damnatus
3479 3807 3723 3871 Aeacius,
3754 3807 3852 3877 qui

2272 3920 2456 3960 eorum
2485 3904 2903 3969 damnationem,
2931 3910 3216 3968 antequam
3247 3897 3627 3969 prmvaricator
3652 3898 3851 3952 existe-

2274 4007 2373 4063 ret,
2409 3998 2581 4052 fuerat
2606 4000 2912 4051 exsecutus.
2967 3993 3130 4048 Nobis
3166 3994 3279 4046 snsi
3321 4003 3443 4046 sunt
3482 3992 3656 4046 facere
3678 4006 3851 4045 cano-

2275 4106 2398 4142 num
2432 4088 2755 4143 mentionem
2778 4127 2790 4149 ,
2840 4095 3024 4139 contra
3062 4098 3195 4153 quos
3232 4098 3447 4151 semper
3472 4081 3852 4139 ambitionibus

2274 4181 2472 4235 illicitis
2495 4182 2513 4211 ¹⁵
2539 4179 2726 4235 fecisse
2759 4185 3148 4234 monstrantur.
3197 4175 3309 4243 Qua
3342 4174 3441 4243 ipsi
3473 4173 3713 4243 synodo,
3758 4174 3853 4233 vel

2272 4271 2564 4329 secundum
2595 4269 2747 4337 cujus
2776 4267 2963 4339 synodi
2994 4267 3217 4322 formam
3245 4265 3660 4323 Alexandrinum
3686 4254 3857 4319 Joan-

2276 4378 2395 4415 nem
2446 4362 2515 4415 de
2554 4360 2781 4414 ecclesia
2826 4358 2909 4411 cui
2958 4357 3238 4410 ordinatus
3279 4355 3446 4409 fuerat
3490 4356 3856 4424 expulerunt?

2275 4452 2363 4520 qui
2394 4451 2553 4505 nullis
2580 4450 2755 4504 causis
2785 4448 3119 4503 evidentibus
3148 4461 3246 4502 nec
3271 4456 3393 4500 ante
3424 4446 3702 4508 convinci,
3753 4462 3857 4501 ncc

2276 4548 2459 4612 postea
2490 4556 2807 4612 provocans,
2836 4528 2996 4594 etiam
3026 4539 3078 4593 in
3105 4537 3304 4606 judicio
3333 4536 3653 4605 competenti
3684 4538 3858 4602 potuit

2275 4632 2538 4693 amsari.
2584 4632 2736 4698 Quod
2766 4632 2808 4683 si
2836 4630 3019 4683 dicunt
3045 4647 3057 4681 :
3090 4628 3386 4695 lmprrator
3414 4627 3514 4681 hoc
3545 4627 3671 4680 fecit
3697 4645 3708 4678 :
3755 4627 3859 4681 hoe

2276 4726 2445 4786 ipsum
2475 4725 2662 4793 quibus
2693 4702 3021 4782 canonibus;
3068 4720 3259 4790 quilms
3298 4718 3492 4788 regulis
3534 4728 3617 4772 est
3656 4733 3859 4786 pra-co-

2278 4816 2469 4886 ptum?
2512 4815 2618 4870 Cur
2646 4814 2769 4869 huic
2799 4823 2903 4867 tam
2936 4826 3096 4882 pravo
3124 4804 3265 4867 facto
3297 4809 3569 4867 consensit
3602 4810 3856 4875 Aeacius,

2275 4920 2395 4960 cum
2423 4904 2715 4959 auctoritas
2745 4902 2923 4957 (livius
2952 4900 3096 4955 dicat
3123 4916 3139 4954 :
3184 4900 3307 4953 Non
3349 4900 3517 4954 solum
3543 4900 3631 4969 qui
3662 4900 3857 4965 facium

2276 5011 2429 5060 prava
2458 5009 2570 5046 reos
2601 5008 2737 5057 esse,
2778 4992 2867 5044 sed
2904 4991 3055 5043 etiam
3084 4994 3173 5059 qui
3196 4990 3515 5044 consentiunt
3547 4988 3859 5058 facientibus

2272 5085 2450 5155 (Rom.
2482 5086 2563 5155 tt).
2596 5084 2800 5153 Quibus
2828 5082 3120 5139 canonibtts
3148 5081 3407 5151 quibusve
3436 5080 3632 5150 regulis
3658 5080 3860 5135 Calen-

2272 5174 2395 5231 dion
2443 5175 2693 5231 exclusus
2742 5182 2866 5237 est,
2926 5172 3012 5229 vel
3060 5172 3217 5241 primi
3262 5171 3473 5229 urbium
3522 5170 3861 5227 diversarum

2272 5266 2519 5321 catholici
2545 5263 2896 5319 sacerdotes?
2943 5264 3057 5330 Qua
3102 5262 3392 5317 traditione
3424 5276 3688 5335 majorum
3722 5277 3862 5335 spo-

2273 5357 2515 5435 s'olicam
2543 5371 2569 5410 s
2605 5357 2725 5411 dent
2756 5357 2806 5411 in
2828 5356 3086 5427 judicium
3114 5356 3348 5411 vocant?

2285 5444 2291 5454 ’
2348 5451 2428 5505 An
2458 5448 2707 5503 secundat:
2737 5449 2880 5503 sedis
2904 5448 3171 5502 antistites
3190 5488 3204 5513 ,
3246 5456 3299 5502 et
3334 5433 3503 5501 tertia:
3526 5488 3539 5507 ,
3566 5447 3861 5519 ceterique

2346 5604 2367 5635 ⁸
2394 5604 2527 5658 Coti.
2552 5604 2843 5663 νυν-011811..
2886 5601 3234 5673 Εκριιὶηιῖιιηι,
3269 5610 3320 5655 et
3350 5603 3418 5654 ita
3452 5601 3664 5659 ubi-tne.

2347 5674 2367 5704 ⁸
2395 5676 2541 5726 11ιιηιο
2574 5674 2747 5727 locum
2791 5674 3059 5726 Nicotaus
3080 5686 3210 5739 papa
3244 5673 3428 5724 reeitat
3460 5687 3521 5723 cx
3556 5672 3859 5723 commoni-

2274 5746 2413 5795 torio
2443 5762 2489 5797 In
2514 5744 2735 5806 epistola
2819 5744 2881 5793 εισι
2916 5742 3223 5796 Michaeli-rn
3251 5744 3645 5805 imperatorem.
3681 5742 3856 5795 Hann.

2348 5815 2365 5845 ’
2393 5814 2520 5869 Cod.
2552 5813 2773 5880 \‘crou.,
2809 5811 3000 5866 illicitis
3036 5812 3237 5865 tenendi
3267 5826 3386 5863 esse.
