4104 6356
250 421 319 475 29
1094 422 1097 425 λ
1441 399 1787 453 emerem
1828 399 1913 453 ET
1954 401 2285 459 necat-2n.
3416 408 3486 463 ω

249 536 384 593 hune
431 529 529 583 sibi
576 522 771 581 con‘cii
815 517 1117 578 sacerdotes
1144 513 1335 579 det-cili
1367 512 1699 574 debuerunt.
1753 519 1807 564 ct
1836 504 1882 571 Α
1913 513 2022 569 haec
2049 529 2146 569 vox
2180 517 2342 583 possit
2370 517 2595 573 admitti.
2650 519 2865 575 Remitti
2907 516 3062 586 culpa
3103 515 3171 573 de
3210 516 3483 586 praeterito

247 623 337 691 qui
374 615 647 687 religionis
674 612 875 670 exstitit
900 608 1175 678 inimicus,
1219 603 1413 673 deprlli
1447 617 1548 657 non
1582 602 1810 658 debuit?

250 710 491 771 Viderint
518 722 645 776 ergo
690 706 732 760 si
779 702 911 758 alios
941 699 1134 755 habent
1160 708 1396 750 canones
1439 694 1641 763 quibus
1686 707 1812 747 suas

248 804 472 874 Ineptias
497 806 875 868 exsequantur.
924 794 1188 849 Caeterum
1217 789 1333 855 isti,
1375 788 1465 858 qui
1504 789 1677 853 sacri,
1721 787 1811 857 qui

248 886 626 955 ecclesiastici,
674 889 760 958 qui
810 884 1027 955 legitimi
1071 881 1432 943 celebrantur.
1469 879 1655 935 sedem
1683 894 1813 947 apo-

248 988 488 1044 stolicam
532 981 598 1035 ad
640 979 893 1049 judicium
923 989 1117 1031 vocare
1145 988 1251 1029 non
1283 978 1536 1040 possunt;
1580 978 1631 1025 et
1671 970 1813 1024 Con-

249 1075 732 1144 stantinnpolitanm
753 1068 985 1125 civitatis
1013 1066 1313 1134 episcopus,
1360 1076 1476 1133 qua:
1505 1061 1687 1129 utique
1718 1074 1811 1127 per

253 1183 478 1225 canones
510 1168 649 1219 inter
676 1162 832 1218 scdes
861 1154 1062 1216 nullum
1086 1170 1276 1211 nomen
1304 1153 1546 1222 accepit,
1587 1152 1638 1205 in
1666 1165 1813 1205 com«

251 1262 553 1315 munionem
587 1254 829 1310 recidens
855 1250 1197 1321 perfidorum,
1226 1261 1331 1300 non
1360 1244 1546 1300 debuit
1588 1244 1811 1297 suhmo-

251 1351 403 1405 veri?
454 1353 554 1412 An,
599 1346 686 1416 qui
726 1342 928 1398 homini
963 1340 1216 1397 mentitus
1247 1337 1439 1391 dicitur
1468 1332 1811 1400 imperatori,

152 1446 163 1449 ’
249 1452 303 1498 et
336 1442 424 1511 qui
469 1438 840 1507 imperatorem
872 1432 1069 1487 laesisse
1097 1429 1457 1500 perhibentur,
1493 1422 1686 1491 depelli
1713 1422 1811 1476 de~

251 1537 477 1589 buerunt
523 1550 537 1585 :
588 1540 643 1585 ct
687 1530 741 1583 in
788 1528 975 1590 Deum,
1026 1524 1112 1592 qui
1158 1533 1401 1577 summus
1446 1526 1500 1572 et
1542 1531 1701 1570 verus
1731 1522 1814 1569 est

250 1627 572 1692 imperator.
641 1619 890 1674 Acacium
938 1615 1333 1683 delinquentem
1364 1650 1382 1674 ,
1416 1606 1814 1673 sinceramque

245 1716 673 1772 communionem
699 1711 865 1765 divini
902 1705 1217 1762 sacramenti
1258 1702 1558 1758 studentem
1588 1698 1814 1752 miscere

247 1825 371 1863 cum
402 1807 638 1877 perﬁdis,
659 1803 947 1858 secundum
977 1799 1263 1870 synodum,
1288 1812 1388 1863 qua
1418 1795 1530 1847 huic
1558 1802 1642 1848 est
1669 1793 1817 1846 dam-

1917 613 2118 671 potest.
2160 606 2491 663 correctione
2520 609 2635 665 sine
2660 608 2823 666 dubio
2848 609 3225 678 subsequente.
3272 598 3404 663 Natu
3435 608 3482 663 si

1914 694 2164 763 deinceps
2204 694 2383 751 linitur
2422 693 2515 768 [αι.
2546 696 2782 769 tingitur]
2829 714 3077 756 mansura
3130 698 3478 769 perversitas,

1915 798 2021 845 non
2069 794 2151 840 est
2195 785 2495 856 benignitas
2540 787 2902 856 remittentis,
2942 789 3049 846 sed
3094 786 3481 846 consentientis

1915 878 1934 907 ²
1958 878 2200 933 assensio
2241 876 2337 950 [αι.
2362 878 2696 951 assentatio].
2750 878 2865 935 Non
2908 889 2990 936 est
3030 882 3256 948 mirum,
3303 880 3347 935 si
3394 878 3482 934 isti

1914 966 2096 1023 sedem
2128 968 2265 1023 beati
2294 969 2436 1024 Petri
2469 970 2693 1038 apostoli
2737 968 3106 1038 biasphemare
3131 978 3481 1041 praxsumunt,

1914 1056 2007 1125 qui
2035 1057 2157 1112 talia
2186 1066 2431 1127 portenta
2465 1059 2544 1114 vel
2571 1060 2734 1116 corde
2761 1067 2979 1129 gerunt,
3023 1061 3107 1115 vel
3151 1075 3246 1116 ore
3283 1061 3478 1115 dilfun-

1915 1147 2066 1212 dunt,
2089 1158 2143 1203 et
2169 1164 2266 1204 nos
2297 1150 2515 1220 insuper
2539 1151 2798 1218 superbos
2824 1166 2942 1205 csse
2971 1152 3333 1219 pronuntiant,
3358 1166 3479 1205 cum

1914 1239 1993 1293 cis
2024 1237 2189 1306 prima
2219 1238 2397 1303 sedes,
2430 1241 2685 1309 quidquid
2726 1250 2809 1297 est
2859 1241 3088 1309 pietatis,
3128 1254 3230 1295 non
3265 1240 3482 1295 resistat

1914 1332 2005 1404 lat.
2033 1334 2365 1399 desinat,vet
2408 1333 2649 1406 desistat]
2673 1333 2888 1398 diferre,
2921 1336 2994 1389 illi
3031 1349 3147 1388 eam
3194 1334 3310 1402 ipso
3355 1348 3480 1401 pro-

1915 1431 2063 1477 tervo
2085 1424 2270 1491 spiritu
2292 1423 2571 1493 subjugare
2594 1440 2654 1479 se
2677 1438 2833 1494 posse
2854 1424 3141 1477 conﬁdant.
3172 1426 3276 1478 Sed
3300 1432 3484 1491 captos

1915 1522 2095 1570 tuente
2139 1517 2315 1571 facere
2364 1517 2463 1571 ista
2510 1530 2616 1571 non
2667 1516 2858 1570 mirum
2902 1524 3003 1571 est.
3056 1515 3146 1569 Sic
3189 1516 3483 1583 phrenetici

1916 1604 2090 1659 solent
2125 1604 2455 1660 medicantes
2477 1620 2715 1674 quosque
2746 1606 2839 1678 [al.
2871 1605 3107 1676 quoque]
3132 1608 3277 1662 veYut
3304 1604 3486 1661 hostes
3566 1596 3571 1601 ’

1918 1705 2100 1763 putare
2128 1696 2211 1752 vel
2252 1696 2476 1752 caedere.
2508 1696 2529 1727 ³
2549 1696 2741 1763 Quaero
2772 1704 2945 1752 tamen
2976 1698 3045 1750 ab
3071 1698 3184 1760 his,
3223 1695 3479 1765 judicium

1919 1786 2060 1853 quod
2093 1785 2457 1853 prmtendunt,
2504 1786 2719 1843 ubinam
2768 1788 2935 1854 possit
2979 1787 3209 1856 agitari:
3249 1802 3315 1841 an
3345 1788 3482 1856 apud

218 1882 221 1883 ν
253 1909 378 1953 nata
407 1874 635 1966 perﬁdia
659 1935 673 1959 ,
718 1910 823 1947 non
865 1891 1144 1960 oportebat
1168 1887 1422 1943 excludi?
1469 1886 1572 1941 Sed
1619 1885 1813 1951 ve-int,
1848 1899 1893 1961 Β
1922 1874 2095 1942 ipsos,
2127 1885 2187 1930 ut
2228 1876 2385 1931 iidem
2415 1877 2525 1931 sint
2554 1877 2781 1945 inimici,
2826 1886 2880 1934 et
2920 1887 3113 1943 testes,
3151 1890 3203 1934 et
3237 1879 3486 1948 judicest

253 1989 444 2051 nolint,
480 1987 642 2056 ipsius
667 1983 867 2052 judirio
891 1983 907 2013 ί
931 1979 1160 2049 antiqua:
1189 1986 1452 2033 canonum
1482 1974 1818 2029 constitutio.

250 2094 348 2134 nes
377 2078 745 2133 ﬁrmabuntur.

296 2171 424 2243 Sed
455 2170 683 2237 religiosi
708 2164 807 2220 viri
828 2173 985 2234 atque
1008 2162 1245 2233 perfecti,
1271 2158 1559 2216 secundum
1582 2169 1816 2211 canones

248 2278 277 2317 c
318 2275 559 2315 ncessam
608 2258 718 2313 sedi
771 2256 1075 2327 apostolicae
1103 2261 1418 2322 potestatem
1448 2249 1697 2303 nimirum
1725 2260 1814 2300 co-

247 2365 445 2407 nantur
465 2352 695 2417 eripere,
722 2356 778 2404 et
801 2348 1011 2403 sibimet
1038 2361 1154 2401 cam
1185 2355 1369 2399 contra
1397 2356 1632 2398 canones
1661 2355 1816 2395 usur-

250 2462 378 2516 pare
409 2447 755 2499 contendunt.
808 2440 852 2495 0
880 2454 1145 2495 canonum
1189 2436 1472 2505 magistros
1516 2440 1676 2503 atque
1721 2446 1815 2485 cu.

246 2538 467 2593 stodes!
528 2536 688 2589 Nobis
727 2534 928 2588 nullum
969 2531 1049 2585 fas
1089 2538 1172 2584 est
1215 2528 1351 2582 inire
1381 2533 1648 2581 certamen
1693 2538 1813 2578 cunt

251 2626 556 2681 hominibus
603 2622 993 2679 cvmmunionis
1040 2619 1263 2684 alienae,
1314 2618 1491 2673 divina
1538 2612 1813 2683 Scriptura

248 2717 624 2788 pra'dicante:
682 2713 957 2769 Hominem
1006 2710 1296 2765 haeretis-um
1347 2715 1460 2779 post
1509 2708 1726 2775 primam
1767 2714 1815 2758 et

248 2812 525 2865 secundam
553 2806 914 2878 correptionem
941 2804 1127 2867 devita,
1164 2802 1328 2855 sciens
1354 2799 1491 2869 quod
1518 2797 1817 2871 hujusntodi

248 2900 530 2968 delinquat,
558 2899 761 2969 proprio
780 2896 981 2968 judicio
1006 2892 1369 2946 condemnatus
1390 2888 1516 2959 (Tit.
1536 2888 1641 2957 tu).
1674 2888 1815 2943 Ecce

245 2999 571 3060 cognoscent
604 2989 725 3060 quia
755 3001 859 3041 non
889 2986 1057 3039 solum
1085 2984 1151 3037 ab
1180 2983 1307 3046 alio,
1339 2980 1433 3035 sed
1462 2994 1492 3039 a
1520 2995 1579 3035 se
1607 2992 1815 3050 quoque

247 3083 371 3151 ipso
405 3083 683 3135 damnetur
708 3080 802 3151 lat.
865 3073 1281 3147 pra-damnetur]
1326 3073 1632 3128 hereticus.
1681 3070 1813 3126 Illud

245 3184 430 3227 autem
482 3172 637 3225 nimis
680 3180 761 3226 est
806 3169 1113 3233 impudens,
1155 3166 1295 3235 quod
1327 3166 1576 3219 Acacium
1606 3163 1812 3217 veniam

1922 1966 2028 2023 Sed
2060 1967 2149 2021 tali
2188 1966 2391 2035 judicio
2419 1982 2517 2024 nec
2552 1968 2779 2022 humana
2810 1967 3006 2024 debent
3030 1969 3288 2023 committi
3320 1984 3485 2038 nego-

1919 2058 2021 2122 tia,
2069 2056 2263 2113 nedum
2303 2058 2497 2112 divina:
2535 2058 2664 2126 legis
2704 2057 3001 2128 integritas.
3049 2057 3104 2113 Si
3135 2068 3385 2126 quantum
3416 2059 3481 2110 ad

1917 2149 2226 2219 religionem
2256 2150 2514 2218 pertinet,
2560 2164 2667 2203 non
2706 2148 2805 2203 nisi
2844 2149 3150 2216 apostolicae
3176 2148 3291 2204 sedi
3332 2149 3481 2215 juxta

1914 2256 2148 2296 canones
2176 2241 2397 2297 debetur
2425 2256 2629 2296 summa
2666 2240 2850 2310 judicii
2894 2242 3086 2307 totius;
3135 2241 3179 2297 si
3226 2250 3479 2309 quantum

1913 2332 1980 2388 ad
2005 2334 2186 2390 arculi
2213 2341 2549 2417 potestatem,
2581 2332 2666 2387 illa
2694 2349 2721 2385 a
2750 2332 3107 2401 pontificibus,
3135 2341 3189 2387 et
3216 2332 3483 2401 praecipue

1914 2438 1944 2479 ι
1974 2423 2113 2505 beati
2142 2423 2284 2479 Petri
2305 2424 2523 2489 vicario,
2545 2423 2703 2479 debet
2727 2424 2973 2493 cognosci
2996 2423 3090 2495 [αι.
3111 2420 3480 2491 cognoscere].

1914 2528 2032 2582 qua:
2059 2514 2238 2569 divina
2265 2522 2420 2577 sunt,
2452 2529 2557 2569 non
2588 2514 2700 2582 ipsa
2727 2515 2913 2572 eadem
2954 2515 3193 2583 judicare
3218 2512 3311 2586 [aL
3345 2513 3480 2582 diju-

1916 2597 2137 2676 dicaire].
2182 2603 2291 2659 Nec
2314 2603 2415 2658 sibi
2443 2604 2542 2658 hoc
2568 2604 2848 2673 quisquam
2876 2604 3272 2672 potentissimus
3297 2603 3477 2656 saeculi

1918 2691 2030 2763 (qui
2061 2701 2236 2747 tamen
2259 2691 2591 2748 Christianus
2617 2692 2719 2761 est)
2751 2692 3021 2747 vindicare
3050 2695 3347 2759 praesumit,
3376 2692 3477 2745 nisi

1916 2782 2226 2850 religionem
2267 2780 2489 2838 forsitan
2533 2795 2879 2851 persequens.
2932 2781 3066 2848 Quid
3113 2789 3287 2837 tamen
3331 2782 3478 2834 dice-

1916 2880 2067 2937 rent,
2114 2870 2159 2926 si
2205 2885 2311 2947 non
2352 2872 2552 2925 chartis
2591 2871 2700 2926 suis
2734 2871 2784 2925 in
2815 2871 3063 2925 omnibus
3092 2871 3476 2925 vincerentur?

1916 2960 2145 3032 Ineptias
2166 2961 2342 3031 itaque
2370 2976 2493 3017 suas
2520 2961 2620 3016 sibi
2640 2970 2875 3027 servent,
2902 2962 2999 3015 nisi
3025 2961 3353 3029 resipiscam,
3385 2976 3476 3031 ρος

1916 3050 2020 3107 tius
2044 3051 2336 3121 cogitantes
2363 3051 2560 3107 Christi
2594 3066 2779 3107 vocem
2828 3066 2929 3105 non
2974 3065 3093 3106 esse
3132 3050 3476 3119 superﬂuam,

1914 3159 2031 3215 quae
2067 3144 2390 3200 Confessioni
2430 3143 2570 3199 beati
2619 3144 2760 3199 Petri
2800 3144 3029 3212 apostoli
3073 3142 3263 3199 inferni
3297 3156 3475 3212 portas

244 3262 549 3330 postulasse
595 3259 939 3328 contingunt,
987 3266 1042 3310 et
1088 3271 1186 3310 nos
1234 3256 1503 3310 exstitisse
1548 3251 1810 3308 difﬁciles.

1918 3252 2187 3307 nunquam
2234 3236 2598 3307 praevalituras
2640 3236 2865 3291 asseruit
2907 3235 3121 3304 (Manli.
3147 3237 3281 3302 xvt).
3333 3236 3474 3301 Qua-

245 3352 428 3408 Testis
457 3360 537 3405 est
578 3351 741 3405 frater
764 3362 962 3416 ve5ter,
999 3348 1133 3402 illius
1164 3361 1313 3402 mens
1345 3346 1424 3397 vir
1452 3344 1673 3399 illustris
1703 3345 1813 3397 An-

240 3443 588 3508 dromachus,
634 3443 719 3509 qui
757 3456 785 3494 a
826 3439 980 3496 nobis
1009 3437 1338 3491 abundanter
1369 3436 1661 3489 instructus
1690 3441 1773 3487 cst
1797 3474 1812 3499 ,

240 3543 305 3589 ait
333 3532 703 3587 cohortaretur
728 3528 975 3583 Acacium
1013 3528 1127 3595 dep‘
1151 3528 1251 3580 sita
1289 3523 1647 3579 obstinatione
1684 3522 1818 3576 resi-

244 3625 475 3693 piscere,
508 3630 562 3675 et
589 3620 654 3673 ad
687 3620 829 3674 sedis
855 3618 1164 3686 apostolica:
1193 3630 1431 3670 remeare
1459 3616 1809 3676 consortium,

244 3715 446 3784 quique
471 3727 532 3767 se
556 3711 654 3765 sub
674 3708 1020 3780 jurejurando
1064 3706 1268 3775 magnis
1295 3721 1417 3760 cum
1443 3704 1631 3761 eodem
1659 3703 1811 3759 meli-

249 3806 483 3861 tionibus
513 3804 683 3875 egisse
719 3811 964 3867 testatur,
1015 3815 1113 3854 nec
1162 3800 1228 3852 ad
1273 3814 1333 3855 ea
1363 3814 1481 3869 qua:
1508 3807 1651 3852 recta
1682 3806 1808 3852 sunt

246 3900 475 3969 potuisse
509 3895 738 3958 deﬂecti,
773 3895 909 3948 sicut
932 3908 1109 3969 rerum
1138 3892 1391 3960 probatur
1413 3890 1623 3945 eii'ectu.
1649 3891 1811 3945 Certe

246 3966 547 4059 proteratur
575 3985 851 4057 judicium,
874 3966 1087 4059 quando
1113 3984 1337 4046 miserit,
1360 3981 1571 4050 quando
1601 3980 1809 4033 veniam

246 4074 562 4151 [ostularit',
608 4058 1093 4144 correctionemqno
1128 4087 1277 4127 suam
1311 4071 1462 4124 nuhis
1503 4069 1811 4138 promiserit

251 4171 609 4227 exhibendam
654 4187 666 4220 :
713 4166 813 4221 nisi
862 4166 998 4220 forte
1027 4164 1169 4217 hunc
1198 4163 1431 4215 animum
1459 4158 1621 4228 gessit
1652 4173 1810 4228 quem

242 4275 474 4320 successi
501 4273 586 4315 res
632 4257 748 4327 ejus
796 4255 993 4308 habere
1039 4249 1415 4321 perspicimus,
1449 4257 1502 4301 ut
1549 4257 1725 4302 tamen
1769 4247 1813 4303 si

242 4352 455 4407 veniam
482 4349 790 4419 postularet,
820 4346 899 4400 sic
927 4344 1026 4398 sibi
1053 4342 1213 4397 vellet
1242 4338 1500 4407 impendi,
1533 4346 1589 4396 ut
1618 4336 1816 4393 nihilo-

243 4442 423 4497 minus
455 4441 506 4493 in
540 4452 723 4493 errore
749 4435 1097 4505 persisterct:
1127 4431 1213 4487 ubi
1255 4431 1438 4499 utique
1480 4444 1585 4483 non
1630 4438 1735 4484 tam
1782 4442 1812 4481 a

243 4532 400 4587 nobis
444 4528 609 4597 recipi
652 4528 938 4587 videretur,
990 4538 1144 4591 quant
1192 4536 1289 4575 nos
1335 4520 1509 4590 potius
1557 4520 1610 4575 in
1659 4534 1808 4573 suam

1922 3337 2135 3397 propter
2163 3342 2266 3382 non
2298 3341 2541 3383 veremur
2567 3342 2633 3382 ne
2671 3326 2959 3390 apostolica
3001 3324 3264 3381 sententia
3304 3326 3478 3378 resol-

1920 3429 2093 3483 vatur,
2121 3434 2277 3487 quam
2304 3428 2356 3473 et
2382 3435 2485 3473 vox
2514 3418 2739 3485 Christi,
2771 3430 2820 3474 et
2855 3418 3111 3488 majorum
3145 3418 3379 3479 traditio.
3423 3427 3478 3473 et

1918 3510 2224 3565 ‘canonum
2258 3508 2406 3563 fulcit
2430 3510 2749 3574 auctoritas,
2794 3519 2853 3564 ut
2892 3518 3055 3564 totam
3085 3511 3260 3579 potius
3292 3510 3476 3565 Eccle-

1916 3599 2047 3654 siam
2078 3613 2290 3665 semper
2317 3597 2427 3665 ipsa
2456 3598 2728 3667 dijudicet.
2779 3599 2883 3654 Sed
2923 3600 3153 3669 cogitent
3192 3600 3387 3668 magis,
3428 3601 3474 3654 si

1914 3690 2030 3761 quis
2062 3690 2112 3746 in
2141 3689 2218 3745 eis
2248 3689 2518 3758 religionis
2543 3698 2622 3745 est
2652 3704 2861 3754 sensus,
2894 3704 2961 3746 ne
2977 3689 3298 3756 pravitatem
3326 3704 3475 3744 suam

1916 3784 2213 3841 nullatenus
2237 3784 2583 3852 deponentes,
2610 3784 2747 3853 apud
2776 3782 2938 3840 Deum
2968 3781 3314 3850 hominesque
3335 3782 3477 3837 sedis

1914 3875 2216 3943 apostolica:
2266 3889 2513 3944 perpetua
2561 3874 2943 3929 constitutione
2986 3872 3324 3929 damnentur.
3389 3871 3477 3927 Sic

1912 3974 2087 4019 autem
2112 3965 2304 4019 dicitur
2324 3964 2485 4020 fuisse
2512 3964 2808 4031 definitum,
2830 3974 2883 4017 ut
2906 3963 3157 4029 deinceps
3176 3963 3244 4017 de
3267 3962 3477 4029 negotio

1916 4054 2045 4109 nihil
2070 4054 2298 4116 dicatur,
2323 4056 2471 4123 quasi
2502 4055 2586 4109 vel
2613 4070 2750 4109 nunc
2778 4069 2870 4108 eos
2892 4050 3355 4123 (quemadmodum
3386 4065 3476 4101 no-

1917 4143 2033 4211 stis)
2066 4156 2185 4195 meo
2227 4142 2469 4197 duxerim
2520 4144 2735 4195 nomine
2780 4142 3083 4207 slzecialiter
3112 4138 3475 4205 alloqtlendns.

1916 4232 2097 4301 Neque
2138 4234 2290 4301 plane
2337 4246 2455 4286 cum
2507 4231 2621 4285 ἱδιίε
2674 4245 2779 4285 non
2830 4229 3218 4296 corrigentibus
3250 4227 3477 4278 ineunda

1915 4323 2246 4393 congressio,
2279 4302 2717 4391 quemadmodum
2748 4334 2868 4374 cum
2893 4319 3112 4374 aliarum
3139 4330 3344 4384 quoque
3374 4314 3477 4368 luc-

1914 4428 2094 4471 resum
2132 4414 2483 4469 sectatoribus
2513 4412 2785 4471 dimicatio
2814 4410 3107 4465 renuendo.
3157 4408 3258 4463 Vos
3298 4414 3477 4462 autem

1914 4507 2090 4561 salvos
2118 4514 2171 4559 ct
2196 4504 2423 4573 sospites
2453 4504 2764 4573 quantocius
2804 4502 2905 4557 huc
2946 4500 3169 4566 reverti,
3192 4488 3478 4554 'continuis

240 4620 546 4675 traduceret
573 4617 906 4685 pravitatem.
948 4614 1116 4679 Quem
1150 4620 1351 4666 reatum
1382 4626 1441 4665 so
1469 4609 1810 4665 confessuros

1919 4598 2253 4653 Divinitatem
2287 4598 2421 4653 votis
2454 4598 2750 4667 expetimus

241 4717 492 4765 asserunt
516 4719 639 4762 ante
668 4705 979 4760 certamen?
1029 4704 1085 4759 Si
1118 4710 1296 4757 reatus
1325 4711 1438 4767 est,
1481 4700 1663 4768 otique
1690 4716 1810 4754 cor-

242 4802 491 4869 rigendus
518 4811 621 4855 cst.
668 4798 725 4852 Si
753 4796 1124 4866 corrigendum
1156 4811 1260 4849 non
1289 4786 1499 4863 putant,
1552 4792 1808 4847 fallaciter

240 4906 307 4946 se
334 4901 533 4945 reatum
568 4888 847 4958 perhibent
885 4885 1159 4954 proliteri',
1207 4884 1342 4949 n‘si,
1382 4882 1520 4950 quod
1557 4890 1639 4934 est
1674 4880 1808 4933 infe—

172 4982 181 4990 ’
240 4984 432 5049 licius,
484 4996 603 5034 cum
652 4988 709 5035 et
756 4979 988 5032 fatentur
1024 4983 1261 5041 reatum,
1308 4981 1362 5027 et
1406 4985 1510 5025 non
1538 4971 1810 5026 aestimant

236 5073 637 5143 corrigendum.
690 5070 819 5126 Illud
851 5084 1060 5137 quoque
1104 5082 1188 5122 nae
1226 5065 1403 5120 ridere
1439 5064 1620 5129 libuit,
1663 5062 1807 5134 quod

238 5165 360 5219 ait:
391 5165 447 5220 Si
474 5178 694 5218 necesse
736 5162 897 5215 fuerit
922 5157 1127 5212 veniam
1175 5154 1464 5224 postulare,
1493 5153 1807 5208 existimans

238 5255 496 5311 nimirum
541 5262 667 5307 tunc
711 5267 772 5306 se
818 5248 1022 5320 peccati
1050 5246 1255 5302 veniam
1288 5258 1319 5303 It
1354 5244 1588 5301 cessario
1617 5254 1804 5314 postu-

238 5348 401 5413 lare,
437 5347 479 5400 si
526 5346 577 5400 ei
626 5346 982 5398 concedamus
1026 5356 1094 5395 ne
1133 5354 1354 5409 peccare
1395 5338 1649 5398 desistat;
1698 5339 1806 5393 imo

156 5436 163 5443 ’
235 5434 408 5490 etiam
454 5432 617 5503 (quod
661 5432 822 5501 absit)
869 5447 989 5485 cum
1036 5429 1223 5484 eodem
1266 5428 1657 5486 consentiamus
1706 5442 1805 5482 nos

236 5537 456 5593 quoque
486 5537 727 5591 peccare.
777 5520 963 5576 Nescio
1007 5520 1143 5573 inter
1180 5533 1297 5587 qua:
1341 5518 1518 5572 tnundi
1563 5517 1801 5586 prodigia

323 5654 400 5709 ’C
424 5656 490 5707 κι.
524 5653 740 5716 Verum,
782 5653 986 5719 antiqua
1027 5666 1275 5703 canonum
1313 5649 1663 5713 ωλι-κωπήρης
1706 5650 1801 5717 [ir-

232 5735 463 5778 tuentur.

324 5794 342 5820 ³
364 5796 491 5847 (Lud.
523 5793 806 5854 Veronam,
840 5789 1169 5841 udnnntiatio.

2480 4728 2801 4783 EPISTULA
2848 4727 2904 4779 γ.

2177 4858 2243 4895 Αο
2282 4856 2544 4896 ιιοκοιιιωί
2585 4856 2863 4895 DALMATIE
2906 4854 3206 4896 EPISCUPL‘H.

1916 4951 2090 5007 Monet
2120 4968 2181 5005 ne
2210 4950 2540 5024 Pelagianam
2571 4953 2798 5006 Iurresim
2827 4968 2856 5005 α
2888 4962 2955 5005 tor
3000 4951 3317 5020 ponti/uibus
3346 4954 3479 5005 dete-

2356 5032 2538 5091 statum
2566 5024 2853 5076 reviviscere
2882 5024 3035 5077 sinat.

1930 5168 1933 5173 ’
1986 5153 2338 5208 Dilectissimo
2365 5154 2511 5209 fratri
2543 5154 2777 5209 Honorio
2803 5151 3065 5209 Gelasius.

1989 5245 2136 5301 LiCet
2161 5246 2298 5299 inter
2324 5248 2497 5301 varias
2525 5255 2817 5315 temporum
2840 5244 3184 5300 difficultates
3214 5243 3479 5298 continuis

1911 5337 2343 5404 occupationibus
2364 5337 2639 5406 implicati,
2661 5337 2744 5390 vix
2769 5337 3037 5405 respirare
3057 5336 3356 5395 valeamus;
3382 5348 3478 5400 pro

1912 5429 2052 5484 sedis
2081 5438 2254 5482 tamen
2285 5430 2590 5496 apostolica
2618 5428 3169 5483 moderaminetotius
3202 5423 3355 5479 ovilis
3381 5424 3478 5478 do-

1915 5518 2089 5573 minici
2116 5532 2305 5589 curam
2337 5521 2451 5573 rinc
2481 5519 2777 5583 cessatione
2810 5526 3120 5577 tractantes,
3163 5524 3280 5583 qum
3323 5513 3476 5569 beato

1989 5647 2237 5702 ’Cilatnr
2267 5650 2350 5704 hic
2398 5651 2543 5705 locus
2591 5667 2617 5703 a
2670 5650 2885 5704 Niciilao
2934 5663 3065 5715 papa
3121 5648 3172 5701 in
3216 5649 3371 5715 epist.
3403 5652 3473 5700 ad

1916 5718 2219 5793 Mirhaclcut
2246 5724 2392 5793 ix_up..
2416 5731 2468 5771 nt
2490 5723 2588 5772 alia
2613 5738 2673 5793 c_\_
2702 5722 2797 5770 hac
2822 5720 2931 5781 ipsa
2961 5723 3197 5786 epistula.
3222 5719 3472 5771 linteola.

1988 5789 2008 5825 λ
2032 5789 2227 5841 δυυυιυ
2262 5789 2600 5841 damnetur".
2637 5789 2890 5840 lianm'tx.
