4104 6356
617 414 687 480 si
1466 406 1467 409 ‘
1985 422 2247 479 osessu
2289 423 2487 478 mea:
2530 423 2547 476 ι

3796 421 3871 474 52

619 537 776 592 Petro
822 525 1116 591 Salvatoris
1162 533 1328 603 ipsius
1375 530 1542 587 nostri
1592 545 1721 586 voce
1770 532 2008 601 delegata
2057 541 2176 587 est:
2210 538 2257 594 Α
2284 533 2453 588 beata:
2496 532 2764 587 memoria:
2805 531 3187 594 Innocentium,
3232 546 3293 585 ac
3333 530 3527 585 deinde
3570 531 3865 597 Zosiu.um,

621 625 686 679 Et
718 636 770 679 tu
797 642 1064 679 conuersus
1091 624 1340 691 conﬁrma
1378 623 1559 691 fratres
1590 631 1702 675 tuos
1731 621 1882 688 (Luc.
1916 621 2072 690 xxii).
2125 621 2192 675 Et

618 723 776 776 item:
816 720 976 785 Palu,
996 734 1135 772 antas
1174 718 1300 771 me?
1347 716 1504 771 Pasce
1534 732 1646 770 oves
1675 731 1810 769 meas
1840 712 2019 785 (Joan.
2054 713 2189 784 xxi).

618 811 960 866 Dissimulare
982 822 1079 863 nec
1102 821 1384 877 possumus
1404 821 1503 862 nec
1523 807 1797 872 debemus,
1817 820 1935 873 qua:
1954 814 2189 860 nostram

616 900 1025 954 sollicitudinem
1065 900 1234 952 forma
1262 896 1611 967 perstringat,
1658 911 1781 950 cum
1823 895 1982 950 beato
2026 895 2191 948 Paulo

613 991 855 1058 apwstolo
886 989 1183 1044 sentientes
1220 998 1381 1057 atque
1417 987 1688 1041 dicentes:
1725 986 1847 1051 Quis
1875 985 2187 1053 inﬁrmatur,

612 1093 659 1133 ct
686 1097 777 1151 ego
808 1095 911 1133 non
942 1080 1217 1146 inﬁrmor?
1264 1079 1390 1145 Quis
1427 1077 1825 1141 scandalizatur,
1872 1082 1920 1129 et
1959 1090 2048 1143 ego
2090 1090 2189 1126 non

615 1188 736 1223 uror
764 1168 848 1242 (II
873 1169 993 1224 Cor.
1023 1168 1136 1238 xi)?
1159 1170 1229 1221 Ita
1257 1168 1452 1238 quippe
1481 1182 1576 1220 nos
1604 1175 1820 1234 repente
1851 1165 2040 1229 tristis,
2069 1164 2191 1217 hor-

617 1261 778 1315 renda
812 1270 866 1315 et
896 1262 979 1314 vix
1009 1260 1277 1314 credibilis
1323 1258 1556 1313 confecit
1598 1258 1797 1327 Opinio,
1846 1266 1919 1310 ιιι·
1952 1264 2185 1310 mentem

618 1361 855 1406 nostram
902 1352 1293 1418 confunderet,
1344 1351 1648 1415 sauciaret,
1700 1349 1987 1416 afﬂigeret.
2040 1347 2188 1401 Nun-

621 1444 807 1496 tiatum
854 1444 1007 1496 nobis
1039 1454 1120 1497 est
1148 1444 1290 1495 enim
1338 1442 1389 1495 in
1436 1441 1742 1510 regionibus
1787 1441 2187 1505 Dalmatiarum,

537 1601 542 1607 α
620 1533 873 1601 quosdam
895 1532 1123 1586 recidiva
1142 1530 1443 1600 Pelagiana:
1466 1548 1477 1596 ι
1498 1532 1625 1584 estis
1646 1530 1846 1583 zizania
1869 1530 2187 1595 seminasse,

623 1614 932 1692 tantumque
970 1622 1080 1678 i'lic
1118 1636 1301 1676 eorum
1346 1622 1639 1690 pra-valere
1668 1619 2084 1688 blasphenLam,
2133 1630 2188 1674 ut

624 1706 891 1782 simplices
948 1728 1190 1781 quosque
1248 1711 1507 1765 mortiferi
1571 1708 1768 1763 furoris
1831 1709 2190 1764 insinuatione

626 1804 905 1873 decipiant.
974 1803 1065 1857 Est
1115 1802 1328 1871 quidem
1385 1815 1536 1856 error
1584 1800 1697 1869 ipse
1753 1800 1985 1854 nefarius
2044 1808 2190 1853 tanto

2291 625 2637 693 Bonifacium,
2669 625 3038 688 Ctnlestinum,
3063 623 3291 685 Sixtum,
3323 623 3576 687 Lemn-tu",
3596 622 3869 677 continuis
3940 636 3943 637 '

2290 726 2343 771 et
2390 715 2787 770 incessabihbus
2834 712 3113 769 sententiis
3144 712 3307 768 fuisse
3357 718 3722 782 prostratam;
3766 728 3911 771 nec:

2292 814 2493 860 tantum
2538 805 2791 860 Ecclesia:
2835 804 3109 860 catholica:
3153 800 3379 874 legibus,
3431 802 3523 856 sed
3567 802 3868 872 principum

2291 912 2501 966 quoque
2546 897 2907 949 Romanorum
2949 911 3015 950 eo
3062 906 3245 950 tenore
3288 881 3715 959 damnatamfut
3759 908 3867 949 nec

2293 1002 2518 1056 usquam
2552 996 2812 1042 terrarum
2845 984 3059 1040 vivendi
3091 986 3263 1039 locum
3294 990 3587 1039 sectatores
3616 983 3731 1053 ejus
3764 983 3861 1037 ha-

2293 1079 2420 1134 bere
2446 1081 2748 1133 sinerentur
2768 1080 2790 1132 ?
2810 1078 2940 1144 Qua:
2966 1077 3147 1131 omnia
3170 1084 3277 1130 tam
3304 1076 3466 1145 gestis
3488 1075 3740 1130 Ecclesia:
3766 1089 3866 1144 per

2290 1168 2523 1233 singulas
2553 1182 2790 1236 quasque
2824 1167 3076 1237 regiones
3110 1165 3178 1221 de
3215 1180 3400 1221 eorum
3432 1166 3700 1234 pravitate
3735 1180 3864 1220 con-

2294 1262 2463 1324 fectis,
2499 1277 2654 1330 quam
2689 1275 2930 1315 censura:
2972 1259 3198 1328 publica:
3235 1257 3596 1313 sanctionibus
3635 1256 3869 1313 edocen-

2295 1359 2399 1404 tur.
2431 1351 2568 1404 Ecce
2594 1349 2949 1419 quorumlibet
2975 1363 3129 1403 aures
3149 1347 3438 1402 catholicas
3459 1346 3644 1403 audire
3667 1348 3869 1403 doctri-

2294 1457 2414 1496 nam
2429 1489 2435 1497 .
2450 1442 2768 1511 quaestiones
2789 1443 3050 1508 accipere,
3066 1448 3293 1495 tractare
3308 1438 3620 1504 tendieulas',
3640 1447 3693 1493 et
3714 1440 3765 1493 bl
3778 1457 3868 1494 as-

2295 1531 2530 1598 phemias
2562 1532 2665 1599 pati
2685 1540 2820 1585 :nter
2837 1531 3138 1584 admittere.
3169 1530 3213 1584 0
3234 1529 3277 1584 si
3307 1529 3585 1584 studerent
3605 1528 3865 1584 adversus

2293 1637 2389 1675 cos
2432 1622 2692 1691 majorum
2738 1630 3039 1676 nostrorum
3084 1619 3249 1673 libros
3275 1633 3635 1689 responsaque
3662 1634 3861 1690 cogno-

2293 1726 2464 1773 scere,
2516 1712 2621 1765 illic
2676 1711 2846 1764 modis
2889 1708 3135 1763 onmibus
3179 1717 3514 1775 cerneretur,
3570 1709 3696 1763 nihil
3745 1724 3866 1765 esse

2292 1815 2530 1869 prorsus,
2554 1799 2693 1869 quod
2720 1816 2821 1852 non
2851 1808 2903 1853 et
2931 1800 3000 1853 ab
3029 1798 3143 1854 istis
3166 1798 3323 1854 fuerit
3346 1799 3681 1863 ventilatum,
3710 1807 3767 1853 et
3796 1799 3865 1853 ab

627 1890 953 1964 perniciesor
994 1895 1058 1947 ad
1100 1892 1517 1962 subripiendnm,
1564 1899 1761 1961 quanto
1796 1891 1860 1944 ad
1904 1891 2187 1945 fallendum
2220 1896 2264 1957 Β
2295 1890 2399 1944 illis
2427 1889 2705 1959 magniﬁca
2733 1890 2956 1943 veritate
2984 1889 3291 1943 contritum.
3324 1887 3521 1957 Sicque
3557 1887 3622 1942 de
3656 1890 3864 1943 cunctis

628 1984 1095 2038 verisimilitudinis
1111 1983 1293 2037 colore
1312 1980 1576 2036 versutior
1599 1998 1612 2034 :
1637 1977 1919 2050 prmstaute
1942 1981 2192 2046 Domino,

625 2074 771 2128 adest
814 2075 932 2129 fidei
962 2074 1236 2127 catholicae
1276 2087 1406 2141 pura
1438 2072 1653 2135 veritas,
1688 2071 2042 2126 concordibus
2073 2072 2194 2126 uni-

625 2178 896 2217 wrsorum
930 2165 1142 2217 Patrum
1169 2162 1480 2231 deprompta
1509 2162 1804 2225 sententiis,
1842 2176 1960 2231 qua:
1986 2172 2037 2217 et
2070 2163 2197 2218 sub-

627 2253 720 2307 tile
751 2256 896 2307 virus
926 2250 1145 2308 hmesta:
1174 2251 1451 2321 pravitatis
1478 2261 1728 2320 exponat,
1760 2261 1814 2307 et
1844 2253 2077 2308 humano
2100 2269 2195 2323 ge-

627 2345 739 2399 neri
771 2343 1022 2398 salvando
1051 2342 1289 2397 conferat
1329 2342 1396 2397 de
1435 2342 1827 2412 Scripturarum
1864 2342 2198 2399 confectione

628 2433 961 2488 medicinam.
1023 2433 1335 2488 Nullatenus
1395 2434 1553 2504 igitur
1596 2433 1972 2489 discretionem
2018 2450 2195 2490 rerum

628 2508 857 2580 nondum
892 2525 1209 2580 abundantia
1233 2524 1391 2580 corda
1417 2525 1718 2592 conturbet,
1747 2526 1914 2581 donec
1939 2537 1994 2581 et
2019 2526 2197 2580 occul-

629 2627 735 2671 tum
769 2620 954 2672 vulnus
983 2626 1256 2688 appareat,
1285 2627 1339 2673 et
1382 2619 1604 2673 salt-alio
1631 2618 1912 2688 singularis
1950 2608 2192 2674 eluceat:

628 2713 875 2778 queniam
900 2710 1223 2778 qumtalibet
1252 2718 1365 2765 arte
1392 2710 1612 2764 fallacia:
1640 2712 1855 2779 spiritus
1886 2712 2197 2779 perditionis

628 2810 878 2864 armetur,
908 2810 1091 2854 sancto
1120 2799 1293 2868 gladio
1324 2799 1554 2869 Spiritus
1589 2802 1891 2869 principalis
1918 2812 1971 2857 et
1998 2804 2200 2874 detegi-

630 2897 710 2942 tur
730 2899 782 2943 et
804 2890 1388 2957 necator.Quaproptcr
1416 2906 1510 2959 per
1535 2892 1874 2948 dilectionem
1900 2903 2039 2949 tuam
2064 2912 2197 2952 cun-

628 2988 689 3031 rt-
714 2995 739 3033 s
766 2978 955 3033 ibidem
984 2981 1190 3035 Domini
1212 2982 1515 3035 sacerdotes
1539 2980 1773 3038 fraterno
1794 2999 2196 3047 commonemus

628 3069 844 3132 nlfectu;
883 3076 939 3121 ut
985 3071 1070 3138 qui
1116 3085 1234 3123 cum
1284 3072 1560 3125 erudiente
1606 3087 1700 3126 vos
1742 3074 1968 3131 Domino
2006 3072 2195 3135 contra

629 3158 855 3211 novitios
896 3159 1141 3227 pugtetis
1184 3174 1414 3227 errares,
1460 3160 1585 3214 olim
1626 3164 2026 3230 perversitatem
2078 3175 2195 3223 toto

2296 1994 2479 2034 eorum
2514 1982 2766 2048 nequitiis
2793 1980 3089 2034 refutandis
3125 1979 3308 2034 ﬁdeles
3352 1980 3547 2048 quijue
3575 1979 3867 2036 redderen-

2298 2077 2385 2122 tur
2416 2070 2678 2133 instrucﬁ,
2710 2080 2766 2122 ut
2788 2069 2917 2123 nihil
2949 2068 3173 2138 amplius
3199 2078 3542 2138 qumreretur.
3560 2068 3662 2123 Sed
3692 2071 3736 2123 si
3763 2069 3866 2123 for-

2297 2159 2435 2213 sitan
2476 2159 2769 2214 ineruditos
2804 2161 3012 2213 animos
3037 2158 3277 2228 qua-dam
3316 2158 3383 2213 de
3409 2173 3590 2213 eorum
3622 2163 3865 2214 sensibus

2298 2251 2563 2319 proposita
2584 2260 2998 2316 commovereut,
3025 2252 3094 2305 ita
3120 2250 3501 2306 venerabilium
3529 2250 3745 2306 Patrum
3773 2254 3865 2307 do-

2296 2340 2483 2395 ctrinis
2512 2352 2565 2397 et
2593 2342 2765 2396 omnis
2795 2358 2978 2397 eorum
3010 2342 3307 2411 publicatur
3336 2342 3561 2405 insania,
3591 2350 3647 2396 et
3671 2342 3861 2412 quibus

2297 2436 2549 2491 remediis
2580 2438 3150 2503 curetur,ostenditur,
3169 2445 3228 2492 ut
3255 2453 3318 2491 ex
3344 2436 3427 2507 his
3457 2437 3563 2491 Deo
3584 2447 3864 2506 prmstantc

2296 2530 2561 2599 prtevisis,
2603 2539 2791 2585 cuncta
2825 2546 2945 2600 qua:
2983 2530 3051 2585 de
3091 2546 3275 2586 eorum
3306 2532 3444 2587 serie
3473 2540 3781 2597 texuerunt,
3813 2540 3862 2585 et

2296 2619 2591 2687 periculosa
2612 2619 2939 2675 sectantibus
2958 2620 3183 2675 et‘stulta
3205 2619 3724 2689 deprehendentibus
3746 2637 3862 2676 esse

2296 2708 2609 2775 videantur;
2638 2711 2709 2765 ita
2737 2721 2791 2765 ut
2818 2711 2863 2765 si
2892 2712 3010 2781 quis
3040 2711 3308 2766 existimet
3335 2712 3722 2777 reluctandum,
3760 2729 3859 2767 non

2297 2806 2471 2854 tamen
2512 2809 2751 2856 veterum
2797 2802 3074 2857 sententiis
3104 2802 3465 2857 contradictor
3510 2805 3727 2863 existat.
3771 2804 3859 2857 sed

2300 2889 2541 2944 humana:
2587 2885 2784 2957 saluti,
2835 2891 3216 2961 catholicaque
3267 2891 3523 2947 doctrina:
3575 2894 3748 2961 palnn
3800 2907 3858 2947 se

2296 2989 2585 3049 aperteque
2614 2980 2923 3050 proﬁteatur
2952 2982 3252 3049 inimicum;
3284 2998 3389 3053 quo
3419 2983 3586 3055 magis
3612 2985 3860 3039 azten'ius

2297 3071 2515 3140 pervigil
2539 3084 2664 3125 cura
2693 3082 2959 3141 pastorum
2985 3089 3015 3129 a
3037 3073 3204 3129 sacris
3231 3074 3482 3144 gregibus
3508 3076 3748 3144 luporum
3773 3076 3860 3129 de-

2297 3158 2383 3214 bet
2428 3176 2614 3218 arcere
2650 3164 2930 3220 smvitiam.
2968 3165 3101 3219 Num
3143 3167 3394 3237 quidquid
3434 3169 3621 3224 ovibus
3664 3170 3860 3223 sanctis

626 3268 658 3303 o
691 3251 753 3305 be
775 3250 1072 3305 damnatam
1107 3266 1203 3306 uec
1229 3252 1281 3321 ip
1310 3266 1370 3307 os
1397 3253 1633 3321 recipere
1652 3253 1911 3320 debeatis,
1935 3266 2024 3311 aut
2050 3260 2188 3327 quod
2218 3261 2263 3325 ι]
2293 3251 2545 3306 acciderit
2574 3252 2902 3321 detrimenti,
2951 3256 3233 3325 pratsulum
3266 3257 3427 3328 (quod
3458 3257 3617 3329 absit)
3644 3258 3862 3312 damnet

625 3352 825 3396 temere
874 3351 1102 3410 putatur,
1148 3357 1266 3397 esse
1306 3343 1643 3412 faciendum;
1682 3362 1800 3415 quae
1838 3362 1940 3402 non
1972 3348 2188 3407 ha'resis

624 3432 911 3499 majoribus
940 3433 1133 3487 nostris
1156 3434 1531 3489 convenienter
1558 3436 1814 3491 exstincti
1844 3454 2026 3493 rursus
2059 3456 2187 3511 pro-

623 3536 813 3577 vocare
841 3537 937 3577 nos
966 3523 1178 3588 audeat,
1211 3532 1265 3579 et
1289 3525 1461 3595 palam
1488 3529 1637 3580 novis
1663 3531 1947 3597 resumptis
1990 3532 2069 3585 vir
2092 3533 2188 3587 bus

618 3622 904 3683 aperteque
933 3614 1196 3683 conﬂigat.
1226 3613 1597 3685 Nunquidnam
1626 3617 1748 3672 licet
1778 3620 1930 3673 nobis
1971 3637 1999 3674 a
2030 3637 2191 3676 vene-

620 3706 801 3759 randis
832 3706 1077 3759 Patribus
1105 3706 1351 3759 damnata
1375 3706 1687 3771 dissolvere,
1718 3708 1861 3761 etab
1887 3709 1993 3764 illis
2015 3713 2189 3766 excisa

620 3799 817 3861 nefaria
850 3797 1092 3866 dogmata
1125 3799 1447 3852 retractare?
1470 3798 1605 3863 Quid
1636 3807 1717 3853 est
1744 3814 1873 3870 ergo
1912 3803 2051 3872 quod
2078 3820 2189 3859 ma-

618 3900 851 3957 gnopere
892 3902 1280 3956 prtecavemus,
1328 3903 1394 3943 ne
1438 3888 1719 3957 cujuslibet
1764 3891 1980 3948 haeresis
2026 3896 2188 3951 semel

618 3981 818 4048 dejeeta
853 3980 1111 4048 pernicies
1140 3979 1204 4033 ad
1228 3994 1450 4034 examen
1472 3979 1646 4034 denuo
1669 3983 1850 4037 venire
1873 3988 2191 4042 contendat?

617 4078 671 4131 Si
703 4093 819 4146 qua:
859 4077 1148 4146 antiquitus
1186 4094 1214 4132 a
1259 4078 1456 4132 nostris
1500 4079 1789 4148 majoribus
1840 4080 2072 4149 cognita,
2103 4079 2186 4134 di-

614 4183 815 4235 scussa,
864 4169 1086 4224 refutat-1
1117 4179 1276 4238 _8ttnl,
1325 4172 1668 4225 restauranda
1716 4173 1976 4237 nitamur;
2010 4188 2186 4227 nonne

614 4260 711 4327 ipsi
738 4277 854 4325 nos,
888 4262 1025 4331 quod
1054 4262 1209 4327 absit,
1242 4274 1293 4317 et
1326 4264 1463 4336 qugd
1496 4280 1762 4333 nunquam
1794 4265 2053 4319 catholica
2088 4279 2184 4334 pa-

615 4354 771 4406 tietur
802 4354 1059 4417 Ecclesia,
1091 4355 1410 4408 adversariis
1450 4356 1684 4409 veritatis
1713 4356 1974 4410 universis
2000 4367 2183 4409 contra

616 4457 714 4494 nos
744 4443 1051 4512 resurgendi
1076 4446 1421 4513 proponimus
1452 4445 1905 4515 cxemplum?Ubi
1933 4456 2010 4500 est
2042 4446 2181 4515 quod

614 4530 979 4601 scriptum‘est
1006 4553 1017 4586 :
1052 4535 1316 4588 Terminos
1346 4546 1547 4605 patrum
1578 4548 1779 4590 tuorum
1808 4553 1906 4590 non
1930 4549 2184 4605 transgre-

2292 3343 2592 3409 incuriam;
2620 3346 2757 3401 sicut
2789 3361 2819 3402 a
2858 3350 3185 3419 regeneratis
3220 3350 3519 3421 agminibus
3554 3351 3862 3404 nocentium

2287 3432 2527 3506 depulsio
2575 3438 2865 3495 bestiarum
2916 3441 3196 3497 custodum
3261 3443 3487 3511 prmmiis
3540 3452 3861 3511 perpetuum

2289 3530 2600 3595 procuravit
2628 3534 3013 3600 augmentum?
3033 3532 3189 3589 Certe
3212 3534 3278 3602 si,
3314 3541 3371 3588 ut
3395 3531 3560 3600 magis
3586 3544 3861 3600 Optamus,

2288 3616 2436 3672 falsis
2467 3619 2579 3675 hanc
2610 3624 2910 3678 rumoribus
2938 3625 3046 3679 sint
3077 3626 3267 3691 relata,
3300 3624 3616 3695 quantocius
3644 3622 3860 3679 deside—

2289 3722 2468 3763 ramus
2510 3725 2822 3780 agnoscere,
2863 3724 2917 3769 ut
2946 3718 3033 3785 qui
3081 3717 3435 3771 membrorum
3464 3715 3662 3770 Chriin
3695 3730 3858 3769 vexa-

2289 3805 2433 3858 tione
2478 3804 2824 3870 trepidamus,
2865 3808 3031 3863 multo
3062 3808 3228 3879 magis
3256 3807 3325 3864 de
3352 3823 3539 3863 eorum
3569 3807 3799 3863 stabilita
3826 3823 3860 3863 e

2289 3896 2548 3951 ltetemur.
2587 3896 2714 3952 Data
2751 3914 2781 3949 v
2813 3898 3065 3955 kalendas
3103 3900 3350 3971 Augusti,
3400 3915 3427 3953 ιι
3468 3910 3495 3937 ⁸
3528 3900 3722 3954 Fausto
3751 3899 3857 3971 [αι.

2291 3985 2505 4057 Albino]
2527 3987 2588 4043 V.
2612 3988 2672 4045 C.
2702 3990 2922 4045 consule
2948 3992 3110 4077 (anno
3138 3980 3333 4046 Christi
3363 3992 3511 4061 £93).

2842 4104 3173 4161 EPISTOLA
3210 4104 3278 4158 Vl

2420 4214 2486 4253 ΑΙ)
2525 4213 2738 4253 ειιιιιιειι
2777 4213 3044 4253 ΗΟΝΟΙὶΙυΙ
3084 4214 3364 4252 υλιιιλτιε
3416 4213 3720 4253 ενιεοιιιτιτιι.

2291 4290 2423 4343 Eunt
2457 4306 2557 4341 non
2594 4290 2822 4344 debuisse
2851 4290 3027 4341 mirari
3066 4288 3237 4342 scribit
3270 4289 3404 4353 quod
3431 4290 3747 4341 admonuerit
3776 4290 3856 4341 in-

2347 4359 2658 4427 uigilandum
2681 4374 2741 4411 ne
2764 4361 2944 4410 iterum
2963 4357 3244 4427 Pelagiana
3265 4358 3468 4412 hwrcsis
3496 4359 3791 4411 pullularet.

2358 4447 2712 4501 Dilectissimo
2743 4446 2891 4500 fratri
2921 4446 3154 4501 llonorio
3174 4445 3437 4502 Gelasius.

2356 4538 2609 4593 Miramur
2637 4536 2972 4593 dilectionem
3006 4546 3147 4591 tuam
3178 4537 3337 4591 luisse
3368 4538 3632 4599 miratam,
3667 4550 3853 4591 curam

617 4625 772 4677 diei-is
805 4625 978 4691 (Deut.
1008 4626 1208 4697 xxxu);
1239 4637 1329 4682 et:
1358 4626 1618 4700 Interroga
1647 4639 1814 4698 patres
1843 4640 1974 4693 tuos,
2007 4640 2052 4683 et
2089 4646 2181 4683 οη·
2211 4618 2261 4678 D
2285 4628 2427 4683 sedis
2468 4628 2793 4698 apostolicae,
2841 4642 2960 4698 qua:
3008 4642 3158 4683 more
3208 4630 3467 4698 majorum
3507 4628 3714 4683 cunctis
3760 4643 3856 4696 per

618 4715 920 4768 nuntiabunt
952 4716 1075 4780 tibi;
1116 4727 1162 4769 et
1189 4718 1410 4771 seniores
1444 4728 1573 4783 tuos,
1610 4729 1655 4772 ct
1692 4720 1856 4773 dicent
1891 4721 2015 4774 tibi?
2043 4719 2179 4787 Quid

613 4818 740 4870 ergo
771 4804 1033 4857 tendimus
1061 4806 1194 4861 ultra
1222 4806 1435 4861 deﬁnita
1464 4810 1742 4877 majorum,
1775 4820 1865 4863 aut
1892 4826 1988 4865 cur
2027 4810 2179 4865 nobis

613 4906 718 4947 non
759 4894 986 4949 sufﬁcit?
1026 4895 1084 4951 Si
1129 4897 1253 4965 quid
1298 4896 1600 4966 ignorantes
1628 4898 1833 4953 discere
1879 4900 2174 4969 cupiamus,

613 4984 839 5050 qualiter
858 4985 925 5040 ab
951 4985 1262 5041 orthodoxis
1291 4988 1532 5043 Patrihus
1563 4996 1615 5041 et
1644 4989 1943 5043 senioribus
1972 4991 2177 5059 singula

615 5090 836 5145 qumque
863 5077 944 5131 vel
984 5077 1193 5131 vitanda
1226 5067 1484 5147 praecepta
1518 5088 1660 5141 sunt,
1711 5080 1793 5133 vel
1836 5080 2060 5149 aptanda
2090 5096 2175 5134 Ca-

618 5168 826 5222 tholica:
858 5168 1210 5233 veritati;cur
1238 5184 1340 5222 non
1372 5169 1451 5222 his
1484 5170 1768 5236 probantur
1788 5186 1906 5226 esse
1929 5172 2177 5225 decreta?

616 5258 859 5329 Nunquid
896 5268 987 5311 aut
1012 5258 1365 5327 sapientiores
1393 5259 1498 5314 illis
1524 5275 1725 5323 smnus,
1768 5270 1859 5314 aut
1889 5263 2178 5329 poterimus

615 5352 761 5404 ﬁrma
788 5350 1075 5405 stabilitate
1096 5358 1360 5411 constare.
1386 5351 1427 5404 si
1450 5366 1509 5404 ea
1540 5367 1656 5419 qua:
1677 5352 1743 5404 ab
1767 5353 1869 5411 illis
1889 5353 2172 5407 constituta

610 5448 735 5491 sunt
760 5440 1112 5493 subruamus?
1142 5442 1220 5491 An
1262 5439 1486 5493 fortasse
1520 5441 1734 5495 nescitis
1766 5443 1898 5495 hanc
1929 5442 2170 5496 ha'resim

612 5528 797 5594 duqua
837 5529 1118 5598 loquimur,
1166 5538 1219 5583 et
1260 5530 1327 5583 ab
1362 5532 1652 5599 apostolica
1684 5531 1881 5585 dudum
1924 5532 2051 5598 sede
2080 5547 2172 5588 Der

684 5686 705 5711 ⁸
747 5674 985 5728 Mendosa
1016 5688 1095 5731 cst
1124 5687 1175 5731 et
1212 5679 1522 5747 subreptitia
1557 5679 1669 5733 lnuc
1697 5679 1993 5736 consolaris
2024 5688 2165 5731 nota.

610 5746 792 5803 Nullus
818 5747 957 5797 enim
988 5747 1158 5800 Fausti
1190 5746 1495 5802 Consulatus
1517 5751 1615 5801 sub
1642 5751 1949 5816 poulilieatu
1972 5747 2167 5801 Gelasii

607 5818 884 5881 rejet'ttur.
930 5818 1146 5881 Legatur
1187 5834 1329 5886 ergo,
1363 5820 1541 5872 Albino
1584 5822 1688 5876 viro
1730 5818 2019 5877 clarissimo
2049 5835 2169 5871 cou-

2288 4720 2539 4775 mundutn
2580 4719 2805 4777 debetur
2844 4718 3119 4783 Ecelesiis,
3170 4734 3265 4786 iro
3304 4726 3498 4773 vestra:
3526 4734 3737 4786 quoque
3766 4734 3855 4773 re-

2284 4810 2454 4879 gionis
2488 4810 2591 4864 lide
2626 4808 2788 4864 fuisse
2814 4808 3115 4863 sollicitam.
3144 4809 3384 4877 Cumque
3426 4807 3491 4861 ad
3530 4821 3648 4861 eam
3677 4808 3854 4887 perla-

2285 4910 2393 4955 tum
2423 4899 2727 4967 essetquod
2771 4899 2983 4968 quidam
3027 4912 3121 4967 per
3165 4898 3451 4952 Dalmatius
3490 4897 3851 4967 integritatem

2282 4989 2597 5043 catholicam
2630 4990 2816 5042 vitiare
2843 4988 3157 5052 niterentur,
3192 4996 3249 5042 et
3272 4986 3469 5042 divinis
3499 4987 3852 5056 humanisque

2283 5081 2484 5148 legibus
2513 5088 2637 5134 ante
2663 5078 2969 5133 damnatum
3003 5076 3301 5149 Pelagiante
3324 5078 3644 5147 pestilentia:
3671 5076 3853 5131 denuo

2279 5172 2424 5225 virus
2447 5171 2641 5225 inferre
2660 5185 2675 5232 ;
2692 5183 2794 5223 non
2827 5171 3185 5237 putaverimus
3204 5170 3467 5224 ullatenus
3495 5168 3848 5222 dilferendum

2278 5263 2563 5330 quominus
2585 5261 2697 5315 h'ec
2724 5260 3031 5330 diligentius
3056 5262 3404 5330 inquireutcs,
3436 5271 3523 5313 aut
3546 5260 3590 5313 si
3620 5244 3850 5313 fortasse

2280 5354 2625 5419 irrepseraut,
2654 5352 2720 5406 de
2752 5354 2992 5418 proximo
3020 5361 3359 5414 sanarentur,
3403 5362 3495 5404 aut
3520 5352 3849 5404 anxietatem

2278 5454 2539 5507 nostram,
2581 5443 2623 5497 si
2669 5444 2804 5497 falso
2840 5444 3189 5512 probarentur
3228 5443 3451 5510 jactata,
3497 5442 3846 5500 relevarent;

2279 5532 2611 5586 :estimantes
2642 5533 2830 5586 melius
2861 5547 2958 5584 nos
2998 5531 3164 5585 videri
3207 5531 3577 5600 impatientius
3613 5527 3735 5582 talia
3767 5529 3851 5581 ir-

2277 5679 2405 5732 sule.
2460 5684 2552 5731 Λιι·
2592 5696 2735 5732 eerc
2766 5678 3045 5731 dicendum
3091 5689 3227 5730 esset
3263 5666 3675 5732 Gelasium-non
3705 5692 3850 5725 anim

2277 5750 2380 5871 fit!
2414 5752 2773 5811 [It-ltllllt'ulllltl
2810 5748 3012 5813 iniisse,
3045 5748 3135 5803 sed
3167 5748 3288 5811 $90,
3313 5750 3397 5802 die
3429 5750 3463 5800 2
3491 5748 3680 5801 Martii.
3714 5745 3752 5798 S
3795 5762 3844 5798 ν.

2323 5835 2405 5871 ista
2429 5837 2469 5869 ς.
2938 5840 2939 5843 π
3303 5850 3307 5856 ι

2323 5835 2405 5872 ΙΝΗ
2429 5837 2469 5869 ς.
2938 5840 2939 5843 “
3303 5850 3307 5856 ε
