4104 6356
222 372 296 427 55
1431 370 1776 447 erismae:
1819 368 1903 422 ΕΤ
1948 368 2283 424 DECRETA.
3212 394 3221 397 -
3416 369 3485 427 δε

219 489 484 555 vestigare
514 484 768 553 voluisse,
806 502 961 558 quam
991 501 1231 543 crescere
1259 486 1645 540 dissinmlando
1677 500 1798 553 per~
1828 489 1875 543 Α

219 579 433 636 uiciem.
489 578 670 650 Neque
718 581 862 636 enim
906 581 989 636 vel
1033 580 1247 635 silentio
1294 594 1537 647 premere
1584 592 1797 631 causam

218 669 547 739 hujusmodi,
597 670 680 724 vel
724 670 1018 727 differendo
1063 669 1245 725 fovere
1287 668 1624 724 deberemus.
1669 667 1801 721 Cum

219 757 435 811 dicente
451 756 705 827 magistro
720 760 976 828 gentium,
990 757 1333 813 sollicitudine
1352 774 1451 811 non
1470 759 1602 829 pigri
1618 756 1799 828 (Rom.

220 845 352 915 an);
394 858 554 913 atque
594 846 811 913 iterum,
837 849 925 917 qui
964 859 1143 920 pra'cst
1180 849 1231 902 in
1270 847 1633 932 sollicitudine,
1681 862 1800 902 reos

230 938 416 1008 procul
448 936 610 993 dubio
640 952 737 995 nos
769 939 869 993 nisi
897 940 1149 993 continuo
1174 953 1558 1008 qumreremus,
1590 936 1800 992 etiamsi

227 1029 456 1084 inaniter
489 1038 671 1084 essent
706 1030 942 1100 vulgata,
983 1014 1381 1086 convincerent.
1428 1028 1539 1084 Nec
1580 1029 1802 1083 interest

225 1135 324 1189 per
352 1135 488 1189 quos
514 1121 578 1175 ad
608 1137 767 1177 aures
799 1131 1013 1179 nostras
1038 1123 1223 1176 eadem
1256 1122 1643 1192 pervenissent,
1677 1120 1801 1173 dum

229 1212 493 1280 quomodo
534 1214 663 1268 libet
696 1215 795 1269 ista
832 1215 1209 1279 referentibus,
1244 1223 1522 1282 postquam
1562 1222 1802 1267 nostram

235 1304 614 1358 conscientiam
644 1314 1005 1375 penetrarent,
1024 1306 1074 1360 in
1105 1306 1185 1359 his
1209 1307 1470 1359 veraciter
1492 1304 1803 1373 indagandis

230 1394 529 1463 pastorales
560 1396 811 1451 excubias
842 1412 959 1452 esse
988 1414 1091 1451 non
1120 1397 1412 1466 Oportucrit
1446 1396 1799 1466 negligentes,

230 1494 493 1554 quatenus
510 1486 589 1541 vel
608 1502 637 1541 e
657 1488 877 1558 vestigio
892 1499 1068 1556 posset
1082 1487 1216 1556 lupis
1234 1487 1560 1541 inhiantibos
1576 1488 1776 1545 obviari
1789 1527 1802 1550 ,

224 1591 249 1627 ι
264 1575 312 1629 el
333 1575 492 1630 nullis
507 1578 855 1631 existentibus
872 1578 1019 1643 feris,
1035 1576 1210 1631 ovium
1226 1577 1466 1631 custodia
1486 1592 1671 1632 secura
1689 1591 1804 1646 per-

224 1668 463 1723 sisterct.
511 1668 592 1723 Ab
624 1670 705 1723 his
735 1670 825 1740 qui
854 1679 1036 1725 essent
1074 1669 1291 1749 Chlqes,
1322 1668 1718 1724 Corinthiorum
1748 1683 1806 1723 se

222 1761 591 1816 dissensiones
618 1763 897 1831 agnovisse
919 1770 1143 1814 testatur
1158 1762 1446 1830 Apostolus
1464 1758 1514 1832 (1
1540 1760 1659 1813 Cor.
1677 1761 1805 1830 xxv),

1977 481 2292 551 Secundum,
2317 482 2405 535 lios
2433 499 2525 551 pro
2555 483 2663 538 solo
2694 489 2895 545 peccato
2921 480 3161 550 originali
3202 497 3300 533 non
3329 484 3481 535 dam-

1976 551 2111 605 nari.
2146 549 2396 622 Tertium,
2427 549 2643 622 gratiam
2664 554 2732 605 ad
2755 555 2970 605 salutem
3000 549 3100 604 non
3132 568 3239 605 esse
3267 568 3491 606 necessa-

1974 622 2132 685 riam,
2164 621 2406 689 illacatque
2432 621 2712 674 seoumlum
2743 623 3004 676 hominum
3032 624 3209 676 merita
3238 624 3487 691 conferri.

1972 731 2217 787 Gelasins
2254 731 2540 799 episcopus
2577 730 2845 787 universis
2886 733 3154 804 episcopis
3198 748 3292 803 per
3336 732 3491 787 Pice-

1904 838 2031 877 num
2062 824 2114 875 in
2143 824 2369 877 Domino
2397 822 2649 876 salutem.

1978 932 2281 988 Barbaricis
2305 933 2561 988 hactenus
2588 930 2901 987 dolebamus
2928 931 3233 988 incursibus
3261 935 3491 989 maxime

1904 1012 2105 1078 vicinas
2130 1023 2255 1079 Urbi
2283 1024 2607 1095 provincias,
2634 1031 2689 1079 et
2712 1024 2975 1078 bellorum
3004 1037 3145 1077 saava
3170 1032 3492 1094 tempestate

1904 1115 2133 1182 vastari;
2167 1117 2260 1172 sed
2288 1126 2540 1187 quantum
2576 1117 2715 1173 inter
2744 1118 2855 1187 ipsa
2887 1115 3181 1172 recentium
3212 1118 3486 1173 calamita—

1905 1215 2015 1261 tum
2058 1206 2314 1262 ferventia
2358 1208 2589 1278 pericula
2633 1207 3013 1276 comperimus,
3050 1206 3488 1278 perniciosiorem

1907 1297 2151 1353 diabolus
2172 1296 2596 1354 Christianorum
2626 1299 2897 1353 mentibus
2928 1299 3129 1364 labem,
3170 1314 3329 1368 quam
3368 1311 3489 1351 eor-

1907 1388 2127 1459 poribus
2159 1388 2366 1444 hostilis
2389 1388 2591 1456 feritas,
2625 1389 2913 1460 irrogavit:
2946 1389 3084 1457 quod
3112 1404 3163 1443 m
3202 1389 3310 1443 lum
3340 1392 3490 1457 prin-

1906 1481 2151 1549 cipaliter
2188 1482 2400 1537 illarum
2444 1483 2718 1552 regionum
2765 1482 2981 1551 respicit
3014 1483 3347 1547 sacerdotes,
3400 1481 3489 1550 qui

1908 1578 2052 1625 tanta
2080 1573 2306 1642 segnitie
2337 1581 2587 1643 tantaque
2628 1572 2910 1627 ministerii
2940 1572 3367 1627 dissimulatione
3397 1587 3488 1626 su-

1906 1663 2098 1731 seepti,
2127 1663 2533 1718 commissarum
2575 1663 2675 1717 sibi
2704 1663 2979 1733 negligunt
3015 1663 3255 1732 regimen
3286 1663 3490 1717 auina-

1910 1766 2051 1815 rum,
2078 1762 2135 1807 ut
2157 1767 2248 1807 eas
2273 1753 2432 1807 etiam
2458 1753 2525 1805 ab
2551 1754 2755 1824 exiguis
2787 1754 3087 1824 quibusque
3126 1754 3368 1809 bestiolis
3411 1755 3482 1807 la-

227 1850 623 1920 confestimque
650 1851 885 1905 scribere
912 1866 1013 1905 neu
1045 1852 1237 1917 omittit
1258 1851 1446 1915 ;utvel
1471 1852 1805 1905 nascentibus

1915 1840 2089 1893 cerari
2118 1840 2218 1894 sub
2239 1843 2615 1912 conspectibus
2637 1844 2746 1897 suis
2774 1844 2992 1913 impune
3017 1845 3283 1914 patiantur
3304 1845 3489 1914 :quin-

225 1942 420 2010 iurgiis
454 1944 566 2010 pius
590 1941 881 1996 medicator
905 1953 1234 2009 OCL'UI‘t‘etCl,
1260 1944 1340 1998 vel
1369 1944 1436 1998 de
1462 1958 1646 1998 corum
1672 1958 1809 1999 com.

227 2043 382 2101 perta
416 2050 537 2088 mox
568 2035 931 2089 incolumitate
964 2035 1222 2105 gauderet
1255 2055 1266 2087 :
1304 2036 1445 2105 quod
1478 2052 1575 2091 nos
1602 2051 1811 2106 quaque

224 2124 423 2176 litteris
450 2140 569 2193 qua:
599 2138 762 2193 super
785 2124 881 2178 hac
913 2134 1062 2194 parte
1082 2125 1235 2179 dicta:
1264 2133 1408 2189 sunt,
1439 2126 1702 2182 indicasse
1723 2141 1812 2182 re-

223 2214 581 2279 miniscimur,
607 2224 663 2268 ut
689 2214 897 2269 scilicet
922 2229 1011 2269 aut
1039 2216 1395 2285 irrepentibus
1420 2218 1804 2271 obsisteremus

222 2307 469 2373 inSaniis,
506 2318 615 2372 aut,
654 2306 699 2361 si
751 2308 879 2363 nihil
921 2307 1110 2363 horum
1157 2311 1365 2378 penitus
1391 2311 1699 2377 accidisset,
1730 2312 1799 2367 de

221 2398 403 2452 cathol
425 2413 504 2453 ca:
531 2400 770 2462 veritat's
798 2399 1103 2470 integritate
1125 2400 1445 2457 lzetaremur.
1472 2402 1806 2472 Quaprop'er

222 2506 332 2544 non
373 2492 546 2546 solum
583 2491 800 2545 dilectio
838 2501 925 2546 tua
970 2500 1148 2547 nostra
1190 2508 1295 2547 non
1336 2493 1494 2549 debet
1532 2494 1803 2564 vigilantia

225 2584 550 2651 permoveri.
597 2584 690 2638 sed
734 2586 1008 2653 przcsentis
1038 2586 1285 2653 colloquii
1326 2586 1647 2641 salutatione
1686 2602 1806 2657 per-

221 2682 378 2742 cepta
426 2673 702 2728 nobiscum
749 2674 923 2743 potius
971 2675 1285 2729 industriam
1329 2677 1557 2747 propria:
1598 2678 1708 2733 soci
1748 2694 1805 2733 re

220 2765 479 2829 solertiae,
504 2775 766 2835 quatenus
795 2766 875 2820 vel
900 2766 1012 2820 sive
1041 2774 1237 2820 tentata
1265 2767 1370 2820 sint
1397 2767 1541 2831 talia,
1560 2769 1804 2836 protinus

220 2857 581 2926 corrigantur,
628 2858 707 2910 vel
754 2872 822 2913 ne
871 2858 1102 2927 qualibet
1147 2856 1462 2926 obreptione
1510 2866 1800 2926 tententnr,

219 2948 477 3003 attentius
529 2948 878 3018 prtecavendo
930 2950 1233 3005 subintrare
1286 2963 1388 3003 non
1442 2949 1670 3005 valeant.
1731 2949 1804 3005 De

218 3040 415 3107 quibus
438 3048 614 3094 autem
640 3040 675 3093 ii
698 3054 828 3108 quos
853 3049 940 3094 tua
971 3050 1163 3093 caritas
1189 3040 1492 3106 destinavit,
1517 3042 1559 3094 si
1588 3041 1799 3110 plenius

217 3130 421 3184 instrui
448 3130 729 3193 voluerint,
752 3138 1039 3201 sequentes
1063 3131 1196 3186 tituli
1224 3146 1343 3185 cum
1367 3133 1475 3186 suis
1500 3133 1804 3200 responsio-

1916 1931 2026 1986 imo
2051 1934 2402 2003 subrepentes
2441 1935 2704 2005 nequitias
2739 1937 3119 2000 confovendo,
3149 1945 3203 1991 et
3231 1936 3493 2005 deprava-

1912 2023 2121 2079 toribus
2146 2026 2537 2095 acquiescendo
2557 2027 2813 2091 fidelium,
2831 2043 2936 2082 non
2958 2029 3131 2082 solum
3155 2044 3246 2082 cas
3269 2028 3489 2082 minimo

1908 2114 2213 2181 retrabant,
2268 2117 2361 2171 sed
2406 2117 2535 2187 ipsis
2584 2117 2857 2187 praebeant
2905 2118 3117 2188 propria
3169 2121 3491 2173 nutrimenta

1910 2206 2224 2277 perditionis
2252 2211 2521 2279 exemplo.
2553 2209 2691 2276 Quid
2722 2218 2900 2266 autem
2948 2211 3082 2267 tales
3109 2221 3289 2267 essent
3326 2212 3491 2266 acturi

1909 2300 2209 2371 pontifices,
2243 2302 2285 2355 si
2318 2301 2495 2370 (quod
2523 2301 2701 2371 absit)
2730 2302 2813 2356 vel
2842 2304 3024 2374 aliqua
3057 2319 3191 2357 nova
3225 2306 3409 2373 pestis,
3440 2314 3492 2359 et

1908 2392 2153 2460 primitus
2182 2393 2416 2463 ignorata
2464 2405 2856 2462 prorumperet,
2902 2395 2987 2449 vel
3016 2394 3246 2463 ingeniis
3273 2395 3493 2450 acriori-

1908 2481 2028 2548 bus,
2056 2482 2413 2555 sensibasque
2445 2484 2695 2554 versutis,
2722 2493 2813 2539 aut
2837 2484 3010 2555 aliqua
3038 2486 3372 2541 saecularium
3395 2488 3490 2540 do-

1906 2576 2200 2630 ctrinarum
2238 2575 2427 2645 peritia
2468 2575 2701 2642 callidis,
2741 2576 3000 2646 sacrilega
3037 2576 3486 2647 blasphemiarum

1906 2670 2048 2724 dicta
2098 2678 2492 2740 promerentur,
2538 2669 2626 2739 qui
2670 2678 2776 2723 tam
2821 2670 3019 2724 veteris
3058 2671 3259 2724 erroris
3299 2671 3491 2726 detrita
3544 2654 3549 2657 ’

1906 2770 2231 2828 commenta,
2251 2771 2463 2830 tamque
2486 2760 2781 2831 majoribus
2806 2760 3167 2816 Ecclesiarum
3196 2763 3484 2832 magistris,

1906 2868 2061 2922 quam
2091 2853 2255 2908 etiam
2292 2861 2474 2908 nostra
2500 2854 2669 2907 'tctate
2697 2852 2940 2907 convicta
2980 2865 3086 2907 non
3115 2855 3360 2907 recolunt
3389 2870 3488 2907 nec

1906 2943 2163 3010 refutant;
2204 2952 2364 3012 atque
2403 2943 2471 2998 ab
2509 2942 2768 3012 imperitis
2820 2942 3102 3011 stultisque
3142 2942 3343 3011 prolata
3385 2958 3488 2997 non

1907 3043 2183 3105 resouunt.
2216 3034 2429 3089 Gratias
2466 3033 2820 3103 omnipotenti
2850 3032 2958 3088 Deo
2984 3033 3211 3103 agimus,
3239 3034 3490 3103 quoniam

1905 3142 2124 3182 snornm
2154 3126 2319 3181 corda
2353 3142 2448 3196 per
2470 3124 2771 3195 huiusmodi
2794 3138 2991 3203 person
3013 3138 3055 3179 is
3077 3125 3375 3189 examinat;
3398 3126 3487 3194 qni

217 3221 388 3275 nibus
416 3220 751 3275 intimabunt.
772 3220 1101 3291 thooniam
1126 3237 1185 3275 se
1201 3221 1282 3275 his
1308 3222 1649 3291 acquiescere
1674 3240 1804 3289 pra»
1830 3217 1877 3279 C
1911 3221 2012 3275 hoc
2043 3220 2214 3289 ipsum
2242 3219 2387 3273 virus
2418 3218 2662 3273 nesciunt
2689 3218 2830 3286 quod
2861 3217 3165 3287 loquantur.
3203 3216 3331 3272 Nam
3359 3220 3485 3287 quid

215 3312 321 3366 fati
366 3321 588 3365 eatenus
618 3321 742 3364 sunt
774 3309 1024 3379 professi,
1070 3320 1129 3364 ut
1167 3312 1353 3365 eadem
1391 3327 1450 3366 se
1488 3322 1540 3366 et
1568 3312 1809 3381 primitus

215 3402 465 3458 tenuisse
497 3402 792 3467 firmarent,
812 3402 905 3457 sed
932 3412 1058 3457 ante
1087 3402 1248 3458 ullius
1270 3402 1321 3456 in
1341 3402 1690 3473 quaestionem
1714 3418 1807 3458 vo-

215 3501 343 3547 cata
368 3492 562 3547 vellent
590 3490 925 3546 manifestius
947 3491 1208 3561 expediri,
1232 3492 1531 3547 studuimus
1554 3502 1809 3562 quantum

216 3585 366 3639 inter
401 3583 781 3654 occupationes
810 3583 923 3636 fieri
965 3583 1153 3651 potuit,
1192 3598 1313 3654 qua:
1345 3597 1442 3638 nos
1473 3584 1693 3638 minime
1724 3601 1810 3639 re-

214 3676 429 3746 spirare
464 3676 755 3747 paziuntur,
802 3675 1059 3745 largiente
1107 3675 1352 3740 Domino,
1392 3686 1678 3746 sequentes
1717 3692 1807 3746 pa-

220 3780 377 3825 terna
408 3769 659 3837 vestigia,
693 3768 760 3823 de
792 3768 860 3821 tal
889 3769 1005 3833 bus,
1038 3783 1156 3837 quae
1183 3768 1445 3837 cmpimus
1472 3783 1577 3823 non
1604 3769 1763 3823 silere
1792 3787 1803 3822 :

220 3877 387 3931 quam
418 3861 652 3930 regulam
683 3860 864 3916 sobrie
892 3860 1158 3917 sentiendi
1193 3860 1434 3931 quisquis
1475 3860 1615 3915 ﬁdeli
1644 3862 1808 3916 corde

221 3961 481 4016 sectatur,
524 3953 661 4006 inter
705 3950 1032 4005 orthodoxos
1070 3951 1263 4006 merito
1302 3950 1499 4006 debeat
1528 3953 1801 4007 mstimari.

221 4042 479 4111 Quisquis
497 4057 624 4097 vero
652 4042 913 4111 putaverit
941 4042 1245 4110 abnuenda,
1264 4042 1332 4096 ab
1354 4043 1663 4112 apostolicis
1689 4057 1809 4098 sese

223 4150 336 4188 non
379 4133 611 4203 ambigat
655 4134 909 4187 exsulare
950 4132 1230 4187 doctrinis.
1268 4132 1430 4187 Certe
1471 4134 1516 4188 si
1561 4136 1686 4204 quid
1728 4144 1812 4188 est

222 4227 369 4297 quod
398 4226 571 4282 valeat
600 4226 837 4280 animum
867 4239 1201 4294 permovere,
1230 4223 1536 4278 fraternitas
1566 4233 1653 4279 tua
1682 4240 1813 4276 ron-

225 4323 403 4378 tulere
452 4321 770 4376 fiducialiter
816 4320 1049 4386 omittat,
1082 4329 1151 4373 ut
1194 4318 1401 4373 Domini
1432 4319 1599 4388 gratia
1649 4318 1807 4372 mini-

224 4423 452 4478 ttrante,
495 4415 656 4467 totius
695 4412 947 4467 discutiat
976 4411 1314 4466 obscuritatis
1356 4412 1660 4481 ambiguom
1707 4410 1811 4463 fra-

224 4518 376 4562 terna
402 4508 636 4562 collatio.

757 4606 782 4634 ι
816 4596 1145 4652 EPISTOLA
1190 4595 1295 4649 νη.

510 4708 579 4746 AD
616 4706 788 4745 OINES
829 4705 1102 4745 EPISCOPOS
1145 4705 1243 4743 μειι
1282 4704 1528 4745 PICENUJI.

228 4804 351 4858 Tria
384 4805 640 4872 prtrcipua
677 4802 972 4870 Pelagianae
1014 4803 1217 4857 haeresis
1244 4793 1417 4867 Eapita
1448 4802 1551 4870 refe
1574 4802 1652 4854 lit.
1691 4799 1811 4853 Pri-

300 4891 461 4943 mum,
490 4871 680 4929 scilicet
704 4876 943 4942 parvulos
974 4874 1084 4927 sine
1121 4871 1361 4942 originali
1399 4882 1605 4941 peccato
1636 4890 1728 4925 nas
1763 4874 1798 4925 ἑ.

197 5031 205 5037 .
268 4990 269 4993 “
307 4998 330 5026 ⁸
361 4990 485 5043 ﬂare
512 4987 735 5055 epistola
775 4986 1053 5041 circularis
1098 4985 1219 5040 data
1249 4994 1334 5040 est
1370 4984 1437 5038 ad
1473 5000 1675 5055 omnes
1691 4987 1802 5050 epi-

225 5074 422 5125 rcopos
452 5060 502 5112 in
535 5054 731 5113 Piceno
770 5057 994 5125 positos,
1018 5072 1117 5126 qua
1149 5056 1434 5126 plurimum
1464 5055 1608 5110 dolet
1650 5054 1805 5109 Pela-

226 5130 439 5199 gianam
464 5129 713 5199 haeresim
756 5128 808 5182 in
840 5127 1025 5199 eadem
1051 5125 1330 5199 provincia
1362 5126 1666 5199 coalescere
1693 5140 1806 5199 eni-

231 5195 398 5266 pissc.
431 5198 582 5252 Missa
623 5207 705 5251 est
755 5214 847 5262 per
877 5196 1155 5249 Romulum
1190 5197 1245 5251 S.
1275 5196 1337 5250 fl.
1366 5196 1428 5249 Ε.
1477 5195 1802 5266 cardinalem

227 5269 537 5322 diaconum.
568 5268 700 5322 Tres
748 5269 798 5320 in
846 5281 908 5321 ea
938 5274 1215 5320 eun-uerat
1243 5276 1298 5320 et
1337 5267 1533 5320 refutat
1564 5265 1802 5333 Pelagia-

231 5352 335 5391 nos
375 5339 684 5393 sententias.
718 5338 911 5391 Earum
957 5337 1122 5405 prima
1156 5337 1243 5388 illa
1282 5346 1383 5399 est,
1418 5336 1559 5405 quod
1607 5337 1800 5400 pra-di-

229 5422 361 5461 cans
381 5409 665 5462 circulator
692 5407 1181 5476 senex'probrosns
1222 5416 1275 5458 et
1308 5406 1551 5459 indoctus
1574 5408 1801 5476 negd’ret

231 5476 461 5531 infantes
481 5489 839 5543 cum-peccato
860 5478 1030 5545 origin
1050 5476 1101 5528 ili
1130 5477 1350 5544 corripi,
1382 5484 1435 5528 ct
1465 5477 1519 5545 ei
1535 5475 1735 5527 obnoxi
1762 5489 1802 5526 is

232 5546 403 5600 reddi.
446 5547 685 5600 Secunda
735 5558 854 5607 ista,
907 5544 1161 5599 Parvulos
1211 5548 1328 5599 sine
1376 5544 1647 5611 baptismo
1698 5561 1743 5595 n-
1771 5561 1801 5597 ιι

256 5630 393 5669 insse
429 5617 692 5669 damnari.
741 5617 916 5669 Tertia
947 5617 1160 5668 demmn
1202 5626 1338 5675 erat,
1386 5614 1664 5667 Ilominem
1713 5631 1805 5676 per

256 5633 393 5669 D0588
429 5633 692 5669 damnari.
752 5633 916 5669 tertia
947 5633 1160 5668 uernum
1202 5633 1338 5675 erat,
1386 5633 1664 5667 uommein
1713 5633 1805 5676 per

233 5633 465 5740 ‘ibemm
490 5685 764 5738 arbitrium
797 5685 904 5753 ipsa
943 5697 1127 5738 natura
1155 5686 1472 5754 stilfraganle
1500 5700 1655 5753 pisse
1688 5685 1807 5737 bea-

1912 3315 2145 3368 facerent
2178 3310 2492 3380 populorum
2520 3309 2777 3379 praesules
2804 3309 2903 3364 sub
2930 3309 3281 3364 astutioribus
3307 3309 3488 3364 inimi-

1914 3405 2010 3469 c's,
2025 3402 2115 3473 qui
2130 3418 2188 3458 se
2210 3401 2498 3473 subjiciunt
2520 3403 2746 3457 libenter
2768 3402 3263 3469 indoctis?Quando
3285 3404 3488 3474 utique,

1913 3495 2123 3551 etiamsi
2149 3505 2292 3550 tanta
2322 3503 2437 3551 erat
2468 3494 2521 3548 in
2552 3494 2850 3549 rei-toribus
2871 3495 3121 3550 dominici
3143 3495 3320 3567 gregis
3345 3512 3490 3566 pror-

1912 3602 2004 3642 sus
2034 3587 2263 3657 ignavia,
2297 3596 2355 3643 ut
2382 3602 2449 3642 ne
2476 3596 2582 3641 tam
2615 3586 2772 3641 vilem
2818 3587 3169 3657 hebetemque
3210 3603 3489 3657 personam

1913 3678 2119 3748 possint
2162 3677 2244 3733 vel
2292 3677 2590 3748 intelligere
2633 3677 2713 3732 vel
2753 3675 2986 3746 frenare,
3040 3677 3212 3747 potius
3242 3682 3490 3749 pastorali

1910 3784 2039 3824 cura
2061 3768 2343 3825 debuerint
2361 3784 2391 3824 a
2418 3769 2570 3825 nobis
2595 3769 2962 3839 cognoscenda
2988 3770 3310 3840 perquirere,
3331 3786 3488 3839 quam

1911 3860 2250 3916 suasioiiibus
2296 3860 2757 3916 inconsideranter
2805 3860 3071 3927 absurdis,
3122 3859 3333 3916 facilem
3365 3864 3486 3916 sub-

1912 3952 2124 4007 mittere
2150 3953 2479 4007 voluntatem
2505 3970 2518 4005 :
2550 3950 2761 4007 oblatus
2790 3959 2873 4007 est
2897 3951 3039 4007 enim
3081 3952 3233 4008 nobis
3264 3953 3489 4008 misera.

1911 4043 2033 4097 bilis
2061 4048 2222 4098 senex
2254 4045 2269 4076 ¹
2294 4043 2495 4099 Seneca
2523 4043 2757 4107 nomine,
2787 4044 2875 4113 qui
2908 4059 3011 4098 non
3042 4044 3200 4098 modo
3228 4046 3386 4099 totius
3407 4057 3488 4099 est

1911 4134 2228 4188 eruditionis
2268 4133 2498 4197 alienus,
2540 4133 2645 4186 sed'
2665 4132 2827 4201 ipsius
2867 4148 3081 4200 quoque
3122 4135 3487 4201 intelligentia:

1912 4223 2213 4278 communis
2241 4236 2459 4292 prorsus
2487 4231 2806 4290 extraneos,
2828 4222 2880 4275 in
2908 4222 3205 4290 Pelagianae
3226 4226 3493 4294 voraginii
3586 4252 3597 4260 -

1912 4327 2069 4369 emno
2102 4313 2260 4383 (sicut
2288 4312 2355 4367 de
2403 4312 2720 4381 quibusdam
2762 4311 2815 4366 in
2846 4311 3164 4382 Apocalypsi
3197 4314 3347 4383 (Cap.
3373 4321 3493 4387 xvi)

1912 4404 2158 4475 legimus)
2201 4404 2346 4459 velut
2384 4419 2487 4458 una
2532 4418 2781 4458 ranarum
2815 4403 3147 4473 impudenter
3187 4405 3490 4476 immersus,

1914 4496 2075 4565 inque
2098 4496 2184 4549 illa
2213 4494 2341 4550 fasce
2364 4495 2693 4551 liorribiliter
2721 4488 3008 4558 volutaius,
3044 4495 3340 4552 nullatenus
3369 4500 3491 4555 inde

1839 4586 1890 4645 D
1916 4586 2147 4654 qualiter
2175 4602 2451 4657 emergere
2482 4595 2664 4656 posset
2690 4587 3002 4652 inveniens;
3044 4589 3165 4657 quia
3205 4594 3491 4656 puritatem

1917 4682 2226 4750 relinquens
2269 4680 2547 4735 catholicae
2591 4680 2846 4744 veritatis,
2892 4688 3092 4748 quanto
3121 4695 3177 4733 se
3211 4683 3495 4748 perhibri.

1916 4788 2036 4825 cum
2068 4772 2312 4826 falsitatis
2336 4780 2564 4826 conatur
2592 4772 2854 4837 attollere,
2890 4779 3036 4825 tanto
3066 4774 3231 4841 magis
3262 4778 3377 4837 egus
3413 4778 3490 4827 lu»

1910 4868 2039 4923 tosis
2083 4867 2251 4921 foveis
2280 4866 2666 4921 circumclusus
2706 4864 3062 4935 obruitur,,de
3091 4866 3193 4919 illis
3218 4883 3355 4921 unus
3384 4886 3495 4919 eu-

1908 4993 2016 5035 tum
2046 4980 2218 5043 reddi,
2250 4989 2553 5049 tantamque
2576 4981 2678 5033 vim
2704 4979 2884 5033 liberte
2908 4980 3162 5034 voluntati
3195 4979 3370 5034 inesse
3404 4985 3484 5031 di-

1912 5056 2086 5116 ccbat,
2120 5060 2177 5104 ut
2204 5052 2246 5103 si
2280 5052 2461 5116 vellet,
2496 5051 2656 5104 etiam
2697 5050 2812 5104 sine
2844 5049 2934 5104 Dei
2964 5050 3166 5109 auxilio
3184 5061 3376 5118 posset
3408 5053 3489 5105 io-

1909 5132 1990 5175 tcr
2043 5121 2466 5175 adolescentulus
2520 5121 2743 5185 versari,
2787 5134 2984 5189 easque
3028 5132 3380 5187 contrectare,
3437 5132 3494 5172 et

1909 5202 2212 5247 tamennon
2257 5189 2543 5259 inquinari.
2582 5193 2761 5255 Quare
2803 5206 2923 5245 cum
2975 5192 3039 5245 ad
3075 5192 3355 5260 pra-dictas
3388 5191 3493 5239 lia--

1909 5277 2055 5316 reses
2102 5260 2480 5325 acceptandas,
2529 5275 2680 5314 more
2726 5261 3147 5325 lia‘retienrum,
3182 5261 3359 5313 carnis
3414 5260 3489 5308 la-

1908 5334 2080 5385 SCivas
2108 5330 2493 5384 delectationes
2518 5331 2902 5399 proposuisset,
2936 5342 2989 5387 et
3013 5332 3077 5383 ad
3105 5332 3304 5383 bestias
3338 5340 3493 5380 terrae

1908 5403 2194 5466 capiendas
2220 5411 2331 5454 rete
2352 5400 2529 5453 carnis
2551 5416 2655 5468 quo
2680 5400 2753 5454 uti
2773 5402 2947 5455 solent
2969 5400 3333 5468 expandissei,
3359 5399 3493 5449 hane

1910 5465 2183 5540 paternam
2228 5465 2667 5531 admonitionem.
2714 5481 2767 5524 et
2816 5470 3135 5540 pastoralem
3169 5465 3491 5540 v_igianti:un

1910 5535 2012 5594 non
2041 5542 2288 5594 obstante
2335 5550 2475 5592 metu
2508 5543 2765 5593 Anastasii
2808 5535 3146 5606 imperatoris
3177 5535 3491 5606 Ειιιι.1ιὶ;ιιιὶ

1910 5622 1962 5664 et
2000 5611 2321 5665 Theudorici
2372 5610 2510 5676 regis
2542 5613 2718 5663 Ariani
2754 5609 2803 5661 in
2846 5608 2992 5662 Italia
3039 5607 3308 5677 regnantis
3340 5623 3494 5662 exerv

1914 5697 2036 5734 cere
2064 5682 2368 5746 oportebat.
2401 5680 2529 5735 Ssv.
2563 5680 2765 5732 Brutus.

369 5799 678 5871 Episcopus,
709 5800 901 5869 quippe
929 5801 1011 5868 qui
1054 5810 1235 5867 postea
1284 5797 1655 5868 presbyterum
1690 5784 1932 5865 privasse
1961 5796 2331 5848 communione
2359 5792 2576 5845 dicitur.
2608 5788 2933 5844 llauotusus.
