4104 6356
625 400 696 462 55
762 390 765 391 ί
904 388 909 391 ’
1992 395 2190 451 usus:

2301 395 2553 451 PAPAZI
3290 388 3297 395 '
3411 455 3436 462 _
3833 391 3905 448 so

3409 455 3453 477 δ

627 531 795 583 stcns,
826 519 891 574 de
920 516 1110 587 quibus
1133 514 1318 569 Petrus
1341 508 1761 577 dicitapostolus
1787 524 1802 562 :
1828 503 1901 561 Hi
1923 522 2035 561 vero
2062 508 2195 561 retnt
2227 514 2279 574 Α
2308 507 2571 567 habetur:
2603 506 2825 575 proinde
2848 504 3102 576 quidquid
3136 504 3221 560 isti
3250 506 3523 575 genitores
3552 505 3619 561 de
3642 516 3742 559 suo
3768 519 3895 575 ger-

628 613 992 668 irrarionabilia
1014 624 1213 680 pecora,
1235 604 1535 659 naturaliter
1556 603 1613 659 in
1628 602 1912 673 captionem
1932 609 1978 653 ct
2001 596 2055 652 in
2080 615 2198 669 per-

628 706 807 759 niciem
824 705 876 775 in
896 702 976 755 his
995 715 1106 770 qua:
1126 700 1361 768 ignorant
1384 694 1785 762 blaspltemantes
1805 693 1857 744 in
1880 690 2202 758 corruptione

627 812 741 863 sua,
758 795 985 861 peribunt
1005 787 1333 862 percipientes
1356 786 1632 841 mercedem
1653 783 1917 856 injustitt'ae
1943 780 2030 854 (11
2055 780 2198 836 Petr.

626 888 708 955 tt).
740 886 939 939 ltevera
970 883 1111 937 enim
1141 882 1217 934 sie
1246 879 1363 949 ejus
1393 877 1619 933 Stolidus
1647 884 1700 931 et
1727 874 1949 930 obtusus
1970 880 2055 927 est
2082 870 2200 926 ani-

624 972 763 1047 mus,
798 990 855 1034 ut
884 978 952 1034 de
983 975 1064 1031 his
1088 974 1329 1041 venenis,
1350 988 1470 1044 qua:
1499 970 1638 1027 male
1670 969 1866 1034 hausit,
1896 976 1952 1023 et
1974 966 2197 1033 vomuit,

622 1076 823 1131 nullam
854 1073 1113 1128 rationem
1136 1069 1215 1125 vel
1245 1068 1491 1139 accipere
1515 1065 1690 1120 valeat
1710 1061 2049 1127 omnino,vel
2076 1055 2203 1113 red-

624 1169 773 1224 dere.
812 1167 917 1223 Sed
963 1164 1238 1220 induratus
1277 1161 1636 1216 obctecatione
1678 1155 1963 1220 diabolica,
1990 1153 2201 1224 sibique

622 1264 731 1332 jam
760 1259 1007 1323 traditus,
1039 1253 1217 1312 cordis
1242 1253 1324 1309 sui
1354 1250 1557 1307 funesta
1581 1250 1650 1304 sit
1670 1246 2030 1303 obstinatione
2050 1245 2202 1299 dam-

626 1364 822 1418 natus;
854 1351 1090 1419 nihilque
1118 1344 1352 1416 supersit
1382 1344 1453 1411 ei,
1482 1340 1581 1396 nisi
1616 1349 1673 1395 ut
1699 1339 1839 1394 Deus
1871 1344 2078 1401 noster,
2108 1333 2202 1404 qui

626 1449 776 1512 dixit,
809 1461 929 1514 qua:
959 1442 1263 1497 hominibus
1290 1434 1639 1507 impossibilia
1673 1431 1941 1495 videntur,
1974 1427 2115 1498 apud
2144 1440 2204 1482 se

626 1555 746 1596 esse
775 1538 947 1592 facilia
978 1534 1197 1606 (Matth.
1234 1530 1369 1599 xix),
1400 1526 1703 1597 lmjusmodi
1735 1531 1969 1579 mentem
1994 1518 2201 1590 potenti

624 1631 1033 1700 compunctione
1063 1625 1357 1693 transﬁgat,
1396 1632 1451 1675 ut
1488 1618 1781 1674 secundum
1822 1616 2034 1671 beatum
2075 1627 2204 1682 apo-

624 1698 820 1779 stolum
863 1720 1108 1785 Paulum,
1150 1716 1412 1784 resipiscat
1456 1731 1488 1767 a
1528 1713 1720 1766 diaboli
1759 1710 1974 1781 laqueis,
2023 1698 2203 1777 quibus

623 1817 849 1890 captivus
878 1814 1135 1866 detinetur
1163 1809 1243 1877 (ll
1282 1806 1486 1889 Tim.tt)
1513 1803 1779 1860 sententia
1806 1802 1970 1856 divini
1992 1798 2199 1869 judicii.

2305 600 2448 681 tuine
2490 598 2853 669 protulerunt,
2890 611 3025 666 Opus
3067 597 3285 668 quidem
3324 597 3415 652 Dei
3447 606 3549 663 est,
3601 589 3901 652 secundum

2305 678 2692 746 institutionem
2718 700 2923 747 natura:
2945 704 2959 756 ;
2984 690 3079 745 sed
3111 705 3216 745 non
3246 678 3449 760 absque
3476 692 3725 760 contagio
3747 680 3901 745 illius

2305 785 2452 853 mali,
2482 785 2624 856 quod
2652 800 2744 840 sua
2774 776 3216 854 praevaricatione
3239 792 3517 839 traxerunt
3552 798 3566 836 :
3614 786 3668 837 ct
3707 786 3901 853 utique

2306 876 2408 933 hoc
2434 878 2577 932 idem
2607 877 2771 948 ipsius
2798 875 2919 932 mali
2947 876 3274 947 contagium,
3298 884 3501 930 certum
3532 882 3612 929 est
3634 884 3897 943 opusnon

2303 981 2424 1027 esse
2454 970 2713 1026 divinum.
2743 968 2924 1039 Itaque
2952 982 3057 1025 non
3084 982 3148 1025 es
3170 965 3443 1024 creatione
3468 963 3560 1021 ι)ιυὶ
3585 974 3666 1020 est
3697 963 3891 1021 vitium

2303 1059 2447 1132 quod
2479 1060 2781 1117 voluniario
2813 1068 2957 1116 motu
2986 1069 3173 1115 natura
3200 1058 3451 1129 collegit;
3497 1055 3589 1113 sed
3628 1057 3792 1112 etiam
3818 1055 3893 1113 de

2306 1153 2484 1208 vitiata
2539 1166 2634 1221 per
2674 1150 3016 1219 semetipsam
3065 1158 3254 1204 natura
3306 1148 3445 1204 Deus
3503 1146 3892 1202 institutionem

2306 1256 2457 1301 suam
2489 1244 2701 1314 quidem
2723 1259 2836 1300 suae
2862 1244 3154 1300 creatiouis
3183 1242 3528 1311 exsequitur;
3561 1240 3653 1295 sed
3683 1240 3893 1295 creatio

2307 1336 2510 1406 profert
2556 1337 2769 1401 vitium,
2810 1334 2953 1407 quod
2985 1346 3091 1389 non
3131 1349 3199 1389 ex
3252 1330 3583 1388 institutione
3615 1330 3890 1387 Creatoris

2306 1429 2533 1498 accepit,
2554 1428 2648 1483 sed
2666 1426 2806 1497 quod
2826 1426 2937 1496 ipsa
2963 1441 3055 1496 per
3082 1426 3287 1493 lapsum
3312 1421 3750 1494 transgressionis
3773 1436 3888 1477 sua:

2306 1518 2611 1588 assumpsit.
2652 1515 2782 1572 Nam
2829 1518 2873 1571 si
2917 1515 3019 1587 ipsi
3044 1515 3203 1586 primi
3235 1513 3477 1569 homines
3501 1528 3570 1569 ex
3599 1513 3780 1577 nullis,
3828 1514 3889 1567 ut

2305 1610 2508 1665 dictum
2531 1620 2631 1674 est,
2661 1607 2970 1677 parentibus
2996 1608 3127 1673 nati,
3158 1616 3211 1661 et
3232 1608 3349 1662 sine
3367 1606 3485 1659 ullo
3516 1604 3726 1659 formati
3753 1618 3885 1658 con-

2308 1698 2470 1770 tagio,
2501 1712 2597 1769 per
2621 1698 2875 1753 ambitum
2901 1696 3328 1767 praesumptionis
3348 1694 3543 1750 illicitas
3563 1694 3883 1763 semetipsos

2306 1792 2599 1863 depravare
2628 1796 2932 1859 potuerunt,
2954 1797 3009 1844 et
3034 1789 3087 1842 in
3116 1800 3279 1856 opere
3307 1785 3403 1842 Dei
3440 1798 3573 1855 Opus
3603 1784 3883 1839 diabolica!

621 1878 884 1965 Μξιιωῑιιί
922 1919 1041 1974 qua:
1082 1904 1148 1957 de
1180 1885 1479 1971 Pelagianis
1504 1896 1749 1951 sensibus
1779 1908 1876 1949 nec
1907 1892 1960 1947 in
1993 1892 2199 1946 somnis
2228 1918 2276 1979 Β
2310 1884 2510 1939 fraudis
2553 1883 2861 1950 adnectere,
2914 1881 3040 1952 quid
3090 1882 3281 1936 mirum
3325 1882 3368 1935 si
3416 1880 3574 1935 iidem
3608 1878 3879 1947 depravati

621 2002 838 2057 omnino
868 1998 1220 2067 contigerant,
1250 2008 1348 2047 nos
1374 1991 1541 2060 magis
1579 1989 1834 2058 patefacta
1864 1982 2195 2055 prodidimus

620 2110 706 2159 ea,
746 2108 863 2163 qua:
902 2091 1098 2145 dudum
1128 2087 1370 2141 convicta
1409 2081 1572 2137 fuisse
1600 2077 2032 2135 monstravimus.
2072 2072 2197 2129 lla‘c

622 2187 783 2241 etiam
808 2186 943 2255 ipsa,
974 2196 1091 2253 qua:
1123 2180 1261 2234 idem
1295 2175 1535 2247 proferre
1564 2172 1862 2235 videbatur,
1892 2169 2020 2224 olim
2049 2177 2103 2223 et
2130 2164 2198 2223 ab

623 2278 889 2335 bteretieis
926 2274 1220 2345 Pelagianis
1252 2272 1309 2325 in
1338 2268 1571 2348 medium
1608 2266 1863 2337 producta
1893 2264 2193 2326 docuimus,

619 2382 674 2427 et
694 2387 724 2425 a
754 2368 1033 2425 catholicis
1058 2361 1496 2437 praedicatoribus
1530 2366 1901 2425 competenter
1921 2355 2074 2411 elisa.
2092 2356 2195 2408 Pe;

619 2464 837 2532 lagium,
861 2458 1193 2521 Calestium,
1218 2454 1514 2518 lulianum,
1537 2462 1869 2519 crateresque
1888 2448 2197 2516 complures

618 2556 867 2610 oratoria:
906 2550 1165 2606 facundia:
1205 2548 1350 2602 viros
1381 2547 1433 2601 in
1468 2545 1566 2599 hac
1608 2544 1904 2601 assertione
1942 2541 2191 2613 probavi-

618 2662 737 2705 mus
759 2646 922 2701 fuisse
952 2644 1250 2708 convictos,
1282 2648 1337 2695 et
1359 2650 1463 2709 tam
1490 2636 1867 2692 ecclesiasticis
1885 2634 2193 2689 constitutis

614 2756 771 2810 quam
816 2735 1180 2807 imperialibus
1214 2736 1228 2765 ¹
1277 2732 1436 2788 etiam
1468 2743 1750 2801 percussos
1794 2728 1955 2781 fuisse
1984 2739 2191 2796 ιιι-ωορ-

615 2834 757 2903 ptis;
798 2830 1019 2901 proinde
1052 2830 1211 2883 istum
1240 2826 1382 2882 ferre
1420 2838 1525 2879 non
1566 2837 1721 2893 posse
1749 2822 2099 2888 ﬁrmavimus,
2138 2821 2190 2875 in

615 2925 810 2995 quibus
836 2922 915 2976 illi
940 2920 1073 2975 tales
1095 2919 1332 2987 tantique
1355 2915 1606 2987 prostrati
1640 2923 1786 2981 sunt,
1814 2913 1903 2983 qui
1934 2926 2031 2968 nec
2053 2915 2189 2982 ipsa,

615 3032 729 3082 qua:
772 3015 839 3069 ab
887 2998 987 3067 illis
1029 3021 1155 3065 sunt
1202 3009 1495 3077 disputata,
1538 3006 1621 3060 vel
1664 3005 1934 3060 intellecta
1975 3019 2187 3073 capere,

615 3110 695 3162 vel
737 3106 951 3177 eloquio
987 3103 1150 3160 simili
1194 3102 1363 3171 possit
1398 3112 1661 3155 astruere.
1714 3097 1842 3163 Sed,
1886 3106 1943 3152 ut
1989 3097 2188 3152 dictum

616 3198 984 3267 est,diabolica
1014 3212 1153 3250 mens
1174 3190 1505 3264 inspiratione
1527 3192 1846 3263 possessa,in
1875 3190 2191 3261 profundum

2304 1975 2638 2046 protulerunt
2664 1972 2903 2029 sobolem
2932 1972 3318 2043 depravatam?
3347 1969 3533 2027 Nonne
3560 1970 3721 2025 etiam
3754 1984 3877 2024 cum

2302 2063 2443 2121 Deus
2470 2066 2648 2136 utique
2678 2066 2899 2121 liberam
2931 2062 3230 2119 condiderit
3269 2063 3552 2117 humanam
3593 2074 3689 2114 sua
3728 2072 3877 2115 crea-

2301 2162 2446 2214 tione
2470 2156 2840 2219 substantiam,
2868 2155 3027 2211 etiam
3055 2154 3195 2224 apud
3229 2152 3492 2208 humanas
3523 2160 3697 2206 tamen
3731 2151 3875 2219 leges

2301 2253 2634 2308 extrinsecus
2661 2250 2919 2306 accedens
2943 2249 3174 2304 servitus
3203 2247 3517 2303 naturaliter
3547 2258 3665 2302 eam
3701 2243 3873 2300 reddit

2299 2344 2608 2400 obSIrictain
2634 2351 2687 2396 et
2710 2341 3029 2397 obnoxiam?
3055 2340 3271 2410 Origine
3292 2346 3615 2410 generantur
3638 2336 3870 2398 obnoxii,

2298 2443 2352 2491 et
2372 2450 2435 2490 ex
2465 2433 2767 2489 conditione
2800 2431 2973 2487 servili
2994 2432 3282 2503 gignuntur
3305 2430 3535 2495 addicti;
3567 2437 3622 2484 et
3648 2440 3873 2482 nascen-

2297 2527 2367 2583 do
2396 2526 2524 2581 fiunt
2546 2527 2692 2597 prius
2711 2524 2932 2599 (obligati
2958 2537 3114 2595 quam
3155 2522 3317 2594 geniti
3343 2540 3356 2577 :
3396 2521 3442 2577 si
3473 2521 3574 2576 hoc
3601 2522 3778 2591 agitur
3805 2520 3873 2574 de

2298 2618 2456 2675 rebus
2492 2628 2645 2674 extra
2689 2628 2932 2673 naturam
2972 2617 3179 2687 positis,
3222 2626 3421 2686 quanto
3468 2614 3637 2685 magis
3679 2612 3747 2668 de
3792 2613 3873 2666 bis

2296 2708 2579 2780 provenire
2609 2722 2712 2763 non
2741 2710 2935 2763 mirum
2964 2716 3067 2772 est,
3091 2705 3281 2777 quibus
3320 2708 3432 2776 ipsa
3477 2704 3704 2759 humana
3738 2702 3868 2757 sub-

2295 2804 2489 2860 stantia
2517 2802 2806 2873 depravata
2836 2799 3216 2867 cognoscitur?
3255 2812 3318 2854 ac
3362 2811 3458 2869 per
3498 2798 3599 2852 hoc
3644 2797 3784 2851 sicut
3813 2806 3879 2850 se

2294 2897 2407 2965 ipsa
2430 2895 2658 2951 humana
2680 2892 2975 2948 substantia
2992 2890 3058 2946 de
3075 2888 3409 2946 institutione
3429 2887 3637 2944 sincera
3658 2893 3869 2942 actuum

2294 2986 2641 3054 reprohorum
2673 2999 2763 3039 rea
2797 2982 2924 3038 fecit
2944 2983 3220 3037 voluntate
3270 2980 3551 3051 pollutam,
3594 2979 3671 3034 sic
3704 2976 3868 3032 edidit

2292 3079 2531 3134 sobolem
2582 3054 2743 3146 atque
2785 3075 3095 3145 progeniem
3140 3082 3343 3128 naturae
3390 3086 3504 3151 stne
3543 3084 3609 3127 ex
3650 3078 3866 3124 actuum

2292 3188 2509 3230 suorum
2541 3188 2630 3228 rea
2674 3172 2953 3226 voluntate
2994 3168 3349 3233 maculosam;
3397 3166 3519 3238 quia
3562 3150 3881 3235 hujusmodi'

614 3294 812 3347 rettiens
828 3294 944 3363 jam
966 3289 1216 3342 malorum
1243 3286 1309 3339 ad
1332 3285 1551 3340 remedia
1573 3284 1718 3337 nulla
1740 3284 1985 3337 consentit
2005 3280 2187 3351 (Prov.

2293 3268 2475 3337 genuit
2506 3266 2733 3336 prolem,
2777 3262 3078 3335 cuiusmodi
3115 3276 3173 3317 se
3202 3262 3312 3332 ipsa
3346 3258 3577 3316 reddidit
3602 3256 3873 3328 .prtevari~
3917 3261 3924 3269 ‘

615 3385 785 3453 xvnt).
807 3385 1143 3451 Quapropter
1158 3380 1225 3433 de
1247 3379 1542 3433 innumeris
1563 3373 2010 3446 blasphemiarum
2026 3390 2186 3445 gene-

614 3480 760 3553 ribus
772 3490 903 3547 qaas
916 3482 1160 3529 auctores
1175 3472 1467 3541 Pelag'ante
1487 3470 1705 3543 bteresis
1721 3467 2185 3533 addiderunt,tria,

613 3586 730 3641 quas
759 3567 861 3623 sibi
886 3567 1148 3637 praecipue
1167 3566 1249 3619 hic
1271 3580 1433 3618 sent-st
1454 3563 1714 3632 lugendus
1733 3562 1945 3626 ascivit,
1960 3561 2187 3614 credidi-

612 3678 731 3718 mus
749 3678 855 3723 non
870 3658 1177 3724 tacenda,ut
1192 3667 1425 3712 reserata
1448 3654 1780 3709 manifestius
1801 3653 2188 3723 pande-rentur,

613 3763 665 3807 et
689 3754 795 3807 Deo
808 3752 1119 3827 destruente
1141 3748 1348 3801 facilius
1366 3748 1674 3800 viderentur
1691 3760 1901 3799 eversa.
1920 3744 1973 3797 In
1999 3745 2183 3807 uteris,

620 3847 883 3915 inquiunt,
942 3845 1170 3897 matrum
1208 3854 1371 3909 opere
1422 3838 1603 3892 divino
1641 3846 1892 3892 creantur
1936 3837 2187 3902 infante,

616 3946 893 4007 propterea
919 3934 1119 4003 justum
1154 3931 1319 3994 vitiari
1350 3946 1455 3985 non
1486 3939 1672 4000 putant
1697 3930 1835 3998 quod
1862 3930 2060 3983 factura
2094 3929 2185 3983 Dei

614 4030 730 4081 sine
753 4015 1131 4093 ullis-prapriis
1157 4022 1455 4076 actionibus
1477 4022 1722 4090 cuiquam
1754 4029 1970 4090 peccato
2007 4022 2188 4089 gigna-

614 4131 699 4175 tur
728 4120 979 4174 obstricta
1003 4132 1018 4182 ;
1046 4118 1415 4184 injustumque
1440 4114 1605 4168 Deum
1640 4112 1856 4173 faciunt.
1892 4114 1935 4166 si
1970 4113 2044 4167 rci
2073 4114 2187 4167 elli-

508 4248 514 4255 ι
612 4217 818 4268 ciantur
846 4222 1130 4281 antequam
1160 4208 1291 4263 nati.
1334 4207 1447 4261 Hoc
1493 4209 1635 4261 velut
1684 4206 2052 4261 acutissimum
2102 4205 2185 4259 sui

608 4308 873 4375 dogmatis
894 4312 1120 4363 exerunt
1147 4314 1544 4373 argumentum,
1566 4316 1675 4355 non
1699 4300 2038 4355 advertentes
2063 4302 2183 4368 quia

613 4399 768 4467 pritlti
795 4397 870 4449 illi
901 4404 1146 4465 parentes
1182 4392 1395 4462 generis
1442 4390 1657 4449 humani
1698 4388 1766 4442 de
1811 4391 1968 4443 nullis
2005 4392 2185 4457 utique

612 4486 962 4558 genitoribus‘,
984 4485 1077 4539 sed
1100 4485 1167 4538 de
1180 4484 1409 4538 'innoxia
1439 4481 1553 4536 limi
1580 4482 1799 4535 materia
1824 4483 2108 4549 procreati,
2132 4490 2186 4535 et

613 4595 745 4649 pure
779 4589 944 4657 atque
980 4581 1186 4631 sincere
1229 4582 1473 4643 potenter
1514 4581 1630 4626 arte
1672 4572 1849 4626 divina
1895 4573 2181 4640 compacti,

612 4653 841 4743 factique
896 4668 1205 4734 rationales,
1250 4666 1463 4736 propria
1519 4652 1792 4721 voluntate
1844 4665 2178 4721 seductorem
2208 4677 2259 4736 Ι)

610 4766 779 4821 secuti
805 4763 1091 4826 diabolum,
1133 4762 1315 4831 pravis
1351 4759 1728 4829 cupiditatibus
1764 4774 1857 4828 per
1898 4774 2177 4814 excessum

612 4874 663 4928 ρι
678 4855 1060 4911 ωνπίοειὶοηὶε
1085 4852 1265 4908 infecti
1290 4862 1433 4906 sunt.
1462 4850 1518 4905 In
1539 4850 1731 4921 quibus
1749 4850 1928 4920 utique
1952 4852 2179 4903 humana

610 4962 797 5006 natura
823 4947 1075 5017 prccavit,
1109 4954 1163 5000 et
1187 4945 1413 4999 humana
1441 4951 1526 4997 est
1553 4940 1692 4996 facta
1735 4951 1920 4997 natura
1968 4942 2171 5008 \‘itiOsa,

606 5038 871 5108 reeeptris
894 5039 1017 5109 sine
1042 5036 1204 5090 dubio
1232 5035 1356 5088 mali
1383 5034 1524 5104 quod
1558 5040 1682 5088 ante
1727 5033 2010 5098 nescierat,
2059 5049 2177 5103 qua:

605 5149 633 5186 a
666 5135 805 5187 bono
829 5138 1079 5199 rectoque
1101 5128 1376 5194 deﬁciens,
1402 5128 1453 5180 in
1482 5126 1726 5183 affectum
1767 5128 1892 5181 mali
1920 5129 2172 5197 pravique

605 5225 841 5278 recidere
869 5222 984 5291 ipso
1014 5234 1188 5276 rerum
1221 5220 1658 5289 consequentium
1698 5220 1907 5273 tramite
1952 5219 2176 5274 manife-

601 5324 739 5368 stum
767 5312 1067 5368 θεὴ-Τίδιος»
1104 5310 1261 5379 igitur
1294 5308 1465 5364 effecti
1506 5310 1775 5379 principes
1817 5320 2009 5364 nostra:
2049 5313 2177 5365 sub-

604 5406 830 5469 stantiae,
854 5403 1168 5470 semetipsos
1190 5402 1474 5470 passibilcs
1502 5412 1557 5455 et
1597 5404 1968 5471 corruptibiles
1998 5406 2172 5459 reddi-

604 5496 828 5558 derunt;
860 5496 911 5548 in
942 5506 1143 5548 tantum
1170 5492 1487 5547 conditionis
1509 5492 1698 5546 divina:
1727 5494 1862 5548 dona
1888 5497 2166 5565 violantes,

607 5595 664 5638 ut
690 5586 1091 5653 tuot'tis‘l'ucrint
1117 5586 1315 5639 ultione
1342 5586 1532 5654 puniti.
1557 5584 1665 5638 Hac
1693 5588 1833 5639 enim
1880 5588 1963 5640 die
2010 5570 2177 5643 fuisse
2206 5596 2211 5601 '

602 5688 843 5729 mortuos
886 5692 987 5743 qua
1024 5678 1276 5731 mortales
1322 5676 1499 5731 effecti
1525 5688 1672 5743 sunt,
1712 5682 2014 5748 ambiguum
2064 5698 2169 5738 non

674 5810 695 5843 ⁸
731 5810 971 5873 ﬂ-ntorii.
999 5810 1287 5867 Theodosii
1315 5822 1473 5882 atquc
1494 5812 1812 5876 Constantii.

2295 3361 2518 3417 cationis
2566 3373 2808 3416 excessu.
2860 3354 3090 3426 Ideoque
3140 3369 3244 3409 non
3274 3356 3441 3408 solum
3481 3352 3548 3406 de
3576 3366 3634 3403 se
3668 3347 3877 3419 profert

2289 3452 2429 3525 quod
2468 3453 2605 3509 bene
2633 3452 2775 3506 Deus
2805 3448 3051 3513 instituit,
3096 3447 3188 3503 sed
3223 3448 3382 3502 etiam
3412 3441 3552 3515 quod
3582 3442 3723 3497 male
3754 3442 3876 3511 ipsa

2290 3546 2741 3612 inconsequenler
2767 3539 2980 3609 adjecit.
3008 3538 3462 3606 Quemadmodum
3488 3543 3667 3590 autem
3691 3532 3873 3601 quali-

2291 3644 2371 3689 tas
2393 3634 2612 3688 interior
2631 3628 3066 3701 appetendivalet
3085 3629 3368 3684 immutare
3391 3637 3656 3691 naturam,
3672 3622 3878 3678 divina:

2292 3724 2535 3779 lectionis
2564 3724 2879 3777 auctoritate
2907 3720 3165 3776 firmatur.
3212 3720 3301 3776 Sic
3341 3718 3568 3787 denique
3611 3722 3872 3786 pascente

2290 3816 2456 3873 Jacob
2489 3810 2693 3897 (Cenes.
2731 3812 2889 3886 xxx),
2914 3814 3236 3869 commissus
3264 3813 3354 3868 ille
3375 3824 3500 3882 grex
3522 3810 3722 3872 ovium,
3746 3818 3873 3877 sups

2292 3907 2457 3977 posita
2478 3896 2753 3961 canalibus
2778 3907 3033 3961 varietate
3063 3906 3354 3976 virgarum,
3379 3902 3505 3958 dum
3535 3909 3704 3973 potat,
3746 3896 3870 3954 ille-

2290 4013 2407 4057 ctus
2449 3999 2770 4054 atl'ectionali
2818 3998 3195 4062 delectatione,
3246 3995 3522 4067 concepit,
3570 3995 3711 4066 quod
3761 4008 3872 4048 non

2293 4093 2474 4148 habuit
2499 4091 2553 4144 in
2581 4099 2787 4155 natura,
2819 4098 2873 4145 et
2905 4090 3145 4144 molitum
3179 4089 3425 4144 sensibus
3454 4086 3776 4142 translundit
3814 4086 3871 4140 in

2290 4182 2493 4251 prolem
2538 4180 2680 4250 quod
2713 4179 2763 4234 in
2796 4181 3069 4234 creatione
3102 4192 3208 4233 non
3248 4178 3495 4247 sumpsit.
3546 4176 3699 4245 Quod
3743 4186 3871 4230 tunc

2286 4274 2470 4341 utique
2495 4273 2784 4341 ﬁguraliter
2811 4280 3015 4340 gestum
3036 4312 3050 4334 ,
3077 4278 3131 4325 et
3167 4270 3218 4325 in
3248 4267 3630 4324 ecclesiasdcis
3658 4262 3871 4336 signiti-

2287 4365 2428 4417 cavit
2467 4362 2716 4431 gregibus
2758 4363 2858 4415 hoc
2895 4365 3150 4426 futurum,
3175 4369 3229 4415 et
3268 4360 3678 4430 Pelagianorum
3727 4356 3872 4411 Deos

2289 4453 2591 4524 prtevid‘ens
2629 4452 2945 4517 calumnias,
3004 4462 3059 4508 et
3105 4453 3418 4509 excitandas
3465 4451 3709 4506 fidelibus
3754 4450 3873 4503 suis

2286 4545 2675 4599 decertationes
2725 4544 3130 4613 intelligentiam
3165 4546 3503 4614 prteparavil.
3547 4544 3751 4598 Docent
3788 4543 3873 4595 di-

2288 4641 2405 4693 vina
2431 4638 2751 4702 testimonia,
2792 4648 2845 4691 et
2881 4637 2991 4706 ipsa
3023 4638 3384 4693 ecclesiastica
3427 4647 3782 4699 sacramenta,
3813 4644 3871 4689 et

2286 4730 2354 4784 ab
2382 4731 2497 4798 ipso
2525 4728 2750 4783 Dentiuo
2777 4727 3054 4785 Salvatore
3084 4728 3469 4783 catholicorum
3507 4726 3723 4782 traditio
3754 4740 3871 4779 ma-

2286 4823 2570 4888 gistrorum
2619 4802 2863 4874 humani
2893 4821 3259 4890 generationis
3297 4820 3603 4875 decolorata
3638 4820 3871 4887 primor-

2286 4912 2390 4967 dia.
2424 4911 2557 4966 Hine
2580 4920 2663 4965 est
2684 4910 2822 4979 quod
2846 4912 3038 4965 clamat
3069 4912 3327 4979 propheta
3359 4929 3371 4963 :
3407 4910 3532 4976 Quis
3561 4908 3867 4979 gloriabitur

2285 5016 2479 5058 castum
2514 5020 2564 5057 se
2600 5005 2781 5058 habere
2818 5020 2933 5068 cor,
2973 5014 3061 5058 aut
3094 5008 3339 5060 mundum
3378 5020 3486 5061 esse
3523 5022 3558 5060 α
3594 5006 3815 5077 peccatis
3840 5006 3867 5058 .’

2285 5112 2374 5148 nec
2396 5096 2586 5164 infans,
2616 5097 2762 5161 cuius
2785 5102 2853 5147 est
2886 5098 3035 5149 unius
3065 5096 3167 5149 diei
3192 5098 3292 5151 vita
3314 5114 3469 5165 super
3500 5107 3689 5151 terram
3738 5096 3868 5165 (Job

2285 5190 2415 5253 xw).
2453 5185 2583 5239 Hinc
2608 5193 2690 5237 est
2716 5184 2855 5253 quod
2884 5184 3007 5241 item
3033 5186 3166 5242 dicit
3195 5186 3469 5255 Scriptura
3501 5206 3512 5239 :
3546 5184 3673 5255 Qui:
3700 5196 3868 5256 potest

2284 5282 2448 5346 facere
2476 5275 2722 5328 mundum
2750 5277 2812 5328 de
2834 5277 3096 5331 immundo
3118 5290 3410 5350 conceptum
3432 5281 3669 5335 semine!
3696 5296 3868 5333 nonne

2283 5373 2337 5419 tu
2366 5367 2465 5437 |qui
2504 5364 2645 5418 solus
2683 5366 2771 5420 es?
2810 5376 2862 5421 et
2898 5369 3024 5423 alibi
3064 5388 3076 5421 :
3109 5368 3246 5439 Quip
3286 5384 3475 5433 semen,
3515 5371 3710 5439 inquit,
3756 5374 3865 5425 erat

2282 5457 2603 5510 maledictum
2628 5455 2782 5526 (Sap.
2814 5460 2940 5527 xu);
2969 5474 3068 5514 nec
3090 5476 3193 5515 non
3222 5462 3383 5516 etiam
3414 5462 3577 5525 David
3602 5461 3865 5531 propheta

2285 5557 2505 5601 testatur
2530 5588 2542 5599 .
2581 5547 2644 5601 In
2666 5549 3023 5621 iniquitatibus,
3045 5565 3319 5621 conceptus
3342 5568 3474 5618 sum,
3508 5565 3553 5607 et
3582 5556 3637 5606 in
3662 5557 3865 5610 delictis

2282 5639 2471 5707 peperit
2520 5656 2598 5691 me
2636 5652 2794 5694 mater
2838 5656 2947 5694 mea
2980 5642 3101 5711 (Ps.
3136 5646 3214 5715 ι).
3263 5646 3328 5699 Et
3368 5646 3412 5699 si
3454 5648 3555 5699 hoc
3588 5646 3678 5699 ille
3708 5648 3864 5713 dicit,

2202 5777 2205 5781 .
2284 5728 2401 5795 quis
2429 5728 2581 5783 aliter
2618 5744 2677 5785 se
2725 5742 2929 5787 asserat
2975 5735 3357 5803 procreatum?
3404 5734 3598 5790 Beatus
3647 5743 3864 5807 quoque
