4104 6356
265 384 331 437 57
1436 361 1785 419 ΕΡῙὸΤΟῙΑΕ
1829 358 1917 415 ΕΤ
1956 358 2295 413 DECRETA.
3450 344 3519 397 ‘58

266 484 539 556 apostolus
565 482 758 537 Paulus
790 479 982 533 asserit
1017 496 1031 531 :
1065 476 1131 529 Et
1178 491 1268 528 not
1314 475 1592 542 aliquando
1632 488 1836 526 eramus
1865 480 1915 536 Α
1942 470 2220 539 pervenire
2281 483 2383 520 non
2446 466 2669 534 ρος-ἤην.
2745 463 2895 518 Unde
2948 470 3004 556 et
3058 461 3330 556 Dominus,
3376 460 3521 556 sicut

265 582 449 631 natura
470 575 569 642 filii
595 576 685 627 ira:
707 572 836 625 sicut
858 580 904 622 et
925 570 1088 622 caeteri
1111 566 1330 635 (Epttes.
1364 568 1505 633 vni).
1541 566 1614 619 De
1639 578 1742 633 qua
1768 563 1842 616 ira

267 669 320 723 in
349 664 635 735 Evangelia
654 662 815 723 dicit;
840 660 939 725 Qui
963 659 1252 722 crediderit,
1284 666 1332 709 et
1362 657 1646 726 baptizatus
1671 653 1845 722 fuerit,

269 758 465 813 habebit
492 757 649 817 vitam
662 762 931 815 teteruam;
958 752 1044 821 qui
1071 760 1238 803 autem
1277 764 1378 802 non
1410 745 1706 810 crediderit,
1732 745 1848 814 jaut

271 847 529 915 iudicatus
557 851 651 907 est,
680 849 728 895 et
770 841 849 893 ira
890 839 986 894 Dei
1029 847 1195 891 nutriet
1224 852 1377 906 super
1401 852 1514 889 eum
1541 833 1717 904 (Joan.
1748 834 1849 901 tu).

272 939 366 994 Illa
393 936 595 1004 utique,
627 932 697 987 de
720 945 820 1000 qua
851 928 1049 1011 dictum
1081 936 1164 983 est
1178 945 1199 991 γε
1230 925 1399 979 Morte
1423 923 1656 978 morieris
1696 919 1851 991 (Gen.

276 1028 362 1095 ιι),
396 1026 508 1094 ipsc
537 1022 796 1077 Dominus
834 1020 989 1075 Jesus
1015 1018 1258 1073 Christus
1295 1015 1499 1070 cmlesti
1547 1026 1679 1068 voce
1730 1026 1853 1079 pru-

279 1117 528 1183 nuntiat:
566 1113 668 1179 Qui
697 1129 799 1166 non
822 1109 1196 1165 manducwerit
1234 1123 1439 1163 carnem
1472 1104 1599 1158 Filii
1640 1101 1857 1157 hominis

278 1220 320 1265 et
357 1209 533 1263 biberit
574 1206 873 1277 sanguinem
910 1208 1057 1277 ejus,
1100 1217 1202 1255 non
1248 1200 1447 1253 habebit
1490 1198 1643 1251 vitam
1688 1196 1743 1248 in
1782 1209 1860 1246 se-

284 1301 552 1371 metipsum
583 1297 769 1369 (Joan.
811 1296 931 1367 vi),
982 1295 1072 1349 ubi
1105 1294 1286 1363 utique
1324 1290 1591 1347 neminem
1620 1288 1863 1342 videmus

281 1399 600 1458 exceptum;
658 1403 757 1442 nec
800 1401 963 1440 ausus
984 1395 1064 1439 est
1092 1384 1287 1452 aliquis
1331 1381 1535 1445 dicere,
1576 1379 1861 1448 parvulum

263 1480 400 1539 .siue
423 1479 523 1533 hoc
550 1488 884 1533 sacramento
913 1474 1131 1530 salutari
1155 1474 1220 1528 ad
1247 1484 1501 1527 aeternam
1524 1471 1684 1524 vitam
1708 1482 1865 1538 posse

286 1568 542 1638 perduci;
571 1569 685 1622 sine
712 1566 801 1621 illa
832 1577 1010 1619 autem
1044 1565 1149 1618 vita
1175 1603 1190 1628 ,
1237 1564 1289 1617 in
1336 1569 1592 1633 perpetua
1632 1563 1864 1613 futurum

285 1670 465 1715 morte
491 1674 594 1713 non
626 1657 844 1711 dubium
892 1664 991 1709 est.
1040 1653 1148 1708 Cur
1201 1654 1357 1723 igitur
1404 1650 1698 1707 iufanshac
1722 1660 1868 1703 sorte

287 1750 662 1812 concluditur,
712 1750 757 1802 si
806 1748 1011 1802 nullum
1066 1747 1224 1801 liabet
1269 1744 1490 1799 omnino
1549 1741 1870 1812 peccatum?

1956 560 2208 626 superius
2245 556 2502 617 diximus,
2560 556 2633 607 ait
2674 557 2843 623 (quod
2888 554 3066 621 utique
3105 554 3203 607 nisi
3248 553 3525 622 baptizata

1952 662 2055 701 non
2112 644 2389 713 convenit)
2420 660 2436 698 :
2484 644 2584 710 Qui
2633 661 2734 697 non
2760 646 3010 699 manduca
3028 647 3133 697 erit
3163 659 3365 698 carnem
3400 642 3526 696 Fifii

1951 724 2196 800 hominis,
2226 747 2271 789 et
2303 736 2480 790 biberit
2505 735 2805 803 sanguinem
2840 739 2971 806 ejus,
3009 752 3110 789 non
3143 736 3341 790 habebit
3378 738 3528 790 vitam

1952 827 2006 879 in
2036 827 2306 895 semetipso
2333 823 2519 894 (Jaan.
2552 838 2605 876 vr
2626 822 2680 891 );

2726 823 2845 876 sine
2885 826 2992 877 vita
3031 834 3210 879 autem
3239 841 3360 880 esse
3411 840 3533 895 per»

1956 927 2117 987 petua
2156 918 2283 987 quid
2321 924 2405 969 est
2453 914 2556 969 nisi
2590 913 2641 971 in
2682 914 3005 982 sempiterna
3049 924 3221 970 morte
3248 914 3535 971 constitui?

1956 1009 2202 1078 quamvis
2224 1008 2361 1062 idem
2390 1006 2459 1060 sit
2482 1019 2698 1074 regnum
2721 1005 2977 1059 caelorum
3003 1005 3145 1072 quod
3180 1016 3379 1062 mterna
3408 1008 3533 1072 vita,

1958 1108 2171 1163 tamen,
2231 1108 2287 1152 ut
2342 1096 2674 1165 providentia
2734 1095 2826 1149 Dei
2891 1109 3077 1148 omnes
3130 1095 3537 1165 Pelagianorum

1961 1188 2226 1259 nequitias
2269 1193 2592 1255 amputaret,
2640 1200 2746 1239 non
2791 1186 2965 1239 solum
2994 1184 3207 1260 .dictutu
3252 1195 3337 1240 est
3376 1204 3392 1239 :
3440 1189 3540 1250 Qui

1962 1298 2061 1335 non
2100 1281 2250 1350 fuerit
2275 1289 2479 1333 renatus
2502 1295 2564 1333 ea:
2588 1294 2719 1346 aqua
2745 1287 2792 1331 et
2820 1277 3023 1347 Spiritu
3042 1288 3218 1331 sancto
3246 1293 3349 1331 non
3377 1279 3541 1331 intra-

1962 1372 2031 1425 bit
2063 1372 2114 1427 ἄη
2142 1385 2351 1441 regnum
2373 1369 2613 1423 caelorum
2646 1366 2832 1437 (Joau.
2868 1368 2990 1437 tu);
3033 1369 3125 1422 sed
3153 1368 3314 1422 etiam
3345 1368 3544 1433 pariter

1965 1461 2167 1515 dictum
2197 1470 2316 1515 est:
2354 1461 2455 1526 Qui
2488 1476 2589 1513 non
2635 1459 3015 1512 manducauerit
3043 1474 3249 1511 carnem
3283 1457 3414 1511 Fili!
3452 1458 3544 1510 hoc

1968 1552 2141 1616 minis,
2176 1562 2222 1604 et
2254 1549 2431 1603 biberit
2471 1550 2771 1619 sanguinem
2798 1552 2931 1620 ejus,
2969 1564 3070 1601 non
3091 1547 3291 1601 habebit
3317 1549 3472 1601 vitam
3492 1550 3547 1601 in

1969 1641 2257 1711 sentetipso.
2300 1640 2376 1693 De
2403 1641 2506 1693 vita
2536 1650 2713 1693 autem
2756 1649 2957 1693 aeterna
2998 1640 3100 1693 hoc
3133 1638 3332 1693 dictum
3372 1640 3552 1693 nullus

1972 1732 2277 1796 addubitat;
2306 1731 2556 1802 quoniam
2581 1732 2733 1787 multi
2766 1748 2870 1785 non
2905 1732 3288 1786 manducantes
3328 1732 3430 1785 hoc
3463 1746 3549 1786 sa-

290 1842 569 1910 magisque
619 1836 886 1893 videbitur
936 1838 1100 1907 (quod
1138 1835 1299 1903 absit)
1352 1833 1581 1901 iniustus
1621 1835 1781 1895 Deus,
1826 1832 1871 1886 si
1908 1848 1948 1905 Β
1976 1833 2330 1887 crameutum,
2362 1821 2523 1876 vitam
2550 1822 2747 1876 habere
2769 1823 3049 1876 videantur
3076 1833 3413 1891 praesentem.

295 1933 409 1987 illic
440 1930 705 1999 inﬂigatur
728 1942 903 1997 paena,
938 1927 1025 1981 ubi
1057 1926 1202 1980 nulla
1244 1925 1315 1978 sit
1339 1926 1515 1992 culpa.
1560 1922 1712 1977 Unde
1755 1936 1875 1976 cum

295 2020 363 2074 de
398 2018 625 2087 propriis
650 2017 855 2070 actibus
876 2016 1029 2073 ,nullo
1082 2023 1230 2068 reatu
1265 2021 1509 2069 teneatur
1561 2012 1874 2078 obstrictus,

294 2111 431 2166 nihil
474 2116 642 2163 restat
684 2108 785 2162 nisi
828 2117 885 2161 ut
930 2107 1043 2160 sola
1073 2106 1141 2159 sit
1173 2106 1358 2159 vitiosa
1387 2104 1661 2159 nativitate
1710 2104 1877 2171 pollu-

294 2212 417 2267 tus;
441 2210 496 2256 et
519 2201 564 2256 si
594 2216 699 2254 non
719 2186 881 2253 fuerit
898 2198 1135 2268 mysterii
1158 2196 1446 2251 ChriStiani
1472 2194 1877 2264 participatione

292 2295 603 2355 mundatus,
628 2294 693 2346 ad
722 2291 884 2346 vitam
910 2304 1011 2344 non
1036 2297 1210 2359 potest
1228 2288 1508 2357 pervenire
1544 2298 1873 2356 perpetuam.

297 2387 437 2441 Hine
463 2394 545 2439 est
573 2382 714 2453 quod
736 2382 1091 2437 assumantur
1112 2388 1165 2435 et
1184 2379 1590 2436 catecliizantur
1614 2377 1876 2441 infantes;

296 2485 352 2531 et
374 2476 496 2545 quia
531 2475 583 2528 in
611 2488 775 2543 opere
797 2472 915 2536 Dei,
944 2470 1086 2540 quod
1115 2470 1168 2525 iu
1199 2480 1417 2524 auctore
1450 2482 1549 2523 suo
1590 2468 1729 2550 bene
1756 2475 1883 2521 sunt

300 2567 552 2633 instituti,
597 2579 733 2635 opus
768 2564 1046 2618 diabolica:
1086 2561 1430 2631 malignitatis
1466 2561 1717 2623 accessit,
1748 2561 1884 2613 eruti

306 2658 372 2711 de
398 2665 642 2727 potestate
673 2655 991 2709 tenebrarum
1021 2653 1251 2725 (Coloss.
1282 2651 1353 2721 t),
1395 2653 1532 2706 sicut
1558 2652 1716 2705 docet
1743 2654 1885 2718 Apo-

303 2749 500 2814 stolus,
543 2746 608 2801 ad
653 2745 770 2800 Filii
806 2745 898 2799 Dei
935 2753 1176 2810 sortem,
1209 2742 1682 2812 purgationemque
1716 2739 1885 2809 legiti-

303 2854 446 2894 mam
498 2836 913 2894 transferuntur.
962 2834 1073 2890 Nisi
1130 2844 1306 2889 autem
1366 2833 1534 2902 prima
1586 2830 1882 2901 generatio,

305 2946 467 2999 quam
502 2930 697 2984 bonam
719 2928 859 2983 Deus
886 2927 1137 2992 instituit,
1170 2924 1619 2994 pravaricatione
1654 2921 1890 2977 venisset

307 3024 362 3077 in
382 3024 613 3092 culpam,
642 3028 698 3076 et
725 3019 1075 3089 rcprobabilis
1095 3026 1241 3073 esset
1262 3016 1483 3081 ellecta;
1520 3014 1754 3071 secunda
1791 3030 1887 3084 ge.

308 3113 520 3167 neratio
561 3110 895 3180 subrugauda
941 3124 1045 3163 non
1079 3110 1250 3164 fuerat
1278 3127 1293 3163 ;
1328 3117 1545 3179 propter
1585 3106 1730 3177 quod
1759 3106 1891 3161 dicit

2051 1913 2190 1969 Nihil
2221 1925 2301 1967 est
2328 1928 2456 1982 ergo
2486 1912 2627 1981 quod
2658 1914 2856 1979 dicant,
2888 1912 3026 1983 quod
3058 1930 3160 1969 non
3184 1915 3353 1969 renati
3380 1912 3553 1968 iulan-

1984 2016 2085 2071 tes,
2133 2004 2498 2059 tantummodo
2543 2006 2594 2059 in
2644 2020 2866 2075 regnum
2903 2006 3159 2061 cmlorum
3212 2008 3289 2061 ire
3319 2022 3425 2060 nun
3458 2022 3551 2062 va-

1980 2098 2158 2160 leant;
2210 2112 2313 2151 non
2355 2108 2534 2152 autem
2572 2111 2829 2167 perpetua
2866 2098 3209 2155 damnatione
3248 2101 3555 2169 puniantur,

1977 2188 2106 2244 dum
2128 2188 2243 2244 sine
2261 2190 2576 2258 baptismate
2592 2205 2784 2259 corpus
2814 2199 2867 2245 et
2888 2192 3197 2261 sanguinem
3227 2191 3425 2247 Christi
3455 2207 3556 2247 nt-e
3646 2208 3655 2217 ‘

1979 2278 2139 2335 edere
2168 2280 2404 2350 valeant,
2434 2293 2532 2336 uec
2556 2290 2740 2349 potare
2765 2297 2781 2337 :
2824 2283 2943 2338 slne
2970 2293 3159 2338 autem
3182 2284 3280 2339 hoc
3312 2286 3474 2339 vitam
3502 2286 3557 2340 in

1980 2370 2284 2439 semetipsis
2316 2370 2513 2426 habere
2554 2385 2660 2426 non
2694 2382 2932 2442 possent,
2974 2375 3092 2431 sine
3132 2376 3237 2430 vita
3273 2391 3402 2431 vero
3450 2391 3558 2433 non

1984 2462 2083 2516 nisi
2117 2462 2310 2517 mortui
2347 2461 2454 2516 sint
2484 2461 2667 2518 futuri.
2697 2465 2711 2494 ⁸
2745 2464 2933 2521 Dicant
2968 2464 3059 2537 [οι.
3096 2466 3367 2542 Dican'ur]
3399 2470 3559 2539 igitur

1981 2552 2037 2607 in
2063 2562 2236 2608 morte
2265 2563 2516 2621 perpetua
2537 2556 2838 2623 constituti,
2861 2556 2907 2610 si
2934 2573 3036 2610 non
3070 2558 3402 2613 aestimentur
3438 2575 3561 2615 esse

1984 2643 2263 2712 damnati:
2308 2646 2497 2701 tollant
2532 2662 2663 2717 ergo
2705 2648 2772 2702 de
2808 2648 2986 2704 medio
3035 2650 3216 2706 nescio
3253 2667 3410 2721 quem
3462 2654 3561 2723 ipsi

1988 2738 2225 2805 tertium,
2250 2753 2409 2808 quem
2431 2739 2765 2808 decipiendis
2789 2742 3021 2810 parvulis
3046 2743 3238 2797 faciant
3267 2746 3463 2801 locum.
3499 2748 3563 2801 Et

1986 2828 2107 2898 quia
2139 2844 2246 2883 non
2276 2830 2375 2884 nisi
2413 2830 2657 2885 dextram
2700 2844 2902 2900 partem
2938 2834 3159 2903 legimus
3192 2845 3243 2890 ct
3268 2837 3560 2901 sinistram,

1989 2933 2093 2973 non
2124 2921 2242 2974 illos
2272 2920 2469 2975 faciant
2500 2916 2555 2975 in
2584 2923 2801 2977 sinistra
2836 2926 3051 2994 regione
3087 2928 3201 2980 sine
3246 2927 3565 2996 baptismate

1990 3024 2289 3078 remanere,
2334 3012 2427 3066 sed
2460 3012 2755 3081 baptizatos
2784 3015 2963 3070 sinant
3000 3017 3067 3071 ad
3106 3017 3386 3073 dexteram
3421 3018 3563 3074 salus

1993 3113 2159 3159 tarem
2183 3119 2335 3160 sacra
2364 3106 2769 3175 regeneratione
2795 3107 3095 3163 transferri.

313 3204 503 3258 beatus
545 3200 742 3253 Paulus
774 3200 1086 3267 apostolus:
1126 3200 1270 3253 Sicut
1318 3213 1595 3265 perimunt
1635 3198 1885 3253 hominem
1915 3216 1960 3280 ρ
2064 3197 2244 3252 Tertio
2287 3199 2519 3266 capitulo
2560 3198 2670 3267 jam
2718 3209 2830 3253 toto
2874 3200 3076 3255 mundo
3117 3202 3351 3273 cognita,
3402 3211 3566 3275 atque

314 3303 578 3367 peccaturis
598 3291 803 3348 intrarit
834 3292 883 3346 in
900 3292 1226 3357 mundum,“
1252 3306 1337 3360 per
1358 3298 1620 3359 peccatum
1646 3305 1809 3344 mors:
1830 3302 1891 3346 et

314 3385 403 3439 Ita
421 3387 472 3438 in
494 3399 663 3437 omnes
688 3384 917 3443 [lautitias
937 3383 1250 3452 pertransiit,
1277 3384 1332 3437 in
1351 3398 1451 3452 quo
1473 3396 1641 3439 attines
1664 3397 1893 3450 peccare.

315 3484 471 3539 runt;
495 3483 550 3527 et
572 3473 732 3541 paulo
762 3481 880 3541 post
914 3488 928 3525 :
958 3470 1127 3541 Igitur
1144 3472 1273 3525 sicut
1294 3486 1383 3540 per
1409 3472 1556 3525 unius
1573 3472 1808 3531 delictum
1843 3473 1894 3525 in

318 3581 490 3619 manes
502 3563 727 3617 homines
748 3563 1303 3635 iugondemnationem,
1317 3562 1391 3621 sic
1406 3572 1452 3615 et
1466 3578 1555 3631 per
1577 3562 1726 3615 unius
1737 3562 1897 3633 justi}-

319 3658 439 3710 tiam
471 3657 523 3709 in
552 3672 724 3710 omnes
745 3656 972 3708 homines
996 3656 1048 3708 in
1074 3655 1485 3723 iustiﬁcatiouem
1499 3652 1892 3725 vitte(liom.v).

394 3746 544 3802 Sicut
564 3757 739 3801 autem
771 3760 957 3801 omnes
995 3745 1049 3799 in
1088 3745 1587 3801 condemnationem
1613 3746 1761 3811 dicit,
1794 3748 1897 3801 uti-
1944 3742 1947 3745 ’

323 3855 425 3910 que
444 3840 537 3908 qui
566 3840 633 3894 de
663 3839 830 3893 Adam
872 3846 1093 3907 parente
1123 3847 1247 3892 sunt
1282 3839 1471 3907 geniti,
1521 3838 1598 3893 sic
1629 3836 1815 3894 omnes
1841 3839 1896 3894 iu

260 3911 272 3923 ’
312 3928 757 4000 ’ῇιιειίηωιίυιιεηι
801 3929 920 3983 vitae
959 3944 1065 3984 non
1106 3929 1206 3983 nisi
1261 3929 1642 3995 illos.astruit,
1700 3931 1790 3999 qui
1844 3930 1895 3985 in

325 4021 521 4077 Christi
555 4023 809 4092 mysterio
848 4030 973 4076 sunt
1016 4022 1207 4076 renati.
1256 4022 1554 4077 lnnumeris
1596 4022 1787 4081 talibus
1812 4024 1897 4079 iu-

327 4114 642 4171 strumentis
666 4115 888 4169 heresis
916 4115 1212 4183 Pelagianae
1243 4112 1485 4168 doctrina
1515 4112 1816 4179 mortifera,
1849 4122 1904 4167 et

329 4222 356 4259 a
388 4207 589 4261 nostris
616 4215 700 4260 est
724 4206 968 4260 convicta
994 4204 1314 4274 majoribus,
1344 4215 1399 4259 et
1425 4219 1565 4259 nunc
1594 4220 1777 4259 eorum
1813 4219 1902 4259 co.

330 4297 474 4368 piosa
507 4306 680 4367 potest
707 4298 1005 4354 eruditione
1034 4297 1309 4362 convinci;
1342 4311 1443 4351 nec
1478 4298 1673 4353 debent
1702 4298 1905 4369 simpli-

328 4402 419 4442 ces
440 4389 648 4442 animos
680 4388 779 4442 ista
819 4389 1057 4453 turbare,
1088 4388 1279 4455 quibus
1299 4402 1419 4457 qua:
1456 4402 1560 4442 non
1603 4388 1904 4458 intelligunt

327 4478 618 4535 secundum
642 4480 1061 4535 ecclesiasticam
1092 4478 1313 4532 formam
1344 4478 1635 4534 credidisse
1650 4481 1897 4546 sufficiet,

1991 3292 2229 3345 convicta
2296 3292 2698 3363 Pelagianorum
2768 3293 3118 3349 deliramenta
3173 3296 3563 3363 circumferre,

1992 3384 2183 3453 quibus
2223 3385 2432 3450 dicunt,
2474 3386 2614 3453 quod
2663 3386 2821 3440 homo
2865 3402 2898 3455 p
2934 3404 2960 3440 r
3000 3389 3223 3443 liberum
3266 3390 3564 3459 arbitrium,

1995 3476 2133 3545 quod
2166 3477 2423 3544 corrupit,
2449 3478 2666 3531 fmdavit
2692 3493 2756 3532 ac
2785 3480 3037 3548 perdidit,
3072 3482 3213 3534 bono
3242 3482 3566 3551 suffragante

1997 3574 2203 3621 natura:
2241 3568 2429 3621 beatus
2456 3567 2740 3632 efﬁciatur,
2780 3584 2900 3623 cum
2939 3570 3006 3624 de
3047 3570 3375 3626 beatitudine
3416 3588 3569 3641 para-

1995 3658 2118 3723 disi,
2150 3658 2238 3712 ubi
2273 3659 2307 3711 ι»
2330 3672 2411 3711 vna
2450 3658 2622 3713 fuerat
2655 3661 2945 3715 constituta
2986 3662 3307 3725 substantia,
3340 3664 3440 3717 nisi
3474 3676 3571 3719 suo

1995 3749 2197 3803 amisso
2226 3748 2368 3803 bono
2388 3750 2689 3805 nullatenus
2716 3753 2981 3820 potuisset
3006 3752 3228 3823 expelli,
3262 3755 3406 3809 unde
3429 3770 3572 3808 mor-

1996 3841 2116 3894 talis
2160 3840 2372 3901 clfecta,
2422 3842 2544 3911 quia
2592 3843 2658 3897 de
2711 3844 2852 3898 bono
2904 3847 3101 3915 utique
3131 3846 3572 3915 prmumicatione

1998 3931 2278 3986 transisset
2317 3932 2382 3986 ad
2421 3937 2651 3999 malum;
2692 3944 2748 3990 et
2780 3950 2809 3989 a
2855 3938 3261 4007 participatione
3293 3940 3468 3993 divina
3506 3940 3572 3993 ad

1999 4024 2259 4079 diabolica
2282 4035 2453 4080 semet
2475 4027 2712 4081 facinora
2741 4029 3060 4083 contulisset
3091 4048 3105 4082 :
3148 4029 3269 4085 ideo
3298 4032 3573 4099 decepturi

2001 4126 2120 4179 suo,
2166 4115 2251 4167 cui
2293 4115 2478 4167 volens
2524 4124 2850 4182 assenserat,
2896 4128 3268 4185 competenter
3310 4121 3448 4171 addit
3469 4129 3576 4186 tus,

2005 4202 2127 4257 ideo
2157 4203 2225 4257 de
2255 4204 2522 4259 felicitatis
2563 4220 2673 4258 sua:
2721 4208 2943 4259 caritate
2990 4209 3254 4271 seclusus,
3303 4222 3462 4277 atque
3509 4213 3575 4263 ad

2005 4294 2187 4364 spinas
2233 4306 2288 4350 ct
2327 4296 2570 4361 tribulos,
2622 4298 2971 4367 miseriasque
3012 4297 3219 4369 multipi
3244 4314 3333 4354 ces
3373 4304 3578 4357 cash-sti

2006 4401 2140 4441 voce
2177 4388 2460 4441 damnatus
2500 4398 2618 4453 est;
2661 4404 2780 4458 qua:
2826 4389 3006 4458 utique
3054 4404 3208 4460 pinna
3241 4392 3367 4461 justi
3397 4393 3580 4461 judirii

2010 4486 2117 4533 tam
2137 4480 2315 4547 gravis
2341 4489 2395 4534 et
2421 4494 2610 4549 aspera
2641 4482 2693 4534 in
2727 4481 2866 4536 bono
2890 4487 3246 4549 perseveranti
3278 4486 3581 4538 nttllttlcntts

330 4580 423 4624 aut
458 4570 504 4625 si
552 4571 669 4638 quis
697 4585 853 4626 nosse
887 4570 1177 4636 desiderat,
1218 4571 1546 4640 interrogare
1593 4574 1901 4627 conveniet.
1933 4592 1981 4653 υ
2006 4580 2149 4625 esset
2190 4570 2422 4634 inﬂicta;
2464 4580 2518 4625 et
2558 4572 2656 4624 nisi
2695 4572 2832 4625 ruan
2876 4588 2979 4625 non
3007 4575 3392 4630 convenienter
3439 4577 3580 4631 illata

332 4661 408 4717 De
435 4662 670 4732 parvulis
691 4670 887 4727 autem,
910 4662 1050 4731 quod
1067 4662 1255 4716 asserit
1279 4661 1397 4715 sine
1415 4677 1568 4715 sacro
1585 4660 1903 4731 bapt‘sutate

333 4767 431 4822 pro
448 4753 566 4807 solo
592 4751 837 4822 originali
861 4762 1078 4821 peccato
1109 4768 1211 4806 non
1258 4767 1415 4821 posse
1458 4755 1720 4818 damnari,
1772 4757 1903 4810 satis

336 4846 516 4917 impia,
553 4856 683 4902 sata
726 4845 943 4915 profana
982 4845 1272 4914 propositio
1317 4855 1433 4910 est;
1476 4851 1716 4915 quamvis
1762 4851 1902 4904 enim

337 4948 583 4996 recentes
596 4939 667 4993 ab
690 4946 841 4993 utero
860 4948 1085 4993 matrum
1109 4937 1160 4992 iu
1185 4937 1550 4993 remissionem
1569 4945 1903 5007 peccatorum

337 5029 593 5099 baptisari
614 5028 787 5083 nullus
806 5027 1143 5082 Christianus
1173 5028 1401 5096 ignorat,
1423 5028 1564 5097 quod
1593 5029 1773 5098 utique
1802 5045 1905 5086 non

336 5120 619 5185 fallaciter,
655 5121 751 5176 sed
774 5119 1037 5174 veraciter
1078 5118 1339 5173 catholica
1376 5120 1609 5174 celebrat
1645 5120 1904 5199 Ecglesia,

338 5213 489 5267 nein
520 5211 870 5268 sacramentis
911 5208 1222 5265 caelestibus
1257 5210 1437 5277 (quod
1471 5210 1648 5278 absit)
1688 5211 1906 5265 mentita

338 5300 612 5366 videatur;
669 5298 892 5369 proinde
942 5299 1064 5368 quia
1112 5297 1325 5368 propria
1382 5313 1486 5353 non
1530 5299 1760 5355 habeant
1802 5301 1911 5361 ulla

337 5398 582 5459 peccata,
611 5399 820 5457 constat
846 5390 963 5458 eius
989 5389 1083 5462 [αι.
1111 5386 1211 5459 eis]
1240 5388 1353 5442 sola
1386 5404 1603 5456 prorsus
1635 5389 1909 5459 originalia

336 5481 596 5536 relaxari.
646 5481 823 5550 Itaque
844 5481 1091 5535 omnibus
1137 5481 1459 5534 etiamsolis
1481 5482 1717 5536 remissis
1751 5495 1910 5537 tutam

338 5586 442 5643 per
478 5574 798 5643 baptismum
828 5582 1223 5641 consequuntur
1258 5583 1545 5644 mternam;
1579 5588 1909 5643 consequens

344 5672 448 5729 est,
477 5675 530 5719 ut
555 5665 684 5718 solis
711 5664 871 5718 etiam
917 5677 1020 5715 non
1051 5664 1308 5728 remissis,
1349 5664 1414 5717 ad
1449 5672 1703 5718 :cteruam
1740 5666 1901 5718 vitam

422 5756 437 5784 ⁸
476 5755 634 5810 Forte
668 5756 783 5809 Non
807 5756 1056 5808 dicantur.
1091 5754 1349 5809 iisunum.
1780 5748 1787 5755 ’

2010 4662 2341 4731 probaretur.
2377 4660 2515 4716 Ecce
2545 4664 2661 4717 sine
2692 4662 2871 4716 divino
2899 4662 3173 4733 suffragio,
3202 4670 3364 4734 .quud
3411 4668 3462 4720 in
3496 4669 3580 4722 illa

2011 4751 2335 4805 beatitudine
2373 4754 2578 4819 positus
2622 4767 2885 4821 nunquam
2921 4752 3115 4821 legitur
3142 4756 3443 4824 expetisse:
3478 4773 3581 4813 non

2008 4841 2183 4898 solum
2216 4842 2415 4897 homini
2454 4844 2699 4899 naturale
2737 4844 2935 4902 bonum
2968 4846 3223 4914 prodesse
3254 4861 3357 4900 non
3391 4852 3581 4915 potuit,

2013 4947 2117 4985 non
2144 4933 2315 4989 solum
2362 4948 2468 4986 nun
2506 4934 2684 4988 efl'ecit
2722 4934 2965 5000 bellum;
3017 4936 3109 4990 sed
3156 4950 3276 4991 cum
3320 4939 3420 4993 hoc
3469 4942 3586 4995 solo

2012 5022 2256 5088 eonlidit,
2286 5034 2445 5093 atque
2467 5024 2534 5078 ad
2563 5026 2682 5094 ejus
2713 5041 2816 5081 non
2846 5028 3140 5081 revertitur
3170 5028 3498 5100 largitorem,
3532 5040 3586 5085 et

2019 5112 2398 5169 beatitudinem
2452 5118 2624 5183 potius
2680 5118 2880 5183 amisit,
2936 5127 2990 5172 et
3038 5118 3295 5174 malorum
3345 5122 3584 5175 ontniunt

2017 5212 2241 5280 sumpsit
2267 5212 2569 5266 exordium.
2598 5211 2751 5279 Quod
2780 5223 2955 5267 autem
2978 5213 3146 5268 libero
3174 5215 3395 5269 arbitrio
3419 5214 3586 5266 beati-

2014 5302 2250 5356 tudinem
2274 5313 2687 5374 consequantur,
2714 5318 2818 5372 quo
2850 5305 2987 5358 male
3019 5321 3147 5360 usus
3181 5308 3229 5360 in
3275 5315 3586 5373 perpetuam

2015 5393 2203 5451 recidit
2229 5395 2563 5460 scrvitutem,
2588 5396 2725 5450 sicut
2743 5396 3006 5464 scriptum
3038 5406 3157 5449 est:
3196 5396 3296 5458 Qui
3329 5396 3449 5463 facit
3472 5411 3588 5465 pero

2015 5498 2201 5549 catum,
2227 5501 2397 5543 servus
2418 5496 2491 5540 est
2517 5487 2709 5555 peccati
2746 5487 2937 5559 (lauri.
2971 5503 3039 5550 tt,
3066 5488 3165 5552 δι)
3199 5501 3212 5538 ;
3251 5501 3279 5537 a
3320 5501 3425 5554 quo
3470 5489 3590 5556 quis

2012 5586 2311 5643 sztpcratur,
2356 5576 2561 5631 Itztic.et
2598 5590 2784 5631 servus
2814 5578 3099 5629 addicitur.
3141 5575 3325 5632 Nonne
3366 5580 3480 5632 lui-c
3504 5587 3589 5632 est

2010 5665 2095 5718 illa
2122 5667 2460 5735 prtemlttptiu
2484 5668 2739 5720 naturalis
2765 5682 2881 5732 qut:
2908 5663 2971 5715 ad
2998 5663 3330 5720 detestanda.-
3361 5667 3583 5741 captivi.
