  <div class='ocr_page' id='page_1' title='image "/cluster/home/n/w/nwhite01/storage/ocr_20150623/59/hvd.32044015471626/025.png"; bbox 0 0 4104 6356; ppageno 0'>
   <div class='ocr_carea' id='block_1_1' title="bbox 606 324 3855 390">
    <p class='ocr_par' dir='ltr' id='par_1_1' title="bbox 606 324 3855 390">
     <span class='ocr_line' id='line_1_1' title="bbox 606 324 3855 390; baseline 0.002 -13"><span class='ocrx_word' id='word_1_1' title='bbox 606 324 675 381; x_wconf 69' lang='lat'><strong>53)</strong></span> <span class='ocrx_word' id='word_1_2' title='bbox 1944 326 1983 379; x_wconf 74' lang='lat' dir='ltr'>ﬂ</span> <span class='ocrx_word' id='word_1_3' title='bbox 1996 325 2208 380; x_wconf 67' lang='lat' dir='ltr'><strong>FLASll</strong></span> <span class='ocrx_word' id='word_1_4' title='bbox 2250 324 2330 378; x_wconf 66' lang='grc' dir='ltr'><strong>ΡΑ</strong></span> <span class='ocrx_word' id='word_1_5' title='bbox 2341 326 2447 380; x_wconf 68' lang='lat' dir='ltr'><strong>PA&quot;.</strong></span> <span class='ocrx_word' id='word_1_6' title='bbox 2485 329 2502 383; x_wconf 91' lang='lat' dir='ltr'>I</span> <span class='ocrx_word' id='word_1_7' title='bbox 3302 340 3310 349; x_wconf 87' lang='lat'><strong><em>‘</em></strong></span> <span class='ocrx_word' id='word_1_8' title='bbox 3784 336 3855 390; x_wconf 71' lang='grc' dir='ltr'>ιο</span> 
     </span>
    </p>
   </div>
   <div class='ocr_carea' id='block_1_2' title="bbox 578 439 3849 515">
    <p class='ocr_par' dir='ltr' id='par_1_2' title="bbox 578 439 3849 515">
     <span class='ocr_line' id='line_1_2' title="bbox 578 439 3849 515; baseline 0.002 -20"><span class='ocrx_word' id='word_1_9' title='bbox 578 492 581 495; x_wconf 72' lang='grc'>,</span> <span class='ocrx_word' id='word_1_10' title='bbox 607 442 729 499; x_wconf 86' lang='lat' dir='ltr'><strong>tatis</strong></span> <span class='ocrx_word' id='word_1_11' title='bbox 744 444 860 513; x_wconf 83' lang='lat' dir='ltr'><strong>jura</strong></span> <span class='ocrx_word' id='word_1_12' title='bbox 883 440 1178 504; x_wconf 79' lang='lat' dir='ltr'><strong>descendit,</strong></span> <span class='ocrx_word' id='word_1_13' title='bbox 1210 454 1363 507; x_wconf 88' lang='lat' dir='ltr'><strong>quam</strong></span> <span class='ocrx_word' id='word_1_14' title='bbox 1391 439 1662 508; x_wconf 57' lang='lat' dir='ltr'><strong>scriptura</strong></span> <span class='ocrx_word' id='word_1_15' title='bbox 1695 448 1876 493; x_wconf 79' lang='lat' dir='ltr'><strong>sancta</strong></span> <span class='ocrx_word' id='word_1_16' title='bbox 1928 441 2009 494; x_wconf 90' lang='lat' dir='ltr'><strong>sic</strong></span> <span class='ocrx_word' id='word_1_17' title='bbox 2055 456 2167 495; x_wconf 88' lang='lat' dir='ltr'><strong>mc-</strong></span> <span class='ocrx_word' id='word_1_18' title='bbox 2201 441 2248 497; x_wconf 86' lang='grc' dir='ltr'><strong>Α</strong></span> <span class='ocrx_word' id='word_1_19' title='bbox 2280 449 2485 505; x_wconf 91' lang='lat' dir='ltr'><strong>ruerat,</strong></span> <span class='ocrx_word' id='word_1_20' title='bbox 2518 441 2936 497; x_wconf 77' lang='lat' dir='ltr'><strong>misericorditer</strong></span> <span class='ocrx_word' id='word_1_21' title='bbox 2953 441 3250 498; x_wconf 86' lang='lat' dir='ltr'><strong>absolutum</strong></span> <span class='ocrx_word' id='word_1_22' title='bbox 3279 452 3443 499; x_wconf 85' lang='lat' dir='ltr'><strong>esset.</strong></span> <span class='ocrx_word' id='word_1_23' title='bbox 3474 442 3643 515; x_wconf 83' lang='lat' dir='ltr'><strong>Hujus</strong></span> <span class='ocrx_word' id='word_1_24' title='bbox 3669 460 3849 501; x_wconf 81' lang='lat' dir='ltr'><strong>sacra-</strong></span> 
     </span>
    </p>
   </div>
   <div class='ocr_carea' id='block_1_3' title="bbox 603 529 2173 610">
    <p class='ocr_par' dir='ltr' id='par_1_3' title="bbox 603 529 2173 610">
     <span class='ocr_line' id='line_1_3' title="bbox 603 529 2173 610; baseline -0.003 -21"><span class='ocrx_word' id='word_1_25' title='bbox 603 544 769 589; x_wconf 87' lang='lat' dir='ltr'><strong>tnorat</strong></span> <span class='ocrx_word' id='word_1_26' title='bbox 804 552 819 589; x_wconf 88' lang='lat'><strong>:</strong></span> <span class='ocrx_word' id='word_1_27' title='bbox 855 534 1214 604; x_wconf 66' lang='lat' dir='ltr'><strong>Grat&#39;ejugum</strong></span> <span class='ocrx_word' id='word_1_28' title='bbox 1240 547 1390 597; x_wconf 88' lang='lat' dir='ltr'><strong>super</strong></span> <span class='ocrx_word' id='word_1_29' title='bbox 1416 533 1550 597; x_wconf 68' lang='lat' dir='ltr'><strong>[illos</strong></span> <span class='ocrx_word' id='word_1_30' title='bbox 1572 531 1733 583; x_wconf 80' lang='lat' dir='ltr'><strong>Adam</strong></span> <span class='ocrx_word' id='word_1_31' title='bbox 1755 548 1786 582; x_wconf 88' lang='lat' dir='ltr'><strong>a</strong></span> <span class='ocrx_word' id='word_1_32' title='bbox 1816 531 1897 584; x_wconf 87' lang='lat' dir='ltr'><strong>die</strong></span> <span class='ocrx_word' id='word_1_33' title='bbox 1920 529 2173 610; x_wconf 43' lang='lat' dir='ltr'><strong>exitusfde</strong></span> 
     </span>
    </p>
   </div>
   <div class='ocr_carea' id='block_1_4' title="bbox 603 621 2169 691">
    <p class='ocr_par' dir='ltr' id='par_1_4' title="bbox 603 621 2169 691">
     <span class='ocr_line' id='line_1_4' title="bbox 603 621 2169 691; baseline -0.003 -12"><span class='ocrx_word' id='word_1_34' title='bbox 603 635 768 679; x_wconf 74' lang='lat' dir='ltr'><strong>uentre</strong></span> <span class='ocrx_word' id='word_1_35' title='bbox 805 624 978 677; x_wconf 74' lang='lat' dir='ltr'><strong>matris</strong></span> <span class='ocrx_word' id='word_1_36' title='bbox 1020 639 1190 676; x_wconf 86' lang='lat' dir='ltr'><strong>eorum</strong></span> <span class='ocrx_word' id='word_1_37' title='bbox 1220 638 1378 689; x_wconf 82' lang='lat' dir='ltr'><strong>usque</strong></span> <span class='ocrx_word' id='word_1_38' title='bbox 1406 624 1459 673; x_wconf 88' lang='lat' dir='ltr'><strong>in</strong></span> <span class='ocrx_word' id='word_1_39' title='bbox 1492 623 1623 674; x_wconf 88' lang='lat' dir='ltr'><strong>diem</strong></span> <span class='ocrx_word' id='word_1_40' title='bbox 1660 621 1934 691; x_wconf 70' lang='lat' dir='ltr'><strong>sepultura:</strong></span> <span class='ocrx_word' id='word_1_41' title='bbox 1968 623 2019 675; x_wconf 89' lang='lat' dir='ltr'><strong>in</strong></span> <span class='ocrx_word' id='word_1_42' title='bbox 2060 639 2169 675; x_wconf 87' lang='lat' dir='ltr'><strong>ma-</strong></span> 
     </span>
    </p>
   </div>
   <div class='ocr_carea' id='block_1_5' title="bbox 600 711 2160 785">
    <p class='ocr_par' dir='ltr' id='par_1_5' title="bbox 600 711 2160 785">
     <span class='ocr_line' id='line_1_5' title="bbox 600 711 2160 785; baseline -0.002 -16"><span class='ocrx_word' id='word_1_43' title='bbox 600 724 725 769; x_wconf 82' lang='lat' dir='ltr'><strong>trem</strong></span> <span class='ocrx_word' id='word_1_44' title='bbox 748 715 970 768; x_wconf 87' lang='lat' dir='ltr'><strong>omnium</strong></span> <span class='ocrx_word' id='word_1_45' title='bbox 1010 712 1232 785; x_wconf 80' lang='lat' dir='ltr'><strong>(Eccles.</strong></span> <span class='ocrx_word' id='word_1_46' title='bbox 1266 712 1393 779; x_wconf 71' lang='lat' dir='ltr'><strong>st);</strong></span> <span class='ocrx_word' id='word_1_47' title='bbox 1439 711 1506 767; x_wconf 85' lang='lat' dir='ltr'><strong>de</strong></span> <span class='ocrx_word' id='word_1_48' title='bbox 1541 727 1639 781; x_wconf 90' lang='lat' dir='ltr'><strong>qua</strong></span> <span class='ocrx_word' id='word_1_49' title='bbox 1666 726 1835 782; x_wconf 89' lang='lat' dir='ltr'><strong>genus</strong></span> <span class='ocrx_word' id='word_1_50' title='bbox 1870 712 2160 766; x_wconf 86' lang='lat' dir='ltr'><strong>humanum</strong></span> 
     </span>
    </p>
   </div>
   <div class='ocr_carea' id='block_1_6' title="bbox 600 802 2172 859">
    <p class='ocr_par' dir='ltr' id='par_1_6' title="bbox 600 802 2172 859">
     <span class='ocr_line' id='line_1_6' title="bbox 600 802 2172 859; baseline -0.001 0"><span class='ocrx_word' id='word_1_51' title='bbox 600 821 705 859; x_wconf 87' lang='lat' dir='ltr'><strong>non</strong></span> <span class='ocrx_word' id='word_1_52' title='bbox 736 806 834 859; x_wconf 91' lang='lat' dir='ltr'><strong>nisi</strong></span> <span class='ocrx_word' id='word_1_53' title='bbox 878 805 1028 859; x_wconf 90' lang='lat' dir='ltr'><strong>solus</strong></span> <span class='ocrx_word' id='word_1_54' title='bbox 1058 804 1312 857; x_wconf 85' lang='lat' dir='ltr'><strong>Dominus</strong></span> <span class='ocrx_word' id='word_1_55' title='bbox 1343 810 1523 857; x_wconf 89' lang='lat' dir='ltr'><strong>noster</strong></span> <span class='ocrx_word' id='word_1_56' title='bbox 1551 802 1708 858; x_wconf 83' lang='lat' dir='ltr'><strong>Jesus</strong></span> <span class='ocrx_word' id='word_1_57' title='bbox 1735 802 1979 859; x_wconf 77' lang='lat' dir='ltr'><strong>Christus</strong></span> <span class='ocrx_word' id='word_1_58' title='bbox 2023 818 2172 857; x_wconf 91' lang='lat' dir='ltr'><strong>com-</strong></span> 
     </span>
    </p>
   </div>
   <div class='ocr_carea' id='block_1_7' title="bbox 600 893 2167 963">
    <p class='ocr_par' dir='ltr' id='par_1_7' title="bbox 600 893 2167 963">
     <span class='ocr_line' id='line_1_7' title="bbox 600 893 2167 963; baseline -0.002 -12"><span class='ocrx_word' id='word_1_59' title='bbox 600 898 801 954; x_wconf 86' lang='lat' dir='ltr'><strong>mercio</strong></span> <span class='ocrx_word' id='word_1_60' title='bbox 823 912 935 951; x_wconf 70' lang='lat' dir='ltr'><strong>sua:</strong></span> <span class='ocrx_word' id='word_1_61' title='bbox 961 896 1189 950; x_wconf 91' lang='lat' dir='ltr'><strong>redemit</strong></span> <span class='ocrx_word' id='word_1_62' title='bbox 1223 893 1504 963; x_wconf 82' lang='lat' dir='ltr'><strong>passionis,</strong></span> <span class='ocrx_word' id='word_1_63' title='bbox 1550 904 1603 949; x_wconf 92' lang='lat' dir='ltr'><strong>et</strong></span> <span class='ocrx_word' id='word_1_64' title='bbox 1644 903 1843 948; x_wconf 89' lang='lat' dir='ltr'><strong>mutata</strong></span> <span class='ocrx_word' id='word_1_65' title='bbox 1892 895 2167 949; x_wconf 88' lang='lat' dir='ltr'><strong>nativitate</strong></span> 
     </span>
    </p>
   </div>
   <div class='ocr_carea' id='block_1_8' title="bbox 599 986 2163 1055">
    <p class='ocr_par' dir='ltr' id='par_1_8' title="bbox 599 986 2163 1055">
     <span class='ocr_line' id='line_1_8' title="bbox 599 986 2163 1055; baseline -0.002 -13"><span class='ocrx_word' id='word_1_66' title='bbox 599 1004 697 1042; x_wconf 90' lang='lat' dir='ltr'><strong>nos</strong></span> <span class='ocrx_word' id='word_1_67' title='bbox 722 988 898 1043; x_wconf 83' lang='lat' dir='ltr'><strong>eruit?</strong></span> <span class='ocrx_word' id='word_1_68' title='bbox 930 986 1085 1041; x_wconf 89' lang='lat' dir='ltr'><strong>Solus</strong></span> <span class='ocrx_word' id='word_1_69' title='bbox 1102 987 1274 1055; x_wconf 88' lang='lat' dir='ltr'><strong>utique</strong></span> <span class='ocrx_word' id='word_1_70' title='bbox 1301 986 1434 1039; x_wconf 80' lang='lat' dir='ltr'><strong>venit</strong></span> <span class='ocrx_word' id='word_1_71' title='bbox 1462 1002 1705 1053; x_wconf 67' lang='lat' dir='ltr'><strong>querere.</strong></span> <span class='ocrx_word' id='word_1_72' title='bbox 1739 995 1785 1039; x_wconf 88' lang='lat' dir='ltr'><strong>et</strong></span> <span class='ocrx_word' id='word_1_73' title='bbox 1808 986 2003 1040; x_wconf 80' lang='lat' dir='ltr'><strong>salvere</strong></span> <span class='ocrx_word' id='word_1_74' title='bbox 2028 987 2163 1055; x_wconf 86' lang='lat' dir='ltr'><strong>quod</strong></span> 
     </span>
    </p>
   </div>
   <div class='ocr_carea' id='block_1_9' title="bbox 598 1076 2162 1149">
    <p class='ocr_par' dir='ltr' id='par_1_9' title="bbox 598 1076 2162 1149">
     <span class='ocr_line' id='line_1_9' title="bbox 598 1076 2162 1149; baseline -0.002 -14"><span class='ocrx_word' id='word_1_75' title='bbox 598 1082 814 1149; x_wconf 82' lang='lat' dir='ltr'><strong>perierat</strong></span> <span class='ocrx_word' id='word_1_76' title='bbox 845 1078 1057 1148; x_wconf 77' lang='lat' dir='ltr'><strong>(Matth.</strong></span> <span class='ocrx_word' id='word_1_77' title='bbox 1080 1077 1251 1146; x_wconf 78' lang='lat' dir='ltr'><strong>xvtzt),</strong></span> <span class='ocrx_word' id='word_1_78' title='bbox 1282 1087 1337 1130; x_wconf 92' lang='lat' dir='ltr'><strong>ttt</strong></span> <span class='ocrx_word' id='word_1_79' title='bbox 1375 1076 1613 1143; x_wconf 88' lang='lat' dir='ltr'><strong>libertas,</strong></span> <span class='ocrx_word' id='word_1_80' title='bbox 1650 1092 1769 1147; x_wconf 78' lang='lat' dir='ltr'><strong>qua:</strong></span> <span class='ocrx_word' id='word_1_81' title='bbox 1804 1094 1895 1147; x_wconf 89' lang='lat' dir='ltr'><strong>per</strong></span> <span class='ocrx_word' id='word_1_82' title='bbox 1929 1086 2162 1133; x_wconf 88' lang='lat' dir='ltr'><strong>temera-</strong></span> 
     </span>
    </p>
   </div>
   <div class='ocr_carea' id='block_1_10' title="bbox 599 1166 2162 1241">
    <p class='ocr_par' dir='ltr' id='par_1_10' title="bbox 599 1166 2162 1241">
     <span class='ocr_line' id='line_1_10' title="bbox 599 1166 2162 1241; baseline 0.001 -19"><span class='ocrx_word' id='word_1_83' title='bbox 599 1175 731 1222; x_wconf 82' lang='lat' dir='ltr'><strong>riant</strong></span> <span class='ocrx_word' id='word_1_84' title='bbox 756 1170 926 1223; x_wconf 78' lang='lat' dir='ltr'><strong>fuerat</strong></span> <span class='ocrx_word' id='word_1_85' title='bbox 954 1168 1158 1241; x_wconf 80' lang='lat' dir='ltr'><strong>dejecta</strong></span> <span class='ocrx_word' id='word_1_86' title='bbox 1190 1168 1513 1237; x_wconf 80' lang='lat' dir='ltr'><strong>superbiam,</strong></span> <span class='ocrx_word' id='word_1_87' title='bbox 1555 1166 1878 1222; x_wconf 85' lang='lat' dir='ltr'><strong>instauretur</strong></span> <span class='ocrx_word' id='word_1_88' title='bbox 1918 1180 2162 1237; x_wconf 90' lang='lat' dir='ltr'><strong>reparata</strong></span> 
     </span>
    </p>
   </div>
   <div class='ocr_carea' id='block_1_11' title="bbox 603 1260 2164 1328">
    <p class='ocr_par' dir='ltr' id='par_1_11' title="bbox 603 1260 2164 1328">
     <span class='ocr_line' id='line_1_11' title="bbox 603 1260 2164 1328; baseline 0.001 -16"><span class='ocrx_word' id='word_1_89' title='bbox 603 1277 696 1326; x_wconf 64' lang='lat' dir='ltr'><strong>per</strong></span> <span class='ocrx_word' id='word_1_90' title='bbox 716 1262 973 1328; x_wconf 89' lang='lat' dir='ltr'><strong>gratiam;</strong></span> <span class='ocrx_word' id='word_1_91' title='bbox 1014 1273 1300 1327; x_wconf 79' lang='lat' dir='ltr'><strong>mutuaque</strong></span> <span class='ocrx_word' id='word_1_92' title='bbox 1334 1260 1451 1314; x_wconf 90' lang='lat' dir='ltr'><strong>vice</strong></span> <span class='ocrx_word' id='word_1_93' title='bbox 1488 1260 1729 1313; x_wconf 78' lang='lat' dir='ltr'><strong>humana:</strong></span> <span class='ocrx_word' id='word_1_94' title='bbox 1755 1262 2045 1315; x_wconf 77' lang='lat' dir='ltr'><strong>voluntatis</strong></span> <span class='ocrx_word' id='word_1_95' title='bbox 2073 1276 2164 1314; x_wconf 88' lang='lat' dir='ltr'><strong>ar-</strong></span> 
     </span>
    </p>
   </div>
   <div class='ocr_carea' id='block_1_12' title="bbox 599 1348 2162 1419">
    <p class='ocr_par' dir='ltr' id='par_1_12' title="bbox 599 1348 2162 1419">
     <span class='ocr_line' id='line_1_12' title="bbox 599 1348 2162 1419; baseline 0.002 -16"><span class='ocrx_word' id='word_1_96' title='bbox 599 1351 835 1417; x_wconf 84' lang='lat' dir='ltr'><strong>bitrium,</strong></span> <span class='ocrx_word' id='word_1_97' title='bbox 860 1350 995 1403; x_wconf 80' lang='lat' dir='ltr'><strong>sicut</strong></span> <span class='ocrx_word' id='word_1_98' title='bbox 1015 1348 1286 1419; x_wconf 88' lang='lat' dir='ltr'><strong>sequendo</strong></span> <span class='ocrx_word' id='word_1_99' title='bbox 1314 1349 1602 1413; x_wconf 91' lang='lat' dir='ltr'><strong>diabolum,</strong></span> <span class='ocrx_word' id='word_1_100' title='bbox 1642 1352 2000 1419; x_wconf 69' lang='lat' dir='ltr'><strong>captivitatem</strong></span> <span class='ocrx_word' id='word_1_101' title='bbox 2046 1368 2162 1406; x_wconf 82' lang='lat' dir='ltr'><strong>me-</strong></span> 
     </span>
    </p>
   </div>
   <div class='ocr_carea' id='block_1_13' title="bbox 601 1440 2161 1515">
    <p class='ocr_par' dir='ltr' id='par_1_13' title="bbox 601 1440 2161 1515">
     <span class='ocr_line' id='line_1_13' title="bbox 601 1440 2161 1515; baseline 0.001 -21"><span class='ocrx_word' id='word_1_102' title='bbox 601 1453 779 1494; x_wconf 84' lang='lat' dir='ltr'><strong>ruerat</strong></span> <span class='ocrx_word' id='word_1_103' title='bbox 804 1441 1201 1509; x_wconf 70' lang='lat' dir='ltr'><strong>setnpiternam,</strong></span> <span class='ocrx_word' id='word_1_104' title='bbox 1240 1442 1316 1495; x_wconf 90' lang='lat' dir='ltr'><strong>sic</strong></span> <span class='ocrx_word' id='word_1_105' title='bbox 1344 1440 1645 1515; x_wconf 69' lang='lat' dir='ltr'><strong>reformata:</strong></span> <span class='ocrx_word' id='word_1_106' title='bbox 1693 1443 2070 1511; x_wconf 72' lang='lat' dir='ltr'><strong>subsequendo</strong></span> <span class='ocrx_word' id='word_1_107' title='bbox 2102 1443 2161 1496; x_wconf 88' lang='lat' dir='ltr'><strong>li-</strong></span> 
     </span>
    </p>
   </div>
   <div class='ocr_carea' id='block_1_14' title="bbox 600 1534 2155 1603">
    <p class='ocr_par' dir='ltr' id='par_1_14' title="bbox 600 1534 2155 1603">
     <span class='ocr_line' id='line_1_14' title="bbox 600 1534 2155 1603; baseline 0.001 -17"><span class='ocrx_word' id='word_1_108' title='bbox 600 1535 819 1587; x_wconf 65' lang='lat' dir='ltr'><strong>ltet-tzttts</strong></span> <span class='ocrx_word' id='word_1_109' title='bbox 862 1546 1163 1596; x_wconf 77' lang='lat' dir='ltr'><strong>auctorem,</strong></span> <span class='ocrx_word' id='word_1_110' title='bbox 1206 1534 1458 1586; x_wconf 89' lang='lat' dir='ltr'><strong>amissum</strong></span> <span class='ocrx_word' id='word_1_111' title='bbox 1509 1535 1705 1588; x_wconf 89' lang='lat' dir='ltr'><strong>rediret</strong></span> <span class='ocrx_word' id='word_1_112' title='bbox 1747 1534 1811 1587; x_wconf 87' lang='lat' dir='ltr'><strong>ad</strong></span> <span class='ocrx_word' id='word_1_113' title='bbox 1858 1536 2155 1603; x_wconf 66' lang='lat' dir='ltr'><strong>priemium.</strong></span> 
     </span>
    </p>
   </div>
   <div class='ocr_carea' id='block_1_15' title="bbox 590 1626 2157 1694">
    <p class='ocr_par' dir='ltr' id='par_1_15' title="bbox 590 1626 2157 1694">
     <span class='ocr_line' id='line_1_15' title="bbox 590 1626 2157 1694; baseline 0.001 -15"><span class='ocrx_word' id='word_1_114' title='bbox 590 1626 726 1679; x_wconf 71' lang='lat' dir='ltr'><strong>ilinc</strong></span> <span class='ocrx_word' id='word_1_115' title='bbox 748 1639 821 1680; x_wconf 82' lang='lat' dir='ltr'><strong>e5t</strong></span> <span class='ocrx_word' id='word_1_116' title='bbox 854 1626 994 1692; x_wconf 88' lang='lat' dir='ltr'><strong>quod</strong></span> <span class='ocrx_word' id='word_1_117' title='bbox 1040 1627 1152 1694; x_wconf 89' lang='lat' dir='ltr'><strong>ipse</strong></span> <span class='ocrx_word' id='word_1_118' title='bbox 1194 1626 1447 1680; x_wconf 89' lang='lat' dir='ltr'><strong>Dominus</strong></span> <span class='ocrx_word' id='word_1_119' title='bbox 1475 1628 1549 1680; x_wconf 91' lang='lat' dir='ltr'><strong>ait</strong></span> <span class='ocrx_word' id='word_1_120' title='bbox 1578 1644 1591 1681; x_wconf 87' lang='lat'><strong>:</strong></span> <span class='ocrx_word' id='word_1_121' title='bbox 1626 1626 1754 1679; x_wconf 87' lang='lat' dir='ltr'><strong>Cum</strong></span> <span class='ocrx_word' id='word_1_122' title='bbox 1782 1644 1867 1681; x_wconf 82' lang='lat' dir='ltr'><strong>vos</strong></span> <span class='ocrx_word' id='word_1_123' title='bbox 1899 1627 2064 1681; x_wconf 81' lang='lat' dir='ltr'><strong>Filius</strong></span> <span class='ocrx_word' id='word_1_124' title='bbox 2092 1630 2157 1681; x_wconf 87' lang='lat' dir='ltr'><strong>li-</strong></span> 
     </span>
    </p>
   </div>
   <div class='ocr_carea' id='block_1_16' title="bbox 590 1718 2157 1788">
    <p class='ocr_par' dir='ltr' id='par_1_16' title="bbox 590 1718 2157 1788">
     <span class='ocr_line' id='line_1_16' title="bbox 590 1718 2157 1788; baseline 0.001 -17"><span class='ocrx_word' id='word_1_125' title='bbox 590 1720 852 1782; x_wconf 69' lang='lat' dir='ltr'><strong>.teraverit,</strong></span> <span class='ocrx_word' id='word_1_126' title='bbox 882 1729 1003 1771; x_wconf 88' lang='lat' dir='ltr'><strong>tunc</strong></span> <span class='ocrx_word' id='word_1_127' title='bbox 1032 1734 1143 1771; x_wconf 79' lang='lat' dir='ltr'><strong>rere</strong></span> <span class='ocrx_word' id='word_1_128' title='bbox 1181 1718 1325 1771; x_wconf 80' lang='lat' dir='ltr'><strong>liberi</strong></span> <span class='ocrx_word' id='word_1_129' title='bbox 1358 1720 1519 1773; x_wconf 87' lang='lat' dir='ltr'><strong>eritis.</strong></span> <span class='ocrx_word' id='word_1_130' title='bbox 1561 1719 1623 1773; x_wconf 83' lang='lat' dir='ltr'><strong>Et</strong></span> <span class='ocrx_word' id='word_1_131' title='bbox 1649 1721 1921 1788; x_wconf 82' lang='lat' dir='ltr'><strong>apostolus</strong></span> <span class='ocrx_word' id='word_1_132' title='bbox 1973 1720 2157 1774; x_wconf 86' lang='lat' dir='ltr'><strong>beatus</strong></span> 
     </span>
    </p>
   </div>
   <div class='ocr_carea' id='block_1_17' title="bbox 2278 532 3849 608">
    <p class='ocr_par' dir='ltr' id='par_1_17' title="bbox 2278 532 3849 608">
     <span class='ocr_line' id='line_1_17' title="bbox 2278 532 3849 608; baseline 0.004 -25"><span class='ocrx_word' id='word_1_133' title='bbox 2278 532 2442 585; x_wconf 90' lang='lat' dir='ltr'><strong>menti</strong></span> <span class='ocrx_word' id='word_1_134' title='bbox 2462 532 2831 603; x_wconf 88' lang='lat' dir='ltr'><strong>redemptione</strong></span> <span class='ocrx_word' id='word_1_135' title='bbox 2850 544 2972 590; x_wconf 84' lang='lat' dir='ltr'><strong>ante</strong></span> <span class='ocrx_word' id='word_1_136' title='bbox 2989 536 3167 589; x_wconf 91' lang='lat' dir='ltr'><strong>mundi</strong></span> <span class='ocrx_word' id='word_1_137' title='bbox 3184 536 3501 606; x_wconf 90' lang='lat' dir='ltr'><strong>principium</strong></span> <span class='ocrx_word' id='word_1_138' title='bbox 3522 538 3849 608; x_wconf 80' lang='lat' dir='ltr'><strong>sempiterna</strong></span> 
     </span>
    </p>
   </div>
   <div class='ocr_carea' id='block_1_18' title="bbox 2276 626 3848 705">
    <p class='ocr_par' dir='ltr' id='par_1_18' title="bbox 2276 626 3848 705">
     <span class='ocr_line' id='line_1_18' title="bbox 2276 626 3848 705; baseline 0.006 -27"><span class='ocrx_word' id='word_1_139' title='bbox 2276 626 2606 695; x_wconf 85' lang='lat' dir='ltr'><strong>providentia</strong></span> <span class='ocrx_word' id='word_1_140' title='bbox 2637 632 2945 699; x_wconf 68' lang='lat' dir='ltr'><strong>pratparati,</strong></span> <span class='ocrx_word' id='word_1_141' title='bbox 2972 631 3085 686; x_wconf 89' lang='lat' dir='ltr'><strong>sive</strong></span> <span class='ocrx_word' id='word_1_142' title='bbox 3107 632 3338 687; x_wconf 83' lang='lat' dir='ltr'><strong>nondum</strong></span> <span class='ocrx_word' id='word_1_143' title='bbox 3360 633 3565 702; x_wconf 89' lang='lat' dir='ltr'><strong>prolata</strong></span> <span class='ocrx_word' id='word_1_144' title='bbox 3592 635 3727 705; x_wconf 85' lang='lat' dir='ltr'><strong>lege,</strong></span> <span class='ocrx_word' id='word_1_145' title='bbox 3749 652 3848 691; x_wconf 81' lang='lat' dir='ltr'><strong>seu</strong></span> 
     </span>
    </p>
   </div>
   <div class='ocr_carea' id='block_1_19' title="bbox 2272 717 3852 793">
    <p class='ocr_par' dir='ltr' id='par_1_19' title="bbox 2272 717 3852 793">
     <span class='ocr_line' id='line_1_19' title="bbox 2272 717 3852 793; baseline 0.008 -25"><span class='ocrx_word' id='word_1_146' title='bbox 2272 717 2372 769; x_wconf 88' lang='lat' dir='ltr'><strong>sub</strong></span> <span class='ocrx_word' id='word_1_147' title='bbox 2384 718 2760 775; x_wconf 82' lang='lat' dir='ltr'><strong>observatione</strong></span> <span class='ocrx_word' id='word_1_148' title='bbox 2782 720 2959 791; x_wconf 87' lang='lat' dir='ltr'><strong>legali,</strong></span> <span class='ocrx_word' id='word_1_149' title='bbox 2978 720 3280 789; x_wconf 84' lang='lat' dir='ltr'><strong>liguralibus</strong></span> <span class='ocrx_word' id='word_1_150' title='bbox 3304 723 3471 793; x_wconf 82' lang='lat' dir='ltr'><strong>signis</strong></span> <span class='ocrx_word' id='word_1_151' title='bbox 3498 736 3658 791; x_wconf 81' lang='lat' dir='ltr'><strong>atque</strong></span> <span class='ocrx_word' id='word_1_152' title='bbox 3681 728 3852 781; x_wconf 78' lang='lat' dir='ltr'><strong>sacri-</strong></span> 
     </span>
    </p>
   </div>
   <div class='ocr_carea' id='block_1_20' title="bbox 2275 806 3849 886">
    <p class='ocr_par' dir='ltr' id='par_1_20' title="bbox 2275 806 3849 886">
     <span class='ocr_line' id='line_1_20' title="bbox 2275 806 3849 886; baseline 0.006 -25"><span class='ocrx_word' id='word_1_153' title='bbox 2275 806 2408 862; x_wconf 91' lang='lat' dir='ltr'><strong>ficiis</strong></span> <span class='ocrx_word' id='word_1_154' title='bbox 2438 810 2674 864; x_wconf 90' lang='lat' dir='ltr'><strong>omnium</strong></span> <span class='ocrx_word' id='word_1_155' title='bbox 2704 822 3008 866; x_wconf 86' lang='lat' dir='ltr'><strong>sanctorum</strong></span> <span class='ocrx_word' id='word_1_156' title='bbox 3021 814 3253 867; x_wconf 89' lang='lat' dir='ltr'><strong>virorum</strong></span> <span class='ocrx_word' id='word_1_157' title='bbox 3270 814 3693 886; x_wconf 88' lang='lat' dir='ltr'><strong>feminarumque</strong></span> <span class='ocrx_word' id='word_1_158' title='bbox 3719 832 3849 871; x_wconf 86' lang='lat' dir='ltr'><strong>san-</strong></span> 
     </span>
    </p>
   </div>
   <div class='ocr_carea' id='block_1_21' title="bbox 2266 896 3847 976">
    <p class='ocr_par' dir='ltr' id='par_1_21' title="bbox 2266 896 3847 976">
     <span class='ocr_line' id='line_1_21' title="bbox 2266 896 3847 976; baseline 0.007 -25"><span class='ocrx_word' id='word_1_159' title='bbox 2266 908 2475 953; x_wconf 77' lang='lat' dir='ltr'><strong>clarum</strong></span> <span class='ocrx_word' id='word_1_160' title='bbox 2502 910 2651 955; x_wconf 86' lang='lat' dir='ltr'><strong>vetns</strong></span> <span class='ocrx_word' id='word_1_161' title='bbox 2679 896 2828 971; x_wconf 85' lang='lat' dir='ltr'><strong>origo</strong></span> <span class='ocrx_word' id='word_1_162' title='bbox 2869 903 3115 957; x_wconf 87' lang='lat' dir='ltr'><strong>mundata</strong></span> <span class='ocrx_word' id='word_1_163' title='bbox 3160 913 3263 969; x_wconf 91' lang='lat' dir='ltr'><strong>est,</strong></span> <span class='ocrx_word' id='word_1_164' title='bbox 3298 905 3661 975; x_wconf 75' lang='lat' dir='ltr'><strong>universisque</strong></span> <span class='ocrx_word' id='word_1_165' title='bbox 3683 906 3789 976; x_wconf 85' lang='lat' dir='ltr'><strong>just</strong></span> <span class='ocrx_word' id='word_1_166' title='bbox 3818 923 3847 962; x_wconf 89' lang='lat' dir='ltr'><strong>s</strong></span> 
     </span>
    </p>
   </div>
   <div class='ocr_carea' id='block_1_22' title="bbox 2273 992 3845 1066">
    <p class='ocr_par' dir='ltr' id='par_1_22' title="bbox 2273 992 3845 1066">
     <span class='ocr_line' id='line_1_22' title="bbox 2273 992 3845 1066; baseline 0.006 -24"><span class='ocrx_word' id='word_1_167' title='bbox 2273 1004 2368 1058; x_wconf 87' lang='lat' dir='ltr'><strong>per</strong></span> <span class='ocrx_word' id='word_1_168' title='bbox 2395 992 2580 1057; x_wconf 65' lang='lat' dir='ltr'><strong>gratia:</strong></span> <span class='ocrx_word' id='word_1_169' title='bbox 2610 992 2851 1061; x_wconf 73' lang='lat' dir='ltr'><strong>Spiritum</strong></span> <span class='ocrx_word' id='word_1_170' title='bbox 2881 994 2979 1047; x_wconf 87' lang='lat' dir='ltr'><strong>ltoe</strong></span> <span class='ocrx_word' id='word_1_171' title='bbox 3006 994 3072 1047; x_wconf 92' lang='lat' dir='ltr'><strong>de</strong></span> <span class='ocrx_word' id='word_1_172' title='bbox 3099 995 3253 1062; x_wconf 87' lang='lat' dir='ltr'><strong>longe</strong></span> <span class='ocrx_word' id='word_1_173' title='bbox 3282 993 3553 1049; x_wconf 84' lang='lat' dir='ltr'><strong>adoranda</strong></span> <span class='ocrx_word' id='word_1_174' title='bbox 3581 997 3845 1066; x_wconf 86' lang='lat' dir='ltr'><strong>mysterio</strong></span> 
     </span>
    </p>
   </div>
   <div class='ocr_carea' id='block_1_23' title="bbox 2270 1082 3841 1154">
    <p class='ocr_par' dir='ltr' id='par_1_23' title="bbox 2270 1082 3841 1154">
     <span class='ocr_line' id='line_1_23' title="bbox 2270 1082 3841 1154; baseline 0.005 -20"><span class='ocrx_word' id='word_1_175' title='bbox 2270 1082 2457 1136; x_wconf 85' lang='lat' dir='ltr'><strong>salutis</strong></span> <span class='ocrx_word' id='word_1_176' title='bbox 2484 1092 2698 1136; x_wconf 67' lang='lat' dir='ltr'><strong>mturare</strong></span> <span class='ocrx_word' id='word_1_177' title='bbox 2732 1083 2966 1137; x_wconf 90' lang='lat' dir='ltr'><strong>remedia</strong></span> <span class='ocrx_word' id='word_1_178' title='bbox 3009 1084 3370 1153; x_wconf 90' lang='lat' dir='ltr'><strong>contigerunt,</strong></span> <span class='ocrx_word' id='word_1_179' title='bbox 3410 1084 3563 1154; x_wconf 89' lang='lat' dir='ltr'><strong>cujus</strong></span> <span class='ocrx_word' id='word_1_180' title='bbox 3598 1085 3652 1139; x_wconf 91' lang='lat' dir='ltr'><strong>in</strong></span> <span class='ocrx_word' id='word_1_181' title='bbox 3679 1085 3841 1141; x_wconf 80' lang='lat' dir='ltr'><strong>Citri-</strong></span> 
     </span>
    </p>
   </div>
   <div class='ocr_carea' id='block_1_24' title="bbox 2270 1171 3841 1245">
    <p class='ocr_par' dir='ltr' id='par_1_24' title="bbox 2270 1171 3841 1245">
     <span class='ocr_line' id='line_1_24' title="bbox 2270 1171 3841 1245; baseline 0.004 -21"><span class='ocrx_word' id='word_1_182' title='bbox 2270 1180 2354 1224; x_wconf 86' lang='lat' dir='ltr'><strong>sto</strong></span> <span class='ocrx_word' id='word_1_183' title='bbox 2404 1171 2739 1226; x_wconf 85' lang='lat' dir='ltr'><strong>manifestata</strong></span> <span class='ocrx_word' id='word_1_184' title='bbox 2782 1173 3029 1242; x_wconf 76' lang='lat' dir='ltr'><strong>gentibus</strong></span> <span class='ocrx_word' id='word_1_185' title='bbox 3073 1173 3363 1242; x_wconf 90' lang='lat' dir='ltr'><strong>plenitudo,</strong></span> <span class='ocrx_word' id='word_1_186' title='bbox 3412 1174 3666 1229; x_wconf 90' lang='lat' dir='ltr'><strong>mundum</strong></span> <span class='ocrx_word' id='word_1_187' title='bbox 3713 1190 3841 1245; x_wconf 79' lang='lat' dir='ltr'><strong>pur-</strong></span> 
     </span>
    </p>
   </div>
   <div class='ocr_carea' id='block_1_25' title="bbox 2268 1264 3839 1334">
    <p class='ocr_par' dir='ltr' id='par_1_25' title="bbox 2268 1264 3839 1334">
     <span class='ocr_line' id='line_1_25' title="bbox 2268 1264 3839 1334; baseline 0.005 -21"><span class='ocrx_word' id='word_1_188' title='bbox 2268 1272 2375 1330; x_wconf 88' lang='lat' dir='ltr'><strong>gat,</strong></span> <span class='ocrx_word' id='word_1_189' title='bbox 2410 1272 2463 1316; x_wconf 90' lang='lat' dir='ltr'><strong>et</strong></span> <span class='ocrx_word' id='word_1_190' title='bbox 2492 1276 2732 1325; x_wconf 83' lang='lat' dir='ltr'><strong>renovat.</strong></span> <span class='ocrx_word' id='word_1_191' title='bbox 2778 1264 3225 1334; x_wconf 89' lang='lat' dir='ltr'><strong>beatitudinisque</strong></span> <span class='ocrx_word' id='word_1_192' title='bbox 3252 1276 3519 1334; x_wconf 75' lang='lat' dir='ltr'><strong>perpetua:</strong></span> <span class='ocrx_word' id='word_1_193' title='bbox 3544 1280 3671 1321; x_wconf 92' lang='lat' dir='ltr'><strong>vere</strong></span> <span class='ocrx_word' id='word_1_194' title='bbox 3712 1267 3839 1321; x_wconf 89' lang='lat' dir='ltr'><strong>facit</strong></span> 
     </span>
    </p>
   </div>
   <div class='ocr_carea' id='block_1_26' title="bbox 2268 1354 3833 1424">
    <p class='ocr_par' dir='ltr' id='par_1_26' title="bbox 2268 1354 3833 1424">
     <span class='ocr_line' id='line_1_26' title="bbox 2268 1354 3833 1424; baseline 0.003 -17"><span class='ocrx_word' id='word_1_195' title='bbox 2268 1367 2385 1407; x_wconf 85' lang='lat' dir='ltr'><strong>esse</strong></span> <span class='ocrx_word' id='word_1_196' title='bbox 2420 1354 2726 1423; x_wconf 86' lang='lat' dir='ltr'><strong>participes.</strong></span> <span class='ocrx_word' id='word_1_197' title='bbox 2759 1354 3093 1424; x_wconf 87' lang='lat' dir='ltr'><strong>Quapropter</strong></span> <span class='ocrx_word' id='word_1_198' title='bbox 3129 1355 3287 1409; x_wconf 91' lang='lat' dir='ltr'><strong>nimis</strong></span> <span class='ocrx_word' id='word_1_199' title='bbox 3316 1354 3619 1410; x_wconf 86' lang='lat' dir='ltr'><strong>incusamus</strong></span> <span class='ocrx_word' id='word_1_200' title='bbox 3644 1356 3833 1412; x_wconf 79' lang='lat' dir='ltr'><strong>fratres</strong></span> 
     </span>
    </p>
   </div>
   <div class='ocr_carea' id='block_1_27' title="bbox 2260 1445 3851 1516">
    <p class='ocr_par' dir='ltr' id='par_1_27' title="bbox 2260 1445 3851 1516">
     <span class='ocr_line' id='line_1_27' title="bbox 2260 1445 3851 1516; baseline 0.001 -17"><span class='ocrx_word' id='word_1_201' title='bbox 2260 1453 2323 1499; x_wconf 75' lang='lat' dir='ltr'><strong>‘ct</strong></span> <span class='ocrx_word' id='word_1_202' title='bbox 2361 1445 2711 1515; x_wconf 89' lang='lat' dir='ltr'><strong>coepiscopos</strong></span> <span class='ocrx_word' id='word_1_203' title='bbox 2748 1455 2977 1511; x_wconf 90' lang='lat' dir='ltr'><strong>nostros,</strong></span> <span class='ocrx_word' id='word_1_204' title='bbox 3010 1446 3238 1501; x_wconf 74' lang='lat' dir='ltr'><strong>maxime</strong></span> <span class='ocrx_word' id='word_1_205' title='bbox 3264 1462 3357 1515; x_wconf 92' lang='lat' dir='ltr'><strong>per</strong></span> <span class='ocrx_word' id='word_1_206' title='bbox 3402 1446 3580 1501; x_wconf 88' lang='lat' dir='ltr'><strong>Piceni</strong></span> <span class='ocrx_word' id='word_1_207' title='bbox 3608 1447 3851 1516; x_wconf 86' lang='lat' dir='ltr'><strong>proviu-&#39;</strong></span> 
     </span>
    </p>
   </div>
   <div class='ocr_carea' id='block_1_28' title="bbox 2266 1536 3826 1606">
    <p class='ocr_par' dir='ltr' id='par_1_28' title="bbox 2266 1536 3826 1606">
     <span class='ocr_line' id='line_1_28' title="bbox 2266 1536 3826 1606; baseline 0.001 -17"><span class='ocrx_word' id='word_1_208' title='bbox 2266 1536 2377 1589; x_wconf 90' lang='lat' dir='ltr'><strong>cias</strong></span> <span class='ocrx_word' id='word_1_209' title='bbox 2409 1536 2701 1590; x_wconf 88' lang='lat' dir='ltr'><strong>Ecclesiam</strong></span> <span class='ocrx_word' id='word_1_210' title='bbox 2734 1536 2939 1590; x_wconf 86' lang='lat' dir='ltr'><strong>Domini</strong></span> <span class='ocrx_word' id='word_1_211' title='bbox 2972 1536 3347 1605; x_wconf 87' lang='lat' dir='ltr'><strong>gubernantes,</strong></span> <span class='ocrx_word' id='word_1_212' title='bbox 3383 1537 3471 1606; x_wconf 91' lang='lat' dir='ltr'><strong>qui</strong></span> <span class='ocrx_word' id='word_1_213' title='bbox 3511 1551 3617 1591; x_wconf 93' lang='lat' dir='ltr'><strong>non</strong></span> <span class='ocrx_word' id='word_1_214' title='bbox 3656 1537 3826 1592; x_wconf 92' lang='lat' dir='ltr'><strong>solum</strong></span> 
     </span>
    </p>
   </div>
   <div class='ocr_carea' id='block_1_29' title="bbox 2268 1623 4001 1697">
    <p class='ocr_par' dir='ltr' id='par_1_29' title="bbox 2268 1623 4001 1697">
     <span class='ocr_line' id='line_1_29' title="bbox 2268 1623 4001 1697; baseline 0.002 -17"><span class='ocrx_word' id='word_1_215' title='bbox 2268 1626 2582 1693; x_wconf 88' lang='lat' dir='ltr'><strong>ineptissimi</strong></span> <span class='ocrx_word' id='word_1_216' title='bbox 2628 1626 2792 1694; x_wconf 88' lang='lat' dir='ltr'><strong>senis,</strong></span> <span class='ocrx_word' id='word_1_217' title='bbox 2835 1626 3161 1695; x_wconf 63' lang='lat' dir='ltr'><strong>abjcctzt&#39;quc</strong></span> <span class='ocrx_word' id='word_1_218' title='bbox 3192 1641 3433 1695; x_wconf 70' lang='lat' dir='ltr'><strong>persottte</strong></span> <span class='ocrx_word' id='word_1_219' title='bbox 3468 1642 3688 1697; x_wconf 89' lang='lat' dir='ltr'><strong>pravum</strong></span> <span class='ocrx_word' id='word_1_220' title='bbox 3726 1643 3828 1683; x_wconf 92' lang='lat' dir='ltr'><strong>non</strong></span> <span class='ocrx_word' id='word_1_221' title='bbox 3894 1623 3906 1632; x_wconf 80' lang='grc'><em>’</em></span> <span class='ocrx_word' id='word_1_222' title='bbox 3990 1686 4001 1697; x_wconf 84' lang='lat'><em>_</em></span> 
     </span>
    </p>
   </div>
   <div class='ocr_carea' id='block_1_30' title="bbox 2266 1716 3827 1801">
    <p class='ocr_par' dir='ltr' id='par_1_30' title="bbox 2266 1716 3827 1801">
     <span class='ocr_line' id='line_1_30' title="bbox 2266 1716 3827 1801; baseline 0.001 -32"><span class='ocrx_word' id='word_1_223' title='bbox 2266 1716 2578 1771; x_wconf 85' lang='lat' dir='ltr'><strong>deterruere</strong></span> <span class='ocrx_word' id='word_1_224' title='bbox 2600 1716 2944 1785; x_wconf 80' lang='lat' dir='ltr'><strong>colloquium,</strong></span> <span class='ocrx_word' id='word_1_225' title='bbox 2990 1732 3172 1770; x_wconf 90' lang='lat' dir='ltr'><strong>verum</strong></span> <span class='ocrx_word' id='word_1_226' title='bbox 3198 1724 3253 1801; x_wconf 75' lang='lat' dir='ltr'><strong>et</strong></span> <span class='ocrx_word' id='word_1_227' title='bbox 3277 1731 3373 1769; x_wconf 90' lang='lat' dir='ltr'><strong>suo</strong></span> <span class='ocrx_word' id='word_1_228' title='bbox 3404 1718 3673 1773; x_wconf 88' lang='lat' dir='ltr'><strong>nulrivere</strong></span> <span class='ocrx_word' id='word_1_229' title='bbox 3697 1733 3827 1772; x_wconf 88' lang='lat' dir='ltr'><strong>con-</strong></span> 
     </span>
    </p>
   </div>
   <div class='ocr_carea' id='block_1_31' title="bbox 588 1792 3827 1878">
    <p class='ocr_par' dir='ltr' id='par_1_31' title="bbox 588 1792 3827 1878">
     <span class='ocr_line' id='line_1_31' title="bbox 588 1792 3827 1878; baseline 0.001 -18"><span class='ocrx_word' id='word_1_230' title='bbox 588 1808 783 1861; x_wconf 83' lang='lat' dir='ltr'><strong>Paulus</strong></span> <span class='ocrx_word' id='word_1_231' title='bbox 830 1810 1177 1878; x_wconf 78' lang='lat' dir='ltr'><strong>exsequitur:</strong></span> <span class='ocrx_word' id='word_1_232' title='bbox 1206 1808 1331 1861; x_wconf 87' lang='lat' dir='ltr'><strong>Cum</strong></span> <span class='ocrx_word' id='word_1_233' title='bbox 1366 1810 1495 1861; x_wconf 72' lang='lat' dir='ltr'><strong>servi</strong></span> <span class='ocrx_word' id='word_1_234' title='bbox 1535 1811 1703 1863; x_wconf 84' lang='lat' dir='ltr'><strong>essetis</strong></span> <span class='ocrx_word' id='word_1_235' title='bbox 1745 1812 1955 1878; x_wconf 84' lang='lat' dir='ltr'><strong>peccati,</strong></span> <span class='ocrx_word' id='word_1_236' title='bbox 2010 1810 2155 1864; x_wconf 80' lang='lat' dir='ltr'><strong>liberi</strong></span> <span class='ocrx_word' id='word_1_237' title='bbox 2188 1792 2235 1852; x_wconf 82' lang='grc' dir='ltr'><strong>Β</strong></span> <span class='ocrx_word' id='word_1_238' title='bbox 2262 1820 2446 1860; x_wconf 88' lang='lat' dir='ltr'><strong>sensu.</strong></span> <span class='ocrx_word' id='word_1_239' title='bbox 2476 1806 2606 1873; x_wconf 86' lang='lat' dir='ltr'><strong>Quis</strong></span> <span class='ocrx_word' id='word_1_240' title='bbox 2646 1806 2866 1859; x_wconf 83' lang='lat' dir='ltr'><strong>audiat?</strong></span> <span class='ocrx_word' id='word_1_241' title='bbox 2894 1808 3011 1875; x_wconf 88' lang='lat' dir='ltr'><strong>quis</strong></span> <span class='ocrx_word' id='word_1_242' title='bbox 3043 1807 3195 1871; x_wconf 89' lang='lat' dir='ltr'><strong>ferat,</strong></span> <span class='ocrx_word' id='word_1_243' title='bbox 3235 1792 3429 1875; x_wconf 80' lang='lat' dir='ltr'><strong>passos</strong></span> <span class='ocrx_word' id='word_1_244' title='bbox 3472 1821 3590 1861; x_wconf 86' lang='lat' dir='ltr'><strong>esse</strong></span> <span class='ocrx_word' id='word_1_245' title='bbox 3622 1808 3827 1876; x_wconf 84' lang='lat' dir='ltr'><strong>pontifi-</strong></span> 
     </span>
    </p>
   </div>
   <div class='ocr_carea' id='block_1_32' title="bbox 584 1900 2155 1969">
    <p class='ocr_par' dir='ltr' id='par_1_32' title="bbox 584 1900 2155 1969">
     <span class='ocr_line' id='line_1_32' title="bbox 584 1900 2155 1969; baseline 0.004 -19"><span class='ocrx_word' id='word_1_246' title='bbox 584 1900 750 1968; x_wconf 80' lang='lat' dir='ltr'><strong>fuistis</strong></span> <span class='ocrx_word' id='word_1_247' title='bbox 763 1901 1001 1969; x_wconf 77' lang='lat' dir='ltr'><strong>justitire,</strong></span> <span class='ocrx_word' id='word_1_248' title='bbox 1032 1900 1085 1952; x_wconf 91' lang='lat' dir='ltr'><strong>id</strong></span> <span class='ocrx_word' id='word_1_249' title='bbox 1112 1908 1193 1954; x_wconf 90' lang='lat' dir='ltr'><strong>est</strong></span> <span class='ocrx_word' id='word_1_250' title='bbox 1230 1900 1388 1954; x_wconf 89' lang='lat' dir='ltr'><strong>alieni</strong></span> <span class='ocrx_word' id='word_1_251' title='bbox 1428 1917 1454 1951; x_wconf 89' lang='lat' dir='ltr'><strong>a</strong></span> <span class='ocrx_word' id='word_1_252' title='bbox 1474 1901 1709 1969; x_wconf 89' lang='lat' dir='ltr'><strong>justitia,</strong></span> <span class='ocrx_word' id='word_1_253' title='bbox 1754 1902 1954 1957; x_wconf 91' lang='lat' dir='ltr'><strong>liberati</strong></span> <span class='ocrx_word' id='word_1_254' title='bbox 1985 1913 2155 1957; x_wconf 86' lang='lat' dir='ltr'><strong>autem</strong></span> 
     </span>
    </p>
   </div>
   <div class='ocr_carea' id='block_1_33' title="bbox 583 1990 2152 2063">
    <p class='ocr_par' dir='ltr' id='par_1_33' title="bbox 583 1990 2152 2063">
     <span class='ocr_line' id='line_1_33' title="bbox 583 1990 2152 2063; baseline 0.004 -21"><span class='ocrx_word' id='word_1_255' title='bbox 583 2007 615 2042; x_wconf 91' lang='lat' dir='ltr'><strong>a</strong></span> <span class='ocrx_word' id='word_1_256' title='bbox 637 2001 860 2058; x_wconf 78' lang='lat' dir='ltr'><strong>peccato,</strong></span> <span class='ocrx_word' id='word_1_257' title='bbox 884 1990 1009 2043; x_wconf 82' lang='lat' dir='ltr'><strong>servi</strong></span> <span class='ocrx_word' id='word_1_258' title='bbox 1030 1992 1153 2058; x_wconf 77' lang='lat' dir='ltr'><strong>{acti</strong></span> <span class='ocrx_word' id='word_1_259' title='bbox 1176 1991 1292 2043; x_wconf 87' lang='lat' dir='ltr'><strong>estis</strong></span> <span class='ocrx_word' id='word_1_260' title='bbox 1301 1992 1520 2063; x_wconf 72' lang='lat' dir='ltr'><strong>justitite</strong></span> <span class='ocrx_word' id='word_1_261' title='bbox 1542 1992 1716 2061; x_wconf 82' lang='lat' dir='ltr'><strong>(Rom.</strong></span> <span class='ocrx_word' id='word_1_262' title='bbox 1739 1996 1851 2062; x_wconf 74' lang='lat' dir='ltr'><strong>Vl);</strong></span> <span class='ocrx_word' id='word_1_263' title='bbox 1879 2006 1932 2046; x_wconf 93' lang='lat' dir='ltr'><strong>et</strong></span> <span class='ocrx_word' id='word_1_264' title='bbox 1962 1995 2152 2048; x_wconf 89' lang='lat' dir='ltr'><strong>iterum</strong></span> 
     </span>
    </p>
   </div>
   <div class='ocr_carea' id='block_1_34' title="bbox 585 2078 2157 2148">
    <p class='ocr_par' dir='ltr' id='par_1_34' title="bbox 585 2078 2157 2148">
     <span class='ocr_line' id='line_1_34' title="bbox 585 2078 2157 2148; baseline 0.001 -16"><span class='ocrx_word' id='word_1_265' title='bbox 585 2079 724 2132; x_wconf 88' lang='lat' dir='ltr'><strong>idem</strong></span> <span class='ocrx_word' id='word_1_266' title='bbox 750 2081 859 2146; x_wconf 87' lang='lat' dir='ltr'><strong>ipse</strong></span> <span class='ocrx_word' id='word_1_267' title='bbox 880 2096 890 2130; x_wconf 90' lang='lat'><strong>:</strong></span> <span class='ocrx_word' id='word_1_268' title='bbox 917 2078 1242 2143; x_wconf 86' lang='lat' dir='ltr'><strong>Libertatem,</strong></span> <span class='ocrx_word' id='word_1_269' title='bbox 1260 2081 1450 2148; x_wconf 88' lang='lat' dir='ltr'><strong>inquit,</strong></span> <span class='ocrx_word' id='word_1_270' title='bbox 1467 2097 1565 2148; x_wconf 86' lang='lat' dir='ltr'><strong>qua</strong></span> <span class='ocrx_word' id='word_1_271' title='bbox 1579 2097 1662 2133; x_wconf 83' lang='lat' dir='ltr'><strong>vos</strong></span> <span class='ocrx_word' id='word_1_272' title='bbox 1677 2080 1907 2134; x_wconf 76' lang='lat' dir='ltr'><strong>Christus</strong></span> <span class='ocrx_word' id='word_1_273' title='bbox 1930 2082 2157 2135; x_wconf 77' lang='lat' dir='ltr'><strong>liberavit</strong></span> 
     </span>
    </p>
   </div>
   <div class='ocr_carea' id='block_1_35' title="bbox 587 2168 2156 2237">
    <p class='ocr_par' dir='ltr' id='par_1_35' title="bbox 587 2168 2156 2237">
     <span class='ocr_line' id='line_1_35' title="bbox 587 2168 2156 2237; baseline 0.005 -16"><span class='ocrx_word' id='word_1_274' title='bbox 587 2168 787 2233; x_wconf 75' lang='lat' dir='ltr'><strong>(Colat.</strong></span> <span class='ocrx_word' id='word_1_275' title='bbox 812 2172 887 2233; x_wconf 78' lang='grc' dir='ltr'><strong>ν).</strong></span> <span class='ocrx_word' id='word_1_276' title='bbox 911 2169 1095 2223; x_wconf 77' lang='lat' dir='ltr'><strong>Nonne</strong></span> <span class='ocrx_word' id='word_1_277' title='bbox 1118 2170 1231 2237; x_wconf 83' lang='lat' dir='ltr'><strong>ipse</strong></span> <span class='ocrx_word' id='word_1_278' title='bbox 1254 2184 1342 2224; x_wconf 86' lang='lat' dir='ltr'><strong>vas</strong></span> <span class='ocrx_word' id='word_1_279' title='bbox 1356 2169 1634 2225; x_wconf 89' lang='lat' dir='ltr'><strong>electionis</strong></span> <span class='ocrx_word' id='word_1_280' title='bbox 1650 2169 1900 2236; x_wconf 82' lang='lat' dir='ltr'><strong>affirmat,</strong></span> <span class='ocrx_word' id='word_1_281' title='bbox 1930 2180 1983 2225; x_wconf 92' lang='lat' dir='ltr'><strong>et</strong></span> <span class='ocrx_word' id='word_1_282' title='bbox 2004 2172 2156 2231; x_wconf 82' lang='lat' dir='ltr'><strong>dicit:</strong></span> 
     </span>
    </p>
   </div>
   <div class='ocr_carea' id='block_1_36' title="bbox 586 2259 2158 2335">
    <p class='ocr_par' dir='ltr' id='par_1_36' title="bbox 586 2259 2158 2335">
     <span class='ocr_line' id='line_1_36' title="bbox 586 2259 2158 2335; baseline 0.003 -22"><span class='ocrx_word' id='word_1_283' title='bbox 586 2259 727 2315; x_wconf 85' lang='lat' dir='ltr'><strong>Deus</strong></span> <span class='ocrx_word' id='word_1_284' title='bbox 751 2272 823 2315; x_wconf 86' lang='lat' dir='ltr'><strong>est</strong></span> <span class='ocrx_word' id='word_1_285' title='bbox 850 2263 936 2329; x_wconf 88' lang='lat' dir='ltr'><strong>qui</strong></span> <span class='ocrx_word' id='word_1_286' title='bbox 968 2272 1203 2331; x_wconf 87' lang='lat' dir='ltr'><strong>aperntur</strong></span> <span class='ocrx_word' id='word_1_287' title='bbox 1242 2264 1295 2315; x_wconf 90' lang='lat' dir='ltr'><strong>in</strong></span> <span class='ocrx_word' id='word_1_288' title='bbox 1325 2263 1462 2318; x_wconf 71' lang='lat' dir='ltr'><strong>vobis</strong></span> <span class='ocrx_word' id='word_1_289' title='bbox 1483 2274 1529 2316; x_wconf 86' lang='lat' dir='ltr'><strong>et</strong></span> <span class='ocrx_word' id='word_1_290' title='bbox 1556 2264 1679 2317; x_wconf 75' lang='lat' dir='ltr'><strong>velle</strong></span> <span class='ocrx_word' id='word_1_291' title='bbox 1702 2274 1749 2317; x_wconf 88' lang='lat' dir='ltr'><strong>et</strong></span> <span class='ocrx_word' id='word_1_292' title='bbox 1785 2266 2023 2334; x_wconf 78' lang='lat' dir='ltr'><strong>perﬁcere</strong></span> <span class='ocrx_word' id='word_1_293' title='bbox 2068 2283 2158 2335; x_wconf 88' lang='lat' dir='ltr'><strong>pro</strong></span> 
     </span>
    </p>
   </div>
   <div class='ocr_carea' id='block_1_37' title="bbox 584 2353 2152 2424">
    <p class='ocr_par' dir='ltr' id='par_1_37' title="bbox 584 2353 2152 2424">
     <span class='ocr_line' id='line_1_37' title="bbox 584 2353 2152 2424; baseline 0.005 -20"><span class='ocrx_word' id='word_1_294' title='bbox 584 2354 717 2405; x_wconf 87' lang='lat' dir='ltr'><strong>bona</strong></span> <span class='ocrx_word' id='word_1_295' title='bbox 734 2356 824 2407; x_wconf 68' lang='grc' dir='ltr'>τοι.</span> <span class='ocrx_word' id='word_1_296' title='bbox 848 2363 986 2407; x_wconf 83' lang='lat' dir='ltr'><strong>ntate</strong></span> <span class='ocrx_word' id='word_1_297' title='bbox 1003 2353 1223 2424; x_wconf 81' lang='lat' dir='ltr'><strong>(Philip.</strong></span> <span class='ocrx_word' id='word_1_298' title='bbox 1251 2357 1347 2423; x_wconf 90' lang='lat' dir='ltr'><strong>tt)?</strong></span> <span class='ocrx_word' id='word_1_299' title='bbox 1374 2370 1441 2412; x_wconf 87' lang='lat' dir='ltr'><strong>ne</strong></span> <span class='ocrx_word' id='word_1_300' title='bbox 1456 2356 1612 2410; x_wconf 90' lang='lat' dir='ltr'><strong>etiam</strong></span> <span class='ocrx_word' id='word_1_301' title='bbox 1639 2360 1689 2409; x_wconf 88' lang='lat' dir='ltr'><strong>in</strong></span> <span class='ocrx_word' id='word_1_302' title='bbox 1709 2358 1842 2411; x_wconf 86' lang='lat' dir='ltr'><strong>mala</strong></span> <span class='ocrx_word' id='word_1_303' title='bbox 1860 2358 2152 2423; x_wconf 88' lang='lat' dir='ltr'><strong>voluntate,</strong></span> 
     </span>
    </p>
   </div>
   <div class='ocr_carea' id='block_1_38' title="bbox 586 2444 2155 2517">
    <p class='ocr_par' dir='ltr' id='par_1_38' title="bbox 586 2444 2155 2517">
     <span class='ocr_line' id='line_1_38' title="bbox 586 2444 2155 2517; baseline 0.003 -21"><span class='ocrx_word' id='word_1_304' title='bbox 586 2454 640 2497; x_wconf 91' lang='lat' dir='ltr'><strong>et</strong></span> <span class='ocrx_word' id='word_1_305' title='bbox 662 2444 796 2499; x_wconf 87' lang='lat' dir='ltr'><strong>velle</strong></span> <span class='ocrx_word' id='word_1_306' title='bbox 823 2456 877 2499; x_wconf 91' lang='lat' dir='ltr'><strong>et</strong></span> <span class='ocrx_word' id='word_1_307' title='bbox 906 2444 1162 2513; x_wconf 80' lang='lat' dir='ltr'><strong>perlicere</strong></span> <span class='ocrx_word' id='word_1_308' title='bbox 1190 2447 1329 2500; x_wconf 84' lang='lat' dir='ltr'><strong>Deus</strong></span> <span class='ocrx_word' id='word_1_309' title='bbox 1357 2457 1631 2513; x_wconf 79' lang='lat' dir='ltr'><strong>putaretur</strong></span> <span class='ocrx_word' id='word_1_310' title='bbox 1651 2450 1881 2517; x_wconf 81' lang='lat' dir='ltr'><strong>Operari.</strong></span> <span class='ocrx_word' id='word_1_311' title='bbox 1907 2448 2036 2501; x_wconf 73' lang='lat' dir='ltr'><strong>lltud</strong></span> <span class='ocrx_word' id='word_1_312' title='bbox 2059 2464 2155 2501; x_wconf 85' lang='lat' dir='ltr'><strong>att-</strong></span> 
     </span>
    </p>
   </div>
   <div class='ocr_carea' id='block_1_39' title="bbox 588 2533 2167 2607">
    <p class='ocr_par' dir='ltr' id='par_1_39' title="bbox 588 2533 2167 2607">
     <span class='ocr_line' id='line_1_39' title="bbox 588 2533 2167 2607; baseline 0.004 -20"><span class='ocrx_word' id='word_1_313' title='bbox 588 2544 696 2587; x_wconf 91' lang='lat' dir='ltr'><strong>tem</strong></span> <span class='ocrx_word' id='word_1_314' title='bbox 728 2533 1127 2605; x_wconf 77' lang='lat' dir='ltr'><strong>Pelagianorum</strong></span> <span class='ocrx_word' id='word_1_315' title='bbox 1171 2538 1438 2603; x_wconf 78' lang='lat' dir='ltr'><strong>peculiare</strong></span> <span class='ocrx_word' id='word_1_316' title='bbox 1481 2537 1626 2592; x_wconf 90' lang='lat' dir='ltr'><strong>virus</strong></span> <span class='ocrx_word' id='word_1_317' title='bbox 1655 2548 1756 2601; x_wconf 83' lang='lat' dir='ltr'><strong>est,</strong></span> <span class='ocrx_word' id='word_1_318' title='bbox 1797 2540 2029 2607; x_wconf 82' lang='lat' dir='ltr'><strong>olimque</strong></span> <span class='ocrx_word' id='word_1_319' title='bbox 2059 2541 2167 2593; x_wconf 60' lang='lat' dir='ltr'><strong>de-~</strong></span> 
     </span>
    </p>
   </div>
   <div class='ocr_carea' id='block_1_40' title="bbox 588 2624 2155 2695">
    <p class='ocr_par' dir='ltr' id='par_1_40' title="bbox 588 2624 2155 2695">
     <span class='ocr_line' id='line_1_40' title="bbox 588 2624 2155 2695; baseline 0.004 -19"><span class='ocrx_word' id='word_1_320' title='bbox 588 2624 790 2687; x_wconf 91' lang='lat' dir='ltr'><strong>tritum,</strong></span> <span class='ocrx_word' id='word_1_321' title='bbox 829 2640 935 2694; x_wconf 90' lang='lat' dir='ltr'><strong>quo</strong></span> <span class='ocrx_word' id='word_1_322' title='bbox 979 2634 1167 2695; x_wconf 90' lang='lat' dir='ltr'><strong>putant</strong></span> <span class='ocrx_word' id='word_1_323' title='bbox 1214 2628 1441 2694; x_wconf 89' lang='lat' dir='ltr'><strong>gratiam</strong></span> <span class='ocrx_word' id='word_1_324' title='bbox 1491 2629 1581 2683; x_wconf 88' lang='lat' dir='ltr'><strong>Dei</strong></span> <span class='ocrx_word' id='word_1_325' title='bbox 1628 2630 1919 2683; x_wconf 89' lang='lat' dir='ltr'><strong>secundum</strong></span> <span class='ocrx_word' id='word_1_326' title='bbox 1968 2632 2155 2683; x_wconf 88' lang='lat' dir='ltr'><strong>nterita</strong></span> 
     </span>
    </p>
   </div>
   <div class='ocr_carea' id='block_1_41' title="bbox 586 2713 2156 2787">
    <p class='ocr_par' dir='ltr' id='par_1_41' title="bbox 586 2713 2156 2787">
     <span class='ocr_line' id='line_1_41' title="bbox 586 2713 2156 2787; baseline 0.004 -20"><span class='ocrx_word' id='word_1_327' title='bbox 586 2713 860 2769; x_wconf 88' lang='lat' dir='ltr'><strong>hominum</strong></span> <span class='ocrx_word' id='word_1_328' title='bbox 911 2729 1066 2782; x_wconf 89' lang='lat' dir='ltr'><strong>posse</strong></span> <span class='ocrx_word' id='word_1_329' title='bbox 1115 2717 1374 2782; x_wconf 84' lang='lat' dir='ltr'><strong>conferri,</strong></span> <span class='ocrx_word' id='word_1_330' title='bbox 1428 2718 1567 2787; x_wconf 73' lang='lat' dir='ltr'><strong>quod</strong></span> <span class='ocrx_word' id='word_1_331' title='bbox 1617 2718 1756 2771; x_wconf 86' lang='lat' dir='ltr'><strong>absit</strong></span> <span class='ocrx_word' id='word_1_332' title='bbox 1805 2734 1835 2771; x_wconf 91' lang='lat' dir='ltr'><strong>a</strong></span> <span class='ocrx_word' id='word_1_333' title='bbox 1890 2721 2156 2774; x_wconf 85' lang='lat' dir='ltr'><strong>mentibus</strong></span> 
     </span>
    </p>
   </div>
   <div class='ocr_carea' id='block_1_42' title="bbox 584 2804 2157 2878">
    <p class='ocr_par' dir='ltr' id='par_1_42' title="bbox 584 2804 2157 2878">
     <span class='ocr_line' id='line_1_42' title="bbox 584 2804 2157 2878; baseline 0.004 -19"><span class='ocrx_word' id='word_1_334' title='bbox 584 2804 921 2873; x_wconf 77' lang='lat' dir='ltr'><strong>CltriStianis,</strong></span> <span class='ocrx_word' id='word_1_335' title='bbox 955 2822 1072 2859; x_wconf 90' lang='lat' dir='ltr'><strong>cunt</strong></span> <span class='ocrx_word' id='word_1_336' title='bbox 1099 2816 1326 2861; x_wconf 90' lang='lat' dir='ltr'><strong>testetur</strong></span> <span class='ocrx_word' id='word_1_337' title='bbox 1358 2809 1643 2877; x_wconf 80' lang='lat' dir='ltr'><strong>Apostolus</strong></span> <span class='ocrx_word' id='word_1_338' title='bbox 1672 2826 1685 2862; x_wconf 89' lang='lat'><strong>:</strong></span> <span class='ocrx_word' id='word_1_339' title='bbox 1714 2808 1897 2863; x_wconf 80' lang='lat' dir='ltr'><strong>Gratia</strong></span> <span class='ocrx_word' id='word_1_340' title='bbox 1932 2821 2004 2863; x_wconf 86' lang='lat' dir='ltr'><strong>est</strong></span> <span class='ocrx_word' id='word_1_341' title='bbox 2044 2827 2157 2878; x_wconf 75' lang='lat' dir='ltr'><strong>qtae</strong></span> 
     </span>
    </p>
   </div>
   <div class='ocr_carea' id='block_1_43' title="bbox 583 2896 2154 2971">
    <p class='ocr_par' dir='ltr' id='par_1_43' title="bbox 583 2896 2154 2971">
     <span class='ocr_line' id='line_1_43' title="bbox 583 2896 2154 2971; baseline 0.001 -22"><span class='ocrx_word' id='word_1_342' title='bbox 583 2898 741 2967; x_wconf 85' lang='lat' dir='ltr'><strong>gratis</strong></span> <span class='ocrx_word' id='word_1_343' title='bbox 768 2896 960 2960; x_wconf 85' lang='lat' dir='ltr'><strong>datur;</strong></span> <span class='ocrx_word' id='word_1_344' title='bbox 995 2898 1221 2965; x_wconf 87' lang='lat' dir='ltr'><strong>alioquin</strong></span> <span class='ocrx_word' id='word_1_345' title='bbox 1247 2900 1294 2951; x_wconf 83' lang='lat' dir='ltr'><strong>si</strong></span> <span class='ocrx_word' id='word_1_346' title='bbox 1318 2916 1381 2953; x_wconf 78' lang='lat' dir='ltr'><strong>ea:</strong></span> <span class='ocrx_word' id='word_1_347' title='bbox 1408 2901 1639 2968; x_wconf 88' lang='lat' dir='ltr'><strong>aperibus</strong></span> <span class='ocrx_word' id='word_1_348' title='bbox 1669 2901 1853 2970; x_wconf 82' lang='lat' dir='ltr'><strong>gratia,</strong></span> <span class='ocrx_word' id='word_1_349' title='bbox 1895 2903 2010 2971; x_wconf 80' lang='lat' dir='ltr'><strong>juut</strong></span> <span class='ocrx_word' id='word_1_350' title='bbox 2058 2917 2154 2952; x_wconf 81' lang='grc' dir='ltr'>ιιοη</span> 
     </span>
    </p>
   </div>
   <div class='ocr_carea' id='block_1_44' title="bbox 582 2989 2154 3059">
    <p class='ocr_par' dir='ltr' id='par_1_44' title="bbox 582 2989 2154 3059">
     <span class='ocr_line' id='line_1_44' title="bbox 582 2989 2154 3059; baseline 0.001 -16"><span class='ocrx_word' id='word_1_351' title='bbox 582 2999 651 3043; x_wconf 85' lang='lat' dir='ltr'><strong>est</strong></span> <span class='ocrx_word' id='word_1_352' title='bbox 677 2989 1037 3058; x_wconf 84' lang='lat' dir='ltr'><strong>gratia(Rom.</strong></span> <span class='ocrx_word' id='word_1_353' title='bbox 1064 3003 1159 3055; x_wconf 75' lang='lat' dir='ltr'><strong>st),</strong></span> <span class='ocrx_word' id='word_1_354' title='bbox 1194 2990 1319 3056; x_wconf 87' lang='lat' dir='ltr'><strong>quia</strong></span> <span class='ocrx_word' id='word_1_355' title='bbox 1365 3006 1569 3045; x_wconf 83' lang='lat' dir='ltr'><strong>merces</strong></span> <span class='ocrx_word' id='word_1_356' title='bbox 1614 2991 1853 3046; x_wconf 88' lang='lat' dir='ltr'><strong>redditur</strong></span> <span class='ocrx_word' id='word_1_357' title='bbox 1896 3008 1999 3049; x_wconf 78' lang='lat' dir='ltr'><strong>non</strong></span> <span class='ocrx_word' id='word_1_358' title='bbox 2034 3008 2154 3059; x_wconf 71' lang='lat' dir='ltr'><strong>gra-</strong></span> 
     </span>
    </p>
   </div>
   <div class='ocr_carea' id='block_1_45' title="bbox 584 3079 2205 3151">
    <p class='ocr_par' dir='ltr' id='par_1_45' title="bbox 584 3079 2205 3151">
     <span class='ocr_line' id='line_1_45' title="bbox 584 3079 2205 3151; baseline 0.003 -20"><span class='ocrx_word' id='word_1_359' title='bbox 584 3080 673 3146; x_wconf 89' lang='lat' dir='ltr'><strong>tis,</strong></span> <span class='ocrx_word' id='word_1_360' title='bbox 734 3079 873 3133; x_wconf 89' lang='lat' dir='ltr'><strong>unde</strong></span> <span class='ocrx_word' id='word_1_361' title='bbox 918 3081 1084 3148; x_wconf 85' lang='lat' dir='ltr'><strong>gratia</strong></span> <span class='ocrx_word' id='word_1_362' title='bbox 1140 3096 1336 3137; x_wconf 59' lang='lat' dir='ltr'><strong>nomen</strong></span> <span class='ocrx_word' id='word_1_363' title='bbox 1384 3084 1588 3151; x_wconf 86' lang='lat' dir='ltr'><strong>accepit</strong></span> <span class='ocrx_word' id='word_1_364' title='bbox 1632 3082 1975 3151; x_wconf 77' lang='lat' dir='ltr'><strong>impenditur.</strong></span> <span class='ocrx_word' id='word_1_365' title='bbox 2024 3084 2150 3149; x_wconf 83' lang='lat' dir='ltr'><strong>Quis</strong></span> <span class='ocrx_word' id='word_1_366' title='bbox 2202 3136 2205 3143; x_wconf 39' lang='grc' dir='ltr'>λ</span> 
     </span>
    </p>
   </div>
   <div class='ocr_carea' id='block_1_46' title="bbox 2257 1894 3825 1968">
    <p class='ocr_par' dir='ltr' id='par_1_46' title="bbox 2257 1894 3825 1968">
     <span class='ocr_line' id='line_1_46' title="bbox 2257 1894 3825 1968; baseline 0.003 -18"><span class='ocrx_word' id='word_1_367' title='bbox 2257 1911 2372 1962; x_wconf 90' lang='lat' dir='ltr'><strong>ces,</strong></span> <span class='ocrx_word' id='word_1_368' title='bbox 2405 1908 2459 1950; x_wconf 94' lang='lat' dir='ltr'><strong>ut</strong></span> <span class='ocrx_word' id='word_1_369' title='bbox 2486 1894 2718 1952; x_wconf 76' lang='lat' dir='ltr'><strong>cadaver</strong></span> <span class='ocrx_word' id='word_1_370' title='bbox 2745 1898 2927 1952; x_wconf 89' lang='lat' dir='ltr'><strong>nescio</strong></span> <span class='ocrx_word' id='word_1_371' title='bbox 2954 1897 3093 1966; x_wconf 85' lang='lat' dir='ltr'><strong>quod</strong></span> <span class='ocrx_word' id='word_1_372' title='bbox 3137 1897 3429 1966; x_wconf 87' lang='lat' dir='ltr'><strong>indignum,</strong></span> <span class='ocrx_word' id='word_1_373' title='bbox 3461 1898 3825 1968; x_wconf 84' lang='lat' dir='ltr'><strong>presbyterum</strong></span> 
     </span>
    </p>
   </div>
   <div class='ocr_carea' id='block_1_47' title="bbox 2261 1987 3827 2058">
    <p class='ocr_par' dir='ltr' id='par_1_47' title="bbox 2261 1987 3827 2058">
     <span class='ocr_line' id='line_1_47' title="bbox 2261 1987 3827 2058; baseline 0.001 -17"><span class='ocrx_word' id='word_1_374' title='bbox 2261 1987 2361 2041; x_wconf 88' lang='lat' dir='ltr'><strong>sibi</strong></span> <span class='ocrx_word' id='word_1_375' title='bbox 2389 2002 2492 2041; x_wconf 90' lang='lat' dir='ltr'><strong>non</strong></span> <span class='ocrx_word' id='word_1_376' title='bbox 2524 1988 2949 2055; x_wconf 87' lang='lat' dir='ltr'><strong>acquiescentem</strong></span> <span class='ocrx_word' id='word_1_377' title='bbox 2994 1987 3202 2053; x_wconf 86' lang='lat' dir='ltr'><strong>audire,</strong></span> <span class='ocrx_word' id='word_1_378' title='bbox 3243 1988 3618 2043; x_wconf 90' lang='lat' dir='ltr'><strong>communione</strong></span> <span class='ocrx_word' id='word_1_379' title='bbox 3654 1988 3827 2058; x_wconf 67' lang='lat' dir='ltr'><strong>ptiva«</strong></span> 
     </span>
    </p>
   </div>
   <div class='ocr_carea' id='block_1_48' title="bbox 2262 2079 3821 2149">
    <p class='ocr_par' dir='ltr' id='par_1_48' title="bbox 2262 2079 3821 2149">
     <span class='ocr_line' id='line_1_48' title="bbox 2262 2079 3821 2149; baseline 0.001 -17"><span class='ocrx_word' id='word_1_380' title='bbox 2262 2081 2380 2133; x_wconf 85' lang='lat' dir='ltr'><strong>ret?</strong></span> <span class='ocrx_word' id='word_1_381' title='bbox 2406 2080 2673 2149; x_wconf 82' lang='lat' dir='ltr'><strong>quomodo</strong></span> <span class='ocrx_word' id='word_1_382' title='bbox 2702 2080 2821 2134; x_wconf 85' lang='lat' dir='ltr'><strong>talis</strong></span> <span class='ocrx_word' id='word_1_383' title='bbox 2848 2080 2931 2133; x_wconf 86' lang='lat' dir='ltr'><strong>vel</strong></span> <span class='ocrx_word' id='word_1_384' title='bbox 2979 2087 3255 2147; x_wconf 90' lang='lat' dir='ltr'><strong>susceptus</strong></span> <span class='ocrx_word' id='word_1_385' title='bbox 3289 2079 3356 2133; x_wconf 88' lang='lat' dir='ltr'><strong>ab</strong></span> <span class='ocrx_word' id='word_1_386' title='bbox 3384 2080 3580 2148; x_wconf 85' lang='lat' dir='ltr'><strong>aliquo,</strong></span> <span class='ocrx_word' id='word_1_387' title='bbox 3621 2079 3704 2133; x_wconf 90' lang='lat' dir='ltr'><strong>vel</strong></span> <span class='ocrx_word' id='word_1_388' title='bbox 3728 2094 3821 2149; x_wconf 85' lang='lat' dir='ltr'><strong>pa-</strong></span> 
     </span>
    </p>
   </div>
   <div class='ocr_carea' id='block_1_49' title="bbox 2263 2169 3823 2239">
    <p class='ocr_par' dir='ltr' id='par_1_49' title="bbox 2263 2169 3823 2239">
     <span class='ocr_line' id='line_1_49' title="bbox 2263 2169 3823 2239; baseline -0.001 -15"><span class='ocrx_word' id='word_1_389' title='bbox 2263 2171 2454 2225; x_wconf 90' lang='lat' dir='ltr'><strong>tienter</strong></span> <span class='ocrx_word' id='word_1_390' title='bbox 2481 2170 2693 2225; x_wconf 75' lang='lat' dir='ltr'><strong>auditus</strong></span> <span class='ocrx_word' id='word_1_391' title='bbox 2719 2171 2837 2225; x_wconf 87' lang='lat' dir='ltr'><strong>est?</strong></span> <span class='ocrx_word' id='word_1_392' title='bbox 2867 2170 2954 2239; x_wconf 90' lang='lat' dir='ltr'><strong>qui</strong></span> <span class='ocrx_word' id='word_1_393' title='bbox 2994 2170 3208 2238; x_wconf 89' lang='lat' dir='ltr'><strong>insuper</strong></span> <span class='ocrx_word' id='word_1_394' title='bbox 3234 2170 3378 2239; x_wconf 70' lang='lat' dir='ltr'><strong>leges</strong></span> <span class='ocrx_word' id='word_1_395' title='bbox 3400 2170 3565 2237; x_wconf 80' lang='lat' dir='ltr'><strong>dedit,</strong></span> <span class='ocrx_word' id='word_1_396' title='bbox 3602 2169 3823 2223; x_wconf 73' lang='lat' dir='ltr'><strong>libenter</strong></span> 
     </span>
    </p>
   </div>
   <div class='ocr_carea' id='block_1_50' title="bbox 2268 2262 3822 2333">
    <p class='ocr_par' dir='ltr' id='par_1_50' title="bbox 2268 2262 3822 2333">
     <span class='ocr_line' id='line_1_50' title="bbox 2268 2262 3822 2333; baseline 0 -16"><span class='ocrx_word' id='word_1_397' title='bbox 2268 2266 2282 2294; x_wconf 77' lang='grc'>⁸</span> <span class='ocrx_word' id='word_1_398' title='bbox 2310 2272 2590 2333; x_wconf 75' lang='lat' dir='ltr'><strong>exceptus,</strong></span> <span class='ocrx_word' id='word_1_399' title='bbox 2621 2271 2680 2316; x_wconf 90' lang='lat' dir='ltr'><strong>ut</strong></span> <span class='ocrx_word' id='word_1_400' title='bbox 2708 2264 2845 2317; x_wconf 88' lang='lat' dir='ltr'><strong>servi</strong></span> <span class='ocrx_word' id='word_1_401' title='bbox 2874 2264 2961 2317; x_wconf 89' lang='lat' dir='ltr'><strong>Dei</strong></span> <span class='ocrx_word' id='word_1_402' title='bbox 2992 2277 3113 2316; x_wconf 93' lang='lat' dir='ltr'><strong>cum</strong></span> <span class='ocrx_word' id='word_1_403' title='bbox 3142 2262 3330 2331; x_wconf 89' lang='lat' dir='ltr'><strong>puellis</strong></span> <span class='ocrx_word' id='word_1_404' title='bbox 3352 2263 3517 2317; x_wconf 84' lang='lat' dir='ltr'><strong>sacris</strong></span> <span class='ocrx_word' id='word_1_405' title='bbox 3538 2278 3581 2316; x_wconf 66' lang='lat' dir='ltr'><strong>cc</strong></span> <span class='ocrx_word' id='word_1_406' title='bbox 3606 2278 3822 2332; x_wconf 75' lang='lat' dir='ltr'><strong>ngrega-</strong></span> 
     </span>
    </p>
   </div>
   <div class='ocr_carea' id='block_1_51' title="bbox 2263 2346 3821 2423">
    <p class='ocr_par' dir='ltr' id='par_1_51' title="bbox 2263 2346 3821 2423">
     <span class='ocr_line' id='line_1_51' title="bbox 2263 2346 3821 2423; baseline 0 -18"><span class='ocrx_word' id='word_1_407' title='bbox 2263 2355 2406 2408; x_wconf 87' lang='lat' dir='ltr'><strong>tione</strong></span> <span class='ocrx_word' id='word_1_408' title='bbox 2450 2346 2864 2408; x_wconf 81' lang='lat' dir='ltr'><strong>dedecorissima</strong></span> <span class='ocrx_word' id='word_1_409' title='bbox 2917 2354 3456 2407; x_wconf 68' lang='lat' dir='ltr'><strong>miscerenturhtam</strong></span> <span class='ocrx_word' id='word_1_410' title='bbox 3498 2368 3619 2407; x_wconf 91' lang='lat' dir='ltr'><strong>cum</strong></span> <span class='ocrx_word' id='word_1_411' title='bbox 3668 2355 3821 2423; x_wconf 78' lang='lat' dir='ltr'><strong>Spiri-</strong></span> 
     </span>
    </p>
   </div>
   <div class='ocr_carea' id='block_1_52' title="bbox 2259 2443 3818 2517">
    <p class='ocr_par' dir='ltr' id='par_1_52' title="bbox 2259 2443 3818 2517">
     <span class='ocr_line' id='line_1_52' title="bbox 2259 2443 3818 2517; baseline 0.002 -21"><span class='ocrx_word' id='word_1_412' title='bbox 2259 2446 2427 2500; x_wconf 87' lang='lat' dir='ltr'><strong>tuales</strong></span> <span class='ocrx_word' id='word_1_413' title='bbox 2457 2445 2642 2517; x_wconf 87' lang='lat' dir='ltr'><strong>animi,</strong></span> <span class='ocrx_word' id='word_1_414' title='bbox 2676 2446 2834 2499; x_wconf 84' lang='lat' dir='ltr'><strong>etiam</strong></span> <span class='ocrx_word' id='word_1_415' title='bbox 2864 2459 2983 2499; x_wconf 90' lang='lat' dir='ltr'><strong>cum</strong></span> <span class='ocrx_word' id='word_1_416' title='bbox 3009 2444 3179 2499; x_wconf 88' lang='lat' dir='ltr'><strong>desint</strong></span> <span class='ocrx_word' id='word_1_417' title='bbox 3206 2443 3303 2499; x_wconf 80' lang='lat' dir='ltr'><strong>ista</strong></span> <span class='ocrx_word' id='word_1_418' title='bbox 3326 2446 3614 2509; x_wconf 88' lang='lat' dir='ltr'><strong>consortia,</strong></span> <span class='ocrx_word' id='word_1_419' title='bbox 3639 2446 3818 2514; x_wconf 83' lang='lat' dir='ltr'><strong>imagi-</strong></span> 
     </span>
    </p>
   </div>
   <div class='ocr_carea' id='block_1_53' title="bbox 2261 2533 3839 2604">
    <p class='ocr_par' dir='ltr' id='par_1_53' title="bbox 2261 2533 3839 2604">
     <span class='ocr_line' id='line_1_53' title="bbox 2261 2533 3839 2604; baseline 0.001 -17"><span class='ocrx_word' id='word_1_420' title='bbox 2261 2536 2425 2589; x_wconf 75' lang='lat' dir='ltr'><strong>nariis</strong></span> <span class='ocrx_word' id='word_1_421' title='bbox 2453 2534 2770 2589; x_wconf 89' lang='lat' dir='ltr'><strong>inlestcnlur</strong></span> <span class='ocrx_word' id='word_1_422' title='bbox 2818 2533 3107 2600; x_wconf 78' lang='lat' dir='ltr'><strong>illecebris,</strong></span> <span class='ocrx_word' id='word_1_423' title='bbox 3154 2535 3597 2604; x_wconf 74' lang='lat' dir='ltr'><strong>quemadmodum</strong></span> <span class='ocrx_word' id='word_1_424' title='bbox 3632 2536 3839 2590; x_wconf 86' lang='lat' dir='ltr'><strong>alterni-</strong></span> 
     </span>
    </p>
   </div>
   <div class='ocr_carea' id='block_1_54' title="bbox 2258 2624 3816 2694">
    <p class='ocr_par' dir='ltr' id='par_1_54' title="bbox 2258 2624 3816 2694">
     <span class='ocr_line' id='line_1_54' title="bbox 2258 2624 3816 2694; baseline -0.001 -13"><span class='ocrx_word' id='word_1_425' title='bbox 2258 2642 2419 2681; x_wconf 79' lang='lat' dir='ltr'><strong>scxus</strong></span> <span class='ocrx_word' id='word_1_426' title='bbox 2462 2626 2676 2690; x_wconf 88' lang='lat' dir='ltr'><strong>intuitu,</strong></span> <span class='ocrx_word' id='word_1_427' title='bbox 2712 2627 2731 2656; x_wconf 85' lang='grc'><strong><em>²</em></strong></span> <span class='ocrx_word' id='word_1_428' title='bbox 2759 2625 2850 2694; x_wconf 91' lang='lat' dir='ltr'><strong>qui</strong></span> <span class='ocrx_word' id='word_1_429' title='bbox 2881 2624 3062 2680; x_wconf 89' lang='lat' dir='ltr'><strong>illicite</strong></span> <span class='ocrx_word' id='word_1_430' title='bbox 3103 2626 3345 2679; x_wconf 90' lang='lat' dir='ltr'><strong>nolentes</strong></span> <span class='ocrx_word' id='word_1_431' title='bbox 3386 2640 3490 2678; x_wconf 93' lang='lat' dir='ltr'><strong>non</strong></span> <span class='ocrx_word' id='word_1_432' title='bbox 3530 2625 3816 2681; x_wconf 83' lang='lat' dir='ltr'><strong>vehemen-</strong></span> 
     </span>
    </p>
   </div>
   <div class='ocr_carea' id='block_1_55' title="bbox 2256 2713 3817 2786">
    <p class='ocr_par' dir='ltr' id='par_1_55' title="bbox 2256 2713 3817 2786">
     <span class='ocr_line' id='line_1_55' title="bbox 2256 2713 3817 2786; baseline -0.001 -11"><span class='ocrx_word' id='word_1_433' title='bbox 2256 2722 2362 2775; x_wconf 82' lang='lat' dir='ltr'><strong>tius</strong></span> <span class='ocrx_word' id='word_1_434' title='bbox 2392 2713 2719 2773; x_wconf 75' lang='lat' dir='ltr'><strong>ittcitentui?</strong></span> <span class='ocrx_word' id='word_1_435' title='bbox 2741 2717 2926 2772; x_wconf 82' lang='lat' dir='ltr'><strong>Adhuc</strong></span> <span class='ocrx_word' id='word_1_436' title='bbox 2951 2716 3121 2786; x_wconf 87' lang='lat' dir='ltr'><strong>majus</strong></span> <span class='ocrx_word' id='word_1_437' title='bbox 3150 2716 3322 2770; x_wconf 88' lang='lat' dir='ltr'><strong>scelus</strong></span> <span class='ocrx_word' id='word_1_438' title='bbox 3344 2717 3618 2781; x_wconf 81' lang='lat' dir='ltr'><strong>accrescit,</strong></span> <span class='ocrx_word' id='word_1_439' title='bbox 3642 2728 3698 2771; x_wconf 90' lang='lat' dir='ltr'><strong>ut</strong></span> <span class='ocrx_word' id='word_1_440' title='bbox 3723 2718 3817 2773; x_wconf 85' lang='lat' dir='ltr'><strong>sub</strong></span> 
     </span>
    </p>
   </div>
   <div class='ocr_carea' id='block_1_56' title="bbox 2255 2806 3817 2879">
    <p class='ocr_par' dir='ltr' id='par_1_56' title="bbox 2255 2806 3817 2879">
     <span class='ocr_line' id='line_1_56' title="bbox 2255 2806 3817 2879; baseline -0.003 -15"><span class='ocrx_word' id='word_1_441' title='bbox 2255 2817 2542 2879; x_wconf 82' lang='lat' dir='ltr'><strong>conSpectu</strong></span> <span class='ocrx_word' id='word_1_442' title='bbox 2572 2817 2626 2862; x_wconf 89' lang='lat' dir='ltr'><strong>et</strong></span> <span class='ocrx_word' id='word_1_443' title='bbox 2657 2807 2938 2877; x_wconf 69' lang='lat' dir='ltr'><strong>praesentia</strong></span> <span class='ocrx_word' id='word_1_444' title='bbox 2966 2806 3319 2873; x_wconf 86' lang='lat' dir='ltr'><strong>sacerdotum,</strong></span> <span class='ocrx_word' id='word_1_445' title='bbox 3356 2807 3524 2860; x_wconf 76' lang='lat' dir='ltr'><strong>beata:</strong></span> <span class='ocrx_word' id='word_1_446' title='bbox 3550 2806 3817 2865; x_wconf 70' lang='lat' dir='ltr'><strong>memoria</strong></span> 
     </span>
    </p>
   </div>
   <div class='ocr_carea' id='block_1_57' title="bbox 2258 2898 3816 2971">
    <p class='ocr_par' dir='ltr' id='par_1_57' title="bbox 2258 2898 3816 2971">
     <span class='ocr_line' id='line_1_57' title="bbox 2258 2898 3816 2971; baseline -0.001 -17"><span class='ocrx_word' id='word_1_447' title='bbox 2258 2902 2636 2971; x_wconf 82' lang='lat' dir='ltr'><strong>Hieronymum</strong></span> <span class='ocrx_word' id='word_1_448' title='bbox 2664 2909 2822 2967; x_wconf 88' lang='lat' dir='ltr'><strong>atque</strong></span> <span class='ocrx_word' id='word_1_449' title='bbox 2848 2898 3199 2967; x_wconf 81' lang='lat' dir='ltr'><strong>Augustinum</strong></span> <span class='ocrx_word' id='word_1_450' title='bbox 3228 2898 3706 2953; x_wconf 75' lang='lat' dir='ltr'><strong>ecclesiasticorum</strong></span> <span class='ocrx_word' id='word_1_451' title='bbox 3734 2898 3816 2952; x_wconf 88' lang='lat' dir='ltr'><strong>lu-</strong></span> 
     </span>
    </p>
   </div>
   <div class='ocr_carea' id='block_1_58' title="bbox 2256 2988 3815 3061">
    <p class='ocr_par' dir='ltr' id='par_1_58' title="bbox 2256 2988 3815 3061">
     <span class='ocr_line' id='line_1_58' title="bbox 2256 2988 3815 3061; baseline -0.004 -14"><span class='ocrx_word' id='word_1_452' title='bbox 2256 2993 2395 3047; x_wconf 92' lang='lat' dir='ltr'><strong>mina</strong></span> <span class='ocrx_word' id='word_1_453' title='bbox 2433 2990 2828 3061; x_wconf 87' lang='lat' dir='ltr'><strong>magistrorum,</strong></span> <span class='ocrx_word' id='word_1_454' title='bbox 2868 3005 3041 3042; x_wconf 88' lang='lat' dir='ltr'><strong>musca</strong></span> <span class='ocrx_word' id='word_1_455' title='bbox 3086 2989 3352 3053; x_wconf 85' lang='lat' dir='ltr'><strong>moritura,</strong></span> <span class='ocrx_word' id='word_1_456' title='bbox 3383 2988 3521 3044; x_wconf 83' lang='lat' dir='ltr'><strong>sicut</strong></span> <span class='ocrx_word' id='word_1_457' title='bbox 3563 2990 3815 3059; x_wconf 90' lang='lat' dir='ltr'><strong>scriptum</strong></span> 
     </span>
    </p>
   </div>
   <div class='ocr_carea' id='block_1_59' title="bbox 2254 3077 3818 3150">
    <p class='ocr_par' dir='ltr' id='par_1_59' title="bbox 2254 3077 3818 3150">
     <span class='ocr_line' id='line_1_59' title="bbox 2254 3077 3818 3150; baseline -0.003 -12"><span class='ocrx_word' id='word_1_458' title='bbox 2254 3094 2356 3149; x_wconf 88' lang='lat' dir='ltr'><strong>est,</strong></span> <span class='ocrx_word' id='word_1_459' title='bbox 2384 3083 2728 3136; x_wconf 69' lang='lat' dir='ltr'><strong>exterminans</strong></span> <span class='ocrx_word' id='word_1_460' title='bbox 2751 3080 2920 3135; x_wconf 79' lang='lat' dir='ltr'><strong>oleum</strong></span> <span class='ocrx_word' id='word_1_461' title='bbox 2940 3080 3200 3133; x_wconf 71' lang='lat' dir='ltr'><strong>suavitatis</strong></span> <span class='ocrx_word' id='word_1_462' title='bbox 3227 3077 3446 3150; x_wconf 84' lang='lat' dir='ltr'><strong>(Eccles.</strong></span> <span class='ocrx_word' id='word_1_463' title='bbox 3475 3078 3556 3148; x_wconf 72' lang='grc' dir='ltr'><strong>ι),</strong></span> <span class='ocrx_word' id='word_1_464' title='bbox 3584 3079 3818 3135; x_wconf 86' lang='lat' dir='ltr'><strong>lacerare</strong></span> 
     </span>
    </p>
   </div>
   <div class='ocr_carea' id='block_1_60' title="bbox 582 3154 3820 3242">
    <p class='ocr_par' dir='ltr' id='par_1_60' title="bbox 582 3154 3820 3242">
     <span class='ocr_line' id='line_1_60' title="bbox 582 3154 3820 3242; baseline 0 -20"><span class='ocrx_word' id='word_1_465' title='bbox 582 3180 761 3225; x_wconf 90' lang='lat' dir='ltr'><strong>autem</strong></span> <span class='ocrx_word' id='word_1_466' title='bbox 783 3170 975 3225; x_wconf 89' lang='lat' dir='ltr'><strong>audeat</strong></span> <span class='ocrx_word' id='word_1_467' title='bbox 996 3170 1175 3226; x_wconf 90' lang='lat' dir='ltr'><strong>dicere</strong></span> <span class='ocrx_word' id='word_1_468' title='bbox 1200 3172 1560 3234; x_wconf 74' lang='lat' dir='ltr'><strong>Christianus,</strong></span> <span class='ocrx_word' id='word_1_469' title='bbox 1580 3173 1778 3242; x_wconf 88' lang='lat' dir='ltr'><strong>aliquid</strong></span> <span class='ocrx_word' id='word_1_470' title='bbox 1808 3172 2005 3229; x_wconf 89' lang='lat' dir='ltr'><strong>habere</strong></span> <span class='ocrx_word' id='word_1_471' title='bbox 2028 3174 2149 3227; x_wconf 72' lang='lat' dir='ltr'><strong>lio-ti</strong></span> <span class='ocrx_word' id='word_1_472' title='bbox 2254 3174 2625 3228; x_wconf 87' lang='lat' dir='ltr'><strong>contenderet.</strong></span> <span class='ocrx_word' id='word_1_473' title='bbox 2655 3171 2762 3226; x_wconf 89' lang='lat' dir='ltr'><strong>Sed</strong></span> <span class='ocrx_word' id='word_1_474' title='bbox 2792 3170 2918 3239; x_wconf 88' lang='lat' dir='ltr'><strong>quid</strong></span> <span class='ocrx_word' id='word_1_475' title='bbox 2952 3170 3207 3225; x_wconf 87' lang='lat' dir='ltr'><strong>miremur</strong></span> <span class='ocrx_word' id='word_1_476' title='bbox 3236 3169 3585 3225; x_wconf 80' lang='lat' dir='ltr'><strong>Ecclesiarum</strong></span> <span class='ocrx_word' id='word_1_477' title='bbox 3618 3184 3820 3239; x_wconf 66' lang='lat' dir='ltr'><strong>praesu-</strong></span> 
     </span>
    </p>
   </div>
   <div class='ocr_carea' id='block_1_61' title="bbox 580 3263 2147 3335">
    <p class='ocr_par' dir='ltr' id='par_1_61' title="bbox 580 3263 2147 3335">
     <span class='ocr_line' id='line_1_61' title="bbox 580 3263 2147 3335; baseline 0.002 -19"><span class='ocrx_word' id='word_1_478' title='bbox 580 3267 695 3316; x_wconf 85' lang='lat' dir='ltr'><strong>sine</strong></span> <span class='ocrx_word' id='word_1_479' title='bbox 718 3265 907 3332; x_wconf 84' lang='lat' dir='ltr'><strong>gratia,</strong></span> <span class='ocrx_word' id='word_1_480' title='bbox 930 3263 1143 3332; x_wconf 90' lang='lat' dir='ltr'><strong>quando</strong></span> <span class='ocrx_word' id='word_1_481' title='bbox 1166 3264 1420 3333; x_wconf 81' lang='lat' dir='ltr'><strong>magister</strong></span> <span class='ocrx_word' id='word_1_482' title='bbox 1442 3265 1676 3335; x_wconf 84' lang='lat' dir='ltr'><strong>gentium</strong></span> <span class='ocrx_word' id='word_1_483' title='bbox 1709 3264 1926 3329; x_wconf 88' lang='lat' dir='ltr'><strong>clamat,</strong></span> <span class='ocrx_word' id='word_1_484' title='bbox 1956 3276 2147 3319; x_wconf 87' lang='lat' dir='ltr'><strong>cuncta</strong></span> 
     </span>
    </p>
   </div>
   <div class='ocr_carea' id='block_1_62' title="bbox 581 3354 2151 3413">
    <p class='ocr_par' dir='ltr' id='par_1_62' title="bbox 581 3354 2151 3413">
     <span class='ocr_line' id='line_1_62' title="bbox 581 3354 2151 3413; baseline 0.001 -4"><span class='ocrx_word' id='word_1_485' title='bbox 581 3354 817 3409; x_wconf 85' lang='lat' dir='ltr'><strong>breviter</strong></span> <span class='ocrx_word' id='word_1_486' title='bbox 845 3357 895 3409; x_wconf 90' lang='lat' dir='ltr'><strong>in</strong></span> <span class='ocrx_word' id='word_1_487' title='bbox 941 3370 1000 3408; x_wconf 82' lang='lat' dir='ltr'><strong>se</strong></span> <span class='ocrx_word' id='word_1_488' title='bbox 1034 3354 1171 3409; x_wconf 80' lang='lat' dir='ltr'><strong>dona</strong></span> <span class='ocrx_word' id='word_1_489' title='bbox 1211 3358 1538 3412; x_wconf 69' lang='lat' dir='ltr'><strong>concludens</strong></span> <span class='ocrx_word' id='word_1_490' title='bbox 1570 3372 1587 3413; x_wconf 84' lang='lat'><strong>:</strong></span> <span class='ocrx_word' id='word_1_491' title='bbox 1618 3355 1797 3412; x_wconf 81' lang='lat' dir='ltr'><strong>Cra:ia</strong></span> <span class='ocrx_word' id='word_1_492' title='bbox 1834 3357 1926 3411; x_wconf 88' lang='lat' dir='ltr'><strong>Dei</strong></span> <span class='ocrx_word' id='word_1_493' title='bbox 1957 3375 2067 3411; x_wconf 87' lang='lat' dir='ltr'><strong>sum</strong></span> <span class='ocrx_word' id='word_1_494' title='bbox 2096 3359 2151 3411; x_wconf 87' lang='lat' dir='ltr'><strong>id</strong></span> 
     </span>
    </p>
   </div>
   <div class='ocr_carea' id='block_1_63' title="bbox 579 3446 2124 3521">
    <p class='ocr_par' dir='ltr' id='par_1_63' title="bbox 579 3446 2124 3521">
     <span class='ocr_line' id='line_1_63' title="bbox 579 3446 2124 3521; baseline 0.003 -23"><span class='ocrx_word' id='word_1_495' title='bbox 579 3446 714 3515; x_wconf 89' lang='lat' dir='ltr'><strong>quod</strong></span> <span class='ocrx_word' id='word_1_496' title='bbox 739 3461 870 3512; x_wconf 84' lang='lat' dir='ltr'><strong>sum,</strong></span> <span class='ocrx_word' id='word_1_497' title='bbox 896 3456 942 3500; x_wconf 80' lang='lat' dir='ltr'><strong>et</strong></span> <span class='ocrx_word' id='word_1_498' title='bbox 962 3448 1129 3515; x_wconf 87' lang='lat' dir='ltr'><strong>gratia</strong></span> <span class='ocrx_word' id='word_1_499' title='bbox 1152 3449 1265 3517; x_wconf 79' lang='lat' dir='ltr'><strong>ejus</strong></span> <span class='ocrx_word' id='word_1_500' title='bbox 1292 3449 1343 3501; x_wconf 90' lang='lat' dir='ltr'><strong>in</strong></span> <span class='ocrx_word' id='word_1_501' title='bbox 1372 3465 1448 3503; x_wconf 81' lang='lat' dir='ltr'><strong>tne</strong></span> <span class='ocrx_word' id='word_1_502' title='bbox 1476 3466 1635 3503; x_wconf 80' lang='lat' dir='ltr'><strong>vacua</strong></span> <span class='ocrx_word' id='word_1_503' title='bbox 1675 3465 1773 3503; x_wconf 85' lang='lat' dir='ltr'><strong>non</strong></span> <span class='ocrx_word' id='word_1_504' title='bbox 1808 3450 1904 3519; x_wconf 83' lang='lat' dir='ltr'><strong>[uit</strong></span> <span class='ocrx_word' id='word_1_505' title='bbox 1941 3448 2000 3521; x_wconf 92' lang='grc'><strong>(1</strong></span> <span class='ocrx_word' id='word_1_506' title='bbox 2027 3449 2124 3503; x_wconf 74' lang='lat' dir='ltr'><strong>Cor</strong></span> 
     </span>
    </p>
   </div>
   <div class='ocr_carea' id='block_1_64' title="bbox 578 3536 2147 3611">
    <p class='ocr_par' dir='ltr' id='par_1_64' title="bbox 578 3536 2147 3611">
     <span class='ocr_line' id='line_1_64' title="bbox 578 3536 2147 3611; baseline 0.003 -19"><span class='ocrx_word' id='word_1_507' title='bbox 578 3536 712 3605; x_wconf 80' lang='lat' dir='ltr'><strong>xv);</strong></span> <span class='ocrx_word' id='word_1_508' title='bbox 744 3546 799 3592; x_wconf 90' lang='lat' dir='ltr'><strong>ut</strong></span> <span class='ocrx_word' id='word_1_509' title='bbox 823 3538 1127 3594; x_wconf 88' lang='lat' dir='ltr'><strong>ostenderet</strong></span> <span class='ocrx_word' id='word_1_510' title='bbox 1158 3542 1283 3606; x_wconf 76' lang='lat' dir='ltr'><strong>quia</strong></span> <span class='ocrx_word' id='word_1_511' title='bbox 1308 3542 1503 3595; x_wconf 82' lang='lat' dir='ltr'><strong>donum</strong></span> <span class='ocrx_word' id='word_1_512' title='bbox 1533 3544 1717 3611; x_wconf 83' lang='lat' dir='ltr'><strong>gratiae</strong></span> <span class='ocrx_word' id='word_1_513' title='bbox 1743 3559 1845 3596; x_wconf 88' lang='lat' dir='ltr'><strong>ttou</strong></span> <span class='ocrx_word' id='word_1_514' title='bbox 1875 3543 1988 3611; x_wconf 90' lang='lat' dir='ltr'><strong>ipse</strong></span> <span class='ocrx_word' id='word_1_515' title='bbox 2021 3558 2147 3611; x_wconf 66' lang='lat' dir='ltr'><strong>prte-</strong></span> 
     </span>
    </p>
   </div>
   <div class='ocr_carea' id='block_1_65' title="bbox 578 3629 2151 3701">
    <p class='ocr_par' dir='ltr' id='par_1_65' title="bbox 578 3629 2151 3701">
     <span class='ocr_line' id='line_1_65' title="bbox 578 3629 2151 3701; baseline 0.002 -16"><span class='ocrx_word' id='word_1_516' title='bbox 578 3631 818 3698; x_wconf 81' lang='lat' dir='ltr'><strong>eesserit,</strong></span> <span class='ocrx_word' id='word_1_517' title='bbox 867 3630 962 3685; x_wconf 90' lang='lat' dir='ltr'><strong>sed</strong></span> <span class='ocrx_word' id='word_1_518' title='bbox 1005 3629 1167 3685; x_wconf 77' lang='lat' dir='ltr'><strong>fuerit</strong></span> <span class='ocrx_word' id='word_1_519' title='bbox 1219 3634 1570 3697; x_wconf 81' lang='lat' dir='ltr'><strong>subsecutus;</strong></span> <span class='ocrx_word' id='word_1_520' title='bbox 1625 3643 1783 3701; x_wconf 86' lang='lat' dir='ltr'><strong>atque</strong></span> <span class='ocrx_word' id='word_1_521' title='bbox 1825 3644 2151 3687; x_wconf 79' lang='lat' dir='ltr'><strong>mcttstratet</strong></span> 
     </span>
    </p>
   </div>
   <div class='ocr_carea' id='block_1_66' title="bbox 578 3724 2150 3792">
    <p class='ocr_par' dir='ltr' id='par_1_66' title="bbox 578 3724 2150 3792">
     <span class='ocr_line' id='line_1_66' title="bbox 578 3724 2150 3792; baseline 0.003 -19"><span class='ocrx_word' id='word_1_522' title='bbox 578 3729 979 3784; x_wconf 76' lang='lat' dir='ltr'><strong>cooperatoxetn</strong></span> <span class='ocrx_word' id='word_1_523' title='bbox 1010 3735 1071 3776; x_wconf 87' lang='lat' dir='ltr'><strong>se</strong></span> <span class='ocrx_word' id='word_1_524' title='bbox 1096 3736 1219 3777; x_wconf 61' lang='lat' dir='ltr'><strong>esse</strong></span> <span class='ocrx_word' id='word_1_525' title='bbox 1249 3724 1433 3791; x_wconf 78' lang='lat' dir='ltr'><strong>grazia:</strong></span> <span class='ocrx_word' id='word_1_526' title='bbox 1462 3724 1835 3792; x_wconf 78' lang='lat' dir='ltr'><strong>subsequentia</strong></span> <span class='ocrx_word' id='word_1_527' title='bbox 1867 3742 1879 3777; x_wconf 88' lang='lat'>:</span> <span class='ocrx_word' id='word_1_528' title='bbox 1912 3724 2000 3778; x_wconf 85' lang='lat' dir='ltr'><strong>sed</strong></span> <span class='ocrx_word' id='word_1_529' title='bbox 2039 3726 2150 3790; x_wconf 83' lang='lat' dir='ltr'><strong>plus</strong></span> 
     </span>
    </p>
   </div>
   <div class='ocr_carea' id='block_1_67' title="bbox 580 3815 2151 3886">
    <p class='ocr_par' dir='ltr' id='par_1_67' title="bbox 580 3815 2151 3886">
     <span class='ocr_line' id='line_1_67' title="bbox 580 3815 2151 3886; baseline 0.003 -18"><span class='ocrx_word' id='word_1_530' title='bbox 580 3818 830 3881; x_wconf 86' lang='lat' dir='ltr'><strong>omnibus,</strong></span> <span class='ocrx_word' id='word_1_531' title='bbox 879 3818 1079 3886; x_wconf 88' lang='lat' dir='ltr'><strong>inquit,</strong></span> <span class='ocrx_word' id='word_1_532' title='bbox 1124 3817 1229 3869; x_wconf 87' lang='lat' dir='ltr'><strong>illis</strong></span> <span class='ocrx_word' id='word_1_533' title='bbox 1278 3815 1502 3869; x_wconf 83' lang='lat' dir='ltr'><strong>laboravi</strong></span> <span class='ocrx_word' id='word_1_534' title='bbox 1546 3815 1810 3885; x_wconf 74' lang='lat' dir='ltr'><strong>(Ibidem).</strong></span> <span class='ocrx_word' id='word_1_535' title='bbox 1852 3817 1928 3871; x_wconf 79' lang='lat' dir='ltr'><strong>At:</strong></span> <span class='ocrx_word' id='word_1_536' title='bbox 1967 3832 2151 3872; x_wconf 85' lang='lat' dir='ltr'><strong>rursus</strong></span> 
     </span>
    </p>
   </div>
   <div class='ocr_carea' id='block_1_68' title="bbox 582 3905 2145 3976">
    <p class='ocr_par' dir='ltr' id='par_1_68' title="bbox 582 3905 2145 3976">
     <span class='ocr_line' id='line_1_68' title="bbox 582 3905 2145 3976; baseline -0.001 -15"><span class='ocrx_word' id='word_1_537' title='bbox 582 3908 783 3961; x_wconf 84' lang='lat' dir='ltr'><strong>veritus</strong></span> <span class='ocrx_word' id='word_1_538' title='bbox 825 3922 893 3962; x_wconf 92' lang='lat' dir='ltr'><strong>ne</strong></span> <span class='ocrx_word' id='word_1_539' title='bbox 930 3908 997 3962; x_wconf 93' lang='lat' dir='ltr'><strong>de</strong></span> <span class='ocrx_word' id='word_1_540' title='bbox 1040 3922 1099 3962; x_wconf 88' lang='lat' dir='ltr'><strong>se</strong></span> <span class='ocrx_word' id='word_1_541' title='bbox 1147 3922 1471 3976; x_wconf 71' lang='lat' dir='ltr'><strong>pratsumere</strong></span> <span class='ocrx_word' id='word_1_542' title='bbox 1516 3905 1806 3969; x_wconf 81' lang='lat' dir='ltr'><strong>videretur,</strong></span> <span class='ocrx_word' id='word_1_543' title='bbox 1860 3906 2145 3975; x_wconf 74' lang='lat' dir='ltr'><strong>adjunxit:</strong></span> 
     </span>
    </p>
   </div>
   <div class='ocr_carea' id='block_1_69' title="bbox 578 4002 2149 4073">
    <p class='ocr_par' dir='ltr' id='par_1_69' title="bbox 578 4002 2149 4073">
     <span class='ocr_line' id='line_1_69' title="bbox 578 4002 2149 4073; baseline 0.003 -19"><span class='ocrx_word' id='word_1_544' title='bbox 578 4018 676 4054; x_wconf 86' lang='lat' dir='ltr'><strong>non</strong></span> <span class='ocrx_word' id='word_1_545' title='bbox 705 4018 827 4072; x_wconf 83' lang='lat' dir='ltr'><strong>ego,</strong></span> <span class='ocrx_word' id='word_1_546' title='bbox 870 4002 957 4053; x_wconf 84' lang='lat' dir='ltr'><strong>sed</strong></span> <span class='ocrx_word' id='word_1_547' title='bbox 985 4002 1152 4072; x_wconf 80' lang='lat' dir='ltr'><strong>gratia</strong></span> <span class='ocrx_word' id='word_1_548' title='bbox 1187 4002 1277 4055; x_wconf 71' lang='lat' dir='ltr'><strong>Dei</strong></span> <span class='ocrx_word' id='word_1_549' title='bbox 1320 4018 1532 4055; x_wconf 87' lang='lat' dir='ltr'><strong>mecum.</strong></span> <span class='ocrx_word' id='word_1_550' title='bbox 1580 4002 1692 4055; x_wconf 85' lang='lat' dir='ltr'><strong>Non</strong></span> <span class='ocrx_word' id='word_1_551' title='bbox 1740 4003 1870 4056; x_wconf 69' lang='lat' dir='ltr'><strong>divit</strong></span> <span class='ocrx_word' id='word_1_552' title='bbox 1907 4022 1919 4056; x_wconf 90' lang='lat'>:</span> <span class='ocrx_word' id='word_1_553' title='bbox 1961 4018 2062 4073; x_wconf 84' lang='lat' dir='ltr'><strong>ego</strong></span> <span class='ocrx_word' id='word_1_554' title='bbox 2094 4014 2149 4059; x_wconf 90' lang='lat' dir='ltr'><strong>et</strong></span> 
     </span>
    </p>
   </div>
   <div class='ocr_carea' id='block_1_70' title="bbox 575 4091 2143 4163">
    <p class='ocr_par' dir='ltr' id='par_1_70' title="bbox 575 4091 2143 4163">
     <span class='ocr_line' id='line_1_70' title="bbox 575 4091 2143 4163; baseline 0.006 -23"><span class='ocrx_word' id='word_1_555' title='bbox 575 4093 741 4162; x_wconf 66' lang='lat' dir='ltr'><strong>gratia</strong></span> <span class='ocrx_word' id='word_1_556' title='bbox 772 4092 860 4149; x_wconf 85' lang='lat' dir='ltr'><strong>Dei</strong></span> <span class='ocrx_word' id='word_1_557' title='bbox 884 4106 1121 4156; x_wconf 86' lang='lat' dir='ltr'><strong>mecum;</strong></span> <span class='ocrx_word' id='word_1_558' title='bbox 1158 4091 1251 4147; x_wconf 88' lang='lat' dir='ltr'><strong>sed</strong></span> <span class='ocrx_word' id='word_1_559' title='bbox 1281 4094 1809 4163; x_wconf 73' lang='lat' dir='ltr'><strong>ttratposuitgratiattt</strong></span> <span class='ocrx_word' id='word_1_560' title='bbox 1836 4096 2143 4163; x_wconf 67' lang='lat' dir='ltr'><strong>prateedcn-</strong></span> 
     </span>
    </p>
   </div>
   <div class='ocr_carea' id='block_1_71' title="bbox 576 4184 2146 4255">
    <p class='ocr_par' dir='ltr' id='par_1_71' title="bbox 576 4184 2146 4255">
     <span class='ocr_line' id='line_1_71' title="bbox 576 4184 2146 4255; baseline 0.003 -20"><span class='ocrx_word' id='word_1_561' title='bbox 576 4193 681 4236; x_wconf 92' lang='lat' dir='ltr'><strong>tem</strong></span> <span class='ocrx_word' id='word_1_562' title='bbox 708 4198 787 4249; x_wconf 88' lang='lat' dir='ltr'><strong>se,</strong></span> <span class='ocrx_word' id='word_1_563' title='bbox 817 4192 974 4253; x_wconf 89' lang='lat' dir='ltr'><strong>atque</strong></span> <span class='ocrx_word' id='word_1_564' title='bbox 997 4184 1290 4253; x_wconf 75' lang='lat' dir='ltr'><strong>subjunslt.</strong></span> <span class='ocrx_word' id='word_1_565' title='bbox 1338 4184 1470 4251; x_wconf 89' lang='lat' dir='ltr'><strong>Quid</strong></span> <span class='ocrx_word' id='word_1_566' title='bbox 1519 4194 1694 4238; x_wconf 90' lang='lat' dir='ltr'><strong>autem</strong></span> <span class='ocrx_word' id='word_1_567' title='bbox 1750 4184 1931 4239; x_wconf 82' lang='lat' dir='ltr'><strong>haberi</strong></span> <span class='ocrx_word' id='word_1_568' title='bbox 1978 4188 2146 4255; x_wconf 83' lang='lat' dir='ltr'><strong>possit</strong></span> 
     </span>
    </p>
   </div>
   <div class='ocr_carea' id='block_1_72' title="bbox 574 4273 2139 4343">
    <p class='ocr_par' dir='ltr' id='par_1_72' title="bbox 574 4273 2139 4343">
     <span class='ocr_line' id='line_1_72' title="bbox 574 4273 2139 4343; baseline 0.003 -17"><span class='ocrx_word' id='word_1_569' title='bbox 574 4273 689 4326; x_wconf 88' lang='lat' dir='ltr'><strong>sine</strong></span> <span class='ocrx_word' id='word_1_570' title='bbox 712 4274 902 4340; x_wconf 85' lang='lat' dir='ltr'><strong>gratia,</strong></span> <span class='ocrx_word' id='word_1_571' title='bbox 934 4290 1055 4327; x_wconf 92' lang='lat' dir='ltr'><strong>cum</strong></span> <span class='ocrx_word' id='word_1_572' title='bbox 1083 4274 1153 4327; x_wconf 89' lang='lat' dir='ltr'><strong>sit</strong></span> <span class='ocrx_word' id='word_1_573' title='bbox 1193 4273 1323 4327; x_wconf 78' lang='lat' dir='ltr'><strong>ﬁdes</strong></span> <span class='ocrx_word' id='word_1_574' title='bbox 1363 4275 1471 4341; x_wconf 84' lang='lat' dir='ltr'><strong>ipsa</strong></span> <span class='ocrx_word' id='word_1_575' title='bbox 1505 4290 1600 4343; x_wconf 90' lang='lat' dir='ltr'><strong>per</strong></span> <span class='ocrx_word' id='word_1_576' title='bbox 1646 4276 1906 4343; x_wconf 73' lang='lat' dir='ltr'><strong>gratiam;</strong></span> <span class='ocrx_word' id='word_1_577' title='bbox 1952 4278 2139 4330; x_wconf 90' lang='lat' dir='ltr'><strong>eodem</strong></span> 
     </span>
    </p>
   </div>
   <div class='ocr_carea' id='block_1_73' title="bbox 574 4361 2141 4429">
    <p class='ocr_par' dir='ltr' id='par_1_73' title="bbox 574 4361 2141 4429">
     <span class='ocr_line' id='line_1_73' title="bbox 574 4361 2141 4429; baseline 0.003 -17"><span class='ocrx_word' id='word_1_578' title='bbox 574 4362 816 4429; x_wconf 86' lang='lat' dir='ltr'><strong>apostolo</strong></span> <span class='ocrx_word' id='word_1_579' title='bbox 845 4376 941 4413; x_wconf 92' lang='lat' dir='ltr'><strong>nos</strong></span> <span class='ocrx_word' id='word_1_580' title='bbox 967 4361 1193 4414; x_wconf 89' lang='lat' dir='ltr'><strong>docente</strong></span> <span class='ocrx_word' id='word_1_581' title='bbox 1221 4379 1232 4412; x_wconf 90' lang='lat'><strong>:</strong></span> <span class='ocrx_word' id='word_1_582' title='bbox 1266 4362 1667 4414; x_wconf 67' lang='lat' dir='ltr'><strong>Misrricordium</strong></span> <span class='ocrx_word' id='word_1_583' title='bbox 1690 4370 1987 4417; x_wconf 61' lang='lat' dir='ltr'><strong>consecutus</strong></span> <span class='ocrx_word' id='word_1_584' title='bbox 2007 4382 2141 4429; x_wconf 88' lang='lat' dir='ltr'><strong>sum,</strong></span> 
     </span>
    </p>
   </div>
   <div class='ocr_carea' id='block_1_74' title="bbox 576 4450 2137 4520">
    <p class='ocr_par' dir='ltr' id='par_1_74' title="bbox 576 4450 2137 4520">
     <span class='ocr_line' id='line_1_74' title="bbox 576 4450 2137 4520; baseline 0.004 -16"><span class='ocrx_word' id='word_1_585' title='bbox 576 4462 630 4504; x_wconf 91' lang='lat' dir='ltr'><strong>ut</strong></span> <span class='ocrx_word' id='word_1_586' title='bbox 653 4451 818 4518; x_wconf 79' lang='lat' dir='ltr'><strong>ﬁdelis</strong></span> <span class='ocrx_word' id='word_1_587' title='bbox 848 4467 1007 4505; x_wconf 84' lang='lat' dir='ltr'><strong>essem</strong></span> <span class='ocrx_word' id='word_1_588' title='bbox 1035 4450 1086 4517; x_wconf 83' lang='grc' dir='ltr'><strong>(Ι</strong></span> <span class='ocrx_word' id='word_1_589' title='bbox 1115 4451 1245 4506; x_wconf 81' lang='lat' dir='ltr'><strong>Tim.</strong></span> <span class='ocrx_word' id='word_1_590' title='bbox 1271 4452 1331 4520; x_wconf 91' lang='lat' dir='ltr'><strong>t).</strong></span> <span class='ocrx_word' id='word_1_591' title='bbox 1365 4452 1472 4507; x_wconf 68' lang='lat' dir='ltr'><strong>Nec</strong></span> <span class='ocrx_word' id='word_1_592' title='bbox 1500 4454 1640 4507; x_wconf 86' lang='lat' dir='ltr'><strong>aliud</strong></span> <span class='ocrx_word' id='word_1_593' title='bbox 1670 4465 1751 4509; x_wconf 89' lang='lat' dir='ltr'><strong>est</strong></span> <span class='ocrx_word' id='word_1_594' title='bbox 1779 4455 2137 4511; x_wconf 84' lang='lat' dir='ltr'><strong>misericordia</strong></span> 
     </span>
    </p>
   </div>
   <div class='ocr_carea' id='block_1_75' title="bbox 575 4543 2135 4616">
    <p class='ocr_par' dir='ltr' id='par_1_75' title="bbox 575 4543 2135 4616">
     <span class='ocr_line' id='line_1_75' title="bbox 575 4543 2135 4616; baseline 0.004 -21"><span class='ocrx_word' id='word_1_595' title='bbox 575 4545 752 4597; x_wconf 89' lang='lat' dir='ltr'><strong>divina</strong></span> <span class='ocrx_word' id='word_1_596' title='bbox 780 4559 939 4612; x_wconf 88' lang='lat' dir='ltr'><strong>quam</strong></span> <span class='ocrx_word' id='word_1_597' title='bbox 970 4543 1157 4612; x_wconf 80' lang='lat' dir='ltr'><strong>gratia.</strong></span> <span class='ocrx_word' id='word_1_598' title='bbox 1191 4546 1478 4598; x_wconf 83' lang='lat' dir='ltr'><strong>Audiamus</strong></span> <span class='ocrx_word' id='word_1_599' title='bbox 1507 4548 1664 4599; x_wconf 79' lang='lat' dir='ltr'><strong>etiam</strong></span> <span class='ocrx_word' id='word_1_600' title='bbox 1691 4548 2135 4616; x_wconf 87' lang='lat' dir='ltr'><strong>quemadmodum</strong></span> 
     </span>
    </p>
   </div>
   <div class='ocr_carea' id='block_1_76' title="bbox 573 4620 2139 4709">
    <p class='ocr_par' dir='ltr' id='par_1_76' title="bbox 573 4620 2139 4709">
     <span class='ocr_line' id='line_1_76' title="bbox 573 4620 2139 4709; baseline 0.003 -19"><span class='ocrx_word' id='word_1_601' title='bbox 573 4620 823 4690; x_wconf 80' lang='lat' dir='ltr'><strong>informat</strong></span> <span class='ocrx_word' id='word_1_602' title='bbox 854 4636 1142 4691; x_wconf 76' lang='lat' dir='ltr'><strong>Ecclesium</strong></span> <span class='ocrx_word' id='word_1_603' title='bbox 1170 4652 1183 4689; x_wconf 89' lang='lat'>:</span> <span class='ocrx_word' id='word_1_604' title='bbox 1212 4636 1409 4699; x_wconf 70' lang='lat' dir='ltr'><strong>(Irata,</strong></span> <span class='ocrx_word' id='word_1_605' title='bbox 1454 4639 1641 4707; x_wconf 90' lang='lat' dir='ltr'><strong>inquit,</strong></span> <span class='ocrx_word' id='word_1_606' title='bbox 1686 4638 1816 4692; x_wconf 86' lang='lat' dir='ltr'><strong>salvi</strong></span> <span class='ocrx_word' id='word_1_607' title='bbox 1858 4639 1981 4709; x_wconf 74' lang='lat' dir='ltr'><strong>[acti</strong></span> <span class='ocrx_word' id='word_1_608' title='bbox 2023 4644 2139 4696; x_wconf 78' lang='lat' dir='ltr'><strong>estis</strong></span> 
     </span>
    </p>
   </div>
   <div class='ocr_carea' id='block_1_77' title="bbox 572 4727 2139 4798">
    <p class='ocr_par' dir='ltr' id='par_1_77' title="bbox 572 4727 2139 4798">
     <span class='ocr_line' id='line_1_77' title="bbox 572 4727 2139 4798; baseline 0.005 -19"><span class='ocrx_word' id='word_1_609' title='bbox 572 4744 664 4798; x_wconf 81' lang='lat' dir='ltr'><strong>per</strong></span> <span class='ocrx_word' id='word_1_610' title='bbox 691 4728 841 4796; x_wconf 74' lang='lat' dir='ltr'><strong>[idem</strong></span> <span class='ocrx_word' id='word_1_611' title='bbox 872 4727 1087 4796; x_wconf 79' lang='lat' dir='ltr'><strong>(Ep/tes.</strong></span> <span class='ocrx_word' id='word_1_612' title='bbox 1115 4738 1205 4795; x_wconf 84' lang='lat' dir='ltr'><strong>ll);</strong></span> <span class='ocrx_word' id='word_1_613' title='bbox 1232 4742 1287 4783; x_wconf 93' lang='lat' dir='ltr'><strong>ttt</strong></span> <span class='ocrx_word' id='word_1_614' title='bbox 1319 4730 1634 4798; x_wconf 85' lang='lat' dir='ltr'><strong>principium</strong></span> <span class='ocrx_word' id='word_1_615' title='bbox 1658 4731 1845 4785; x_wconf 67' lang='lat' dir='ltr'><strong>salutis</strong></span> <span class='ocrx_word' id='word_1_616' title='bbox 1872 4742 1924 4787; x_wconf 90' lang='lat' dir='ltr'><strong>et</strong></span> <span class='ocrx_word' id='word_1_617' title='bbox 1954 4732 2077 4787; x_wconf 80' lang='lat' dir='ltr'><strong>ﬁdei</strong></span> <span class='ocrx_word' id='word_1_618' title='bbox 2110 4750 2139 4787; x_wconf 90' lang='lat' dir='ltr'><strong>a</strong></span> 
     </span>
    </p>
   </div>
   <div class='ocr_carea' id='block_1_78' title="bbox 572 4822 2137 4891">
    <p class='ocr_par' dir='ltr' id='par_1_78' title="bbox 572 4822 2137 4891">
     <span class='ocr_line' id='line_1_78' title="bbox 572 4822 2137 4891; baseline 0.003 -17"><span class='ocrx_word' id='word_1_619' title='bbox 572 4832 738 4891; x_wconf 70' lang='lat' dir='ltr'><strong>gratia</strong></span> <span class='ocrx_word' id='word_1_620' title='bbox 768 4822 1000 4890; x_wconf 64' lang='lat' dir='ltr'><strong>cmpisse</strong></span> <span class='ocrx_word' id='word_1_621' title='bbox 1027 4822 1335 4888; x_wconf 81' lang='lat' dir='ltr'><strong>dissereret,</strong></span> <span class='ocrx_word' id='word_1_622' title='bbox 1366 4826 1502 4878; x_wconf 89' lang='lat' dir='ltr'><strong>sicut</strong></span> <span class='ocrx_word' id='word_1_623' title='bbox 1523 4833 1734 4879; x_wconf 89' lang='lat' dir='ltr'><strong>secutus</strong></span> <span class='ocrx_word' id='word_1_624' title='bbox 1768 4826 2035 4879; x_wconf 86' lang='lat' dir='ltr'><strong>adnectit:</strong></span> <span class='ocrx_word' id='word_1_625' title='bbox 2074 4825 2137 4880; x_wconf 81' lang='lat' dir='ltr'><strong>Et</strong></span> 
     </span>
    </p>
   </div>
   <div class='ocr_carea' id='block_1_79' title="bbox 574 4913 2136 4984">
    <p class='ocr_par' dir='ltr' id='par_1_79' title="bbox 574 4913 2136 4984">
     <span class='ocr_line' id='line_1_79' title="bbox 574 4913 2136 4984; baseline 0.005 -21"><span class='ocrx_word' id='word_1_626' title='bbox 574 4924 669 4963; x_wconf 78' lang='lat' dir='ltr'><strong>hoc</strong></span> <span class='ocrx_word' id='word_1_627' title='bbox 699 4929 797 4965; x_wconf 86' lang='lat' dir='ltr'><strong>non</strong></span> <span class='ocrx_word' id='word_1_628' title='bbox 823 4929 884 4966; x_wconf 78' lang='lat' dir='ltr'><strong>et:</strong></span> <span class='ocrx_word' id='word_1_629' title='bbox 903 4913 1063 4978; x_wconf 83' lang='lat' dir='ltr'><strong>vobis,</strong></span> <span class='ocrx_word' id='word_1_630' title='bbox 1087 4916 1174 4967; x_wconf 86' lang='lat' dir='ltr'><strong>sed</strong></span> <span class='ocrx_word' id='word_1_631' title='bbox 1195 4914 1287 4967; x_wconf 88' lang='lat' dir='ltr'><strong>Dei</strong></span> <span class='ocrx_word' id='word_1_632' title='bbox 1312 4917 1499 4968; x_wconf 84' lang='lat' dir='ltr'><strong>donum</strong></span> <span class='ocrx_word' id='word_1_633' title='bbox 1525 4923 1595 4969; x_wconf 83' lang='lat' dir='ltr'><strong>est</strong></span> <span class='ocrx_word' id='word_1_634' title='bbox 1620 4930 1638 4980; x_wconf 90' lang='lat'><em>;</em></span> <span class='ocrx_word' id='word_1_635' title='bbox 1669 4932 1769 4969; x_wconf 87' lang='lat' dir='ltr'><strong>non</strong></span> <span class='ocrx_word' id='word_1_636' title='bbox 1796 4933 1858 4969; x_wconf 82' lang='lat' dir='ltr'><strong>ea:</strong></span> <span class='ocrx_word' id='word_1_637' title='bbox 1884 4917 2136 4984; x_wconf 87' lang='lat' dir='ltr'><strong>operibus,</strong></span> 
     </span>
    </p>
   </div>
   <div class='ocr_carea' id='block_1_80' title="bbox 575 5004 2140 5079">
    <p class='ocr_par' dir='ltr' id='par_1_80' title="bbox 575 5004 2140 5079">
     <span class='ocr_line' id='line_1_80' title="bbox 575 5004 2140 5079; baseline 0.005 -24"><span class='ocrx_word' id='word_1_638' title='bbox 575 5019 637 5056; x_wconf 87' lang='lat' dir='ltr'><strong>ne</strong></span> <span class='ocrx_word' id='word_1_639' title='bbox 662 5004 775 5073; x_wconf 89' lang='lat' dir='ltr'><strong>quis</strong></span> <span class='ocrx_word' id='word_1_640' title='bbox 801 5006 1075 5059; x_wconf 76' lang='lat' dir='ltr'><strong>extollatur</strong></span> <span class='ocrx_word' id='word_1_641' title='bbox 1104 5004 1315 5079; x_wconf 61' lang='lat' dir='ltr'><strong>(Ibid).</strong></span> <span class='ocrx_word' id='word_1_642' title='bbox 1352 5007 1492 5060; x_wconf 91' lang='lat' dir='ltr'><strong>ldem</strong></span> <span class='ocrx_word' id='word_1_643' title='bbox 1523 5007 1636 5075; x_wconf 88' lang='lat' dir='ltr'><strong>ipse</strong></span> <span class='ocrx_word' id='word_1_644' title='bbox 1663 5008 1785 5060; x_wconf 89' lang='lat' dir='ltr'><strong>alibi</strong></span> <span class='ocrx_word' id='word_1_645' title='bbox 1816 5009 2140 5077; x_wconf 65' lang='lat' dir='ltr'><strong>generaliter</strong></span> 
     </span>
    </p>
   </div>
   <div class='ocr_carea' id='block_1_81' title="bbox 571 5098 2139 5168">
    <p class='ocr_par' dir='ltr' id='par_1_81' title="bbox 571 5098 2139 5168">
     <span class='ocr_line' id='line_1_81' title="bbox 571 5098 2139 5168; baseline 0.001 -15"><span class='ocrx_word' id='word_1_646' title='bbox 571 5108 628 5153; x_wconf 81' lang='lat' dir='ltr'><strong>et</strong></span> <span class='ocrx_word' id='word_1_647' title='bbox 669 5099 912 5153; x_wconf 85' lang='lat' dir='ltr'><strong>absolute</strong></span> <span class='ocrx_word' id='word_1_648' title='bbox 951 5102 1288 5168; x_wconf 71' lang='lat' dir='ltr'><strong>pronuntiat,</strong></span> <span class='ocrx_word' id='word_1_649' title='bbox 1330 5099 1514 5153; x_wconf 87' lang='lat' dir='ltr'><strong>dicens</strong></span> <span class='ocrx_word' id='word_1_650' title='bbox 1556 5116 1570 5153; x_wconf 91' lang='lat'><strong>:</strong></span> <span class='ocrx_word' id='word_1_651' title='bbox 1622 5098 1758 5165; x_wconf 81' lang='lat' dir='ltr'><strong>Quid</strong></span> <span class='ocrx_word' id='word_1_652' title='bbox 1812 5102 1946 5154; x_wconf 84' lang='lat' dir='ltr'><strong>enim</strong></span> <span class='ocrx_word' id='word_1_653' title='bbox 1987 5102 2139 5155; x_wconf 83' lang='lat' dir='ltr'><strong>habes</strong></span> 
     </span>
    </p>
   </div>
   <div class='ocr_carea' id='block_1_82' title="bbox 571 5192 2137 5264">
    <p class='ocr_par' dir='ltr' id='par_1_82' title="bbox 571 5192 2137 5264">
     <span class='ocr_line' id='line_1_82' title="bbox 571 5192 2137 5264; baseline 0.002 -19"><span class='ocrx_word' id='word_1_654' title='bbox 571 5194 708 5263; x_wconf 85' lang='lat' dir='ltr'><strong>quod</strong></span> <span class='ocrx_word' id='word_1_655' title='bbox 748 5208 848 5245; x_wconf 86' lang='lat' dir='ltr'><strong>non</strong></span> <span class='ocrx_word' id='word_1_656' title='bbox 893 5193 1177 5259; x_wconf 82' lang='lat' dir='ltr'><strong>accepisti?</strong></span> <span class='ocrx_word' id='word_1_657' title='bbox 1219 5192 1320 5244; x_wconf 80' lang='lat' dir='ltr'><strong>Aut</strong></span> <span class='ocrx_word' id='word_1_658' title='bbox 1359 5192 1410 5245; x_wconf 83' lang='lat' dir='ltr'><strong>si</strong></span> <span class='ocrx_word' id='word_1_659' title='bbox 1447 5192 1705 5262; x_wconf 82' lang='lat' dir='ltr'><strong>accepisti,</strong></span> <span class='ocrx_word' id='word_1_660' title='bbox 1740 5194 1862 5262; x_wconf 85' lang='lat' dir='ltr'><strong>quid</strong></span> <span class='ocrx_word' id='word_1_661' title='bbox 1896 5194 2137 5264; x_wconf 85' lang='lat' dir='ltr'><strong>gloriaris</strong></span> 
     </span>
    </p>
   </div>
   <div class='ocr_carea' id='block_1_83' title="bbox 571 5282 2133 5356">
    <p class='ocr_par' dir='ltr' id='par_1_83' title="bbox 571 5282 2133 5356">
     <span class='ocr_line' id='line_1_83' title="bbox 571 5282 2133 5356; baseline 0.003 -20"><span class='ocrx_word' id='word_1_662' title='bbox 571 5286 717 5353; x_wconf 79' lang='lat' dir='ltr'><strong>quasi</strong></span> <span class='ocrx_word' id='word_1_663' title='bbox 746 5301 845 5338; x_wconf 88' lang='lat' dir='ltr'><strong>non</strong></span> <span class='ocrx_word' id='word_1_664' title='bbox 867 5285 1117 5352; x_wconf 84' lang='lat' dir='ltr'><strong>acceperis</strong></span> <span class='ocrx_word' id='word_1_665' title='bbox 1151 5284 1199 5354; x_wconf 92' lang='grc' dir='ltr'><strong>(Ι</strong></span> <span class='ocrx_word' id='word_1_666' title='bbox 1227 5284 1345 5339; x_wconf 82' lang='lat' dir='ltr'><strong>Cor.</strong></span> <span class='ocrx_word' id='word_1_667' title='bbox 1375 5282 1490 5353; x_wconf 78' lang='lat' dir='ltr'><strong>tv)?</strong></span> <span class='ocrx_word' id='word_1_668' title='bbox 1520 5286 1650 5349; x_wconf 84' lang='lat' dir='ltr'><strong>Quis</strong></span> <span class='ocrx_word' id='word_1_669' title='bbox 1678 5286 1904 5340; x_wconf 81' lang='lat' dir='ltr'><strong>sufﬁciet</strong></span> <span class='ocrx_word' id='word_1_670' title='bbox 1928 5288 2133 5356; x_wconf 83' lang='lat' dir='ltr'><strong>singula</strong></span> 
     </span>
    </p>
   </div>
   <div class='ocr_carea' id='block_1_84' title="bbox 574 5376 2136 5447">
    <p class='ocr_par' dir='ltr' id='par_1_84' title="bbox 574 5376 2136 5447">
     <span class='ocr_line' id='line_1_84' title="bbox 574 5376 2136 5447; baseline 0.002 -18"><span class='ocrx_word' id='word_1_671' title='bbox 574 5378 887 5433; x_wconf 74' lang='lat' dir='ltr'><strong>recensere?</strong></span> <span class='ocrx_word' id='word_1_672' title='bbox 915 5376 1105 5445; x_wconf 71' lang='lat' dir='ltr'><strong>quibus</strong></span> <span class='ocrx_word' id='word_1_673' title='bbox 1139 5377 1415 5431; x_wconf 75' lang='lat' dir='ltr'><strong>evidenter</strong></span> <span class='ocrx_word' id='word_1_674' title='bbox 1456 5389 1697 5447; x_wconf 84' lang='lat' dir='ltr'><strong>apparet,</strong></span> <span class='ocrx_word' id='word_1_675' title='bbox 1734 5394 1836 5431; x_wconf 85' lang='lat' dir='ltr'><strong>non</strong></span> <span class='ocrx_word' id='word_1_676' title='bbox 1879 5380 2136 5434; x_wconf 88' lang='lat' dir='ltr'><strong>naturalis</strong></span> 
     </span>
    </p>
   </div>
   <div class='ocr_carea' id='block_1_85' title="bbox 576 5468 2139 5543">
    <p class='ocr_par' dir='ltr' id='par_1_85' title="bbox 576 5468 2139 5543">
     <span class='ocr_line' id='line_1_85' title="bbox 576 5468 2139 5543; baseline 0.004 -22"><span class='ocrx_word' id='word_1_677' title='bbox 576 5468 833 5523; x_wconf 81' lang='lat' dir='ltr'><strong>libertatis</strong></span> <span class='ocrx_word' id='word_1_678' title='bbox 849 5473 1122 5526; x_wconf 87' lang='lat' dir='ltr'><strong>arbitrium</strong></span> <span class='ocrx_word' id='word_1_679' title='bbox 1146 5475 1368 5541; x_wconf 82' lang='lat' dir='ltr'><strong>gratiam</strong></span> <span class='ocrx_word' id='word_1_680' title='bbox 1395 5473 1707 5539; x_wconf 86' lang='lat' dir='ltr'><strong>promereri,</strong></span> <span class='ocrx_word' id='word_1_681' title='bbox 1732 5474 1822 5526; x_wconf 89' lang='lat' dir='ltr'><strong>sed</strong></span> <span class='ocrx_word' id='word_1_682' title='bbox 1847 5475 2020 5543; x_wconf 88' lang='lat' dir='ltr'><strong>potius</strong></span> <span class='ocrx_word' id='word_1_683' title='bbox 2045 5489 2076 5542; x_wconf 93' lang='lat' dir='ltr'><strong>p</strong></span> <span class='ocrx_word' id='word_1_684' title='bbox 2111 5489 2139 5528; x_wconf 63' lang='grc' dir='ltr'><strong>ιι</strong></span> 
     </span>
    </p>
   </div>
   <div class='ocr_carea' id='block_1_86' title="bbox 570 5558 2137 5633">
    <p class='ocr_par' dir='ltr' id='par_1_86' title="bbox 570 5558 2137 5633">
     <span class='ocr_line' id='line_1_86' title="bbox 570 5558 2137 5633; baseline 0.006 -24"><span class='ocrx_word' id='word_1_685' title='bbox 570 5558 793 5627; x_wconf 80' lang='lat' dir='ltr'><strong>gratiam</strong></span> <span class='ocrx_word' id='word_1_686' title='bbox 822 5565 1073 5631; x_wconf 78' lang='lat' dir='ltr'><strong>recipere,</strong></span> <span class='ocrx_word' id='word_1_687' title='bbox 1106 5574 1159 5616; x_wconf 88' lang='grc' dir='ltr'><strong>ιιι</strong></span> <span class='ocrx_word' id='word_1_688' title='bbox 1186 5581 1212 5615; x_wconf 85' lang='lat' dir='ltr'><strong>a</strong></span> <span class='ocrx_word' id='word_1_689' title='bbox 1244 5563 1519 5628; x_wconf 78' lang='lat' dir='ltr'><strong>servitute,</strong></span> <span class='ocrx_word' id='word_1_690' title='bbox 1551 5578 1708 5633; x_wconf 88' lang='lat' dir='ltr'><strong>quam</strong></span> <span class='ocrx_word' id='word_1_691' title='bbox 1735 5563 2000 5631; x_wconf 83' lang='lat' dir='ltr'><strong>peccando</strong></span> <span class='ocrx_word' id='word_1_692' title='bbox 2024 5580 2137 5617; x_wconf 85' lang='lat' dir='ltr'><strong>nte.-</strong></span> 
     </span>
    </p>
   </div>
   <div class='ocr_carea' id='block_1_87' title="bbox 649 5675 1417 5747">
    <p class='ocr_par' dir='ltr' id='par_1_87' title="bbox 649 5675 1417 5747">
     <span class='ocr_line' id='line_1_87' title="bbox 649 5675 1417 5747; baseline 0.003 -16"><span class='ocrx_word' id='word_1_693' title='bbox 649 5680 663 5709; x_wconf 79' lang='grc'>⁸</span> <span class='ocrx_word' id='word_1_694' title='bbox 698 5675 857 5731; x_wconf 74' lang='lat' dir='ltr'><strong>Forte</strong></span> <span class='ocrx_word' id='word_1_695' title='bbox 883 5692 1130 5747; x_wconf 71' lang='lat' dir='ltr'><strong>exceptas.</strong></span> <span class='ocrx_word' id='word_1_696' title='bbox 1164 5683 1417 5738; x_wconf 64' lang='lat' dir='ltr'><strong>limatus.</strong></span> 
     </span>
    </p>
   </div>
   <div class='ocr_carea' id='block_1_88' title="bbox 2170 4501 2221 4560">
    <p class='ocr_par' dir='ltr' id='par_1_88' title="bbox 2170 4501 2221 4560">
     <span class='ocr_line' id='line_1_88' title="bbox 2170 4501 2221 4560; baseline 0 0"><span class='ocrx_word' id='word_1_697' title='bbox 2170 4501 2221 4560; x_wconf 91' lang='lat' dir='ltr'><strong>D</strong></span> 
     </span>
    </p>
   </div>
   <div class='ocr_carea' id='block_1_89' title="bbox 2202 4637 3812 4721">
    <p class='ocr_par' dir='ltr' id='par_1_89' title="bbox 2202 4637 3812 4721">
     <span class='ocr_line' id='line_1_89' title="bbox 2202 4637 3812 4721; baseline -0.009 -18"><span class='ocrx_word' id='word_1_698' title='bbox 2202 4717 2206 4721; x_wconf 9' lang='grc'><strong>1</strong></span> <span class='ocrx_word' id='word_1_699' title='bbox 2251 4647 2497 4703; x_wconf 87' lang='lat' dir='ltr'><strong>humanis</strong></span> <span class='ocrx_word' id='word_1_700' title='bbox 2534 4647 2689 4700; x_wconf 86' lang='lat' dir='ltr'><strong>rebus</strong></span> <span class='ocrx_word' id='word_1_701' title='bbox 2718 4643 2998 4698; x_wconf 85' lang='lat' dir='ltr'><strong>sollicitius</strong></span> <span class='ocrx_word' id='word_1_702' title='bbox 3028 4640 3205 4695; x_wconf 88' lang='lat' dir='ltr'><strong>divina</strong></span> <span class='ocrx_word' id='word_1_703' title='bbox 3232 4648 3506 4693; x_wconf 91' lang='lat' dir='ltr'><strong>curentur.</strong></span> <span class='ocrx_word' id='word_1_704' title='bbox 3544 4637 3812 4706; x_wconf 79' lang='lat' dir='ltr'><strong>Nusquam</strong></span> 
     </span>
    </p>
   </div>
   <div class='ocr_carea' id='block_1_90' title="bbox 2256 3261 3822 3335">
    <p class='ocr_par' dir='ltr' id='par_1_90' title="bbox 2256 3261 3822 3335">
     <span class='ocr_line' id='line_1_90' title="bbox 2256 3261 3822 3335; baseline -0.003 -14"><span class='ocrx_word' id='word_1_705' title='bbox 2256 3267 2333 3323; x_wconf 84' lang='lat' dir='ltr'><strong>les</strong></span> <span class='ocrx_word' id='word_1_706' title='bbox 2377 3266 2475 3321; x_wconf 87' lang='lat' dir='ltr'><strong>ista</strong></span> <span class='ocrx_word' id='word_1_707' title='bbox 2517 3264 2805 3335; x_wconf 75' lang='lat' dir='ltr'><strong>negligere,</strong></span> <span class='ocrx_word' id='word_1_708' title='bbox 2856 3277 2989 3330; x_wconf 87' lang='lat' dir='ltr'><strong>quos</strong></span> <span class='ocrx_word' id='word_1_709' title='bbox 3034 3262 3172 3318; x_wconf 82' lang='lat' dir='ltr'><strong>sicut</strong></span> <span class='ocrx_word' id='word_1_710' title='bbox 3201 3276 3231 3316; x_wconf 93' lang='lat' dir='ltr'><strong>a</strong></span> <span class='ocrx_word' id='word_1_711' title='bbox 3279 3261 3459 3317; x_wconf 88' lang='lat' dir='ltr'><strong>multis</strong></span> <span class='ocrx_word' id='word_1_712' title='bbox 3486 3262 3822 3327; x_wconf 87' lang='lat' dir='ltr'><strong>audivimus,</strong></span> 
     </span>
    </p>
   </div>
   <div class='ocr_carea' id='block_1_91' title="bbox 2251 3352 3820 3424">
    <p class='ocr_par' dir='ltr' id='par_1_91' title="bbox 2251 3352 3820 3424">
     <span class='ocr_line' id='line_1_91' title="bbox 2251 3352 3820 3424; baseline -0.004 -9"><span class='ocrx_word' id='word_1_713' title='bbox 2251 3370 2436 3415; x_wconf 68' lang='lat' dir='ltr'><strong>contra</strong></span> <span class='ocrx_word' id='word_1_714' title='bbox 2468 3374 2701 3414; x_wconf 87' lang='lat' dir='ltr'><strong>canones</strong></span> <span class='ocrx_word' id='word_1_715' title='bbox 2731 3357 2908 3412; x_wconf 90' lang='lat' dir='ltr'><strong>omnia</strong></span> <span class='ocrx_word' id='word_1_716' title='bbox 2939 3369 3146 3424; x_wconf 87' lang='lat' dir='ltr'><strong>gerere,</strong></span> <span class='ocrx_word' id='word_1_717' title='bbox 3171 3363 3225 3409; x_wconf 91' lang='lat' dir='ltr'><strong>et</strong></span> <span class='ocrx_word' id='word_1_718' title='bbox 3252 3363 3436 3413; x_wconf 83' lang='lat' dir='ltr'><strong>contra</strong></span> <span class='ocrx_word' id='word_1_719' title='bbox 3474 3352 3820 3421; x_wconf 86' lang='lat' dir='ltr'><strong>apostolicam</strong></span> 
     </span>
    </p>
   </div>
   <div class='ocr_carea' id='block_1_92' title="bbox 2252 3446 3820 3527">
    <p class='ocr_par' dir='ltr' id='par_1_92' title="bbox 2252 3446 3820 3527">
     <span class='ocr_line' id='line_1_92' title="bbox 2252 3446 3820 3527; baseline -0.007 -18"><span class='ocrx_word' id='word_1_720' title='bbox 2252 3454 2294 3527; x_wconf 90' lang='lat' dir='ltr'><strong>(l</strong></span> <span class='ocrx_word' id='word_1_721' title='bbox 2319 3454 2437 3508; x_wconf 84' lang='lat' dir='ltr'><strong>Cor.</strong></span> <span class='ocrx_word' id='word_1_722' title='bbox 2476 3455 2588 3519; x_wconf 77' lang='lat' dir='ltr'><strong>stv)</strong></span> <span class='ocrx_word' id='word_1_723' title='bbox 2618 3450 2952 3518; x_wconf 89' lang='lat' dir='ltr'><strong>disciplinam</strong></span> <span class='ocrx_word' id='word_1_724' title='bbox 2987 3448 3182 3517; x_wconf 87' lang='lat' dir='ltr'><strong>passim</strong></span> <span class='ocrx_word' id='word_1_725' title='bbox 3209 3456 3397 3501; x_wconf 91' lang='lat' dir='ltr'><strong>cuncta</strong></span> <span class='ocrx_word' id='word_1_726' title='bbox 3428 3446 3670 3509; x_wconf 89' lang='lat' dir='ltr'><strong>miscere,</strong></span> <span class='ocrx_word' id='word_1_727' title='bbox 3705 3462 3820 3499; x_wconf 88' lang='lat' dir='ltr'><strong>tua-</strong></span> 
     </span>
    </p>
   </div>
   <div class='ocr_carea' id='block_1_93' title="bbox 2249 3536 3819 3608">
    <p class='ocr_par' dir='ltr' id='par_1_93' title="bbox 2249 3536 3819 3608">
     <span class='ocr_line' id='line_1_93' title="bbox 2249 3536 3819 3608; baseline -0.005 -9"><span class='ocrx_word' id='word_1_728' title='bbox 2249 3544 2500 3599; x_wconf 87' lang='lat' dir='ltr'><strong>nifestum</strong></span> <span class='ocrx_word' id='word_1_729' title='bbox 2527 3552 2642 3607; x_wconf 85' lang='lat' dir='ltr'><strong>est;</strong></span> <span class='ocrx_word' id='word_1_730' title='bbox 2669 3556 2773 3595; x_wconf 91' lang='lat' dir='ltr'><strong>non</strong></span> <span class='ocrx_word' id='word_1_731' title='bbox 2800 3541 3025 3594; x_wconf 89' lang='lat' dir='ltr'><strong>servatis</strong></span> <span class='ocrx_word' id='word_1_732' title='bbox 3055 3538 3249 3608; x_wconf 84' lang='lat' dir='ltr'><strong>regulis</strong></span> <span class='ocrx_word' id='word_1_733' title='bbox 3271 3538 3535 3600; x_wconf 86' lang='lat' dir='ltr'><strong>ordinare,</strong></span> <span class='ocrx_word' id='word_1_734' title='bbox 3570 3536 3819 3606; x_wconf 83' lang='lat' dir='ltr'><strong>liciteqne</strong></span> 
     </span>
    </p>
   </div>
   <div class='ocr_carea' id='block_1_94' title="bbox 2252 3627 3821 3697">
    <p class='ocr_par' dir='ltr' id='par_1_94' title="bbox 2252 3627 3821 3697">
     <span class='ocr_line' id='line_1_94' title="bbox 2252 3627 3821 3697; baseline -0.003 -10"><span class='ocrx_word' id='word_1_735' title='bbox 2252 3650 2357 3687; x_wconf 79' lang='lat' dir='ltr'><strong>non</strong></span> <span class='ocrx_word' id='word_1_736' title='bbox 2384 3633 2556 3687; x_wconf 91' lang='lat' dir='ltr'><strong>solum</strong></span> <span class='ocrx_word' id='word_1_737' title='bbox 2600 3632 2913 3697; x_wconf 86' lang='lat' dir='ltr'><strong>monachos,</strong></span> <span class='ocrx_word' id='word_1_738' title='bbox 2956 3629 3051 3685; x_wconf 88' lang='lat' dir='ltr'><strong>sed</strong></span> <span class='ocrx_word' id='word_1_739' title='bbox 3089 3630 3248 3684; x_wconf 92' lang='lat' dir='ltr'><strong>etiam</strong></span> <span class='ocrx_word' id='word_1_740' title='bbox 3279 3628 3549 3683; x_wconf 88' lang='lat' dir='ltr'><strong>ministros</strong></span> <span class='ocrx_word' id='word_1_741' title='bbox 3578 3627 3821 3682; x_wconf 73' lang='lat' dir='ltr'><strong>ecclesia:</strong></span> 
     </span>
    </p>
   </div>
   <div class='ocr_carea' id='block_1_95' title="bbox 2252 3722 3816 3793">
    <p class='ocr_par' dir='ltr' id='par_1_95' title="bbox 2252 3722 3816 3793">
     <span class='ocr_line' id='line_1_95' title="bbox 2252 3722 3816 3793; baseline -0.004 -13"><span class='ocrx_word' id='word_1_742' title='bbox 2252 3742 2371 3780; x_wconf 89' lang='lat' dir='ltr'><strong>cum</strong></span> <span class='ocrx_word' id='word_1_743' title='bbox 2404 3725 2615 3779; x_wconf 89' lang='lat' dir='ltr'><strong>feminis</strong></span> <span class='ocrx_word' id='word_1_744' title='bbox 2637 3724 2701 3778; x_wconf 90' lang='lat' dir='ltr'><strong>ad</strong></span> <span class='ocrx_word' id='word_1_745' title='bbox 2732 3724 3009 3793; x_wconf 86' lang='lat' dir='ltr'><strong>peregrina</strong></span> <span class='ocrx_word' id='word_1_746' title='bbox 3033 3722 3319 3792; x_wconf 86' lang='lat' dir='ltr'><strong>migrantes</strong></span> <span class='ocrx_word' id='word_1_747' title='bbox 3340 3736 3581 3775; x_wconf 80' lang='lat' dir='ltr'><strong>remeate</strong></span> <span class='ocrx_word' id='word_1_748' title='bbox 3608 3735 3816 3786; x_wconf 82' lang='lat' dir='ltr'><strong>rursus,</strong></span> 
     </span>
    </p>
   </div>
   <div class='ocr_carea' id='block_1_96' title="bbox 2253 3812 3817 3884">
    <p class='ocr_par' dir='ltr' id='par_1_96' title="bbox 2253 3812 3817 3884">
     <span class='ocr_line' id='line_1_96' title="bbox 2253 3812 3817 3884; baseline -0.004 -13"><span class='ocrx_word' id='word_1_749' title='bbox 2253 3828 2303 3871; x_wconf 90' lang='lat' dir='ltr'><strong>ct</strong></span> <span class='ocrx_word' id='word_1_750' title='bbox 2329 3818 2396 3871; x_wconf 88' lang='lat' dir='ltr'><strong>ab</strong></span> <span class='ocrx_word' id='word_1_751' title='bbox 2418 3817 2538 3870; x_wconf 87' lang='lat' dir='ltr'><strong>aliis</strong></span> <span class='ocrx_word' id='word_1_752' title='bbox 2568 3817 2830 3884; x_wconf 87' lang='lat' dir='ltr'><strong>episcopis</strong></span> <span class='ocrx_word' id='word_1_753' title='bbox 2871 3817 2922 3869; x_wconf 91' lang='lat' dir='ltr'><strong>in</strong></span> <span class='ocrx_word' id='word_1_754' title='bbox 2966 3815 3207 3868; x_wconf 88' lang='lat' dir='ltr'><strong>militiam</strong></span> <span class='ocrx_word' id='word_1_755' title='bbox 3237 3812 3452 3883; x_wconf 83' lang='lat' dir='ltr'><strong>provehi</strong></span> <span class='ocrx_word' id='word_1_756' title='bbox 3483 3813 3817 3867; x_wconf 81' lang='lat' dir='ltr'><strong>clericalent?</strong></span> 
     </span>
    </p>
   </div>
   <div class='ocr_carea' id='block_1_97' title="bbox 2251 3904 3816 3979">
    <p class='ocr_par' dir='ltr' id='par_1_97' title="bbox 2251 3904 3816 3979">
     <span class='ocr_line' id='line_1_97' title="bbox 2251 3904 3816 3979; baseline -0.004 -14"><span class='ocrx_word' id='word_1_757' title='bbox 2251 3911 2380 3977; x_wconf 71' lang='lat' dir='ltr'><strong>Qum</strong></span> <span class='ocrx_word' id='word_1_758' title='bbox 2410 3926 2531 3965; x_wconf 91' lang='lat' dir='ltr'><strong>cum</strong></span> <span class='ocrx_word' id='word_1_759' title='bbox 2559 3910 2763 3979; x_wconf 83' lang='lat' dir='ltr'><strong>singula</strong></span> <span class='ocrx_word' id='word_1_760' title='bbox 2796 3908 3070 3963; x_wconf 88' lang='lat' dir='ltr'><strong>toleranda</strong></span> <span class='ocrx_word' id='word_1_761' title='bbox 3115 3922 3217 3961; x_wconf 91' lang='lat' dir='ltr'><strong>non</strong></span> <span class='ocrx_word' id='word_1_762' title='bbox 3251 3906 3378 3974; x_wconf 85' lang='lat' dir='ltr'><strong>sint,</strong></span> <span class='ocrx_word' id='word_1_763' title='bbox 3408 3906 3527 3975; x_wconf 84' lang='lat' dir='ltr'><strong>quis</strong></span> <span class='ocrx_word' id='word_1_764' title='bbox 3558 3904 3816 3959; x_wconf 84' lang='lat' dir='ltr'><strong>sustineat</strong></span> 
     </span>
    </p>
   </div>
   <div class='ocr_carea' id='block_1_98' title="bbox 2252 3996 3815 4069">
    <p class='ocr_par' dir='ltr' id='par_1_98' title="bbox 2252 3996 3815 4069">
     <span class='ocr_line' id='line_1_98' title="bbox 2252 3996 3815 4069; baseline -0.006 -12"><span class='ocrx_word' id='word_1_765' title='bbox 2252 4011 2330 4057; x_wconf 85' lang='lat' dir='ltr'><strong>tot</strong></span> <span class='ocrx_word' id='word_1_766' title='bbox 2375 4010 2430 4055; x_wconf 91' lang='lat' dir='ltr'><strong>et</strong></span> <span class='ocrx_word' id='word_1_767' title='bbox 2460 4002 2579 4054; x_wconf 87' lang='lat' dir='ltr'><strong>talia</strong></span> <span class='ocrx_word' id='word_1_768' title='bbox 2613 4000 2844 4053; x_wconf 74' lang='lat' dir='ltr'><strong>fatinora</strong></span> <span class='ocrx_word' id='word_1_769' title='bbox 2876 3998 3195 4069; x_wconf 88' lang='lat' dir='ltr'><strong>perpetrari,</strong></span> <span class='ocrx_word' id='word_1_770' title='bbox 3226 3997 3417 4063; x_wconf 84' lang='lat' dir='ltr'><strong>quibus</strong></span> <span class='ocrx_word' id='word_1_771' title='bbox 3456 3996 3815 4063; x_wconf 86' lang='lat' dir='ltr'><strong>spectaculum</strong></span> 
     </span>
    </p>
   </div>
   <div class='ocr_carea' id='block_1_99' title="bbox 2247 4084 3816 4162">
    <p class='ocr_par' dir='ltr' id='par_1_99' title="bbox 2247 4084 3816 4162">
     <span class='ocr_line' id='line_1_99' title="bbox 2247 4084 3816 4162; baseline 0 -22"><span class='ocrx_word' id='word_1_772' title='bbox 2247 4091 2556 4162; x_wconf 56' lang='lat' dir='ltr'><strong>gentilibus,</strong></span> <span class='ocrx_word' id='word_1_773' title='bbox 2584 4090 2803 4153; x_wconf 74' lang='lat' dir='ltr'><strong>Judaeis,</strong></span> <span class='ocrx_word' id='word_1_774' title='bbox 2834 4097 2889 4143; x_wconf 92' lang='lat' dir='ltr'><strong>et</strong></span> <span class='ocrx_word' id='word_1_775' title='bbox 2932 4088 3196 4142; x_wconf 72' lang='lat' dir='ltr'><strong>ltwreticis</strong></span> <span class='ocrx_word' id='word_1_776' title='bbox 3235 4100 3339 4139; x_wconf 88' lang='lat' dir='ltr'><strong>non</strong></span> <span class='ocrx_word' id='word_1_777' title='bbox 3385 4084 3649 4139; x_wconf 80' lang='lat' dir='ltr'><strong>immerito</strong></span> <span class='ocrx_word' id='word_1_778' title='bbox 3676 4100 3816 4155; x_wconf 63' lang='lat' dir='ltr'><strong>pra-</strong></span> 
     </span>
    </p>
   </div>
   <div class='ocr_carea' id='block_1_100' title="bbox 2251 4176 3815 4252">
    <p class='ocr_par' dir='ltr' id='par_1_100' title="bbox 2251 4176 3815 4252">
     <span class='ocr_line' id='line_1_100' title="bbox 2251 4176 3815 4252; baseline -0.006 -14"><span class='ocrx_word' id='word_1_779' title='bbox 2251 4185 2456 4247; x_wconf 84' lang='lat' dir='ltr'><strong>bcntes,</strong></span> <span class='ocrx_word' id='word_1_780' title='bbox 2488 4184 2537 4237; x_wconf 88' lang='lat' dir='ltr'><strong>itt</strong></span> <span class='ocrx_word' id='word_1_781' title='bbox 2570 4183 2740 4252; x_wconf 91' lang='lat' dir='ltr'><strong>ipsum</strong></span> <span class='ocrx_word' id='word_1_782' title='bbox 2770 4179 2935 4251; x_wconf 90' lang='lat' dir='ltr'><strong>(quod</strong></span> <span class='ocrx_word' id='word_1_783' title='bbox 2976 4180 3133 4247; x_wconf 85' lang='lat' dir='ltr'><strong>absit)</strong></span> <span class='ocrx_word' id='word_1_784' title='bbox 3167 4178 3384 4233; x_wconf 89' lang='lat' dir='ltr'><strong>tendere</strong></span> <span class='ocrx_word' id='word_1_785' title='bbox 3413 4176 3653 4231; x_wconf 85' lang='lat' dir='ltr'><strong>videatur</strong></span> <span class='ocrx_word' id='word_1_786' title='bbox 3693 4176 3815 4230; x_wconf 83' lang='lat' dir='ltr'><strong>reli-</strong></span> 
     </span>
    </p>
   </div>
   <div class='ocr_carea' id='block_1_101' title="bbox 2247 4269 3814 4346">
    <p class='ocr_par' dir='ltr' id='par_1_101' title="bbox 2247 4269 3814 4346">
     <span class='ocr_line' id='line_1_101' title="bbox 2247 4269 3814 4346; baseline -0.005 -16"><span class='ocrx_word' id='word_1_787' title='bbox 2247 4278 2417 4346; x_wconf 83' lang='lat' dir='ltr'><strong>gionis</strong></span> <span class='ocrx_word' id='word_1_788' title='bbox 2446 4275 2752 4329; x_wconf 78' lang='lat' dir='ltr'><strong>excidium?</strong></span> <span class='ocrx_word' id='word_1_789' title='bbox 2779 4274 3041 4341; x_wconf 86' lang='lat' dir='ltr'><strong>digneque</strong></span> <span class='ocrx_word' id='word_1_790' title='bbox 3082 4272 3178 4324; x_wconf 91' lang='lat' dir='ltr'><strong>ista</strong></span> <span class='ocrx_word' id='word_1_791' title='bbox 3208 4269 3521 4324; x_wconf 84' lang='lat' dir='ltr'><strong>facientibus</strong></span> <span class='ocrx_word' id='word_1_792' title='bbox 3545 4269 3814 4340; x_wconf 82' lang='lat' dir='ltr'><strong>aptabitnr</strong></span> 
     </span>
    </p>
   </div>
   <div class='ocr_carea' id='block_1_102' title="bbox 2250 4357 3815 4431">
    <p class='ocr_par' dir='ltr' id='par_1_102' title="bbox 2250 4357 3815 4431">
     <span class='ocr_line' id='line_1_102' title="bbox 2250 4357 3815 4431; baseline -0.005 -13"><span class='ocrx_word' id='word_1_793' title='bbox 2250 4368 2334 4419; x_wconf 80' lang='lat' dir='ltr'><strong>illa</strong></span> <span class='ocrx_word' id='word_1_794' title='bbox 2355 4366 2614 4418; x_wconf 73' lang='lat' dir='ltr'><strong>sententia</strong></span> <span class='ocrx_word' id='word_1_795' title='bbox 2647 4363 2875 4417; x_wconf 87' lang='lat' dir='ltr'><strong>dicentis</strong></span> <span class='ocrx_word' id='word_1_796' title='bbox 2902 4361 3137 4431; x_wconf 81' lang='lat' dir='ltr'><strong>Apostoli</strong></span> <span class='ocrx_word' id='word_1_797' title='bbox 3166 4378 3178 4413; x_wconf 88' lang='lat'><strong>:</strong></span> <span class='ocrx_word' id='word_1_798' title='bbox 3215 4360 3413 4413; x_wconf 83' lang='lat' dir='ltr'><strong>Nomen</strong></span> <span class='ocrx_word' id='word_1_799' title='bbox 3443 4360 3579 4415; x_wconf 81' lang='lat' dir='ltr'><strong>enim</strong></span> <span class='ocrx_word' id='word_1_800' title='bbox 3606 4357 3702 4412; x_wconf 92' lang='lat' dir='ltr'><strong>Dei</strong></span> <span class='ocrx_word' id='word_1_801' title='bbox 3727 4375 3815 4427; x_wconf 88' lang='lat' dir='ltr'><strong>per</strong></span> 
     </span>
    </p>
   </div>
   <div class='ocr_carea' id='block_1_103' title="bbox 2248 4451 3814 4525">
    <p class='ocr_par' dir='ltr' id='par_1_103' title="bbox 2248 4451 3814 4525">
     <span class='ocr_line' id='line_1_103' title="bbox 2248 4451 3814 4525; baseline -0.004 -13"><span class='ocrx_word' id='word_1_802' title='bbox 2248 4476 2332 4512; x_wconf 80' lang='lat' dir='ltr'><strong>ros</strong></span> <span class='ocrx_word' id='word_1_803' title='bbox 2355 4456 2735 4525; x_wconf 82' lang='lat' dir='ltr'><strong>blasphematur</strong></span> <span class='ocrx_word' id='word_1_804' title='bbox 2756 4454 2807 4507; x_wconf 88' lang='lat' dir='ltr'><strong>in</strong></span> <span class='ocrx_word' id='word_1_805' title='bbox 2833 4453 3061 4525; x_wconf 82' lang='lat' dir='ltr'><strong>gentibus</strong></span> <span class='ocrx_word' id='word_1_806' title='bbox 3084 4452 3256 4525; x_wconf 82' lang='lat' dir='ltr'><strong>(Rom.</strong></span> <span class='ocrx_word' id='word_1_807' title='bbox 3283 4451 3363 4521; x_wconf 93' lang='lat' dir='ltr'><strong>tt).</strong></span> <span class='ocrx_word' id='word_1_808' title='bbox 3393 4451 3631 4508; x_wconf 86' lang='lat' dir='ltr'><strong>Sufficiat</strong></span> <span class='ocrx_word' id='word_1_809' title='bbox 3658 4451 3814 4520; x_wconf 90' lang='lat' dir='ltr'><strong>igitur</strong></span> 
     </span>
    </p>
   </div>
   <div class='ocr_carea' id='block_1_104' title="bbox 2251 4543 3813 4613">
    <p class='ocr_par' dir='ltr' id='par_1_104' title="bbox 2251 4543 3813 4613">
     <span class='ocr_line' id='line_1_104' title="bbox 2251 4543 3813 4613; baseline -0.006 -8"><span class='ocrx_word' id='word_1_810' title='bbox 2251 4556 2507 4606; x_wconf 85' lang='lat' dir='ltr'><strong>hactenus</strong></span> <span class='ocrx_word' id='word_1_811' title='bbox 2548 4552 2710 4603; x_wconf 86' lang='lat' dir='ltr'><strong>fuisse</strong></span> <span class='ocrx_word' id='word_1_812' title='bbox 2738 4550 2850 4602; x_wconf 76' lang='lat' dir='ltr'><strong>lucc</strong></span> <span class='ocrx_word' id='word_1_813' title='bbox 2892 4546 3200 4610; x_wconf 86' lang='lat' dir='ltr'><strong>commissa,</strong></span> <span class='ocrx_word' id='word_1_814' title='bbox 3226 4554 3278 4599; x_wconf 89' lang='lat' dir='ltr'><strong>et</strong></span> <span class='ocrx_word' id='word_1_815' title='bbox 3306 4554 3364 4598; x_wconf 89' lang='grc' dir='ltr'><strong>ιιι</strong></span> <span class='ocrx_word' id='word_1_816' title='bbox 3402 4544 3640 4613; x_wconf 89' lang='lat' dir='ltr'><strong>placetur</strong></span> <span class='ocrx_word' id='word_1_817' title='bbox 3677 4543 3813 4596; x_wconf 86' lang='lat' dir='ltr'><strong>Deus</strong></span> 
     </span>
    </p>
   </div>
   <div class='ocr_carea' id='block_1_105' title="bbox 2250 4730 3813 4807">
    <p class='ocr_par' dir='ltr' id='par_1_105' title="bbox 2250 4730 3813 4807">
     <span class='ocr_line' id='line_1_105' title="bbox 2250 4730 3813 4807; baseline -0.009 -12"><span class='ocrx_word' id='word_1_818' title='bbox 2250 4742 2350 4795; x_wconf 92' lang='lat' dir='ltr'><strong>loci</strong></span> <span class='ocrx_word' id='word_1_819' title='bbox 2379 4754 2596 4807; x_wconf 89' lang='lat' dir='ltr'><strong>prorsus</strong></span> <span class='ocrx_word' id='word_1_820' title='bbox 2626 4736 2925 4790; x_wconf 81' lang='lat' dir='ltr'><strong>inveniatur</strong></span> <span class='ocrx_word' id='word_1_821' title='bbox 2969 4732 3201 4802; x_wconf 71' lang='lat' dir='ltr'><strong>prmfatat</strong></span> <span class='ocrx_word' id='word_1_822' title='bbox 3232 4730 3395 4800; x_wconf 89' lang='lat' dir='ltr'><strong>pestis</strong></span> <span class='ocrx_word' id='word_1_823' title='bbox 3424 4736 3683 4787; x_wconf 88' lang='lat' dir='ltr'><strong>assertor.</strong></span> <span class='ocrx_word' id='word_1_824' title='bbox 3718 4744 3813 4781; x_wconf 91' lang='lat' dir='ltr'><strong>nec</strong></span> 
     </span>
    </p>
   </div>
   <div class='ocr_carea' id='block_1_106' title="bbox 2250 4819 3813 4897">
    <p class='ocr_par' dir='ltr' id='par_1_106' title="bbox 2250 4819 3813 4897">
     <span class='ocr_line' id='line_1_106' title="bbox 2250 4819 3813 4897; baseline -0.01 -13"><span class='ocrx_word' id='word_1_825' title='bbox 2250 4846 2521 4886; x_wconf 89' lang='lat' dir='ltr'><strong>accessum</strong></span> <span class='ocrx_word' id='word_1_826' title='bbox 2556 4841 2771 4897; x_wconf 89' lang='lat' dir='ltr'><strong>prorsus</strong></span> <span class='ocrx_word' id='word_1_827' title='bbox 2802 4824 3045 4880; x_wconf 74' lang='lat' dir='ltr'><strong>ecclesia:</strong></span> <span class='ocrx_word' id='word_1_828' title='bbox 3084 4824 3166 4876; x_wconf 91' lang='lat' dir='ltr'><strong>vel</strong></span> <span class='ocrx_word' id='word_1_829' title='bbox 3198 4836 3420 4891; x_wconf 88' lang='lat' dir='ltr'><strong>usquam</strong></span> <span class='ocrx_word' id='word_1_830' title='bbox 3449 4819 3813 4889; x_wconf 58' lang='lat' dir='ltr'><strong>participatio.</strong></span> 
     </span>
    </p>
   </div>
   <div class='ocr_carea' id='block_1_107' title="bbox 2247 4910 3813 4981">
    <p class='ocr_par' dir='ltr' id='par_1_107' title="bbox 2247 4910 3813 4981">
     <span class='ocr_line' id='line_1_107' title="bbox 2247 4910 3813 4981; baseline -0.011 -3"><span class='ocrx_word' id='word_1_831' title='bbox 2247 4940 2368 4978; x_wconf 88' lang='lat' dir='ltr'><strong>nem</strong></span> <span class='ocrx_word' id='word_1_832' title='bbox 2399 4922 2672 4975; x_wconf 80' lang='lat' dir='ltr'><strong>cntlto&#39;ic:e</strong></span> <span class='ocrx_word' id='word_1_833' title='bbox 2715 4915 3108 4971; x_wconf 90' lang='lat' dir='ltr'><strong>communionis</strong></span> <span class='ocrx_word' id='word_1_834' title='bbox 3141 4914 3376 4967; x_wconf 90' lang='lat' dir='ltr'><strong>inveniat</strong></span> <span class='ocrx_word' id='word_1_835' title='bbox 3401 4912 3489 4981; x_wconf 77' lang='grc' dir='ltr'>ιιιιί</span> <span class='ocrx_word' id='word_1_836' title='bbox 3539 4910 3813 4963; x_wconf 56' lang='lat' dir='ltr'><strong>Ita-retium</strong></span> 
     </span>
    </p>
   </div>
   <div class='ocr_carea' id='block_1_108' title="bbox 2248 5002 3812 5075">
    <p class='ocr_par' dir='ltr' id='par_1_108' title="bbox 2248 5002 3812 5075">
     <span class='ocr_line' id='line_1_108' title="bbox 2248 5002 3812 5075; baseline -0.012 -6"><span class='ocrx_word' id='word_1_837' title='bbox 2248 5031 2363 5069; x_wconf 93' lang='lat' dir='ltr'><strong>rum</strong></span> <span class='ocrx_word' id='word_1_838' title='bbox 2410 5014 2607 5067; x_wconf 89' lang='lat' dir='ltr'><strong>mavult</strong></span> <span class='ocrx_word' id='word_1_839' title='bbox 2658 5008 2908 5075; x_wconf 90' lang='lat' dir='ltr'><strong>subsequi</strong></span> <span class='ocrx_word' id='word_1_840' title='bbox 2956 5004 3154 5058; x_wconf 84' lang='lat' dir='ltr'><strong>nefaria</strong></span> <span class='ocrx_word' id='word_1_841' title='bbox 3207 5002 3543 5073; x_wconf 85' lang='lat' dir='ltr'><strong>professione</strong></span> <span class='ocrx_word' id='word_1_842' title='bbox 3590 5016 3812 5054; x_wconf 89' lang='lat' dir='ltr'><strong>consor-</strong></span> 
     </span>
    </p>
   </div>
   <div class='ocr_carea' id='block_1_109' title="bbox 2250 5093 3811 5171">
    <p class='ocr_par' dir='ltr' id='par_1_109' title="bbox 2250 5093 3811 5171">
     <span class='ocr_line' id='line_1_109' title="bbox 2250 5093 3811 5171; baseline -0.014 -10"><span class='ocrx_word' id='word_1_843' title='bbox 2250 5108 2429 5171; x_wconf 68' lang='lat' dir='ltr'><strong>tium;</strong></span> <span class='ocrx_word' id='word_1_844' title='bbox 2463 5116 2515 5159; x_wconf 91' lang='lat' dir='ltr'><strong>et</strong></span> <span class='ocrx_word' id='word_1_845' title='bbox 2558 5102 2609 5155; x_wconf 91' lang='lat' dir='ltr'><strong>lti</strong></span> <span class='ocrx_word' id='word_1_846' title='bbox 2656 5116 2776 5153; x_wconf 92' lang='lat' dir='ltr'><strong>cum</strong></span> <span class='ocrx_word' id='word_1_847' title='bbox 2809 5097 3003 5167; x_wconf 91' lang='lat' dir='ltr'><strong>quibus</strong></span> <span class='ocrx_word' id='word_1_848' title='bbox 3036 5105 3187 5149; x_wconf 90' lang='lat' dir='ltr'><strong>antea</strong></span> <span class='ocrx_word' id='word_1_849' title='bbox 3238 5093 3551 5163; x_wconf 88' lang='lat' dir='ltr'><strong>probabitur</strong></span> <span class='ocrx_word' id='word_1_850' title='bbox 3594 5094 3811 5144; x_wconf 80' lang='lat' dir='ltr'><strong>nox&#39;utu</strong></span> 
     </span>
    </p>
   </div>
   <div class='ocr_carea' id='block_1_110' title="bbox 2249 5182 3810 5259">
    <p class='ocr_par' dir='ltr' id='par_1_110' title="bbox 2249 5182 3810 5259">
     <span class='ocr_line' id='line_1_110' title="bbox 2249 5182 3810 5259; baseline -0.012 -7"><span class='ocrx_word' id='word_1_851' title='bbox 2249 5198 2529 5252; x_wconf 54' lang='lat' dir='ltr'><strong>miscuisse</strong></span> <span class='ocrx_word' id='word_1_852' title='bbox 2553 5192 2901 5259; x_wconf 86' lang='lat' dir='ltr'><strong>colloquium,</strong></span> <span class='ocrx_word' id='word_1_853' title='bbox 2930 5189 3028 5243; x_wconf 89' lang='lat' dir='ltr'><strong>nisi</strong></span> <span class='ocrx_word' id='word_1_854' title='bbox 3062 5187 3398 5256; x_wconf 70' lang='lat' dir='ltr'><strong>resipiscunt,</strong></span> <span class='ocrx_word' id='word_1_855' title='bbox 3422 5195 3475 5239; x_wconf 93' lang='lat' dir='ltr'><strong>et</strong></span> <span class='ocrx_word' id='word_1_856' title='bbox 3497 5183 3565 5237; x_wconf 88' lang='lat' dir='ltr'><strong>ab</strong></span> <span class='ocrx_word' id='word_1_857' title='bbox 3587 5182 3705 5251; x_wconf 88' lang='lat' dir='ltr'><strong>ejus</strong></span> <span class='ocrx_word' id='word_1_858' title='bbox 3730 5198 3810 5235; x_wconf 83' lang='lat' dir='ltr'><strong>so-</strong></span> 
     </span>
    </p>
   </div>
   <div class='ocr_carea' id='block_1_111' title="bbox 2246 5273 3813 5346">
    <p class='ocr_par' dir='ltr' id='par_1_111' title="bbox 2246 5273 3813 5346">
     <span class='ocr_line' id='line_1_111' title="bbox 2246 5273 3813 5346; baseline -0.016 -3"><span class='ocrx_word' id='word_1_859' title='bbox 2246 5290 2442 5343; x_wconf 90' lang='lat' dir='ltr'><strong>cietate</strong></span> <span class='ocrx_word' id='word_1_860' title='bbox 2483 5284 2786 5346; x_wconf 88' lang='lat' dir='ltr'><strong>discedunt,</strong></span> <span class='ocrx_word' id='word_1_861' title='bbox 2834 5281 2900 5334; x_wconf 88' lang='lat' dir='ltr'><strong>ab</strong></span> <span class='ocrx_word' id='word_1_862' title='bbox 2932 5278 3293 5333; x_wconf 80' lang='lat' dir='ltr'><strong>ecclesiaStico</strong></span> <span class='ocrx_word' id='word_1_863' title='bbox 3332 5274 3521 5330; x_wconf 91' lang='lat' dir='ltr'><strong>remoti</strong></span> <span class='ocrx_word' id='word_1_864' title='bbox 3569 5273 3813 5343; x_wconf 57' lang='lat' dir='ltr'><strong>servitur,</strong></span> 
     </span>
    </p>
   </div>
   <div class='ocr_carea' id='block_1_112' title="bbox 2246 5360 3811 5440">
    <p class='ocr_par' dir='ltr' id='par_1_112' title="bbox 2246 5360 3811 5440">
     <span class='ocr_line' id='line_1_112' title="bbox 2246 5360 3811 5440; baseline -0.012 -9"><span class='ocrx_word' id='word_1_865' title='bbox 2246 5384 2434 5433; x_wconf 77' lang='lat' dir='ltr'><strong>devota</strong></span> <span class='ocrx_word' id='word_1_866' title='bbox 2467 5375 2668 5428; x_wconf 85' lang='lat' dir='ltr'><strong>ultione</strong></span> <span class='ocrx_word' id='word_1_867' title='bbox 2691 5373 3010 5440; x_wconf 91' lang='lat' dir='ltr'><strong>plectantur,</strong></span> <span class='ocrx_word' id='word_1_868' title='bbox 3033 5384 3138 5438; x_wconf 87' lang='lat' dir='ltr'><strong>quo</strong></span> <span class='ocrx_word' id='word_1_869' title='bbox 3166 5368 3375 5421; x_wconf 68' lang='lat' dir='ltr'><strong>cteteris</strong></span> <span class='ocrx_word' id='word_1_870' title='bbox 3414 5365 3636 5419; x_wconf 77' lang='lat' dir='ltr'><strong>cavendi</strong></span> <span class='ocrx_word' id='word_1_871' title='bbox 3654 5360 3811 5416; x_wconf 76' lang='lat' dir='ltr'><strong>&#39;ntini-</strong></span> 
     </span>
    </p>
   </div>
   <div class='ocr_carea' id='block_1_113' title="bbox 2246 5454 3810 5530">
    <p class='ocr_par' dir='ltr' id='par_1_113' title="bbox 2246 5454 3810 5530">
     <span class='ocr_line' id='line_1_113' title="bbox 2246 5454 3810 5530; baseline -0.011 -6"><span class='ocrx_word' id='word_1_872' title='bbox 2246 5479 2446 5524; x_wconf 84' lang='lat' dir='ltr'><strong>stretur</strong></span> <span class='ocrx_word' id='word_1_873' title='bbox 2475 5464 2799 5530; x_wconf 80' lang='lat' dir='ltr'><strong>exemplum,</strong></span> <span class='ocrx_word' id='word_1_874' title='bbox 2835 5462 3033 5514; x_wconf 88' lang='lat' dir='ltr'><strong>nttllum</strong></span> <span class='ocrx_word' id='word_1_875' title='bbox 3063 5459 3238 5523; x_wconf 90' lang='lat' dir='ltr'><strong>adeat,</strong></span> <span class='ocrx_word' id='word_1_876' title='bbox 3282 5473 3379 5511; x_wconf 91' lang='lat' dir='ltr'><strong>nec</strong></span> <span class='ocrx_word' id='word_1_877' title='bbox 3408 5469 3627 5524; x_wconf 86' lang='lat' dir='ltr'><strong>usquam</strong></span> <span class='ocrx_word' id='word_1_878' title='bbox 3670 5454 3810 5522; x_wconf 85' lang='lat' dir='ltr'><strong>loqui</strong></span> 
     </span>
    </p>
   </div>
   <div class='ocr_carea' id='block_1_114' title="bbox 2246 5549 3813 5621">
    <p class='ocr_par' dir='ltr' id='par_1_114' title="bbox 2246 5549 3813 5621">
     <span class='ocr_line' id='line_1_114' title="bbox 2246 5549 3813 5621; baseline -0.011 -2"><span class='ocrx_word' id='word_1_879' title='bbox 2246 5567 2507 5619; x_wconf 68' lang='lat' dir='ltr'><strong>dantttatztt</strong></span> <span class='ocrx_word' id='word_1_880' title='bbox 2553 5558 2677 5609; x_wconf 87' lang='lat' dir='ltr'><strong>olitn</strong></span> <span class='ocrx_word' id='word_1_881' title='bbox 2728 5554 3071 5621; x_wconf 72' lang='lat' dir='ltr'><strong>ltlaSpItcntite</strong></span> <span class='ocrx_word' id='word_1_882' title='bbox 3106 5552 3215 5619; x_wconf 88' lang='lat' dir='ltr'><strong>jant</strong></span> <span class='ocrx_word' id='word_1_883' title='bbox 3265 5550 3504 5605; x_wconf 87' lang='lat' dir='ltr'><strong>sittantur</strong></span> <span class='ocrx_word' id='word_1_884' title='bbox 3544 5549 3813 5602; x_wconf 70' lang='lat' dir='ltr'><strong>:discretzt</strong></span> 
     </span>
    </p>
   </div>
   <div class='ocr_carea' id='block_1_115' title="bbox 2248 5668 3143 5730">
    <p class='ocr_par' dir='ltr' id='par_1_115' title="bbox 2248 5668 3143 5730">
     <span class='ocr_line' id='line_1_115' title="bbox 2248 5668 3143 5730; baseline -0.02 3"><span class='ocrx_word' id='word_1_885' title='bbox 2248 5708 2255 5709; x_wconf 49' lang='grc' dir='ltr'>ί</span> <span class='ocrx_word' id='word_1_886' title='bbox 2320 5681 2339 5711; x_wconf 86' lang='grc'><em>³</em></span> <span class='ocrx_word' id='word_1_887' title='bbox 2368 5676 2520 5730; x_wconf 83' lang='lat' dir='ltr'><strong>Forte</strong></span> <span class='ocrx_word' id='word_1_888' title='bbox 2548 5674 2638 5725; x_wconf 60' lang='grc' dir='ltr'><strong>εἰεί</strong></span> <span class='ocrx_word' id='word_1_889' title='bbox 2661 5672 2853 5723; x_wconf 78' lang='lat' dir='ltr'><strong>illicile.</strong></span> <span class='ocrx_word' id='word_1_890' title='bbox 2891 5668 3143 5721; x_wconf 70' lang='lat' dir='ltr'><strong>llaRDUtv.</strong></span> 
     </span>
    </p>
   </div>
   <div class='ocr_carea' id='block_1_116' title="bbox 3934 1454 3960 1472">
    <p class='ocr_par' dir='ltr' id='par_1_116' title="bbox 3934 1454 3960 1472">
     <span class='ocr_line' id='line_1_116' title="bbox 3934 1454 3960 1472; baseline 0 0"><span class='ocrx_word' id='word_1_891' title='bbox 3934 1454 3960 1472; x_wconf 51' lang='grc' dir='ltr'><strong>λ</strong></span> 
     </span>
    </p>
   </div>
  </div>
