4104 6356
281 363 344 417 ιι
1489 337 1838 399 ΕΡΙΒΤΟΗΕ
1878 336 1901 395 Ι

2007 334 2327 393 DECRETA
2342 372 2355 387 .

3491 329 3574 395 ιε

242 482 245 485 '
276 473 392 527 suis
421 468 844 526 habitationibus
884 467 1118 522 virorum
1159 469 1319 533 atque
1350 460 1697 525 feminarum,
1729 458 1868 514 sicut
1900 464 1955 520 Α
1980 455 2107 511 ﬁdei
2142 453 2421 510 catholicae
2466 458 2659 512 deesse
2698 465 3036 525 comperero.
3070 464 3170 525 pro
3198 442 3321 511 meo
3350 454 3572 513 modqu

241 574 524 623 'sanctum
568 564 903 634 propositum
948 559 1125 624 decet,
1168 561 1493 612 exerceatur
1534 552 1870 621 circumspe-

278 670 367 716 cta
412 659 647 715 devotio.
675 657 873 712 Contra
903 666 1166 709 canonum
1193 648 1485 705 constituta
1516 646 1695 702 nullus
1718 643 1867 714 (Nic.

248 776 251 779 ·
280 750 470 823 13,10)
500 750 567 805 ad
600 746 1022 804 ecclesiasticum
1052 742 1394 814 permittatur
1429 738 1523 812 [al.
1550 750 1869 807 promovea-

283 841 397 914 tur]
425 843 660 899 ofﬁcium
693 859 706 895 :
732 854 841 895 non
866 836 1191 908 ignoraturis
1214 834 1505 906 provinciae
1530 828 1873 898 uniuscujus-

280 952 389 1007 que
419 936 739 1001 rectoribus,
773 947 873 988 nec
901 932 968 987 de
1007 929 1297 1000 prmteritis
1338 941 1396 981 se
1439 926 1651 981 veniam
1687 938 1877 993 reper-

282 1039 440 1083 turos
471 1025 767 1091 erroribus,
814 1025 860 1080 si
912 1023 1165 1091 deinceps
1205 1018 1665 1075 dissimulaverint
1704 1016 1874 1078 vitare

282 1118 584 1193 patefactos
615 1131 753 1172 :nec
793 1114 1155 1170 excusationis
1197 1112 1266 1167 dc
1297 1120 1496 1165 ctetero
1542 1108 1877 1177 relinquetur

284 1213 525 1278 occasio,
570 1211 615 1266 si
656 1218 778 1280 post
816 1216 1082 1277 praecepta
1126 1205 1436 1276 praesentia,
1469 1218 1588 1274 quae
1630 1216 1723 1271 per
1765 1201 1875 1256 Ro-

287 1306 494 1360 mulum
525 1302 832 1368 diaconum,
863 1299 1014 1370 cujus
1044 1297 1320 1354 solertiam
1350 1311 1449 1366 pro
1478 1293 1581 1350 ﬁde
1612 1291 1875 1348 catholica

290 1406 360 1463 et,
386 1410 484 1466 pro
527 1392 787 1464 religione
834 1391 1162 1462 vigilantiam
1207 1387 1513 1460 gratissime
1561 1384 1881 1454 comproba-

290 1502 437 1555 mus,
470 1486 722 1543 duximus
757 1482 1074 1539 destinanda
1104 1480 1343 1553 quisquis
1386 1492 1549 1549 super
1585 1476 1671 1531 his
1709 1476 1883 1530 omni-

286 1581 391 1637 bus
418 1590 511 1636 aut
541 1587 882 1648 contemptor
906 1585 998 1632 aut
1024 1575 1303 1645 negligens
1324 1571 1758 1643 deprehendetur
1787 1584 1884 1625 an-

278 1666 468 1730 tistes.
503 1674 654 1730 Sicut
683 1673 826 1729 enim
865 1672 931 1727 ad
981 1669 1124 1726 sedis
1162 1668 1475 1739 apostolicae
1513 1665 1883 1721 moderamina

296 1765 559 1836 pertinet,
586 1766 797 1819 cunctis
840 1761 1255 1817 sollicitudinem
1295 1747 1534 1814 debitam
1575 1756 1887 1811 ministrare

1981 545 2413 617 suggestionihus
2466 546 2782 616 Opportunis
2836 546 3086 616 supplere
3126 546 3416 603 contendo.
3453 547 3570 602 Dis-

1981 638 2299 710 pensatione
2338 639 2537 693 etenim
2566 638 2699 693 mihi
2730 638 2895 693 divini
2920 638 3184 695 sermonis
3215 639 3475 708 iniuncta,
3498 655 3574 694 vta

1980 733 2110 787 nti/ti
2130 743 2221 798 est,
2247 735 2291 787 si
2320 750 2422 787 non
2455 733 2863 803 euangelizavero
2895 732 2951 800 (Ι
2981 732 3099 788 Cor.
3126 733 3234 805 Ix)!
3261 734 3413 800 Quod
3450 749 3572 789 cum

1944 822 1947 823 ⁷
1983 841 2076 883 vas
2120 827 2398 883 electionis
2444 826 2632 881 beatus
2672 826 2867 879 Paulus
2914 828 3187 895 apostolus
3229 827 3481 883 formidet
3520 837 3579 883 et

1940 916 1949 999 ς
1983 918 2197 985 clamet,
2235 919 2403 974 multo
2435 918 2603 988 tnagis
2640 917 2769 971 mihi
2800 918 2992 986 exiguo
3017 918 3366 974 metuendum
3399 928 3501 987 est,
3531 920 3577 974 si

1984 1012 2241 1068 divinitus
2270 1014 2288 1044 "
2322 1012 2671 1082 inspiratum,
2718 1019 2775 1066 et
2813 1021 3033 1081 paterna
3074 1010 3365 1069 devotione
3400 1023 3576 1068 trans-

1985 1109 2235 1173 missum,
2267 1108 2589 1163 subtraxero
2626 1105 2981 1160 ministerium
3010 1104 3373 1175 praedicandi.
3397 1107 3576 1161 Pieta-

1988 1208 2095 1255 tem
2129 1209 2271 1255 tuam
2307 1214 2497 1267 precor
2527 1214 2595 1254 ne
2628 1198 2990 1268 arrogantiam
3019 1198 3228 1267 judices
3259 1198 3456 1254 divinae
3491 1215 3578 1255 ra-

1988 1290 2149 1345 tionis
2169 1290 2430 1345 oflieium.
2463 1290 2637 1359 Absit,
2664 1304 2866 1359 quaeso,
2895 1304 2926 1343 a
2954 1288 3199 1345 Romano
3230 1289 3494 1360 principe,
3523 1299 3583 1345 ut

1988 1382 2291 1438 intimatam
2341 1385 2453 1437 suis
2502 1382 2753 1438 sensibus
2781 1382 3065 1438 veritatem
3108 1383 3398 1439 arbitretur
3439 1386 3580 1453 inju-

1988 1476 2144 1529 riam.
2182 1475 2297 1529 Duo
2327 1475 2349 1506 ⁸
2374 1475 2571 1545 quippe
2596 1483 2739 1539 sunt,
2774 1476 3066 1544 imperator
3093 1476 3353 1547 Auguste,
3387 1478 3581 1548 quibus

1990 1567 2363 1637 principaliter
2412 1566 2643 1622 mundus
2696 1563 2795 1623 hic
2824 1566 3029 1639 regitur
3060 1584 3075 1623 :
3101 1568 3391 1625 auctoritas
3428 1584 3583 1627 Sacra

1993 1661 2088 1733 [aL
2120 1657 2354 1732 sacrata]
2387 1660 2721 1729 pontiﬁcum,
2757 1668 2812 1715 et
2839 1659 3039 1730 regalis
3063 1668 3325 1730 potestas.
3371 1662 3426 1716 In
3457 1663 3582 1733 qui-

1994 1748 2095 1804 bus
2140 1760 2287 1805 tanto
2328 1751 2545 1819 gravius
2589 1759 2673 1805 est
2722 1749 2931 1819 pondus
2977 1750 3341 1820 sacerdotum,
3384 1764 3584 1823 quanto

299 1862 668 1924 congruenter
701 1850 995 1916 Ecclesiis;
1025 1851 1098 1905 ita
1125 1863 1349 1906 necesse
1388 1856 1494 1913 est,
1525 1855 1584 1901 ut
1612 1847 1667 1901 in
1697 1857 1890 1902 contu-
1919 1849 1970 1911 B
1996 1846 2156 1900 etiam
2190 1858 2290 1912 pro
2319 1845 2449 1915 ipsis
2478 1844 2692 1915 regibus
2716 1848 2737 1878 ι’
2767 1844 2998 1900 1)οωίηο
3027 1845 3080 1901 in
3112 1846 3296 1902 divino
3327 1847 3585 1905 reddituri

306 1961 492 2003 maces
521 1955 576 2001 et
612 1944 825 2000 desides
863 1932 1114 2000 traditam
1144 1943 1244 1998 sibi
1287 1941 1548 1996 divinitus
1593 1954 1701 1995 non
1732 1939 1892 1994 dissi-

302 2038 477 2095 mulet
504 2045 847 2107 potestatem.
874 2035 1007 2091 Data
1038 2034 1276 2090 calendis
1316 2031 1657 2097 Novembris,
1693 2029 1889 2085 Albino

299 2130 422 2187 viro
447 2129 755 2186 clarissimo
775 2128 996 2184 consule
1022 2128 1187 2199 (anno
1214 2124 1414 2181 Christi
1440 2124 1589 2193 593).

832 2271 859 2299 η
887 2257 1218 2316 EPISTOLA
1261 2256 1393 2313 Vill.

654 2372 723 2412 AD
761 2369 1093 2411 ANASTASIUI
1132 2365 1530 2407 IMPERATORI-II.

300 2446 584 2504 Prtemissa
634 2450 958 2502 excusatione
1004 2461 1094 2498 cur
1126 2443 1195 2497 ad
1223 2443 1586 2513 imperatorem
1625 2458 1728 2496 non
1765 2442 1894 2497 scri-

374 2521 551 2590 pserit,
586 2519 735 2572 illum
762 2521 994 2590 hortatur
1018 2525 1073 2569 ut
1103 2517 1398 2590 apostolica;
1422 2514 1534 2590 sedi
1565 2513 1893 2583 obtemperet,

379 2584 448 2655 et,
475 2584 652 2642 Λέαοῆ
693 2588 896 2645 nomine
937 2584 1204 2653 damnato,
1234 2584 1585 2639 Ecclesiarum
1614 2600 1791 2656 pacem
1815 2600 1895 2639 re-

376 2662 689 2715 stituendam
712 2668 877 2713 curet.

384 2776 401 2806 ¹
430 2774 677 2831 Gelasius
704 2776 987 2845 episcopus
1012 2771 1078 2827 ad
1106 2772 1450 2829 Anastasium
1478 2772 1796 2843 Augustum.

379 2868 587 2923 Fatnuli
616 2877 808 2925 vestrae
836 2866 1072 2937 pietatis,
1103 2866 1201 2921 ﬁlii
1230 2867 1356 2933 mei,
1384 2865 1614 2922 Faustus
1648 2866 1901 2937 magister

307 2970 367 3017 et
394 2939 627 3017 liena-us
671 2962 773 3017 viri
814 2961 1076 3028 illustres,
1107 2971 1268 3031 atque
1307 2974 1495 3016 eorum
1533 2960 1761 3015 comites
1804 2974 1901 3028 pu-

309 3036 449 3107 blica
494 3056 763 3124 legatione
808 3057 1110 3125 fungentes,
1161 3055 1227 3109 ad
1276 3054 1472 3111 Urbem
1521 3056 1747 3124 reversi,
1795 3056 1903 3111 cle-

312 3145 573 3198 mentiam
604 3153 838 3199 vestram
881 3146 1143 3215 quaasisse
1189 3146 1436 3202 dixerunt
1474 3145 1570 3219 [αι.
1600 3146 1900 3219 dicuntur].

1960 2006 1963 2009 ν
1998 1946 2121 1991 sunt
2156 1937 2404 1992 examine
2430 1941 2715 1992 rationem.
2749 1936 2900 1992 Nosti
2925 1938 3145 2004 etenim,
3176 1940 3253 1995 ﬁli
3280 1941 3587 1998 clementis-

1996 2030 2154 2096 sime,
2184 2030 2325 2100 quod
2357 2031 2481 2085 licet
2511 2031 2802 2098 prmsideas
2834 2031 3070 2087 humano
3096 2035 3278 2103 generi
3305 2035 3586 2105 dignitate,

1995 2135 2178 2175 retum
2206 2130 2382 2175 tamen
2405 2120 2724 2191 praesulibus
2746 2122 3045 2177 divinarum
3070 2125 3293 2179 devotbs
3309 2126 3446 2181 colla
3462 2128 3589 2183 sub-

1998 2213 2186 2278 mittis,
2219 2222 2381 2283 atque
2417 2213 2485 2269 ab
2533 2214 2613 2269 eis
2655 2229 2844 2271 causas
2881 2224 2985 2271 tua:
3029 2217 3219 2274 salutis
3262 2220 3470 2291 expetis
3494 2221 3587 2293 [αι.

1997 2308 2328 2381 exspectas],
2357 2310 2519 2380 inque
2548 2312 2827 2366 sumendis
2856 2314 3169 2370 caelestibus
3209 2319 3590 2386 sacramentis,

1999 2400 2187 2470 eisque
2229 2404 2309 2472 (ut
2356 2404 2634 2472 competit)
2675 2404 3055 2473 disponendis,
3100 2406 3257 2462 subdi
3302 2416 3355 2464 te
3394 2410 3593 2467 debere

1999 2494 2281 2563 cognoscis
2333 2494 2611 2564 religionis
2659 2495 2850 2552 ordine
2900 2498 3076 2566 potius
3120 2513 3280 2568 quam
3336 2515 3593 2571 prmesse.

2002 2584 2150 2640 No-ti
2180 2586 2358 2657 itaque
2398 2587 2539 2642 inter
2562 2587 2697 2655 haec,
2745 2603 2809 2643 ex
2856 2589 3072 2646 illorum
3113 2599 3166 2646 te
3196 2594 3431 2662 pendere
3454 2595 3595 2665 judi-

1962 2742 1967 2745 _
2003 2677 2108 2745 cio,
2154 2692 2258 2733 nou
2295 2679 2416 2742 illos
2457 2678 2522 2733 ad
2560 2690 2705 2733 tuam
2747 2680 2886 2737 velle
2939 2681 3109 2753 redigi
3136 2682 3486 2749 voluntatem.
3538 2686 3597 2742 Si

2006 2770 2174 2838 enim,
2213 2780 2472 2841 quantum
2516 2771 2581 2826 ad
2632 2772 2877 2861 ordinem
2920 2776 3153 2843 pertinet
3181 2776 3411 2845 publica:
3440 2777 3599 2837 disci-

1968 2936 1971 2939 Δ
2006 2864 2187 2932 plinas,
2218 2874 2611 2933 cttgnoscentes
2640 2865 2924 2935 imperium
2959 2867 3053 2922 tibi
3100 2882 3335 2937 superna
3366 2870 3597 2941 disposi-

2007 2957 2154 3012 tione
2182 2956 2462 3021 collatum,
2497 2956 2702 3026 legibus
2742 2958 2844 3013 tuis
2884 2958 2984 3028 ipsi
3012 2973 3226 3029 quoque
3256 2970 3447 3030 parent
3474 2964 3601 3019 reli-

2006 3050 2181 3120 gionis
2220 3052 2509 3115 antistites,
2544 3066 2611 3105 nc
2641 3050 2724 3104 vel
2757 3052 2808 3105 in
2852 3051 3013 3106 rebus
3039 3054 3325 3107 tnundanis
3366 3055 3601 3111 exclusa:

2010 3143 2296 3198 videantur
2322 3143 2541 3199 obviare
2571 3143 2890 3208 sententias;
2921 3159 3028 3213 quo
3052 3144 3231 3215 (rogo)
3258 3152 3309 3201 te
3338 3146 3490 3204 decet
3518 3148 3603 3203 af-

315 3231 418 3290 c'ur
448 3237 514 3291 ad
554 3252 648 3292 vos
690 3251 826 3292 meae
863 3237 1198 3293 salutationis
1238 3238 1440 3307 scripta
1489 3255 1595 3293 non
1636 3239 1895 3294 miserim.
1928 3235 1975 3299 C
2008 3237 2148 3292 iectu
2180 3237 2258 3292 cis
2306 3237 2549 3302 obedire,
2600 3239 2688 3307 qui
2733 3252 2831 3308 pro
2878 3238 3168 3310 erogandis
3206 3241 3604 3298 venerabilibus

312 3328 436 3385 Non
478 3344 623 3396 meo,
654 3328 849 3394 fateor,
884 3328 1161 3394 instituto;
1193 3329 1288 3384 sed
1317 3344 1436 3383 cum
1480 3329 1671 3385 directi
1698 3330 1902 3385 dudum

313 3422 390 3476 de
420 3421 661 3491 partibus
688 3420 925 3474 Orientis
962 3420 1048 3475 vel
1085 3419 1298 3475 videndi
1343 3435 1429 3477 me
1465 3421 1757 3489 licentiam,
1810 3422 1912 3477 sibi

313 3514 511 3571 vestris
536 3512 985 3584 praeceptionibus
1014 3512 1355 3583 abnegatam,
1386 3522 1496 3569 tota
1531 3512 1678 3571 Urbe
1705 3515 1914 3585 disper-

316 3606 512 3674 serint,
544 3622 572 3660 a
615 3606 813 3662 litteris
842 3605 1048 3661 credidi
1087 3604 1521 3675 temperandum,
1554 3621 1622 3662 ne
1649 3621 1913 3662 onerosus

317 3700 498 3770 potius
520 3712 680 3767 quam
713 3697 990 3753 ofﬁciosus
1024 3696 1335 3753 existerem.
1369 3697 1576 3753 Videtis
1614 3698 1776 3769 igitur
1803 3712 1909 3754 non

319 3806 443 3849 mea
499 3791 932 3847 dissimulatione
991 3792 1349 3861 provenisse,
1403 3792 1499 3847 sed
1551 3792 1911 3863 competentia

321 3883 493 3940 fuisse
517 3885 763 3952 cautelae,
804 3897 873 3938 ne
896 3883 1274 3953 respuentibus
1310 3884 1504 3939 animis
1534 3885 1809 3940 molestias
1840 3884 1913 3939 ir-

323 3984 594 4045 rogarem.
648 3975 756 4031 Sed
816 3976 907 4031 ubi
960 3978 1265 4033 serenitatis
1325 3984 1430 4031 tua:
1482 3976 1911 4031 benevolentiam

323 4064 585 4136 comperi,
618 4066 851 4135 praefatis
876 4067 1260 4134 indicantibus,
1290 4065 1609 4120 humilitatis
1639 4081 1773 4120 meae
1801 4065 1913 4120 cle-

326 4167 538 4213 menter
568 4158 835 4228 expetisse
886 4172 1218 4224 sermonem,
1261 4157 1373 4227 jam
1401 4171 1588 4211 revera
1632 4155 1911 4225 perpendi,

236 4290 260 4306 ς
292 4266 295 4269 '
338 4250 358 4280 ³
387 4248 758 4319 imputandum
788 4262 892 4303 non
922 4249 1190 4303 immerito
1213 4248 1368 4311 mihi,
1400 4246 1445 4301 si
1473 4256 1738 4312 tacerem;
1769 4245 1914 4316 quia,

329 4340 564 4411 gloriose
608 4340 705 4405 ﬁli,
736 4340 757 4371 ³
782 4350 834 4395 te
864 4342 1005 4396 sicut
1051 4340 1326 4395 Romanus
1358 4337 1453 4413 [αι.
1494 4332 1699 4410 Romae]
1729 4348 1912 4405 natus,

333 4433 635 4489 Romanum
666 4432 960 4503 principem
990 4447 1133 4500 amo,
1165 4434 1306 4500 colo,
1340 4431 1362 4463 ⁸
1384 4432 1649 4502 suscipio;
1679 4441 1734 4487 et
1777 4433 1917 4487 sicut

331 4524 692 4593 Christianus,
725 4538 844 4578 cum
876 4538 942 4579 eo
968 4527 1057 4595 qui
1080 4525 1252 4580 zelum
1282 4524 1377 4580 Dei
1408 4524 1589 4589 habet,
1621 4526 1914 4581 secundum

1974 3390 1979 3391 ί
2014 3339 2139 3385 sunt
2164 3329 2406 3383 attributi
2450 3330 2763 3401 mysteriis?
2795 3331 3025 3386 Proinde
3060 3334 3200 3387 sicut
3239 3349 3345 3388 non
3378 3334 3497 3391 leve
3517 3334 3603 3392 di-

2016 3421 2249 3476 scrimen
2282 3421 2542 3475 incumbit
2573 3422 2911 3490 pontiﬁcibus
2932 3464 2947 3488 ,
2979 3424 3194 3481 siluisse
3220 3428 3606 3496 proDivinita-

2016 3513 2085 3566 tis
2113 3511 2284 3577 cultu,
2306 3511 2448 3581 quod
2476 3512 2749 3581 congruit;
2781 3513 2851 3567 ita
2880 3512 3147 3583 his(quod
3170 3516 3333 3588 absit)
3365 3532 3470 3574 non
3491 3535 3607 3577 me-

1980 3676 1983 3679 ,
2014 3602 2200 3658 diocre
2226 3603 2524 3672 periculum
2567 3612 2671 3671 est,
2700 3603 2813 3674 qui,
2839 3617 2961 3659 cum
2996 3619 3187 3673 parere
3218 3607 3471 3679 debeant,
3509 3612 3608 3669 de-

2015 3690 2267 3763 spiciunt.
2302 3694 2368 3749 Et
2392 3694 2437 3749 si
2467 3694 2677 3749 cunctis
2700 3696 3026 3765 generaliter
3053 3698 3431 3758 sacerdotibus
3457 3711 3606 3761 recte

2015 3788 2195 3843 divina
2244 3788 2621 3853 tractantibus,
2677 3789 2914 3844 ﬁdelium
2966 3792 3219 3847 convenit
3265 3793 3426 3849 corda
3479 3795 3611 3851 sub-

2014 3882 2177 3947 mitti,
2202 3893 2402 3952 quanto
2428 3884 2607 3951 potius
2635 3880 2780 3937 sedis
2800 3881 2941 3936 illius
2965 3883 3184 3951 praesuli
3207 3898 3504 3942 consensus
3525 3893 3643 3943 cst‘

2016 3973 2376 4042 adhibendus,
2408 3987 2567 4045 quem
2596 3971 2806 4029 cunctis
2850 3974 3224 4031 sacerdotibus
3262 3984 3320 4032 et
3348 3977 3611 4034 Divinitas

2018 4081 2224 4121 summa
2266 4068 2431 4121 voluit
2468 4069 2844 4135 praeeminere,
2884 4076 2941 4121 et
2982 4069 3316 4139 subsequens
3354 4072 3613 4131 Ecclesia:

2018 4160 2288 4229 generalis
2321 4159 2522 4228 jugiter
2550 4160 2722 4227 pietas
2774 4158 3111 4212 celebravit?
3160 4159 3261 4215 Ubi
3302 4161 3476 4230 pietas
3522 4173 3614 4222 tua

1986 4251 2301 4313 evidenter
2346 4250 2595 4315 advertit,
2650 4262 2923 4318 nunquam
2968 4249 3213 4319 quolibet
3254 4251 3467 4320 penitus
3513 4254 3615 4312 hu-

2023 4360 2185 4402 mano
2214 4343 2441 4400 consilio
2469 4342 2684 4399 elevare
2712 4357 2773 4398 se
2801 4356 3121 4413 quemquam
3154 4358 3316 4415 posse
3340 4346 3484 4404 illius
3505 4351 3617 4420 pri-

2024 4438 2220 4508 vilegio
2249 4436 2335 4492 vel
2376 4435 2742 4502 confessioni,
2780 4451 2940 4506 quem
2990 4436 3190 4493 Christi
3230 4453 3330 4493 vox
3381 4442 3618 4509 praetulit

2024 4531 2310 4598 universis,
2333 4544 2491 4601 quem
2518 4530 2755 4586 Ecclesia
2788 4530 3092 4586 veneranda
3123 4532 3368 4589 confessa
3399 4548 3615 4609 semper

332 4617 614 4672 scientiam
658 4615 898 4671 veritatis
928 4616 950 4647 ⁸
973 4616 1172 4672 habere
1201 4616 1452 4672 desidero
1486 4634 1497 4668 :
1528 4627 1583 4671 et
1610 4618 1919 4687 qualiscun-
2028 4635 2131 4691 est,
2176 4632 2232 4680 et
2273 4622 2433 4680 habet
2480 4621 2670 4678 devota
2702 4622 3009 4691 primatem.
3039 4622 3226 4692 Impeti
3267 4636 3493 4694 possunt,
3521 4606 3619 4687 im-

334 4724 436 4779 que
464 4707 776 4780 apostolica:
823 4706 969 4764 sedis
1008 4708 1264 4774 vicarius,
1303 4709 1322 4739 ⁸
1357 4708 1714 4780 quodcunque
1744 4712 1921 4783 plenm

406 4886 429 4912 τι
460 4874 597 4931 Cum
622 4874 763 4929 circa
792 4872 952 4929 ﬁnem
976 4872 1100 4945 anni
1123 4872 1228 4928 495
1244 4871 1565 4928 Theodorici
1596 4874 1735 4943 regis
1764 4874 1921 4945 legati

336 4945 798 5014 Constantinopoli
839 4944 1210 5008 revertissent,
1262 4954 1423 5014 atque
1466 4958 1527 4997 ca
1564 4960 1684 5014 qua:
1729 4947 1796 4999 ab
1826 4944 1927 5001 im-

339 5029 586 5087 peratore
616 5012 902 5087 Anastasio
932 5026 1247 5087 acceperant
1278 5012 1491 5069 Gelasio
1521 5012 1670 5083 papae
1696 5018 1930 5071 nuntias-

339 5085 479 5151 Sent,
513 5088 627 5157 ipse
664 5086 906 5157 Gelasitts
950 5085 1331 5154 apologeticam
1364 5087 1648 5157 epistolam
1694 5088 1829 5141 hanc
1862 5090 1926 5142 ad

336 5155 587 5213 eumdem
619 5156 957 5211 Anastasium
999 5158 1335 5223 conscripsit,
1364 5170 1483 5225 quae
1527 5155 1577 5209 in
1619 5159 1930 5223 capitulari-

343 5229 443 5283 bus
460 5228 615 5298 regni
646 5226 970 5298 Francorum
998 5225 1192 5298 citatur
1218 5227 1308 5280 lib.
1335 5242 1389 5293 v,
1416 5242 1535 5296 cap.
1570 5225 1692 5298 l67.
1722 5228 1813 5281 His
1842 5230 1929 5284 lit-

344 5299 471 5354 teris
504 5295 815 5367 persuaderi
847 5311 953 5351 non
981 5295 1173 5367 potuit,
1206 5304 1265 5349 ut
1300 5295 1507 5367 remoto
1536 5296 1713 5361 obice,
1744 5299 1929 5354 Eccle-

344 5370 438 5425 siis
466 5365 713 5425 unionem
744 5365 1007 5438 etpacetn
1037 5366 1307 5441 redderet.
1329 5365 1544 5421 Obstitit
1574 5367 1927 5437 Euphemius,

416 5480 433 5561 ξ
468 5478 576 5543 ΑΙ.,
618 5475 1000 5532 Gloriosissimo
1039 5476 1338 5550 imperatori
1384 5477 1654 5532 Anastasio
1694 5477 1927 5534 Gelasius

349 5565 643 5674 mimi;
671 5617 904 5691 Capituli,
925 5618 1253 5691 Veronensis
1277 5626 1639 5691 pervetustus,
1671 5637 1791 5677 ctnn
1817 5638 1923 5691 quo

352 5690 541 5745 collata
571 5697 655 5744 est
673 5691 798 5760 hare
824 5690 1070 5757 epistola,
1098 5690 1223 5759 legit
1248 5689 1611 5760 reputantium.

425 5762 445 5792 ³
473 5761 549 5816 Id.
584 5759 728 5824 Cod.,
756 5768 800 5812 et
822 5760 971 5813 sicut.

427 5832 444 5859 ‘
475 5831 550 5885 Id.
583 5830 703 5884 cod.
734 5831 972 5897 suspicio.

636 5925 907 5986 ΡΑτιιοι..
952 5925 1114 5986 LIX.
1138 5945 1146 5957 '

2030 4716 2204 4775 manis
2235 4714 2737 4786 praesumptionibus
2759 4728 2878 4784 quae
2898 4713 3080 4769 divino
3100 4722 3226 4770 sunt
3251 4714 3456 4786 judicio
3487 4734 3619 4777 catt-

2034 4890 2284 4933 asserens
2305 4875 2374 4930 ab
2397 4875 2687 4944 apostolica
2714 4871 2841 4928 sedc
2864 4871 3031 4942 magis
3054 4872 3294 4944 exerceri
3329 4872 3620 4930 vindictam

2035 4950 2176 5016 quod
2208 4948 2275 5000 ab
2302 4943 2498 5001 Acacio
2528 4955 2705 5014 spreta
2735 4952 2899 5011 esset,
2924 4957 3082 5016 quam
3097 4943 3358 5016 justitiam
3382 4945 3621 5016 defcnda.

2038 5012 2333 5085 Epistolam
2363 5012 2615 5085 scriptam
2637 5030 2757 5070 esse
2772 5029 2913 5068 anno
2938 5014 3278 5085 pontiﬁcatus
3297 5012 3491 5069 Cclasii
3520 5028 3625 5069 ter-

2039 5084 2132 5155 tio,
2158 5089 2248 5157 qui
2276 5096 2358 5144 est
2380 5084 2578 5142 Chrisd
2607 5085 2735 5149 494,
2761 5102 2835 5157 ως
2856 5099 2920 5157 eo
2940 5084 3367 5157 colligiturquod
3393 5090 3623 5139 Anas-a-

2035 5161 2147 5214 sius
2178 5155 2280 5213 hec
2303 5169 2543 5225 tempore
2570 5172 2627 5211 se
2654 5156 3040 5227 Eutychianum
3064 5170 3183 5227 esse
3216 5155 3550 5227 hzcrcticum,
3574 5166 3627 5209 ct

2038 5230 2431 5298 Acephalorum
2472 5238 2633 5283 secta:
2674 5226 2984 5297 signiferum
3024 5226 3251 5280 necdum
3293 5226 3619 5298 declararit:

2037 5297 2195 5371 quem
2227 5307 2439 5355 constat
2478 5313 2619 5371 anno
2643 5306 2904 5371 sequente
2926 5298 3080 5371 virus
3109 5298 3162 5350 in
3189 5303 3404 5365 pectore
3442 5297 3625 5352 occul-

2035 5367 2202 5427 tatum
2229 5371 2384 5441 plane
2414 5370 2733 5425 evomuisse.
2763 5368 2890 5424 Ssv.
2924 5367 3125 5421 Bittius.

2107 5484 2127 5513 ⁸
2162 5482 2343 5546 Forte,
2376 5497 2551 5552 pacem
2591 5479 2791 5536 habere.
2824 5480 3084 5535 "meum.

2107 5554 2127 5584 ⁸
2159 5555 2268 5617 ΑΙ..
2296 5552 2434 5621 quod
2458 5554 2743 5621 ubicunque
2770 5552 2938 5618 plene.

2111 5626 2129 5656 ⁷
2163 5624 2235 5678 ld.
2266 5618 2411 5684 cud.,
2441 5618 2808 5689 inspirata”...
2839 5618 3159 5674 transmisso.

2107 5696 2127 5725 "
2154 5696 2278 5749 llaec
2323 5694 2587 5749 sententia
2619 5691 2931 5761 citaturOlib.
2967 5706 3005 5761 vi
3028 5690 3293 5757 Capilul.,
3323 5706 3373 5748 c.
3416 5691 3535 5758 167,
3570 5697 3627 5746 et

2035 5766 2102 5819 ab
2136 5765 2424 5819 llincmaro
2451 5779 2636 5830 opusc.
2669 5764 2721 5823 9,
2762 5760 2933 5817 ".59.
2970 5760 3229 5815 Humum.

2105 5838 2124 5867 ⁹
2160 5834 2233 5888 Id.
2265 5836 2417 5903 cod.)
2457 5836 2735 5885 hominum.

3272 5922 3317 5986 ι
