4104 6356
565 313 639 374 ts
986 321 991 327 ·
1933 310 2201 376 causa
2241 313 2441 372 par/rs
2480 319 2498 373 ι
3778 335 3851 401 μ

569 430 774 498 stituta,
803 428 944 484 vinci
973 434 1150 483 autem
1182 424 1540 497 quorumlibet
1570 434 1836 497 potestate
1877 442 1980 482 non
2022 443 2148 498 pos-
2177 435 2230 494 Α
2260 447 2418 501 posse
2445 433 2786 507 conﬁdimus)
2810 438 2916 502 tale
2945 437 3140 510 aliquid
3162 438 3490 509 proveniret,
3515 440 3535 471 ³
3561 441 3698 498 unde
3730 445 3850 500 cui-

570 531 714 580 su‘nt.
748 522 923 594 Atque
959 521 1160 577 utinam
1189 520 1266 574 sic
1300 527 1484 573 contra
1518 519 1813 574 nitentibus
1847 519 2147 590 perniciosa

575 631 681 672 non
707 616 772 672 sit
804 601 1042 682 audacia,
1076 609 1543 683 quemadmodum,
1571 611 1711 682 quod
1747 610 1814 666 ab
1843 613 1957 683 ipso
1986 627 2151 667 sacrae

573 707 847 778 religionis
874 713 1088 762 auctore
1115 702 1392 774 praeﬁxum
1423 711 1527 770 est,
1569 720 1674 758 non
1704 713 1880 773 potest
1912 705 2018 758 ulla
2048 705 2153 758 vir-

575 810 684 856 tute
722 797 953 855 convelli
979 814 993 850 :
1019 794 1421 855 Firmamentum
1459 796 1596 850 enim
1636 794 1730 849 Dei
1766 804 1865 849 stat
1899 793 1986 866 (II
2017 793 2148 848 Tim.

479 890 486 900 ’
574 891 654 964 ιι).
687 887 1063 960 Nunquidnam
1104 903 1225 943 cum
1259 886 1521 958 aliquibus
1550 885 1800 941 intestata
1832 886 2021 957 religio
2048 895 2149 954 est,

574 987 590 1016 ¹
617 991 1027 1055 quantacunque
1059 981 1232 1051 potuit
1262 979 1501 1035 novitate
1539 979 1802 1049 superari,
1833 989 1886 1035 et
1907 994 2013 1034 non
2043 993 2155 1033 ma-

567 1076 649 1146 gis
694 1075 797 1130 huc
833 1075 1028 1130 invicta
1075 1071 1387 1142 permansit,
1436 1086 1543 1142 quo
1573 1071 1836 1145 aestimata
1865 1080 1948 1125 est
1994 1085 2155 1140 posse

569 1167 960 1224 succumbere?
1003 1165 1261 1221 Desinant
1301 1178 1428 1238 ergo
1475 1164 1681 1234 (quaeso
1717 1161 1794 1235 te)
1824 1163 2154 1234 temporibus

573 1267 678 1318 tuis
702 1263 917 1334 quidam
947 1276 1040 1332 per
1070 1260 1409 1315 occasionem
1439 1257 1860 1330 perturbationis
1896 1257 2155 1313 ecclesia-

572 1357 722 1413 stica:
749 1353 1146 1426 praecipitanter
1167 1351 1373 1407 ambire
1398 1365 1519 1421 qure
1546 1365 1654 1405 non
1685 1351 1706 1381 ²
1734 1349 1880 1415 licet,
1898 1363 1966 1404 ne
1990 1357 2044 1404 et
2065 1347 2154 1402 illa

573 1464 694 1518 qua:
724 1447 864 1502 male
884 1453 1142 1517 appetunt
1171 1442 1479 1499 nullatenus
1508 1441 1935 1512 apprehendant,
1966 1449 2020 1495 et
2042 1455 2156 1496 mo-

574 1540 700 1596 dum
744 1554 899 1595 suum
951 1536 1091 1608 apud
1141 1536 1305 1590 Deum
1358 1545 1411 1588 et
1467 1532 1712 1588 homines
1759 1547 1864 1586 non
1915 1540 2152 1587 teneant.

573 1634 909 1702 Quapropter
950 1629 1051 1684 sub
1075 1635 1369 1697 conspectu
1417 1626 1508 1681 Dei
1551 1640 1685 1696 pure
1711 1639 1773 1680 ac
1804 1625 2013 1680 sincere
2045 1623 2157 1695 pie-

574 1735 739 1781 tatem
771 1735 912 1779 tuam
945 1722 1227 1792 deprecor,
1259 1719 1498 1775 obtestor
1526 1727 1581 1773 et
1624 1717 1896 1783 exhortor,
1939 1726 1997 1772 ut
2022 1717 2157 1787 peti-

2260 540 2417 595 quam
2442 527 2694 584 resistere
2717 531 3037 588 auderemus
3067 531 3260 598 errori,
3288 532 3372 588 vel
3392 532 3532 589 unde
3553 538 3849 592 correctio-

2261 633 2380 673 uem
2425 619 2730 676 errantibus
2779 623 3159 692 posceremus?
3201 624 3432 680 Proinde
3461 627 3507 680 si
3540 626 3712 695 pietas
3754 637 3848 684 tua

2261 713 2418 768 unius
2446 715 2678 771 civitatis
2709 717 2962 786 populum
2992 728 3150 790 negat
3178 734 3338 790 posse
3364 719 3385 750 ‘
3415 735 3544 790 pace
3569 724 3849 792 componi,

2260 803 2387 872 quid
2418 820 2513 860 nos
2543 807 2607 863 de
2633 811 2794 872 totius
2820 809 2966 865 orbis
2998 821 3261 870 terrarum
3288 827 3473 868 sumus
3495 815 3853 872 universitate

2259 891 2471 960 facturi,
2523 899 2567 952 si
2601 900 2763 970 (quod
2815 901 2976 971 absit)
3009 913 3189 958 nostra
3219 903 3375 960 fuerit
3400 908 3852 975 praevaricatione

2260 985 2549 1057 deceptus?
2596 991 2651 1046 Si
2705 1003 2846 1049 totus
2875 1003 3147 1050 correctus
3195 1003 3278 1050 est
3318 995 3568 1061 mundus,
3615 999 3847 1064 profana

2263 1085 2470 1147 patrum
2521 1097 2738 1138 suorum
2791 1085 3081 1140 traditione
3110 1085 3384 1156 despeCta,
3418 1089 3690 1156 quomodo.
3735 1107 3846 1148 non

2261 1170 2559 1241 corrigatur
2587 1174 2741 1230 unius
2771 1177 3000 1232 civitatis
3033 1178 3278 1247 populus,
3326 1178 3372 1234 si
3409 1182 3718 1249 praedicatio
3741 1181 3848 1240 lida

2263 1262 2353 1333 (at.
2400 1263 2544 1337 ﬁdei]
2573 1268 2866 1324 succedat?
2903 1270 3065 1341 Ergo,
3099 1271 3333 1341 gloriose
3365 1273 3683 1342 imperator,
3720 1279 3847 1336 nolo

2262 1371 2361 1425 ego
2415 1356 2511 1430 [ιιι.
2559 1374 2662 1414 non
2706 1352 2938 1434 neglige]
2988 1363 3348 1420 Ecclesiarum
3406 1381 3614 1436 pacem,
3663 1387 3845 1441 quam,

2263 1448 2471 1503 etiamsi
2503 1466 2624 1505 cum
2654 1454 2755 1507 mei
2785 1455 3060 1523 sanguinis
3109 1456 3378 1524 impendio
3409 1460 3692 1527 provenire
3721 1478 3846 1532 pos-

2260 1549 2362 1606 set,
2399 1542 2695 1610 amplector
2721 1543 2812 1616 [αί.
2861 1545 3213 1618 amplectar]?
3245 1547 3349 1602 Sed
3384 1550 3598 1620 (precor
3627 1553 3700 1623 te)
3747 1571 3844 1614 cu:

2257 1635 2491 1704 jusmodi
2519 1637 2710 1692 debeat
2732 1653 2852 1694 esse
2884 1655 2982 1708 pax
3013 1641 3146 1710 ipSI,
3175 1657 3278 1702 non
3310 1653 3596 1714 utcunque,
3631 1647 3727 1703 sed
3758 1665 3845 1706 vc-

2263 1731 2459 1784 raeiter
2499 1729 2792 1786 christiana
2839 1743 3018 1788 mente
3058 1734 3337 1792 libremus.
3385 1738 3665 1806 Quomodo
3704 1745 3844 1798 enim

572 1821 775 1876 tionem
819 1832 994 1873 meam
1043 1831 1149 1868 non
1183 1812 1528 1884 indignanter
1564 1811 1838 1881 accipias:
1869 1825 2022 1881 rogO,
2070 1809 2154 1865 in'
2188 1821 2238 1881 B
2267 1830 2444 1892 potest
2473 1838 2593 1879 esse
2638 1841 2737 1894 pax
2770 1841 2894 1880 vera
2934 1827 3017 1882 cui
3059 1828 3254 1883 caritas
3307 1831 3621 1886 intemerata
3663 1834 3843 1894 defue-

570 1927 753 1985 quam,
787 1918 844 1964 ut
865 1923 953 1963 me
980 1908 1033 1962 in
1063 1907 1164 1961 hac
1188 1906 1295 1960 vita
1329 1905 1505 1976 potius
1534 1904 1719 1959 audias
1749 1904 2152 1974 deprecantem,

569 2017 728 2074 quam
758 1998 928 2078 (quod
959 1997 1120 2068 absit)
1147 1999 1199 2052 in
1229 1996 1410 2050 divino
1437 1996 1641 2067 judicio
1671 1995 1870 2050 sentias
1899 2007 2155 2049 accusan-

572 2103 707 2151 tem.
742 2092 851 2148 Nec
876 2105 962 2147 me
983 2090 1134 2156 latet,
1168 2089 1461 2158 imperator
1488 2088 1745 2157 Auguste,
1774 2085 1914 2156 quod
1942 2085 2158 2155 pietatis

573 2168 681 2242 tua:
721 2158 956 2240 studium
983 2180 1146 2237 fuerit
1183 2181 1236 2235 in
1284 2180 1492 2249 prixata
1533 2180 1663 2232 vita.
1695 2178 1902 2248 Optasti
1948 2190 2160 2246 semper

570 2278 689 2336 ﬁeri
750 2275 1021 2345 particeps
1089 2271 1463 2344 promissionis
1517 2279 1780 2326 aeternae.‘
1822 2272 2160 2339 Quapropter

571 2368 705 2435 noli,
731 2380 947 2437 precor,
976 2365 1132 2420 irasci
1164 2363 1320 2428 mihi,
1365 2362 1410 2416 si
1438 2371 1490 2417 te
1521 2371 1726 2417 tantum
1769 2362 1953 2432 diligo,
1988 2375 2039 2416 ut
2074 2377 2159 2416 re-

569 2480 757 2537 gnum,
789 2462 932 2535 quod
973 2459 1338 2531 temporaliter
1372 2467 1648 2513 assecutus
1679 2473 1757 2523 es,
1787 2459 1947 2512 velim
1980 2466 2031 2511 te
2062 2457 2160 2509 ha-

571 2557 702 2614 bere
746 2565 1086 2627 perpetuum,
1121 2561 1176 2608 et
1203 2551 1294 2622 qui
1337 2552 1570 2620 imperas
1616 2550 1834 2617 saeculo,
1871 2549 2043 2618 possis
2074 2564 2160 2604 re-

569 2663 736 2719 gnare
765 2662 887 2702 cum
919 2645 1156 2700 Christo.
1204 2643 1334 2697 Tuis
1375 2651 1521 2696 certe
1571 2641 1795 2711 legibus,
1845 2644 2153 2709 imperator,

569 2738 770 2812 pateris
810 2738 942 2793 nihil
973 2737 1171 2806 perire,
1209 2736 1452 2788 ltomano
1488 2733 1687 2788 nomini
1716 2733 1810 2806 [αι.
1844 2732 2020 2801 perire
2049 2731 2158 2785 Ro-

570 2847 729 2888 mano
761 2828 987 2902 nomini]
1019 2830 1220 2884 nullum
1267 2825 1503 2882 admittis
1546 2826 1722 2897 ingeri
1749 2827 2152 2881 detrimentum.

567 2924 715 2982 Itane
743 2938 929 2980 verum
973 2933 1077 2989 est,
1129 2921 1378 2993 princeps
1423 2919 1660 2990 egregie,
1693 2918 1787 2988 qui
1827 2933 1931 2972 non
1981 2917 2156 2972 solum

569 3016 854 3089 praesentia
893 3015 1090 3071 Christi
1119 3014 1402 3078 beneﬁcia,
1435 3013 1528 3068 sed
1558 3011 1835 3066 desideras
1870 3019 1923 3066 et
1953 3011 2153 3076 l'utura,

567 3121 626 3166 ut
651 3109 918 3180 religioni,
943 3118 1000 3163 ut
1027 3105 1262 3172 veritati,
1291 3113 1348 3158 ut
1377 3103 1674 3159 sinceritati
1706 3102 1984 3157 catholica:
2009 3116 2156 3157 com-

2266 1913 2370 1967 rit?
2401 1914 2608 1969 Caritas
2637 1926 2814 1971 autem
2859 1917 3090 1987 qualiter
3116 1934 3234 1976 esse
3277 1920 3491 1987 debeat,
3539 1924 3695 1979 nobis
3738 1930 3845 1988 evi-

2268 2005 2456 2060 denter
2489 2007 2508 2035 ⁵
2538 2008 2826 2076 Apostolus
2885 2009 3134 2078 prmdicat
3161 2051 3175 2074 ,
3227 2011 3318 2080 qui
3373 2015 3486 2067 ait:
3528 2013 3741 2087 Caritas.
3787 2021 3845 2072 do

2265 2099 2449 2165 corde,
2508 2117 2656 2171 puro,
2707 2112 2752 2155 ct
2807 2104 3115 2156 conscientia
3166 2105 3293 2166 bona
3339 2116 3385 2159 et
3429 2107 3530 2176 ﬁde
3580 2124 3682 2162 non
3733 2110 3843 2170 ﬁcta

2269 2191 2321 2262 (Ι
2354 2192 2487 2247 Tim.
2518 2193 2578 2262 t).
2623 2193 2904 2259 Quomodo
2933 2195 3138 2265 (qumso
3171 2199 3243 2266 tc)
3276 2198 3339 2251 de
3373 2201 3526 2251 corde
3565 2204 3656 2252 erit
3700 2220 3844 2270 puro,

2265 2287 2309 2340 si
2341 2287 2594 2356 contagio.
2617 2287 2880 2340 inﬁciatur
2901 2288 3160 2341 esterno?
3187 2288 3466 2354 Quomodo
3496 2291 3558 2343 de
3592 2295 3845 2346 consrien~

2265 2381 2336 2434 tia
2362 2379 2514 2447 bona,
2540 2380 2583 2434 si
2615 2379 2793 2448 pravis
2816 2379 2974 2435 fuerit
2995 2381 3258 2450 malisque
3287 2383 3614 2437 commixta?
3647 2389 3846 2451 Quem-

2263 2473 2547 2528 admodum
2580 2474 2682 2542 ﬁdc
2703 2490 2802 2528 non
2828 2477 2967 2542 ﬁcta,
2997 2475 3042 2530 si
3075 2487 3286 2531 maneat
3308 2478 3510 2531 sociata
3543 2493 3662 2533 cum
3693 2485 3846 2551 pctti«

2263 2565 2380 2620 dis?
2401 2567 2529 2635 Quze
2553 2583 2670 2620 cum
2693 2583 2721 2621 a
2741 2567 2892 2622 nobis
2915 2582 3057 2638 saepe
3075 2569 3184 2639 jam
3210 2568 3345 2625 dicta
3369 2571 3494 2637 sint,
3524 2587 3745 2628 necesse
3770 2583 3847 2632 est

2264 2670 2442 2715 tamen
2497 2661 2886 2716 incessabiliter
2935 2663 3140 2728 iterari,
3188 2673 3240 2719 et
3287 2664 3469 2719 tandiu
3517 2681 3624 2720 non
3681 2669 3844 2722 taceri

2261 2753 2494 2823 quandiu
2525 2769 2719 2810 nomen
2751 2755 2898 2824 pacis
2923 2755 3263 2822 obtenditur;
3291 2766 3350 2812 ut
3379 2769 3622 2814 nostrum
3649 2776 3756 2817 non
3781 2763 3844 2820 sil

2262 2846 2343 2918 (ut
2367 2846 2623 2903 invidiose
2642 2847 2896 2918 jactatur)
2934 2850 3108 2904 facere
3141 2865 3347 2920 pacem,
3380 2852 3473 2908 sed
3502 2861 3680 2909 tamen
3712 2857 3844 2911 velle

2259 2938 2548 2995 doceamus
2569 2979 2584 3007 ,
2629 2940 2822 3009 qualis,
2848 2949 2902 2996 et
2927 2941 3038 2996 sola
3074 2956 3173 3010 pax
3198 2957 3317 2998 esse
3337 2984 3353 3010 ,
3392 2953 3446 3000 et
3469 2954 3665 3014 praeter
3688 2963 3842 3018 quam

2261 3029 2281 3060 ⁸
2307 3029 2448 3084 nulla
2486 3045 2606 3085 esse
2649 3040 2994 3086 monstratur.
3039 3031 3430 3104 Eutychianum
3454 3044 3603 3091 certe
3632 3037 3842 3108 dogma,

2258 3133 2444 3178 contra
2485 3123 2628 3192 quod
2670 3125 2977 3194 apostolicae
3030 3127 3176 3187 sedis
3218 3127 3424 3184 cautela
3471 3131 3770 3201 pervigilat,
3797 3134 3840 3188 si

566 3201 839 3258 munionis
887 3211 942 3255 et
989 3198 1138 3263 ﬁdei,
1191 3197 1522 3266 temporibus
1553 3195 1677 3261 tuis,
1727 3193 1942 3263 patiaris
1973 3208 2153 3263 quem-

2265 3216 2501 3271 creditur
2522 3216 2666 3272 salva
2696 3193 2818 3274 ﬁdei
2841 3217 3117 3276 catholicae
3145 3234 3303 3293 posse
3326 3193 3546 3280 veritate
3574 3193 3842 3292 covnsta're,

566 3309 728 3367 quam
751 3294 948 3348 inferre
970 3289 1345 3358 dispendium?
1382 3289 1496 3356 Qua
1529 3286 1722 3341 ﬁducia
1748 3287 1902 3358 (rogo
1933 3289 2004 3356 te)
2042 3285 2153 3340 illic

564 3386 684 3456 ejus
715 3384 933 3455 praemia
967 3383 1227 3454 petiturus
1258 3396 1335 3447 es,
1376 3381 1526 3449 cujus
1558 3379 1644 3434 hic
1675 3379 1867 3433 damna
1899 3393 2004 3433 non
2029 3395 2153 3449 pro-

567 3479 723 3534 hibes
743 3475 902 3531 ἳιΝοιι
921 3474 1030 3530 sint
1057 3477 1261 3544 gravia,
1292 3486 1474 3540 quasso
1508 3479 1577 3539 te,
1606 3486 1723 3540 qua:
1753 3486 1847 3541 pro
1876 3481 1979 3525 tute
2011 3472 2154 3525 salu-

566 3573 636 3627 tis
677 3569 978 3626 aeternitate
1036 3567 1305 3622 dicuntur.
1356 3563 1628 3634 Scriptum
1679 3565 1848 3632 legisti
1886 3582 1895 3614 :
1935 3563 2153 3616 Meliora

567 3673 684 3718 sunt
707 3663 918 3716 vulnera
949 3660 1102 3712 amici
1127 3673 1281 3724 quam
1313 3657 1490 3708 oscula
1529 3656 1722 3708 inimici
1746 3654 1928 3722 (Prov.
1963 3655 2147 3723 xxv").

566 3756 761 3824 Quaeso
792 3753 1048 3822 pietatem
1070 3759 1237 3817 tuam,
1277 3757 1333 3802 ut
1359 3764 1466 3818 quo
1498 3746 1690 3802 affectu
1716 3747 1964 3802 dicuntur
1987 3763 2013 3800 a
2043 3762 2148 3814 me,

567 3863 635 3904 eo
681 3847 788 3902 tuis
838 3844 1086 3900 sensibus
1121 3843 1454 3897 iutimentur.
1502 3841 1670 3897 Nemo
1715 3841 1966 3907 pietatem
2009 3851 2151 3896 tuam

565 3938 732 3993 fallat.
780 3937 975 3993 Verum
1027 3945 1106 3990 est
1155 3934 1296 4004 quod
1346 3933 1639 4003 ﬁguraliter
1691 3948 1784 4002 per
1839 3935 2151 4002 prophetam

564 4031 841 4100 Scriptura
862 4028 1125 4084 testatur?
1160 4025 1279 4081 Una
1305 4036 1379 4080 est
1403 4025 1632 4079 columba
1656 4040 1785 4089 mea,
1814 4041 1914 4077 una
1945 4035 2017 4078 est
2038 4041 2152 4093 pcr-

564 4127 700 4194 fecta
746 4136 858 4177 mea
887 4119 1064 4192 (Cant.
1105 4122 1203 4189 vi),
1232 4133 1334 4172 una
1385 4125 1467 4172 est
1513 4116 1802 4172 christiana
1854 4117 2004 4182 ﬁdes,
2035 4134 2152 4188 qua:

561 4229 648 4274 eat
667 4215 954 4272 catholica.
979 4212 1259 4268 Catholica
1291 4219 1470 4266 autem
1504 4210 1767 4265 veraciter
1797 4209 1886 4263 illa
1909 4220 2010 4278 est,
2033 4227 2151 4280 quae

507 4306 513 4311 ’
563 4309 632 4365 ab
663 4309 899 4363 omnium
932 4307 1278 4375 perﬁdorum,
1309 4313 1470 4374 atque
1502 4305 1570 4358 ab
1597 4319 1784 4358 eorum
1828 4307 2152 4359 successori-

562 4401 668 4456 bus
715 4410 877 4468 atque
918 4396 1258 4452 consortibus
1309 4398 1542 4460 sincera,
1606 4410 1755 4461 pura,
1812 4398 2152 4452 immaculata

562 4492 946 4548 communione
983 4491 1154 4545 divisa
1197 4489 1292 4562 [aL
1328 4486 1556 4562 divulsa]
1598 4496 1701 4542 est.
1748 4489 1996 4558 Alioquin
2045 4505 2149 4545 non

2259 3320 2552 3382 promatur,
2578 3321 2868 3379 asseratur,
2887 3321 2942 3368 et
2959 3314 3304 3382 quantislibct
3324 3314 3520 3370 viribus
3545 3326 3844 3384 astruatur,

2260 3414 2316 3458 ut
2348 3417 2451 3456 non
2490 3402 2661 3456 solum
2696 3418 2790 3472 per
2811 3403 3067 3472 seipsum,
3099 3418 3262 3474 quam
3301 3404 3564 3460 inimicum
3601 3405 3673 3459 sit
3721 3407 3847 3464 ﬁdt-i

2257 3495 2574 3551 Chrisdante
2605 3495 2773 3564 possit
2800 3496 3034 3563 ostendi,
3059 3495 3151 3551 sed
3175 3508 3400 3568 quantas
3424 3509 3476 3554 et
3497 3513 3653 3568 quam
3680 3501 3848 3555 letlta.

2259 3589 2337 3642 les
2372 3588 2604 3641 haereses
2645 3586 2698 3640 in
2729 3601 2824 3641 sua
2863 3588 3135 3642 contineat
3185 3589 3488 3646 colluvione
3532 3594 3844 3647 monstrari.

2256 3679 2310 3733 Si
2337 3688 2513 3732 autem
2541 3679 2631 3748 (ut
2657 3679 2822 3748 magis
2844 3679 3196 3748 conﬁdimus)
3227 3698 3252 3733 :t
3284 3681 3562 3736 catholicis
3593 3683 3850 3752 iudicatis

2259 3770 2525 3825 mentibus
2552 3769 2960 3836 excludendum,
2998 3787 3176 3841 quaaso
3213 3781 3283 3836 te,
3311 3789 3404 3828 cur
3427 3789 3533 3828 non
3573 3786 3626 3830 et
3657 3787 3849 3830 couti-

2257 3861 2338 3931 gia
2369 3862 2522 3915 simul
2557 3876 2740 3915 eorum
2770 3863 2857 3931 qui
2911 3861 3006 3916 hac
3035 3864 3327 3933 probantur
3359 3880 3479 3919 esse
3509 3867 3718 3934 polluti,
3751 3869 3851 3936 de-

2257 3955 2472 4010 cernitis
2501 3953 2798 4020 rel‘utanda,
2832 3971 2951 4011 cum
2993 3956 3134 4013 dicat
3165 3959 3492 4027 Apostolus:
3532 3960 3654 4014 Non
3678 3963 3849 4016 solum

2257 4049 2341 4118 qui
2367 4064 2465 4100 non
2491 4048 2730 4118 facienda
2753 4046 2970 4116 faciunt,
3000 4065 3111 4102 reos
3132 4049 3310 4116 videri,
3343 4052 3430 4103 sed
3457 4052 3708 4121 etiamqui
3728 4069 3851 4114 cott-

2256 4143 2474 4198 sentitmt
2502 4141 2803 4212 facientibus
2831 4140 3005 4213 (llam.
3046 4141 3123 4212 t)?
3155 4143 3382 4198 Proinde
3429 4143 3568 4198 sicut
3612 4161 3717 4199 non
3753 4161 3851 4214 po-

2258 4242 2381 4299 test,
2409 4232 2782 4302 pervcrsitatis
2809 4232 3267 4288 communicatore
3315 4245 3583 4305 suscepto,
3618 4252 3725 4292 non
3757 4252 3850 4304 pa-

2259 4325 2388 4377 riter
2428 4325 2745 4393 perversitas
2789 4323 3095 4391 approbari,
3139 4325 3215 4379 sic
3235 4324 3352 4396 :non
3401 4336 3578 4394 potest
3625 4329 3849 4383 refutari

2261 4416 2600 4485 perversitas,
2624 4416 2884 4486 complice
2909 4426 3174 4472 sectatore
3198 4419 3563 4487 pervcrsitatis
3585 4421 3843 4474 3tl||ii:$0.

2258 4507 2485 4579 Legibus
2514 4517 2659 4562 certe
2689 4509 2901 4573 vestris,
2928 4509 3208 4563 criminum
3242 4511 3440 4565 COllaCll
3472 4520 3850 4581 susceptnres-

564 4588 670 4644 erit
695 4585 952 4641 divinitus
987 4583 1233 4638 mandata
1257 4574 1536 4644 ἀίεοτυιξο,
1570 4579 1664 4633 θεά
1695 4579 1996 4635 miseranda
2026 4597 2150 4636 0011'
2182 4571 2231 4630 υ
2262 4571 2364 4669 que
2400 4598 2834 4653 latrocinantium
2870 4599 2983 4668 pari
3023 4599 3348 4667 judiciorum
3396 4615 3552 4670 petua
3581 4571 3851 4656 constrin-

566 4682 726 4738 fusio.
752 4682 860 4736 Nec
883 4677 990 4734 ulla
1010 4691 1168 4732 causa
1194 4675 1304 4746 jam
1329 4683 1594 4742 superest,
1631 4674 1674 4727 si
1701 4673 1801 4728 hoc
1831 4674 1882 4728 in
1915 4675 2154 4743 quolibet

568 4774 815 4847 contagio
841 4770 1170 4827 voluerimus
1192 4765 1496 4831 admittere,
1523 4779 1591 4818 ue
1619 4764 1826 4819 cunctis
1860 4766 2154 4822 hazresibus

568 4870 770 4926 aditum
801 4869 1130 4939 januamque
1178 4861 1494 4934 pandamus.
1533 4859 1632 4924 Qui
1682 4859 1812 4911 enim
1855 4859 1907 4912 in
1937 4876 2038 4912 uno
2073 4861 2152 4930 of-

566 4963 808 5035 fenderit,
840 4960 1066 5014 omnium
1094 4972 1211 5012 reus
1239 4963 1308 5009 est
1335 4951 1541 5024 (Iacob.
1570 4948 1660 5021 ιι);
1691 4960 1746 5006 et
1777 4968 1788 5003 :
1815 4949 1915 5014 Qui
1942 4952 2151 5004 minima

567 5057 779 5131 spernit,
808 5053 1053 5122 matutini
1095 5049 1282 5104 decidit
1311 5047 1535 5119 (Eccles.
1573 5044 1717 5116 nx).
1765 5045 1878 5099 Hoc
1903 5055 1984 5100 est
2009 5046 2150 5114 quod

563 5153 721 5206 sedes
767 5146 1060 5219 apostolica
1096 5156 1421 5214 magnopere
1461 5149 1613 5196 cavet
1660 5137 1753 5213 [αι.
1787 5140 2146 5212 praetexat-it],

566 5257 617 5300 ut
640 5245 763 5315 quia
799 5239 998 5300 mundo
1023 5237 1175 5296 radix
1219 5249 1300 5294 est
1328 5236 1556 5306 apostoli
1585 5233 1822 5305 gloriosa
1865 5235 2149 5301 confessio,

566 5340 707 5394 nulla
737 5339 872 5394 rima
904 5331 1199 5407 praiitatis,
1247 5330 1390 5386 nulla
1435 5341 1649 5400 prorsus
1680 5328 2006 5398 contagione
2039 5343 2152 5383 ma-

566 5431 791 5487 culetur.
823 5430 957 5486 Nam
997 5427 1042 5484 si
1073 5423 1236 5496 (quod
1279 5423 1421 5479 Deus
1459 5430 1684 5490 avertat,
1715 5419 1860 5491 quod
1893 5421 2008 5476 ﬁeri
2041 5435 2149 5478 non

638 5593 652 5621 ¹
675 5589 810 5645 Cod.
844 5588 1064 5656 Veron.,
1095 5595 1480 5658 quantumque:
1507 5583 1827 5654 Quesnellus
1858 5581 1986 5652 legit
2013 5599 2138 5642 aua-

567 5677 929 5794 ωςῖιέῗόοᾱη
965 5745 1064 5782 non
1094 5730 1260 5784 licent.
1310 5789 1316 5794 ,

637 5803 658 5834 ³
687 5803 762 5859 id.
797 5801 942 5859 cod..
971 5800 1045 5852 vel
1083 5803 1311 5868 cuijam.

2262 4705 2483 4766 guntur;
2515 4707 2611 4748 nec
2635 4707 2827 4763 expers
2852 4693 3104 4747 lacinoris
3127 4695 3418 4748 restituatur
3440 4695 3548 4764 qui,
3577 4695 3700 4748 licet
3731 4696 3850 4765 ipse

2264 4801 2368 4840 non
2413 4785 2612 4849 fecerit,
2643 4785 2882 4839 facientis
2914 4795 3091 4838 tamen
3119 4783 3524 4839 familiaritatem
3560 4785 3849 4854 ιωιιυδιιυρ

2265 4877 2547 4945 receperit.
2599 4874 2830 4930 Proinde
2879 4890 2999 4929 cum
3051 4873 3492 4930 Chalcedonense
3531 4877 3844 4945 concilium,

2257 4982 2354 5037 pro
2382 4967 2501 5020 ﬁdei
2523 4967 2799 5020 catholicae
2827 4976 2986 5034 atque
3013 4968 3315 5035 apostolica:
3355 4969 3580 5023 veritate
3603 4983 3848 5023 commu-

2260 5060 2524 5129 nioneque
2572 5058 2919 5124 celebratum,
2983 5058 3314 5114 damnaverit
3374 5057 3649 5130 Eutychen
3692 5061 3846 5116 dete-

2259 5150 2431 5204 standi
2482 5149 2677 5205 l'uroris
2725 5156 3020 5216 auctorem,
3064 5166 3166 5205 non
3207 5150 3338 5204 satis
3382 5150 3583 5215 habuit,
3641 5153 3745 5209 nisi
3789 5163 3850 5208 ut

2261 5242 2458 5310 pariter
2481 5242 2596 5310 ejus
2618 5255 2827 5310 quoque
2847 5252 3152 5296 consortem
3176 5242 3486 5297 Dioscorum
3509 5253 3848 5314 caterosque

2258 5333 2596 5403 percelleret.
2623 5331 2733 5387 Hoc
2762 5333 2919 5404 igitur
2946 5333 3125 5402 modo,
3156 5335 3292 5390 sicut
3316 5335 3368 5392 in
3392 5351 3709 5408 unaquaque
3732 5339 3848 5394 ha:-

2263 5429 2366 5482 resi
2406 5426 2492 5482 vel
2521 5426 2718 5480 factum
2746 5441 2980 5494 semper,
3005 5427 3086 5482 vel
3120 5427 3237 5484 ﬁeri
3275 5444 3379 5485 non
3415 5429 3640 5487 habetur
3671 5432 3845 5487 ambi-

2322 5587 2343 5616 ⁸
2373 5585 2509 5641 Pace
2542 5588 2692 5643 deest
2719 5588 2768 5642 in
2800 5588 2923 5644 eod.
2955 5590 3076 5645 cod.

2325 5659 2344 5732 ’ξ
2370 5658 2444 5732 id.
2473 5659 2616 5732 cod.,
2643 5675 2733 5730 per
2753 5661 3048 5732 Apostotum
3076 5662 3404 5732 pradicatur.

2325 5730 2343 5759 ⁶
2373 5729 2446 5784 Id.
2471 5730 2615 5798 cod.,
2644 5729 2752 5800 pax
2783 5729 2946 5785 nulla.
