4104 6356
287 410 359 468 ιδ

1486 395 1836 457 EPISTOLZE
1877 391 1964 451 ΕΤ
2001 396 2342 457 DECRETA.

2895 391 3004 436 ,ων-
3468 403 3562 464 ιο,

281 523 837 594 gnum,'successores
858 533 1041 574 eorum
1069 519 1083 549 ¹
1113 514 1472 582 Timotheum,
1519 512 1730 570 Petrum
1777 521 1862 566 at-

1966 512 2089 570 dam
2114 515 2194 572 vel
2239 515 2612 583 insurrexerit,
2641 515 2723 572 vel
2763 516 2959 574 nitatur
2989 513 3268 585 insurgere
3304 524 3540 584 vetusta.-

279 629 386 686 qne
405 613 631 668 alterum
671 611 1060 667 Antioehcnum
1107 610 1343 674 Petrum,
1372 623 1478 664 non
1509 606 1706 664 viritim
1737 621 1858 677 pro-

286 713 405 774 pter
434 704 672 772 singulos
704 718 942 774 quosque
982 718 1165 756 rursus
1200 701 1342 755 facto
1362 699 1614 765 concilio,
1645 699 1739 754 sed
1769 714 1858 769 sy-

259 795 410 851 ‘uodi
452 797 618 850 semel
650 800 667 826 ³
694 805 809 851 acta
852 795 1030 863 regula
1063 800 1452 863 cuneoquenter
1489 791 1632 847 elisi.
1662 792 1859 856 Quem-

285 886 573 943 admodum
599 902 726 956 ergo
758 903 860 941 non
890 887 1166 944 evidenter
1189 894 1407 955 apparet
1436 885 1596 941 etiam
1638 892 1858 938 cunctos

279 977 443 1034 simili
475 988 656 1032 tenore
683 979 994 1048 constringi,
1025 990 1076 1033 et
1099 977 1187 1048 qui
1217 992 1402 1050 eorum
1434 980 1856 1032 eommunicato~

281 1085 368 1125 res
399 1081 452 1124 et
476 1071 763 1139 coinplices
796 1071 1133 1134 exstiterunt,
1175 1079 1334 1138 atque
1369 1084 1553 1124 omnes
1583 1066 1799 1122 omnino
1826 1082 1855 1120 a

283 1163 542 1217 catholica
579 1173 738 1232 atque
781 1161 1074 1231 apostolica
1120 1162 1312 1219 merito
1340 1161 1712 1216 communione
1749 1160 1858 1215 dis-

279 1255 425 1309 cerni
458 1273 469 1305 :
505 1253 624 1308 hinc
649 1255 900 1312 Acacium
938 1269 1146 1324 quoque
1177 1254 1300 1322 jure
1329 1254 1555 1310 dicimus
1598 1269 1628 1307 a
1671 1262 1854 1308 nostro

279 1346 552 1399 consortio
576 1345 1018 1409 submovendum,
1051 1347 1137 1414 qui
1164 1346 1346 1399 maluit
1372 1345 1422 1398 in
1453 1355 1652 1399 sortem
1684 1355 1854 1399 trans-

279 1438 359 1491 ire
402 1437 668 1505 perﬁdiae,
723 1453 880 1507 quam
924 1439 974 1492 in
1022 1437 1299 1492 catholiczn
1352 1447 1510 1506 atque
1549 1438 1856 1507 apostolicze

277 1529 673 1584 communionis
709 1529 1012 1585 sinceritate
1055 1540 1326 1595 constare,
1366 1530 1385 1559 ³
1416 1545 1534 1585 cum
1560 1529 1670 1585 fere
1700 1537 1724 1566 ⁸
1760 1544 1854 1600 per

279 1623 590 1687 triennium,
625 1638 693 1678 ne
726 1622 778 1677 in
811 1623 860 1676 id
888 1622 1116 1686 veniret,
1155 1621 1460 1693 apostolica:
1492 1622 1633 1678 sedis
1659 1624 1854 1692 episto-

276 1713 344 1768 lis
372 1715 627 1769 doceatur
659 1722 1024 1783 con‘tpetenter
1063 1715 1375 1770 instructus.
1415 1714 1702 1784 Postquam
1729 1729 1856 1771 vero

277 1804 674 1860 communionis
701 1815 785 1860 est
814 1806 980 1859 lactus
1009 1805 1217 1868 alicam,
1249 1821 1351 1860 non
1384 1808 1552 1872 potuit
1589 1805 1688 1862 nisi
1716 1823 1744 1860 a
1769 1823 1858 1861 ca-

1965 614 2094 672 tem,
2135 614 2500 675 competenter
2544 615 2599 661 et
2640 606 2877 677 legitime
2915 607 3270 678 perquiratur.
3319 606 3387 662 Et
3435 605 3566 680 illic,

1963 697 2240 766 apparebit
2279 697 2400 767 quis
2435 695 2679 751 modesto
2706 699 2981 768 proposito
3006 696 3272 753 custodiat
3311 697 3536 754 formam

1963 789 2413 859 traditionemque
2437 788 2694 860 majorum
2716 829 2732 856 ,
2766 791 2884 860 quis
2911 807 3070 863 supra
3102 792 3539 855 haeejrreveren-

1963 888 2045 937 ter
2068 880 2332 947 insiliens,
2370 880 2553 952 rapina
2583 881 2842 951 aequalem
2874 896 3031 952 posse
3072 883 3185 939 ﬁeri
3227 885 3539 943 arbitretur.

1960 971 2114 1041 Quod
2141 973 2185 1028 si
2213 972 2343 1028 mihi
2368 972 2546 1045 populi
2565 972 3139 1041 Constantinopolitani
3170 991 3396 1042 persona
3416 993 3541 1048 pro-

1960 1065 2196 1134 ponitur,
2235 1079 2332 1135 per
2360 1078 2518 1136 quam
2561 1064 2770 1120 dicatur
2820 1077 3015 1119 nomen
3060 1066 3317 1130 scandali,
3369 1067 3420 1122 id
3458 1077 3542 1124 est

1958 1159 2165 1226 Aeacii,
2199 1173 2305 1214 non
2337 1173 2495 1228 posse
2520 1159 2817 1224 removeri;
2847 1168 3017 1224 taceo,
3047 1157 3169 1230 quia
3195 1167 3248 1214 et
3287 1160 3541 1218 harctico

1957 1254 2228 1325 quondam
2258 1251 2570 1308 Macedonio
2601 1251 2774 1324 pulso.
2801 1261 2853 1308 et
2880 1253 3126 1308 Nestorio
3149 1268 3320 1322 nuper
3345 1253 3535 1323 eiecto,

1957 1347 2108 1417 plebs
2137 1344 2732 1415 Constantinopolitana
2759 1346 3021 1400 catholica
3051 1360 3366 1416 permanere
3395 1347 3541 1402 dele-

1956 1441 2090 1512 gerit
2121 1440 2295 1510 potius
2330 1452 2489 1510 quam
2536 1437 2797 1506 majorum
2839 1439 3122 1506 praesulem
3162 1436 3542 1494 damnatorum

1957 1531 2242 1590 aﬁ‘eetione
2265 1524 2509 1586 retineri.
2541 1528 2737 1594 Taceo,
2767 1527 2906 1597 quod
2945 1527 3034 1597 qui
3080 1526 3148 1581 ab
3177 1527 3378 1584 eisdem
3411 1528 3540 1598 ipsis

1957 1624 2222 1680 damnatis
2244 1621 2578 1692 praesulibus,
2609 1619 2853 1690 baptizati
2882 1619 3114 1686 fuerant,
3139 1619 3192 1675 in
3221 1620 3326 1675 ﬁde
3351 1623 3540 1678 catho-

1958 1717 2058 1772 lica
2088 1723 2384 1777 manentes,
2417 1712 2559 1768 nulla
2586 1712 2693 1768 sint
2714 1711 3072 1784 exagitatione
3102 1711 3316 1768 turbati.
3343 1711 3540 1779 Taceo,

1963 1807 2104 1876 quod
2157 1821 2253 1876 pro
2293 1805 2453 1861 rebus
2505 1805 2724 1860 ludicris
2764 1804 3046 1874 populares
3097 1805 3353 1860 tumultus
3399 1818 3541 1859 nunc

281 1892 498 1946 ιὶιοιὶςω
521 1903 575 1948 et
602 1893 907 1962 apostolicae
931 1909 1051 1947 mox
1077 1895 1330 1949 societate
1360 1895 1379 1924 δ
1411 1896 1649 1965 prmcidi,
1676 1911 1743 1952 ne
1767 1911 1858 1966 per
1889 1886 1936 1948 B
1962 1896 2124 1952 etiam
2142 1908 2332 1953 vestras
2350 1897 2561 1965 pietatis
2583 1897 2870 1952 auctoritas
2896 1895 3206 1962 refrenarit;
3235 1905 3394 1968 atque
3418 1897 3542 1953 ideo

283 1996 431 2050 eum,
455 1983 499 2035 si
533 1983 616 2040 vel
641 1983 911 2052 paululum
957 1997 1311 2048 cessaremus,
1355 2001 1453 2040 nos
1483 2003 1693 2058 quoque
1717 1989 1863 2044 vide-

279 2087 464 2129 remur
493 2073 722 2128 subiisse
743 2075 982 2144 contagia
1027 2074 1373 2143 perﬁdorum.
1409 2076 1512 2132 Sed
1559 2092 1743 2133 revera
1777 2080 1858 2133 vel

279 2164 370 2220 tali
400 2165 676 2233 perculsus
709 2179 863 2232 pmua
904 2165 1143 2235 t‘esipuit,
1171 2167 1562 2222 correctionem
1593 2169 1856 2237 promisit,

275 2255 581 2314 emendavit
610 2258 886 2312 errorem?
914 2267 1004 2316 aut
1037 2259 1123 2314 ille
1144 2267 1396 2316 traetatus
1420 2261 1593 2318 lenius
1623 2263 1859 2316 voluerat

277 2353 374 2425 [αι.
423 2351 681 2424 valuerat]
711 2354 968 2420 coerceri,
1007 2354 1099 2424 qui
1130 2353 1288 2409 etiam
1320 2354 1542 2410 verbera
1574 2357 1706 2411 dura
1751 2371 1857 2410 non

277 2444 480 2499 sensit?
505 2443 622 2512 Quo
669 2445 721 2500 in
753 2460 848 2500 sua
886 2445 1102 2516 perﬁdia
1134 2457 1186 2502 et
1217 2447 1559 2506 damnatione
1596 2451 1857 2506 moriente

279 2533 372 2604 [ιιι.
398 2525 708 2606 manente}:
709 2547 812 2590 tam
831 2537 944 2606 ejus
963 2539 1012 2592 in
1035 2537 1390 2594 ecclesiastica
1418 2543 1729 2596 recitatione
1753 2557 1857 2597 non

281 2636 455 2695 potest
491 2644 684 2682 nomen
724 2630 941 2698 ascribi,
965 2647 1122 2700 quam
1151 2640 1387 2687 externae
1417 2635 1722 2705 eontagium
1751 2649 1855 2688 non

281 2720 436 2774 debet
463 2723 962 2778 communicationis
1006 2723 1234 2779 admitti.
1265 2725 1600 2796 Quapropter
1638 2739 1727 2784 aut
1757 2728 1855 2783 do-

281 2823 468 2868 ceatur
498 2814 565 2869 ab
608 2815 858 2872 lncretica
891 2817 1300 2887 participatione
1341 2819 1597 2886 sincerus,
1632 2835 1856 2889 quorum

280 2919 342 2962 se
363 2906 452 2962 ille
479 2909 839 2962 communioni
865 2909 1193 2978 permiscuit,
1226 2920 1314 2966 aut
1344 2924 1464 2964 cum
1505 2911 1703 2966 eisdem
1753 2927 1858 2968 non

280 3008 458 3070 potest
485 3015 590 3054 non
623 3001 827 3070 repelli.
859 3003 912 3057 Si
942 3015 1120 3056 autem
1151 3012 1429 3058 susurrant
1465 3003 1701 3059 Orientis
1743 3006 1859 3074 epi-

280 3090 454 3158 scopi,
490 3090 632 3158 quod
659 3092 724 3146 ad
748 3107 838 3145 cos
863 3092 1018 3148 sedes
1047 3095 1333 3162 apostolica
1368 3109 1470 3148 non
1500 3095 1596 3150 ista
1627 3098 1859 3150 conscri-

285 3183 478 3252 pserit,
507 3183 652 3249 quasi
695 3185 775 3237 vel
825 3185 922 3251 ipsi
963 3185 1027 3239 de
1071 3185 1377 3255 recipiendo
1422 3186 1654 3256 legitime
1703 3188 1859 3243 Petro

1966 1989 2133 2045 multo
2161 1989 2326 2060 magis
2354 2003 2450 2058 pro
2479 1989 2649 2044 salute
2677 1987 2971 2045 animarum
2995 2003 3211 2044 suarum
3233 1992 3546 2048 necessario

1962 2083 2115 2138 vobis
2142 2081 2746 2149 Constantinopolitanm
2784 2080 3014 2135 civitatis
3043 2079 3378 2151 obtemperat
3407 2081 3542 2136 mul-

1963 2171 2153 2240 titudo,
2186 2173 2232 2227 si
2263 2187 2378 2228 eam
2405 2172 2470 2226 ad
2494 2171 2808 2228 catholicam
2841 2181 2896 2227 et
2918 2171 3268 2243 apostolicam
3299 2187 3541 2229 commu-

1960 2265 2176 2320 nionem
2204 2280 2297 2320 vos
2333 2265 2604 2340 principes
2640 2265 2929 2322 reducatis.
2972 2265 3203 2332 Etenim,
3254 2267 3541 2338 imperator

1960 2361 2216 2428 Auguste,
2249 2359 2294 2414 si
2322 2367 2508 2413 contra
2540 2359 2684 2430 leges
2706 2358 2942 2428 publicas
2972 2359 3169 2428 aliquid
3195 2360 3356 2432 (quod
3381 2360 3541 2432 absit)

1960 2452 2226 2521 quispiam
2255 2451 2482 2508 fortasse
2514 2461 2760 2518 tentaret,
2803 2453 2948 2509 nulla
2977 2453 3085 2524 pati
3120 2454 3172 2509 id
3213 2455 3417 2510 ratione
3445 2470 3544 2525 po-.

1964 2544 2156 2599 tuisses
2182 2561 2194 2597 :
2223 2545 2288 2598 ad
2325 2543 2844 2614 Divinitatisfpuram
2882 2547 3254 2616 sinceramque
3292 2546 3540 2603 devotio-

1962 2650 2106 2698 nem,
2137 2643 2194 2689 ut
2214 2634 2306 2690 tibi
2338 2635 2490 2704 plebs
2513 2635 2722 2690 subdita
2752 2635 3041 2707 redigatur,
3075 2636 3416 2692 conscientia:
3438 2647 3542 2693 tua:

1961 2743 2071 2784 non
2097 2737 2252 2799 putas
2281 2729 2580 2784 interesse?
2606 2728 2902 2797 Postremo,
2935 2728 2980 2783 si
3012 2729 3166 2784 unius
3191 2727 3419 2786 civitatis
3451 2744 3542 2800 po-

1964 2821 2071 2892 puli
2100 2822 2310 2877 animus
2339 2836 2444 2876 non
2493 2831 2706 2892 putatur
2742 2821 2961 2888 oﬂendi,
3007 2837 3074 2877 ne
3115 2821 3292 2877 divina
3323 2821 3412 2893 (ut
3455 2837 3542 2878 res

1962 2917 2218 2987 postulat)
2241 2916 2605 2986 corrigantur:
2639 2925 2841 2988 quanto
2862 2915 3050 2986 magis,
3073 2931 3141 2972 ne
3169 2915 3349 2972 divina
3369 2915 3543 2971 oﬂ‘en-

1963 3009 2176 3075 dantur,
2209 3009 2457 3064 catholici
2502 3009 2732 3064 nominis
2763 3009 3024 3064 universis
3067 3009 3208 3077 piam
3245 3007 3404 3064 ﬁdem
3445 3023 3543 3062 nec

1965 3102 2161 3158 tardere
2199 3101 2455 3157 debemus
2495 3101 2733 3167 omnino,
2767 3115 2865 3156 nec
2910 3099 3228 3171 possumus?
3268 3100 3333 3155 Et
3363 3109 3544 3156 tamen

1965 3195 2126 3251 iidem
2157 3204 2337 3250 nostra
2359 3211 2418 3250 se
2447 3203 2672 3264 poscunt
2700 3193 2972 3249 voluntate
2996 3192 3194 3248 sanari.
3225 3192 3545 3261 Competen-

282 3275 471 3332 sedem
509 3275 858 3345 apostolicam
901 3278 1010 3331 suis
1067 3279 1255 3332 litteris
1299 3279 1519 3334 iecerint
1554 3281 1855 3346 certiorem,
1886 3259 1932 3324 (ἶ
1968 3288 2107 3342 tibus
2134 3302 2260 3356 ergo
2289 3259 2469 3342 sinant
2495 3285 2671 3342 curari
2707 3299 2765 3341 se
2814 3298 2971 3355 posse
3009 3283 3258 3340 remediis
3293 3301 3304 3335 :
3345 3259 3544 3353 alioqui

282 3368 368 3425 vel
393 3367 552 3438 hujus
575 3369 899 3438 receptionis
923 3369 1214 3426 inconditm
1231 3384 1336 3424 non
1358 3371 1466 3439 jam
1494 3373 1689 3440 pariter
1715 3388 1862 3427 cont-

284 3461 455 3531 plices
482 3461 832 3528 exstitissent,
865 3479 1024 3531 quem
1054 3461 1346 3519 sicut-vere
1372 3480 1475 3518 non
1520 3475 1741 3533 possunt
1771 3468 1865 3520 do-

287 3566 414 3608 cere
445 3552 511 3605 ah
539 3553 788 3607 haeretica
831 3555 1088 3622 pravitate
1133 3555 1296 3610 fuisse
1337 3565 1654 3625 purgatum,
1692 3558 1760 3612 ita
1806 3573 1866 3613 se

284 3643 662 3699 haereticorum
691 3646 993 3698 nullatenus
1011 3654 1260 3715 poterunt
1283 3661 1540 3702 excusare
1563 3659 1858 3703 consortes.

286 3738 306 3766 ⁵
336 3735 489 3804 Quod
523 3737 568 3790 si
601 3735 839 3791 [οι-μηδείς
870 3739 1215 3803 astruxerint,
1247 3742 1387 3808 quod
1421 3739 1486 3793 ad
1517 3740 1862 3811 aposmlicam

287 3831 471 3886 sedem
499 3830 565 3886 de
592 3831 934 3900 susceptione
966 3831 1105 3886 Petri
1140 3849 1232 3902 per
1258 3834 1512 3888 Acacium
1539 3835 1709 3888 cuncti
1745 3851 1864 3890 con-

288 3938 421 3979 sona
454 3923 472 3953 ⁶
497 3938 630 3980 voce
673 3925 974 3990 rettulerint,
1025 3941 1117 3995 per
1145 3927 1390 3982 eumdem
1431 3927 1643 3982 sibimet
1677 3943 1864 3984 omnes

289 4017 408 4086 pari
431 4031 560 4071 voce
594 4018 832 4072 sentiunt
863 4017 1026 4071 fuisse
1057 4019 1393 4087 rescriptum.
1428 4019 1746 4088 Apastolica:
1772 4019 1860 4091 [aL

289 4111 408 4164 vice
430 4109 693 4179 primatus
713 4109 857 4164 sedis
878 4108 1206 4180 apostolica!)
1234 4125 1360 4164 vero
1391 4110 1532 4165 sedis
1554 4112 1863 4179 auctoritas,

290 4201 430 4273 quod
460 4202 667 4257 cunctis
695 4202 904 4255 saeculis
928 4200 1246 4256 Christianis
1279 4201 1531 4255 Ecclesia:
1566 4202 1777 4270 praelata
1801 4203 1870 4256 sit

291 4295 578 4361 universa-1,
615 4300 670 4348 et
705 4307 967 4347 canonum
1017 4293 1153 4346 serie
1195 4301 1556 4361 paternorum,
1599 4300 1652 4347 et
1693 4293 1871 4348 multi-

292 4386 419 4456 plici
455 4384 745 4441 traditione
777 4385 1039 4439 ﬁrmatur.
1076 4385 1178 4440 Sed
1213 4386 1293 4441 vel
1329 4385 1472 4452 hinc,
1509 4386 1527 4416 ⁷
1559 4395 1734 4442 utrum
1767 4387 1867 4452 sibi

293 4476 575 4548 quisquam
601 4485 784 4532 contra
816 4475 1044 4530 Niemnae
1071 4477 1257 4547 synodi
1287 4477 1572 4532 constituta
1601 4479 1867 4548 quippiam

291 4570 467 4625 valeat
500 4583 782 4638 usurpare,
822 4569 1046 4638 collegio
1085 4580 1260 4638 potest
1295 4570 1449 4625 unius
1479 4573 1869 4628 communionis

293 4645 527 4728 ostendi,
574 4673 680 4714 non
729 4660 998 4714 mentibus
1043 4669 1284 4715 externae
1326 4663 1598 4716 societatis
1649 4663 1867 4732 aperiri.

293 4751 449 4820 Apud
477 4750 594 4805 illos
625 4751 670 4805 si
698 4751 815 4820 quis
843 4750 1076 4814 conlidit,
1114 4751 1418 4820 egrediatur
1454 4753 1505 4807 in
1539 4753 1794 4823 medium,
1820 4763 1899 4810 et-

294 4843 644 4913 apostolicam
669 4841 852 4898 sedem
882 4842 948 4896 de
976 4852 1196 4912 utraque
1237 4853 1388 4913 parte
1423 4847 1660 4901 revincat
1689 4857 1742 4902 et
1777 4848 1873 4902 iit—

294 4944 485 4990 struat.
511 4933 753 4988 Tollatur
786 4948 912 5001 ergo
945 4948 1138 4990 nomen
1167 4950 1196 4991 e
1227 4935 1424 5001 medio,
1453 4939 1594 5006 quod
1622 4939 1874 4993 ecclesia-

298 5043 410 5080 rum
449 5026 827 5082 discretionem
880 5028 1060 5094 procul
1116 5043 1145 5080 a
1194 5027 1456 5085 catholica
1499 5032 1877 5089 communione

298 5128 572 5188 operatur,
603 5127 660 5171 ut
680 5118 891 5173 sincera
920 5134 1017 5185 pax
1050 5119 1170 5174 ﬁdei
1206 5122 1704 5194 communionisque
1727 5140 1878 5194 repa-

299 5218 442 5266 retur
465 5220 520 5266 et
541 5208 714 5264 unitas
734 5228 748 5264 :
772 5218 826 5264 et
850 5222 971 5264 tunc
996 5210 1112 5279 quis
1136 5221 1376 5268 nostrum
1399 5225 1584 5272 contra
1611 5231 1876 5274 veneran-

371 5371 396 5400 ι
428 5362 595 5431 Hujus
624 5362 835 5418 triennii
864 5362 1068 5416 initium
1108 5363 1443 5419 referendum
1475 5375 1556 5421 est
1586 5366 1648 5419 ad
1684 5366 1748 5419 i5
1779 5381 1868 5420 an-

303 5449 426 5490 num
464 5434 744 5502 Simplicii,
783 5448 890 5504 quo
931 5434 1158 5490 Aeacius
1187 5435 1441 5490 delictum
1489 5435 1773 5500 commisit,
1814 5445 1871 5491 ut

376 5571 388 5598 '
425 5568 499 5622 Id.
527 5566 668 5633 cod.,
705 5565 1017 5632 Timotheus,
1044 5566 1243 5633 Petrus,
1269 5579 1418 5637 atque
1438 5572 1565 5622 alter
1593 5569 1870 5622 Antioche-
1911 5613 1914 5615 .

309 5654 398 5689 nus
426 5637 625 5690 Petrus.

376 5709 394 5778 ξ
426 5707 480 5761 id
507 5707 648 5768 cod.,
676 5717 802 5760 acta:
833 5707 1006 5778 regula
1031 5720 1384 5778 consequenter
1410 5709 1537 5762 elisi.

380 5776 396 5804 ³
428 5779 580 5831 Anno
611 5778 733 5837 478.
762 5776 1033 5841 471),ἶ180.
1068 5776 1236 5834 Alium
1267 5780 1379 5836 iniit
1409 5779 1670 5838 calculum
1719 5778 1880 5837 Libe-

308 5857 449 5902 ratus
481 5863 600 5904 can.
632 5848 716 5901 t8.
747 5845 1003 5901 lisnoctx.

1968 3379 2131 3450 (quod
2165 3378 2324 3447 absit)
2366 3379 2418 3434 in
2465 3393 2652 3434 eorum
2692 3377 3020 3434 transeundo
3065 3375 3376 3447 perniciem,
3421 3389 3544 3432 cum

1969 3471 2074 3525 illis
2102 3472 2275 3539 perire
2299 3471 2608 3538 possumusj,
2657 3471 2802 3539 ipSos
2833 3485 2961 3526 vero
2991 3471 3200 3526 salvare
3226 3486 3332 3524 non
3362 3483 3544 3540 possu-

1967 3576 2107 3618 tnus.
2137 3561 2253 3615 Jam
2288 3561 2374 3615 hic
2408 3559 2536 3630 quid
2565 3560 2632 3613 sit
2660 3559 2825 3629 magis
2852 3561 3201 3628 sequendum,
3244 3559 3341 3614 sub
3363 3560 3546 3613 divino

1962 3656 2163 3725 judicio
2196 3663 2386 3710 vestrae
2412 3653 2758 3710 conscientia:
2789 3652 3104 3722 derelinquo
3131 3670 3142 3704 :
3179 3663 3376 3720 utrum,
3407 3652 3548 3706 sicut

1966 3762 2065 3802 nos
2091 3755 2357 3817 optamus,
2392 3745 2548 3799 simul
2580 3759 2768 3800 omnes
2804 3753 3003 3798 certam
3045 3743 3324 3800 redeamus
3358 3742 3425 3798 ad
3463 3743 3547 3798 vi-

1968 3850 2105 3905 tam;
2136 3854 2224 3904 an,
2254 3839 2394 3893 sicut
2424 3837 2494 3892 illi
2528 3846 2770 3906 poscunt,
2804 3835 3138 3891 manifestam
3165 3834 3449 3890 tendamus
3477 3834 3545 3888 ad

1967 3943 2215 3989 mortem.
2250 3929 2355 3986 Sed
2384 3929 2556 3984 adhuc
2578 3928 2925 3998 apostolicam
2957 3928 3166 3993 sedem,
3197 3926 3296 3980 sibi
3327 3925 3547 3981 medici-

1969 4025 2108 4079 nalia
2139 4031 2533 4094 suggerentem,
2559 4021 2842 4091 superbam
2867 4034 3060 4076 vocare
3097 4029 3547 4089 arrogantemque

1969 4115 2318 4170 contendunt.
2359 4113 2527 4167 Habet
2569 4113 2669 4167 hoc
2705 4112 2932 4180 qualitas
2965 4125 3107 4179 srcpe
3158 4109 3544 4177 languentium,

1972 4216 2028 4260 ut
2051 4212 2303 4259 accusent
2341 4203 2508 4270 magis
2534 4201 2770 4256 medicos
2793 4200 3041 4269 congruis
3083 4195 3549 4252 observationibus

1971 4297 2037 4352 ad
2069 4293 2300 4350 salubria
2329 4299 2664 4358 revocantes,
2689 4303 2847 4358 quam
2878 4298 2937 4343 ut
2965 4287 3066 4357 ipsi
3095 4301 3219 4342 suos
3249 4285 3437 4340 noxios
3459 4297 3550 4355 ap-

1969 4387 2165 4458 petitus
2202 4385 2470 4454 deponere
2499 4383 2582 4437 vel
2626 4371 2914 4451 reprobat’e
2953 4378 3309 4434 consentiant.
3351 4375 3409 4433 Si
3452 4392 3551 4434 nos

1970 4479 2187 4552 superbi
2217 4493 2423 4544 sumus,
2450 4477 2470 4507 ⁸
2497 4475 2616 4545 quia
2641 4474 2939 4530 animarum
2969 4469 3202 4530 remedia
3233 4471 3552 4526 convenien-

1974 4577 2043 4630 tia
2089 4573 2474 4634 ministramus,
2507 4567 2635 4638 quid
2680 4565 2903 4622 vocandi
2952 4571 3074 4618 sunt
3113 4563 3202 4633 qui
3252 4562 3552 4617 resultant?

1977 4669 2036 4725 Si
2065 4683 2162 4724 nos
2189 4665 2401 4737 superbi
2425 4676 2631 4728 sumus,
2655 4660 2743 4728 qui
2775 4656 3128 4715 obediendum
3158 4656 3394 4727 paternis
3416 4654 3554 4711 dici-

1981 4777 2097 4816 mus
2126 4758 2411 4820 institutis;
2441 4756 2530 4826 qui
2573 4753 2926 4822 refragantur,
2958 4764 3062 4819 quo
3095 4747 3396 4818 appellandi
3432 4756 3554 4803 sunt

1984 4853 2229 4908 nomine?
2263 4850 2317 4906 Si
2336 4863 2432 4904 nos
2455 4847 2578 4902 clnli
2609 4859 2807 4907 sumus,
2835 4841 2920 4910 qui
2943 4841 3178 4896 divinum
3201 4841 3401 4894 cultum
3423 4854 3555 4909 puro

1985 4953 2141 5012 atque
2169 4940 2372 4995 illibato
2395 4936 2637 5004 cupimus
2661 4944 2843 4988 tenore
2878 4929 3108 4994 servari;
3142 4930 3230 4999 qui
3257 4937 3442 4984 contra
3468 4921 3555 4984 Di-

1979 5035 2252 5088 vinitatem
2293 5043 2504 5099 quoque
2545 5026 2805 5089 sentiunt,
2846 5022 3042 5087 dicant,
3078 5020 3306 5090 qualiter
3353 5034 3558 5076 nuncu-

1982 5123 2204 5195 pentur?
2235 5121 2323 5176 Sic
2349 5128 2402 5174 et
2438 5133 2534 5172 nos
2565 5116 2766 5179 caeteri,
2809 5114 2898 5184 qui
2938 5114 2989 5167 in
3020 5125 3202 5167 errore
3243 5121 3384 5178 sunt,
3417 5110 3556 5162 :esti-

1984 5223 2148 5284 mant,
2192 5212 2332 5283 quod
2369 5225 2551 5267 eorum
2598 5223 2703 5263 non
2739 5205 3134 5261 consentiamus
3173 5203 3410 5258 insanire.
3455 5198 3557 5254 Ubi

1980 5374 2124 5492 gatct
2143 5376 2314 5488 Igupra
2355 5363 2407 5416 in
2439 5361 2579 5416 notis
2609 5357 2955 5430 epistularum
2994 5351 3256 5424 Simplicii
3294 5347 3362 5404 δε
3386 5356 3442 5405 et
3470 5349 3556 5405 17.

2023 5451 2105 5489 εν.
2187 5449 2339 5488 ustus.

2023 5451 2105 5489 εν.
2143 5449 2339 5488 ENNIUS.

2055 5571 2072 5598 '°
2104 5571 2256 5621 Anno
2283 5566 2405 5620 48L

2056 5640 2074 5666 ³
2098 5638 2226 5693 Cod.
2265 5637 2484 5700 Veron,
2523 5635 2621 5700 Qui
2643 5635 2707 5689 si.

2057 5709 2074 5737 ⁵
2109 5706 2161 5760 Id
2203 5707 2347 5776 cod.,
2381 5708 2654 5759 uoluntate.

2059 5780 2073 5807 ⁷
2112 5778 2182 5832 Id.
2216 5776 2357 5842 cod.,
2389 5779 2468 5829 vel
2496 5785 2681 5827 utrum.

2059 5849 2079 5878 ⁸
2108 5846 2188 5906 Id.
2214 5847 2353 5914 cod.,
2391 5847 2476 5914 qui
2509 5845 2817 5897 animarum.
