4104 6356
557 426 633 487 I7
1916 418 2155 477 GELASI

2257 420 2422 476 ’APIE
2456 420 2477 475 1
3764 419 3841 481 48

558 554 739 613 tamen
765 544 982 615 Spiritus
1002 541 1267 613 superbia:
1283 506 1553 597 veraciter
1576 538 1835 596 consistat
1863 547 1917 594 et
1943 543 2143 609 pugnet
2174 542 2221 601 Α
2246 535 2373 591 XX.
2421 534 2575 602 Quod
2595 532 2648 586 hi
2678 532 2765 604 qui
2783 548 2838 587 se
2859 532 3016 587 sacris
3039 532 3315 602 virginibus
3336 533 3549 596 sociant,
3574 541 3619 587 et
3649 534 3847 605 fmdera

559 640 757 698 veritas
785 638 898 710 ipsa
930 637 1125 692 indicat
1150 634 1246 707 [αι.
1274 632 1525 705 judicat].

1136 726 1470 783 EPISTULA
1503 725 1593 780 ιχ.

1012 836 1079 875 AD
1106 833 1383 875 EPISCOI’OS
1421 832 1687 873 ιυοΑΝΙιΕ.

724 914 994 969 Nonnulla
1018 913 1357 968 ecclesiastica
1384 912 1615 965 instituta
1642 918 1988 979 exponuntur.

634 1008 649 1037 ι
684 1005 1055 1061 Dilectissimis
1082 1004 1334 1059 fratribus
1350 1002 1611 1057 universis
1629 1001 1897 1070 episcopis
1928 1015 2022 1070 per
2050 999 2151 1054 Lu-

558 1099 791 1167 caniam,
821 1107 877 1155 et
906 1098 1121 1153 Brutios
1140 1142 1154 1167 ,
1191 1106 1245 1153 et
1286 1095 1522 1151 Siciliain
1554 1096 1856 1148 constitutis
1881 1093 2151 1149 Gelasius.

851 1207 1031 1246 TITULI
1061 1202 1413 1245 DECRETOBUII
1454 1202 1598 1242 ΡΛΡᾸΞ
1637 1200 1864 1241 οκιΑειι.

561 1283 614 1338 I.
656 1284 733 1340 De
757 1284 1042 1338 constitutis
1084 1280 1456 1345 ecclesiasticis,
1504 1295 1596 1349 pro
1638 1276 1948 1347 temporibus
1983 1273 2153 1344 quali-

631 1384 733 1430 tate
757 1374 1111 1429 moderandis.
1152 1399 1160 1430 :

563 1467 649 1523 II.
693 1468 759 1523 Ut
787 1467 871 1522 ubi
892 1467 1036 1521 nulla
1062 1472 1298 1536 perurget
1328 1462 1621 1527 necessitas,
1641 1460 1912 1514 constituta
1938 1456 2155 1511 Patrum

634 1562 878 1616 inviolata
898 1568 1188 1625 serventur;
1208 1558 1285 1612 vel
1315 1572 1429 1610 cum
1458 1555 1715 1625 defuerint
1738 1553 1931 1619 clerici,
1956 1552 2019 1605 de
2047 1566 2156 1604 mo-

634 1657 813 1710 nachis
840 1655 1120 1726 eligantur.
2012 1706 2013 1711 η
2112 1716 2115 1717 ν

564 1746 684 1804 III.
730 1748 796 1803 Ut
819 1750 860 1801 si
890 1748 976 1818 qui
1012 1748 1075 1799 de
1109 1743 1250 1799 laicis
1290 1742 1550 1815 eliguntur
1590 1742 1656 1794 ad
1698 1740 1961 1804 clericum,
1998 1739 2160 1792 multo

638 1840 906 1894 sollicitius
940 1839 991 1891 in
1031 1837 1130 1902 his,
1161 1853 1219 1891 ea
1246 1851 1361 1906 quce
1386 1836 1447 1888 de
1472 1833 1735 1888 monachis
1768 1832 1906 1885 dicta
1930 1839 2049 1884 sunt
2078 1828 2160 1882 in-

635 1934 925 2001 quirantur.

565 2022 671 2080 IV.
718 2021 783 2076 Ut
814 2020 876 2073 ab
900 2019 1169 2089 episcOpis,
1206 2020 1545 2089 praeceptione
1573 2031 1740 2087 papaa,
1767 2028 1909 2068 nova:
1937 2011 2161 2065 basilica:

642 2113 958 2167 dedicentur.

574 2204 643 2259 V.
696 2204 764 2259 Ut
800 2204 945 2258 nulla
973 2202 1169 2275 prwdia
1197 2202 1337 2274 [lege
1361 2201 1563 2273 pretia]
1595 2203 1659 2257 de
1695 2197 2015 2270 baptizandis
2045 2212 2165 2250 con-

636 2298 1004 2368 signaudisque
1056 2294 1293 2363 fidelibus
1329 2295 1618 2366 exigantur.
1668 2292 1816 2357 Quod
1859 2292 1904 2344 si
1942 2290 2029 2359 qui
2073 2289 2167 2341 hoc

638 2388 1061 2461 perpetravefint,
1086 2386 1294 2439 honoris
1323 2386 1406 2438 sui
1428 2383 1656 2453 periculo
1685 2384 2040 2456 subjacebunt.

572 2480 673 2536 VI.
719 2479 787 2535 Ut
809 2479 1086 2549 presbyteri
1108 2479 1313 2531 modum
1337 2477 1560 2530 debitum
1580 2486 1792 2543 servent,
1819 2494 1921 2530 non
1943 2478 2165 2531 chrisma

639 2573 932 2642 conﬁciant,
976 2587 1075 2623 non
1126 2570 1458 2641 consignent;
1505 2584 1595 2621 nec
1647 2580 1896 2638 prazsente
1940 2571 2165 2640 quolibet

637 2667 895 2736 episcopo,
932 2662 1031 2716 nisi
1062 2661 1347 2731 jubeantur
1385 2660 1448 2713 ab
1477 2660 1612 2728 ipso,
1653 2663 1729 2713 vel
1770 2678 1941 2727 orare,
1974 2662 2049 2715 vel
2087 2680 2168 2717 se-

640 2760 759 2811 dere
796 2763 1131 2824 prcesumant,
1178 2769 1267 2806 nec
1315 2753 1631 2821 acolythum,
1676 2752 1754 2806 vel
1796 2753 2166 2809 subdiaconum

644 2849 857 2917 faciant.

576 2939 711 2996 VII.
756 2940 1006 2995 Similiter
1040 2947 1093 2993 ut
1128 2940 1331 2992 diaconi
1365 2953 1657 2992 mensuram
1703 2938 1969 3010 propriam
2006 2939 2165 3010 juxta

642 3031 861 3085 Patrum
884 3031 1090 3085 decreta
1116 3029 1432 3083 custodiant.
1736 3086 1743 3091 _

576 3123 750 3181 VIII.
796 3125 945 3191 Quod
985 3125 1190 3178 diaconi
1217 3125 1269 3177 in
1306 3123 1623 3195 presbyterio
1655 3124 1875 3189 residere
1905 3140 2003 3179 non
2048 3141 2166 3193 pos-

643 3224 767 3287 sint,
792 3237 880 3274 ncc
913 3220 1044 3273 sacri
1078 3220 1305 3289 corporis
1348 3219 1796 3288 prwt'ogationem,
1834 3219 2165 3288 prwsentibus

643 3316 825 3370 debent
852 3328 1099 3382 usurpare
1120 3312 1447 3381 presbyteris.

569 3407 678 3478 IX.
724 3406 874 3473 Quod
904 3404 1189 3473 apostolica
1211 3403 1352 3457 sedes
1376 3411 1612 3473 paternos
1633 3418 1850 3456 canones
1883 3404 1967 3472 pio
1992 3403 2160 3458 studio

641 3498 917 3567 deuotoque
943 3496 1218 3550 custodiat.

570 3590 643 3650 X.
688 3589 755 3645 Ut
804 3598 985 3660 prceler
1033 3586 1272 3658 paschale
1319 3595 1514 3655 tempus
1558 3594 1604 3638 et
1650 3595 1967 3655 pentecosten
2016 3602 2160 3639 nemo

640 3686 900 3751 baptizare
932 3692 1230 3749 prcesumat,
1266 3680 1365 3732 nisi
1393 3696 1478 3733 eos
1517 3687 1715 3732 tantum
1750 3695 1875 3747 quos
1909 3682 2162 3751 (egritudo

642 3784 870 3827 extrema
897 3772 1219 3840 compulerit.

572 3862 679 3919 XI.
725 3864 1145 3933 Presbyterorum
1174 3873 1219 3915 et
1260 3862 1592 3916 diaconorum
1627 3862 1970 3918 ordinationes
2012 3867 2162 3920 certis

640 3955 886 4009 celebrari
914 3971 1061 4023 posse
1084 3955 1415 4021 temporibus.

571 4044 713 4099 XII.
759 4046 825 4100 Ut
853 4045 1077 4115 prwﬁxis
1102 4044 1276 4098 diebus
1308 4045 1528 4114 virgines
1560 4054 1933 4101 consccrentur.

570 4137 746 4196 XIII.
793 4139 859 4194 Ut
891 4140 1056 4194 vidua:
1086 4156 1185 4192 non
1208 4141 1450 4192 velentur.

568 4236 730 4292 XIV.
775 4235 842 4290 Ut
893 4234 1063 4287 nullus
1099 4234 1290 4303 prwsul
1331 4233 1408 4285 vel
1455 4232 1702 4298 ccclesite,
1754 4232 1831 4286 vel
1865 4233 2163 4288 monasterii

642 4344 857 4393 sertuim,
904 4336 990 4379 aut
1039 4325 1390 4394 originarium,
1450 4322 1730 4377 nolentibus
1782 4325 2025 4388 dominis,
2070 4324 2161 4377 sub

640 4419 844 4472 nonine
883 4417 1118 4485 religioso
1159 4415 1422 4483 defendat,
1463 4414 1671 4467 honoris
1703 4424 1749 4467 et
1797 4412 2161 4471 communionis

644 4507 931 4579 periculum
966 4508 1224 4560 subiturus
1262 4505 1490 4575 quisquis
1533 4507 1629 4559 hoc
1657 4516 1952 4577 perpetrare
1995 4516 2160 4565 tenta-

642 4612 787 4656 vertt.

2324 629 2515 681 incesta
2553 626 2900 689 commiscent,
2941 626 3313 679 communicare
3350 641 3450 678 non
3488 626 3705 694 possint,
3742 626 3845 682 nisi

2324 718 2454 787 forte
2477 717 2734 787 publicam
2764 717 3115 786 paenitentiam
3146 718 3415 787 gesserint.

2254 811 2412 867 XXI.
2457 812 2605 877 Quod
2635 812 2823 878 viduaz,
2862 818 2911 865 ut
2945 810 3291 879 supradictum
3330 818 3425 873 est,
3459 825 3557 863 non
3591 810 3839 865 velentur.
3860 808 3875 819 ’

2331 902 2395 957 Et
2421 904 2464 957 si
2492 904 2776 974 professum
2806 901 3163 956 continentiam
3198 900 3460 971 preposito
3503 910 3697 954 mutato
3743 902 3849 955 cal-

2329 999 2575 1063 caverint,
2607 998 2731 1067 ipsa:
2755 1012 2848 1066 pro
2876 1011 2929 1049 se
2956 995 3207 1049 rationem
3234 994 3333 1047 sint
3356 994 3471 1047 ideo
3493 993 3587 1063 [aL
3614 994 3846 1066 domino]

2326 1091 2622 1144 reddituraz.

2257 1182 2454 1238 XXII.
2498 1182 2649 1250 Quod
2692 1182 2911 1238 secunda
2946 1182 3189 1251 conjugia
3223 1181 3554 1235 swcularibus
3607 1196 3707 1235 non
3759 1197 3851 1235 ne-

2330 1286 2535 1348 gentur,
2568 1276 2746 1342 quibus
2778 1286 2945 1328 tamen
2976 1274 3044 1327 ad
3065 1274 3261 1328 clerum
3294 1273 3501 1326 minime
3530 1273 3697 1324 venire
3734 1286 3851 1325 con-

2328 1372 2546 1423 ceditur.

2260 1462 2486 1517 XXIII.
2535 1462 2602 1517 Ut
2631 1465 2676 1517 si
2708 1463 2821 1532 quis
2849 1461 3123 1533 susceperit
3152 1461 3375 1515 ecclesia:
3413 1460 3637 1529 proprie
3675 1460 3849 1513 deser-

2332 1568 2514 1623 torem,
2563 1566 2611 1609 et
2644 1558 2697 1610 in
2723 1557 2949 1624 aliquam
2988 1556 3277 1623 provexerit
3325 1554 3641 1625 dignitatem,
3677 1554 3852 1622 utique

2332 1650 2595 1703 sententia:
2617 1648 2914 1720 subjaceant
2937 1663 3089 1716 quam
3114 1660 3331 1703 canones
3358 1646 3685 1699 addixerunt.

2261 1740 2476 1796 XXIV.
2523 1741 2671 1804 Quod
2693 1741 2736 1793 si
2766 1742 2851 1809 qui
2878 1755 2940 1792 ex
2970 1737 3231 1792 monachis
3272 1745 3361 1791 aut
3401 1736 3548 1789 laicis
3595 1736 3852 1803 eliguntur

2338 1835 2407 1887 ad
2434 1834 2644 1895 clerum,
2674 1848 2788 1884 cum
2814 1830 2960 1885 nulla
2988 1832 3123 1901 cogit
3153 1830 3445 1895 necessitas,
3479 1828 3689 1898 antiqua
3712 1829 3762 1880 in
3784 1829 3853 1882 eis

2187 1934 2236 1995 Β
2335 1928 2579 1981 debentur
2606 1925 2835 1979 instituta
2862 1924 3072 1977 servari.
3107 1923 3257 1991 Quod
3283 1925 3327 1977 si
3353 1922 3630 1991 probentur
3654 1936 3853 1974 sacrant

2336 2019 2547 2073 mercati
2568 2033 2674 2073 esse
2703 2018 2864 2087 pretio
2894 2016 3212 2088 dignitatem,
3239 2014 3300 2069 ab
3324 2016 3485 2085 ofﬁcio
3508 2015 3852 2085 deponantur,

2340 2130 2459 2167 nam
2482 2113 2687 2165 dantem
2716 2120 2760 2165 et
2787 2110 3116 2181 accipientem
3143 2109 3372 2165 Simonis
3400 2109 3537 2180 magi
3558 2108 3750 2161 crimen
3779 2107 3852 2159 in-

2340 2205 2511 2260 volvit.

2269 2298 2449 2354 XXV.
2498 2298 2574 2352 De
2616 2298 2775 2353 sacris
2820 2298 2944 2352 locis
2982 2298 3177 2352 naviter
3205 2296 3473 2362 institutis,
3517 2297 3746 2365 quamvis
3774 2312 3853 2350 su-

2338 2394 2511 2463 perius
2538 2391 2730 2446 dictum
2758 2392 2845 2455 sit,
2877 2390 2973 2443 hoc
2992 2405 3125 2443 nunc
3147 2399 3313 2444 tamen
3340 2389 3605 2459 adjicitur,
3641 2398 3693 2440 ut
3716 2386 3854 2441 nulla

2342 2482 2550 2536 basilica
2570 2482 2661 2535 sub
2679 2482 3035 2551 defunctorum
3047 2491 3336 2535 constructa
3356 2481 3559 2549 nomine
3578 2479 3850 2534 dedicetur.

2268 2572 2482 2627 XXVI.
2526 2573 2675 2639 Quod
2700 2575 2846 2645 nefas
2883 2577 2949 2627 sit
2978 2575 3193 2643 feminas
3224 2575 3385 2627 sacris
3419 2573 3664 2627 altaribus
3705 2574 3853 2626 mini-

2340 2674 2524 2732 strare,
2559 2665 2639 2718 vel
2667 2665 2865 2735 aliquid
2894 2680 2956 2719 ex
2996 2664 3074 2718 his
3102 2679 3216 2733 qua
3249 2664 3471 2718 virorum
3518 2676 3634 2717 sunt
3679 2664 3851 2734 officiis

2344 2762 2589 2830 deputata
2610 2775 2938 2829 prwsumere.

2274 2851 2524 2906 XXVII.
2572 2852 2725 2919 Quod
2766 2853 2819 2905 in
2855 2867 3154 2921 unaquaque
3207 2851 3418 2905 ecclesia
3464 2866 3545 2903 cui
3593 2850 3852 2921 episc0pus

2345 2957 2549 3014 prwest,
2582 2956 2685 3000 tam
2710 2948 2772 3001 de
2803 2947 3085 3001 redditibus
3117 2962 3274 3017 quam
3302 2946 3366 3000 de
3385 2945 3615 3013 ﬁdelium
3640 2944 3852 2999 oblatio-

2338 3038 2485 3092 nibus
2532 3048 2753 3107 quatuor
2793 3039 3004 3092 debeant
3046 3039 3161 3108 ﬁeri
3205 3038 3505 3109 portiones:
3546 3046 3602 3090 ut
3646 3052 3749 3090 una
3791 3036 3851 3087 sit

2338 3131 2584 3200 episcopi,
2617 3131 2721 3184 alia
2756 3132 3078 3196 clericorum,
3124 3131 3270 3184 tertia
3322 3145 3628 3199 pauperum,
3674 3134 3851 3197 quarta

2339 3222 2566 3275 ecclesia:
2595 3222 2802 3291 fabricis
2828 3220 3133 3293 applicetur.

2187 3318 2233 3383 C
2265 3315 2366 3369 XX
2382 3312 2547 3369 VIII.
2583 3314 2733 3380 Quod
2775 3314 3073 3385 episc0pus,
3122 3314 3399 3385 presbyter,
3439 3321 3484 3366 et
3521 3310 3790 3373 diaconus,
3822 3325 3852 3361 o

2334 3422 2630 3478 quocunque
2680 3408 2861 3460 clerico
2913 3406 3155 3459 veraciter
3195 3406 3658 3473 fneritaccusatus,
3711 3402 3854 3468 quod

2333 3501 2573 3554 adversus
2608 3500 2714 3553 hazc
2758 3500 3028 3552 constituta
3076 3497 3273 3567 fecerit,
3307 3504 3464 3565 potest
3497 3494 3601 3547 sine
3630 3493 3846 3547 dubita-

2338 3595 2470 3645 tione
2500 3591 2731 3661 percelli,
2759 3592 2837 3645 sui
2868 3592 3020 3645 etiam
3042 3590 3247 3643 honoris
3278 3590 3563 3660 periculum
3584 3588 3853 3658 episcopus

2335 3686 2614 3750 subiturus,
2644 3685 2687 3737 si
2716 3685 2823 3739 lucc
2848 3686 3020 3738 omnia
3046 3684 3268 3739 ecclesia:
3299 3683 3553 3736 noscenda
3584 3682 3817 3735 tacuerit.

2337 3781 2357 3809 ’
2391 3777 2568 3832 Csrur
2609 3793 2827 3831 ratuuu.
2864 3778 3263 3831 —Nccessaria
3303 3791 3480 3831 rerum
3518 3776 3538 3805 ³
3574 3774 3855 3844 dispensa-

2267 3872 2410 3928 tione
2434 3871 2509 3943 [at
2536 3872 2896 3940 disputatione
2918 3871 2993 3924 vel
3008 3866 3380 3939 dispositione]
3411 3868 3853 3933 constringimur,

2268 3973 2322 4019 ct
2348 3965 2655 4034 apostolica:
2684 3964 2825 4019 sedis
2854 3963 3217 4018 moderamine
3244 3963 3623 4029 convenimur;
3655 3963 3732 4017 sic
3756 3976 3852 4016 ca-

2269 4069 2473 4109 nonum
2510 4064 2850 4123 paternorum
2889 4055 3100 4108 decreta
3134 4054 3347 4119 librare,
3383 4062 3437 4107 et
3466 4063 3611 4107 retro
3651 4067 3854 4118 praesu-

2268 4144 2378 4200 llm
2402 4145 2853 4213 decessorumque
2896 4156 3199 4198 nostrorum
3233 4152 3497 4213 praecepta
3551 4144 3750 4208 metiri,
3796 4152 3855 4197 ut

2268 4252 2387 4307 qua!
2420 4237 2762 4307 prtesentium
2812 4237 3103 4292 necessitas
3146 4245 3443 4305 temporum
3484 4233 3852 4291 restaurandis

2271 4327 2529 4383 Ecclesiis
2550 4329 2843 4383 relaxanda
2874 4328 3136 4397 deposcit,
3162 4328 3396 4383 adhibita
3419 4328 3853 4384 consideratione

2265 4417 2526 4488 diligenti,
2556 4429 2809 4490 quantum
2834 4429 3010 4490 potest
3036 4421 3171 4488 ﬁeri,
3196 4430 3585 4490 temperemus;
3619 4435 3725 4490 quo
3750 4434 3853 4475 nec

2266 4510 2318 4563 in
2352 4518 2523 4564 totum
2547 4510 2770 4565 formam
2806 4522 3043 4566 veterum
3084 4512 3364 4567 videamur
3399 4513 3664 4567 excedere
3694 4527 3854 4581 regno

2266 4600 2461 4668 larum,
2486 4609 2540 4656 et
2563 4602 2876 4671 reparandis
2907 4603 3107 4656 militia:
3129 4603 3395 4657 clericalis
3423 4604 3615 4657 oftieiis
3644 4602 3853 4673 [supple

567 4694 693 4750 XV.
740 4692 809 4748 Ut
830 4691 1000 4747 clerici
1024 4688 1373 4761 nullanegotia
1396 4689 1683 4755 inhonesta,
1708 4706 1797 4745 nec
1823 4691 1993 4762 turpia
2015 4690 2159 4748 lucra
2186 4692 2242 4753 D
2267 4694 2631 4766 consulamus]
2654 4710 2771 4763 qua:
2796 4711 2892 4764 per
2927 4696 3168 4750 diversas
3198 4696 3361 4750 Italia:
3397 4705 3575 4764 partes
3618 4698 3686 4749 ita
3723 4696 3849 4750 belli

640 4796 918 4841 sectentur.

566 4880 614 4933 X
630 4879 727 4932 Vl.
773 4879 839 4932 Ut
863 4894 1009 4932 nemo
1035 4876 1231 4932 litteras
1252 4894 1494 4945 nesctens,
1519 4875 1596 4932 vel
1626 4876 1796 4948 aliqua
1816 4887 1959 4947 parte
1977 4894 2159 4951 corpo-

548 5038 549 5041 η
639 4973 709 5026 ris
738 4976 980 5041 minutus,
1002 4972 1309 5043 provehatur
1326 4974 1393 5025 ad
1420 4973 1634 5026 clerum.

565 5067 614 5121 X
636 5065 763 5121 VII.
813 5066 891 5121 De
911 5068 987 5121 his
1009 5069 1092 5136 qui
1117 5068 1308 5135 seipsos
1336 5066 1657 5120 abscindunt.

567 5158 798 5215 XVIII.
843 5160 992 5228 Quod
1032 5160 1100 5214 ad
1139 5159 1329 5214 clerum
1358 5157 1619 5211 criminosi
1654 5167 1902 5227 nequeant
1948 5174 2152 5229 promo-

637 5253 763 5319 veri,
785 5262 831 5305 et
860 5253 915 5305 in
939 5252 1074 5305 clero
1104 5249 1276 5320 positi,
1307 5248 1350 5302 si
1376 5249 1429 5301 in
1460 5247 1718 5317 aliquibus
1749 5249 1937 5319 fuerint
1964 5248 2150 5305 inventi

638 5345 867 5418 flagitiis,
893 5360 926 5397 a
952 5344 1056 5397 suis
1088 5341 1259 5411 ofﬁciis
1286 5346 1581 5403 arceantur.

569 5434 725 5490 XIX.
768 5436 918 5501 Quod
939 5433 1183 5489 daemonis
1209 5431 1425 5500 aliisque
1452 5431 1771 5502 passionibus
1801 5432 2010 5487 irretitis
2051 5432 2145 5486 mi.

640 5528 849 5581 nisteria
876 5542 1023 5580 sacra
1054 5532 1271 5578 tractare
1300 5538 1400 5576 non
1430 5522 1602 5576 liceat.

643 5684 658 5712 ί
687 5679 743 5735 ln
774 5682 1129 5735 vetustissimo
1150 5678 1375 5735 Lucensi
1403 5677 1521 5733 cod.
1558 5692 1705 5732 num.
1739 5677 1843 5733 490
1875 5677 1973 5733 iste
2004 5679 2132 5733 titu-

568 5752 651 5806 lus
679 5752 752 5806 sic
773 5754 1076 5807 enuntiatur
1104 5772 1113 5802 :
1139 5751 1373 5806 Gelasius
1393 5750 1656 5820 episcopus
1680 5750 1924 5803 universis
1946 5751 2141 5813 episce-

567 5825 645 5891 pis
684 5840 770 5892 per
810 5837 1211 5892 unamquamque
1248 5822 1559 5891 prouinciam
1599 5821 1900 5875 constitutis.
1952 5820 2135 5875 MANSI.

636 5893 658 5926 ²
688 5891 889 5947 Citstur
914 5902 963 5945 at
992 5905 1019 5945 a
1051 5892 1265 5946 Nicolao
1299 5907 1431 5953 papa
1467 5891 1515 5945 in
1543 5894 1682 5951 epist
1734 5892 1767 5945 8
1796 5891 1859 5945 ad
1903 5890 2106 5946 Michae

2262 4786 2526 4857 famisque
2546 4787 2566 4817 ‘
2592 4788 2919 4857 consumpsit
2947 4789 3200 4856 incursio,
3233 4800 3288 4841 ut
3319 4787 3370 4842 in
3394 4789 3574 4841 multis
3604 4787 3851 4842 ecclesiis

2262 4879 2429 4948 (sicut
2456 4878 2637 4933 fratris
2662 4889 2713 4934 et
2737 4880 3041 4950 coepiscopi
3073 4880 3240 4934 nostri
3272 4880 3490 4934 Joannis
3524 4880 3851 4934 Ravennatis

2266 4969 2522 5026 Ecclesia:
2544 4971 2857 5035 sacerdotis,
2884 4971 3149 5041 frequenti
3179 4971 3440 5026 relatione
3459 4970 3848 5039 comperimus)

2265 5077 2647 5133 usquequaque
2675 5064 2954 5119 deﬁciente
2973 5064 3193 5119 servitio
3226 5064 3585 5119 ministrorum
3609 5063 3704 5135 [al.
3740 5066 3848 5117 mi-

2260 5154 2625 5224 nisteriorum]
2658 5154 2679 5184 ⁵
2702 5154 2801 5208 nisi
2824 5156 3145 5211 remittendo
3166 5156 3433 5224 paulisper
3462 5154 3848 5210 ecclesiasticis

2256 5248 2680 5318 promotionibus
2698 5250 2987 5320 antiquitus
3001 5249 3274 5304 intervalla
3292 5248 3437 5318 proeli
3450 5264 3512 5301 xa
3529 5258 3849 5303 remaneant

2258 5341 2397 5411 (sine
2418 5340 2613 5410 quibus
2642 5341 3021 5398 administrare
3052 5340 3342 5411 nequeant)
3367 5340 3535 5396 sacris
3566 5340 3847 5395 ordinibus

2255 5433 2508 5489 Ecclesiae
2531 5432 2767 5491 funditus
2780 5436 3044 5491 destituta:
3060 5451 3073 5501 ;
3089 5446 3247 5505 atque
3270 5434 3323 5488 in
3341 5435 3584 5505 plurimis
3598 5434 3731 5489 locis
3742 5449 3846 5502 per

2255 5524 2486 5594 inopiam
2509 5527 2862 5595 competentis
2880 5527 3080 5592 auxilii,
3100 5527 3331 5583 salutare
3359 5525 3654 5583 subsidium
3691 5525 3804 5580 redi
3821 5554 3841 5565 ο

2248 5677 2351 5733 lem
2383 5677 2778 5746 imperatorem.
2817 5681 3078 5737 iisunum.

2323 5747 2504 5820 390d.
2539 5749 2693 5817 Luc.,
2726 5753 3070 5820 dispositione.

2320 5818 2437 5892 flii.
2470 5821 2613 5892 cod.,
2649 5818 3028 5892 consumpserit.

2322 5890 2340 5918 ⁸
2375 5889 2449 5942 Id.
2484 5891 2625 5955 cod.,
2657 5893 2748 5946 nil.
