4104 6356
489 345 552 404 ﬂ
1847 338 2084 398 GELASI

2186 341 2356 396 iam
2391 342 2412 399 ι
2536 305 2538 307 ’
3682 346 3750 403 sa

555 463 687 518 Cu.
714 459 822 519 VII.
854 460 1203 516 —Dtaconos
1231 472 1442 530 quoque
1465 458 1738 528 propriam
1785 459 2066 516 constitui-
2093 457 2149 521 Δ
2180 461 2266 516 illa
2312 471 2491 518 tamen
2522 469 2646 518 sunt
2672 477 2994 534 magnopere
3033 464 3398 535 praecavenda,
3428 481 3542 534 qua:
3591 464 3753 534 recipi

491 569 611 612 mus
664 569 886 612 servare
937 567 1257 617 mensuram,
1314 564 1412 609 nec
1467 553 1600 608 ultra
1633 561 1873 610 tenorem
1914 552 2058 625 (Nic.

490 649 644 720 mu)
669 649 905 719 paternis
930 645 1223 702 eanonibus
1252 647 1562 716 deputatum
1585 647 1853 719 quippiam
1885 655 2064 702 tenta-

491 755 552 796 re
581 740 965 810 permittimus;
987 733 1119 792 nihil
1149 751 1332 794 eorum
1369 741 1579 809 penitus
1621 754 1718 794 suo
1757 739 2065 794 ministerio

491 832 779 902 applicare,
807 843 926 900 quae
956 830 1142 902 primis
1161 831 1438 886 ordinibus
1463 832 1676 901 proprie
1705 832 1942 887 decrevit
1973 845 2065 886 an-

491 923 725 995 tiquitas.
775 923 993 994 Absque
1033 925 1287 994 episcopo
1317 925 1406 980 vel
1443 924 1756 995 presbytero
1797 925 2068 993 baptizare

492 1033 595 1073 non
645 1018 900 1085 audeant,
927 1019 1053 1087 nisi,
1084 1019 1353 1088 praedictis
1385 1018 1611 1074 fortasse
1635 1017 1826 1073 officiis
1861 1017 2070 1088 longius

491 1113 819 1178 constitutis,
869 1113 1159 1168 necessitas
1197 1122 1435 1168 extrema
1486 1113 1792 1182 compellat.
1835 1111 1987 1179 Quod
2020 1118 2072 1164 et

493 1201 646 1259 laicis
665 1201 986 1260 Christianis
1015 1204 1191 1261 facere
1224 1207 1536 1275 plerumque
1564 1207 1891 1261 conceditur.

563 1295 695 1350 Car.
727 1295 861 1351 VIII.
889 1323 958 1337 —-
983 1296 1096 1350 Non
1123 1299 1174 1351 in
1201 1298 1530 1368 presbyterio
1554 1297 1809 1357 residere,
1842 1309 1960 1351 eum
1992 1294 2074 1348 di-

497 1391 616 1456 vina
639 1389 996 1454 celebrantur,
1025 1391 1108 1444 vel
1132 1390 1527 1445 ecclesiasticus
1567 1389 1792 1442 habetur
1815 1385 1907 1459 [αι.
1937 1385 2080 1441 cele-

499 1480 706 1555 bratur]
731 1484 1030 1553 quicunque
1061 1489 1339 1537 tractatus.
1371 1482 1520 1536 Sacri
1551 1479 1792 1550 corporis
1815 1493 2078 1548 praeroga-

500 1573 720 1640 tionem,
752 1575 852 1629 sub
882 1580 1173 1642 conspectu
1200 1573 1467 1642 pontilicis
1499 1586 1593 1627 seu
1623 1569 1943 1640 presbyteri,
1975 1567 2074 1622 nisi

500 1664 583 1721 his
613 1664 948 1730 absentibus,
968 1668 1055 1734 jus
1087 1679 1191 1719 non
1215 1665 1446 1720 habeant
1472 1663 1780 1719 exercendi.

567 1755 702 1812 Cum
747 1757 890 1814 enim
922 1757 1134 1812 decreta
1184 1754 1564 1812 venerabilium
1600 1753 1933 1810 sanctionum
1985 1763 2083 1806 nos

2167 557 2270 611 nisi
2305 555 2586 612 manifesta
2631 554 3029 612 decoloratione
3074 572 3178 611 non
3207 557 3431 626 possint.
3480 558 3558 612 Ac
3607 559 3648 611 si
3688 573 3754 614 ea

2168 649 2302 718 ipsa,
2361 663 2480 718 qnze
2537 647 2681 703 nullo
2724 647 3048 703 detrimento
3103 647 3386 716 aliquoties
3431 647 3754 717 indulgenda

2169 740 2490 806 creduntur,
2529 739 2611 795 vel
2638 755 2816 794 rerum
2851 739 2866 770 ⁸
2894 748 3299 808 temporumque
3333 738 3474 808 cogit
3507 737 3753 802 intuitus,

2171 832 2254 888 vel
2283 830 2599 887 acceleratae
2619 829 2938 901 provisionis
2969 839 3242 899 respectus
3271 840 3490 884 excusat
3518 846 3533 895 ;
3557 841 3756 900 quanto

2172 924 2339 996 magis
2375 924 2466 979 illa
2505 923 2806 978 nullatenus
2847 921 3133 976 mutilanda
3180 932 3323 990 sunt,
3350 935 3470 992 qua:
3498 937 3596 976 nec
3647 923 3756 975 ulla

2175 1021 2484 1085 necessitas,
2537 1034 2634 1074 nec
2677 1017 3041 1074 ecclesiastica
3090 1031 3310 1088 prorsus
3342 1024 3625 1086 extorquet
3651 1014 3754 1070 uti-

2177 1113 2332 1168 litas?

2248 1205 2376 1259 Car.
2409 1203 2478 1258 X.
2500 1235 2568 1245 -—
2597 1200 2905 1274 Baptizandi
2962 1199 3063 1258 sibi
3096 1201 3375 1272 quisquam
3409 1200 3604 1270 passim
3627 1216 3761 1270 quo-

2179 1313 2393 1367 cunque
2418 1307 2656 1367 tempore
2678 1295 2874 1350 nullam
2906 1293 3090 1349 credat
3114 1294 3290 1348 inesse
3320 1291 3588 1358 fiduciam,
3624 1308 3762 1362 prte-

2185 1400 2262 1443 ter
2294 1388 2539 1458 paschale
2571 1386 2762 1442 festum
2794 1395 2847 1442 et
2878 1394 3218 1455 pentecostes
3247 1383 3554 1440 venerabile
3584 1398 3762 1440 sacra-

2183 1489 2442 1544 mentntn,
2476 1487 2698 1548 excepto
2743 1479 3000 1533 duntaxat
3039 1475 3338 1546 gravissimi
3390 1475 3656 1544 languoris
3682 1474 3765 1530 in-

2185 1587 2378 1636 cursu;
2430 1571 2479 1624 in
2531 1586 2634 1640 quo
2680 1569 2970 1625 verendum
3018 1578 3099 1623 est
3132 1585 3232 1635 ne,
3267 1565 3436 1623 morbi
3485 1578 3764 1624 crescente

2141 1699 2155 1713 .
2187 1662 2446 1734 periculo,
2503 1664 2622 1718 sine
2671 1659 2908 1716 remedio
2956 1659 3180 1733 salutari.
3222 1657 3460 1715 fortassis
3497 1669 3766 1730 aegrotans

2187 1759 2358 1814 exitio
2386 1765 2688 1828 praivcntus
2718 1754 2988 1811 abscedat.

500 1862 714 1918 quoque
740 1861 1062 1917 magnopere
1089 1847 1357 1902 custodire
1389 1845 1642 1910 nitamur.
1669 1858 1730 1899 ac
1758 1845 1874 1899 sine
1894 1857 2081 1898 eorum
2117 1829 2162 1890 Β
2259 1848 2389 1906 cn.
2418 1848 2509 1905 XI.
2539 1878 2608 1892 —
2635 1846 3012 1919 Ordinationes
3061 1845 3220 1902 etiam
3256 1845 3688 1916 presbyterorum
3711 1852 3767 1902 et

500 1938 784 2010 dispendio
817 1939 979 1994 etiam
1015 1939 1100 1992 illa
1142 1953 1262 2009 qua:
1290 1951 1384 2008 pro
1409 1938 1634 2007 alicujus
1666 1937 1905 1993 utilitatis
1933 1951 2082 1992 com-

503 2033 700 2104 pendio
749 2033 983 2088 fortasse
1012 2032 1296 2088 vldeantur
1318 2031 1566 2097 laxanda,
1609 2031 1914 2087 credamus.

501 2125 544 2143 ν’
568 2123 704 2180 CAP.
735 2123 826 2180 IX.
857 2153 920 2166 --
950 2124 1190 2196 Cumque
1207 2124 1358 2179 nobis
1375 2133 1560 2180 contra
1592 2123 1902 2178 salmarium
1933 2139 2086 2177 rere-

505 2217 732 2272 rentiam
763 2218 1064 2286 regularum
1102 2217 1380 2286 cupiamus
1412 2227 1610 2272 temere
1643 2216 1773 2270 nihil
1810 2217 1990 2281 licere,
2033 2222 2085 2270 et

503 2323 624 2363 cum
653 2308 812 2363 sedes
858 2309 1148 2378 apostolica
1179 2310 1428 2378 superior
1461 2309 1541 2364 his
1564 2309 1835 2376 omnibus,
1873 2307 2087 2364 favente

504 2395 750 2466 Domino,
781 2415 901 2470 qua:
944 2401 1189 2483 paternis
1235 2401 1526 2457 canonibus
1567 2404 1687 2455 su'nt
1719 2402 1954 2471 prarlixa,
2001 2400 2086 2471 pio

505 2493 806 2564 devotaque
831 2493 1041 2550 studeat
1065 2503 1250 2550 tenere
1281 2495 1586 2566 proposito;
1635 2497 1766 2550 satis
1808 2494 2084 2565 indignum

503 2594 588 2640 est
629 2601 948 2656 quemquam
999 2588 1081 2643 vel
1121 2588 1453 2656 pontificum,
1485 2588 1568 2642 vel
1611 2587 1856 2643 ordinum
1902 2587 2088 2642 subse-

505 2678 803 2745 quentium,
854 2679 992 2734 hanc
1023 2679 1420 2735 observantiam
1447 2681 1700 2745 rel‘utre,
1729 2692 1887 2750 quam
1947 2679 2088 2735 beati

505 2767 645 2825 Petri
677 2769 860 2824 sedem
889 2779 942 2824 et
981 2772 1133 2840 sequi
1173 2772 1349 2827 videat
1377 2784 1430 2827 et
1452 2772 1678 2826 doct-re:
1705 2772 1938 2841 satisque
1961 2785 2088 2825 con-

507 2863 729 2916 veniens
750 2865 842 2926 sit,
875 2871 932 2918 ut
953 2871 1120 2920 totum
1146 2879 1341 2935 corpus
1373 2864 1699 2920 Ecclesimin
1732 2859 1829 2920 hac
1873 2865 2088 2920 sibimet

506 2954 882 3009 observatione
906 2957 1218 3026 concordet,
1239 2973 1398 3027 quam
1429 2958 1536 3013 illic
1565 2958 1743 3029 vigere
1772 2957 2083 3028 conspiciat,

508 3045 597 3101 ubi
634 3047 886 3102 Dominus
921 3050 1175 3106 Ecclesiae
1201 3053 1363 3106 totius
1393 3052 1570 3122 pbsuit
1603 3051 1980 3121 principatum,
2007 3049 2087 3106 di-

506 3145 663 3193 ce‘nte
683 3137 960 3205 Scriptura
993 3159 1004 3194 :
1041 3141 1293 3196 Ordinate
1323 3145 1371 3196 in
1401 3153 1478 3196 ine
1509 3145 1766 3196 caritatem
1798 3139 1968 3211 (Cant.
2002 3142 2081 3211 tt).

506 3226 572 3281 Et
601 3227 725 3282 item
750 3244 764 3282 :
800 3227 988 3284 Omnia
1009 3245 1122 3284 cum
1151 3233 1328 3286 ordine
1358 3234 1484 3300 ﬁant
1507 3231 1556 3303 (Ι
1582 3232 1699 3288 Car.
1732 3236 1866 3304 xw).
1917 3235 2089 3304 Atque

508 3320 702 3374 iterum
751 3321 1024 3390 psalmista
1083 3324 1412 3394 praedicante
1447 3343 1458 3378 :
1491 3326 1818 3381 Circumdate
1859 3325 2008 3395 Sion,
2043 3335 2088 3382 et
2172 3369 2176 3373 .

506 3410 899 3481 complectimini
943 3429 1080 3483 eam,
1141 3428 1350 3472 narrate
1395 3420 1446 3472 in
1476 3421 1696 3474 turribus
1739 3423 1872 3492 ejus.
1905 3419 2086 3476 Ponite

505 3504 663 3556 corda
682 3511 845 3558 vestra
876 3505 926 3558 in
954 3508 1139 3562 virtute
1175 3511 1305 3580 ejus,
1335 3521 1380 3563 et
1409 3509 1700 3565 dislribuite
1729 3516 1921 3585 gradus
1949 3517 2084 3586 ejus,

504 3607 560 3652 ut
589 3598 832 3651 enarretis
857 3599 908 3652 in
932 3603 1198 3670 progenies
1224 3605 1434 3661 alteras,
1467 3606 1706 3672 quoniam
1731 3605 1815 3657 hic
1829 3614 1900 3660 est
1927 3603 2082 3670 Deus,

505 3687 642 3742 Deus
686 3699 856 3745 noster
897 3692 948 3743 in
992 3699 1266 3756 (sternunt;
1311 3703 1358 3747 et
1400 3695 1507 3762 ipse
1533 3705 1674 3765 reget
1703 3712 1792 3749 nos
1819 3698 1872 3750 in
1900 3697 2088 3750 swcnla

506 3775 680 3845 (Prol.
709 3781 894 3850 van).
923 3780 1019 3835 Hic
1040 3782 1224 3851 procul
1260 3782 1444 3852 dubio,
1492 3786 1582 3854 qui
1613 3787 1660 3840 in
1694 3787 2086 3844 ecclesiasticae

506 3882 623 3922 rum
656 3879 902 3924 narratur
929 3871 1207 3928 altitudine
1252 3872 1586 3945 dignitatum,
1630 3877 1766 3934 et'in
1802 3878 1952 3949 cujus
1980 3880 2087 3935 vir-

507 3971 620 4016 tute
641 3961 794 4017 bonis
815 3964 1067 4032 operibus
1097 3965 1261 4020 corda
1277 3968 1521 4036 ponenda
1548 3979 1690 4039 sunt,
1715 3971 1965 4041 gradibus
1985 3974 2084 4028 uti-

505 4067 610 4120 que
631 4053 956 4124 distributis,
990 4058 1199 4113 cunctis
1216 4059 1358 4114 Deus
1387 4071 1568 4117 noster
1589 4072 1643 4116 ct
1674 4071 1851 4119 rector
1875 4064 2085 4136 populis

506 4146 877 4213 praedicandus
917 4159 1000 4204 est
1044 4149 1388 4208 christianis:
1419 4156 1503 4209 ubi
1538 4169 1697 4211 nemo
1745 4158 1957 4214 sibimet
1982 4159 2082 4213 alia

502 4237 627 4306 quid
650 4238 761 4309 jam
788 4241 1061 4298 existimet
1087 4243 1446 4312 imminutum,
1480 4264 1601 4303 cum
1641 4261 1692 4304 et
1733 4249 1800 4305 de
1832 4251 2082 4306 uniuscu-

501 4327 693 4398 jusque
717 4332 915 4398 gradus
941 4334 1269 4401 perfectione
1291 4339 1423 4392 nihil
1440 4339 1667 4409 deperit,
1689 4350 1739 4393 ct
1761 4341 2082 4396 convenien-

502 4429 587 4474 ter
615 4419 916 4487 retinendo,
949 4425 1089 4492 quod
1139 4429 1341 4483 coelesd
1390 4430 1789 4498 dispensatione
1827 4434 2079 4488 collatum

501 4520 605 4574 est,
664 4513 863 4582 pariter
905 4516 1060 4572 nobis
1113 4529 1167 4575 et
1206 4517 1620 4590 coguoscibilefn
1663 4525 1827 4581 Deum
1855 4527 1993 4597 ﬁeri,
2023 4538 2076 4585 et

499 4577 688 4659 tribuit
717 4618 836 4662 esse
854 4616 1138 4665 rectorem.
1182 4577 1312 4668 Nam
1345 4623 1399 4669 et
1436 4577 1641 4687 sitq—uid
2111 4577 2168 4641 Β

496 4704 805 4764 temporum
844 4703 1142 4770 quantitate
1173 4706 1410 4762 moribus
1451 4720 1732 4782 aggregata
1765 4715 2080 4773 strenuitate

497 4792 784 4855 pensatur:
810 4793 855 4844 si
877 4792 999 4848 vita:
1016 4793 1124 4862 jatn
1143 4795 1233 4869 [αι.
1259 4797 1440 4869 etiam]
1468 4803 1736 4871 proposito
1751 4805 2076 4878 continetur,

500 4878 645 4945 quod
695 4881 954 4948 protelata
997 4884 1170 4941 fuerat
1217 4897 1374 4945 actate
1418 4894 1737 4963 curandum,
1787 4897 2080 4958 dummodo

498 4969 589 5022 illa
620 4971 923 5067 nullatenus
961 4976 1288 5035 dissimulata
1317 4983 1604 5055 subrepant
1633 4987 1726 5060 [aL
1760 4992 2077 5067 subripiunt]

498 5077 726 5131 quorum
773 5063 1069 5137 quodlibet,
1100 5071 1144 5126 si
1176 5073 1352 5130 inesse
1400 5076 1674 5147 claruerit,
1702 5084 1891 5139 merito
1919 5063 2077 5141 cleri:

498 5153 702 5245 salibus
724 5156 905 5214 infulis
925 5163 1312 5230 reprobabilem
1335 5169 1617 5226 convincat
1633 5170 1752 5229 esse
1772 5189 2078 5245 perscriam.

498 5243 613 5302 Etsi
636 5247 725 5304 illa
751 5263 1130 5323 nonnunquam
1174 5256 1396 5314 sinenda
1417 5269 1562 5327 Sunt,
1595 5277 1732 5331 quae,
1768 5243 1811 5320 si
1857 5281 2083 5325 extero-

498 5348 615 5395 rurn
664 5353 870 5402 constet
925 5345 1222 5418 integritas,
1275 5353 1383 5406 sola
1439 5369 1632 5414 nocere
1688 5373 1792 5415 non
1840 5361 2078 5430 valeant,

567 5515 670 5618 ξ
690 5520 878 5618 eqdem
903 5526 1206 5618 codzdejest
1235 5537 1640 5618 temporumque.

619 5587 696 5643 Id.
724 5593 872 5658 cod.,
902 5613 1001 5650 non
1030 5601 1272 5656 audeant.

501 5658 726 5784 Magio:
768 5678 923 5719 causa
966 5669 1118 5726 abest
1144 5687 1176 5728 a
1213 5675 1333 5732 cod.
1363 5676 1499 5734 Just.
1528 5690 1581 5736 et
1610 5681 1677 5740 ab
1704 5684 1832 5741 edit.
1856 5685 1993 5744 1525
2022 5698 2081 5744 et

566 5800 588 5830 ⁸
607 5800 666 5859 In
695 5803 813 5864 cod.
843 5804 976 5867 Luc.
1003 5805 1110 5870 490
1131 5810 1283 5877 deest
1305 5822 1463 5878 autin
1485 5824 1628 5883 Albis
1646 5828 1998 5887 naso/talibus.

2187 1941 2559 2006 diaconorum,
2591 1940 2690 1995 nisi
2721 1938 2882 1994 certis
2913 1935 3242 2010 temporibus
3283 1946 3334 1992 et
3363 1934 3573 2002 diebus,
3606 1950 3766 1994 exer-

2188 2049 2311 2090 cere
2357 2047 2463 2087 non
2491 2033 2509 2063 ¹
2540 2029 2757 2094 debent,
2811 2029 2859 2084 id
2901 2037 3004 2088 est.
3063 2027 3235 2098 quarti
3284 2027 3483 2083 mensis
3529 2027 3761 2096 jejunio,

2188 2124 2423 2195 septimi,
2455 2133 2506 2180 et
2532 2123 2746 2190 decimi,
2785 2121 2877 2178 sed
2909 2131 2961 2176 et
2987 2121 3145 2175 etiam
3168 2118 3638 2190 quadragesimalis
3669 2118 3766 2174 ini-

2191 2221 2270 2286 lii,
2325 2234 2387 2273 ac
2427 2217 2670 2273 mediana
2726 2213 3154 2284 Quadragesimte
3183 2211 3290 2277 die,
3331 2211 3536 2268 sabbati
3563 2210 3768 2282 jejunio

2189 2312 2329 2367 circa
2363 2326 2636 2380 vesperam
2668 2307 2915 2363 noverint
2941 2299 3314 2361 celebrandas.
3349 2303 3462 2360 Nec
3485 2301 3770 2374 enjuslihet

2189 2403 2431 2458 utilitatis
2458 2399 2477 2432 ³
2501 2415 2684 2465 causa,
2726 2414 2818 2453 seu
2851 2395 3220 2468 presbyterum
3247 2410 3341 2452 seu
3371 2393 3655 2450 diaconum
3689 2395 3769 2449 his

2191 2496 2442 2565 prmferrc
2487 2493 2578 2566 [aL
2616 2491 2898 2565 praeferri],
2943 2490 3031 2560 qui
3079 2496 3203 2544 ante
3253 2488 3397 2560 ipsos
3431 2487 3629 2545 fuerint
3681 2503 3768 2542 or-

2191 2587 2378 2642 dinati.

2262 2678 2385 2733 Car.
2420 2676 2532 2732 XII.
2558 2706 2627 2716 -
2653 2677 2864 2731 Devotis
2904 2690 3115 2747 quoque
3158 2674 3267 2731 Deo
3295 2673 3620 2744 virginibus,
3654 2675 3763 2728 nisi

2191 2783 2281 2828 aut
2311 2771 2360 2827 in
2413 2770 2830 2842 Epiphaniarum
2861 2769 2989 2842 [lege
3031 2767 3472 2840 Epiphaniorum]
3512 2767 3600 2823 die
3630 2765 3649 2796 ‘
3678 2776 3770 2822 aut

2191 2868 2242 2922 in
2273 2867 2419 2923 Albis
2464 2864 2833 2934 paschalibus,
2865 2873 2957 2918 aut
3000 2864 3053 2920 in
3102 2862 3471 2934 apostolorum
3517 2859 3770 2916 natalitiis

2191 2957 2398 3014 sacrum
2450 2957 2664 3012 minime
2710 2957 2950 3018 velamen
2999 2956 3308 3026 imponant,
3339 2956 3357 2986 ⁵
3400 2954 3503 3010 nisi
3547 2953 3770 3008 forsitan

2193 3052 2350 3122 (sicut
2382 3050 2448 3105 de
2478 3051 2795 3120 baptismate
2835 3048 3035 3105 dictum
3061 3051 3166 3117 est)
3194 3049 3345 3121 gravi
3373 3048 3626 3117 languore
3651 3061 3771 3102 cor-

2191 3145 2376 3214 reptis,
2403 3160 2468 3199 ne
2494 3145 2609 3199 sine
2642 3143 2742 3198 hoc
2767 3157 2991 3200 munere
3018 3141 3085 3198 de
3110 3143 3307 3199 sacculo
3332 3151 3545 3209 exeant,
3573 3140 3772 3211 implo-
3814 3199 3819 3202 _

2195 3235 2435 3289 tantibus
2467 3251 2571 3288 non
2605 3243 2847 3304 negetur.

2262 3327 2391 3382 Car.
2442 3326 2577 3380 XIII.
2611 3357 2680 3368 -ρ
2710 3327 2729 3357 ⁶
2772 3326 2969 3384 Viduas
3010 3335 3190 3383 autem
3228 3327 3409 3382 velare
3455 3325 3768 3395 pontificum

2192 3419 2370 3474 nullus
2405 3426 2638 3476 attentet
2657 3460 2672 3485 ,
2697 3418 2836 3488 quod
2869 3433 2966 3476 nec
2991 3418 3285 3475 auctoritas
3312 3417 3490 3475 divina
3533 3415 3767 3487 delegat,

2193 3527 2292 3567 nec
2317 3526 2579 3567 canonum
2603 3511 2773 3568 forma
2802 3512 3100 3582 praestituit.
3132 3512 3246 3568 Non
3282 3521 3365 3568 est
3393 3527 3521 3582 ergo
3552 3512 3767 3582 penitus

2192 3603 2588 3672 usurpandum,
2635 3603 2819 3670 eisque
2856 3603 2934 3660 sic
2976 3605 3344 3661 ecclesiastica
3381 3611 3509 3659 sunt
3546 3601 3769 3657 ferenda

2193 3677 2343 3765 [forte
2389 3692 2716 3749 conferenda
2755 3694 2830 3748 vet
2866 3693 3166 3768 inferenda]
3210 3694 3492 3765 praesidia,
3535 3703 3594 3750 ut
3639 3693 3774 3749 nihil

2190 3783 2556 3864 committatur
2586 3783 2857 3840 illicitum.

2259 3877 2386 3932 Car.
2442 3875 2579 3932 XIV.
2619 3901 2689 3918 -ι-
2729 3877 3007 3934 Ceneralis
3056 3879 3218 3935 etiam
3271 3878 3505 3950 querelae
3554 3877 3773 3934 vitanda

2189 3971 2533 4041 praesumptio
2575 3979 2687 4034 est,
2746 3986 2849 4039 qua
2892 3973 3279 4042 propemodum
3321 3981 3610 4027 cansantur
3649 3973 3774 4027 uni-

2189 4064 2349 4128 versi,
2380 4063 2576 4134 passim
2599 4079 2784 4121 servos
2815 4073 2864 4121 et
2898 4067 3246 4138 original-ius,
3280 4065 3620 4121 dominorum
3650 4066 3771 4134 jura

2187 4159 2696 4228 possessionumque
2749 4158 2843 4231 [αι.
2875 4155 3294 4230 possessionem]
3327 4159 3587 4229 fugientes
3607 4196 3622 4223 ,
3667 4158 3771 4212 sub

2187 4248 2454 4320 religiosa:
2481 4250 2907 4306 conversationis
2937 4250 3186 4311 obtentu.
3223 4251 3309 4305 vel
3337 4250 3399 4304 ad
3444 4250 3771 4305 monasteria

2188 4354 2307 4396 sese
2361 4339 2643 4405 conferre,
2693 4340 2775 4396 vel
2821 4341 2887 4396 ad
2946 4342 3368 4397 ecclesiasticum
3423 4342 3771 4406 famulatum,

2188 4430 2599 4486 conniventibus
2632 4417 2728 4506 [aL
2759 4432 3155 4504 cohibentibus]
3190 4448 3400 4504 quoque
3431 4433 3772 4503 praesulibus,

2189 4523 2553 4583 indiderenter
2588 4525 2795 4580 admitti
2830 4544 2841 4579 :
2873 4541 2989 4596 quae
3023 4523 3195 4582 modis
3223 4524 3471 4581 omnibus
3511 4532 3594 4580 est
3622 4539 3774 4580 amo-

2192 4624 2362 4684 venda
2389 4625 2682 4694 pernicies,
2717 4640 2784 4680 ne
2833 4639 2926 4694 per
2955 4623 3242 4680 Christiani
3285 4622 3516 4678 nominis
3556 4621 3774 4676 institu-

2193 4727 2304 4774 tum
2323 4761 2336 4786 ,
2363 4727 2452 4774 aut
2489 4719 2661 4774 aliena
2697 4718 2917 4789 pervadi
2936 4757 2951 4782 ,
2987 4727 3080 4772 aut
3107 4717 3317 4787 publica
3343 4716 3584 4773 videatur
3611 4714 3775 4771 disci-

2191 4814 2335 4883 plina
2374 4813 2610 4869 subverti
2642 4831 2652 4867 :
2689 4813 2956 4883 prazcipue
2986 4827 3106 4866 cum
3138 4826 3239 4868 nec
3271 4811 3454 4881 ipsam
3485 4809 3775 4865 ministerii
3849 4853 3853 4886 ς

2192 4906 2452 4964 clericalis
2472 4909 2571 4963 hac
2586 4907 2911 4976 obligatione
2925 4905 3120 4962 fuscari
3134 4906 3418 4962 conveniat
3432 4905 3773 4974 dignitatem,
3846 4895 3854 4908 ’

2192 5009 2519 5071 cogaturque
2549 5015 2644 5070 pro
2669 5009 2810 5054 statu
2839 4998 3179 5054 militantium
3219 4998 3321 5054 sibi
3361 4998 3776 5065 conditioncque

2188 5094 2416 5164 jurgari,
2449 5104 2540 5150 aut
2563 5091 2756 5159 videri,
2786 5091 2927 5162 quod
2959 5092 3126 5157 absit,
3154 5091 3405 5147 obnoxia.
3436 5090 3639 5158 Quibus
3661 5089 3776 5144 sol—

2192 5185 2343 5240 licita
2380 5191 2747 5253 competenter
2788 5181 3158 5238 interdictione
3187 5181 3502 5252 prohibitis,
3533 5178 3776 5247 quisquis

2195 5279 2512 5350 episcopus,
2560 5276 2862 5348 presbyter,
2909 5284 3000 5331 aut
3029 5275 3324 5341 diaconus,
3355 5276 3436 5330 vel
3466 5289 3651 5329 eorum
3683 5270 3777 5340 qui

2191 5370 2541 5428 monasteriis
2569 5383 2801 5442 praeesse
2825 5377 3147 5433 noscuntur,
3189 5367 3488 5437 hujusmodi
3520 5377 3778 5434 personas

2278 5550 2298 5580 ⁸
2330 5549 2674 5603 Burchardus
2701 5547 2792 5601 lib.
2828 5561 2917 5600 vut
2938 5587 2952 5610 ,
2984 5561 3102 5615 cap.
3132 5547 3228 5608 l5.
3266 5548 3452 5601 inserit
3475 5557 3519 5601 et
3543 5548 3638 5600 nisi
3659 5557 3779 5602 ante

2193 5619 2268 5674 25
2300 5635 2483 5673 annos.
2517 5620 2592 5672 Ita
2619 5619 2738 5686 lego
2766 5619 2817 5671 in
2847 5632 2968 5672 meo
2998 5633 3099 5672 ms.
3121 5617 3278 5682 cod.;
3305 5633 3430 5673 num
3461 5627 3515 5674 et
3545 5618 3594 5673 in
3617 5617 3779 5684 editis

2195 5700 2375 5746 exstet
2406 5690 2609 5759 ignoro.
2645 5691 2831 5743 MANSI.

2223 5827 2228 5832 ι
2273 5763 2292 5793 ⁶
2325 5761 2530 5815 Citatur
2551 5770 2604 5815 et
2634 5775 2662 5812 a
2689 5759 2888 5832 Carolo
2918 5759 3107 5827 Magno
3134 5760 3188 5818 in
3214 5759 3436 5830 capitul.
3459 5759 3778 5832 Aquisgran.

2200 5830 2324 5889 anni
2359 5833 2486 5890 789.
2519 5847 2638 5890 can.
2665 5831 2752 5888 59.
2787 5830 3042 5888 liensum.
