4104 6356
247 373 312 429 55
1439 372 1788 431 EPISTOLA‘.
1830 368 1916 426 ET
1958 360 2303 428 DE'CRE'I‘A.
3443 373 3515 435 Fil-

245 484 381 553 apud
406 498 463 540 se
496 495 738 542 tenentes
762 502 863 542 non
894 487 1245 542 restituendas
1273 485 1529 554 patronis,
1562 483 1824 539 autdein—
1855 484 1904 544 Λ
1933 490 2075 537 mota
2098 524 2113 551 ,
2161 498 2265 538 non
2309 484 2481 539 solum
2512 484 2581 539 de
2631 484 2779 538 lactis
2833 484 3101 540 atrocibus
3156 488 3513 542 necessariam

243 586 369 643 ccps
401 576 485 631 vel
508 578 886 635 ecclesiastica
904 579 1163 641 servituti,
1191 580 1273 630 vel
1302 576 1568 646 religiosis
1596 590 1824 645 congre-

244 667 544 737 gationibus
594 672 893 739 putaverint
939 670 1285 741 applicandas
1315 709 1329 732 ,
1387 669 1487 723 nisi
1550 670 1824 723 voluntate

246 760 469 814 forsitan
497 760 866 825 dominorum,
910 764 1009 818 sub
1038 763 1330 829 Scriptum
1369 761 1675 817 testimonio
1710 760 1825 831 pri-

246 850 404 906 mitus
433 854 725 919 absolutas,
757 856 839 909 vel
868 856 1098 924 legitima
1125 856 1487 909 trausactione
1516 866 1823 919 concessas,

247 946 541 1012 periculum
579 961 635 1001 se
666 948 883 1003 honoris
925 950 1122 1018 proprii
1152 962 1255 1002 non
1290 947 1561 1017 ambigam
1584 961 1826 1001 commu-

249 1038 528 1106 IliOIIistlllc
550 1040 845 1109 subituros,
872 1043 914 1095 si
943 1055 1104 1110 super
1127 1041 1225 1095 hac
1248 1056 1305 1095 re
1330 1041 1642 1110 cujusquam
1665 1054 1826 1095 verax

248 1143 348 1181 nos
376 1130 589 1198 querela
617 1131 926 1199 pulsaverit.
966 1130 1172 1201 Magnis
1193 1134 1379 1201 quippe
1402 1132 1607 1195 studiis,
1632 1146 1826 1185 secun-

250 1220 369 1274 dum
414 1223 623 1276 beatum
653 1223 988 1293 Apostolum,
1026 1223 1413 1293 pra'cavendnm
1440 1232 1510 1278 est
1540 1240 1600 1277 ne
1630 1224 1756 1291 ﬁdes
1780 1233 1829 1276 et

250 1314 518 1382 disciplina
548 1312 757 1369 Domini
783 1316 1159 1385 blasphemetur
1194 1315 1245 1385 (1
1276 1314 1412 1368 Tim.
1450 1314 1545 1383 vr).

316 1404 444 1458 Car.
474 1406 586 1459 XV.
620 1437 687 1446 -—
716 1408 1064 1477 Consequens
1106 1408 1205 1461 fuit
1245 1418 1299 1461 ut
1348 1408 1435 1461 illa
1472 1422 1683 1476 quoque
1710 1421 1829 1476 qua:

249 1496 313 1549 de
364 1498 539 1553 Piceni
570 1501 807 1568 partibus
855 1515 1023 1569 nuper
1051 1500 1115 1554 ad
1148 1515 1246 1555 nos
1281 1500 1442 1553 missa
1475 1500 1662 1553 relatio
1690 1514 1828 1553 nun-

253 1591 418 1654 liuvit,
451 1606 556 1646 non
581 1594 949 1661 prs-tereunda
984 1606 1322 1661 putaremus,
1359 1594 1408 1646 id
1436 1603 1538 1655 est,
1572 1594 1831 1661 plurimos

249 1682 563 1737 clericorum
595 1685 1047 1753 negotiationibus
1076 1685 1373 1739 inhonestis
1401 1694 1457 1740 et
1484 1684 1643 1739 lucris
1664 1686 1830 1753 turpi-

250 1777 350 1829 bus
376 1777 685 1842 imminere,
722 1778 866 1830 nullo
903 1778 1107 1846 pudore
1148 1785 1432 1831 cernentes
1472 1776 1831 1844 erangelicam

1933 573 2322 643 paenitudinem
2352 587 2458 628 non
2487 574 2706 641 habere,
2733 575 2827 631 sed
2859 589 2957 632 nec
2986 575 3163 646 aliqua
3180 577 3515 633 corrcCtione

1932 666 2143 735 penitus
2173 666 2523 732 succedente,
2573 667 2638 719 ad
2685 666 2924 722 divinum
2961 669 3313 724 ministerium
3348 668 3515 724 bono.

1932 772 2154 827 remque
2178 758 2525 813 contendere.
2564 756 2861 815 Nonnullos
2905 768 3085 817 autem
3115 761 3273 815 etiam
3304 760 3355 814 in
3386 760 3516 831 ipsis

1933 852 2213 907 ordinibus
2250 854 2594 919 constitutos,
2620 852 2873 922 gravibus
2914 853 3282 926 delinquentes
3316 853 3517 913 facino-

1932 947 2102 1007 ribus,
2137 962 2243 1003 non
2266 947 2478 1016 repelli,
2506 962 2626 1001 cum
2654 956 2709 1001 et
2734 946 3018 1016 Apostolus
3039 948 3234 1005 clamet
3266 968 3277 1003 :
3312 949 3517 1005 Nemini

1933 1040 2031 1089 cito
2061 1054 2241 1090 atauus
2266 1038 2622 1107 imponendae,
2650 1054 2809 1107 neque
2833 1039 3314 1093 communicandum
3344 1058 3518 1106 peccato

1933 1132 1995 1183 tis
2020 1130 2200 1183 alienis
2231 1131 2278 1199 (Ι
2310 1129 2446 1185 Tim.
2478 1132 2566 1199 v);
2594 1140 2648 1185 et
2674 1130 2937 1199 majorum
2978 1132 3282 1186 veneranda
3314 1134 3517 1188 consti-

1935 1230 2043 1277 tuta
2090 1224 2319 1293 (Nicwni
2346 1224 2471 1292 9I0)
2507 1223 2877 1305 pronuntient,
2916 1222 3244 1291 hujusmodi,
3283 1226 3443 1279 etiam
3476 1228 3518 1279 si

1934 1318 2072 1371 forte
2102 1316 2495 1385 subrepserint,
2530 1325 2637 1370 tam
2682 1315 2773 1386 qui
2814 1323 2939 1369 ante
2972 1323 3349 1383 peccaverunt,
3374 1314 3523 1370 dete-

1934 1417 2050 1463 ctos
2077 1417 2330 1475 oportere
2372 1408 2583 1477 repelli,
2617 1423 2776 1479 quam
2807 1422 2979 1462 sacra!
3007 1407 3360 1476 professionis
3388 1406 3523 1462 obli-

1936 1508 2041 1564 tos,
2075 1500 2619 1570 praevaricatoresque
2648 1498 2819 1554 sancti
2841 1497 3118 1569 propositi,
3152 1499 3336 1569 procul
3361 1498 3524 1555 dubio

1935 1590 2358 1646 submovendas.

2006 1684 2136 1737 Car.
2176 1684 2319 1738 XIX.
2348 1713 2416 1724 —
2445 1684 2627 1754 Usque
2667 1683 2803 1738 adeo
2851 1697 2981 1739 sane
3026 1684 3383 1751 comperimus
3425 1683 3524 1755 illi.

1938 1778 2043 1829 cita
2074 1790 2300 1843 quaeque
2333 1790 2710 1844 prorumpere,
2742 1783 2800 1829 ut
2822 1781 2844 1805 '
2865 1774 3211 1830 dacmoniacis
3235 1774 3525 1833 similibus-

253 1867 564 1932 Iectionem,
590 1884 691 1938 qua
733 1869 848 1937 ipse
885 1869 1139 1923 Dominus
1175 1870 1535 1937 negotiatores
1576 1883 1605 1922 e
1639 1869 1836 1937 templo
1870 1870 1918 1928 B
1943 1880 2045 1934 que
2072 1864 2166 1936 [αι.
2193 1866 2435 1919 daemone
2464 1864 2709 1935 aliisque]
2746 1866 3085 1933 passionibus
3123 1867 3347 1921 irretitis
3371 1866 3526 1921 mini-

256 1958 568 2012 vcrberatos
602 1959 826 2029 ﬂagellis
872 1962 1130 2015 asseritur
1158 1961 1427 2031 expulisse
1464 1959 1683 2025 (illatth.
1719 1975 1841 2025 xxi;

254 2048 409 2104 Joan.
446 2051 537 2119 n);
571 2065 668 2105 nec
696 2052 935 2121 Apostoli
966 2053 1124 2106 verba
1149 2054 1476 2117 recolentes,
1502 2054 1693 2122 quibus
1715 2053 1786 2105 ait
1818 2070 1832 2107 :

252 2141 418 2195 Nemo
466 2143 689 2197 militans
742 2144 849 2199 Deo
896 2146 1122 2215 implicat
1161 2162 1215 2198 se
1256 2147 1467 2217 negatiis
1506 2145 1836 2199 saecularibus

246 2232 335 2303 (ll
368 2233 496 2287 Tim.
527 2236 615 2303 n);
644 2234 980 2291 Psalmistam
1029 2250 1242 2306 quoque
1290 2237 1453 2290 David
1484 2237 1646 2290 surda
1678 2236 1835 2291 ctissi-

244 2327 515 2381 mttlattles
536 2342 664 2381 aure
686 2336 992 2381 cantantem
1027 2344 1039 2379 :
1077 2328 1333 2395 Quoniam
1366 2345 1465 2382 non
1487 2329 1713 2400 cognorit
1745 2344 1835 2382 ne‘

244 2418 569 2486 gotiatiouet,
602 2418 822 2471 iutroibo
852 2420 900 2471 in
939 2420 1191 2487 potentias
1244 2419 1449 2474 Damini
1479 2419 1653 2490 (Paul.
1684 2420 1831 2491 ιη).

247 2508 483 2563 Proinde
529 2507 831 2577 bujusmodi
872 2518 959 2562 aut
986 2510 1053 2565 ab
1081 2512 1311 2582 indignis
1348 2520 1468 2581 post
1492 2513 1589 2567 hac
1618 2514 1836 2582 quaesti~

244 2604 348 2658 bus
390 2604 637 2659 noverint
674 2603 1050 2659 asbtinendum
1079 2649 1092 2672 ,
1143 2614 1196 2660 et
1240 2608 1306 2659 ab
1351 2607 1495 2660 omni
1555 2606 1837 2675 cujuslibet

242 2697 623 2767 negotiationis
669 2696 906 2767 ingenio.
931 2698 1013 2752 vel
1044 2698 1335 2767 cupiditate
1362 2698 1712 2763 cessandum;
1746 2708 1838 2753 aut

242 2790 300 2844 in
330 2804 648 2859 quocunque
690 2788 857 2858 gradu
902 2790 1006 2844 sint
1048 2791 1244 2858 positi,
1275 2805 1396 2844 mox
1426 2805 1455 2843 a
1501 2790 1836 2846 clericalibus

239 2882 438 2935 ofticiis
474 2882 486 2911 ¹
520 2881 793 2936 abstinere
847 2891 1143 2951 cogantur:
1188 2883 1440 2951 quoniam
1484 2882 1679 2937 domus
1716 2882 1831 2946 Dei,

236 2976 435 3028 dmnus
467 2973 724 3026 orationis
753 2972 902 3044 (an.
936 2975 1049 3043 XIX)
1075 2982 1129 3028 et
1154 2974 1453 3030 essedebet
1475 3014 1491 3040 ,
1534 2984 1587 3029 et
1609 2974 1734 3037 dici,
1769 2988 1836 3028 ne

232 3069 461 3122 cltlcina
490 3068 870 3138 negotiationis
898 3076 951 3123 et
982 3067 1233 3137 spelunca
1262 3068 1438 3138 potius
1467 3069 1535 3122 sit
1568 3069 1833 3123 latronum

241 3159 413 3227 (lsai.
448 3159 527 3227 ι).

1945 1957 2106 2012 steria
2137 1956 2229 2029 [aL
2269 1956 2543 2027 mysteria]
2580 1967 2916 2012 sacrosancta
2958 1966 3189 2012 tractare
3235 1958 3519 2013 tribuatur.

1943 2049 2148 2114 Quibus
2173 2050 2217 2102 si
2244 2047 2344 2101 hoc
2371 2062 2533 2118 opere
2552 2048 2741 2116 positis
2762 2048 2958 2117 aliquid
2984 2048 3213 2116 pmpriae
3239 2048 3527 2103 necessita-

1943 2144 2011 2198 tis
2038 2152 2306 2206 oceurrat,
2340 2143 2461 2213 quis
2506 2143 2575 2198 de
2618 2158 2711 2197 sua
2747 2144 2947 2213 [supple
2972 2142 3058 2212 ac]
3099 2141 3331 2197 Iideliutn
3360 2143 3529 2198 salute

1941 2236 2193 2302 conﬁdet,
2216 2236 2306 2289 ubi
2330 2235 2609 2291 ministros
2636 2235 2784 2305 ipsos
2802 2234 3097 2289 curationis
3120 2233 3365 2289 humana:
3386 2242 3530 2290 tanta

1940 2328 2281 2399 perspexerit
2307 2327 2611 2382 calamitate
2637 2326 3046 2395 vexari?Atque
3070 2325 3191 2382 ideo
3224 2326 3530 2381 necessario

1941 2420 2251 2476 removendi
2283 2427 2431 2485 sunt,
2462 2434 2528 2474 ne
2548 2419 2900 2489 quibuslibet,
2938 2433 3036 2487 pro
3064 2418 3254 2487 quibus
3285 2419 3530 2473 Christus

1942 2524 2025 2568 est
2069 2522 2335 2580 mortuus,
2366 2512 2683 2567 scandalum
2732 2522 3021 2582 generetur
3068 2512 3297 2566 inﬁrmis
3349 2512 3527 2583 (Rom.

1942 2621 2057 2668 xw;
2088 2603 2151 2658 II
2178 2605 2295 2661 Cor.
2352 2604 2487 2673 vni).
2522 2605 2832 2667 Postremo,
2886 2605 2929 2657 si
2972 2617 3200 2671 corpore
3234 2604 3531 2660 saueiatum

1941 2698 2184 2753 fortassis
2211 2704 2305 2753 aut
2333 2695 2566 2751 debilem
2586 2740 2601 2761 ,
2640 2702 2974 2764 nequaquam
3005 2704 3191 2749 sancta
3218 2695 3532 2763 contingere

1943 2790 2030 2845 lex
2060 2789 2244 2844 divina
2278 2788 2535 2857 permittit
2565 2786 2749 2858 (Lavit.
2792 2784 2935 2854 xxi);
2970 2795 3171 2854 quanto
3202 2786 3370 2855 magis
3405 2785 3532 2840 doni

1941 2882 2176 2938 ctelestis
2217 2882 2618 2957 dispensatores
2669 2895 2790 2935 esse
2842 2894 2947 2934 non
2989 2881 3259 2941 convenit,
3285 2879 3427 2949 quod
3450 2892 3533 2936 est

1942 2976 2201 3039 deterius,
2228 2983 2410 3029 mente
2437 2975 2712 3041 perculsos
2740 2972 2834 3043 (al.
2866 2972 3211 3043 percussos]?

2012 3066 2141 3121 Car.
2176 3066 2293 3122 XX.
2319 3095 2390 3108 -
2418 3063 2725 3135 Virginibus
2768 3071 2948 3117 autem
2999 3061 3169 3116 sacris
3224 3071 3425 3119 temere
3474 3078 3533 3118 se

1940 3158 2200 3228 quosdam
2231 3158 2441 3213 sociare
2490 3155 2859 3227 cognovimus,
2896 3163 2952 3209 et
3001 3164 3119 3223 post
3142 3154 3378 3211 dicatqu
3420 3156 3533 3212 Deo

319 3248 449 3305 Car.
482 3248 708 3303 XVI.—
734 3249 1038 3306 Illitteratos
1067 3266 1297 3323 quoque,
1322 3260 1377 3307 et
1401 3254 1649 3306 nonnulla
1690 3263 1838 3323 parte
1864 3251 1910 3314 Ο
1946 3251 2303 3322 propositum,
2356 3253 2560 3306 incesta
2605 3250 2806 3306 ltedera
2863 3248 3232 3317 sacrilegaque
3280 3250 3530 3305 miscere.

226 3342 491 3407 corporis
516 3341 851 3408 imminutos,
884 3342 1000 3397 sine
1030 3343 1136 3396 ullo
1150 3352 1397 3413 respectu
1426 3344 1490 3396 ad
1511 3344 1836 3399 ecclesiasti-

228 3442 367 3489 cum
400 3434 689 3490 didicimus
719 3436 907 3490 venire
936 3437 1235 3491 servitium.
1262 3436 1412 3503 Quod
1445 3437 1599 3491 simul
1623 3441 1839 3508 antiqua

227 3526 491 3593 traditio,
521 3535 575 3581 et
606 3526 919 3595 apostolica:
940 3529 1082 3582 sedis
1111 3536 1262 3583 vetus
1288 3528 1453 3582 Io‘rma
1486 3544 1589 3583 non
1619 3530 1834 3599 recipit;

227 3620 367 3687 quia
398 3630 497 3673 nec
528 3619 718 3674 litteris
748 3634 938 3675 carens
967 3624 1135 3676 sacris
1171 3636 1292 3675 esse
1323 3631 1496 3689 potest
1527 3631 1683 3689 aptus
1713 3622 1834 3677 om-

1943 3348 2089 3415 Quos
2136 3346 2381 3413 protinus
2430 3359 2641 3415 aquum
2671 3353 2751 3398 est
2773 3357 2802 3397 a
2844 3355 2995 3396 sacra
3025 3342 3404 3409 communione
3434 3341 3532 3396 de-

1946 3439 2107 3503 trudi,
2141 3447 2193 3491 et
2241 3437 2342 3491 nisi
2399 3452 2493 3506 per
2524 3436 2790 3505 publicam
2837 3438 3220 3507 probatumque
3269 3439 3533 3505 pleniten-

1947 3532 2095 3592 tiam,
2152 3528 2372 3582 omnino
2400 3542 2525 3601 non
2569 3527 2761 3595 recipi,
2790 3528 2809 3557 ⁵
2840 3528 2933 3583 sed
2974 3536 3150 3583 tamen
3190 3528 3438 3582 viaticum
3467 3525 3534 3579 de

1945 3622 2146 3675 saeculo
2162 3618 2581 3683 transeuntibus,
2605 3619 2650 3673 si
2675 3628 2850 3677 tamen
2868 3619 3237 3688 prenitu'erint,
3261 3633 3366 3673 non
3394 3617 3413 3646 ⁸
3437 3632 3533 3672 ne-

224 3712 336 3770 clis
423 3720 480 3767 et
520 3714 769 3769 vitiosum
816 3714 947 3768 nihil
995 3729 1214 3783 prorsus
1265 3717 1371 3771 Deo
1418 3716 1597 3771 olierri
1645 3717 1835 3788 legalis

223 3814 516 3876 praecepta
558 3818 850 3863 sanxerunt
887 3807 1068 3881 (Levii.
1098 3825 1219 3874 xxi;
1261 3810 1412 3864 Dent.
1448 3812 1602 3879 xvu).
1652 3813 1835 3880 Itaque

220 3901 298 3952 de
348 3905 554 3954 caetero
601 3900 773 3955 modis
802 3900 1051 3955 omnibus
1073 3903 1092 3932 '
1127 3902 1239 3956 bmc
1270 3904 1525 3970 vitentur,
1568 3918 1665 3958 nec
1689 3905 1835 3974 quis-

220 4006 403 4064 quam
449 3993 571 4047 talis
617 3992 937 4064 suscipiatur
978 3994 1029 4048 in
1072 3994 1295 4050 clerum.
1346 3996 1402 4051 Si
1443 3997 1532 4065 qui
1586 4012 1715 4051 vero
1751 3996 1833 4051 vel

218 4086 552 4144 temeritate
597 4088 815 4158 propria
843 4129 857 4155 ,
889 4087 975 4143 vel
1026 4087 1229 4143 incuria
1273 4090 1669 4159 praesidentium
1701 4090 1835 4145 tales

217 4190 360 4237 ante
392 4183 632 4250 suscepti
662 4182 807 4250 simt,
843 4182 895 4235 in
928 4181 1009 4235 bis
1032 4181 1226 4250 quibus
1250 4182 1523 4236 constituti
1556 4190 1678 4236 sunt
1704 4183 1836 4237 locis

214 4284 467 4329 eatenus
502 4281 881 4342 perseverent,
925 4281 984 4327 ut
1041 4272 1174 4327 nihil
1205 4286 1435 4344 unquam
1485 4274 1838 4343 promotionis

215 4368 237 4396 ³
278 4364 604 4435 accipiant;
632 4365 870 4434 satisque
900 4364 1131 4420 habeant
1162 4366 1262 4420 hoc
1308 4366 1479 4435 ipsum
1505 4365 1602 4419 sibi
1631 4380 1725 4433 pro
1750 4365 1833 4418 nio

212 4458 334 4512 nria
373 4458 730 4512 miseratione
758 4458 1097 4527 permissum.
1250 4483 1257 4494 -
1946 4453 2081 4508 Tim.
2111 4452 2187 4525 v).
2214 4452 2363 4508 Sicut
2390 4453 2555 4517 enim,
2584 4452 2629 4507 si
2658 4465 2719 4506 se
2744 4450 2963 4505 forsitan
2996 4450 3272 4505 continere
3304 4462 3408 4502 non
3442 4462 3534 4515 po-

292 4549 448 4603 Csr.
500 4546 659 4602 XVII.
695 4576 761 4587 —-
792 4546 867 4601 De
910 4548 995 4603 bis
1024 4558 1199 4603 autem
1238 4548 1326 4617 qui
1374 4548 1582 4617 seipsos
1621 4548 1835 4603 abscin-
1947 4558 2159 4613 terant,
2222 4546 2517 4601 secundum
2563 4545 2920 4613 Apostolum,
2974 4543 3282 4598 nullatenus
3334 4539 3535 4593 nubere

211 4640 390 4708 dunt,
424 4638 636 4707 paterni
659 4655 891 4695 canones
908 4640 1186 4695 evidenter
1210 4642 1478 4709 sequenda
1505 4653 1829 4710 posuerunt;
1864 4633 1917 4692 Β
1946 4642 2262 4696 vetabantur
2310 4639 2363 4711 (Ι
2397 4638 2515 4693 Cor.
2544 4637 2677 4707 vn);
2710 4638 2787 4693 sic
2816 4637 2995 4693 habita
3043 4650 3223 4689 secum
3265 4632 3534 4687 delibera-

210 4744 474 4800 «μνη-ειη]
518 4736 758 4785 tenorem
800 4730 1028 4785 sufﬁciat
1072 4730 1351 4785 indidisse.
1412 4731 1601 4785 Dicunt
1653 4733 1831 4800 enim,
1949 4735 2130 4799 tione,
2168 4734 2484 4802 promissam
2541 4733 2650 4789 Deo
2695 4732 2963 4802 pudicitiae
3014 4730 3172 4785 Iidem
3205 4726 3406 4783 debent
3436 4726 3530 4799 [ιιι.

212 4825 357 4879 talia
399 4831 801 4892 perpetrantes,
833 4838 955 4879 mox
999 4832 1058 4878 ut
1095 4823 1255 4894 agniti
1286 4822 1516 4893 fuerint,
1552 4839 1579 4877 a
1610 4840 1833 4881 munere
1946 4826 2271 4896 debuerunt]
2313 4826 2603 4881 custodire.
2635 4826 2743 4879 Nos
2785 4834 2960 4880 autem
3001 4822 3194 4878 talibus
3224 4820 3428 4875 nullum
3460 4820 3537 4875 Ia-

209 4914 484 4970 ctericali
513 4914 710 4970 debere
736 4916 961 4972 secludi.
991 4916 1140 4983 Quod
1175 4917 1346 4971 modis
1377 4918 1627 4972 omnibus
1654 4929 1834 4973 CDSIO—
1946 4937 2143 4992 qucum
2192 4920 2449 4975 debemus
2478 4919 2729 4988 injicere;
2778 4918 2872 4974 sed
2919 4918 3090 4973 solum
3135 4915 3537 4972 adhortationes

209 5008 343 5063 dire
379 5020 491 5062 "05
522 5008 791 5073 θοηνεηίι,
815 5009 939 5078 quia
965 5010 1041 5062 las
1060 5023 1180 5065 esse
1200 5010 1328 5064 nulli
1353 5010 1831 5082 suppeditatquid-
1948 5020 2155 5089 praemii
2184 5017 2522 5088 sempiterni,
2552 5028 2841 5085 pinnasque
2865 5026 3165 5083 praponcre
3195 5009 3360 5065 divini
3382 5007 3531 5079 judi-

209 5119 395 5172 quam
452 5108 651 5169 praeter
695 5100 785 5154 illa
814 5114 934 5170 qua:
982 5104 1341 5156 memorabilis
1380 5101 1616 5156 decrevit
1660 5104 1830 5159 forma
1947 5112 2038 5174 cii,
2074 5120 2131 5164 ut
2176 5120 2229 5164 et
2259 5120 2437 5164 nostra
2466 5109 2535 5161 sit
2577 5108 2817 5161 absoluta
2859 5103 3208 5171 conscientia,
3238 5110 3292 5157 et
3323 5102 3536 5155 illarum

208 5210 490 5251 ccllsel'e-
1947 5217 2048 5273 pro
2072 5218 2131 5259 se
2174 5204 2447 5271 rationem,
2477 5201 2586 5256 Deo
2619 5200 2805 5255 reddat
2836 5198 3081 5254 intentio.
3117 5193 3425 5250 Cavendum
3454 5195 3537 5243 est

288 5290 444 5343 Car.
481 5282 662 5340 XVIII.
697 5316 765 5327 ——
794 5287 1165 5357 Comperimus
1191 5288 1347 5340 etiam
1390 5289 1676 5347 horrendis
1705 5294 1827 5362 qui-
1947 5296 2183 5365 quippe,
2232 5305 2291 5349 ut
2316 5296 2401 5350 -de
2436 5310 2619 5349 earum
2668 5292 2905 5349 moribus
2935 5296 2953 5326 θ
2993 5290 3307 5358 actibusque
3352 5286 3537 5339 beatus

206 5380 470 5436 busdam
500 5377 813 5435 criminibus
838 5379 1172 5450 implicatos,
1208 5386 1317 5435 tota
1346 5380 1671 5440 discretione
1701 5385 1831 5442 sub-
1945 5391 2242 5459 Apostolus
2291 5388 2341 5454 (1
2393 5390 2525 5442 Tim.
2572 5389 2627 5459 v)
2680 5394 2940 5455 testatur,
2990 5384 3130 5455 quod
3188 5379 3395 5451 plenius
3440 5376 3530 5447 Ial.

1888 3752 1891 3755 ‹
1944 3724 2117 3786 getur.

2010 3810 2140 3863 CAP.
2175 3806 2315 3863 XXI.
2338 3836 2408 3848 --
2428 3807 2559 3862 Nam
2588 3807 2657 3863 de
2680 3806 2854 3863 viduis
2868 3808 2971 3863 sub
2993 3805 3137 3862 nulla
3160 3803 3533 3860 benedictione

1892 3914 1909 3927 ‘
1940 3902 2539 3972 velandis,‘superius'
2568 3902 2677 3959 late
2722 3903 3157 3972 sullicienterque
3190 3900 3532 3971 przediximus

1943 3996 2096 4068 [forte
2127 3996 2225 4065 leg.
2260 3997 2415 4052 latius
2447 3996 2697 4053 duximus
2726 3994 3139 4067 disserendum].
3173 3994 3303 4062 Quae
3334 3995 3375 4048 si
3408 4008 3531 4064 pro—

1945 4089 2057 4156 pria
2088 4088 2366 4146 voluntate
2391 4090 2687 4160 prolessam
2717 4088 2924 4156 pristini
2969 4086 3201 4153 coniugii
3229 4085 3530 4139 castitatem

1946 4180 2193 4233 mutabili
2224 4189 2404 4233 mente
2428 4178 2777 4241 calcaverint,
2809 4176 3234 4245 perieuliearum
3268 4172 3529 4238 intererit,

1946 4271 2089 4340 quali
2137 4270 2304 4324 Deum
2351 4270 2583 4323 debeant
2620 4266 2982 4321 satisfactione
3034 4265 3283 4334 placare,
3336 4264 3359 4337 ’ἢ
3409 4262 3532 4331 quia

1950 4363 2118 4433 (juxta
2153 4359 2491 4431 Apostolum)
2521 4360 2741 4428 primaut
2770 4359 2924 4427 [idem
2970 4357 3169 4410 irritant
3209 4358 3436 4425 fecerunt
3481 4353 3532 4424 (I

287 5568 303 5597 ί
345 5561 499 5617 Cod.
526 5560 635 5615 Luc
662 5561 788 5629 £90,
822 5561 979 5616 abire.

282 5641 303 5669 ²
338 5637 404 5690 In
446 5633 634 5687 eodem
661 5633 779 5687 cod.
804 5634 997 5689 desunt
1025 5634 1130 5690 lucc
1154 5636 1389 5692 vitentur.

278 5711 304 5740 ³
343 5705 437 5759 Id.
465 5704 610 5769 cod.,
654 5705 925 5775 arripiant.

279 5779 303 5811 δ
339 5777 432 5832 Id.
467 5776 609 5839 cod.,
643 5776 903 5829 dwmonis.

277 5852 301 5883 ³
332 5848 491 5904 Gud.
523 5845 649 5899 Luc.
673 5846 796 5912 Mlti,
828 5858 915 5900 aut
941 5847 1018 5903 Itis
1048 5862 1191 5903 certe.
1252 5880 1261 5886 -

2017 5566 2036 5595 ⁸
2068 5565 2143 5621 Id.
2169 5568 2314 5632 cod.,
2350 5567 2548 5632 negari.

2011 5637 2029 5667 ⁷
2064 5637 2137 5690 Id.
2166 5628 2311 5703 cod.,
2338 5628 2492 5691 latius
2525 5636 2752 5690 diximus
2786 5628 3155 5707 disserendum.
3344 5700 3355 5707 _
3438 5698 3446 5707 ‘

2007 5706 2112 5789 f’ln
2141 5700 2328 5764 eodem
2370 5709 2492 5761 cod.
2522 5708 2717 5765 desunt
2762 5701 3041 5771 sequentia
3084 5716 3252 5771 usque
3294 5700 3357 5754 ad
3404 5700 3535 5750 sicut

1614 5796 1617 5801 ·
1659 5824 1669 5849 ,η
1934 5794 2091 5833 enim.

1558 5860 1609 5911 κ-
2005 5854 2024 5883 ’³
2058 5850 2130 5905 ld.
2167 5848 2310 5917 cod.,
2344 5848 2559 5915 actibus,
2594 5863 2729 5917 qua.
