4104 6356
561 338 635 400 55
1915 336 2182 394 causa
2219 338 2418 395 pars:
2457 340 2475 395 ι
3766 336 3851 406 ω

565 460 809 531 planius;
831 458 907 513 ita
946 461 999 513 in
1032 457 1183 528 Luc.]
1213 470 1482 525 exponere
1508 455 1865 524 prieterimus,
1895 470 1962 510 ne
1986 469 2147 509 sexus
2176 458 2227 514 Α
2256 456 2301 509 si
2334 465 2510 509 tamen
2542 454 2884 509 sacerdotum
2922 456 3031 523 jam
3063 456 3448 512 sintvocahulo
3473 460 3841 530 nuncupandi,

561 553 827 609 instabilis
854 567 961 608 non
999 560 1105 608 tam
1150 548 1409 606 deterreri
1453 562 1614 619 quam
1638 546 1917 603 admoneri
1968 548 2149 605 videa-

561 657 669 704 tur.

630 738 758 793 Car.
794 737 955 793 XXII.
992 767 1060 778 —
1084 736 1358 796 Secundas
1388 734 1599 805 nuptias
1628 733 1769 789 sicut
1798 732 2148 788 saecularibus

560 830 698 886 inire
734 831 1075 897 conceditur,
1124 832 1195 885 ita
1227 839 1346 900 post
1365 844 1459 885 eas
1484 827 1661 883 nullus
1686 826 1750 880 ad
1793 826 2045 881 clericale
2074 825 2147 880 si-

560 923 703 978 nitur
730 924 917 978 venire
941 923 1248 993 collegium.
1279 922 1393 977 Alia
1420 930 1505 977 est
1533 920 1675 975 enim
1701 918 1949 973 humana:
1980 917 2145 986 fragi-

558 1015 691 1071 litati
719 1016 1044 1086 generaliter
1066 1030 1319 1070 concessa
1342 1014 1579 1077 licentia,
1601 1012 1704 1067 alia
1718 1012 1879 1066 debet
1903 1025 2023 1066 csse
2039 1011 2145 1065 vita

556 1108 860 1163 divinarum
892 1124 1072 1164 rerum
1097 1107 1316 1163 servitio
1346 1108 1361 1138 ¹
1388 1106 1652 1161 dedicata.

624 1198 755 1253 Car.
788 1200 979 1254 XXIII.
996 1199 1329 1269 —.Quisquis
1354 1198 1583 1279 pr0priae
1611 1200 1853 1252 desertor
1877 1196 2144 1259 ecclesiae,

558 1291 719 1345 nullis
748 1292 1101 1347 existentibus
1127 1292 1335 1355 causis,
1367 1290 1431 1344 ad
1470 1289 1628 1344 aliam
1662 1287 1934 1359 putaverit
1960 1296 2144 1341 trans-

557 1383 827 1449 eundum,
862 1394 1173 1454 temereque
1216 1392 1498 1453 susceptus
1526 1382 1688 1436 fuerit
1726 1390 1784 1436 et
1826 1388 2141 1447 promotus,

558 1477 982 1533 reverendorum
1029 1492 1293 1533 canonum
1338 1477 1424 1533 vel
1469 1478 1583 1546 ipse
1629 1474 1715 1535 vel
1765 1482 2011 1543 receptor
2052 1471 2142 1544 [ad

556 1582 717 1635 quem
760 1567 1031 1638 profectus
1080 1568 1180 1639 est]
1231 1571 1347 1637 ejus
1394 1578 1556 1638 atque
1603 1576 1893 1637 provector
1943 1564 2143 1619 consti-

557 1669 666 1715 tuta
708 1677 812 1717 non
840 1662 1089 1733 eﬁ‘ugiet,
1126 1678 1245 1733 qua:
1273 1663 1341 1717 de
1381 1660 1683 1731 hujusmodi
1731 1657 2139 1731 prtesumptori—

555 1750 652 1807 bus
688 1755 968 1823 praeﬁxere
996 1754 1258 1810 servanda
1289 1753 1519 1823 (Nicami
1542 1768 1607 1807 xv
1628 1761 1674 1806 et
1703 1754 1833 1820 xvt).

2253 548 2343 617 qui
2374 549 2394 579 ⁸
2425 548 2728 617 delegatum
2770 547 2869 602 sibi
2908 548 3181 617 religionis
3223 548 3456 604 oflicium
3494 551 3572 605 sic
3604 561 3846 619 proster-

2253 654 2381 695 nere
2427 638 2737 704 moliuntur,
2767 647 2827 694 ut
2870 640 2921 693 in
2952 655 3200 709 perversa
3252 656 3479 711 quaeque
3509 641 3845 714 profanaque

2251 734 2507 799 declives,
2557 735 2673 789 sine
2704 734 2813 789 ullo
2835 744 3082 803 respectu
3108 734 3310 803 regula:
3351 732 3673 791 Christianas
3702 752 3847 806 prae-

2250 826 2429 895 cipitia
2467 825 2674 882 funesta
2701 834 2994 880 sectentur.
3028 826 3269 897 Cumque
3299 828 3561 896 scriptum
3590 828 3658 883 sit
3690 848 3702 881 :
3737 829 3847 885 Mi-

2250 918 2385 971 nima
2431 920 2518 988 qui
2563 919 2778 988 spernit,
2812 919 3063 987 paulatim
3100 918 3286 973 decidit
3333 918 3525 986 (Eccli.
3576 937 3661 976 xIx
3684 962 3699 985 ,
3734 924 3787 991 l)
3822 940 3840 977 :

2248 1011 2375 1079 quid
2404 1022 2485 1065 est
2530 1011 2596 1065 de
2641 1011 2835 1066 talibus
2875 1011 3290 1066 existimandum
3329 1011 3422 1081 qui
3453 1012 3732 1068 immensis
3774 1028 3845 1071 ac

2250 1104 2629 1174 multiplicibus
2658 1105 2975 1173 pravitatum
3002 1104 3231 1159 molibus
3259 1104 3528 1174 occupati,
3565 1105 3840 1174 ingentem

2250 1198 2457 1251 ruinam
2483 1197 2810 1252 multimodis
2833 1196 3241 1267 impulsionibus
3264 1196 3569 1263 ediderunt,
3594 1214 3713 1269 qua:
3731 1216 3842 1257 non

2248 1288 2422 1344 solum
2462 1290 2609 1357 ipsos
2641 1288 2886 1343 videatur
2930 1290 3184 1355 obruere,
3217 1288 3314 1343 sed
3343 1299 3397 1345 et
3435 1289 3692 1347 Ecclesiis
3722 1294 3843 1348 uni-

2249 1384 2421 1436 versis
2462 1381 2818 1448 mortiferam,
2849 1381 2895 1436 si
2948 1396 3053 1437 non
3096 1391 3377 1448 sanentur,
3410 1381 3611 1440 inferre
3651 1386 3841 1453 perni-

2247 1474 2423 1528 ciem?
2453 1472 2560 1527 Nec
2609 1473 2883 1543 ambigant
2934 1474 3023 1543 qui
3074 1474 3188 1528 haec
3229 1474 3345 1528 ausi
3394 1485 3519 1530 sunt
3556 1489 3838 1541 exercere,

2247 1564 2340 1621 sed
2369 1566 2530 1621 etiam
2560 1565 2649 1635 qui
2684 1566 2943 1620 hactenus
2973 1565 3188 1634 cognita
3220 1565 3504 1631 siluerunt,
3540 1566 3643 1621 sub
3667 1566 3841 1622 hono.

2247 1658 2321 1712 ris
2352 1658 2555 1727 proprii
2585 1672 2644 1713 se
2660 1656 2843 1727 jacere
2871 1657 3174 1727 dispendio,
3206 1658 3252 1712 si
3274 1672 3380 1713 non
3404 1668 3600 1727 quanta
3630 1660 3839 1728 possint

2166 1786 2167 1789 η
2244 1750 2520 1805 celeritate
2571 1749 2845 1815 festinent,
2894 1760 2949 1804 ut
2979 1749 3196 1805 Iethalia
3245 1750 3467 1805 vulnera
3507 1752 3838 1819 competenti

623 1843 752 1899 Car.
791 1844 979 1900 XXIV.
1024 1875 1089 1886 —
1135 1846 1209 1900 De
1248 1844 1526 1899 monachis
1568 1843 1826 1913 laicisque
1867 1844 1918 1897 in
1966 1842 2138 1912 prima
2169 1833 2216 1893 Β
2245 1842 2601 1898 medicatione
2626 1853 2900 1897 curentur.
2932 1842 3048 1909 Quo
3097 1843 3240 1897 enim
3283 1857 3432 1897 more
3461 1851 3686 1898 teneant
3709 1843 3835 1911 jura

552 1936 818 2005 copiosius
860 1936 1238 2007 przeceptionis
1285 1936 1444 2006 hujus
1486 1937 1505 1966 ³
1549 1944 1699 2005 parte
1736 1935 2002 2004 digestum
2034 1943 2138 2003 est,

550 2028 707 2099 (Vide
736 2043 895 2098 supra
944 2044 1063 2099 cap.
1098 2028 1133 2082 2
1155 2039 1211 2085 et
1239 2028 1292 2098 5)
1317 2072 1331 2097 ,
1378 2043 1497 2099 quae
1525 2027 1611 2081 vel
1638 2034 1902 2096 quatenus
1932 2026 2013 2080 bis
2044 2040 2142 2095 pro

551 2136 731 2177 rerum
776 2131 1183 2191 temporumque
1219 2121 1541 2175 necessitate
1585 2130 1843 2173 concessa
1894 2117 2022 2183 sint,
2056 2116 2141 2171 vel

550 2214 1001 2284 quemadmodum
1024 2254 1039 2279 ,
1073 2213 1163 2268 ubi
1195 2212 1395 2267 nullius
1442 2210 1782 2267 necessitatis
1824 2209 1975 2282 [forte
2017 2208 2142 2264 facti

549 2308 863 2379 necessitas]
914 2310 1178 2365 interesse
1211 2307 1468 2376 probatur
1491 2346 1506 2371 ,
1537 2319 1642 2359 non
1680 2302 1783 2358 nisi
1808 2311 1962 2358 vetus
1991 2302 2142 2357 insti-

549 2402 681 2455 tutio
710 2400 903 2456 debeat
926 2399 1204 2456 custodiri.
1237 2398 1385 2465 Quos
1409 2412 1538 2454 vero
1559 2396 1862 2451 constiterit
1892 2395 2141 2463 indignos

548 2492 753 2547 meritis
781 2534 794 2558 ,
826 2506 1033 2548 sacram
1076 2500 1344 2547 mercatos
1397 2504 1517 2544 esse
1574 2487 1750 2558 pretio
1798 2486 2135 2556 dignitatem,

549 2587 822 2641 convictos
861 2594 1074 2655 oportet
1112 2585 1283 2640 arceri
1329 2598 1434 2638 non
1484 2583 1604 2638 sine
1648 2581 1887 2651 periculo
1933 2580 2140 2635 facinus

548 2678 654 2735 tale
680 2678 700 2709 ³
731 2687 1102 2749 perpetrantes
1138 2696 1152 2733 :
1179 2671 1302 2747 quia
1324 2675 1542 2732 dantem
1566 2675 1769 2744 pariter
1789 2682 1843 2728 et
1869 2672 2140 2740 accipien-

548 2783 655 2828 tem
684 2774 960 2828 damnatio
989 2772 1227 2829 Simonis
1247 2812 1263 2838 ,
1295 2784 1456 2841 quam
1486 2784 1638 2825 sacra
1669 2769 1829 2825 lectio
1853 2767 1992 2837 (Act.
2022 2768 2137 2837 vin)

549 2874 796 2932 testatur,
832 2864 1077 2919 involvit.

620 2956 943 3012 Cara-XXV.
977 2984 1047 2997 —-
1072 2956 1150 3010 De
1188 2955 1428 3010 locorum
1471 2952 1881 3009 consecratione
1924 2961 2137 3007 sancto-

549 3062 687 3113 rum,
732 3049 979 3120 quamvis
1008 3048 1254 3117 superius
1284 3046 1434 3118 (Cap.
1467 3046 1524 3116 4)
1552 3046 1779 3101 strictim
1810 3044 1970 3100 fuerit
1990 3059 2135 3100 com-

549 3142 895 3211 prehensum.
914 3140 1071 3196 nobis
1082 3154 1295 3211 quoque
1315 3140 1632 3208 patefactum
1651 3147 1754 3203 est,
1775 3138 1916 3208 quod
1935 3138 2135 3208 absque

2248 1937 2579 2005 pontificum,
2606 1937 2696 2006 qui
2724 1936 3119 2007 pontilicalibus
3147 1936 3387 1992 excubiis
3406 1944 3631 1992 eatenus
3657 1937 3835 2006 injun-

2245 2035 2331 2084 cla
2362 2029 2724 2091 dissimulant,
2760 2036 2818 2082 ut
2846 2027 3114 2083 contraria
3137 2027 3320 2083 domui
3370 2028 3486 2094 Dei,
3520 2028 3601 2085 cui
3638 2031 3830 2098 praesi-

2245 2121 2395 2187 dent,
2418 2122 2596 2191 potius
2622 2122 2950 2191 operentur?
2975 2121 3073 2189 Qui
3098 2129 3359 2190 quantum
3389 2120 3529 2190 apud
3549 2122 3829 2181 Dominum

2247 2225 2487 2283 possent,
2514 2215 2558 2270 si
2582 2230 2686 2269 non
2707 2216 2807 2269 nisi
2830 2214 3208 2270 convenientia
3230 2224 3602 2284 procurarent,
3629 2224 3832 2271 tantum

2245 2307 2370 2377 quid
2402 2316 2710 2363 mereantur
2729 2306 3012 2374 aspiciant,
3040 2322 3163 2361 cum
3192 2306 3509 2362 exsecrabili
3537 2306 3717 2362 studio
3742 2322 3832 2363 se-

2244 2406 2458 2453 ctentur
2494 2398 2739 2454 adversa.
2781 2397 2847 2452 Et
2884 2397 3035 2468 quasi
3069 2398 3240 2468 magis
3270 2397 3387 2453 haec
3416 2398 3599 2466 regula
3635 2399 3706 2453 sit
3731 2413 3833 2469 qua

2245 2490 2502 2546 Ecclesia:
2530 2491 2765 2546 debeant
2808 2490 3127 2561 gubernari,
3170 2492 3214 2546 si
3239 2491 3497 2562 quidquid
3545 2501 3629 2548 est
3662 2494 3831 2549 eccle~

2242 2584 2471 2639 siasticis
2493 2583 2764 2638 inimicum
2812 2584 3007 2653 regulis
3032 2592 3391 2653 perpetratur,
3421 2599 3543 2640 cum
3574 2595 3629 2639 et
3655 2586 3705 2641 si
3737 2600 3830 2641 eo-

2243 2677 2422 2744 gnitos
2446 2675 2629 2730 habuit
2656 2690 2895 2733 canones
2922 2678 3289 2747 unusquisque
3318 2679 3629 2748 pontiﬁcum
3648 2718 3665 2743 ,
3697 2680 3831 2733 inte-

2243 2775 2442 2821 merata
2496 2767 2744 2822 debuerit
2803 2776 2987 2825 tenere
3046 2768 3306 2824 custodia.
3370 2768 3437 2823 Et
3494 2769 3540 2825 si
3606 2769 3829 2829 forsitan

2243 2859 2542 2924 nesciebat,
2591 2859 2875 2914 consulere
2927 2859 3155 2915 ﬁdenter
3212 2860 3515 2929 oportuerit
3558 2862 3819 2917 scientem

2243 2951 2336 3023 [at.
2370 2950 2749 3022 ignorantem].
2780 2952 2895 3019 Quo
2918 2952 3085 3023 magis
3114 2941 3387 3007 exc'usatio
3432 2953 3577 3007 nulla
3605 2968 3824 3010 succur-

2243 3045 2313 3097 rit
2346 3042 2649 3097 errantibus
2679 3045 2845 3113 :,quia
2877 3045 3120 3100 nesciens
3149 3042 3271 3116 [nec
3298 3046 3476 3099 sciens
3507 3046 3719 3100 omnino
3750 3046 3821 3100 ιε.

2240 3134 2459 3204 gendum
2490 3122 2583 3199 esi,
2617 3145 2670 3189 ut
2702 3135 2847 3189 habet
2873 3136 2989 3190 cod.
3020 3134 3162 3191 Just.
3209 3145 3257 3189 et
3292 3136 3420 3191 edit.
3453 3134 3675 3207 Canopi],
3700 3152 3826 3207 pro-

550 3242 821 3302 praecepto
852 3233 995 3288 sedis
1035 3232 1347 3302 apostolicae
1380 3230 1623 3287 nonnulli
1671 3231 1840 3285 factas
1877 3231 2137 3287 ecclesias
2166 3215 2211 3279 C
2246 3230 2421 3296 posuit
2466 3244 2683 3285 scrvare
2710 3229 2852 3299 quod
2883 3238 3134 3298 noverat,
3184 3245 3284 3286 nec
3327 3230 3579 3300 ignorans
3619 3234 3828 3289 curavit

548 3326 633 3382 vel
664 3327 896 3381 oratoria
946 3339 1161 3381 sacrare
1186 3332 1510 3394 prmsumant
1544 3342 1554 3376 :
1593 3323 1695 3377 hoc
1717 3338 1906 3379 sumus
1954 3334 2131 3380 tamen

548 3419 747 3473 indicio
798 3417 1199 3474 detestabiliore
1243 3416 1503 3486 permoti,
1541 3414 1683 3485 quod
1723 3416 1778 3470 in
1812 3430 2133 3487 quocunque

548 3506 637 3580 la'l.
676 3510 1140 3582 quorumcunque]
1169 3510 1386 3565 nomine
1425 3508 1829 3579 defunctorum,
1865 3518 1918 3565 et
1940 3510 2133 3580 (quan-

546 3616 658 3660 tum
705 3605 925 3675 dicitur)
962 3619 1059 3659 nec
1106 3603 1328 3658 omnino
1377 3602 1651 3671 ﬁdelium,
1702 3603 2133 3657 constructiones

546 3694 840 3752 mdilicatas
868 3697 1039 3751 sacris
1067 3694 1501 3765 processionibus
1519 3692 1653 3765 [At.,
1685 3691 2131 3763 professionibus]

502 3854 514 3865 .
549 3789 805 3843 audacter
836 3788 1119 3842 instituere
1144 3794 1513 3840 memorantur
1541 3800 1555 3837 :
1586 3798 1706 3853 qua:
1742 3785 1997 3854 quoniam
2024 3793 2129 3838 tant

547 3880 740 3933 acerba
764 3889 870 3933 tam
901 3879 1034 3932 dura
1065 3886 1191 3933 sunt
1213 3876 1315 3941 ’⁸,δί
1342 3890 1531 3931 revera
1561 3874 1979 3930 Christianitatis
1998 3876 2132 3931 affe-

546 3981 663 4025 ctus
686 3973 737 4025 in
768 3970 876 4025 illis
898 3968 1203 4039 regionibus
1224 3976 1402 4023 certus
1419 3978 1471 4023 et
1487 3967 1627 4021 ﬁxus
1647 3976 1749 4035 est,
1764 3977 1816 4023 et
1837 3967 2131 4044 districtius

545 4061 643 4117 ista
675 4070 1003 4131 qumrantur,
1026 4070 1081 4116 et
1100 4077 1128 4114 a
1148 4061 1339 4130 quibus
1365 4060 1560 4115 fuerint
1586 4070 1759 4130 gesta,
1785 4060 2079 4131 prodantur
2114 4080 2125 4115 :

543 4157 795 4226 quoniam
824 4156 962 4210 sicut
991 4154 1282 4210 latentibus
1311 4154 1362 4208 in
1390 4153 1488 4208 hac
1514 4154 1796 4209 atrocitate
1821 4155 2129 4212 nominibus

542 4264 650 4303 non
680 4255 876 4314 exstat,
910 4248 962 4302 in
986 4262 1142 4317 quem
1173 4247 1439 4303 sententia
1484 4246 1662 4301 debita
1693 4247 2022 4316 proferatur;
2053 4249 2127 4305 ita

450 4338 456 4351 '
541 4356 663 4394 cum
713 4338 1008 4393 manifestis
1049 4338 1209 4393 fuerit
1256 4338 1594 4393 documentis
1621 4338 1919 4407 expositus,
1968 4356 2125 4409 quem

542 4434 692 4505 [forte
720 4432 902 4504 quam]
933 4434 1065 4489 tanti
1101 4435 1318 4489 sceleris
1347 4435 1517 4502 poscit
1559 4434 1885 4501 immanitas,
1918 4450 2022 4491 non
2050 4436 2129 4491 ef-

541 4526 703 4595 fugiet
730 4526 884 4597 ]forle
913 4524 1118 4597 vitabit]
1151 4525 1418 4580 ullatenus
1450 4525 1727 4581 ultionem.

2242 3337 2400 3377 nosse
2427 3324 2566 3393 quod
2596 3333 2825 3393 gereret.
3844 3364 3849 3370 .

2320 3418 2449 3473 Car.
2499 3414 2712 3473 XXVII.
2742 3446 2811 3458 —
2858 3420 3100 3483 Quatuor
3152 3426 3327 3473 autem
3380 3426 3480 3472 tam
3530 3414 3599 3471 de
3642 3414 3833 3479 reditu

2237 3524 2395 3581 quam
2423 3509 2489 3564 de
2518 3508 2789 3564 oblatione
2831 3508 3064 3564 ﬁdelium
3085 3550 3099 3574 ,
3142 3518 3300 3579 prout
3326 3507 3608 3579 cujuslibet
3650 3509 3830 3565 eccle-

2236 3604 2330 3657 siue
2364 3603 2588 3658 facultas
2618 3602 2883 3666 admittit,
2910 3602 3049 3659 sicut
3078 3602 3279 3658 dudum
3307 3600 3698 3658 rationabiliter
3736 3612 3829 3661 est

2236 3695 2545 3761 decretum,
2578 3696 2830 3750 convenit
2860 3696 2974 3750 ﬁeri
3015 3698 3309 3764 portiones.
3340 3696 3579 3763 Quarum
3614 3698 3685 3752 sit
3715 3712 3828 3753 una

2237 3786 2524 3854 pontiﬁcis,
2549 3787 2713 3843 altera
2744 3788 3085 3853 clericorum,
3114 3802 3405 3857 pauperum
3432 3789 3611 3854 tertia,
3632 3799 3825 3859 quarta

2235 3879 2452 3934 fabricis
2494 3879 2826 3949 applicanda.
2865 3880 2939 3935 De
2969 3881 3187 3949 quibus,
3222 3882 3361 3935 sicut
3399 3881 3699 3937 sacerdotis
3739 3882 3826 3937 in-

2237 3973 2455 4039 tererit,
2514 3973 2774 4044 integram
2840 3974 3100 4029 ministris
3164 3973 3410 4030 ecclesia:
3466 3983 3823 4030 memoratam

2234 4064 2538 4133 dependere
2566 4066 2913 4136 quantitatem
2931 4106 2946 4133 ,
2974 4067 3052 4122 sic
3075 4067 3250 4122 clerus
3281 4067 3370 4140 [αι.
3397 4064 3651 4137 clericus]
3681 4067 3826 4125 ultra

2233 4158 2531 4228 delegatam
2580 4158 2682 4215 sibi
2735 4174 3001 4214 summam
3062 4160 3193 4214 nihil
3258 4159 3556 4215 insolenter
3610 4161 3826 4214 noverit

2232 4253 2611 4321 expetendum.
2642 4252 2715 4307 Ea
2746 4268 2874 4308 vero
2904 4266 3022 4323 qua:
3058 4252 3433 4308 ecclesiasticis
3463 4252 3705 4308 :cdiﬁciis
3732 4262 3822 4307 at-

2234 4345 2429 4399 tributa
2460 4353 2617 4412 sunt,
2652 4345 2776 4399 huic
2806 4346 2955 4411 aperi
3001 4345 3263 4400 veraciter
3302 4353 3628 4415 praerogata,
3674 4344 3825 4401 Ιοοος

2232 4451 2348 4491 rum
2389 4435 2579 4491 doceat
2624 4437 2939 4492 instauratio
2983 4438 3267 4493 manifesta
3305 4446 3615 4493 sanctorum
3647 4454 3661 4492 :
3692 4438 3824 4507 quia

2232 4530 2381 4584 nefas
2426 4537 2542 4596 est,
2590 4530 2636 4584 si
2689 4528 2857 4584 sacris
2901 4530 3108 4585 aedibus
3158 4528 3459 4595 destitutis,
3511 4530 3561 4584 in
3609 4529 3822 4586 lucrum

612 4618 741 4675 Car.
773 4618 961 4672 XXVI.
982 4648 1052 4656 —
1074 4617 1431 4674 Nihilominus
1459 4619 1801 4689 impatienter
1822 4622 2120 4677 audivimus
2152 4606 2202 4664 D
2230 4636 2385 4675 suum
2429 4622 2624 4690 praasul
2667 4620 2936 4691 impendia
2980 4621 3064 4676 his
3104 4622 3381 4691 designata
3421 4623 3518 4697 [αι.
3542 4622 3823 4695 deputata]

540 4720 747 4766 tantum
792 4711 1090 4766 divinarum
1121 4728 1301 4767 rerum
1335 4713 1565 4767 subiisse
1592 4714 1926 4784 despectum,
1958 4726 2014 4771 ut
2046 4717 2122 4773 fe-

539 4803 699 4856 mina:
723 4805 893 4858 sacris
915 4804 1174 4859 altaribus
1197 4805 1504 4860 ministrare
1523 4804 1763 4861 ferantur
1785 4806 1874 4879 [αι.
1906 4810 2122 4864 ﬁrmen-

539 4904 657 4979 tur;
685 4895 758 4949 ita
788 4903 835 4950 et
874 4896 927 4949 in
951 4894 1102 4967 Luc.]
1128 4914 1141 4961 ;
1165 4910 1220 4953 et
1245 4906 1573 4969 cunctaqua:
1603 4915 1708 4954 non
1746 4901 1846 4956 nisi
1878 4902 2117 4958 virorum

535 4988 811 5043 famulatui
840 4988 1091 5059 deputata
1131 5002 1295 5059 sunt,
1344 5007 1531 5049 sexum
1576 4994 1661 5049 cui
1709 5011 1814 5051 non
1861 4998 2118 5067 competit

538 5081 816 5138 exhibere.

608 5175 736 5231 Viso
748 5174 843 5247 [αι.
860 5176 982 5242 nisi;
998 5177 1070 5230 ita
1083 5178 1194 5232 etin
1217 5176 1368 5249 Lua]
1383 5178 1525 5249 quod
1538 5178 1775 5234 omnium
1792 5180 2115 5237 delictorum

532 5282 649 5335 quae
677 5267 947 5339 sigillatim
972 5270 1403 5338 perstrinximus,
1432 5286 1567 5325 noxa
1596 5273 1768 5327 omnis
1800 5272 1895 5345 [αι.
1926 5276 2116 5331 noxio—

531 5376 650 5414 rum
679 5370 862 5417 reatus
888 5362 1084 5433 omnis]
1116 5372 1169 5417 et
1205 5366 1406 5419 crimen
1438 5380 1533 5419 eos
1560 5365 1776 5434 respicit
1805 5368 2117 5424 sacerdotes

529 5451 617 5520 qui
648 5453 733 5507 vel
772 5456 872 5509 ista
912 5455 1283 5519 committunt,
1317 5457 1397 5510 vel
1444 5459 1847 5513 committentes
1893 5460 2118 5517 minime

529 5543 871 5615 publicando,
898 5550 1074 5617 pravis
1109 5550 1420 5606 excessibus
1450 5566 1509 5607 se
1532 5552 1729 5624 favere
1760 5554 2067 5623 signiﬁcant
2100 5575 2112 5607 :

598 5684 612 5713 ¹
647 5682 723 5737 Id.
751 5685 894 5750 cod.,
925 5689 1344 5747 dedicandorum.

597 5754 617 5784 ²
758 5757 903 5830 cod.,
932 5772 1074 5826 parte
1099 5764 1310 5830 digesta.

648 5826 723 5888 Id.
749 5829 897 5903 cod.,
931 5824 1189 5889 vendente.

2226 4723 2523 4770 convertat.
2571 4713 2745 4783 Ipsam
2778 4715 3124 4770 nihilominus
3154 4716 3442 4785 ascriptam
3488 4716 3821 4785 pauperibus

2230 4808 2562 4875 portionem,
2586 4808 2828 4877 quamvis
2853 4806 3046 4861 divinis
3072 4807 3368 4864 rationibus
3389 4822 3447 4863 se
3473 4808 3820 4877 dispensasse

2229 4909 2621 4956 monstraturus
2650 4915 2772 4965 esse
2811 4900 3072 4965 videatur,
3107 4910 3283 4955 tamen
3312 4900 3462 4971 juxta
3494 4900 3633 4970 quod
3680 4900 3821 4953 scri-
3880 4887 3899 4965 ξ

2230 5004 2375 5061 ptum
2407 5000 2493 5048 est
2516 5011 2527 5044 :
2566 4992 2634 5047 Ut
2662 4992 2863 5046 videant
2890 5008 3047 5060 opera
3074 5000 3240 5046 vestra
3270 4992 3420 5057 bona,
3446 5001 3492 5045 et
3527 4990 3821 5061 gloriﬁcent

2233 5084 2437 5140 Patrem
2474 5094 2721 5150 vestrum,
2751 5086 2837 5155 qui
2875 5086 2930 5138 in
2959 5086 3095 5140 caelis
3127 5095 3199 5141 est
3242 5084 3458 5157 (Matth.
3490 5084 3572 5155 v).
3599 5095 3819 5152 Oportet

2224 5180 2387 5232 etiam
2454 5178 2702 5247 prmsenti
2760 5178 3133 5234 testiﬁcatione
3188 5177 3500 5248 praedicari,
3552 5187 3607 5235 et
3652 5178 3814 5235 boum

2226 5272 2380 5327 famae
2408 5272 2690 5342 praeconiis
2717 5286 2821 5327 non
2854 5272 3040 5329 taceri.

2297 5366 2425 5419 Car.
2460 5364 2693 5419 XXVIII.
2718 5394 2787 5403 —
2814 5364 3153 5434 Quapropter
3196 5379 3294 5420 nec
3331 5365 3426 5436 [aL
3457 5363 3543 5435 ne]
3584 5366 3813 5421 clerico-

2221 5474 2339 5514 rum
2392 5458 2658 5529 quispiam
2705 5474 2765 5513 se
2818 5457 2973 5528 hujus
3027 5457 3247 5513 offensae
3295 5458 3529 5513 futurum
3574 5458 3818 5513 conﬁdat

2222 5557 2554 5620 immunem,
2592 5552 2634 5606 si
2684 5551 2738 5606 in
2779 5550 2861 5606 his
2899 5565 3018 5621 qua:
3056 5550 3344 5606 salubriter
3390 5550 3660 5621 sequenda
3718 5549 3819 5605 de-

2285 5691 2307 5722 δ
2342 5691 2419 5747 Id.
2458 5691 2579 5746 cod.
2618 5691 2767 5747 addit
2790 5701 2842 5746 ut
2870 5691 3047 5747 eadem
3075 5690 3160 5746 via:
3180 5697 3349 5746 noster
3373 5692 3505 5759 ferre
3529 5689 3691 5759 possit
3717 5706 3817 5747 an.

2218 5765 2361 5819 ditus
2392 5763 2435 5816 si
2465 5780 2657 5828 revera,
2690 5774 2795 5817 etc.

2288 5836 2307 5868 '
2342 5834 2421 5891 Id.
2454 5839 2597 5905 cod.,
2633 5841 2876 5893 (ΙιἸιιιηηι.
