4104 6356
272 340 367 416 ,57
1504 341 1857 399 EPISTOLAS
1895 342 1983 399 er
2024 314 2363 401 DECRETA.

3506 349 3578 405 58

295 457 692 529 prompsimus,
744 459 857 513 sive
913 459 1221 528 episcopum
1248 497 1260 521 ,
1313 456 1427 512 sive
1478 460 1880 531 presbyterum,
1913 465 1966 522 Α
1996 461 2244 530 quoniam
2277 474 2374 530 pro
2398 460 2545 516 sedis
2572 462 2881 532 apostolicae
2922 463 3252 534 principatu,
3285 466 3437 534 cujus
3465 467 3572 520 sol-

291 554 412 609 sive
439 553 724 609 diaconum
765 554 962 611 viderit
987 553 1336 610 excedentem
1355 598 1369 623 ,
1402 568 1509 610 non
1536 556 1783 625 protinus
1808 556 1877 613 ad

290 658 455 699 aures
483 653 696 701 nostras
720 644 933 702 deferre
962 646 1231 701 curaverit
1249 687 1264 713 ,
1297 646 1701 715 probationibus
1740 648 1879 705 dun-

292 746 440 793 taxat
481 748 849 809 competenter
889 738 1163 804 exhibitis,
1195 748 1254 795 ut
1285 742 1699 810 transgressoris
1742 742 1875 799 ultio

292 831 416 896 ttat,
446 839 500 887 et
525 833 738 888 caeteris
767 832 1077 888 interdictio
1105 833 1471 904 delinquendi.
1504 832 1595 889 Sui
1638 833 1732 906 [al.
1763 833 1874 905 Sic]

292 938 421 979 vero
453 923 623 980 modis
653 924 903 980 omnibus
924 925 1030 981 erit
1055 926 1421 996 unusquisque
1449 926 1759 994 pontificum
1786 940 1876 981 or-

290 1016 433 1073 dinis
468 1026 523 1073 et
574 1016 792 1074 honoris
819 1018 1001 1084 elisor,
1033 1019 1077 1073 si
1108 1018 1354 1089 cuiquam
1402 1018 1753 1084 clericorum,
1787 1018 1872 1074 vel

290 1111 547 1168 Ecclesia:
585 1112 746 1169 totius
784 1111 986 1168 auditui
1014 1112 1127 1168 haec
1170 1111 1432 1181 putaverit
1471 1112 1869 1182 supprimenda.

288 1204 420 1260 Data
449 1220 484 1259 v
520 1204 641 1261 idus
684 1205 860 1261 Martii
912 1207 1073 1275 (anno
1110 1205 1311 1260 Christi
1356 1204 1523 1275 494),
1567 1204 1781 1260 Asterie
1820 1196 1875 1260 ei

285 1295 545 1354 Presidio
568 1297 701 1353 viris
737 1296 1054 1354 clarissimis
1079 1297 1410 1353 consulibus.
1447 1297 1512 1351 Et
1540 1298 1645 1351 alia
1674 1314 1829 1353 manu
1852 1313 1871 1352 :

285 1388 430 1446 Deus
457 1404 554 1448 vos
576 1389 873 1447 incolumes
898 1389 1191 1458 custodiat,
1222 1390 1414 1445 fratres
1440 1388 1726 1445 carissimi.

868 1503 1197 1559 EPISTOLA
1236 1504 1301 1559 Χ.

773 1613 840 1652 AD
874 1610 1151 1651 EPISCOPOS
1181 1610 1404 1652 διοιωιε.

282 1685 533 1743 Ecclesia:
571 1688 842 1759 facultates
868 1689 930 1759 ab
960 1689 1229 1759 episcOpis,
1262 1688 1459 1742 clericis
1487 1698 1534 1742 et
1564 1688 1871 1759 pauperibus

355 1758 595 1813 distribui
635 1760 850 1825 debere;
879 1758 1196 1811 diwCeses'et
1238 1761 1369 1812 bona
1408 1759 1631 1815 ecclesite
1658 1758 1719 1811 ab
1764 1760 1872 1827 epi-

354 1831 498 1899 cOpis
528 1829 738 1899 triginta
766 1844 927 1882 annos
959 1844 1193 1895 possessa
1214 1831 1287 1883 eis
1316 1845 1419 1883 non
1448 1830 1747 1897 auferenda.

361 1938 612 1996 Gelasius
642 1939 896 1994 Romanae
922 1939 1175 1995 Ecclesia
1200 1940 1486 2009 episcopus
1512 1939 1876 1995 dilectissimis

284 2039 340 2088 et
370 2032 424 2087 in
466 2031 668 2087 Christi
705 2031 927 2087 caritate
956 2032 1285 2088 unanimiter
1318 2032 1577 2088 connexis
1622 2032 1873 2089 fratribus

280 2124 549 2194 episcopis
570 2123 659 2194 qui
684 2124 738 2179 in
766 2123 949 2180 Sicilia
976 2133 1103 2179 sunt
1131 2124 1426 2179 constituti.

353 2218 656 2274 Prtcsulutn
695 2218 988 2274 auctoritas
1027 2225 1335 2273 nostrorum
1381 2219 1679 2284 emanavit,
1710 2226 1767 2275 ut
1795 2218 1872 2273 fa-

279 2310 510 2367 cultates
539 2310 784 2367 ecclesiae
812 2311 1051 2382 episcopi
1092 2310 1157 2364 ad
1190 2310 1482 2382 regendum
1514 2310 1748 2365 habeant
1777 2325 1873 2380 po-

279 2414 562 2472 testatem;
592 2405 668 2461 ita
700 2416 875 2461 tamen
902 2414 959 2460 ut
981 2404 1293 2473 viduarum,
1326 2404 1679 2476 pupillorum,
1710 2413 1872 2476 atque

281 2513 578 2570 pauperum
598 2541 611 2564 ,
641 2513 741 2555 nec
767 2514 873 2555 non
902 2499 1220 2555 clericorum
1247 2499 1519 2568 stipendia
1549 2499 1874 2571 distribuere

280 2591 530 2646 debeant.
565 2590 678 2645 Hoc
715 2593 795 2647 eis
831 2591 989 2646 etiam
1022 2591 1306 2646 statuimus
1340 2590 1489 2660 dari,
1518 2590 1658 2661 quod
1691 2590 1902 2647 haete-'

281 2698 383 2740 nus
413 2684 689 2740 decretum
721 2693 823 2740 est.
854 2684 1138 2755 Reliquum
1174 2684 1275 2739 sibi
1304 2686 1541 2755 episcopi
1573 2684 1870 2753 vindicent,

281 2784 341 2829 ut
370 2776 531 2845 (sicut
558 2785 683 2831 ante
714 2774 969 2845 diximus)
1002 2775 1405 2846 peregrinorum
1436 2784 1598 2845 atque
1633 2775 1873 2846 captivo-

282 2880 403 2922 rum
428 2866 706 2938 largitores
728 2882 847 2924 esse
879 2867 1107 2937 possint.

354 2958 488 3013 Illud
534 2960 696 3015 etiam
727 2958 937 3015 adnecti
970 2959 1194 3029 placuit,
1230 2968 1287 3014 ut
1319 2961 1361 3015 si
1402 2959 1565 3032 (quod
1604 2960 1764 3031 absit)
1798 2962 1875 3016 fa-

282 3049 513 3103 cultates
540 3048 806 3115 ecclesiae,
844 3063 943 3105 nec
980 3062 1085 3103 non
1118 3058 1171 3104 et
1208 3048 1472 3106 dimceses
1516 3066 1636 3120 qttre
1672 3052 1740 3106 ab
1776 3051 1875 3106 ali-

286 3138 485 3208 quibus
537 3139 875 3207 possidentur
916 3140 1214 3209 episcopis,
1254 3141 1373 3210 jure
1419 3142 1521 3197 sibi
1564 3143 1868 3209 vindicent,

1902 1841 1951 1901 B
1978 1841 2291 1897 intemerata
2346 1842 2574 1898 servetis
2618 1861 2629 1895 :

1983 550 2206 607 licitudo
2236 551 2479 623 delegata
2509 553 2767 610 divinitus
2794 556 3001 612 cunctis
3036 556 3261 613 debetur
3295 557 3567 627 Ecelesiis,

1981 657 2080 699 nos
2126 644 2385 711 vivimus,
2425 646 2470 701 si
2512 660 2609 701 vos
2656 651 2808 704 statis
2854 650 2905 705 in
2959 650 3212 715 Domino,
3252 649 3569 721 magnisque

1980 736 2191 805 gaudiis
2230 736 2643 807 triumphamus.
2678 737 2811 794 Cum
2842 742 3039 811 ubique
3080 750 3343 798 terrarum
3386 741 3569 797 Domi-

1979 844 2107 885 num
2162 829 2399 885 Sabaoth
2447 834 2630 886 seinen
2682 846 2826 900 pura:
2871 833 3225 891 confessionis
3274 834 3558 906 reliquisse

1977 921 2375 990 cognoscimus,
2404 922 2546 992 quod
2579 938 2686 977 non
2723 922 2777 977 in
2824 933 3035 992 petrosa
3082 926 3397 994 deveniens,
3433 934 3567 983 testu

1979 1013 2287 1068 tentationis
2331 1016 2568 1081 exaruit,
2611 1029 2711 1070 nec
2755 1014 2855 1070 vite
2902 1016 3203 1085 proximum
3246 1019 3439 1074 cecidit
3476 1032 3569 1074 va-

1976 1103 2219 1159 cantibus
2269 1104 2501 1159 iuimieis
2548 1105 2889 1173 expositum,
2941 1120 3041 1161 nec
3089 1106 3143 1161 in
3189 1109 3360 1177 spinis
3410 1109 3568 1165 irruit

1976 1197 2376 1265 sull‘oeattdum,
2414 1198 2508 1254 sed
2554 1198 2607 1253 itt
2639 1199 2832 1253 bonam
2881 1200 3217 1270 terram-piae
3264 1200 3568 1257 devotionis

1976 1298 2169 1345 vestrae
2214 1290 2422 1347 cmlesti
2474 1290 2703 1347 factione
2750 1290 2845 1363 [al.
2877 1289 3116 1361 satione]
3161 1288 3460 1360 dispersum
3512 1288 3567 1343 in

1977 1380 2307 1450 trigesimum
2353 1390 2407 1435 et
2452 1381 2847 1450 sexagesimum
2889 1380 3122 1445 fructum
3168 1380 3567 1437 centenarium-

1977 1485 2081 1540 que
2124 1470 2382 1540 profecit,
2419 1472 2913 1541 profectionemque
2954 1470 3160 1527 scilicet
3192 1469 3444 1526 frumenti
3471 1468 3566 1524 do-

1977 1564 2157 1618 minici
2189 1564 2411 1635 mystica
2453 1564 2721 1620 locutione
2759 1564 3064 1635 designans.
3100 1562 3437 1632 Quapropter
3471 1575 3565 1617 ex-

1976 1656 2298 1713 sultantibus
2352 1658 2549 1714 animis
2598 1657 2955 1713 confidentius
3009 1655 3329 1727 incitamus,
3385 1662 3443 1710 ut
3494 1652 3565 1708 ab

1980 1748 2327 1819 Eutychiana:
2361 1751 2525 1819 pestis
2567 1750 2784 1805 incursu
2826 1758 3043 1819 pectora
3073 1757 3250 1804 vestra
3293 1747 3565 1818 sapienter

2681 1842 2937 1910 quoniam
2986 1843 3093 1913 jam
3140 1843 3229 1911 qui
3276 1847 3564 1913 perseuerat

1978 1950 2133 2004 usque
2176 1936 2231 1987 iu
2260 1934 2447 2003 finem,
2484 1934 2566 1987 hic
2609 1934 2784 1989 saluus
2822 1935 2914 1988 erit
2958 1933 3171 2004 (Matth.
3198 1933 3279 2002 x).
3314 1933 3565 1987 Dominus

1976 2042 2136 2097 prape
2174 2035 2278 2094 est,
2322 2026 2453 2081 nihil
2492 2026 2703 2082 solliciti
2744 2028 2855 2082 sitis
2894 2026 3129 2097 (Philip.
3159 2028 3269 2096 tv);
3300 2026 3566 2098 siquidem

1974 2122 2148 2191 major
2170 2132 2252 2177 est
2280 2122 2422 2192 quod
2450 2123 2503 2178 in
2535 2123 2691 2177 nobis
2718 2131 2805 2177 est
2822 2136 2979 2192 quam
3003 2122 3093 2189 qui
3123 2122 3177 2176 in
3206 2122 3309 2177 hoc
3336 2119 3563 2189 mundo,

1973 2230 2304 2287 regnumque
2336 2217 2545 2272 Domini
2588 2218 2727 2274 intra
2759 2232 2856 2272 nos
2885 2216 3069 2289 (etiam
3099 2216 3374 2287 Scriptura
3404 2214 3557 2288 [Luc.

1976 2306 2109 2377 xvtt]
2150 2312 2405 2381 testante)
2445 2310 2513 2365 sit
2558 2319 2790 2366 certum.
2822 2311 2890 2366 Ut
2917 2316 3095 2365 autem
3126 2308 3195 2364 ab
3239 2323 3427 2365 eorum
3471 2307 3564 2378 qui

1974 2402 2030 2458 in
2056 2417 2241 2461 errore
2270 2412 2397 2460 sunt
2424 2404 2615 2474 positi,
2657 2405 2816 2459 noxia
2856 2404 3115 2461 societate
3153 2402 3410 2468 caveatis,
3440 2401 3565 2457 nul-

1974 2494 2086 2549 lum
2131 2494 2327 2551 talibus
2373 2496 2855 2551 eommunicantem
2903 2494 2970 2550 ad
3010 2503 3249 2551 vestrum
3289 2492 3563 2565 recipiatis

1974 2587 2213 2657 qualibet
2238 2588 2583 2657 subreptione
2614 2586 2941 2643 consortiqu
2969 2605 2980 2640 :
3014 2587 3138 2657 quia
3178 2586 3319 2642 sicut
3348 2586 3402 2641 in
3432 2599 3563 2641 una-

1975 2696 2188 2752 quaque
2220 2680 2414 2737 hteresi
2450 2697 2570 2737 eum
2615 2682 2895 2752 pravitatis
2920 2689 3141 2735 auctore
3166 2681 3419 2736 damnato
3444 2692 3567 2736 suc-

1974 2786 2219 2831 cessores
2259 2774 2376 2843 ejus
2416 2783 2471 2830 et
2498 2775 2793 2845 complices
2835 2782 2995 2844 atque
3040 2769 3345 2843 liujusmodi
3390 2778 3567 2827 secta-

1977 2868 2183 2923 toribus
2245 2868 2453 2939 polluta
2506 2867 2886 2924 communione
2947 2864 3242 2936 permixtos
3303 2863 3567 2920 catholica

1973 2960 2145 3015 vitare
2173 2958 2333 3016 debet
2368 2960 2663 3030 integritas.
2696 2960 2769 3013 ita
2796 2973 2917 3013 eum
2950 2956 3247 3028 Eutychete
3276 2955 3567 3010 Dioscorus

1975 3053 2240 3123 simulque
2284 3052 2601 3108 Timotheus
2645 3051 2872 3107 Elurus
2912 3058 2968 3106 et
3013 3050 3202 3107 Petrus
3245 3047 3567 3104 Alexandri-

1976 3159 2099 3209 nus,
2126 3145 2350 3215 ejusque
2375 3145 2799 3201 eommunicator
2832 3143 3081 3211 Aeacius,
3114 3157 3212 3199 nec
3248 3156 3353 3198 non
3398 3142 3564 3198 etiam

285 3227 433 3295 quod
470 3227 774 3283 tricennalis
812 3227 907 3300 [al.
937 3228 1281 3301 tricennaria]
1313 3231 1394 3285 lex
1421 3232 1714 3299 conclusit,
1746 3234 1871 3302 quia
1899 3222 1947 3286 C
1979 3236 2343 3291 Antioeltenus
2375 3236 2588 3303 Petrus,
2627 3252 2747 3293 cum
2791 3236 2907 3293 suis
2937 3247 3065 3294 sunt
3106 3237 3327 3293 omnino
3354 3232 3568 3305 particl«

282 3327 346 3374 et
372 3317 604 3373 filiorum
635 3326 939 3373 nostrorum
970 3319 1268 3389 principum
1297 3319 1366 3373 ita
1396 3324 1659 3376 emanavit
1694 3333 1876 3379 aucto-

283 3409 455 3477 ritas,
499 3410 561 3465 itt
606 3409 743 3464 ultra
792 3408 1007 3479 triginta
1056 3426 1227 3465 annos
1285 3412 1414 3466 nulli
1465 3412 1623 3468 liceat
1666 3430 1765 3483 pro
1812 3430 1877 3470 eo

281 3503 588 3572 appellare,
621 3502 760 3573 quod
806 3503 982 3570 legum
1026 3512 1236 3572 tempus
1280 3504 1374 3577 [αι.
1406 3506 1600 3572 tutela,
1644 3508 1747 3562 sive
1789 3524 1877 3563 re-

282 3594 407 3662 gula
427 3632 444 3659 ,
474 3600 564 3646 aut
593 3594 759 3662 potius
790 3592 1016 3664 cautela]
1060 3594 1308 3649 exclusit.
1352 3596 1480 3651 Data
1517 3596 1691 3653 idibus
1721 3597 1872 3669 Maii,

286 3684 505 3741 Asterio
525 3694 578 3740 et
610 3685 867 3742 Praesidio
890 3686 1018 3743 viris
1043 3686 1357 3745 clarissimis
1378 3690 1686 3749 consulibus
1711 3692 1874 3763 (anno

283 3776 488 3835 Christi
516 3777 642 3849 494)
667 3780 706 3833 ι.
742 3817 755 3829 .

845 3874 1179 3933 EPISTULA
1219 3875 1312 3931 XI.

554 4004 620 4042 AD
651 4001 925 4044 EPISCOPOS
956 4004 1233 4044 DARDANIE
1264 4003 1332 4043 Εἰ·
1361 4002 1609 4046 ιιιγιιοι.

286 4120 623 4177 Commendat
666 4139 840 4177 eorum
876 4125 1209 4194 religionem;
1243 4122 1742 4177 Thessalonicensem
1769 4122 1878 4194 epi-

362 4210 570 4262 sc0pum
586 4236 601 4258 ,
629 4196 717 4265 qui
743 4191 1093 4249 hwreticorunt
1114 4195 1319 4247 nomina
1340 4195 1585 4246 damnare
1609 4191 1877 4265 recusavit,

359 4262 653 4333 apostolica}
679 4265 814 4319 sedis
843 4266 1193 4320 communione
1230 4270 1485 4334 privatum
1514 4279 1640 4328 esse,
1673 4272 1719 4316 et
1751 4262 1880 4315 Aca-

358 4338 493 4390 cium
526 4338 578 4389 in
619 4337 1140 4391 excommunicatione
1168 4346 1429 4390 mortuum
1455 4351 1555 4389 non
1598 4349 1746 4397 posse
1789 4334 1881 4386 ab-

360 4409 488 4462 solvi
516 4408 792 4477 signiﬁcat.

359 4520 606 4576 Celasius
650 4521 934 4591 episcopus
977 4520 1240 4576 universis
1282 4521 1551 4591 episcopis
1603 4535 1701 4591 per
1746 4520 1880 4577 Dar-

1982 3327 2141 3397 pibus
2176 3327 2478 3383 abdicandi.
2518 3328 2628 3385 Nec
2656 3330 2965 3400 quisquam,
2999 3330 3205 3386 etiamsi
3253 3327 3569 3399 pravitatem

1982 3421 2255 3490 deponere
2284 3436 2343 3477 se
2371 3423 2680 3491 promittat,
2722 3423 3012 3480 recitandis
3054 3432 3234 3478 tamen
3263 3416 3569 3476 nominibus

1983 3512 2325 3567 consentiens
2356 3512 2686 3582 perditorum
2706 3554 2720 3578 ,
2750 3514 2838 3570 vel
2874 3514 3065 3570 eadem
3095 3513 3431 3568 recitantium
3463 3510 3569 3565 nti-

1985 3605 2129 3659 nime
2155 3605 2531 3660 communione
2558 3604 2824 3661 discretus
2854 3606 2919 3660 ad
2964 3604 3306 3661 immaculata
3350 3602 3570 3658 sacrile-

1979 3699 2081 3768 giis
2138 3698 2298 3753 ovilia
2353 3698 2757 3769 quibuscunque
2808 3697 2985 3754 modis
3039 3708 3121 3753 est
3180 3694 3569 3768 perntlttettdtts

1980 3793 2204 3856 intrare,
2232 3801 2288 3846 ut
2318 3790 2558 3848 Ecclesia
2592 3791 2683 3847 Dei
2712 3794 2913 3857 nostri,
2939 3806 3055 3861 qua:
3082 3790 3335 3843 maculam
3362 3802 3568 3858 rugam-

1979 3898 2077 3951 que
2124 3898 2225 3936 non
2271 3884 2483 3938 sustinet
2530 3883 2758 3954 (Ephes.
2799 3883 2884 3954 ν),
2934 3882 3185 3937 inviolata
3236 3888 3568 3951 permaneat.

1979 3974 2173 4029 Absint
2212 3989 2340 4044 ergo
2373 3990 2401 4028 a
2444 3974 2689 4031 fidelibus
2729 3974 2930 4031 Christi
2980 3973 3179 4043 viperae
3222 3972 3410 4041 capitis
3453 3970 3571 4030 dira

1981 4068 2305 4122 commercia
2324 4112 2339 4136 ,
2366 4079 2418 4123 et
2450 4068 2689 4137 procula
2716 4066 3027 4123 cmlestlbus
3056 4065 3267 4136 pascuis
3298 4064 3571 4122 mortifera

1984 4172 2188 4212 venena
2219 4159 2510 4228 pellantur,
2556 4169 2611 4212 ut
2654 4160 2904 4213 salutaris
2946 4158 3198 4212 alimonia
3230 4155 3383 4225 panis
3430 4154 3571 4209 illius

1986 4249 2075 4319 qui
2103 4250 2171 4305 de
2201 4250 2339 4305 cazlo
2388 4249 2664 4304 descendit
2709 4248 2890 4319 (Joan.
2917 4248 2990 4319 Vt)
3014 4290 3028 4314 ,
3074 4246 3258 4301 fideles
3304 4245 3447 4298 hanc
3484 4256 3573 4298 su.

1988 4354 2196 4401 mentes
2226 4344 2291 4401 ad
2320 4344 2481 4399 vitam
2514 4343 2768 4414 perducat
2796 4353 3073 4399 aeternam.

2058 4438 2188 4505 Qua:
2218 4447 2273 4493 ut
2312 4446 2496 4493 mutua
2525 4436 2795 4494 valeamus
2823 4436 3202 4493 exhortatione
3242 4433 3571 4507 proSpicere,

1986 4532 2077 4587 det
2102 4545 2321 4602 operam
2345 4540 2522 4586 vestra
2547 4529 2761 4587 dilectio
2786 4539 2844 4585 ut
2869 4532 3184 4601 sospitatem
3213 4538 3407 4584 vestra:
3435 4525 3573 4583 cari-

284 4614 502 4669 daniam
549 4614 623 4686 [in
652 4632 735 4685 qq.
762 4616 915 4670 codd.
946 4617 1044 4687 leg.
1075 4624 1130 4671 et
1155 4613 1392 4686 Daciam]
1422 4616 1536 4671 sive
1583 4630 1679 4686 per
1708 4616 1876 4686 lllyri—
1904 4606 1959 4669 Ι)
1986 4624 2110 4679 tatis
2158 4634 2429 4694 optatam,
2478 4632 2534 4680 et
2584 4622 2705 4679 fidei
2754 4623 3057 4679 communis
3107 4622 3357 4678 instantia
3416 4619 3573 4676 nobis

284 4722 411 4761 cum
450 4708 774 4762 constitutis.

359 4798 655 4856 Audientes
676 4801 1029 4857 orthodoxam
1054 4810 1247 4857 vestra:
1266 4800 1570 4856 dilectionis
1591 4800 1641 4856 in
1665 4801 1880 4858 Christo

285 4894 674 4958 constantiam,
720 4903 881 4963 atque
925 4895 996 4948 ita
1037 4908 1132 4949 vos
1177 4896 1413 4963 antiquae
1462 4894 1585 4949 fidei
1631 4911 1875 4951 commu-

287 4985 569 5054 nionisqtte
607 4987 834 5040 sincera:
860 4985 1232 5041 traditionibus
1260 4986 1605 5055 inhrerentes,
1641 4996 1701 5042 ut
1732 5004 1875 5044 men-

286 5090 392 5133 tent
428 5076 747 5133 Christianae
767 5078 1002 5133 deditam
1028 5078 1237 5134 veritati
1267 5079 1572 5134 nullatenus
1596 5079 1879 5135 infecerint

290 5173 767 5239 praevaricatorunt
792 5172 962 5227 vicina
990 5172 1253 5242 contagia,
1287 5172 1743 5243 tnagttiﬁcavimus
1774 5174 1878 5228 Do-

289 5263 495 5318 minuta
517 5305 531 5326 ,
565 5262 954 5332 caritatemque
981 5273 1214 5316 vestram
1245 5262 1423 5316 missis
1451 5262 1644 5316 litteris
1675 5263 1878 5332 alloqui

293 5371 386 5417 ter
416 5356 701 5425 religiosos
741 5356 885 5410 viros
928 5357 1067 5410 filios
1108 5365 1318 5409 nostros
1356 5355 1678 5425 Cyprianum
1716 5365 1877 5425 atque

292 5446 861 5514 Macariumﬂiacones
893 5458 1001 5505 tota
1041 5447 1217 5503 cordis
1247 5447 1501 5503 aviditate
1530 5449 1873 5505 curavimus:

368 5610 384 5639 ¹
415 5608 468 5661 In
500 5622 619 5661 meo
649 5621 749 5661 ms.
782 5607 1046 5661 Bucltardi
1074 5606 1195 5662 cod.
1241 5606 1331 5678 lib.
1362 5622 1481 5673 vm,
1513 5623 1631 5678 cap.
1657 5610 1747 5676 46,
1779 5612 1879 5667 hoc

291 5678 571 5735 decretum
602 5687 852 5747 tanquam
882 5694 949 5732 ex
979 5679 1205 5745 epistola
1238 5676 1433 5733 Gelasii
1460 5680 1523 5733 ad
1574 5676 1882 5738 Sicilienses

292 5750 575 5819 episcopos
602 5765 721 5817 cap.
749 5752 781 5803 9
812 5759 1086 5818 acceptum
1110 5750 1327 5805 afl'ertur
1351 5768 1361 5802 :
1402 5750 1579 5819 Neque
1602 5752 1783 5807 viduas
1810 5754 1880 5806 ad

295 5822 503 5879 nuptias
543 5821 755 5875 transire
780 5821 1003 5876 patimur
1043 5836 1156 5887 qua:
1194 5819 1431 5889 religioso
1465 5824 1728 5890 proposito
1764 5825 1881 5879 diu-

1983 4717 2227 4774 crebrius
2259 4717 2474 4788 aperire
2517 4731 2624 4772 non
2658 4716 2899 4786 desinat,
2929 4727 3191 4787 quatenus
3219 4715 3445 4772 alternis
3474 4726 3573 4769 nos

1983 4810 2426 4865 instructionibus
2465 4808 2789 4877 excitantes,
2834 4810 3192 4879 legitimorum
3224 4807 3437 4863 Domini
3481 4820 3573 4862 sa-

1981 4904 2258 4960 cerdotum
2290 4906 2557 4975 possimus
2592 4907 2835 4962 invenire
2879 4906 3207 4961 mercedem.
3240 4906 3341 4961 Per
3370 4902 3574 4959 vicinas

1984 5012 2198 5067 quoque
2241 4998 2544 5067 provincias
2576 4999 2691 5055 haec
2719 4999 2906 5055 eadem
2950 4997 3248 5070 patefacere
3282 5004 3452 5052 vestra
3481 5008 3573 5050 ea-

1987 5088 2115 5143 ritas
2145 5089 2423 5159 vigilanter
2455 5092 2698 5156 insistat;
2739 5103 2793 5145 ut
2820 5102 2875 5148 et
2899 5094 2988 5163 qui
3023 5090 3302 5147 catholica:
3329 5102 3571 5144 commu-

1989 5179 2165 5234 nionis
2208 5181 2517 5237 sinceritate
2564 5183 2894 5249 subsistunt,
2940 5181 3365 5253 competentibus
3412 5177 3574 5232 robo-

1988 5282 2175 5326 rentur
2202 5273 2479 5342 alloquiis;
2512 5284 2565 5329 et
2592 5276 2683 5345 qui
2709 5273 2935 5329 forsitan
2964 5274 3032 5329 ab
3067 5273 3228 5343 hujus
3256 5266 3575 5325 rectitudine

1987 5365 2299 5431 deviurttnt,
2330 5368 2397 5421 ad
2447 5370 2811 5437 integritatem
2858 5368 3122 5439 dogmatis
3149 5359 3444 5419 Christiani
3490 5376 3575 5415 sa-

1989 5458 2230 5514 lubribus
2273 5461 2487 5516 monitis
2537 5461 2880 5516 reducantur.
2911 5459 3126 5515 Noverit
3172 5462 3349 5509 autem
3392 5463 3573 5509 vestra

1991 5625 2145 5674 turno
2175 5620 2519 5675 observatione
2548 5628 2956 5690 permanserunt.
2991 5618 3240 5690 Similiter
3266 5626 3437 5672 autem
3474 5616 3570 5671 vir-

1990 5691 2135 5759 gines
2181 5692 2367 5745 nubere
2409 5688 2733 5763 prohibemus
2762 5708 2887 5763 quos
2916 5692 3064 5747 annis
3098 5688 3334 5763 plurimis
3376 5690 3431 5744 in
3458 5702 3569 5742 meo

1990 5764 2225 5817 nasteriis
2250 5762 2449 5817 trtutcm
2480 5762 2728 5833 peregisse
2754 5762 3037 5833 contigerit.
