4104 6356
544 346 615 424 69
1898 313 2168 418 cstas"
2208 356 2408 415 eam
2449 360 2469 414 ι

3741 350 3826 417 60

548 483 850 539 fraternitas
882 480 1131 539 Ecclesiae
1162 478 1658 535 Thessalonicensis
1690 481 1985 537 antistitem
2032 495 2130 536 no-
2161 483 2212 541 Α
2242 480 2563 547 nionemque
2606 478 2924 534 catholicam
2972 486 3346 534 revertantur:
3392 474 3681 532 secundum
3732 488 3819 527 re-

546 576 672 631 stris
724 574 1179 631 adhortationibus
1236 574 1433 643 smpius
1497 574 1819 641 incitatum,
1873 575 2115 645 contagia

547 664 932 724 communionis
962 675 1196 723 externa:
1228 676 1496 737 nunquam
1543 668 1818 724 declinare
1859 669 2114 735 voluisse,

547 764 646 817 nec
668 761 804 831 apud
826 768 924 814 nos
954 768 1146 813 nomen
1176 759 1351 814 Acacii
1370 801 1385 825 ,
1414 760 1497 815 vel
1519 768 1836 815 ceterorum
1861 761 2111 815 similium

546 852 894 923 perﬁdorum,
936 851 1130 924 bisque
1169 854 1675 909 communicantium
1720 868 1953 925 congrua
1996 870 2118 925 pro-

544 938 771 999 fessione
818 943 1123 1001 damnasse.
1152 944 1489 1015 Quapropter
1517 960 1637 1002 eum
1684 948 2115 1001 communionem

436 1099 449 1109 ,
542 1035 681 1092 sedis
708 1040 1017 1107 apostolicae
1048 1054 1152 1093 non
1184 1040 1453 1109 recepisse
1479 1040 1814 1095 manifestum
1848 1051 1958 1105 est,
1986 1054 2120 1110 quo-

543 1129 683 1182 niam
717 1131 816 1183 nisi
849 1131 997 1200 puris
1027 1130 1270 1186 sensibus
1301 1140 1353 1185 et
1396 1132 1460 1186 ab
1498 1133 1641 1187 omni
1683 1131 1906 1187 nefanda
1951 1134 2121 1187 socie-

544 1228 674 1285 tate,
702 1220 845 1276 beati
879 1222 1017 1276 Petri
1050 1223 1274 1291 apostoli
1309 1237 1405 1277 nec
1431 1238 1711 1292 possumus
1744 1238 1841 1278 nec
1865 1224 2120 1279 debemus

545 1308 801 1366 Ecclesiae
865 1312 1103 1381 prtebere
1165 1315 1503 1369 commercia.
1564 1314 1847 1383 Propterea
1914 1315 2121 1369 cautius

546 1401 808 1471 agendum
836 1414 918 1458 eSt
944 1416 1064 1458 cum
1096 1406 1317 1475 praelato
1340 1421 1406 1461 ne
1438 1407 1713 1461 eatbolicis
1745 1407 2032 1471 mentibus,
2069 1415 2122 1459 ut

546 1494 669 1562 ﬁat,
696 1497 1001 1565 apostolica:
1024 1498 1166 1553 sedis
1195 1500 1628 1556 reconciliatione
1656 1502 1935 1571 subrepat;
1964 1517 2118 1572 quam

545 1581 684 1642 sicut
733 1586 932 1645 dolosis
982 1593 1184 1647 artibus
1239 1595 1425 1648 fallere
1472 1604 1524 1648 ct
1575 1596 1961 1651 circumvenire
2016 1613 2120 1651 nou

544 1682 832 1749 praevalet,
865 1683 937 1737 ita
968 1685 1064 1739 Sub
1093 1687 1243 1754 cujus
1286 1701 1389 1740 non
1436 1695 1611 1756 potest
1656 1689 1897 1744 obtinere
1940 1700 2122 1744 aucto-

544 1760 756 1827 ritatem
796 1780 1008 1844 quoque
1055 1780 1318 1844 nostram,
1354 1792 1471 1847 qua:
1508 1780 1572 1833 ad
1623 1779 1996 1835 Dalmatiarum
2040 1790 2121 1837 est

2228 572 2473 642 gularum
2523 573 2788 626 tramitem
2833 579 3203 641 paternarum,
3248 576 3361 623 toto
3400 566 3579 622 cordis
3624 565 3818 619 affectu

2224 664 2524 727 venientes,
2555 672 2611 716 et
2643 664 2798 729 plena
2828 661 3052 717 caritate
3081 661 3358 729 suscipiat,
3397 660 3524 713 Data
3555 674 3612 711 ιιι
3645 672 3815 712 nonas

2224 755 2480 822 Augusti,
2525 757 2735 810 Asterio
2774 766 2828 810 et
2865 754 3123 811 Prtesidio
3170 755 3296 810 viris
3335 752 3647 809 clarissimis
3684 765 3811 806 cou-

2225 848 2431 904 suiibus
2461 848 2621 918 (anno
2649 847 2844 903 Cltristi
2876 845 3029 915 £94).

2772 960 3099 1015 EPISTULA
3144 960 3254 1013 ΧΙΙ.

2462 1067 2528 1107 AD
2567 1061 2593 1089 ι
2619 1068 2831 1106 ΕΟΝΙΙΙΜ
2866 1065 3245 1105 ΔΒΕιΑτΕΝεΕΜ
3279 1064 3582 1103 Εςιιεϐοιιωι.

2562 1144 2636 1198 De
2665 1144 3001 1212 episcopatus
3032 1144 3110 1197 sui
3148 1142 3478 1212 primordiis.

2229 1225 2461 1288 Hdtuam
2491 1236 2755 1288 caritatem
2785 1251 2901 1287 cum
2932 1234 3033 1301 ﬁde
3065 1233 3317 1287 catholica
3358 1233 3676 1286 retinendam
3709 1251 3815 1285 ess:-

2919 1314 3107 1359 monet.

2300 1396 2655 1454 Dilectissimo
2686 1397 2835 1451 fratri
2869 1397 3061 1452 Eonio
3089 1396 3347 1453 Gelasius.

2300 1489 2445 1545 Inter
2511 1489 2853 1543 difﬁcultates
2904 1489 3080 1542 varias
3138 1491 3344 1558 copiam
3404 1503 3501 1542 nos
3550 1488 3814 1557 reperiSsc

2226 1581 2578 1649 gratulamur,
2604 1597 2706 1651 qua
2750 1598 2843 1652 per
2869 1582 3103 1636 divinam
3150 1582 3373 1651 gratiam
3419 1581 3560 1635 sedis
3595 1590 3812 1650 aposto-

2228 1675 2343 1730 licae
2389 1676 2625 1745 regimen
2666 1692 2764 1731 nos
2808 1676 2983 1730 adisse
3028 1676 3349 1744 pandentes,
3394 1674 3810 1744 prretermissum

2229 1768 2320 1822 diu
2351 1784 2473 1823 eum
2502 1777 2590 1826 tua
2628 1769 2976 1824 misceremus
3024 1769 3354 1823 fraternitate
3396 1782 3729 1832 sermonem,
3760 1778 3813 1822 et

544 1863 743 1918 directa
777 1858 1072 1934 pontifices,
1115 1870 1272 1922 etiam
1319 1871 1385 1923 ad
1428 1886 1522 1924 vos
1565 1872 1835 1927 credimus
1882 1874 2113 1944 dirige".
2152 1865 2203 1928 Β
2228 1860 2550 1916 salutatione
2576 1861 2808 1924 directa,
2854 1868 3033 1915 mutua
3062 1860 3287 1914 caritate
3316 1859 3530 1913 solliciti
3564 1858 3813 1912 dilectio-

543 1954 694 2027 dam,
747 1966 1009 2025 quatenus
1072 1960 1120 2012 in
1186 1961 1411 2016 veritate
1479 1959 1771 2034 catholica,
1823 1966 2119 2021 secundum

454 2090 457 2095 ν
544 2051 767 2105 formam
821 2052 1121 2108 traditionis
1172 2050 1403 2125 antiquas
1452 2068 1633 2114 tenere
1680 2077 1777 2115 uos
1829 2078 2117 2117 consonam

544 2143 799 2198 noveritis
831 2145 1024 2214 ubique
1054 2149 1391 2202 sententiam.
1423 2150 1477 2205 Si
1518 2166 1651 2218 quos
1680 2168 1807 2205 vero
1840 2170 2005 2207 novos
2036 2155 2120 2208 di-

545 2232 782 2289 diceritis
830 2245 1003 2290 motus
1054 2248 1376 2308 exsurgere,
1430 2241 1582 2295 nobis
1633 2242 1865 2298 fraterna
1915 2246 2121 2300 debetis

543 2321 899 2381 sollicitudine
947 2340 1219 2399 reserare,
1270 2346 1376 2401 quo
1423 2332 1678 2400 subinde,
1732 2351 1849 2404 quin
1904 2337 2117 2393 Patrum

544 2418 739 2488 regulis
768 2426 1095 2491 congruant,
1128 2434 1415 2492 prmstante
1448 2426 1693 2493 Domino,
1730 2430 1966 2485 remedia
1997 2447 2120 2501 pro-

543 2503 810 2569 Curemus.

615 2605 722 2663 Nec
738 2608 1014 2681 quisquam
1032 2614 1249 2668 omnino
1264 2615 1412 2670 vobis
1434 2618 1752 2686 persuadeat
1767 2621 1959 2674 Acacio
1985 2636 2121 2690 prm-

543 2700 880 2758 varicationis
927 2710 1037 2759 sure
1082 2707 1281 2762 crimen
1331 2708 1493 2763 fuisse
1544 2712 1811 2771 laxatum,
1863 2714 2120 2781 quia'qui

542 2793 823 2863 postquam
866 2796 917 2848 in
957 2797 1236 2866 collegium
1274 2800 1518 2855 recidens
1562 2804 1855 2870 pravitatis,
1897 2802 2121 2875 jurcque

543 2885 733 2940 meruit
773 2885 839 2940 ab
887 2889 1176 2967 apostolica
1220 2892 1595 2948 communione
1638 2895 1871 2959 secludi,
1917 2898 1967 2951 in
2023 2896 2120 2953 hac

543 2979 725 3034 eadem
776 2983 1066 3051 persiSIeus
1111 2985 1453 3044 damnatione
1499 2990 1778 3045 defunctus
1817 3001 1914 3047 est.
1954 2995 2120 3049 Abso-

542 3068 795 3126 lutidnem
833 3089 989 3143 quam
1032 3089 1303 3148 superstes
1344 3096 1442 3136 nec
1472 3084 1712 3150 quaesivit
1741 3088 1977 3149 omnino,
2022 3101 2120 3141 nec

542 3168 764 3234 meruit,
798 3178 1037 3226 mortuus
1076 3174 1185 3242 jam
1240 3191 1342 3230 non
1377 3186 1550 3246 potest
1596 3180 1909 3248 impetrare,
1957 3183 2121 3249 siqui-

2229 1953 2312 2007 nis
2343 1967 2553 2021 quoque
2581 1960 2685 2006 tum
2724 1967 2974 2021 prospera
3006 1966 3387 2021 quaereremus.
3416 1951 3625 2015 Quanto
3667 1951 3811 2005 enim

2229 2045 2391 2100 totius
2420 2046 2575 2100 oviiis
2614 2059 2821 2109 curam,
2852 2045 3066 2098 Christo
3094 2044 3317 2097 Domino
3360 2042 3663 2111 delegante,
3696 2056 3812 2096 sus-

2227 2144 2438 2205 ceplam
2470 2137 2529 2189 Β.
2566 2137 2703 2190 Petri
2751 2136 2977 2204 apostoli
3008 2136 3318 2205 gubernatio
3346 2133 3654 2204 principalis
3694 2133 3805 2186 uui~

2226 2243 2385 2284 verso
2423 2230 2567 2299 gregi
2613 2229 2775 2287 debet
2816 2231 2866 2284 in
2898 2230 3029 2285 orbe
3072 2238 3365 2292 terrarum,
3411 2238 3557 2284 tanto
3596 2230 3809 2299 pietatis

2226 2322 2417 2379 aiiectu
2447 2333 2669 2379 cunctas
2701 2324 2964 2379 Ecelesias
3005 2339 3297 2394 earumque
3331 2333 3569 2379 rectores
3614 2324 3811 2391 ample-

2225 2417 2407 2483 ctitur,
2437 2427 2489 2472 et
2531 2418 2669 2472 inter
2697 2418 2939 2471 diversos
2979 2418 3159 2472 mundi
3208 2418 3466 2485 turbines,
3499 2418 3543 2473 si
3590 2427 3808 2487 paterna

2230 2508 2335 2563 ﬁde
2362 2509 2441 2563 vel
2474 2508 2761 2564 traditione
2802 2510 3025 2564 firmiter
3053 2520 3422 2578 perseverant,
3456 2510 3542 2565 ubi
3577 2512 3807 2578 primunt

2221 2599 2453 2655 facultas
2483 2603 2751 2667 arriserit,
2785 2610 2839 2656 et
2868 2604 3058 2670 quierit
3086 2606 3239 2657 anxia
3259 2646 3271 2668 ,
3306 2614 3360 2659 et
3397 2605 3575 2672 gavisa
3607 2620 3804 2675 cogun-

2227 2693 2347 2749 scit.
2396 2693 2751 2764 Quapropter,
2799 2696 2964 2749 frater
3003 2696 3311 2768 carissime,
3354 2697 3636 2752 instantius
3680 2699 3802 2753 reli~

2224 2786 2391 2853 giosis
2441 2786 2566 2841 viris
2624 2787 2745 2841 filiis
2800 2788 2994 2842 nostris
3042 2788 3347 2855 Euphronio
3396 2789 3713 2858 presbytero
3755 2800 3806 2845 et

2227 2876 2491 2947 Resﬁtuto
2521 2879 2636 2932 viro
2667 2878 2938 2945 religioso,
2972 2879 3056 2945 qui
3090 2880 3151 2931 ad
3187 2879 3348 2931 italiae
3381 2888 3559 2944 partes
3584 2879 3649 2931 ad
3684 2894 3805 2947 pro-
3878 2910 3885 2915 -

2227 2946 2509 3025 videndam
2559 2971 2958 3041 congregationi
3011 2982 3207 3026 sanctae
3257 2972 3605 3026 substantiam
3655 2987 3809 3027 com-

2227 3071 2503 3125 mearent,
2548 3062 2915 3117 remeantibus
2957 3062 3023 3116 ad
3077 3064 3320 3132 propria,
3368 3064 3525 3120 silere
3573 3066 3815 3134 nequivi~r

2226 3168 2343 3207 unus
2394 3172 2406 3205 :
2453 3154 2547 3209 sed
2599 3157 2769 3209 omni»
2801 3164 2922 3209 voto
2975 3154 3317 3209 dilectionem
3367 3165 3507 3210 tuam
3561 3157 3811 3213 duximus

542 3248 659 3315 dem
694 3261 819 3329 ipsis
843 3254 1099 3333 apostolis
1129 3266 1324 3322 Christi
1358 3242 1487 3324 voce
1512 3242 1810 3341 delegatum
1841 3242 1919 3327 est
1945 3291 1954 3325 :
1994 3242 2121 3340 Quae
2150 3244 2197 3311 θ
2230 3242 2616 3341 “fimm‘ﬂ'da'”
2639 3288 2651 3311 ’
2672 3254 2950 3341 Aqualenus
2979 3254 3031 3299 θι
3072 3248 3250 3314 vigere
3279 3246 3415 3315 apUd
3460 3263 3557 3302 nos
3586 3249 3811 3304 alterum

541 3349 814 3422 liguverilis
845 3373 995 3427 super
1018 3366 1231 3425 (errant,
1261 3370 1305 3414 et
1333 3378 1443 3431 qua:
1472 3363 1719 3417 solveritis
1750 3382 1900 3434 super
1931 3379 2116 3420 terram

540 3442 753 3513 (Matth.
787 3450 920 3519 xvi).
965 3450 1223 3506 Craterum
1249 3453 1358 3523 jam
1405 3457 1469 3511 dc
1500 3470 1564 3511 eo
1595 3458 1680 3524 qui
1723 3460 1775 3512 in
1821 3458 2003 3515 divino
2034 3471 2115 3515 est

537 3526 733 3604 judicio
758 3540 1097 3610 CHIISliiUlUS,
1132 3544 1283 3600 nobis
1307 3546 1383 3603 fas
1412 3563 1515 3603 non
1541 3559 1621 3605 est
1649 3550 1788 3605 aliud
1822 3552 2114 3611 decernere

537 3637 731 3696 printer
761 3631 812 3685 id
842 3633 890 3686 in
924 3650 1027 3702 quo
1057 3650 1176 3691 cum
1208 3638 1322 3693 dies
1366 3655 1645 3710 supremus
1678 3645 1905 3711 invenit;
1956 3655 2112 3716 atque

536 3721 655 3776 ideo
697 3725 795 3779 nisi
836 3727 950 3795 ejus
997 3729 1211 3785 nomine
1241 3733 1490 3801 refutato,
1533 3739 1848 3807 caeteri-tque
1893 3754 2114 3794 consor-

535 3810 677 3866 tibus
720 3816 876 3884 hujus
917 3820 1137 3885 erroris,
1167 3838 1285 3876 cum
1330 3826 1471 3879 nullo
1519 3840 1737 3897 prorsus
1770 3846 1950 3885 eorum
1994 3848 2113 3901 par-

535 3903 753 3970 ticipare
793 3906 997 3963 debetis
1029 3927 1225 3967 mensa:
1271 3915 1552 3973 dominicae
1594 3921 1907 3990 puritatem,
1952 3940 2107 3992 quam

534 3996 767 4064 majores
808 4004 971 4055 nostri
1005 4017 1217 4074 semper
1244 4007 1311 4061 ab
1342 4010 1591 4065 Ine'retica
1637 4028 1955 4084 magnopere
1993 4023 2108 4072 ser-

533 4092 791 4144 vaverunt
826 4092 1117 4161 pollutione
1152 4097 1455 4155 discretam.
1502 4104 1605 4159 Sed
1640 4120 1811 4176 neque
1842 4124 1934 4163 vos
1965 4112 2108 4178 quis-

530 4186 633 4246 que
684 4180 1072 4242 circumvenire
1127 4198 1442 4257 pertentet:
1486 4198 1624 4264 quod
1690 4198 1829 4254 dicat
1890 4218 1993 4254 non
2044 4205 2107 4257 de

529 4270 802 4343 religione,
843 4276 935 4332 sed
973 4279 1039 4334 de
1086 4284 1323 4339 moribus
1369 4301 1487 4343 esse
1517 4302 1787 4348 certamen
1812 4339 1824 4360 ,
1866 4297 1945 4351 vei
1980 4313 2107 4363 apo-

528 4364 767 4418 stolicam
800 4370 983 4423 sedem
1016 4388 1121 4426 non
1151 4389 1363 4431 causam
1399 4385 1788 4439 communionis
1827 4387 2107 4441 catholica!

529 4454 759 4523 ﬁdeique
784 4465 1032 4526 tractare,
1065 4464 1157 4517 sed
1190 4466 1435 4535 iniuriam
1464 4472 1667 4539 dolore,
1702 4491 1794 4528 cur
1828 4479 2107 4532 videantur

528 4545 592 4600 ab
636 4549 834 4603 Acacio
863 4550 1025 4608 fuisse
1053 4566 1388 4628 contempta;
1422 4566 1668 4632 quoniam
1700 4568 1811 4624 haec
1834 4580 1885 4624 et
1926 4571 2105 4641 hujus-

527 4639 700 4732 rnodi,
743 4650 1004 4710 quatenus
1032 4648 1299 4717 simplices
1332 4668 1539 4723 quoque
1581 4658 1876 4727 decipiant,
1925 4639 2101 4732 hivqui

526 4726 576 4780 in
606 4745 790 4787 errore
820 4745 943 4789 sunt
972 4738 1126 4807 positi
1157 4754 1409 4813 spargere
1439 4764 1542 4802 non
1570 4752 1865 4819 quiescunt.
1901 4726 2102 4811 Vide-tis

526 4824 698 4890 enim,
758 4826 893 4881 sirut
949 4846 1106 4899 supra
1156 4833 1263 4902 jam
1316 4836 1514 4894 dictum
1571 4853 1685 4908 est,
1739 4859 1834 4911 per
1886 4847 2100 4901 nomina

524 4917 1028 4988 pi'mvaricatorum,
1070 4925 1146 4993 si,
1192 4929 1334 4997 quod
1376 4930 1544 4998 absit,
1591 4934 1642 4987 in
1689 4936 1914 4991 ecclesia
1968 4940 2100 4992 reci-

522 5008 677 5060 tanda
712 5011 1014 5081 credantur,
1046 5018 1203 5073 simul
1234 5030 1284 5076 ct
1311 5027 1613 5095 contagium
1644 5032 2099 5097 prrevaricationis

522 5100 720 5169 induci,
763 5104 928 5160 Sedes
972 5120 1145 5165 autem
1178 5116 1463 5183 apostolica
1497 5119 1547 5171 in
1589 5131 1791 5175 tantum
1836 5140 1938 5178 non
1971 5140 2097 5181 con-

524 5195 792 5249 tumeliam
824 5197 999 5265 dolet,
1041 5204 1133 5259 sed
1167 5205 1322 5261 ﬁdem
1363 5208 1629 5279 defendit,
1664 5217 2094 5273 communionem

522 5290 815 5359 sinceram,
847 5302 903 5348 ut
935 5293 1092 5352 hodie
1120 5302 1295 5356 cuncti
1328 5304 1418 5373 qui
1461 5306 1510 5359 in
1542 5306 1657 5374 ejus
1684 5308 1781 5363 visi
1812 5321 1933 5366 sunt
1976 5328 2097 5381 pro-

518 5380 725 5449 rupisse
757 5384 1095 5456 despectum,
1131 5392 1175 5445 si
1207 5394 1271 5447 ad
1304 5394 1655 5467 integritatem
1700 5388 1820 5458 ﬁdei
1860 5380 2095 5461 commu-

596 5568 620 5594 ιι
682 5559 825 5641 lianc
891 5567 1285 5641 inscriptionem
1350 5573 1740 5636 illustrissimus
1808 5585 2094 5641 cardinalis

516 5624 780 5717 Domitius
824 5624 1131 5717 mendosam
1174 5624 1291 5705 esse

522 5699 719 5789 Agnitio
742 5706 955 5789 scripta
986 5709 1173 5789 fuerit;
1208 5699 1390 5770 vertt'm
1422 5699 1793 5789 eam'quainva

520 5771 586 5865 99
617 5771 905 5865 (ἓὲί’⁵³¹ῖίυ¹ίῖ
942 5771 1189 5865 scriptam
1224 5800 1380 5865 serra
1434 5771 1731 5865 ιίξςεθιῖειῐιῖ,
1767 5771 2095 5865 inritis}:

523 5844 752 5902 tionibus
782 5850 907 5904 tomi
937 5844 1128 5909 decimi
1159 5870 1185 5907 a
1233 5844 1405 5913 Felice
1451 5860 1511 5915 tv
1552 5844 1731 5919 datani
1775 5844 2098 5923 signa;

2220 3338 2427 3394 viscera
2447 3340 2635 3409 gratim
2661 3339 2873 3406 fratres,
2897 3351 2951 3395 et
2977 3341 3280 3410 eoepiscopi
3304 3342 3467 3396 nostri
3493 3357 3584 3409 per
3602 3342 3810 3397 Gallias

2218 3434 2526 3497 constituti,
2574 3433 2796 3487 caritate
2843 3443 2931 3487 tua
2983 3434 3262 3502 vulgaute,
3306 3442 3694 3501 cognosceret:
3740 3446 3804 3490 ct

2218 3522 2652 3578 desiderantibus
2679 3524 2917 3577 omnium
2952 3540 3045 3591 per
3074 3539 3204 3592 quos
3251 3534 3335 3578 tua
3381 3525 3575 3578 caritas
3605 3525 3809 3578 voluis-

2219 3624 2301 3669 set
2328 3654 2342 3679 ,
2373 3615 2598 3690 referret
2637 3627 2822 3670 mutuo
2851 3616 3162 3684 sospitatem
3184 3657 3197 3681 ,
3231 3624 3606 3685 constaretque
3633 3618 3809 3671 nulla-

2219 3716 2371 3760 tenus
2414 3707 2805 3776 quantumlibet
2845 3708 3044 3762 saeculo
3089 3708 3406 3763 detrahente
3447 3707 3655 3773 divelli,
3708 3710 3803 3763 sed

2217 3797 2534 3852 catholicam
2596 3784 2983 3867 professionem
3049 3816 3265 3855 manere
3328 3813 3540 3868 seraper
3595 3800 3794 3870 ubique

2215 3888 2573 3957 conjunctam.
2604 3889 2856 3943 Dominus
2889 3899 2937 3944 te
2971 3890 3286 3945 incolumem
3312 3892 3601 3955 custodiat,
3636 3894 3802 3947 frater

2215 3984 2512 4037 carissime.
2548 3983 2677 4039 Data
2728 4000 2754 4035 χ
2799 3984 3048 4039 calendas
3095 3984 3456 4053 Septembris,
3500 3986 3717 4039 Asterio
3748 3995 3802 4041 et

2215 4074 2471 4129 Praesidio
2521 4076 2649 4129 viris
2692 4076 3002 4130 clarissimis
3049 4077 3359 4131 consulibus
3406 4080 3566 4149 (anno
3604 4078 3803 4135 Christi

2214 4165 2363 4237 tot).

2270 4261 2331 4314 ΙΝ
2372 4256 2788 4329 SEQUENTE.“
2836 4256 3216 4314 EPISTOLAM
3263 4258 3732 4320 ΡΒΑΞΜΟΝΙΤΙΟ.

2286 4353 2533 4427 Epistula:
2564 4356 2718 4427 hujus
2764 4352 2960 4427 Gelasii
2983 4356 3049 4406 ad
3080 4353 3355 4427 Dardanos
3402 4356 3567 4423 [arma
3607 4358 3801 4427 duplex

2212 4425 2587 4496 circuntfertur,
2615 4424 2775 4496 altera
2803 4425 3018 4489 brevior,
3048 4425 3152 4477 alia
3178 4442 3291 4478 vero
3320 4426 3437 4479 hinc
3468 4429 3583 4481 inde
3610 4424 3799 4496 ampli-

2212 4493 2361 4559 ﬁcata
2394 4494 2648 4559 diffusior.
2684 4493 2786 4545 Pro
2817 4505 3026 4561 utraque
3053 4506 3184 4548 stant
3216 4507 3398 4549 t'eteres
3440 4514 3557 4551 mss.
3592 4493 3797 4553 codires

2210 4573 2450 4617 vetustate
2476 4575 2521 4616 et
2552 4565 2855 4633 antiquitate
2877 4576 3192 4633 pra’stantes.
3228 4566 3563 4621 Vetustissimi
3588 4580 3641 4621 ut
3665 4572 3798 4624 inter

2133 4627 2188 4689 D
2209 4643 2419 4688 steteras
2450 4627 2749 4705 Veronensis
2769 4647 2815 4687 et
2841 4627 2998 4689 cedet:
3026 4638 3295 4690 canonicus
3322 4648 3547 4705 perustus
3576 4656 3605 4691 a
3631 4641 3798 4705 Ques-

2212 4706 2345 4758 nello
2390 4704 2622 4774 vulgatus
2653 4706 2925 4758 breviorem
2956 4706 3253 4774 pra’ferunt.
3286 4704 3555 4761 Fusiorcm
3596 4704 3795 4764 exhibet

2210 4776 2550 4829 vetustissima
2580 4778 2804 4829 collectio
2848 4778 3089 4831 Avellana
3121 4780 3171 4829 in
3211 4777 3457 4830 Vaticana
3493 4778 3794 4834 bibliotlit't‘a

2210 4856 2434 4907 servata;
2467 4850 2587 4915 quin
2640 4857 2685 4900 et
2733 4845 3015 4901 Facundos
3049 4847 3435 4901 Hermianensis
3459 4865 3521 4901 ex
3564 4866 3621 4901 ea
3650 4854 3787 4905 testi-

2210 4920 2436 4969 monium
2466 4918 2703 4985 allegavit
2734 4916 2821 4969 lib.
2852 4932 2905 4981 ν,
2936 4934 3047 4987 cap.
3079 4919 3131 4970 4.
3167 4918 3302 4971 Hinc
3325 4928 3494 4971 natum
3524 4930 3793 4976 auctorum

2212 4987 2514 5049 dissidium;
2542 5004 2658 5040 nam
2708 4988 2797 5039 alii
2824 4989 3097 5059 auctiorem
3122 4989 3489 5059 interpolation
3528 4992 3790 5059 judicent,

2209 5059 2547 5112 sinceritatem
2600 5060 2685 5110 nni
2733 5059 2957 5125 epistolw
2998 5058 3209 5111 breviori
3247 5060 3574 5114 vindicantes.
3618 5058 3795 5116 Belle;

2208 5130 2309 5179 rini
2355 5139 2621 5198 utramque
2648 5130 2897 5181 sinceram
2928 5129 3239 5181 arbitrantur
3266 5131 3316 5181 in
3351 5130 3559 5184 Dissert.
3591 5133 3654 5184 de
3685 5136 3791 5186 Au-

2209 5200 2295 5264 tiq.
2331 5198 2537 5251 Collect.
2570 5215 2681 5250 cun.
2726 5209 2857 5267 part.
2891 5199 2944 5261 9,
2974 5215 3088 5270 cap.
3123 5201 3180 5252 Η
3212 5240 3227 5265 ,
3260 5200 3285 5267 §
3320 5201 3371 5265 5,
3402 5204 3495 5254 rati
3525 5202 3791 5257 Gelasium

2206 5270 2370 5337 primo
2398 5271 2598 5338 quidem
2629 5271 2901 5323 breviorem
2931 5270 3223 5338 scripsisse;
3257 5280 3361 5322 tum
3391 5275 3624 5326 secundis
3651 5276 3791 5329 curis

2206 5349 2407 5392 auctam
2432 5342 2731 5407 evulgasse;
2761 5339 2815 5391 id
2843 5357 2956 5393 vero
2988 5357 3086 5391 non
3115 5342 3261 5394 unico
3291 5342 3522 5410 exemiplo
3564 5346 3623 5395 ab
3652 5348 3790 5397 unli-

2204 5412 2317 5475 quis
2341 5416 2627 5477 pra’stitum
2658 5412 3021 5465 deinonstraut.
3054 5410 3183 5464 Vide
3214 5413 3326 5466 illos
3358 5415 3406 5465 in
3434 5413 3691 5469 Admonit.
3718 5419 3789 5470 ml

2204 5586 2414 5665 gnovit.
2462 5588 2689 5665 ideoque
2738 5590 3138 5665 relinquendam
3192 5608 3309 5649 esse
3369 5595 3544 5665 putavi
3595 5596 3788 5652 inscri-

2206 5656 2440 5731 ptionem
2474 5656 2711 5726 epistola:
2754 5656 2910 5725 hanc,
2946 5677 3099 5728 quam
3134 5667 3305 5731 priore
3331 5656 3558 5721 editione
3591 5670 3788 5722 tollen-

2204 5728 2325 5781 dam
2355 5742 2472 5807 essc
2499 5732 2775 5807 judicavit.
2805 5733 2974 5807 Spero
3018 5728 3153 5787 hanc
3196 5747 3428 5791 nostram
3462 5741 3787 5807 reCOgnitio-

2205 5814 2334 5877 nettt
2358 5798 2641 5877 Annalium
2676 5798 2921 5877 scriptori
2972 5814 3268 5877 pergratam
3303 5806 3441 5875 fore.
3476 5809 3561 5865 Ubi
3591 5798 3672 5877 fde
3718 5827 3782 5867 θα

2203 5870 2402 5925 certior
2430 5872 2600 5929 factus
2632 5876 2807 5928 fuerit.
2836 5872 2963 5930 Stav.
2992 5870 3188 5929 Brutus.
