4104 6356
578 345 644 401 es
1922 334 2189 391 GELASII
2228 333 2429 390 eam
2470 336 2489 389 t
3779 339 3863 398 σι

577 462 719 517 illius
749 460 831 513 vel
861 458 1251 514 communionis
1296 456 1551 511 exstitere
1596 456 1907 529 participes,
1942 454 2158 508 univer-
2185 454 2240 513 Α
2267 469 2333 509 ne
2358 469 2417 507 se
2469 469 2495 507 a
2540 467 2765 524 corpore
2809 454 3081 509 catholica:
3114 456 3329 510 unitatis
3366 455 3731 513 abscinderet:
3776 462 3857 514 si-

574 553 702 608 salis
750 551 984 607 Ecclesia
1038 551 1189 604 duxit
1234 563 1353 604 esse
1400 547 1736 603 refutandus.
1804 548 1893 603 Sic
1939 558 2155 618 propter

575 646 933 716 blaspltemias
978 644 1089 699 Arii
1137 644 1304 697 forma
1356 639 1478 696 ﬁdei
1520 639 2021 708 communionisque
2069 653 2157 694 ca-

577 738 807 805 tholicat,
852 735 1068 791 Nicamo
1099 733 1303 803 prolata
1329 739 1621 797 conventu,
1668 730 1902 785 Arianos
1933 745 2155 797 omnes,

575 831 660 886 vel
690 828 926 900 quisquis
970 828 1021 882 in
1072 825 1212 879 hanc
1239 834 1465 894 pestem,
1517 824 1632 877 sive
1678 822 1694 853 ⁸
1726 836 1994 877 consensu
2042 823 2156 877 sive

575 919 953 978 communione
979 916 1255 981 deciderit,
1284 914 1398 969 sine
1419 912 1796 969 retractatione
1825 915 1845 943 '
1868 912 2153 967 conclusit.

574 1012 665 1068 Sic
696 1009 1038 1073 Eunomium,
1089 1005 1492 1070 Macedonium,
1537 1004 1868 1068 Nestorium,
1916 1006 2155 1074 synodus

575 1105 745 1160 semel
781 1112 926 1174 gesta
973 1099 1358 1165 condemnatis,
1395 1098 1614 1153 ulterius
1653 1098 1719 1153 ad
1758 1112 1893 1153 nova
1931 1098 2155 1153 concilia

574 1196 761 1251 venire
785 1209 890 1248 non
924 1193 1082 1257 sivit;
1124 1191 1215 1246 sed
1249 1191 1531 1246 universos
1558 1204 1877 1259 quocunque
1908 1190 2067 1245 modo
2102 1190 2155 1244 in

577 1287 599 1320 ⁸
628 1288 745 1344 hac
773 1287 1042 1342 consortia
1072 1283 1395 1348 recidentes,
1435 1282 1631 1337 tradito
1657 1281 1756 1336 sibi
1787 1282 1952 1337 limite
1990 1297 2155 1353 syno-

577 1378 707 1442 dali,
739 1378 983 1433 refutavit
1028 1375 1297 1441 Ecclesia;
1345 1389 1444 1429 nee
1474 1389 1705 1444 unquam
1756 1383 1904 1430 recte
1931 1375 2158 1430 cessisse

578 1471 917 1526 manifestum
962 1478 1066 1535 est,
1095 1469 1332 1538 qualibet
1359 1467 1676 1523 necessitate
1702 1478 1927 1538 cogente
1956 1468 1979 1498 ‘
2007 1469 2157 1524 novis

578 1566 813 1632 ausibus,
837 1579 953 1634 qua:
976 1562 1188 1618 fuerant
1201 1561 1491 1615 salubriter
1507 1561 1817 1625 constituta,
1844 1572 2154 1616 temerasse.

579 1662 681 1733 [αι.
712 1661 826 1716 Νοη
859 1669 1035 1716 autem
1082 1675 1179 1714 nos
1226 1660 1353 1714 latet
1380 1658 1667 1728 plurimos,
1698 1656 1839 1729 etc.]
1871 1658 2156 1725 Propterea

578 1760 893 1822 tempestate
954 1765 1167 1820 quoque
1227 1749 1615 1819 persecutionis
1677 1747 1888 1802 Arianae
1943 1745 2156 1815 plurimi

2267 546 2482 615 mulque
2499 546 2746 616 quoniam
2772 546 2910 601 hunc
2932 546 3170 603 Joannes
3190 548 3437 601 secundae
3460 549 3604 601 sedis
3622 551 3856 605 antistes

2262 641 2512 710 gravibus
2532 642 2768 711 pulsaret
2787 642 3032 711 objectis,
3057 641 3121 696 ad
3147 644 3328 711 prima:
3355 641 3498 697 sedis
3518 642 3853 699 audientiam

2260 734 2570 789 cohortatus
2600 745 2703 798 est,
2729 736 2813 789 vel
2858 735 3042 789 venire
3068 734 3265 790 debere
3299 734 3383 787 vel
3431 735 3663 789 mittere.
3695 734 3856 791 Licet

2260 827 2400 882 enim
2430 828 2666 896 synodus
2700 826 2942 882 iteranda
2973 842 3078 883 non
3101 836 3265 891 esset,
3297 835 3474 881 tamen
3502 836 3852 897 congrueret,

2261 929 2319 975 ut
2343 919 2627 989 cujuslibet
2652 920 2884 975 civitatis
2905 920 3187 991 episcopus
3210 920 3397 991 primae
3420 920 3563 976 sedis
3579 920 3853 989 judicium

2262 1026 2365 1067 non
2398 1014 2606 1079 vitaret,
2636 1013 2701 1067 ad
2730 1012 2871 1079 quod
2915 1022 3241 1067 convenerat
3281 1013 3533 1068 secundae
3566 1013 3709 1067 sedis
3749 1029 3854 1067 an-

2261 1107 2431 1173 tistes,
2485 1107 2573 1176 qui
2636 1107 2735 1161 nisi
2784 1121 2813 1159 a
2864 1106 3034 1176 prima
3078 1107 3207 1161 sede
3250 1120 3356 1159 non
3415 1117 3596 1174 posset
3641 1105 3849 1170 audiri,

2194 1248 2199 1253 .
2263 1198 2303 1229 ”
2336 1198 2600 1267 prmcipue
2628 1200 2716 1269 qui
2757 1197 3113 1267 praejudicatis
3150 1197 3345 1251 animis
3384 1198 3527 1253 nulla
3564 1199 3775 1268 synodo
3818 1215 3849 1253 ει

2261 1289 2461 1345 Graecis
2488 1290 2969 1355 iuissetexclusus;
2990 1292 3151 1345 etiam
3181 1290 3319 1357 apud
3340 1304 3433 1345 eos
3454 1305 3666 1344 causam
3691 1304 3849 1345 suam

2263 1395 2359 1436 nec
2387 1391 2567 1449 posset
2589 1382 2811 1437 omnino
2837 1382 3037 1448 dicere,
3086 1396 3185 1437 nec
3214 1381 3471 1438 deberet:
3502 1383 3624 1452 quia
3659 1383 3727 1437 ab
3766 1382 3848 1436 in-
3934 1450 3949 1465 .

2263 1470 2543 1526 ferioribus
2565 1472 2830 1541 episcopis
2861 1473 3057 1543 potior,
3108 1473 3211 1528 nisi
3241 1488 3269 1526 a
3310 1472 3476 1543 prima
3525 1473 3653 1528 sede
3675 1473 3849 1544 (sicut

2261 1562 2462 1618 dictum
2511 1564 2743 1633 est)ch
2795 1565 2987 1619 discuti
3022 1565 3321 1633 potuisset,
3368 1565 3449 1619 vel
3494 1566 3538 1620 si
3589 1567 3661 1620 ita
3710 1567 3848 1619 ratio

2263 1655 2585 1723 postulasset
2633 1656 2803 1711 addici
2860 1658 3019 1711 etiam
3075 1657 3282 1712 cunctis
3330 1657 3690 1713 Orientalibus
3735 1660 3846 1727 epi-

2261 1747 2439 1815 scopis
2463 1762 2583 1801 cum
2616 1748 2732 1817 ipso
2756 1748 2949 1803 Aeacio
2980 1748 3029 1804 in
3062 1748 3205 1804 Petri
3232 1748 3667 1805 communionem
3701 1752 3843 1806 reci-

576 1844 821 1899 eatholici
848 1843 1157 1898 sacerdotes
1185 1841 1253 1897 de
1280 1841 1506 1910 exsiliis,
1539 1855 1669 1910 pace
1694 1838 1895 1894 reddita
1925 1880 1939 1904 ,
1992 1838 2160 1907 respi-
2190 1823 2235 1886 Β
2263 1837 2513 1894 dentibus
2538 1856 2657 1895 cum
2690 1841 2940 1897 secunda:
2963 1842 3104 1897 sedis
3134 1843 3415 1912 episcopus
3445 1844 3743 1899 catholicus
3774 1846 3841 1900 ab

575 1945 783 2001 rantes;
815 1934 916 2007 [aL
962 1949 1057 2003 per
1085 1943 1262 1989 certas
1291 1935 1588 2003 provincias
1617 1933 1951 2003 congregatis
1972 1948 2156 1988 secum

577 2028 828 2083 fratribus
875 2027 1133 2081 ecclesias
1171 2023 1559 2095 composuisse]
1590 2025 1669 2078 sic
1715 2039 1835 2078 cum
1880 2024 2159 2079 catholicis

577 2118 925 2174 nihilominus
953 2117 1201 2171 fratribus
1225 2116 1491 2171 Ecclesias
1516 2130 1866 2186 composuere
1896 2117 2159 2183 turbatas,

578 2219 634 2266 ut
662 2226 766 2265 non
794 2220 970 2263 tamen
1016 2209 1155 2263 illius
1185 2208 1374 2279 synodi
1418 2206 1647 2262 Niemna:
1674 2207 1927 2277 quidquid
1958 2208 2025 2263 de
2056 2208 2162 2263 ﬁde

579 2311 631 2357 et
678 2301 1051 2356 communione
1080 2298 1343 2356 catholica
1392 2308 1446 2354 et
1491 2301 1511 2329 ⁸
1542 2300 1833 2367 apostolica
1883 2300 2161 2357 deﬁnierat

578 2394 944 2456 immularent,
998 2407 1095 2447 nec
1146 2407 1279 2447 nova
1323 2407 1642 2461 quemquam
1675 2392 1976 2462 prolapsum
2004 2394 2157 2448 dam-

581 2484 791 2538 natione
818 2483 1174 2552 pcreellerent
1192 2524 1207 2547 ,
1242 2487 1336 2538 sed
1367 2482 1510 2538 illius
1536 2494 1719 2539 tenore
1746 2484 1945 2539 decreti
1966 2526 1981 2552 ,
2018 2484 2037 2515 ‘
2059 2485 2159 2540 nisi

580 2576 949 2644 resipuissent,
980 2586 1263 2631 censerent
1294 2574 1394 2647 [αι.
1422 2576 1821 2649 judicarcntur]
1854 2593 1975 2633 esse
2004 2577 2157 2633 dam-

578 2677 749 2723 natos.
789 2668 990 2735 Quibus
1025 2670 1404 2724 convenienter
1452 2670 1550 2741 (ut
1584 2670 1781 2725 dictum
1812 2670 1934 2739 est)
1963 2688 2029 2725 ex
2064 2688 2159 2742 pa-

579 2770 729 2816 terna
756 2763 1039 2817 traditione
1096 2764 1373 2832 perpensis
1399 2803 1414 2828 ,
1445 2764 1786 2832 conﬁdimus,
1817 2766 1953 2834 quod
1986 2765 2163 2821 nullus

581 2851 683 2921 jam
716 2854 972 2909 veraciter
1000 2854 1335 2909 Christianus
1378 2855 1586 2923 ignoret
1616 2856 2029 2927 uniuscujusque
2069 2872 2160 2926 sy-

582 2948 706 3003 nodi
735 2950 1083 3003 eonstitutum
1115 2949 1255 3019 quod
1290 2949 1602 3003 universalis
1632 2948 1886 3003 Ecclesia:
1917 2950 2162 3018 probavit

582 3056 863 3110 assensus,
898 3043 917 3073 ⁷
949 3058 1053 3097 non
1095 3044 1323 3113 aliquam
1358 3044 1525 3114 magis
1569 3045 1792 3114 exsequi
1824 3046 2003 3100 sedem
2054 3062 2162 3115 pra:

583 3133 792 3187 caeteris
818 3142 1085 3202 oportere,
1116 3150 1274 3205 quam
1306 3135 1552 3203 primam,
1580 3151 1700 3205 qua:
1727 3144 1781 3191 et
1811 3150 2158 3206 unamquam-

2261 1940 2501 1987 externa:
2540 1934 2933 1988 communionis
2987 1934 3290 1990 hominibus
3339 1945 3480 1990 esset
3540 1936 3842 1993 nullatenus

2258 2023 2600 2092 judicandus.
2640 2024 2745 2079 Sed
2784 2027 3011 2080 Aeacius
3054 2041 3157 2079 non
3198 2027 3371 2081 solum
3407 2026 3651 2096 despexit
3686 2030 3840 2083 satis~

2265 2114 2441 2169 facere
2472 2117 2771 2185 postulatis,
2803 2132 2987 2172 verum
3016 2118 3176 2172 etiam
3205 2118 3376 2188 ipsam
3407 2119 3720 2187 legationem
3750 2134 3831 2174 se-

2264 2208 2347 2263 dis
2399 2211 2705 2279 apostolicae
2757 2211 3155 2279 blandimentis,
3188 2211 3440 2280 praemiis,
3492 2211 3847 2281 perjuriisquo

2264 2298 2566 2368 deceptam,
2590 2300 2778 2369 quibus
2818 2303 2866 2355 ei
2894 2316 3013 2356 cum
3049 2302 3374 2371 imperatore
3416 2303 3682 2371 promisit,
3713 2304 3848 2359 inte«

2264 2405 2410 2459 gram
2458 2392 2700 2460 DRCSUIIS
2746 2393 3020 2462 apostolici
3073 2407 3289 2449 causam
3330 2392 3397 2449 de
3442 2394 3693 2450 omnibus
3732 2410 3849 2453 esse

2263 2484 2585 2540 servandam
2636 2483 2779 2539 Petri
2819 2486 3197 2541 communione
3235 2486 3489 2556 pollutam
3525 2486 3707 2543 redire
3732 2503 3850 2558 per-

2265 2575 2421 2640 l'ecit,
2469 2577 2521 2631 in
2562 2584 2762 2631 tantum
2806 2577 2951 2632 sedis
2988 2578 3298 2647 apostolica:
3339 2578 3646 2647 despiciens
3696 2589 3850 2648 pote-

2264 2679 2486 2736 statem,
2534 2681 2589 2726 ut
2632 2686 2735 2726 non
2782 2672 2952 2726 solum
2991 2673 3107 2741 ejus
3144 2673 3444 2726 auctoritati
3475 2686 3582 2727 non
3608 2672 3846 2729 cederet,

2266 2764 2355 2819 sed
2380 2764 2539 2819 etiam
2567 2765 2741 2834 potius
2773 2766 2825 2819 in
2848 2765 3175 2820 consortium
3198 2765 3591 2820 communionis
3611 2775 3849 2823 externa

2266 2872 2360 2924 per
2392 2857 2593 2925 legatos
2622 2871 2747 2913 suos
2785 2858 3049 2913 niteretur
3091 2858 3390 2922 abducere;
3435 2858 3694 2928 ﬁeretque
3722 2875 3847 2930 apo-

2265 2950 2467 3003 stolicae
2493 2950 2605 3004 sedi
2635 2950 2924 3006 necessitas
2946 2965 3038 3005 eos
3059 2951 3202 3021 ipsos
3226 2966 3359 3020 quos
3372 2951 3646 3009 direxerat
3668 2969 3847 3010 sacer-

2272 3040 2423 3095 dotes
2484 3041 2687 3097 honore
2740 3044 2936 3112 pariter
2981 3052 3034 3098 et
3078 3044 3452 3099 communione
3498 3044 3734 3114 privare,
3785 3062 3845 3102 ne

2269 3132 2360 3188 tali
2383 3134 2704 3203 contagione
2730 3133 3002 3190 videretur
3025 3134 3235 3201 infecta,
3265 3137 3502 3207 satisque
3527 3148 3850 3197 monstraret

584 3244 688 3298 que
732 3230 995 3300 synodum
1045 3244 1138 3283 sua
1187 3230 1502 3284 auctoritate
1545 3232 1848 3294 conﬁrmat,
1897 3240 1951 3285 et
1998 3232 2167 3286 conti-
2193 3204 2239 3267 C
2272 3240 2379 3279 non
2406 3241 2463 3279 se
2498 3224 2672 3281 AcaCii
2711 3227 3017 3295 specialiter
3058 3228 3237 3283 Odisse
3266 3244 3570 3299 personam.
3615 3231 3713 3286 sed
3758 3247 3849 3286 re-

584 3331 741 3375 nuata
782 3322 1148 3377 moderatione
1180 3322 1433 3387 custodit,
1462 3339 1557 3393 pro
1589 3338 1687 3378 suo
1718 3324 1919 3379 scilicet
1963 3325 2165 3393 princi-

583 3421 738 3482 patu,
772 3429 930 3484 quem
982 3415 1166 3469 beatus
1217 3414 1407 3471 Petrus
1451 3416 1727 3484 apostolus
1780 3416 1987 3469 Domini
2032 3430 2165 3473 voce

583 3514 927 3576 perceptum,
962 3506 1197 3562 Ecclesia
1233 3508 1578 3563 nihilominus
1621 3509 1978 3578 subsequente
2005 3518 2059 3564 et
2087 3521 2165 3564 te-

581 3598 697 3652 nuit
742 3613 953 3667 semper
997 3610 1049 3654 et
1097 3600 1310 3654 retinet.
1362 3599 1485 3655 llaec
1531 3601 1654 3654 dum
1708 3601 1956 3655 Acacium
2004 3601 2165 3655 certis

581 3692 925 3761 comperisset
971 3692 1177 3746 indiciis
1219 3694 1239 3723 ⁸
1281 3709 1309 3745 a
1352 3695 1728 3747 communione
1768 3695 2028 3748 catholica
2072 3695 2165 3748 de-

582 3781 779 3847 viasse,
806 3783 1006 3837 diutius
1036 3784 1132 3836 ista
1174 3798 1280 3836 non
1304 3784 1556 3852 credens,
1590 3784 1786 3853 quippe
1816 3801 1971 3852 quem
2002 3801 2162 3841 nove-

584 3878 666 3923 rat
707 3880 1075 3926 exsecutorem
1107 3888 1251 3943 saepe
1291 3873 1608 3928 necessaria:
1639 3874 2008 3944 diSpositionis
2053 3892 2164 3933 suae

583 3970 768 4015 contra
792 3962 1071 4017 haereticos
1088 3964 1379 4027 exstitisse,
1405 3980 1498 4033 per
1520 3966 1806 4020 triennium
1837 3967 1947 4022 fere
1973 3969 2164 4025 litteris

584 4052 860 4108 destinatis
885 4054 1131 4109 eumdem
1161 4070 1381 4111 monere
1413 4071 1519 4110 non
1552 4056 1776 4123 destitit,
1810 4060 1944 4113 sicut
1972 4075 2063 4128 per
2085 4060 2166 4115 di-

582 4161 765 4202 versos
781 4150 939 4203 missa
962 4151 982 4181 ⁹
1005 4147 1313 4219 frequenter
1344 4154 1540 4221 scripta
1563 4159 1841 4207 testantur.
1878 4154 1921 4183 "
1942 4185 2010 4193 —
2032 4156 2159 4222 Qui-

581 4238 677 4293 bus
704 4240 931 4295 illecum
974 4239 1282 4313 debito[al.
1333 4251 1578 4313 tanquam
1615 4243 1812 4315 debito]
1837 4244 2047 4301 silentio
2072 4248 2159 4301 diu

581 4346 687 4385 non
708 4333 1033 4401 respondere
1047 4344 1392 4403 proponeret,
1410 4337 1728 4405 episcopalis
1740 4352 1949 4407 quoque
1961 4339 2161 4393 directa

583 4422 775 4488 legatio
792 4432 898 4487 cst,
922 4438 984 4477 ac
1010 4424 1371 4478 nihilominus
1394 4426 1582 4494 pagina
1601 4428 1863 4481 destinata
1887 4444 2004 4496 quae
2029 4445 2162 4495 prte-

582 4522 820 4567 moneret
833 4529 953 4567 eum
970 4530 1186 4568 suorqu
1206 4526 1329 4569 ante
1346 4516 1656 4572 meminisse
1668 4529 1958 4587 gestorum.
1976 4529 2029 4574 et
2042 4536 2162 4589 quae

583 4602 825 4673 primitus
844 4620 937 4674 pro
959 4604 1059 4659 lide
1079 4608 1339 4661 catholica
1361 4608 1694 4674 desudasset,
1714 4620 1965 4680 oportere
1984 4615 2158 4682 respi-

2268 3333 2461 3387 spuere
2492 3317 2694 3374 {tedera
2724 3320 3053 3389 perditorum
3077 3338 3089 3373 :
3119 3336 3237 3392 qua:
3264 3324 3423 3377 etiam
3452 3323 3502 3377 in
3531 3325 3642 3377 suis
3669 3327 3851 3391 pontis

2270 3412 2456 3467 ﬁcibus
2485 3413 2745 3468 detestata
2776 3416 3163 3470 convenienter
3205 3415 3465 3484 horreret,
3497 3416 3849 3473 nihilominus

2267 3512 2442 3558 autem
2491 3504 2683 3559 litteris
2714 3505 2825 3559 suis
2856 3506 3083 3561 Aeacius
3117 3506 3403 3573 indicarat;
3436 3518 3487 3564 et
3528 3508 3581 3562 itt
3614 3510 3851 3564 Alexan-

2268 3595 2411 3647 drini
2465 3594 2612 3651 Petri
2652 3612 2711 3653 se
2751 3602 3206 3667 communionem,
3231 3617 3387 3671 quem
3430 3602 3671 3671 expetita
3710 3602 3851 3656 sedis

2268 3695 2574 3764 apostolicae
2615 3699 2930 3754 auctoritate
2972 3712 3255 3757 exsecutor
3300 3704 3415 3772 ipse
3444 3717 3661 3773 quoque
3703 3702 3850 3757 dam-

2268 3804 2505 3861 naverat,
2540 3796 2654 3852 sine
2684 3798 2925 3864 ejusdem
2956 3800 3264 3869 apostolica:
3292 3802 3438 3856 sedis
3460 3802 3851 3859 consultatione

2272 3902 2666 3968 promptissime
2708 3901 3002 3967 recidisse,
3052 3914 3107 3958 et
3154 3906 3544 3961 accusationem
3595 3906 3850 3973 Joannis,

2269 4000 2557 4071 laudesque
2589 4002 2730 4057 Petri
2763 4004 2978 4073 proprio
3001 4019 3250 4062 sermone
3275 4006 3506 4063 deferre.
3536 4009 3612 4065 De
3639 4009 3847 4079 quibus,

2269 4102 2310 4156 si
2342 4102 2520 4170 utique
2568 4103 2868 4163 conﬁdebat
2911 4106 3077 4175 magis
3106 4106 3189 4159 vel
3236 4107 3459 4175 venire,
3507 4110 3591 4163 vel
3640 4112 3853 4165 mittere

2267 4195 2560 4273 delinget,
2596 4214 2653 4259 ut
2683 4216 2737 4260 et
2768 4216 3087 4275 praesentem
3117 4206 3184 4262 de
3214 4208 3507 4264 mendaciis
3549 4225 3666 4279 qua:
3708 4210 3857 4265 ilice-

2268 4298 2357 4351 bat
2403 4307 2583 4366 posset
2622 4297 2902 4353 confutare
2943 4298 3236 4362 Joannem,
3294 4310 3347 4355 et
3397 4302 3663 4371 praeconia
3714 4301 3856 4358 Petri

2268 4414 2387 4467 qua:
2417 4400 2709 4466 digesserat
2757 4400 3145 4455 rationabiliter
3193 4402 3490 4473 allegaret,
3550 4404 3692 4474 quod
3733 4418 3858 4459 cum

2272 4506 2489 4562 minime
2535 4506 2741 4575 fecerit,
2772 4508 2901 4563 satis
2943 4508 3225 4564 evidenter
3253 4510 3509 4578 ostendit,
3544 4525 3643 4567 nec
3689 4511 3859 4564 .loan-

2272 4622 2391 4661 nem
2437 4621 2495 4661 se
2542 4621 2699 4676 posse
2748 4609 3094 4676 convincere,
3142 4624 3241 4665 nec
3289 4609 3527 4679 legitime
3574 4620 3858 4681 receptum

582 4710 724 4751 cere.
754 4696 1089 4766 Contestans,
1118 4707 1172 4755 et
1211 4699 1533 4758 blandiendo
1564 4704 1759 4773 pariter
1784 4716 1836 4761 et
1880 4707 2152 4777 minando,
2185 4700 2237 4761 D
2266 4711 2479 4766 Petrum
2514 4710 2710 4766 habere
2744 4711 2989 4766 ﬁduciam
3024 4712 3369 4781 perdocendi,
3420 4713 3704 4783 solumque
3754 4714 3860 4768 sibi

655 4878 667 4908 ¹
697 4878 771 4933 Id.
804 4881 949 4943 cod.,
976 4896 1141 4935 sensu.
1174 4895 1179 4907 '

652 4950 670 4979 ²
706 4950 779 5001 Id.
812 4952 955 5015 cod.,
986 4952 1264 5008 conﬂudit.

650 5018 671 5093 ξ
704 5019 778 5093 ltl.
807 5022 947 5083 cod.,
978 5023 1029 5073 in
1060 5025 1149 5074 ltus
1178 5024 1534 5093 blasphemiae.

652 5089 672 5118 ‘
704 5090 778 5143 Itl.
809 5093 952 5156 CtttI.,
983 5095 1189 5147 nouiter.

650 5161 670 5191 ⁸
699 5160 852 5213 Deest
881 5165 1168 5227 Apastolica
1200 5166 1249 5218 in
1282 5165 1469 5218 eodem
1499 5167 1618 5222 cod.

650 5232 670 5262 ‘
700 5231 775 5285 Id.
830 5234 975 5291 cod.,
1031 5234 1125 5285 nisi
1172 5237 1494 5304 resipuisset,
1544 5240 1779 5307 judicare
1828 5240 2150 5303 damnatum,

578 5311 814 5377 easetque
847 5318 1153 5377 consequens
1176 5344 1189 5367 ,
1238 5314 1293 5359 ut
1341 5306 1437 5358 nisi
1474 5306 1745 5377 corrigeret
1771 5353 1784 5377 ,
1836 5311 2151 5365 damnationi

579 5374 755 5448 procul
781 5372 934 5427 dubio
963 5374 1240 5448 subjaceret
1264 5392 1281 5442 ;
1310 5377 1518 5448 quibus,
1553 5372 1658 5435 etc.

653 5443 671 5472 ⁷
698 5444 774 5499 Id.
803 5448 947 5510 cod.,
981 5445 1195 5500 nullam.

699 5519 775 5576 Id.
799 5521 943 5587 cod.,
966 5540 998 5576 a
1017 5523 1253 5588 ueritate.

792 5594 936 5665 cod.,
964 5597 1309 5665 familiariter.

652 5657 696 5691 “
726 5657 936 5739 Inclusa
964 5657 1272 5736 parenthesi
1316 5684 1406 5739 per
1427 5669 1561 5723 duas
1593 5664 1759 5723 ferme
1806 5668 2023 5737 paginas
2052 5667 2155 5723 de-

578 5742 713 5807 Iunt
743 5732 793 5807 in
822 5732 1004 5792 codice
1029 5732 1349 5807 Veronensi,
1390 5753 1685 5806 eorumque
1712 5732 1827 5792 loco
1874 5732 2152 5805 Sequentia

578 5802 965 5867 Stilliieiuntur:
1013 5812 1202 5875 Quibus
1232 5816 1316 5870 ille
1339 5802 1563 5881 primum
1592 5802 1833 5877 tauquam
1862 5802 2031 5863 ded—ito
2075 5811 2147 5865 si-

2264 4892 2418 4945 lentio
2467 4892 2951 4965 niltilgrespondere
2998 4909 3282 4963 preponeus
3332 4896 3531 4965 tandem
3574 4896 3861 4965 aliquando

2266 4964 2431 5035 missis
2470 4962 2650 5015 litteris
2690 4963 2955 5035 profitetur
3004 4981 3055 5016 se
3094 4962 3441 5019 Alexandrino
3484 4962 3668 5030 Petro,
3706 4984 3860 5035 quem

2264 5034 2486 5099 expetita
2511 5034 2804 5107 apostolica:
2830 5034 2962 5086 sedis
2996 5036 3298 5107 auctoritate
3324 5047 3581 5090 exsecutor
3602 5034 3860 5107 ipseque-

2266 5120 2361 5171 que
2390 5108 2677 5166 damnarat,
2715 5104 2899 5172 absque
2925 5106 3060 5157 sedis
3098 5107 3391 5173 apostolica!
3420 5109 3600 5161 notitia
3622 5104 3860 5161 commu-

2264 5176 2447 5239 uiom’,
2479 5177 2781 5241 permixtum
2812 5191 2828 5227 .'
2862 5174 2989 5227 beati
3018 5186 3186 5229 autent
3218 5176 3358 5229 Petri
3384 5180 3545 5242 sedes,
3578 5194 3689 5244 qua:
3727 5180 3857 5233 Ale-

2261 5246 2466 5297 driuum
2496 5245 2703 5297 Petrum
2732 5248 3083 5297 tantummodo
3113 5250 3402 5310 damnasse,
3438 5266 3536 5301 non
3564 5251 3718 5303 etiam
3746 5251 3853 5301 sol-—

2263 5316 2391 5368 uisse
2423 5324 2646 5377 uouerat,
2678 5332 2779 5367 uou
2812 5318 3031 5383 recepit;
3062 5326 3209 5385 atque
3247 5319 3359 5369 ideo
3390 5336 3451 5373 ne
3480 5336 3569 5386 per
3608 5319 3855 5373 Acacium

2261 5388 2313 5437 iu
2367 5386 2513 5459 Petri
2556 5388 2861 5459 consortium
2906 5389 3191 5451 duceretur,
3242 5389 3404 5452 ipsum
3449 5406 3645 5459 quoque
3682 5408 3712 5441 a
3756 5407 3856 5444 sua

2260 5458 2613 5508 communione
2650 5457 2893 5508 submovit
2926 5468 2971 5508 et
3016 5459 3329 5510 multimodis
3361 5457 3785 5528 transgressorem
3820 5479 3859 5515 ο

2262 5544 2355 5579 sua
2383 5530 2615 5579 societate
2646 5528 3042 5595 fecitalicnunt.
3075 5528 3171 5581 llic
3196 5530 3240 5582 si
3272 5532 3610 5595 examinatio,
3643 5542 3747 5589 etc.
3777 5560 3856 5571 —

2260 5597 2367 5670 Nos
2396 5598 2693 5663 parenthesi
2715 5600 3028 5666 signum—,
3054 5610 3110 5653 ut
3137 5601 3303 5668 magis
3332 5604 3692 5670 perSpicnum,
3714 5603 3852 5658 sub—

2260 5668 2553 5723 SIituimus.
2587 5670 2735 5723 Ευιτ.

2300 5740 2373 5771 ’⁸⁸
2409 5739 2567 5795 Forte
2600 5756 2711 5796 cmn
2741 5744 3011 5812 pra’cipue.
3045 5741 3305 5797 "meum.
